  <div class='ocr_page' id='page_1' title='image "/cluster/home/n/w/nwhite01/storage/ocr_20150623/57/mdp.39015008622600/378.png"; bbox 0 0 4010 6128; ppageno 0'>
   <div class='ocr_carea' id='block_1_1' title="bbox 277 193 436 252">
    <p class='ocr_par' dir='ltr' id='par_1_1' title="bbox 277 193 436 252">
     <span class='ocr_line' id='line_1_1' title="bbox 277 193 436 252; baseline 0.013 -2"><span class='ocrx_word' id='word_1_1' title='bbox 277 193 436 252; x_wconf 58' lang='grc' dir='ltr'><strong><em>νηί.)</em></strong></span> 
     </span>
    </p>
   </div>
   <div class='ocr_carea' id='block_1_2' title="bbox 257 305 1912 382">
    <p class='ocr_par' dir='ltr' id='par_1_2' title="bbox 257 305 1912 382">
     <span class='ocr_line' id='line_1_2' title="bbox 257 305 1912 382; baseline -0.007 -13"><span class='ocrx_word' id='word_1_2' title='bbox 257 310 689 374; x_wconf 52' lang='lat' dir='ltr'><strong><em>‘comminari,</em></strong></span> <span class='ocrx_word' id='word_1_3' title='bbox 720 309 860 382; x_wconf 81' lang='lat' dir='ltr'><strong><em>quod</em></strong></span> <span class='ocrx_word' id='word_1_4' title='bbox 880 308 978 366; x_wconf 87' lang='lat' dir='ltr'><strong><em>ille</em></strong></span> <span class='ocrx_word' id='word_1_5' title='bbox 1004 307 1321 380; x_wconf 83' lang='lat' dir='ltr'><strong><em>plerumque</em></strong></span> <span class='ocrx_word' id='word_1_6' title='bbox 1362 306 1490 362; x_wconf 90' lang='lat' dir='ltr'><strong><em>facit</em></strong></span> <span class='ocrx_word' id='word_1_7' title='bbox 1513 307 1639 362; x_wconf 88' lang='lat' dir='ltr'><strong><em>dum</em></strong></span> <span class='ocrx_word' id='word_1_8' title='bbox 1675 305 1820 376; x_wconf 80' lang='lat' dir='ltr'><strong><em>leges</em></strong></span> <span class='ocrx_word' id='word_1_9' title='bbox 1857 313 1912 358; x_wconf 91' lang='lat' dir='ltr'><strong><em>et</em></strong></span> 
     </span>
    </p>
   </div>
   <div class='ocr_carea' id='block_1_3' title="bbox 271 401 803 472">
    <p class='ocr_par' dir='ltr' id='par_1_3' title="bbox 271 401 803 472">
     <span class='ocr_line' id='line_1_3' title="bbox 271 401 803 472; baseline -0.004 -16"><span class='ocrx_word' id='word_1_10' title='bbox 271 404 556 458; x_wconf 51' lang='lat' dir='ltr'><strong><em>&#39;consilia</em></strong></span> <span class='ocrx_word' id='word_1_11' title='bbox 582 401 803 472; x_wconf 75' lang='lat' dir='ltr'><strong><em>profert.</em></strong></span> 
     </span>
    </p>
   </div>
   <div class='ocr_carea' id='block_1_4' title="bbox 349 486 1912 563">
    <p class='ocr_par' dir='ltr' id='par_1_4' title="bbox 349 486 1912 563">
     <span class='ocr_line' id='line_1_4' title="bbox 349 486 1912 563; baseline -0.005 -17"><span class='ocrx_word' id='word_1_12' title='bbox 349 513 351 515; x_wconf 93' lang='grc'>·</span> <span class='ocrx_word' id='word_1_13' title='bbox 394 494 521 559; x_wconf 80' lang='lat' dir='ltr'><strong><em>Quo</em></strong></span> <span class='ocrx_word' id='word_1_14' title='bbox 544 510 689 547; x_wconf 82' lang='lat' dir='ltr'><strong><em>sensu</em></strong></span> <span class='ocrx_word' id='word_1_15' title='bbox 709 491 1022 561; x_wconf 79' lang='lat' dir='ltr'><strong><em>blasphemia</em></strong></span> <span class='ocrx_word' id='word_1_16' title='bbox 1041 491 1266 563; x_wconf 71' lang='lat' dir='ltr'><strong><em>Spiritus</em></strong></span> <span class='ocrx_word' id='word_1_17' title='bbox 1285 507 1384 545; x_wconf 85' lang='lat' dir='ltr'><strong><em>non</em></strong></span> <span class='ocrx_word' id='word_1_18' title='bbox 1409 490 1710 544; x_wconf 79' lang='lat' dir='ltr'><strong><em>remittatur.</em></strong></span> <span class='ocrx_word' id='word_1_19' title='bbox 1728 514 1801 526; x_wconf 88' lang='lat'><strong>—</strong></span> <span class='ocrx_word' id='word_1_20' title='bbox 1820 486 1912 539; x_wconf 79' lang='lat' dir='ltr'><strong><em>Vi-</em></strong></span> 
     </span>
    </p>
   </div>
   <div class='ocr_carea' id='block_1_5' title="bbox 288 577 1910 652">
    <p class='ocr_par' dir='ltr' id='par_1_5' title="bbox 288 577 1910 652">
     <span class='ocr_line' id='line_1_5' title="bbox 288 577 1910 652; baseline -0.004 -15"><span class='ocrx_word' id='word_1_21' title='bbox 288 585 492 640; x_wconf 71' lang='lat' dir='ltr'><strong><em>tfetur‘</em></strong></span> <span class='ocrx_word' id='word_1_22' title='bbox 518 593 692 638; x_wconf 87' lang='lat' dir='ltr'><strong><em>autem</em></strong></span> <span class='ocrx_word' id='word_1_23' title='bbox 737 584 786 637; x_wconf 91' lang='lat' dir='ltr'><strong><em>id</em></strong></span> <span class='ocrx_word' id='word_1_24' title='bbox 816 583 956 652; x_wconf 89' lang='lat' dir='ltr'><strong><em>quod</em></strong></span> <span class='ocrx_word' id='word_1_25' title='bbox 999 583 1196 638; x_wconf 90' lang='lat' dir='ltr'><strong><em>dictum</em></strong></span> <span class='ocrx_word' id='word_1_26' title='bbox 1239 591 1322 638; x_wconf 89' lang='lat' dir='ltr'><strong><em>est</em></strong></span> <span class='ocrx_word' id='word_1_27' title='bbox 1348 581 1632 635; x_wconf 91' lang='lat' dir='ltr'><strong><em>obscurum</em></strong></span> <span class='ocrx_word' id='word_1_28' title='bbox 1678 593 1795 633; x_wconf 91' lang='lat' dir='ltr'><strong><em>esse</em></strong></span> <span class='ocrx_word' id='word_1_29' title='bbox 1823 595 1836 631; x_wconf 89' lang='lat'><strong>:</strong></span> <span class='ocrx_word' id='word_1_30' title='bbox 1866 577 1910 630; x_wconf 87' lang='lat' dir='ltr'><strong><em>si</em></strong></span> 
     </span>
    </p>
   </div>
   <div class='ocr_carea' id='block_1_6' title="bbox 298 670 1913 740">
    <p class='ocr_par' dir='ltr' id='par_1_6' title="bbox 298 670 1913 740">
     <span class='ocr_line' id='line_1_6' title="bbox 298 670 1913 740; baseline -0.003 -14"><span class='ocrx_word' id='word_1_31' title='bbox 298 688 465 730; x_wconf 80' lang='lat' dir='ltr'><strong><em>vero</em></strong></span> <span class='ocrx_word' id='word_1_32' title='bbox 511 675 869 740; x_wconf 89' lang='lat' dir='ltr'><strong><em>attendamus,</em></strong></span> <span class='ocrx_word' id='word_1_33' title='bbox 915 675 1082 729; x_wconf 83' lang='lat' dir='ltr'><strong><em>facilis</em></strong></span> <span class='ocrx_word' id='word_1_34' title='bbox 1124 676 1227 729; x_wconf 88' lang='lat' dir='ltr'><strong><em>erit</em></strong></span> <span class='ocrx_word' id='word_1_35' title='bbox 1271 673 1489 728; x_wconf 92' lang='lat' dir='ltr'><strong><em>solutio.</em></strong></span> <span class='ocrx_word' id='word_1_36' title='bbox 1532 672 1713 726; x_wconf 90' lang='lat' dir='ltr'><strong><em>Primo</em></strong></span> <span class='ocrx_word' id='word_1_37' title='bbox 1755 670 1913 740; x_wconf 88' lang='lat' dir='ltr'><strong>igitur</strong></span> 
     </span>
    </p>
   </div>
   <div class='ocr_carea' id='block_1_7' title="bbox 279 761 1911 834">
    <p class='ocr_par' dir='ltr' id='par_1_7' title="bbox 279 761 1911 834">
     <span class='ocr_line' id='line_1_7' title="bbox 279 761 1911 834; baseline -0.004 -14"><span class='ocrx_word' id='word_1_38' title='bbox 279 767 455 834; x_wconf 62' lang='lat' dir='ltr'><strong><em>“ejus</em></strong></span> <span class='ocrx_word' id='word_1_39' title='bbox 477 777 601 821; x_wconf 88' lang='lat' dir='ltr'><strong><em>sunt</em></strong></span> <span class='ocrx_word' id='word_1_40' title='bbox 624 766 887 821; x_wconf 86' lang='lat' dir='ltr'><strong><em>audienda</em></strong></span> <span class='ocrx_word' id='word_1_41' title='bbox 914 766 1077 821; x_wconf 89' lang='lat' dir='ltr'><strong><em>verba</em></strong></span> <span class='ocrx_word' id='word_1_42' title='bbox 1106 785 1118 821; x_wconf 89' lang='lat'><strong>:</strong></span> <span class='ocrx_word' id='word_1_43' title='bbox 1149 766 1307 820; x_wconf 84' lang='lat' dir='ltr'><strong><em>Omne</em></strong></span> <span class='ocrx_word' id='word_1_44' title='bbox 1332 773 1590 834; x_wconf 79' lang='lat' dir='ltr'><strong><em>peceatum</em></strong></span> <span class='ocrx_word' id='word_1_45' title='bbox 1614 772 1660 817; x_wconf 90' lang='lat' dir='ltr'><strong><em>et</em></strong></span> <span class='ocrx_word' id='word_1_46' title='bbox 1676 761 1911 832; x_wconf 82' lang='lat' dir='ltr'><strong><em>blasphe-</em></strong></span> 
     </span>
    </p>
   </div>
   <div class='ocr_carea' id='block_1_8' title="bbox 282 854 1912 926">
    <p class='ocr_par' dir='ltr' id='par_1_8' title="bbox 282 854 1912 926">
     <span class='ocr_line' id='line_1_8' title="bbox 282 854 1912 926; baseline -0.002 -17"><span class='ocrx_word' id='word_1_47' title='bbox 282 857 434 911; x_wconf 75' lang='lat' dir='ltr'><strong><em>&#39;mia</em></strong></span> <span class='ocrx_word' id='word_1_48' title='bbox 463 856 739 911; x_wconf 82' lang='lat' dir='ltr'><strong><em>remittetur</em></strong></span> <span class='ocrx_word' id='word_1_49' title='bbox 761 857 1078 912; x_wconf 82' lang='lat' dir='ltr'><strong><em>hominibus:</em></strong></span> <span class='ocrx_word' id='word_1_50' title='bbox 1098 856 1409 926; x_wconf 78' lang='lat' dir='ltr'><strong><em>blasphemia</em></strong></span> <span class='ocrx_word' id='word_1_51' title='bbox 1430 871 1545 908; x_wconf 84' lang='lat' dir='ltr'><strong><em>vero</em></strong></span> <span class='ocrx_word' id='word_1_52' title='bbox 1568 854 1790 922; x_wconf 78' lang='lat' dir='ltr'><strong><em>Spiritus</em></strong></span> <span class='ocrx_word' id='word_1_53' title='bbox 1811 868 1912 906; x_wconf 82' lang='lat' dir='ltr'><strong><em>non</em></strong></span> 
     </span>
    </p>
   </div>
   <div class='ocr_carea' id='block_1_9' title="bbox 297 946 1911 1019">
    <p class='ocr_par' dir='ltr' id='par_1_9' title="bbox 297 946 1911 1019">
     <span class='ocr_line' id='line_1_9' title="bbox 297 946 1911 1019; baseline -0.002 -18"><span class='ocrx_word' id='word_1_54' title='bbox 297 951 613 1003; x_wconf 77' lang='lat' dir='ltr'><strong><em>remittetur</em></strong></span> <span class='ocrx_word' id='word_1_55' title='bbox 637 949 725 1002; x_wconf 88' lang='lat' dir='ltr'><strong><em>eis.</em></strong></span> <span class='ocrx_word' id='word_1_56' title='bbox 757 947 844 1002; x_wconf 73' lang='lat'><strong><em>32.</em></strong></span> <span class='ocrx_word' id='word_1_57' title='bbox 879 948 941 1001; x_wconf 84' lang='lat' dir='ltr'><strong><em>Et</em></strong></span> <span class='ocrx_word' id='word_1_58' title='bbox 969 949 1267 1019; x_wconf 79' lang='lat' dir='ltr'><strong><em>quicumque</em></strong></span> <span class='ocrx_word' id='word_1_59' title='bbox 1296 947 1483 1001; x_wconf 74' lang='lat' dir='ltr'><strong><em>dixerit</em></strong></span> <span class='ocrx_word' id='word_1_60' title='bbox 1511 946 1710 1000; x_wconf 80' lang='lat' dir='ltr'><strong><em>verbum</em></strong></span> <span class='ocrx_word' id='word_1_61' title='bbox 1735 954 1911 998; x_wconf 84' lang='lat' dir='ltr'><strong><em>contra</em></strong></span> 
     </span>
    </p>
   </div>
   <div class='ocr_carea' id='block_1_10' title="bbox 307 1037 1912 1109">
    <p class='ocr_par' dir='ltr' id='par_1_10' title="bbox 307 1037 1912 1109">
     <span class='ocr_line' id='line_1_10' title="bbox 307 1037 1912 1109; baseline -0.002 -15"><span class='ocrx_word' id='word_1_62' title='bbox 307 1041 533 1095; x_wconf 80' lang='lat' dir='ltr'><strong><em>Filium</em></strong></span> <span class='ocrx_word' id='word_1_63' title='bbox 568 1043 785 1096; x_wconf 78' lang='lat' dir='ltr'><strong><em>hominis</em></strong></span> <span class='ocrx_word' id='word_1_64' title='bbox 804 1081 818 1105; x_wconf 86' lang='lat'><strong><em>,</em></strong></span> <span class='ocrx_word' id='word_1_65' title='bbox 850 1043 1126 1095; x_wconf 81' lang='lat' dir='ltr'><strong><em>remittetur</em></strong></span> <span class='ocrx_word' id='word_1_66' title='bbox 1149 1044 1192 1094; x_wconf 92' lang='lat' dir='ltr'><strong><em>ei</em></strong></span> <span class='ocrx_word' id='word_1_67' title='bbox 1218 1057 1236 1094; x_wconf 90' lang='lat'><strong><em>:</em></strong></span> <span class='ocrx_word' id='word_1_68' title='bbox 1257 1041 1555 1109; x_wconf 85' lang='lat' dir='ltr'><strong><em>quicumque</em></strong></span> <span class='ocrx_word' id='word_1_69' title='bbox 1589 1054 1703 1091; x_wconf 83' lang='lat' dir='ltr'><strong><em>vero</em></strong></span> <span class='ocrx_word' id='word_1_70' title='bbox 1730 1037 1912 1091; x_wconf 78' lang='lat' dir='ltr'><strong><em>dixerit</em></strong></span> 
     </span>
    </p>
   </div>
   <div class='ocr_carea' id='block_1_11' title="bbox 289 1129 1912 1203">
    <p class='ocr_par' dir='ltr' id='par_1_11' title="bbox 289 1129 1912 1203">
     <span class='ocr_line' id='line_1_11' title="bbox 289 1129 1912 1203; baseline -0.002 -18"><span class='ocrx_word' id='word_1_71' title='bbox 289 1143 513 1186; x_wconf 68' lang='lat' dir='ltr'><strong><em>contra</em></strong></span> <span class='ocrx_word' id='word_1_72' title='bbox 539 1133 789 1203; x_wconf 84' lang='lat' dir='ltr'><strong><em>Spiritum</em></strong></span> <span class='ocrx_word' id='word_1_73' title='bbox 809 1142 1058 1196; x_wconf 85' lang='lat' dir='ltr'><strong><em>sanctum,</em></strong></span> <span class='ocrx_word' id='word_1_74' title='bbox 1077 1149 1176 1186; x_wconf 86' lang='lat' dir='ltr'><strong><em>non</em></strong></span> <span class='ocrx_word' id='word_1_75' title='bbox 1200 1133 1476 1186; x_wconf 85' lang='lat' dir='ltr'><strong><em>remittetur</em></strong></span> <span class='ocrx_word' id='word_1_76' title='bbox 1498 1131 1542 1184; x_wconf 89' lang='lat' dir='ltr'><strong><em>ei</em></strong></span> <span class='ocrx_word' id='word_1_77' title='bbox 1569 1146 1724 1201; x_wconf 89' lang='lat' dir='ltr'><strong><em>neque</em></strong></span> <span class='ocrx_word' id='word_1_78' title='bbox 1743 1131 1795 1183; x_wconf 85' lang='lat' dir='ltr'><strong><em>in</em></strong></span> <span class='ocrx_word' id='word_1_79' title='bbox 1818 1129 1912 1182; x_wconf 83' lang='lat' dir='ltr'><strong><em>hoc</em></strong></span> 
     </span>
    </p>
   </div>
   <div class='ocr_carea' id='block_1_12' title="bbox 303 1220 1911 1295">
    <p class='ocr_par' dir='ltr' id='par_1_12' title="bbox 303 1220 1911 1295">
     <span class='ocr_line' id='line_1_12' title="bbox 303 1220 1911 1295; baseline -0.003 -16"><span class='ocrx_word' id='word_1_80' title='bbox 303 1227 552 1292; x_wconf 65' lang='lat' dir='ltr'><strong><em>scutulo,</em></strong></span> <span class='ocrx_word' id='word_1_81' title='bbox 584 1241 741 1295; x_wconf 86' lang='lat' dir='ltr'><strong><em>neque</em></strong></span> <span class='ocrx_word' id='word_1_82' title='bbox 776 1226 829 1278; x_wconf 90' lang='lat' dir='ltr'><strong><em>in</em></strong></span> <span class='ocrx_word' id='word_1_83' title='bbox 861 1227 1051 1294; x_wconf 86' lang='lat' dir='ltr'><strong><em>futuro.</em></strong></span> <span class='ocrx_word' id='word_1_84' title='bbox 1081 1223 1216 1291; x_wconf 86' lang='lat' dir='ltr'><strong><em>Quid</em></strong></span> <span class='ocrx_word' id='word_1_85' title='bbox 1262 1223 1362 1277; x_wconf 87' lang='lat' dir='ltr'><strong><em>sibi</em></strong></span> <span class='ocrx_word' id='word_1_86' title='bbox 1407 1223 1520 1275; x_wconf 83' lang='lat' dir='ltr'><strong><em>vult.</em></strong></span> <span class='ocrx_word' id='word_1_87' title='bbox 1557 1221 1726 1290; x_wconf 88' lang='lat' dir='ltr'><strong><em>ergo?</em></strong></span> <span class='ocrx_word' id='word_1_88' title='bbox 1751 1220 1911 1274; x_wconf 86' lang='lat' dir='ltr'><strong><em>lllulla</em></strong></span> 
     </span>
    </p>
   </div>
   <div class='ocr_carea' id='block_1_13' title="bbox 303 1310 1909 1380">
    <p class='ocr_par' dir='ltr' id='par_1_13' title="bbox 303 1310 1909 1380">
     <span class='ocr_line' id='line_1_13' title="bbox 303 1310 1909 1380; baseline -0.003 -12"><span class='ocrx_word' id='word_1_89' title='bbox 303 1325 520 1368; x_wconf 87' lang='lat' dir='ltr'><strong><em>contra</em></strong></span> <span class='ocrx_word' id='word_1_90' title='bbox 552 1331 636 1369; x_wconf 90' lang='lat' dir='ltr'><strong><em>me</em></strong></span> <span class='ocrx_word' id='word_1_91' title='bbox 664 1314 871 1368; x_wconf 75' lang='lat' dir='ltr'><strong>dixistis</strong></span> <span class='ocrx_word' id='word_1_92' title='bbox 891 1354 906 1378; x_wconf 95' lang='lat'><strong><em>,</em></strong></span> <span class='ocrx_word' id='word_1_93' title='bbox 939 1313 1276 1368; x_wconf 79' lang='lat' dir='ltr'><strong><em>seductorem</em></strong></span> <span class='ocrx_word' id='word_1_94' title='bbox 1307 1312 1524 1380; x_wconf 91' lang='lat' dir='ltr'><strong><em>Deoque</em></strong></span> <span class='ocrx_word' id='word_1_95' title='bbox 1548 1310 1909 1364; x_wconf 86' lang='lat' dir='ltr'><strong><em>adversarium</em></strong></span> 
     </span>
    </p>
   </div>
   <div class='ocr_carea' id='block_1_14' title="bbox 277 1403 1912 1473">
    <p class='ocr_par' dir='ltr' id='par_1_14' title="bbox 277 1403 1912 1473">
     <span class='ocr_line' id='line_1_14' title="bbox 277 1403 1912 1473; baseline 0 -17"><span class='ocrx_word' id='word_1_96' title='bbox 277 1407 581 1460; x_wconf 75' lang='lat' dir='ltr'><strong><em>&#39;vocastis.</em></strong></span> <span class='ocrx_word' id='word_1_97' title='bbox 609 1404 733 1459; x_wconf 77' lang='lat' dir='ltr'><strong><em>lla-e</em></strong></span> <span class='ocrx_word' id='word_1_98' title='bbox 750 1405 902 1459; x_wconf 88' lang='lat' dir='ltr'><strong>vobis</strong></span> <span class='ocrx_word' id='word_1_99' title='bbox 929 1403 1308 1473; x_wconf 67' lang='lat' dir='ltr'><strong><em>paenitentibus</em></strong></span> <span class='ocrx_word' id='word_1_100' title='bbox 1330 1403 1566 1466; x_wconf 91' lang='lat' dir='ltr'><strong><em>remitto,</em></strong></span> <span class='ocrx_word' id='word_1_101' title='bbox 1600 1416 1771 1471; x_wconf 87' lang='lat' dir='ltr'><strong><em>neque</em></strong></span> <span class='ocrx_word' id='word_1_102' title='bbox 1799 1416 1912 1470; x_wconf 77' lang='lat' dir='ltr'><strong><em>pte-</em></strong></span> 
     </span>
    </p>
   </div>
   <div class='ocr_carea' id='block_1_15' title="bbox 301 1493 1907 1566">
    <p class='ocr_par' dir='ltr' id='par_1_15' title="bbox 301 1493 1907 1566">
     <span class='ocr_line' id='line_1_15' title="bbox 301 1493 1907 1566; baseline -0.002 -16"><span class='ocrx_word' id='word_1_103' title='bbox 301 1511 425 1550; x_wconf 84' lang='lat' dir='ltr'><strong><em>nas</em></strong></span> <span class='ocrx_word' id='word_1_104' title='bbox 453 1505 680 1566; x_wconf 79' lang='lat' dir='ltr'><strong><em>expeto;</em></strong></span> <span class='ocrx_word' id='word_1_105' title='bbox 710 1496 1036 1565; x_wconf 81' lang='lat' dir='ltr'><strong>blasphemia</strong></span> <span class='ocrx_word' id='word_1_106' title='bbox 1082 1503 1259 1549; x_wconf 92' lang='lat' dir='ltr'><strong><em>autem</em></strong></span> <span class='ocrx_word' id='word_1_107' title='bbox 1299 1493 1526 1564; x_wconf 87' lang='lat' dir='ltr'><strong>Spiritus</strong></span> <span class='ocrx_word' id='word_1_108' title='bbox 1571 1509 1677 1547; x_wconf 91' lang='lat' dir='ltr'><strong><em>non</em></strong></span> <span class='ocrx_word' id='word_1_109' title='bbox 1723 1493 1907 1547; x_wconf 90' lang='lat' dir='ltr'><strong><em>remit-</em></strong></span> 
     </span>
    </p>
   </div>
   <div class='ocr_carea' id='block_1_16' title="bbox 305 1586 1909 1657">
    <p class='ocr_par' dir='ltr' id='par_1_16' title="bbox 305 1586 1909 1657">
     <span class='ocr_line' id='line_1_16' title="bbox 305 1586 1909 1657; baseline -0.001 -15"><span class='ocrx_word' id='word_1_110' title='bbox 305 1589 482 1650; x_wconf 80' lang='lat' dir='ltr'><strong><em>titur,</em></strong></span> <span class='ocrx_word' id='word_1_111' title='bbox 507 1604 573 1642; x_wconf 90' lang='lat' dir='ltr'><strong><em>ne</em></strong></span> <span class='ocrx_word' id='word_1_112' title='bbox 605 1588 981 1657; x_wconf 65' lang='lat' dir='ltr'><strong><em>paenitentibus</em></strong></span> <span class='ocrx_word' id='word_1_113' title='bbox 1007 1587 1238 1656; x_wconf 86' lang='lat' dir='ltr'><strong><em>quidem.</em></strong></span> <span class='ocrx_word' id='word_1_114' title='bbox 1279 1586 1347 1640; x_wconf 91' lang='lat' dir='ltr'><strong><em>Et</em></strong></span> <span class='ocrx_word' id='word_1_115' title='bbox 1385 1600 1485 1656; x_wconf 87' lang='lat' dir='ltr'><strong><em>qua</em></strong></span> <span class='ocrx_word' id='word_1_116' title='bbox 1525 1587 1730 1640; x_wconf 87' lang='lat' dir='ltr'><strong><em>ratione</em></strong></span> <span class='ocrx_word' id='word_1_117' title='bbox 1767 1594 1909 1641; x_wconf 85' lang='lat' dir='ltr'><strong><em>stare</em></strong></span> 
     </span>
    </p>
   </div>
   <div class='ocr_carea' id='block_1_17' title="bbox 303 1659 1908 1748">
    <p class='ocr_par' dir='ltr' id='par_1_17' title="bbox 303 1659 1908 1748">
     <span class='ocr_line' id='line_1_17' title="bbox 303 1659 1908 1748; baseline -0.001 -16"><span class='ocrx_word' id='word_1_118' title='bbox 303 1680 505 1748; x_wconf 84' lang='lat' dir='ltr'><strong>possit</strong></span> <span class='ocrx_word' id='word_1_119' title='bbox 543 1659 668 1731; x_wconf 89' lang='lat' dir='ltr'><strong><em>illud</em></strong></span> <span class='ocrx_word' id='word_1_120' title='bbox 687 1677 709 1729; x_wconf 86' lang='lat'><strong><em>‘?</em></strong></span> <span class='ocrx_word' id='word_1_121' title='bbox 731 1677 864 1731; x_wconf 85' lang='lat' dir='ltr'><strong><em>Nam</em></strong></span> <span class='ocrx_word' id='word_1_122' title='bbox 889 1685 941 1731; x_wconf 91' lang='lat' dir='ltr'><strong><em>et</em></strong></span> <span class='ocrx_word' id='word_1_123' title='bbox 971 1676 1071 1730; x_wconf 92' lang='lat' dir='ltr'><strong>hoc</strong></span> <span class='ocrx_word' id='word_1_124' title='bbox 1109 1685 1381 1745; x_wconf 90' lang='lat' dir='ltr'><strong><em>peccatum</em></strong></span> <span class='ocrx_word' id='word_1_125' title='bbox 1411 1677 1792 1746; x_wconf 82' lang='lat' dir='ltr'><strong><em>paenitentibus</em></strong></span> <span class='ocrx_word' id='word_1_126' title='bbox 1818 1691 1908 1731; x_wconf 89' lang='lat' dir='ltr'><strong><em>re-</em></strong></span> 
     </span>
    </p>
   </div>
   <div class='ocr_carea' id='block_1_18' title="bbox 271 1767 1904 1837">
    <p class='ocr_par' dir='ltr' id='par_1_18' title="bbox 271 1767 1904 1837">
     <span class='ocr_line' id='line_1_18' title="bbox 271 1767 1904 1837; baseline -0.002 -13"><span class='ocrx_word' id='word_1_127' title='bbox 271 1771 552 1824; x_wconf 84' lang='lat' dir='ltr'><strong><em>‘missum</em></strong></span> <span class='ocrx_word' id='word_1_128' title='bbox 594 1769 710 1824; x_wconf 90' lang='lat' dir='ltr'><strong><em>fuit.</em></strong></span> <span class='ocrx_word' id='word_1_129' title='bbox 752 1769 900 1823; x_wconf 84' lang='lat' dir='ltr'><strong>Multi</strong></span> <span class='ocrx_word' id='word_1_130' title='bbox 932 1769 1072 1823; x_wconf 90' lang='lat' dir='ltr'><strong><em>enim</em></strong></span> <span class='ocrx_word' id='word_1_131' title='bbox 1107 1783 1311 1832; x_wconf 87' lang='lat' dir='ltr'><strong><em>eorum,</em></strong></span> <span class='ocrx_word' id='word_1_132' title='bbox 1349 1769 1438 1837; x_wconf 90' lang='lat' dir='ltr'><strong>qui</strong></span> <span class='ocrx_word' id='word_1_133' title='bbox 1482 1767 1601 1820; x_wconf 91' lang='lat' dir='ltr'><strong>talia</strong></span> <span class='ocrx_word' id='word_1_134' title='bbox 1636 1767 1904 1831; x_wconf 83' lang='lat' dir='ltr'><strong><em>dixerunt,</em></strong></span> 
     </span>
    </p>
   </div>
   <div class='ocr_carea' id='block_1_19' title="bbox 273 1847 1954 1933">
    <p class='ocr_par' dir='ltr' id='par_1_19' title="bbox 273 1847 1954 1933">
     <span class='ocr_line' id='line_1_19' title="bbox 273 1847 1954 1933; baseline -0.002 -16"><span class='ocrx_word' id='word_1_135' title='bbox 273 1872 514 1933; x_wconf 82' lang='lat' dir='ltr'><strong>&#39;postea</strong></span> <span class='ocrx_word' id='word_1_136' title='bbox 534 1863 894 1928; x_wconf 90' lang='lat' dir='ltr'><strong><em>crediderunt,</em></strong></span> <span class='ocrx_word' id='word_1_137' title='bbox 923 1862 1208 1930; x_wconf 85' lang='lat' dir='ltr'><strong><em>omniaque</em></strong></span> <span class='ocrx_word' id='word_1_138' title='bbox 1227 1861 1352 1929; x_wconf 91' lang='lat' dir='ltr'><strong>ipsis</strong></span> <span class='ocrx_word' id='word_1_139' title='bbox 1368 1860 1588 1914; x_wconf 90' lang='lat' dir='ltr'><strong><em>remissa</em></strong></span> <span class='ocrx_word' id='word_1_140' title='bbox 1609 1869 1750 1914; x_wconf 91' lang='lat' dir='ltr'><strong><em>sunt.</em></strong></span> <span class='ocrx_word' id='word_1_141' title='bbox 1770 1859 1907 1926; x_wconf 83' lang='lat' dir='ltr'><strong><em>Quid</em></strong></span> <span class='ocrx_word' id='word_1_142' title='bbox 1951 1847 1954 1850; x_wconf 54' lang='grc'><strong>’</strong></span> 
     </span>
    </p>
   </div>
   <div class='ocr_carea' id='block_1_20' title="bbox 268 1950 1909 2023">
    <p class='ocr_par' dir='ltr' id='par_1_20' title="bbox 268 1950 1909 2023">
     <span class='ocr_line' id='line_1_20' title="bbox 268 1950 1909 2023; baseline -0.001 -17"><span class='ocrx_word' id='word_1_143' title='bbox 268 1952 490 2023; x_wconf 74' lang='lat' dir='ltr'><strong><em>&#39;igitur</em></strong></span> <span class='ocrx_word' id='word_1_144' title='bbox 525 1954 614 2010; x_wconf 89' lang='lat' dir='ltr'><strong><em>hic</em></strong></span> <span class='ocrx_word' id='word_1_145' title='bbox 645 1953 804 2008; x_wconf 82' lang='lat' dir='ltr'><strong><em>dicit?</em></strong></span> <span class='ocrx_word' id='word_1_146' title='bbox 841 1950 1043 2022; x_wconf 86' lang='lat' dir='ltr'><strong><em>Nempe</em></strong></span> <span class='ocrx_word' id='word_1_147' title='bbox 1087 1953 1199 2008; x_wconf 60' lang='lat' dir='ltr'><strong><em>‘boc</em></strong></span> <span class='ocrx_word' id='word_1_148' title='bbox 1245 1958 1533 2022; x_wconf 89' lang='lat' dir='ltr'><strong><em>peccatum</em></strong></span> <span class='ocrx_word' id='word_1_149' title='bbox 1574 1952 1909 2022; x_wconf 44' lang='lat' dir='ltr'><strong><em>&#39;przc‘omni-</em></strong></span> 
     </span>
    </p>
   </div>
   <div class='ocr_carea' id='block_1_21' title="bbox 305 2040 1908 2112">
    <p class='ocr_par' dir='ltr' id='par_1_21' title="bbox 305 2040 1908 2112">
     <span class='ocr_line' id='line_1_21' title="bbox 305 2040 1908 2112; baseline -0.002 -15"><span class='ocrx_word' id='word_1_150' title='bbox 305 2044 428 2098; x_wconf 86' lang='lat' dir='ltr'><strong><em>bus</em></strong></span> <span class='ocrx_word' id='word_1_151' title='bbox 458 2045 611 2098; x_wconf 85' lang='lat' dir='ltr'><strong><em>venia</em></strong></span> <span class='ocrx_word' id='word_1_152' title='bbox 635 2056 840 2096; x_wconf 88' lang='lat' dir='ltr'><strong><em>carere.</em></strong></span> <span class='ocrx_word' id='word_1_153' title='bbox 874 2045 983 2112; x_wconf 89' lang='lat' dir='ltr'><strong><em>Qua</em></strong></span> <span class='ocrx_word' id='word_1_154' title='bbox 1007 2042 1072 2095; x_wconf 89' lang='lat' dir='ltr'><strong><em>de</em></strong></span> <span class='ocrx_word' id='word_1_155' title='bbox 1089 2041 1281 2094; x_wconf 90' lang='lat' dir='ltr'><strong><em>causa?</em></strong></span> <span class='ocrx_word' id='word_1_156' title='bbox 1298 2040 1429 2106; x_wconf 85' lang='lat' dir='ltr'><strong>Quia</strong></span> <span class='ocrx_word' id='word_1_157' title='bbox 1451 2041 1567 2108; x_wconf 87' lang='lat' dir='ltr'><strong><em>quis</em></strong></span> <span class='ocrx_word' id='word_1_158' title='bbox 1584 2049 1725 2094; x_wconf 85' lang='lat' dir='ltr'><strong>esset</strong></span> <span class='ocrx_word' id='word_1_159' title='bbox 1753 2040 1908 2094; x_wconf 88' lang='lat' dir='ltr'><strong>Chri-</strong></span> 
     </span>
    </p>
   </div>
   <div class='ocr_carea' id='block_1_22' title="bbox 304 2137 1904 2207">
    <p class='ocr_par' dir='ltr' id='par_1_22' title="bbox 304 2137 1904 2207">
     <span class='ocr_line' id='line_1_22' title="bbox 304 2137 1904 2207; baseline 0 -16"><span class='ocrx_word' id='word_1_160' title='bbox 304 2148 443 2193; x_wconf 87' lang='lat' dir='ltr'><strong>stus</strong></span> <span class='ocrx_word' id='word_1_161' title='bbox 475 2137 785 2207; x_wconf 89' lang='lat' dir='ltr'><strong><em>iguorabant</em></strong></span> <span class='ocrx_word' id='word_1_162' title='bbox 810 2156 824 2191; x_wconf 90' lang='lat'><strong>:</strong></span> <span class='ocrx_word' id='word_1_163' title='bbox 870 2138 1100 2206; x_wconf 88' lang='lat' dir='ltr'><strong>Spiritus</strong></span> <span class='ocrx_word' id='word_1_164' title='bbox 1121 2151 1247 2191; x_wconf 83' lang='lat' dir='ltr'><strong><em>vero</em></strong></span> <span class='ocrx_word' id='word_1_165' title='bbox 1273 2146 1647 2207; x_wconf 89' lang='lat' dir='ltr'><strong><em>congruentem</em></strong></span> <span class='ocrx_word' id='word_1_166' title='bbox 1671 2137 1780 2206; x_wconf 89' lang='lat' dir='ltr'><strong><em>jam</em></strong></span> <span class='ocrx_word' id='word_1_167' title='bbox 1805 2153 1904 2191; x_wconf 91' lang='lat' dir='ltr'><strong><em>no-</em></strong></span> 
     </span>
    </p>
   </div>
   <div class='ocr_carea' id='block_1_23' title="bbox 267 2227 1906 2300">
    <p class='ocr_par' dir='ltr' id='par_1_23' title="bbox 267 2227 1906 2300">
     <span class='ocr_line' id='line_1_23' title="bbox 267 2227 1906 2300; baseline 0.004 -20"><span class='ocrx_word' id='word_1_168' title='bbox 267 2235 274 2242; x_wconf 92' lang='lat'><strong>‘</strong></span> <span class='ocrx_word' id='word_1_169' title='bbox 303 2229 497 2281; x_wconf 77' lang='lat' dir='ltr'><strong><em>titiam</em></strong></span> <span class='ocrx_word' id='word_1_170' title='bbox 520 2237 854 2297; x_wconf 90' lang='lat' dir='ltr'><strong><em>acceperant.</em></strong></span> <span class='ocrx_word' id='word_1_171' title='bbox 879 2227 1148 2298; x_wconf 89' lang='lat' dir='ltr'><strong><em>Siquidem</em></strong></span> <span class='ocrx_word' id='word_1_172' title='bbox 1164 2243 1265 2298; x_wconf 89' lang='lat' dir='ltr'><strong><em>per</em></strong></span> <span class='ocrx_word' id='word_1_173' title='bbox 1282 2243 1404 2282; x_wconf 90' lang='lat' dir='ltr'><strong><em>cum</em></strong></span> <span class='ocrx_word' id='word_1_174' title='bbox 1434 2229 1704 2298; x_wconf 73' lang='lat' dir='ltr'><strong><em>propheta:</em></strong></span> <span class='ocrx_word' id='word_1_175' title='bbox 1726 2232 1906 2300; x_wconf 88' lang='lat' dir='ltr'><strong><em>loque-</em></strong></span> 
     </span>
    </p>
   </div>
   <div class='ocr_carea' id='block_1_24' title="bbox 305 2320 1901 2391">
    <p class='ocr_par' dir='ltr' id='par_1_24' title="bbox 305 2320 1901 2391">
     <span class='ocr_line' id='line_1_24' title="bbox 305 2320 1901 2391; baseline 0.002 -17"><span class='ocrx_word' id='word_1_176' title='bbox 305 2321 542 2386; x_wconf 83' lang='lat' dir='ltr'><strong>bantur,</strong></span> <span class='ocrx_word' id='word_1_177' title='bbox 569 2330 623 2374; x_wconf 91' lang='lat' dir='ltr'><strong><em>et</em></strong></span> <span class='ocrx_word' id='word_1_178' title='bbox 649 2321 700 2374; x_wconf 94' lang='lat' dir='ltr'><strong><em>in</em></strong></span> <span class='ocrx_word' id='word_1_179' title='bbox 725 2321 891 2375; x_wconf 87' lang='lat' dir='ltr'><strong><em>veteri</em></strong></span> <span class='ocrx_word' id='word_1_180' title='bbox 918 2321 1035 2391; x_wconf 89' lang='lat' dir='ltr'><strong><em>lege</em></strong></span> <span class='ocrx_word' id='word_1_181' title='bbox 1059 2335 1245 2375; x_wconf 91' lang='lat' dir='ltr'><strong><em>omnes</em></strong></span> <span class='ocrx_word' id='word_1_182' title='bbox 1270 2322 1430 2374; x_wconf 88' lang='lat' dir='ltr'><strong><em>multa</em></strong></span> <span class='ocrx_word' id='word_1_183' title='bbox 1449 2320 1516 2376; x_wconf 91' lang='lat' dir='ltr'><strong><em>de</em></strong></span> <span class='ocrx_word' id='word_1_184' title='bbox 1535 2322 1656 2390; x_wconf 89' lang='lat' dir='ltr'><strong>ipso</strong></span> <span class='ocrx_word' id='word_1_185' title='bbox 1681 2337 1901 2391; x_wconf 83' lang='lat' dir='ltr'><strong><em>accepe-</em></strong></span> 
     </span>
    </p>
   </div>
   <div class='ocr_carea' id='block_1_25' title="bbox 283 2409 1903 2482">
    <p class='ocr_par' dir='ltr' id='par_1_25' title="bbox 283 2409 1903 2482">
     <span class='ocr_line' id='line_1_25' title="bbox 283 2409 1903 2482; baseline 0.003 -17"><span class='ocrx_word' id='word_1_186' title='bbox 283 2418 448 2465; x_wconf 52' lang='lat' dir='ltr'><strong><em>‘raut</em></strong></span> <span class='ocrx_word' id='word_1_187' title='bbox 476 2409 814 2466; x_wconf 88' lang='lat' dir='ltr'><strong><em>documenta.</em></strong></span> <span class='ocrx_word' id='word_1_188' title='bbox 842 2411 954 2466; x_wconf 88' lang='lat' dir='ltr'><strong><em>lloc</em></strong></span> <span class='ocrx_word' id='word_1_189' title='bbox 991 2411 1147 2482; x_wconf 80' lang='lat' dir='ltr'><strong>igitur</strong></span> <span class='ocrx_word' id='word_1_190' title='bbox 1165 2414 1276 2466; x_wconf 91' lang='lat' dir='ltr'><strong><em>vult</em></strong></span> <span class='ocrx_word' id='word_1_191' title='bbox 1304 2413 1480 2467; x_wconf 88' lang='lat' dir='ltr'><strong><em>dicere</em></strong></span> <span class='ocrx_word' id='word_1_192' title='bbox 1508 2429 1521 2468; x_wconf 84' lang='lat'>:</span> <span class='ocrx_word' id='word_1_193' title='bbox 1557 2413 1712 2478; x_wconf 81' lang='lat' dir='ltr'><strong><em>Esto,</em></strong></span> <span class='ocrx_word' id='word_1_194' title='bbox 1742 2415 1790 2467; x_wconf 91' lang='lat' dir='ltr'><strong><em>in</em></strong></span> <span class='ocrx_word' id='word_1_195' title='bbox 1818 2430 1903 2470; x_wconf 91' lang='lat' dir='ltr'><strong><em>me</em></strong></span> 
     </span>
    </p>
   </div>
   <div class='ocr_carea' id='block_1_26' title="bbox 307 2507 1904 2578">
    <p class='ocr_par' dir='ltr' id='par_1_26' title="bbox 307 2507 1904 2578">
     <span class='ocr_line' id='line_1_26' title="bbox 307 2507 1904 2578; baseline 0.002 -20"><span class='ocrx_word' id='word_1_196' title='bbox 307 2515 544 2574; x_wconf 83' lang='lat' dir='ltr'><strong>propter</strong></span> <span class='ocrx_word' id='word_1_197' title='bbox 563 2511 888 2575; x_wconf 82' lang='lat' dir='ltr'><strong><em>aSsumptam</em></strong></span> <span class='ocrx_word' id='word_1_198' title='bbox 910 2522 1124 2561; x_wconf 87' lang='lat' dir='ltr'><strong><em>carnem</em></strong></span> <span class='ocrx_word' id='word_1_199' title='bbox 1148 2507 1413 2562; x_wconf 71' lang='lat' dir='ltr'><strong><em>offenditis</em></strong></span> <span class='ocrx_word' id='word_1_200' title='bbox 1432 2525 1443 2560; x_wconf 90' lang='lat'><strong>:</strong></span> <span class='ocrx_word' id='word_1_201' title='bbox 1467 2524 1590 2561; x_wconf 91' lang='lat' dir='ltr'><strong><em>num</em></strong></span> <span class='ocrx_word' id='word_1_202' title='bbox 1611 2510 1767 2562; x_wconf 88' lang='lat' dir='ltr'><strong><em>etiam</em></strong></span> <span class='ocrx_word' id='word_1_203' title='bbox 1787 2509 1904 2578; x_wconf 93' lang='lat' dir='ltr'><strong>Spi-</strong></span> 
     </span>
    </p>
   </div>
   <div class='ocr_carea' id='block_1_27' title="bbox 297 2595 1902 2655">
    <p class='ocr_par' dir='ltr' id='par_1_27' title="bbox 297 2595 1902 2655">
     <span class='ocr_line' id='line_1_27' title="bbox 297 2595 1902 2655; baseline 0.004 -6"><span class='ocrx_word' id='word_1_204' title='bbox 297 2595 488 2649; x_wconf 49' lang='lat' dir='ltr'><strong><em>‘ritum</em></strong></span> <span class='ocrx_word' id='word_1_205' title='bbox 516 2604 755 2650; x_wconf 83' lang='lat' dir='ltr'><strong><em>sanetqu</em></strong></span> <span class='ocrx_word' id='word_1_206' title='bbox 788 2611 882 2650; x_wconf 87' lang='lat' dir='ltr'><strong><em>vos</em></strong></span> <span class='ocrx_word' id='word_1_207' title='bbox 908 2612 1011 2651; x_wconf 92' lang='lat' dir='ltr'><strong><em>non</em></strong></span> <span class='ocrx_word' id='word_1_208' title='bbox 1051 2598 1263 2652; x_wconf 87' lang='lat' dir='ltr'><strong><em>novisse</em></strong></span> <span class='ocrx_word' id='word_1_209' title='bbox 1289 2598 1479 2652; x_wconf 90' lang='lat' dir='ltr'><strong><em>dicturi</em></strong></span> <span class='ocrx_word' id='word_1_210' title='bbox 1511 2598 1672 2653; x_wconf 88' lang='lat' dir='ltr'><strong><em>estis?</em></strong></span> <span class='ocrx_word' id='word_1_211' title='bbox 1702 2599 1902 2655; x_wconf 89' lang='lat' dir='ltr'><strong><em>Idcirco</em></strong></span> 
     </span>
    </p>
   </div>
   <div class='ocr_carea' id='block_1_28' title="bbox 303 2685 1902 2756">
    <p class='ocr_par' dir='ltr' id='par_1_28' title="bbox 303 2685 1902 2756">
     <span class='ocr_line' id='line_1_28' title="bbox 303 2685 1902 2756; baseline 0.005 -18"><span class='ocrx_word' id='word_1_212' title='bbox 303 2685 481 2756; x_wconf 80' lang='lat' dir='ltr'><strong>hujus</strong></span> <span class='ocrx_word' id='word_1_213' title='bbox 505 2687 850 2756; x_wconf 71' lang='lat' dir='ltr'><strong>blasphemia:</strong></span> <span class='ocrx_word' id='word_1_214' title='bbox 880 2689 1030 2742; x_wconf 89' lang='lat' dir='ltr'><strong><em>venia</em></strong></span> <span class='ocrx_word' id='word_1_215' title='bbox 1060 2703 1165 2742; x_wconf 89' lang='lat' dir='ltr'><strong><em>non</em></strong></span> <span class='ocrx_word' id='word_1_216' title='bbox 1200 2688 1411 2743; x_wconf 86' lang='lat' dir='ltr'><strong>dabitur</strong></span> <span class='ocrx_word' id='word_1_217' title='bbox 1435 2689 1585 2744; x_wconf 85' lang='lat' dir='ltr'><strong>vobis</strong></span> <span class='ocrx_word' id='word_1_218' title='bbox 1613 2707 1627 2743; x_wconf 88' lang='lat'><strong>:</strong></span> <span class='ocrx_word' id='word_1_219' title='bbox 1661 2699 1714 2744; x_wconf 91' lang='lat' dir='ltr'><strong><em>et</em></strong></span> <span class='ocrx_word' id='word_1_220' title='bbox 1740 2691 1825 2746; x_wconf 90' lang='lat' dir='ltr'><strong><em>hic</em></strong></span> <span class='ocrx_word' id='word_1_221' title='bbox 1847 2700 1902 2747; x_wconf 88' lang='lat' dir='ltr'><strong><em>et</em></strong></span> 
     </span>
    </p>
   </div>
   <div class='ocr_carea' id='block_1_29' title="bbox 287 2778 1900 2851">
    <p class='ocr_par' dir='ltr' id='par_1_29' title="bbox 287 2778 1900 2851">
     <span class='ocr_line' id='line_1_29' title="bbox 287 2778 1900 2851; baseline 0.005 -21"><span class='ocrx_word' id='word_1_222' title='bbox 287 2778 431 2831; x_wconf 78' lang='lat' dir='ltr'><strong><em>‘illic</em></strong></span> <span class='ocrx_word' id='word_1_223' title='bbox 462 2793 645 2846; x_wconf 66' lang='lat' dir='ltr'><strong>poenas</strong></span> <span class='ocrx_word' id='word_1_224' title='bbox 676 2778 889 2833; x_wconf 85' lang='lat' dir='ltr'><strong><em>dabitis.</em></strong></span> <span class='ocrx_word' id='word_1_225' title='bbox 919 2779 1067 2832; x_wconf 80' lang='lat' dir='ltr'><strong><em>Multi</em></strong></span> <span class='ocrx_word' id='word_1_226' title='bbox 1109 2780 1322 2849; x_wconf 87' lang='lat' dir='ltr'><strong><em>quidem</em></strong></span> <span class='ocrx_word' id='word_1_227' title='bbox 1365 2780 1450 2834; x_wconf 92' lang='lat' dir='ltr'><strong><em>hic</em></strong></span> <span class='ocrx_word' id='word_1_228' title='bbox 1482 2789 1684 2835; x_wconf 90' lang='lat' dir='ltr'><strong><em>tantum</em></strong></span> <span class='ocrx_word' id='word_1_229' title='bbox 1716 2798 1900 2851; x_wconf 79' lang='lat' dir='ltr'><strong><em>ptenas</em></strong></span> 
     </span>
    </p>
   </div>
   <div class='ocr_carea' id='block_1_30' title="bbox 305 2867 1897 2940">
    <p class='ocr_par' dir='ltr' id='par_1_30' title="bbox 305 2867 1897 2940">
     <span class='ocr_line' id='line_1_30' title="bbox 305 2867 1897 2940; baseline 0.004 -21"><span class='ocrx_word' id='word_1_230' title='bbox 305 2867 606 2931; x_wconf 80' lang='lat' dir='ltr'><strong><em>dederunt,</em></strong></span> <span class='ocrx_word' id='word_1_231' title='bbox 639 2878 694 2922; x_wconf 93' lang='lat' dir='ltr'><strong><em>ut</em></strong></span> <span class='ocrx_word' id='word_1_232' title='bbox 726 2868 813 2922; x_wconf 90' lang='lat' dir='ltr'><strong><em>ille</em></strong></span> <span class='ocrx_word' id='word_1_233' title='bbox 844 2869 930 2937; x_wconf 93' lang='lat' dir='ltr'><strong><em>qui</em></strong></span> <span class='ocrx_word' id='word_1_234' title='bbox 967 2868 1256 2923; x_wconf 91' lang='lat' dir='ltr'><strong><em>fornicatus</em></strong></span> <span class='ocrx_word' id='word_1_235' title='bbox 1282 2879 1416 2934; x_wconf 88' lang='lat' dir='ltr'><strong><em>erat,</em></strong></span> <span class='ocrx_word' id='word_1_236' title='bbox 1441 2879 1500 2924; x_wconf 89' lang='lat' dir='ltr'><strong><em>ut</em></strong></span> <span class='ocrx_word' id='word_1_237' title='bbox 1539 2871 1677 2940; x_wconf 92' lang='lat' dir='ltr'><strong><em>apud</em></strong></span> <span class='ocrx_word' id='word_1_238' title='bbox 1709 2873 1897 2927; x_wconf 90' lang='lat' dir='ltr'><strong><em>Corin-</em></strong></span> 
     </span>
    </p>
   </div>
   <div class='ocr_carea' id='block_1_31' title="bbox 307 2959 1899 3038">
    <p class='ocr_par' dir='ltr' id='par_1_31' title="bbox 307 2959 1899 3038">
     <span class='ocr_line' id='line_1_31' title="bbox 307 2959 1899 3038; baseline 0.004 -25"><span class='ocrx_word' id='word_1_239' title='bbox 307 2959 462 3038; x_wconf 79' lang='lat' dir='ltr'><strong><em>thios</em></strong></span> <span class='ocrx_word' id='word_1_240' title='bbox 489 2959 520 3015; x_wconf 97' lang='lat' dir='ltr'><strong><em>ii</em></strong></span> <span class='ocrx_word' id='word_1_241' title='bbox 549 2961 634 3037; x_wconf 86' lang='lat' dir='ltr'><strong><em>qui</em></strong></span> <span class='ocrx_word' id='word_1_242' title='bbox 677 2960 888 3028; x_wconf 80' lang='lat' dir='ltr'><strong><em>indigne</em></strong></span> <span class='ocrx_word' id='word_1_243' title='bbox 941 2963 1310 3032; x_wconf 85' lang='lat' dir='ltr'><strong><em>mysteriorum</em></strong></span> <span class='ocrx_word' id='word_1_244' title='bbox 1363 2973 1642 3018; x_wconf 88' lang='lat' dir='ltr'><strong><em>consortes</em></strong></span> <span class='ocrx_word' id='word_1_245' title='bbox 1688 2963 1899 3019; x_wconf 78' lang='lat' dir='ltr'><strong><em>fuerant</em></strong></span> 
     </span>
    </p>
   </div>
   <div class='ocr_carea' id='block_1_32' title="bbox 306 3054 1896 3129">
    <p class='ocr_par' dir='ltr' id='par_1_32' title="bbox 306 3054 1896 3129">
     <span class='ocr_line' id='line_1_32' title="bbox 306 3054 1896 3129; baseline 0.002 -18"><span class='ocrx_word' id='word_1_246' title='bbox 306 3058 388 3129; x_wconf 65' lang='grc' dir='ltr'><strong><em>(Ξ.</em></strong></span> <span class='ocrx_word' id='word_1_247' title='bbox 415 3059 531 3112; x_wconf 85' lang='lat' dir='ltr'><strong><em>Cor.</em></strong></span> <span class='ocrx_word' id='word_1_248' title='bbox 553 3063 604 3114; x_wconf 77' lang='lat'><strong><em>&#39;2.</em></strong></span> <span class='ocrx_word' id='word_1_249' title='bbox 631 3070 676 3115; x_wconf 88' lang='lat' dir='ltr'><strong><em>et</em></strong></span> <span class='ocrx_word' id='word_1_250' title='bbox 701 3062 747 3115; x_wconf 90' lang='lat' dir='ltr'><strong><em>l.</em></strong></span> <span class='ocrx_word' id='word_1_251' title='bbox 770 3055 884 3114; x_wconf 77' lang='lat' dir='ltr'><strong><em>Cor.</em></strong></span> <span class='ocrx_word' id='word_1_252' title='bbox 904 3054 984 3129; x_wconf 83' lang='lat' dir='ltr'><strong><em>ll)</em></strong></span> <span class='ocrx_word' id='word_1_253' title='bbox 1007 3069 1125 3115; x_wconf 80' lang='lat' dir='ltr'><strong><em>:vos</em></strong></span> <span class='ocrx_word' id='word_1_254' title='bbox 1142 3065 1316 3110; x_wconf 82' lang='lat' dir='ltr'><strong><em>autem</em></strong></span> <span class='ocrx_word' id='word_1_255' title='bbox 1334 3065 1385 3110; x_wconf 85' lang='lat' dir='ltr'><strong><em>et</em></strong></span> <span class='ocrx_word' id='word_1_256' title='bbox 1402 3056 1485 3110; x_wconf 82' lang='lat' dir='ltr'><strong>hic</strong></span> <span class='ocrx_word' id='word_1_257' title='bbox 1505 3065 1558 3111; x_wconf 81' lang='lat' dir='ltr'><strong><em>et.</em></strong></span> <span class='ocrx_word' id='word_1_258' title='bbox 1589 3057 1692 3113; x_wconf 86' lang='lat' dir='ltr'><strong><em>illic</em></strong></span> <span class='ocrx_word' id='word_1_259' title='bbox 1714 3073 1896 3126; x_wconf 76' lang='lat' dir='ltr'><strong><em>pmnas</em></strong></span> 
     </span>
    </p>
   </div>
   <div class='ocr_carea' id='block_1_33' title="bbox 300 3150 1894 3222">
    <p class='ocr_par' dir='ltr' id='par_1_33' title="bbox 300 3150 1894 3222">
     <span class='ocr_line' id='line_1_33' title="bbox 300 3150 1894 3222; baseline 0.003 -20"><span class='ocrx_word' id='word_1_260' title='bbox 300 3150 527 3202; x_wconf 84' lang='lat' dir='ltr'><strong><em>dabitis.</em></strong></span> <span class='ocrx_word' id='word_1_261' title='bbox 579 3150 932 3219; x_wconf 72' lang='lat' dir='ltr'><strong><em>Qumcun‘tque</em></strong></span> <span class='ocrx_word' id='word_1_262' title='bbox 957 3165 1082 3220; x_wconf 87' lang='lat' dir='ltr'><strong><em>ergo</em></strong></span> <span class='ocrx_word' id='word_1_263' title='bbox 1117 3161 1300 3205; x_wconf 89' lang='lat' dir='ltr'><strong><em>contra</em></strong></span> <span class='ocrx_word' id='word_1_264' title='bbox 1343 3167 1426 3205; x_wconf 89' lang='lat' dir='ltr'><strong><em>me</em></strong></span> <span class='ocrx_word' id='word_1_265' title='bbox 1466 3161 1743 3222; x_wconf 86' lang='lat' dir='ltr'><strong><em>antequam</em></strong></span> <span class='ocrx_word' id='word_1_266' title='bbox 1776 3169 1894 3207; x_wconf 89' lang='lat' dir='ltr'><strong><em>cru-</em></strong></span> 
     </span>
    </p>
   </div>
   <div class='ocr_carea' id='block_1_34' title="bbox 284 3243 1892 3316">
    <p class='ocr_par' dir='ltr' id='par_1_34' title="bbox 284 3243 1892 3316">
     <span class='ocr_line' id='line_1_34' title="bbox 284 3243 1892 3316; baseline 0.004 -22"><span class='ocrx_word' id='word_1_267' title='bbox 284 3243 567 3311; x_wconf 79' lang='lat' dir='ltr'><strong><em>=ciligcrer</em></strong></span> <span class='ocrx_word' id='word_1_268' title='bbox 588 3243 1014 3312; x_wconf 88' lang='lat' dir='ltr'><strong><em>blasphemastis,</em></strong></span> <span class='ocrx_word' id='word_1_269' title='bbox 1041 3245 1289 3298; x_wconf 88' lang='lat' dir='ltr'><strong><em>remitto:</em></strong></span> <span class='ocrx_word' id='word_1_270' title='bbox 1315 3245 1419 3299; x_wconf 93' lang='lat' dir='ltr'><strong><em>imo</em></strong></span> <span class='ocrx_word' id='word_1_271' title='bbox 1438 3247 1594 3299; x_wconf 89' lang='lat' dir='ltr'><strong><em>etiam</em></strong></span> <span class='ocrx_word' id='word_1_272' title='bbox 1616 3247 1676 3299; x_wconf 86' lang='lat' dir='ltr'><strong>iis</strong></span> <span class='ocrx_word' id='word_1_273' title='bbox 1693 3246 1780 3316; x_wconf 91' lang='lat' dir='ltr'><strong><em>qui</em></strong></span> <span class='ocrx_word' id='word_1_274' title='bbox 1808 3261 1892 3301; x_wconf 90' lang='lat' dir='ltr'><strong><em>me</em></strong></span> 
     </span>
    </p>
   </div>
   <div class='ocr_carea' id='block_1_35' title="bbox 301 3331 1892 3401">
    <p class='ocr_par' dir='ltr' id='par_1_35' title="bbox 301 3331 1892 3401">
     <span class='ocr_line' id='line_1_35' title="bbox 301 3331 1892 3401; baseline 0.001 -15"><span class='ocrx_word' id='word_1_275' title='bbox 301 3331 664 3401; x_wconf 83' lang='lat' dir='ltr'><strong><em>crucifigeut;</em></strong></span> <span class='ocrx_word' id='word_1_276' title='bbox 697 3347 869 3401; x_wconf 90' lang='lat' dir='ltr'><strong><em>neque</em></strong></span> <span class='ocrx_word' id='word_1_277' title='bbox 918 3347 1013 3401; x_wconf 91' lang='lat' dir='ltr'><strong><em>pro</em></strong></span> <span class='ocrx_word' id='word_1_278' title='bbox 1054 3333 1422 3388; x_wconf 86' lang='lat' dir='ltr'><strong><em>incredulitate</em></strong></span> <span class='ocrx_word' id='word_1_279' title='bbox 1465 3335 1576 3388; x_wconf 89' lang='lat' dir='ltr'><strong><em>sola</em></strong></span> <span class='ocrx_word' id='word_1_280' title='bbox 1618 3335 1892 3388; x_wconf 87' lang='lat' dir='ltr'><strong><em>damnabi-</em></strong></span> 
     </span>
    </p>
   </div>
   <div class='ocr_carea' id='block_1_36' title="bbox 281 3421 1887 3494">
    <p class='ocr_par' dir='ltr' id='par_1_36' title="bbox 281 3421 1887 3494">
     <span class='ocr_line' id='line_1_36' title="bbox 281 3421 1887 3494; baseline 0.003 -18"><span class='ocrx_word' id='word_1_281' title='bbox 281 3423 464 3476; x_wconf 85' lang='lat' dir='ltr'><strong><em>mini.</em></strong></span> <span class='ocrx_word' id='word_1_282' title='bbox 497 3421 678 3491; x_wconf 88' lang='lat' dir='ltr'><strong><em>Neque</em></strong></span> <span class='ocrx_word' id='word_1_283' title='bbox 720 3424 863 3477; x_wconf 91' lang='lat' dir='ltr'><strong><em>enim</em></strong></span> <span class='ocrx_word' id='word_1_284' title='bbox 909 3424 942 3476; x_wconf 90' lang='lat' dir='ltr'><strong><em>ii</em></strong></span> <span class='ocrx_word' id='word_1_285' title='bbox 987 3424 1074 3494; x_wconf 91' lang='lat' dir='ltr'><strong><em>qui</em></strong></span> <span class='ocrx_word' id='word_1_286' title='bbox 1107 3433 1230 3478; x_wconf 90' lang='lat' dir='ltr'><strong><em>ante</em></strong></span> <span class='ocrx_word' id='word_1_287' title='bbox 1279 3440 1488 3480; x_wconf 88' lang='lat' dir='ltr'><strong><em>crucem</em></strong></span> <span class='ocrx_word' id='word_1_288' title='bbox 1527 3425 1887 3493; x_wconf 87' lang='lat' dir='ltr'><strong><em>crediderunt,</em></strong></span> 
     </span>
    </p>
   </div>
   <div class='ocr_carea' id='block_1_37' title="bbox 279 3512 1884 3584">
    <p class='ocr_par' dir='ltr' id='par_1_37' title="bbox 279 3512 1884 3584">
     <span class='ocr_line' id='line_1_37' title="bbox 279 3512 1884 3584; baseline 0.004 -20"><span class='ocrx_word' id='word_1_289' title='bbox 279 3513 522 3580; x_wconf 75' lang='lat' dir='ltr'><strong><em>plenam</em></strong></span> <span class='ocrx_word' id='word_1_290' title='bbox 555 3512 711 3567; x_wconf 84' lang='lat' dir='ltr'><strong><em>fidem</em></strong></span> <span class='ocrx_word' id='word_1_291' title='bbox 740 3512 1006 3568; x_wconf 85' lang='lat' dir='ltr'><strong><em>habebant</em></strong></span> <span class='ocrx_word' id='word_1_292' title='bbox 1030 3533 1042 3568; x_wconf 92' lang='lat'>:</span> <span class='ocrx_word' id='word_1_293' title='bbox 1068 3515 1353 3583; x_wconf 89' lang='lat' dir='ltr'><strong><em>multisque</em></strong></span> <span class='ocrx_word' id='word_1_294' title='bbox 1385 3515 1434 3568; x_wconf 91' lang='lat' dir='ltr'><strong><em>in</em></strong></span> <span class='ocrx_word' id='word_1_295' title='bbox 1463 3515 1590 3570; x_wconf 92' lang='lat' dir='ltr'><strong><em>locis</em></strong></span> <span class='ocrx_word' id='word_1_296' title='bbox 1616 3516 1884 3584; x_wconf 89' lang='lat' dir='ltr'><strong><em>admonet,</em></strong></span> 
     </span>
    </p>
   </div>
   <div class='ocr_carea' id='block_1_38' title="bbox 300 3605 1887 3676">
    <p class='ocr_par' dir='ltr' id='par_1_38' title="bbox 300 3605 1887 3676">
     <span class='ocr_line' id='line_1_38' title="bbox 300 3605 1887 3676; baseline 0.007 -22"><span class='ocrx_word' id='word_1_297' title='bbox 300 3619 373 3658; x_wconf 89' lang='lat' dir='ltr'><strong><em>ne</em></strong></span> <span class='ocrx_word' id='word_1_298' title='bbox 396 3605 841 3674; x_wconf 83' lang='lat' dir='ltr'><strong><em>antepassionem</em></strong></span> <span class='ocrx_word' id='word_1_299' title='bbox 865 3607 1124 3676; x_wconf 74' lang='lat' dir='ltr'><strong><em>quis&#39;ipse</em></strong></span> <span class='ocrx_word' id='word_1_300' title='bbox 1155 3607 1223 3660; x_wconf 90' lang='lat' dir='ltr'><strong>sit</strong></span> <span class='ocrx_word' id='word_1_301' title='bbox 1247 3607 1551 3665; x_wconf 70' lang='lat' dir='ltr'><strong><em>declarent:</em></strong></span> <span class='ocrx_word' id='word_1_302' title='bbox 1576 3617 1629 3662; x_wconf 91' lang='lat' dir='ltr'><strong><em>et</em></strong></span> <span class='ocrx_word' id='word_1_303' title='bbox 1654 3609 1704 3661; x_wconf 90' lang='lat' dir='ltr'><strong><em>in</em></strong></span> <span class='ocrx_word' id='word_1_304' title='bbox 1730 3623 1887 3665; x_wconf 88' lang='lat' dir='ltr'><strong><em>cruce</em></strong></span> 
     </span>
    </p>
   </div>
   <div class='ocr_carea' id='block_1_39' title="bbox 297 3695 1885 3770">
    <p class='ocr_par' dir='ltr' id='par_1_39' title="bbox 297 3695 1885 3770">
     <span class='ocr_line' id='line_1_39' title="bbox 297 3695 1885 3770; baseline 0.009 -26"><span class='ocrx_word' id='word_1_305' title='bbox 297 3695 536 3758; x_wconf 78' lang='lat' dir='ltr'><strong><em>ilicebat,</em></strong></span> <span class='ocrx_word' id='word_1_306' title='bbox 569 3705 626 3750; x_wconf 93' lang='lat' dir='ltr'><strong><em>ut</em></strong></span> <span class='ocrx_word' id='word_1_307' title='bbox 650 3697 752 3752; x_wconf 88' lang='lat' dir='ltr'><strong>illis</strong></span> <span class='ocrx_word' id='word_1_308' title='bbox 778 3697 879 3753; x_wconf 92' lang='lat' dir='ltr'><strong><em>boc</em></strong></span> <span class='ocrx_word' id='word_1_309' title='bbox 899 3708 1176 3769; x_wconf 89' lang='lat' dir='ltr'><strong><em>peccatum</em></strong></span> <span class='ocrx_word' id='word_1_310' title='bbox 1200 3701 1579 3756; x_wconf 90' lang='lat' dir='ltr'><strong><em>remitteretur.</em></strong></span> <span class='ocrx_word' id='word_1_311' title='bbox 1605 3701 1733 3770; x_wconf 76' lang='lat' dir='ltr'><strong>Qua:</strong></span> <span class='ocrx_word' id='word_1_312' title='bbox 1753 3718 1885 3758; x_wconf 92' lang='lat' dir='ltr'><strong><em>vero</em></strong></span> 
     </span>
    </p>
   </div>
   <div class='ocr_carea' id='block_1_40' title="bbox 277 3786 1884 3861">
    <p class='ocr_par' dir='ltr' id='par_1_40' title="bbox 277 3786 1884 3861">
     <span class='ocr_line' id='line_1_40' title="bbox 277 3786 1884 3861; baseline 0.006 -21"><span class='ocrx_word' id='word_1_313' title='bbox 277 3786 369 3841; x_wconf 48' lang='lat' dir='ltr'><strong><em>ide</em></strong></span> <span class='ocrx_word' id='word_1_314' title='bbox 399 3787 602 3856; x_wconf 87' lang='lat' dir='ltr'><strong>Spiritu</strong></span> <span class='ocrx_word' id='word_1_315' title='bbox 643 3788 882 3852; x_wconf 77' lang='lat' dir='ltr'><strong><em>dixistis,</em></strong></span> <span class='ocrx_word' id='word_1_316' title='bbox 913 3791 1122 3844; x_wconf 82' lang='lat' dir='ltr'><strong><em>veniam</em></strong></span> <span class='ocrx_word' id='word_1_317' title='bbox 1170 3807 1274 3845; x_wconf 89' lang='lat' dir='ltr'><strong><em>non</em></strong></span> <span class='ocrx_word' id='word_1_318' title='bbox 1323 3792 1695 3861; x_wconf 84' lang='lat' dir='ltr'><strong><em>impetrabunt.</em></strong></span> <span class='ocrx_word' id='word_1_319' title='bbox 1734 3793 1884 3861; x_wconf 86' lang='lat' dir='ltr'><strong>Quod</strong></span> 
     </span>
    </p>
   </div>
   <div class='ocr_carea' id='block_1_41' title="bbox 299 3879 1884 3950">
    <p class='ocr_par' dir='ltr' id='par_1_41' title="bbox 299 3879 1884 3950">
     <span class='ocr_line' id='line_1_41' title="bbox 299 3879 1884 3950; baseline 0.007 -22"><span class='ocrx_word' id='word_1_320' title='bbox 299 3887 486 3931; x_wconf 91' lang='lat' dir='ltr'><strong><em>autem</em></strong></span> <span class='ocrx_word' id='word_1_321' title='bbox 516 3879 580 3932; x_wconf 88' lang='lat' dir='ltr'><strong><em>de</em></strong></span> <span class='ocrx_word' id='word_1_322' title='bbox 599 3879 694 3943; x_wconf 80' lang='lat' dir='ltr'><strong><em>&#39;iis,</em></strong></span> <span class='ocrx_word' id='word_1_323' title='bbox 719 3895 836 3949; x_wconf 86' lang='lat' dir='ltr'><strong><em>quae</em></strong></span> <span class='ocrx_word' id='word_1_324' title='bbox 866 3891 988 3936; x_wconf 87' lang='lat' dir='ltr'><strong><em>ante</em></strong></span> <span class='ocrx_word' id='word_1_325' title='bbox 1012 3896 1224 3936; x_wconf 90' lang='lat' dir='ltr'><strong><em>crucem</em></strong></span> <span class='ocrx_word' id='word_1_326' title='bbox 1256 3883 1393 3938; x_wconf 85' lang='lat' dir='ltr'><strong><em>dicta</em></strong></span> <span class='ocrx_word' id='word_1_327' title='bbox 1421 3883 1634 3950; x_wconf 84' lang='lat' dir='ltr'><strong><em>l‘ucrint,</em></strong></span> <span class='ocrx_word' id='word_1_328' title='bbox 1663 3885 1776 3941; x_wconf 81' lang='lat' dir='ltr'><strong><em>haec</em></strong></span> <span class='ocrx_word' id='word_1_329' title='bbox 1804 3887 1884 3940; x_wconf 85' lang='lat' dir='ltr'><strong><em>in-</em></strong></span> 
     </span>
    </p>
   </div>
   <div class='ocr_carea' id='block_1_42' title="bbox 275 3967 1881 4045">
    <p class='ocr_par' dir='ltr' id='par_1_42' title="bbox 275 3967 1881 4045">
     <span class='ocr_line' id='line_1_42' title="bbox 275 3967 1881 4045; baseline 0.007 -27"><span class='ocrx_word' id='word_1_330' title='bbox 275 3967 529 4036; x_wconf 71' lang='lat' dir='ltr'><strong><em>;telligat,</em></strong></span> <span class='ocrx_word' id='word_1_331' title='bbox 564 3967 614 4021; x_wconf 89' lang='lat' dir='ltr'><strong><em>id</em></strong></span> <span class='ocrx_word' id='word_1_332' title='bbox 667 3967 902 4024; x_wconf 89' lang='lat' dir='ltr'><strong><em>declarat</em></strong></span> <span class='ocrx_word' id='word_1_333' title='bbox 943 3986 1064 4025; x_wconf 92' lang='lat' dir='ltr'><strong><em>cum</em></strong></span> <span class='ocrx_word' id='word_1_334' title='bbox 1095 3972 1275 4040; x_wconf 82' lang='lat' dir='ltr'><strong><em>adjicit</em></strong></span> <span class='ocrx_word' id='word_1_335' title='bbox 1303 3991 1314 4026; x_wconf 95' lang='lat'>:</span> <span class='ocrx_word' id='word_1_336' title='bbox 1349 3976 1656 4045; x_wconf 81' lang='lat' dir='ltr'><strong><em>Quicumque</em></strong></span> <span class='ocrx_word' id='word_1_337' title='bbox 1698 3977 1881 4030; x_wconf 71' lang='lat' dir='ltr'><strong><em>dixerit</em></strong></span> 
     </span>
    </p>
   </div>
   <div class='ocr_carea' id='block_1_43' title="bbox 297 4057 1878 4137">
    <p class='ocr_par' dir='ltr' id='par_1_43' title="bbox 297 4057 1878 4137">
     <span class='ocr_line' id='line_1_43' title="bbox 297 4057 1878 4137; baseline 0.009 -30"><span class='ocrx_word' id='word_1_338' title='bbox 297 4071 370 4108; x_wconf 71' lang='lat' dir='ltr'><strong><em>rei</em></strong></span> <span class='ocrx_word' id='word_1_339' title='bbox 387 4057 504 4108; x_wconf 86' lang='lat' dir='ltr'><strong><em>bum</em></strong></span> <span class='ocrx_word' id='word_1_340' title='bbox 531 4066 708 4110; x_wconf 83' lang='lat' dir='ltr'><strong><em>contra</em></strong></span> <span class='ocrx_word' id='word_1_341' title='bbox 737 4057 931 4113; x_wconf 84' lang='lat' dir='ltr'><strong><em>Filium</em></strong></span> <span class='ocrx_word' id='word_1_342' title='bbox 956 4060 1172 4114; x_wconf 81' lang='lat' dir='ltr'><strong><em>hominis</em></strong></span> <span class='ocrx_word' id='word_1_343' title='bbox 1189 4104 1202 4126; x_wconf 86' lang='lat'><strong><em>,</em></strong></span> <span class='ocrx_word' id='word_1_344' title='bbox 1235 4065 1510 4118; x_wconf 86' lang='lat' dir='ltr'><strong><em>remittetur</em></strong></span> <span class='ocrx_word' id='word_1_345' title='bbox 1530 4067 1577 4120; x_wconf 88' lang='lat' dir='ltr'><strong><em>ei</em></strong></span> <span class='ocrx_word' id='word_1_346' title='bbox 1600 4085 1617 4131; x_wconf 89' lang='lat'><em>;</em></span> <span class='ocrx_word' id='word_1_347' title='bbox 1645 4069 1878 4137; x_wconf 84' lang='lat' dir='ltr'><strong><em>quicum-</em></strong></span> 
     </span>
    </p>
   </div>
   <div class='ocr_carea' id='block_1_44' title="bbox 288 4148 1872 4222">
    <p class='ocr_par' dir='ltr' id='par_1_44' title="bbox 288 4148 1872 4222">
     <span class='ocr_line' id='line_1_44' title="bbox 288 4148 1872 4222; baseline 0.011 -24"><span class='ocrx_word' id='word_1_348' title='bbox 288 4158 392 4208; x_wconf 60' lang='lat' dir='ltr'><strong><em>que</em></strong></span> <span class='ocrx_word' id='word_1_349' title='bbox 418 4157 584 4201; x_wconf 82' lang='lat' dir='ltr'><strong><em>autem</em></strong></span> <span class='ocrx_word' id='word_1_350' title='bbox 613 4148 795 4203; x_wconf 75' lang='lat' dir='ltr'><strong><em>dixerit</em></strong></span> <span class='ocrx_word' id='word_1_351' title='bbox 820 4162 993 4205; x_wconf 88' lang='lat' dir='ltr'><strong><em>contra</em></strong></span> <span class='ocrx_word' id='word_1_352' title='bbox 1021 4151 1272 4222; x_wconf 86' lang='lat' dir='ltr'><strong><em>Spiritum</em></strong></span> <span class='ocrx_word' id='word_1_353' title='bbox 1301 4165 1558 4222; x_wconf 85' lang='lat' dir='ltr'><strong><em>sanctum,</em></strong></span> <span class='ocrx_word' id='word_1_354' title='bbox 1593 4174 1695 4212; x_wconf 91' lang='lat' dir='ltr'><strong><em>non</em></strong></span> <span class='ocrx_word' id='word_1_355' title='bbox 1727 4159 1872 4215; x_wconf 86' lang='lat' dir='ltr'><strong><em>item.</em></strong></span> 
     </span>
    </p>
   </div>
   <div class='ocr_carea' id='block_1_45' title="bbox 271 4234 1876 4315">
    <p class='ocr_par' dir='ltr' id='par_1_45' title="bbox 271 4234 1876 4315">
     <span class='ocr_line' id='line_1_45' title="bbox 271 4234 1876 4315; baseline 0.009 -24"><span class='ocrx_word' id='word_1_356' title='bbox 271 4234 509 4300; x_wconf 63' lang='lat' dir='ltr'><strong><em>xQuare?</em></strong></span> <span class='ocrx_word' id='word_1_357' title='bbox 549 4238 680 4305; x_wconf 84' lang='lat' dir='ltr'><strong>Quia</strong></span> <span class='ocrx_word' id='word_1_358' title='bbox 724 4239 950 4310; x_wconf 89' lang='lat' dir='ltr'><strong>Spiritus</strong></span> <span class='ocrx_word' id='word_1_359' title='bbox 999 4252 1215 4298; x_wconf 89' lang='lat' dir='ltr'><strong><em>sanctus</em></strong></span> <span class='ocrx_word' id='word_1_360' title='bbox 1261 4255 1418 4300; x_wconf 89' lang='lat' dir='ltr'><strong><em>notus</em></strong></span> <span class='ocrx_word' id='word_1_361' title='bbox 1465 4249 1614 4302; x_wconf 82' lang='lat' dir='ltr'><strong><em>vobis</em></strong></span> <span class='ocrx_word' id='word_1_362' title='bbox 1655 4259 1773 4315; x_wconf 89' lang='lat' dir='ltr'><strong><em>est;</em></strong></span> <span class='ocrx_word' id='word_1_363' title='bbox 1821 4259 1876 4306; x_wconf 86' lang='lat' dir='ltr'><strong><em>et</em></strong></span> 
     </span>
    </p>
   </div>
   <div class='ocr_carea' id='block_1_46' title="bbox 272 4332 1872 4407">
    <p class='ocr_par' dir='ltr' id='par_1_46' title="bbox 272 4332 1872 4407">
     <span class='ocr_line' id='line_1_46' title="bbox 272 4332 1872 4407; baseline 0.013 -30"><span class='ocrx_word' id='word_1_364' title='bbox 272 4335 480 4379; x_wconf 66' lang='lat' dir='ltr'><strong><em>contra</em></strong></span> <span class='ocrx_word' id='word_1_365' title='bbox 503 4343 612 4382; x_wconf 90' lang='lat' dir='ltr'><strong><em>rem</em></strong></span> <span class='ocrx_word' id='word_1_366' title='bbox 641 4332 971 4388; x_wconf 80' lang='lat' dir='ltr'><strong><em>manifestam</em></strong></span> <span class='ocrx_word' id='word_1_367' title='bbox 1000 4333 1334 4404; x_wconf 89' lang='lat' dir='ltr'><strong><em>impudenter</em></strong></span> <span class='ocrx_word' id='word_1_368' title='bbox 1359 4337 1530 4407; x_wconf 82' lang='lat' dir='ltr'><strong><em>agitis.</em></strong></span> <span class='ocrx_word' id='word_1_369' title='bbox 1562 4338 1695 4394; x_wconf 88' lang='lat' dir='ltr'><strong><em>Nam</em></strong></span> <span class='ocrx_word' id='word_1_370' title='bbox 1722 4341 1762 4394; x_wconf 91' lang='lat' dir='ltr'><strong><em>si</em></strong></span> <span class='ocrx_word' id='word_1_371' title='bbox 1788 4356 1872 4397; x_wconf 89' lang='lat' dir='ltr'><strong><em>me</em></strong></span> 
     </span>
    </p>
   </div>
   <div class='ocr_carea' id='block_1_47' title="bbox 285 4417 1868 4498">
    <p class='ocr_par' dir='ltr' id='par_1_47' title="bbox 285 4417 1868 4498">
     <span class='ocr_line' id='line_1_47' title="bbox 285 4417 1868 4498; baseline 0.013 -33"><span class='ocrx_word' id='word_1_372' title='bbox 285 4432 388 4471; x_wconf 82' lang='lat' dir='ltr'><strong>vos</strong></span> <span class='ocrx_word' id='word_1_373' title='bbox 431 4417 679 4487; x_wconf 90' lang='lat' dir='ltr'><strong><em>ignorare</em></strong></span> <span class='ocrx_word' id='word_1_374' title='bbox 715 4420 909 4490; x_wconf 89' lang='lat' dir='ltr'><strong><em>dicitis,</em></strong></span> <span class='ocrx_word' id='word_1_375' title='bbox 961 4425 1088 4479; x_wconf 91' lang='lat' dir='ltr'><strong><em>illud</em></strong></span> <span class='ocrx_word' id='word_1_376' title='bbox 1118 4435 1262 4481; x_wconf 88' lang='lat' dir='ltr'><strong><em>certe</em></strong></span> <span class='ocrx_word' id='word_1_377' title='bbox 1305 4442 1410 4482; x_wconf 92' lang='lat' dir='ltr'><strong><em>nou</em></strong></span> <span class='ocrx_word' id='word_1_378' title='bbox 1457 4429 1728 4498; x_wconf 88' lang='lat' dir='ltr'><strong><em>ignoratis,</em></strong></span> <span class='ocrx_word' id='word_1_379' title='bbox 1756 4432 1868 4486; x_wconf 74' lang='lat' dir='ltr'><strong><em>dte-</em></strong></span> 
     </span>
    </p>
   </div>
   <div class='ocr_carea' id='block_1_48' title="bbox 272 4508 1868 4587">
    <p class='ocr_par' dir='ltr' id='par_1_48' title="bbox 272 4508 1868 4587">
     <span class='ocr_line' id='line_1_48' title="bbox 272 4508 1868 4587; baseline 0.011 -27"><span class='ocrx_word' id='word_1_380' title='bbox 272 4522 479 4561; x_wconf 69' lang='lat' dir='ltr'><strong><em>anonas</em></strong></span> <span class='ocrx_word' id='word_1_381' title='bbox 508 4508 703 4577; x_wconf 82' lang='lat' dir='ltr'><strong><em>ejicere</em></strong></span> <span class='ocrx_word' id='word_1_382' title='bbox 733 4520 786 4565; x_wconf 91' lang='lat' dir='ltr'><strong><em>et</em></strong></span> <span class='ocrx_word' id='word_1_383' title='bbox 822 4514 1038 4569; x_wconf 89' lang='lat' dir='ltr'><strong><em>morbos</em></strong></span> <span class='ocrx_word' id='word_1_384' title='bbox 1067 4531 1258 4572; x_wconf 89' lang='lat' dir='ltr'><strong><em>curare</em></strong></span> <span class='ocrx_word' id='word_1_385' title='bbox 1297 4517 1529 4587; x_wconf 88' lang='lat' dir='ltr'><strong>Spiritus</strong></span> <span class='ocrx_word' id='word_1_386' title='bbox 1555 4522 1724 4576; x_wconf 91' lang='lat' dir='ltr'><strong><em>sancti</em></strong></span> <span class='ocrx_word' id='word_1_387' title='bbox 1747 4537 1868 4578; x_wconf 84' lang='lat' dir='ltr'><strong><em>esse</em></strong></span> 
     </span>
    </p>
   </div>
   <div class='ocr_carea' id='block_1_49' title="bbox 278 4596 1866 4676">
    <p class='ocr_par' dir='ltr' id='par_1_49' title="bbox 278 4596 1866 4676">
     <span class='ocr_line' id='line_1_49' title="bbox 278 4596 1866 4676; baseline 0.012 -28"><span class='ocrx_word' id='word_1_388' title='bbox 278 4611 441 4667; x_wconf 61' lang='lat' dir='ltr'><strong><em>opus.</em></strong></span> <span class='ocrx_word' id='word_1_389' title='bbox 468 4596 580 4651; x_wconf 86' lang='lat' dir='ltr'><strong><em>Non</em></strong></span> <span class='ocrx_word' id='word_1_390' title='bbox 605 4613 737 4668; x_wconf 81' lang='lat' dir='ltr'><strong><em>ergo</em></strong></span> <span class='ocrx_word' id='word_1_391' title='bbox 758 4616 844 4656; x_wconf 90' lang='lat' dir='ltr'><strong><em>me</em></strong></span> <span class='ocrx_word' id='word_1_392' title='bbox 867 4610 1066 4658; x_wconf 89' lang='lat' dir='ltr'><strong><em>tantum</em></strong></span> <span class='ocrx_word' id='word_1_393' title='bbox 1091 4608 1414 4662; x_wconf 88' lang='lat' dir='ltr'><strong><em>contumelia</em></strong></span> <span class='ocrx_word' id='word_1_394' title='bbox 1440 4609 1668 4676; x_wconf 80' lang='lat' dir='ltr'><strong><em>alficitis,</em></strong></span> <span class='ocrx_word' id='word_1_395' title='bbox 1692 4611 1783 4666; x_wconf 90' lang='lat' dir='ltr'><strong><em>sed</em></strong></span> <span class='ocrx_word' id='word_1_396' title='bbox 1812 4621 1866 4667; x_wconf 84' lang='lat' dir='ltr'><strong><em>et</em></strong></span> 
     </span>
    </p>
   </div>
   <div class='ocr_carea' id='block_1_50' title="bbox 273 4689 1861 4766">
    <p class='ocr_par' dir='ltr' id='par_1_50' title="bbox 273 4689 1861 4766">
     <span class='ocr_line' id='line_1_50' title="bbox 273 4689 1861 4766; baseline 0.015 -29"><span class='ocrx_word' id='word_1_397' title='bbox 273 4689 539 4756; x_wconf 63' lang='lat' dir='ltr'><strong><em>Spiritum</em></strong></span> <span class='ocrx_word' id='word_1_398' title='bbox 565 4699 825 4746; x_wconf 89' lang='lat' dir='ltr'><strong><em>sanctum.</em></strong></span> <span class='ocrx_word' id='word_1_399' title='bbox 856 4694 1188 4766; x_wconf 86' lang='lat' dir='ltr'><strong>Quapropter</strong></span> <span class='ocrx_word' id='word_1_400' title='bbox 1207 4710 1261 4754; x_wconf 90' lang='lat' dir='ltr'><strong><em>et</em></strong></span> <span class='ocrx_word' id='word_1_401' title='bbox 1287 4700 1371 4756; x_wconf 91' lang='lat' dir='ltr'><strong><em>hic</em></strong></span> <span class='ocrx_word' id='word_1_402' title='bbox 1395 4710 1448 4757; x_wconf 90' lang='lat' dir='ltr'><strong><em>et</em></strong></span> <span class='ocrx_word' id='word_1_403' title='bbox 1473 4703 1580 4757; x_wconf 92' lang='lat' dir='ltr'><strong>illic</strong></span> <span class='ocrx_word' id='word_1_404' title='bbox 1601 4707 1716 4760; x_wconf 90' lang='lat' dir='ltr'><strong><em>sine</em></strong></span> <span class='ocrx_word' id='word_1_405' title='bbox 1755 4706 1861 4761; x_wconf 92' lang='lat' dir='ltr'><strong>ulla</strong></span> 
     </span>
    </p>
   </div>
   <div class='ocr_carea' id='block_1_51' title="bbox 276 4780 1860 4854">
    <p class='ocr_par' dir='ltr' id='par_1_51' title="bbox 276 4780 1860 4854">
     <span class='ocr_line' id='line_1_51' title="bbox 276 4780 1860 4854; baseline 0.016 -27"><span class='ocrx_word' id='word_1_406' title='bbox 276 4780 434 4833; x_wconf 71' lang='grc' dir='ltr'><strong><em>νιτιιῑει</em></strong></span> <span class='ocrx_word' id='word_1_407' title='bbox 473 4796 658 4850; x_wconf 80' lang='lat' dir='ltr'><strong><em>pmuas</em></strong></span> <span class='ocrx_word' id='word_1_408' title='bbox 688 4783 902 4840; x_wconf 89' lang='lat' dir='ltr'><strong><em>dabitis.</em></strong></span> <span class='ocrx_word' id='word_1_409' title='bbox 928 4787 1059 4842; x_wconf 88' lang='lat' dir='ltr'><strong><em>Nam</em></strong></span> <span class='ocrx_word' id='word_1_410' title='bbox 1091 4805 1158 4844; x_wconf 83' lang='lat' dir='ltr'><strong><em>ex</em></strong></span> <span class='ocrx_word' id='word_1_411' title='bbox 1188 4791 1493 4849; x_wconf 88' lang='lat' dir='ltr'><strong><em>hominibus</em></strong></span> <span class='ocrx_word' id='word_1_412' title='bbox 1513 4797 1600 4851; x_wconf 88' lang='lat' dir='ltr'><strong>alii</strong></span> <span class='ocrx_word' id='word_1_413' title='bbox 1625 4806 1679 4851; x_wconf 91' lang='lat' dir='ltr'><strong><em>et</em></strong></span> <span class='ocrx_word' id='word_1_414' title='bbox 1703 4797 1789 4853; x_wconf 87' lang='lat' dir='ltr'><strong>hic</strong></span> <span class='ocrx_word' id='word_1_415' title='bbox 1806 4808 1860 4854; x_wconf 91' lang='lat' dir='ltr'><strong><em>et</em></strong></span> 
     </span>
    </p>
   </div>
   <div class='ocr_carea' id='block_1_52' title="bbox 276 4870 1856 4951">
    <p class='ocr_par' dir='ltr' id='par_1_52' title="bbox 276 4870 1856 4951">
     <span class='ocr_line' id='line_1_52' title="bbox 276 4870 1856 4951; baseline 0.016 -31"><span class='ocrx_word' id='word_1_416' title='bbox 276 4870 382 4923; x_wconf 80' lang='lat' dir='ltr'><strong><em>illic</em></strong></span> <span class='ocrx_word' id='word_1_417' title='bbox 417 4873 734 4942; x_wconf 89' lang='lat' dir='ltr'><strong><em>supplicium</em></strong></span> <span class='ocrx_word' id='word_1_418' title='bbox 767 4877 950 4933; x_wconf 91' lang='lat' dir='ltr'><strong><em>luunt:</em></strong></span> <span class='ocrx_word' id='word_1_419' title='bbox 982 4880 1069 4934; x_wconf 87' lang='lat' dir='ltr'><strong><em>alii</em></strong></span> <span class='ocrx_word' id='word_1_420' title='bbox 1097 4881 1184 4937; x_wconf 90' lang='lat' dir='ltr'><strong>hic</strong></span> <span class='ocrx_word' id='word_1_421' title='bbox 1212 4891 1450 4951; x_wconf 89' lang='lat' dir='ltr'><strong><em>tantum,</em></strong></span> <span class='ocrx_word' id='word_1_422' title='bbox 1481 4887 1568 4942; x_wconf 89' lang='lat' dir='ltr'><strong><em>alii</em></strong></span> <span class='ocrx_word' id='word_1_423' title='bbox 1603 4889 1708 4944; x_wconf 93' lang='lat' dir='ltr'><strong>illic</strong></span> <span class='ocrx_word' id='word_1_424' title='bbox 1739 4898 1856 4944; x_wconf 91' lang='lat' dir='ltr'><strong><em>tan-</em></strong></span> 
     </span>
    </p>
   </div>
   <div class='ocr_carea' id='block_1_53' title="bbox 271 4960 1856 5049">
    <p class='ocr_par' dir='ltr' id='par_1_53' title="bbox 271 4960 1856 5049">
     <span class='ocr_line' id='line_1_53' title="bbox 271 4960 1856 5049; baseline 0.016 -36"><span class='ocrx_word' id='word_1_425' title='bbox 271 4960 383 5017; x_wconf 86' lang='lat' dir='ltr'><strong><em>t&#39;um</em></strong></span> <span class='ocrx_word' id='word_1_426' title='bbox 413 4981 430 5028; x_wconf 76' lang='lat'>;</span> <span class='ocrx_word' id='word_1_427' title='bbox 462 4966 546 5020; x_wconf 91' lang='lat' dir='ltr'><strong><em>alii</em></strong></span> <span class='ocrx_word' id='word_1_428' title='bbox 578 4983 749 5039; x_wconf 90' lang='lat' dir='ltr'><strong><em>neque</em></strong></span> <span class='ocrx_word' id='word_1_429' title='bbox 796 4970 881 5026; x_wconf 90' lang='lat' dir='ltr'><strong><em>hic</em></strong></span> <span class='ocrx_word' id='word_1_430' title='bbox 910 4988 1084 5042; x_wconf 89' lang='lat' dir='ltr'><strong><em>neque</em></strong></span> <span class='ocrx_word' id='word_1_431' title='bbox 1113 4974 1218 5030; x_wconf 89' lang='lat' dir='ltr'><strong><em>illic</em></strong></span> <span class='ocrx_word' id='word_1_432' title='bbox 1250 4993 1265 5028; x_wconf 88' lang='lat'><strong>:</strong></span> <span class='ocrx_word' id='word_1_433' title='bbox 1299 4977 1386 5033; x_wconf 89' lang='lat' dir='ltr'><strong><em>hic</em></strong></span> <span class='ocrx_word' id='word_1_434' title='bbox 1416 4987 1472 5034; x_wconf 90' lang='lat' dir='ltr'><strong><em>et</em></strong></span> <span class='ocrx_word' id='word_1_435' title='bbox 1517 4981 1626 5037; x_wconf 90' lang='lat' dir='ltr'><strong><em>illic</em></strong></span> <span class='ocrx_word' id='word_1_436' title='bbox 1657 4982 1768 5049; x_wconf 86' lang='lat' dir='ltr'><strong><em>alii,</em></strong></span> <span class='ocrx_word' id='word_1_437' title='bbox 1799 4993 1856 5039; x_wconf 88' lang='lat' dir='ltr'><strong><em>ut</em></strong></span> 
     </span>
    </p>
   </div>
   <div class='ocr_carea' id='block_1_54' title="bbox 276 5053 1853 5139">
    <p class='ocr_par' dir='ltr' id='par_1_54' title="bbox 276 5053 1853 5139">
     <span class='ocr_line' id='line_1_54' title="bbox 276 5053 1853 5139; baseline 0.016 -35"><span class='ocrx_word' id='word_1_438' title='bbox 276 5053 349 5106; x_wconf 91' lang='lat' dir='ltr'><strong>illi</strong></span> <span class='ocrx_word' id='word_1_439' title='bbox 385 5057 505 5126; x_wconf 90' lang='lat' dir='ltr'><strong>ipsi.</strong></span> <span class='ocrx_word' id='word_1_440' title='bbox 537 5057 668 5112; x_wconf 88' lang='lat' dir='ltr'><strong><em>Nam</em></strong></span> <span class='ocrx_word' id='word_1_441' title='bbox 693 5069 748 5114; x_wconf 91' lang='lat' dir='ltr'><strong><em>ct</em></strong></span> <span class='ocrx_word' id='word_1_442' title='bbox 771 5061 857 5116; x_wconf 91' lang='lat' dir='ltr'><strong><em>bic</em></strong></span> <span class='ocrx_word' id='word_1_443' title='bbox 879 5061 1139 5119; x_wconf 90' lang='lat' dir='ltr'><strong><em>dederunt</em></strong></span> <span class='ocrx_word' id='word_1_444' title='bbox 1163 5080 1367 5135; x_wconf 69' lang='lat' dir='ltr'><strong><em>poenas,</em></strong></span> <span class='ocrx_word' id='word_1_445' title='bbox 1391 5071 1602 5139; x_wconf 88' lang='lat' dir='ltr'><strong><em>quando</em></strong></span> <span class='ocrx_word' id='word_1_446' title='bbox 1629 5072 1679 5125; x_wconf 90' lang='lat' dir='ltr'><strong><em>in</em></strong></span> <span class='ocrx_word' id='word_1_447' title='bbox 1705 5073 1853 5129; x_wconf 86' lang='lat' dir='ltr'><strong><em>urbis</em></strong></span> 
     </span>
    </p>
   </div>
   <div class='ocr_carea' id='block_1_55' title="bbox 275 5148 1852 5229">
    <p class='ocr_par' dir='ltr' id='par_1_55' title="bbox 275 5148 1852 5229">
     <span class='ocr_line' id='line_1_55' title="bbox 275 5148 1852 5229; baseline 0.013 -30"><span class='ocrx_word' id='word_1_448' title='bbox 275 5148 484 5201; x_wconf 84' lang='lat' dir='ltr'><strong><em>excidio</em></strong></span> <span class='ocrx_word' id='word_1_449' title='bbox 516 5149 867 5206; x_wconf 89' lang='lat' dir='ltr'><strong><em>intolerabilia</em></strong></span> <span class='ocrx_word' id='word_1_450' title='bbox 901 5154 1040 5223; x_wconf 88' lang='lat' dir='ltr'><strong><em>passi</em></strong></span> <span class='ocrx_word' id='word_1_451' title='bbox 1070 5165 1230 5220; x_wconf 88' lang='lat' dir='ltr'><strong><em>sunt;</em></strong></span> <span class='ocrx_word' id='word_1_452' title='bbox 1259 5167 1313 5211; x_wconf 91' lang='lat' dir='ltr'><strong><em>et</em></strong></span> <span class='ocrx_word' id='word_1_453' title='bbox 1338 5158 1449 5214; x_wconf 91' lang='lat' dir='ltr'><strong><em>illic</em></strong></span> <span class='ocrx_word' id='word_1_454' title='bbox 1476 5162 1852 5229; x_wconf 86' lang='lat' dir='ltr'><strong><em>gravissimum</em></strong></span> 
     </span>
    </p>
   </div>
   <div class='ocr_carea' id='block_1_56' title="bbox 275 5237 1851 5310">
    <p class='ocr_par' dir='ltr' id='par_1_56' title="bbox 275 5237 1851 5310">
     <span class='ocr_line' id='line_1_56' title="bbox 275 5237 1851 5310; baseline 0.015 -25"><span class='ocrx_word' id='word_1_455' title='bbox 275 5237 587 5305; x_wconf 89' lang='lat' dir='ltr'><strong><em>supplicium</em></strong></span> <span class='ocrx_word' id='word_1_456' title='bbox 608 5239 774 5305; x_wconf 84' lang='lat' dir='ltr'><strong><em>luent,</em></strong></span> <span class='ocrx_word' id='word_1_457' title='bbox 801 5252 856 5294; x_wconf 91' lang='lat' dir='ltr'><strong><em>ut</em></strong></span> <span class='ocrx_word' id='word_1_458' title='bbox 879 5243 1186 5310; x_wconf 77' lang='lat' dir='ltr'><strong><em>Sodomitzn,</em></strong></span> <span class='ocrx_word' id='word_1_459' title='bbox 1213 5255 1271 5302; x_wconf 90' lang='lat' dir='ltr'><strong><em>et</em></strong></span> <span class='ocrx_word' id='word_1_460' title='bbox 1293 5247 1382 5301; x_wconf 90' lang='lat' dir='ltr'><strong><em>alii</em></strong></span> <span class='ocrx_word' id='word_1_461' title='bbox 1403 5250 1576 5304; x_wconf 90' lang='lat' dir='ltr'><strong><em>multi.</em></strong></span> <span class='ocrx_word' id='word_1_462' title='bbox 1597 5250 1708 5308; x_wconf 90' lang='lat' dir='ltr'><strong><em>lllie</em></strong></span> <span class='ocrx_word' id='word_1_463' title='bbox 1724 5268 1851 5308; x_wconf 89' lang='lat' dir='ltr'><strong><em>vero</em></strong></span> 
     </span>
    </p>
   </div>
   <div class='ocr_carea' id='block_1_57' title="bbox 279 5330 1846 5402">
    <p class='ocr_par' dir='ltr' id='par_1_57' title="bbox 279 5330 1846 5402">
     <span class='ocr_line' id='line_1_57' title="bbox 279 5330 1846 5402; baseline 0.014 -25"><span class='ocrx_word' id='word_1_464' title='bbox 279 5332 496 5392; x_wconf 89' lang='lat' dir='ltr'><strong><em>tantum,</em></strong></span> <span class='ocrx_word' id='word_1_465' title='bbox 525 5337 583 5384; x_wconf 90' lang='lat' dir='ltr'><strong><em>ut</em></strong></span> <span class='ocrx_word' id='word_1_466' title='bbox 611 5330 760 5386; x_wconf 81' lang='lat' dir='ltr'><strong><em>dives</em></strong></span> <span class='ocrx_word' id='word_1_467' title='bbox 790 5331 879 5386; x_wconf 89' lang='lat' dir='ltr'><strong><em>ille</em></strong></span> <span class='ocrx_word' id='word_1_468' title='bbox 906 5334 993 5402; x_wconf 92' lang='lat' dir='ltr'><strong><em>qui</em></strong></span> <span class='ocrx_word' id='word_1_469' title='bbox 1027 5335 1076 5388; x_wconf 94' lang='lat' dir='ltr'><strong><em>in</em></strong></span> <span class='ocrx_word' id='word_1_470' title='bbox 1106 5335 1314 5390; x_wconf 77' lang='lat' dir='ltr'><strong><em>ﬂamma</em></strong></span> <span class='ocrx_word' id='word_1_471' title='bbox 1341 5339 1608 5395; x_wconf 90' lang='lat' dir='ltr'><strong><em>cruciatus</em></strong></span> <span class='ocrx_word' id='word_1_472' title='bbox 1635 5358 1702 5396; x_wconf 90' lang='lat' dir='ltr'><strong><em>ne</em></strong></span> <span class='ocrx_word' id='word_1_473' title='bbox 1730 5346 1846 5399; x_wconf 82' lang='lat' dir='ltr'><strong><em>stil-</em></strong></span> 
     </span>
    </p>
   </div>
   <div class='ocr_carea' id='block_1_58' title="bbox 280 5414 1847 5502">
    <p class='ocr_par' dir='ltr' id='par_1_58' title="bbox 280 5414 1847 5502">
     <span class='ocr_line' id='line_1_58' title="bbox 280 5414 1847 5502; baseline 0.015 -34"><span class='ocrx_word' id='word_1_474' title='bbox 280 5414 378 5470; x_wconf 90' lang='lat' dir='ltr'><strong><em>lam</em></strong></span> <span class='ocrx_word' id='word_1_475' title='bbox 405 5421 618 5489; x_wconf 87' lang='lat' dir='ltr'><strong><em>quidem</em></strong></span> <span class='ocrx_word' id='word_1_476' title='bbox 648 5437 800 5493; x_wconf 73' lang='lat' dir='ltr'><strong><em>aqute</em></strong></span> <span class='ocrx_word' id='word_1_477' title='bbox 829 5423 1030 5482; x_wconf 88' lang='lat' dir='ltr'><strong><em>habuit.</em></strong></span> <span class='ocrx_word' id='word_1_478' title='bbox 1064 5427 1159 5482; x_wconf 73' lang='lat' dir='ltr'><strong><em>llic</em></strong></span> <span class='ocrx_word' id='word_1_479' title='bbox 1189 5443 1337 5493; x_wconf 89' lang='lat' dir='ltr'><strong><em>vero,</em></strong></span> <span class='ocrx_word' id='word_1_480' title='bbox 1372 5439 1429 5484; x_wconf 91' lang='lat' dir='ltr'><strong><em>ut</em></strong></span> <span class='ocrx_word' id='word_1_481' title='bbox 1460 5431 1548 5487; x_wconf 93' lang='lat' dir='ltr'><strong><em>ille</em></strong></span> <span class='ocrx_word' id='word_1_482' title='bbox 1573 5434 1711 5502; x_wconf 86' lang='lat' dir='ltr'><strong><em>apud</em></strong></span> <span class='ocrx_word' id='word_1_483' title='bbox 1739 5435 1847 5490; x_wconf 86' lang='lat' dir='ltr'><strong><em>Co-</em></strong></span> 
     </span>
    </p>
   </div>
   <div class='ocr_carea' id='block_1_59' title="bbox 277 5507 1840 5592">
    <p class='ocr_par' dir='ltr' id='par_1_59' title="bbox 277 5507 1840 5592">
     <span class='ocr_line' id='line_1_59' title="bbox 277 5507 1840 5592; baseline 0.014 -33"><span class='ocrx_word' id='word_1_484' title='bbox 277 5507 519 5578; x_wconf 75' lang='lat' dir='ltr'><strong><em>rinthios,</em></strong></span> <span class='ocrx_word' id='word_1_485' title='bbox 565 5514 652 5582; x_wconf 91' lang='lat' dir='ltr'><strong><em>qui</em></strong></span> <span class='ocrx_word' id='word_1_486' title='bbox 684 5514 974 5571; x_wconf 79' lang='lat' dir='ltr'><strong><em>fornicatus</em></strong></span> <span class='ocrx_word' id='word_1_487' title='bbox 1009 5531 1142 5572; x_wconf 89' lang='lat' dir='ltr'><strong><em>erat.</em></strong></span> <span class='ocrx_word' id='word_1_488' title='bbox 1173 5518 1356 5589; x_wconf 85' lang='lat' dir='ltr'><strong><em>Neque</em></strong></span> <span class='ocrx_word' id='word_1_489' title='bbox 1387 5520 1473 5576; x_wconf 87' lang='lat' dir='ltr'><strong>hic</strong></span> <span class='ocrx_word' id='word_1_490' title='bbox 1502 5538 1674 5592; x_wconf 87' lang='lat' dir='ltr'><strong><em>neque</em></strong></span> <span class='ocrx_word' id='word_1_491' title='bbox 1707 5526 1840 5589; x_wconf 88' lang='lat' dir='ltr'><strong><em>illic,</em></strong></span> 
     </span>
    </p>
   </div>
   <div class='ocr_carea' id='block_1_60' title="bbox 278 5605 1839 5687">
    <p class='ocr_par' dir='ltr' id='par_1_60' title="bbox 278 5605 1839 5687">
     <span class='ocr_line' id='line_1_60' title="bbox 278 5605 1839 5687; baseline 0.012 -35"><span class='ocrx_word' id='word_1_492' title='bbox 278 5608 330 5653; x_wconf 83' lang='lat' dir='ltr'><strong><em>ut</em></strong></span> <span class='ocrx_word' id='word_1_493' title='bbox 359 5605 612 5672; x_wconf 88' lang='lat' dir='ltr'><strong><em>apostoli,</em></strong></span> <span class='ocrx_word' id='word_1_494' title='bbox 647 5615 704 5659; x_wconf 91' lang='lat' dir='ltr'><strong><em>ut</em></strong></span> <span class='ocrx_word' id='word_1_495' title='bbox 735 5607 1023 5678; x_wconf 70' lang='lat' dir='ltr'><strong><em>prolibettc,</em></strong></span> <span class='ocrx_word' id='word_1_496' title='bbox 1059 5617 1116 5663; x_wconf 86' lang='lat' dir='ltr'><strong><em>ut</em></strong></span> <span class='ocrx_word' id='word_1_497' title='bbox 1155 5610 1339 5666; x_wconf 90' lang='lat' dir='ltr'><strong><em>beatus</em></strong></span> <span class='ocrx_word' id='word_1_498' title='bbox 1378 5611 1478 5668; x_wconf 86' lang='lat' dir='ltr'><strong><em>Job</em></strong></span> <span class='ocrx_word' id='word_1_499' title='bbox 1511 5632 1524 5668; x_wconf 92' lang='lat'><strong>:</strong></span> <span class='ocrx_word' id='word_1_500' title='bbox 1557 5629 1677 5669; x_wconf 90' lang='lat' dir='ltr'><strong><em>nam</em></strong></span> <span class='ocrx_word' id='word_1_501' title='bbox 1721 5631 1839 5687; x_wconf 79' lang='lat' dir='ltr'><strong><em>qute</em></strong></span> 
     </span>
    </p>
   </div>
   <div class='ocr_carea' id='block_1_61' title="bbox 1351 187 2602 252">
    <p class='ocr_par' dir='ltr' id='par_1_61' title="bbox 1351 187 2602 252">
     <span class='ocr_line' id='line_1_61' title="bbox 1351 187 2602 252; baseline 0.003 -6"><span class='ocrx_word' id='word_1_502' title='bbox 1351 193 1420 248; x_wconf 83' lang='lat' dir='ltr'><strong><em>IN</em></strong></span> <span class='ocrx_word' id='word_1_503' title='bbox 1446 187 1858 248; x_wconf 66' lang='lat' dir='ltr'><strong><em>‘MA-TTHIEUM</em></strong></span> <span class='ocrx_word' id='word_1_504' title='bbox 1897 189 2126 247; x_wconf 79' lang='lat' dir='ltr'><strong><em>IlOMlL.</em></strong></span> <span class='ocrx_word' id='word_1_505' title='bbox 2159 191 2295 252; x_wconf 81' lang='lat' dir='ltr'><strong><em>XLI.</em></strong></span> <span class='ocrx_word' id='word_1_506' title='bbox 2334 194 2406 249; x_wconf 90' lang='lat' dir='ltr'><strong><em>al.</em></strong></span> <span class='ocrx_word' id='word_1_507' title='bbox 2444 195 2602 252; x_wconf 84' lang='lat' dir='ltr'><strong><em>XLll.</em></strong></span> 
     </span>
    </p>
   </div>
   <div class='ocr_carea' id='block_1_62' title="bbox 3495 207 3599 268">
    <p class='ocr_par' dir='ltr' id='par_1_62' title="bbox 3495 207 3599 268">
     <span class='ocr_line' id='line_1_62' title="bbox 3495 207 3599 268; baseline 0.038 -4"><span class='ocrx_word' id='word_1_508' title='bbox 3495 207 3599 268; x_wconf 67' lang='lat'><strong><em>£50</em></strong></span> 
     </span>
    </p>
   </div>
   <div class='ocr_carea' id='block_1_63' title="bbox 2021 304 3594 382">
    <p class='ocr_par' dir='ltr' id='par_1_63' title="bbox 2021 304 3594 382">
     <span class='ocr_line' id='line_1_63' title="bbox 2021 304 3594 382; baseline 0.011 -24"><span class='ocrx_word' id='word_1_509' title='bbox 2021 304 2098 358; x_wconf 92' lang='lat' dir='ltr'><strong>illi</strong></span> <span class='ocrx_word' id='word_1_510' title='bbox 2118 309 2256 374; x_wconf 89' lang='lat' dir='ltr'><strong>passi</strong></span> <span class='ocrx_word' id='word_1_511' title='bbox 2276 313 2419 373; x_wconf 89' lang='lat' dir='ltr'><strong><em>sunt,</em></strong></span> <span class='ocrx_word' id='word_1_512' title='bbox 2442 324 2549 364; x_wconf 91' lang='lat' dir='ltr'><strong><em>non</em></strong></span> <span class='ocrx_word' id='word_1_513' title='bbox 2577 310 2892 382; x_wconf 89' lang='lat' dir='ltr'><strong><em>supplicium</em></strong></span> <span class='ocrx_word' id='word_1_514' title='bbox 2913 320 3084 380; x_wconf 90' lang='lat' dir='ltr'><strong><em>erant,</em></strong></span> <span class='ocrx_word' id='word_1_515' title='bbox 3107 315 3202 370; x_wconf 86' lang='lat' dir='ltr'><strong><em>sed</em></strong></span> <span class='ocrx_word' id='word_1_516' title='bbox 3223 318 3511 375; x_wconf 88' lang='lat' dir='ltr'><strong><em>certamina</em></strong></span> <span class='ocrx_word' id='word_1_517' title='bbox 3537 331 3594 377; x_wconf 88' lang='lat' dir='ltr'><strong><em>et</em></strong></span> 
     </span>
    </p>
   </div>
   <div class='ocr_carea' id='block_1_64' title="bbox 2016 410 2224 466">
    <p class='ocr_par' dir='ltr' id='par_1_64' title="bbox 2016 410 2224 466">
     <span class='ocr_line' id='line_1_64' title="bbox 2016 410 2224 466; baseline 0.014 -18"><span class='ocrx_word' id='word_1_518' title='bbox 2016 410 2224 466; x_wconf 72' lang='lat' dir='ltr'><strong><em>pugnaz.</em></strong></span> 
     </span>
    </p>
   </div>
   <div class='ocr_carea' id='block_1_65' title="bbox 2084 491 3597 568">
    <p class='ocr_par' dir='ltr' id='par_1_65' title="bbox 2084 491 3597 568">
     <span class='ocr_line' id='line_1_65' title="bbox 2084 491 3597 568; baseline 0.011 -29"><span class='ocrx_word' id='word_1_519' title='bbox 2084 491 2138 545; x_wconf 77' lang='grc'><strong><em>4.</em></strong></span> <span class='ocrx_word' id='word_1_520' title='bbox 2175 492 2438 558; x_wconf 81' lang='lat' dir='ltr'><strong><em>Quomodo</em></strong></span> <span class='ocrx_word' id='word_1_521' title='bbox 2464 495 2526 547; x_wconf 86' lang='lat' dir='ltr'><strong><em>de</em></strong></span> <span class='ocrx_word' id='word_1_522' title='bbox 2541 496 2681 549; x_wconf 83' lang='lat' dir='ltr'><strong><em>nobis</em></strong></span> <span class='ocrx_word' id='word_1_523' title='bbox 2697 496 2933 566; x_wconf 81' lang='lat' dir='ltr'><strong><em>judicare</em></strong></span> <span class='ocrx_word' id='word_1_524' title='bbox 2951 514 3235 568; x_wconf 81' lang='lat' dir='ltr'><strong><em>possumus.</em></strong></span> <span class='ocrx_word' id='word_1_525' title='bbox 3263 501 3597 567; x_wconf 77' lang='lat' dir='ltr'><strong><em>Compunrtio</em></strong></span> 
     </span>
    </p>
   </div>
   <div class='ocr_carea' id='block_1_66' title="bbox 2013 585 3594 662">
    <p class='ocr_par' dir='ltr' id='par_1_66' title="bbox 2013 585 3594 662">
     <span class='ocr_line' id='line_1_66' title="bbox 2013 585 3594 662; baseline 0.01 -29"><span class='ocrx_word' id='word_1_526' title='bbox 2013 596 2130 634; x_wconf 80' lang='lat' dir='ltr'><strong><em>uera</em></strong></span> <span class='ocrx_word' id='word_1_527' title='bbox 2153 599 2376 650; x_wconf 78' lang='lat' dir='ltr'><strong><em>qute.—</em></strong></span> <span class='ocrx_word' id='word_1_528' title='bbox 2402 585 2721 642; x_wconf 88' lang='lat' dir='ltr'><strong><em>Studeamus</em></strong></span> <span class='ocrx_word' id='word_1_529' title='bbox 2750 590 2878 659; x_wconf 85' lang='lat' dir='ltr'><strong><em>ergo</em></strong></span> <span class='ocrx_word' id='word_1_530' title='bbox 2919 600 2977 644; x_wconf 92' lang='lat' dir='ltr'><strong><em>ut</em></strong></span> <span class='ocrx_word' id='word_1_531' title='bbox 3017 591 3068 644; x_wconf 88' lang='lat' dir='ltr'><strong><em>in</em></strong></span> <span class='ocrx_word' id='word_1_532' title='bbox 3114 591 3303 646; x_wconf 89' lang='lat' dir='ltr'><strong><em>eadem</em></strong></span> <span class='ocrx_word' id='word_1_533' title='bbox 3347 595 3594 662; x_wconf 90' lang='lat' dir='ltr'><strong><em>portione</em></strong></span> 
     </span>
    </p>
   </div>
   <div class='ocr_carea' id='block_1_67' title="bbox 2014 672 3592 752">
    <p class='ocr_par' dir='ltr' id='par_1_67' title="bbox 2014 672 3592 752">
     <span class='ocr_line' id='line_1_67' title="bbox 2014 672 3592 752; baseline 0.008 -27"><span class='ocrx_word' id='word_1_534' title='bbox 2014 672 2180 726; x_wconf 91' lang='lat' dir='ltr'><strong><em>simus</em></strong></span> <span class='ocrx_word' id='word_1_535' title='bbox 2209 691 2222 725; x_wconf 88' lang='lat'><strong>:</strong></span> <span class='ocrx_word' id='word_1_536' title='bbox 2257 675 2300 728; x_wconf 92' lang='lat' dir='ltr'><strong><em>si</em></strong></span> <span class='ocrx_word' id='word_1_537' title='bbox 2330 691 2434 730; x_wconf 87' lang='lat' dir='ltr'><strong><em>non</em></strong></span> <span class='ocrx_word' id='word_1_538' title='bbox 2465 677 2676 744; x_wconf 88' lang='lat' dir='ltr'><strong><em>horum,</em></strong></span> <span class='ocrx_word' id='word_1_539' title='bbox 2709 680 2896 734; x_wconf 89' lang='lat' dir='ltr'><strong><em>saltem</em></strong></span> <span class='ocrx_word' id='word_1_540' title='bbox 2927 696 3113 736; x_wconf 91' lang='lat' dir='ltr'><strong><em>eorum</em></strong></span> <span class='ocrx_word' id='word_1_541' title='bbox 3143 683 3231 751; x_wconf 89' lang='lat' dir='ltr'><strong><em>qui</em></strong></span> <span class='ocrx_word' id='word_1_542' title='bbox 3261 684 3345 737; x_wconf 87' lang='lat' dir='ltr'><strong><em>hic</em></strong></span> <span class='ocrx_word' id='word_1_543' title='bbox 3378 697 3592 752; x_wconf 85' lang='lat' dir='ltr'><strong><em>peccata</em></strong></span> 
     </span>
    </p>
   </div>
   <div class='ocr_carea' id='block_1_68' title="bbox 2014 765 3594 841">
    <p class='ocr_par' dir='ltr' id='par_1_68' title="bbox 2014 765 3594 841">
     <span class='ocr_line' id='line_1_68' title="bbox 2014 765 3594 841; baseline 0.008 -25"><span class='ocrx_word' id='word_1_544' title='bbox 2014 777 2106 816; x_wconf 89' lang='lat' dir='ltr'><strong><em>sua</em></strong></span> <span class='ocrx_word' id='word_1_545' title='bbox 2141 765 2440 834; x_wconf 82' lang='lat' dir='ltr'><strong><em>expiaruot.</em></strong></span> <span class='ocrx_word' id='word_1_546' title='bbox 2481 768 2611 822; x_wconf 88' lang='lat' dir='ltr'><strong><em>Nam</em></strong></span> <span class='ocrx_word' id='word_1_547' title='bbox 2655 771 2890 825; x_wconf 90' lang='lat' dir='ltr'><strong><em>terribile</em></strong></span> <span class='ocrx_word' id='word_1_548' title='bbox 2923 771 3048 825; x_wconf 88' lang='lat' dir='ltr'><strong><em>illud</em></strong></span> <span class='ocrx_word' id='word_1_549' title='bbox 3087 772 3343 841; x_wconf 89' lang='lat' dir='ltr'><strong><em>judicium</em></strong></span> <span class='ocrx_word' id='word_1_550' title='bbox 3387 785 3489 837; x_wconf 88' lang='lat' dir='ltr'><strong><em>est,</em></strong></span> <span class='ocrx_word' id='word_1_551' title='bbox 3539 785 3594 829; x_wconf 82' lang='lat' dir='ltr'><strong><em>et</em></strong></span> 
     </span>
    </p>
   </div>
   <div class='ocr_carea' id='block_1_69' title="bbox 2014 854 3594 933">
    <p class='ocr_par' dir='ltr' id='par_1_69' title="bbox 2014 854 3594 933">
     <span class='ocr_line' id='line_1_69' title="bbox 2014 854 3594 933; baseline 0.007 -26"><span class='ocrx_word' id='word_1_552' title='bbox 2014 854 2323 911; x_wconf 81' lang='lat' dir='ltr'><strong><em>inevitabile</em></strong></span> <span class='ocrx_word' id='word_1_553' title='bbox 2352 859 2670 928; x_wconf 88' lang='lat' dir='ltr'><strong><em>supplicium</em></strong></span> <span class='ocrx_word' id='word_1_554' title='bbox 2713 862 3180 933; x_wconf 90' lang='lat' dir='ltr'><strong><em>intolerabilesque</em></strong></span> <span class='ocrx_word' id='word_1_555' title='bbox 3219 880 3409 932; x_wconf 63' lang='lat' dir='ltr'><strong><em>pecua).</em></strong></span> <span class='ocrx_word' id='word_1_556' title='bbox 3442 865 3594 931; x_wconf 84' lang='lat' dir='ltr'><strong><em>Quod</em></strong></span> 
     </span>
    </p>
   </div>
   <div class='ocr_carea' id='block_1_70' title="bbox 2013 943 3596 1024">
    <p class='ocr_par' dir='ltr' id='par_1_70' title="bbox 2013 943 3596 1024">
     <span class='ocr_line' id='line_1_70' title="bbox 2013 943 3596 1024; baseline 0.006 -27"><span class='ocrx_word' id='word_1_557' title='bbox 2013 943 2058 998; x_wconf 92' lang='lat' dir='ltr'><strong><em>si</em></strong></span> <span class='ocrx_word' id='word_1_558' title='bbox 2089 945 2225 1001; x_wconf 91' lang='lat' dir='ltr'><strong>nolis</strong></span> <span class='ocrx_word' id='word_1_559' title='bbox 2243 945 2330 1000; x_wconf 89' lang='lat' dir='ltr'><strong><em>hic</em></strong></span> <span class='ocrx_word' id='word_1_560' title='bbox 2358 963 2545 1017; x_wconf 64' lang='lat' dir='ltr'><strong>positas</strong></span> <span class='ocrx_word' id='word_1_561' title='bbox 2565 949 2714 1015; x_wconf 90' lang='lat' dir='ltr'><strong><em>dare,</em></strong></span> <span class='ocrx_word' id='word_1_562' title='bbox 2745 952 2811 1006; x_wconf 90' lang='lat' dir='ltr'><strong><em>de</em></strong></span> <span class='ocrx_word' id='word_1_563' title='bbox 2840 953 3009 1021; x_wconf 82' lang='lat' dir='ltr'><strong><em>teipso</em></strong></span> <span class='ocrx_word' id='word_1_564' title='bbox 3029 953 3226 1021; x_wconf 79' lang='lat' dir='ltr'><strong><em>iudica,</em></strong></span> <span class='ocrx_word' id='word_1_565' title='bbox 3259 970 3287 1008; x_wconf 89' lang='lat' dir='ltr'><strong><em>a</em></strong></span> <span class='ocrx_word' id='word_1_566' title='bbox 3323 957 3492 1024; x_wconf 90' lang='lat' dir='ltr'><strong><em>teipso</em></strong></span> <span class='ocrx_word' id='word_1_567' title='bbox 3514 971 3596 1007; x_wconf 91' lang='lat' dir='ltr'><strong><em>ra-</em></strong></span> 
     </span>
    </p>
   </div>
   <div class='ocr_carea' id='block_1_71' title="bbox 2013 1035 3593 1113">
    <p class='ocr_par' dir='ltr' id='par_1_71' title="bbox 2013 1035 3593 1113">
     <span class='ocr_line' id='line_1_71' title="bbox 2013 1035 3593 1113; baseline 0.007 -26"><span class='ocrx_word' id='word_1_568' title='bbox 2013 1035 2186 1092; x_wconf 87' lang='lat' dir='ltr'><strong><em>tiones</em></strong></span> <span class='ocrx_word' id='word_1_569' title='bbox 2229 1049 2440 1108; x_wconf 81' lang='lat' dir='ltr'><strong><em>expete.</em></strong></span> <span class='ocrx_word' id='word_1_570' title='bbox 2484 1042 2618 1095; x_wconf 87' lang='lat' dir='ltr'><strong><em>Audi</em></strong></span> <span class='ocrx_word' id='word_1_571' title='bbox 2661 1043 2877 1096; x_wconf 89' lang='lat' dir='ltr'><strong><em>Paulum</em></strong></span> <span class='ocrx_word' id='word_1_572' title='bbox 2918 1044 3180 1100; x_wconf 88' lang='lat' dir='ltr'><strong><em>dicentem</em></strong></span> <span class='ocrx_word' id='word_1_573' title='bbox 3215 1065 3227 1100; x_wconf 91' lang='lat'><strong>:</strong></span> <span class='ocrx_word' id='word_1_574' title='bbox 3264 1047 3516 1113; x_wconf 83' lang='lat' dir='ltr'><strong><em>Quoniam</em></strong></span> <span class='ocrx_word' id='word_1_575' title='bbox 3551 1049 3593 1099; x_wconf 86' lang='lat' dir='ltr'><strong><em>si</em></strong></span> 
     </span>
    </p>
   </div>
   <div class='ocr_carea' id='block_1_72' title="bbox 2014 1129 3592 1205">
    <p class='ocr_par' dir='ltr' id='par_1_72' title="bbox 2014 1129 3592 1205">
     <span class='ocr_line' id='line_1_72' title="bbox 2014 1129 3592 1205; baseline 0.004 -25"><span class='ocrx_word' id='word_1_576' title='bbox 2014 1129 2340 1200; x_wconf 80' lang='lat' dir='ltr'><strong><em>nosmetipsos</em></strong></span> <span class='ocrx_word' id='word_1_577' title='bbox 2387 1133 2774 1200; x_wconf 84' lang='lat' dir='ltr'><strong><em>judicaremus,</em></strong></span> <span class='ocrx_word' id='word_1_578' title='bbox 2851 1152 2952 1189; x_wconf 86' lang='lat' dir='ltr'><strong><em>non</em></strong></span> <span class='ocrx_word' id='word_1_579' title='bbox 3014 1138 3183 1205; x_wconf 89' lang='lat' dir='ltr'><strong><em>utique</em></strong></span> <span class='ocrx_word' id='word_1_580' title='bbox 3248 1137 3592 1205; x_wconf 67' lang='lat' dir='ltr'><strong><em>iudicarem-ur</em></strong></span> 
     </span>
    </p>
   </div>
   <div class='ocr_carea' id='block_1_73' title="bbox 2015 1217 3585 1300">
    <p class='ocr_par' dir='ltr' id='par_1_73' title="bbox 2015 1217 3585 1300">
     <span class='ocr_line' id='line_1_73' title="bbox 2015 1217 3585 1300; baseline 0.002 -26"><span class='ocrx_word' id='word_1_581' title='bbox 2015 1217 2091 1290; x_wconf 83' lang='grc' dir='ltr'><strong>(Ι.</strong></span> <span class='ocrx_word' id='word_1_582' title='bbox 2121 1219 2240 1274; x_wconf 83' lang='lat' dir='ltr'><strong><em>Cor.</em></strong></span> <span class='ocrx_word' id='word_1_583' title='bbox 2273 1222 2356 1274; x_wconf 80' lang='grc' dir='ltr'><strong><em>Η.</em></strong></span> <span class='ocrx_word' id='word_1_584' title='bbox 2387 1222 2497 1294; x_wconf 77' lang='lat' dir='ltr'><strong><em>3i).</em></strong></span> <span class='ocrx_word' id='word_1_585' title='bbox 2527 1223 2582 1276; x_wconf 91' lang='lat' dir='ltr'><strong><em>Si</em></strong></span> <span class='ocrx_word' id='word_1_586' title='bbox 2615 1225 2666 1276; x_wconf 91' lang='lat' dir='ltr'><strong><em>id</em></strong></span> <span class='ocrx_word' id='word_1_587' title='bbox 2697 1223 2903 1287; x_wconf 83' lang='lat' dir='ltr'><strong><em>feceris,</em></strong></span> <span class='ocrx_word' id='word_1_588' title='bbox 2931 1225 3182 1294; x_wconf 88' lang='lat' dir='ltr'><strong><em>paulatim</em></strong></span> <span class='ocrx_word' id='word_1_589' title='bbox 3215 1228 3585 1300; x_wconf 72' lang='lat' dir='ltr'><strong><em>progrediens,</em></strong></span> 
     </span>
    </p>
   </div>
   <div class='ocr_carea' id='block_1_74' title="bbox 2014 1309 3590 1386">
    <p class='ocr_par' dir='ltr' id='par_1_74' title="bbox 2014 1309 3590 1386">
     <span class='ocr_line' id='line_1_74' title="bbox 2014 1309 3590 1386; baseline 0.006 -24"><span class='ocrx_word' id='word_1_590' title='bbox 2014 1309 2079 1362; x_wconf 88' lang='lat' dir='ltr'><strong><em>ad</em></strong></span> <span class='ocrx_word' id='word_1_591' title='bbox 2110 1325 2365 1366; x_wconf 86' lang='lat' dir='ltr'><strong><em>coronam</em></strong></span> <span class='ocrx_word' id='word_1_592' title='bbox 2409 1313 2614 1368; x_wconf 82' lang='lat' dir='ltr'><strong><em>venies.</em></strong></span> <span class='ocrx_word' id='word_1_593' title='bbox 2662 1315 2728 1368; x_wconf 90' lang='lat' dir='ltr'><strong><em>Et</em></strong></span> <span class='ocrx_word' id='word_1_594' title='bbox 2757 1316 3054 1384; x_wconf 89' lang='lat' dir='ltr'><strong><em>quomodo,</em></strong></span> <span class='ocrx_word' id='word_1_595' title='bbox 3088 1317 3312 1386; x_wconf 89' lang='lat' dir='ltr'><strong><em>inquies,</em></strong></span> <span class='ocrx_word' id='word_1_596' title='bbox 3347 1318 3412 1371; x_wconf 89' lang='lat' dir='ltr'><strong><em>de</em></strong></span> <span class='ocrx_word' id='word_1_597' title='bbox 3437 1319 3590 1373; x_wconf 75' lang='lat' dir='ltr'><strong><em>nobis</em></strong></span> 
     </span>
    </p>
   </div>
   <div class='ocr_carea' id='block_1_75' title="bbox 2007 1400 3588 1477">
    <p class='ocr_par' dir='ltr' id='par_1_75' title="bbox 2007 1400 3588 1477">
     <span class='ocr_line' id='line_1_75' title="bbox 2007 1400 3588 1477; baseline 0.008 -26"><span class='ocrx_word' id='word_1_598' title='bbox 2007 1400 2397 1470; x_wconf 89' lang='lat' dir='ltr'><strong><em>judicabimus,</em></strong></span> <span class='ocrx_word' id='word_1_599' title='bbox 2443 1413 2495 1458; x_wconf 90' lang='lat' dir='ltr'><strong><em>et</em></strong></span> <span class='ocrx_word' id='word_1_600' title='bbox 2539 1420 2570 1458; x_wconf 90' lang='lat' dir='ltr'><strong><em>a</em></strong></span> <span class='ocrx_word' id='word_1_601' title='bbox 2615 1405 2768 1460; x_wconf 90' lang='lat' dir='ltr'><strong><em>nobis</em></strong></span> <span class='ocrx_word' id='word_1_602' title='bbox 2812 1408 3044 1462; x_wconf 88' lang='lat' dir='ltr'><strong><em>rationes</em></strong></span> <span class='ocrx_word' id='word_1_603' title='bbox 3091 1411 3436 1477; x_wconf 84' lang='lat' dir='ltr'><strong><em>expetemus?</em></strong></span> <span class='ocrx_word' id='word_1_604' title='bbox 3484 1411 3588 1464; x_wconf 88' lang='lat' dir='ltr'><strong><em>Lu-</em></strong></span> 
     </span>
    </p>
   </div>
   <div class='ocr_carea' id='block_1_76' title="bbox 2009 1493 3584 1573">
    <p class='ocr_par' dir='ltr' id='par_1_76' title="bbox 2009 1493 3584 1573">
     <span class='ocr_line' id='line_1_76' title="bbox 2009 1493 3584 1573; baseline 0.008 -28"><span class='ocrx_word' id='word_1_605' title='bbox 2009 1506 2104 1561; x_wconf 84' lang='lat' dir='ltr'><strong><em>ge,</em></strong></span> <span class='ocrx_word' id='word_1_606' title='bbox 2154 1493 2344 1548; x_wconf 87' lang='lat' dir='ltr'><strong><em>acerbe</em></strong></span> <span class='ocrx_word' id='word_1_607' title='bbox 2387 1496 2708 1564; x_wconf 88' lang='lat' dir='ltr'><strong><em>ingemisce,</em></strong></span> <span class='ocrx_word' id='word_1_608' title='bbox 2761 1499 2986 1566; x_wconf 88' lang='lat' dir='ltr'><strong><em>teipsum</em></strong></span> <span class='ocrx_word' id='word_1_609' title='bbox 3038 1499 3256 1555; x_wconf 88' lang='lat' dir='ltr'><strong>humilia</strong></span> <span class='ocrx_word' id='word_1_610' title='bbox 3296 1512 3350 1556; x_wconf 91' lang='lat' dir='ltr'><strong><em>et</em></strong></span> <span class='ocrx_word' id='word_1_611' title='bbox 3388 1502 3584 1573; x_wconf 81' lang='lat' dir='ltr'><strong><em>afﬂige,</em></strong></span> 
     </span>
    </p>
   </div>
   <div class='ocr_carea' id='block_1_77' title="bbox 2010 1583 3586 1663">
    <p class='ocr_par' dir='ltr' id='par_1_77' title="bbox 2010 1583 3586 1663">
     <span class='ocr_line' id='line_1_77' title="bbox 2010 1583 3586 1663; baseline 0.008 -27"><span class='ocrx_word' id='word_1_612' title='bbox 2010 1583 2291 1638; x_wconf 87' lang='lat' dir='ltr'><strong><em>recordare</em></strong></span> <span class='ocrx_word' id='word_1_613' title='bbox 2329 1597 2669 1654; x_wconf 87' lang='lat' dir='ltr'><strong><em>peccatorum</em></strong></span> <span class='ocrx_word' id='word_1_614' title='bbox 2716 1597 2927 1642; x_wconf 89' lang='lat' dir='ltr'><strong><em>tuorum</em></strong></span> <span class='ocrx_word' id='word_1_615' title='bbox 2965 1592 3260 1658; x_wconf 89' lang='lat' dir='ltr'><strong><em>speciatim.</em></strong></span> <span class='ocrx_word' id='word_1_616' title='bbox 3301 1593 3414 1649; x_wconf 88' lang='lat' dir='ltr'><strong><em>Non</em></strong></span> <span class='ocrx_word' id='word_1_617' title='bbox 3461 1611 3586 1663; x_wconf 90' lang='lat' dir='ltr'><strong><em>par-</em></strong></span> 
     </span>
    </p>
   </div>
   <div class='ocr_carea' id='block_1_78' title="bbox 2007 1677 3588 1754">
    <p class='ocr_par' dir='ltr' id='par_1_78' title="bbox 2007 1677 3588 1754">
     <span class='ocr_line' id='line_1_78' title="bbox 2007 1677 3588 1754; baseline 0.008 -26"><span class='ocrx_word' id='word_1_618' title='bbox 2007 1691 2107 1730; x_wconf 82' lang='lat' dir='ltr'><strong><em>vus</em></strong></span> <span class='ocrx_word' id='word_1_619' title='bbox 2154 1685 2235 1731; x_wconf 86' lang='lat' dir='ltr'><strong><em>est</em></strong></span> <span class='ocrx_word' id='word_1_620' title='bbox 2281 1677 2369 1732; x_wconf 88' lang='lat' dir='ltr'><strong>hic</strong></span> <span class='ocrx_word' id='word_1_621' title='bbox 2416 1681 2682 1733; x_wconf 87' lang='lat' dir='ltr'><strong><em>cruciatus</em></strong></span> <span class='ocrx_word' id='word_1_622' title='bbox 2728 1681 2910 1735; x_wconf 90' lang='lat' dir='ltr'><strong><em>animi.</em></strong></span> <span class='ocrx_word' id='word_1_623' title='bbox 2963 1681 3016 1736; x_wconf 90' lang='lat' dir='ltr'><strong>Si</strong></span> <span class='ocrx_word' id='word_1_624' title='bbox 3065 1683 3182 1752; x_wconf 93' lang='lat' dir='ltr'><strong><em>quis</em></strong></span> <span class='ocrx_word' id='word_1_625' title='bbox 3229 1685 3280 1738; x_wconf 92' lang='lat' dir='ltr'><strong>iu</strong></span> <span class='ocrx_word' id='word_1_626' title='bbox 3328 1700 3588 1754; x_wconf 87' lang='lat' dir='ltr'><strong><em>compun-</em></strong></span> 
     </span>
    </p>
   </div>
   <div class='ocr_carea' id='block_1_79' title="bbox 2005 1770 3587 1836">
    <p class='ocr_par' dir='ltr' id='par_1_79' title="bbox 2005 1770 3587 1836">
     <span class='ocr_line' id='line_1_79' title="bbox 2005 1770 3587 1836; baseline 0.006 -13"><span class='ocrx_word' id='word_1_627' title='bbox 2005 1770 2185 1823; x_wconf 86' lang='lat' dir='ltr'><strong><em>ctione</em></strong></span> <span class='ocrx_word' id='word_1_628' title='bbox 2249 1770 2378 1836; x_wconf 90' lang='lat' dir='ltr'><strong><em>fuit,</em></strong></span> <span class='ocrx_word' id='word_1_629' title='bbox 2442 1773 2588 1826; x_wconf 70' lang='lat' dir='ltr'><strong><em>novit</em></strong></span> <span class='ocrx_word' id='word_1_630' title='bbox 2642 1773 2876 1828; x_wconf 88' lang='lat' dir='ltr'><strong><em>animum</em></strong></span> <span class='ocrx_word' id='word_1_631' title='bbox 2940 1773 3037 1828; x_wconf 89' lang='lat' dir='ltr'><strong><em>bac</em></strong></span> <span class='ocrx_word' id='word_1_632' title='bbox 3091 1777 3321 1830; x_wconf 77' lang='lat' dir='ltr'><strong><em>maxime</em></strong></span> <span class='ocrx_word' id='word_1_633' title='bbox 3383 1779 3587 1834; x_wconf 88' lang='lat' dir='ltr'><strong><em>ratione</em></strong></span> 
     </span>
    </p>
   </div>
   <div class='ocr_carea' id='block_1_80' title="bbox 2009 1861 3585 1934">
    <p class='ocr_par' dir='ltr' id='par_1_80' title="bbox 2009 1861 3585 1934">
     <span class='ocr_line' id='line_1_80' title="bbox 2009 1861 3585 1934; baseline 0.008 -22"><span class='ocrx_word' id='word_1_634' title='bbox 2009 1861 2254 1914; x_wconf 92' lang='lat' dir='ltr'><strong><em>cruciari.</em></strong></span> <span class='ocrx_word' id='word_1_635' title='bbox 2302 1861 2356 1916; x_wconf 92' lang='lat' dir='ltr'><strong>Si</strong></span> <span class='ocrx_word' id='word_1_636' title='bbox 2400 1863 2519 1931; x_wconf 90' lang='lat' dir='ltr'><strong><em>quis</em></strong></span> <span class='ocrx_word' id='word_1_637' title='bbox 2565 1873 2783 1932; x_wconf 88' lang='lat' dir='ltr'><strong><em>peccata</em></strong></span> <span class='ocrx_word' id='word_1_638' title='bbox 2830 1864 2880 1918; x_wconf 92' lang='lat' dir='ltr'><strong><em>in</em></strong></span> <span class='ocrx_word' id='word_1_639' title='bbox 2928 1867 3241 1919; x_wconf 88' lang='lat' dir='ltr'><strong><em>memoriam</em></strong></span> <span class='ocrx_word' id='word_1_640' title='bbox 3288 1870 3585 1934; x_wconf 87' lang='lat' dir='ltr'><strong><em>revocavit,</em></strong></span> 
     </span>
    </p>
   </div>
   <div class='ocr_carea' id='block_1_81' title="bbox 2010 1953 3584 2030">
    <p class='ocr_par' dir='ltr' id='par_1_81' title="bbox 2010 1953 3584 2030">
     <span class='ocr_line' id='line_1_81' title="bbox 2010 1953 3584 2030; baseline 0.008 -27"><span class='ocrx_word' id='word_1_641' title='bbox 2010 1954 2158 2005; x_wconf 83' lang='lat' dir='ltr'><strong><em>novit</em></strong></span> <span class='ocrx_word' id='word_1_642' title='bbox 2222 1953 2462 2008; x_wconf 90' lang='lat' dir='ltr'><strong><em>dolorem</em></strong></span> <span class='ocrx_word' id='word_1_643' title='bbox 2527 1956 2616 2023; x_wconf 91' lang='lat' dir='ltr'><strong>qui</strong></span> <span class='ocrx_word' id='word_1_644' title='bbox 2681 1955 2801 2010; x_wconf 88' lang='lat' dir='ltr'><strong><em>inde</em></strong></span> <span class='ocrx_word' id='word_1_645' title='bbox 2863 1957 3181 2026; x_wconf 90' lang='lat' dir='ltr'><strong><em>concipitur.</em></strong></span> <span class='ocrx_word' id='word_1_646' title='bbox 3249 1959 3584 2030; x_wconf 89' lang='lat' dir='ltr'><strong><em>Quapropter</em></strong></span> 
     </span>
    </p>
   </div>
   <div class='ocr_carea' id='block_1_82' title="bbox 2009 2041 3582 2119">
    <p class='ocr_par' dir='ltr' id='par_1_82' title="bbox 2009 2041 3582 2119">
     <span class='ocr_line' id='line_1_82' title="bbox 2009 2041 3582 2119; baseline 0.008 -25"><span class='ocrx_word' id='word_1_647' title='bbox 2009 2041 2315 2110; x_wconf 88' lang='lat' dir='ltr'><strong><em>bujusmodi</em></strong></span> <span class='ocrx_word' id='word_1_648' title='bbox 2359 2044 2688 2112; x_wconf 83' lang='lat' dir='ltr'><strong><em>pcenitentiae</em></strong></span> <span class='ocrx_word' id='word_1_649' title='bbox 2729 2046 2867 2100; x_wconf 90' lang='lat' dir='ltr'><strong><em>Deus</em></strong></span> <span class='ocrx_word' id='word_1_650' title='bbox 2904 2045 3164 2115; x_wconf 90' lang='lat' dir='ltr'><strong><em>justitiam</em></strong></span> <span class='ocrx_word' id='word_1_651' title='bbox 3210 2048 3262 2102; x_wconf 92' lang='lat' dir='ltr'><strong><em>in</em></strong></span> <span class='ocrx_word' id='word_1_652' title='bbox 3305 2052 3582 2119; x_wconf 65' lang='lat' dir='ltr'><strong><em>praemium</em></strong></span> 
     </span>
    </p>
   </div>
   <div class='ocr_carea' id='block_1_83' title="bbox 2002 2135 3583 2210">
    <p class='ocr_par' dir='ltr' id='par_1_83' title="bbox 2002 2135 3583 2210">
     <span class='ocr_line' id='line_1_83' title="bbox 2002 2135 3583 2210; baseline 0.008 -25"><span class='ocrx_word' id='word_1_653' title='bbox 2002 2135 2314 2199; x_wconf 70' lang='lat' dir='ltr'><strong><em>Constituit,</em></strong></span> <span class='ocrx_word' id='word_1_654' title='bbox 2367 2136 2603 2192; x_wconf 89' lang='lat' dir='ltr'><strong><em>dicens:</em></strong></span> <span class='ocrx_word' id='word_1_655' title='bbox 2663 2136 2760 2191; x_wconf 87' lang='lat' dir='ltr'><strong><em>Die</em></strong></span> <span class='ocrx_word' id='word_1_656' title='bbox 2807 2149 2860 2192; x_wconf 87' lang='lat' dir='ltr'><strong><em>tu</em></strong></span> <span class='ocrx_word' id='word_1_657' title='bbox 2917 2141 3055 2208; x_wconf 89' lang='lat' dir='ltr'><strong><em>prior</em></strong></span> <span class='ocrx_word' id='word_1_658' title='bbox 3096 2154 3297 2208; x_wconf 82' lang='lat' dir='ltr'><strong><em>peccata</em></strong></span> <span class='ocrx_word' id='word_1_659' title='bbox 3345 2152 3474 2210; x_wconf 84' lang='lat' dir='ltr'><strong><em>tua,</em></strong></span> <span class='ocrx_word' id='word_1_660' title='bbox 3530 2154 3583 2197; x_wconf 89' lang='lat' dir='ltr'><strong><em>ut</em></strong></span> 
     </span>
    </p>
   </div>
   <div class='ocr_carea' id='block_1_84' title="bbox 1998 2224 3582 2299">
    <p class='ocr_par' dir='ltr' id='par_1_84' title="bbox 1998 2224 3582 2299">
     <span class='ocr_line' id='line_1_84' title="bbox 1998 2224 3582 2299; baseline 0.011 -24"><span class='ocrx_word' id='word_1_661' title='bbox 1998 2224 2293 2292; x_wconf 77' lang='lat' dir='ltr'><strong><em>justi/iceris</em></strong></span> <span class='ocrx_word' id='word_1_662' title='bbox 2334 2225 2484 2295; x_wconf 85' lang='lat' dir='ltr'><strong><em>(Isai.</em></strong></span> <span class='ocrx_word' id='word_1_663' title='bbox 2529 2230 2618 2283; x_wconf 78' lang='grc'><strong><em>45.</em></strong></span> <span class='ocrx_word' id='word_1_664' title='bbox 2663 2229 2788 2298; x_wconf 70' lang='lat'><strong><em>26).</em></strong></span> <span class='ocrx_word' id='word_1_665' title='bbox 2835 2229 2948 2284; x_wconf 88' lang='lat' dir='ltr'><strong><em>Non</em></strong></span> <span class='ocrx_word' id='word_1_666' title='bbox 3001 2232 3140 2285; x_wconf 90' lang='lat' dir='ltr'><strong><em>enim</em></strong></span> <span class='ocrx_word' id='word_1_667' title='bbox 3181 2244 3302 2299; x_wconf 87' lang='lat' dir='ltr'><strong><em>est,</em></strong></span> <span class='ocrx_word' id='word_1_668' title='bbox 3350 2250 3455 2288; x_wconf 90' lang='lat' dir='ltr'><strong><em>non</em></strong></span> <span class='ocrx_word' id='word_1_669' title='bbox 3503 2245 3582 2292; x_wconf 72' lang='lat' dir='ltr'><strong><em>est</em></strong></span> 
     </span>
    </p>
   </div>
   <div class='ocr_carea' id='block_1_85' title="bbox 2007 2319 3580 2395">
    <p class='ocr_par' dir='ltr' id='par_1_85' title="bbox 2007 2319 3580 2395">
     <span class='ocr_line' id='line_1_85' title="bbox 2007 2319 3580 2395; baseline 0.008 -26"><span class='ocrx_word' id='word_1_670' title='bbox 2007 2319 2188 2385; x_wconf 89' lang='lat' dir='ltr'><strong><em>utique</em></strong></span> <span class='ocrx_word' id='word_1_671' title='bbox 2237 2334 2391 2388; x_wconf 84' lang='lat' dir='ltr'><strong>parva</strong></span> <span class='ocrx_word' id='word_1_672' title='bbox 2442 2321 2508 2374; x_wconf 90' lang='lat' dir='ltr'><strong><em>ad</em></strong></span> <span class='ocrx_word' id='word_1_673' title='bbox 2554 2323 2982 2378; x_wconf 86' lang='lat' dir='ltr'><strong><em>emendationem</em></strong></span> <span class='ocrx_word' id='word_1_674' title='bbox 3039 2325 3214 2389; x_wconf 89' lang='lat' dir='ltr'><strong><em>ratio,</em></strong></span> <span class='ocrx_word' id='word_1_675' title='bbox 3267 2327 3311 2380; x_wconf 91' lang='lat' dir='ltr'><strong><em>si</em></strong></span> <span class='ocrx_word' id='word_1_676' title='bbox 3365 2338 3580 2395; x_wconf 78' lang='lat' dir='ltr'><strong><em>peccata</em></strong></span> 
     </span>
    </p>
   </div>
   <div class='ocr_carea' id='block_1_86' title="bbox 2005 2409 3582 2481">
    <p class='ocr_par' dir='ltr' id='par_1_86' title="bbox 2005 2409 3582 2481">
     <span class='ocr_line' id='line_1_86' title="bbox 2005 2409 3582 2481; baseline 0.01 -23"><span class='ocrx_word' id='word_1_677' title='bbox 2005 2409 2179 2461; x_wconf 90' lang='lat' dir='ltr'><strong><em>omnia</em></strong></span> <span class='ocrx_word' id='word_1_678' title='bbox 2243 2411 2530 2464; x_wconf 89' lang='lat' dir='ltr'><strong><em>secundum</em></strong></span> <span class='ocrx_word' id='word_1_679' title='bbox 2583 2414 2814 2481; x_wconf 90' lang='lat' dir='ltr'><strong><em>speciem</em></strong></span> <span class='ocrx_word' id='word_1_680' title='bbox 2856 2415 3079 2468; x_wconf 90' lang='lat' dir='ltr'><strong><em>collecta</em></strong></span> <span class='ocrx_word' id='word_1_681' title='bbox 3129 2416 3182 2470; x_wconf 91' lang='lat' dir='ltr'><strong><em>in</em></strong></span> <span class='ocrx_word' id='word_1_682' title='bbox 3234 2418 3413 2470; x_wconf 91' lang='lat' dir='ltr'><strong><em>animo</em></strong></span> <span class='ocrx_word' id='word_1_683' title='bbox 3462 2435 3582 2473; x_wconf 84' lang='lat' dir='ltr'><strong><em>ver-</em></strong></span> 
     </span>
    </p>
   </div>
   <div class='ocr_carea' id='block_1_87' title="bbox 2005 2500 3581 2576">
    <p class='ocr_par' dir='ltr' id='par_1_87' title="bbox 2005 2500 3581 2576">
     <span class='ocr_line' id='line_1_87' title="bbox 2005 2500 3581 2576; baseline 0.008 -27"><span class='ocrx_word' id='word_1_684' title='bbox 2005 2511 2092 2551; x_wconf 90' lang='lat' dir='ltr'><strong><em>ses</em></strong></span> <span class='ocrx_word' id='word_1_685' title='bbox 2116 2508 2169 2552; x_wconf 93' lang='lat' dir='ltr'><strong><em>ct</em></strong></span> <span class='ocrx_word' id='word_1_686' title='bbox 2199 2500 2396 2553; x_wconf 87' lang='lat' dir='ltr'><strong><em>volvas.</em></strong></span> <span class='ocrx_word' id='word_1_687' title='bbox 2436 2501 2566 2555; x_wconf 89' lang='lat' dir='ltr'><strong><em>Nam</em></strong></span> <span class='ocrx_word' id='word_1_688' title='bbox 2594 2503 2681 2572; x_wconf 89' lang='lat' dir='ltr'><strong>qui</strong></span> <span class='ocrx_word' id='word_1_689' title='bbox 2711 2503 2810 2558; x_wconf 93' lang='lat' dir='ltr'><strong><em>hoc</em></strong></span> <span class='ocrx_word' id='word_1_690' title='bbox 2835 2505 2976 2569; x_wconf 89' lang='lat' dir='ltr'><strong><em>facit,</em></strong></span> <span class='ocrx_word' id='word_1_691' title='bbox 3006 2506 3074 2560; x_wconf 90' lang='lat' dir='ltr'><strong><em>ita</em></strong></span> <span class='ocrx_word' id='word_1_692' title='bbox 3099 2518 3503 2576; x_wconf 86' lang='lat' dir='ltr'><strong><em>eompungetur,</em></strong></span> <span class='ocrx_word' id='word_1_693' title='bbox 3529 2521 3581 2562; x_wconf 91' lang='lat' dir='ltr'><strong><em>ut</em></strong></span> 
     </span>
    </p>
   </div>
   <div class='ocr_carea' id='block_1_88' title="bbox 2004 2591 3581 2666">
    <p class='ocr_par' dir='ltr' id='par_1_88' title="bbox 2004 2591 3581 2666">
     <span class='ocr_line' id='line_1_88' title="bbox 2004 2591 3581 2666; baseline 0.006 -22"><span class='ocrx_word' id='word_1_694' title='bbox 2004 2605 2073 2645; x_wconf 90' lang='lat' dir='ltr'><strong><em>ne</em></strong></span> <span class='ocrx_word' id='word_1_695' title='bbox 2099 2591 2202 2645; x_wconf 91' lang='lat' dir='ltr'><strong><em>vita</em></strong></span> <span class='ocrx_word' id='word_1_696' title='bbox 2231 2592 2440 2661; x_wconf 88' lang='lat' dir='ltr'><strong><em>quidem</em></strong></span> <span class='ocrx_word' id='word_1_697' title='bbox 2473 2607 2530 2647; x_wconf 90' lang='lat' dir='ltr'><strong><em>se</em></strong></span> <span class='ocrx_word' id='word_1_698' title='bbox 2557 2593 2772 2663; x_wconf 89' lang='lat' dir='ltr'><strong><em>dignum</em></strong></span> <span class='ocrx_word' id='word_1_699' title='bbox 2805 2595 3091 2650; x_wconf 78' lang='lat' dir='ltr'><strong><em>existimet.</em></strong></span> <span class='ocrx_word' id='word_1_700' title='bbox 3131 2598 3230 2666; x_wconf 79' lang='lat' dir='ltr'><strong><em>Qui</em></strong></span> <span class='ocrx_word' id='word_1_701' title='bbox 3273 2607 3448 2652; x_wconf 89' lang='lat' dir='ltr'><strong><em>autem</em></strong></span> <span class='ocrx_word' id='word_1_702' title='bbox 3483 2599 3581 2655; x_wconf 87' lang='lat' dir='ltr'><strong>hoc</strong></span> 
     </span>
    </p>
   </div>
   <div class='ocr_carea' id='block_1_89' title="bbox 2003 2684 3580 2748">
    <p class='ocr_par' dir='ltr' id='par_1_89' title="bbox 2003 2684 3580 2748">
     <span class='ocr_line' id='line_1_89' title="bbox 2003 2684 3580 2748; baseline 0.003 -10"><span class='ocrx_word' id='word_1_703' title='bbox 2003 2684 2310 2748; x_wconf 88' lang='lat' dir='ltr'><strong><em>existimat,</em></strong></span> <span class='ocrx_word' id='word_1_704' title='bbox 2341 2699 2462 2739; x_wconf 89' lang='lat' dir='ltr'><strong><em>cera</em></strong></span> <span class='ocrx_word' id='word_1_705' title='bbox 2495 2685 2705 2738; x_wconf 90' lang='lat' dir='ltr'><strong><em>mollior</em></strong></span> <span class='ocrx_word' id='word_1_706' title='bbox 2733 2685 2940 2739; x_wconf 88' lang='lat' dir='ltr'><strong><em>evadet.</em></strong></span> <span class='ocrx_word' id='word_1_707' title='bbox 2971 2686 3048 2740; x_wconf 88' lang='lat' dir='ltr'><strong><em>Ne</em></strong></span> <span class='ocrx_word' id='word_1_708' title='bbox 3071 2688 3198 2740; x_wconf 89' lang='lat' dir='ltr'><strong><em>mibi</em></strong></span> <span class='ocrx_word' id='word_1_709' title='bbox 3225 2688 3393 2740; x_wconf 86' lang='lat' dir='ltr'><strong><em>solum</em></strong></span> <span class='ocrx_word' id='word_1_710' title='bbox 3423 2688 3580 2743; x_wconf 81' lang='lat' dir='ltr'><strong><em>dixe-</em></strong></span> 
     </span>
    </p>
   </div>
   <div class='ocr_carea' id='block_1_90' title="bbox 2005 2775 3578 2849">
    <p class='ocr_par' dir='ltr' id='par_1_90' title="bbox 2005 2775 3578 2849">
     <span class='ocr_line' id='line_1_90' title="bbox 2005 2775 3578 2849; baseline 0.005 -22"><span class='ocrx_word' id='word_1_711' title='bbox 2005 2775 2076 2828; x_wconf 88' lang='lat' dir='ltr'><strong>ris</strong></span> <span class='ocrx_word' id='word_1_712' title='bbox 2105 2775 2516 2839; x_wconf 86' lang='lat' dir='ltr'><strong><em>foruicationes,</em></strong></span> <span class='ocrx_word' id='word_1_713' title='bbox 2548 2775 2632 2829; x_wconf 89' lang='lat' dir='ltr'><strong><em>vel</em></strong></span> <span class='ocrx_word' id='word_1_714' title='bbox 2663 2777 2919 2830; x_wconf 87' lang='lat' dir='ltr'><strong><em>adulteria</em></strong></span> <span class='ocrx_word' id='word_1_715' title='bbox 2951 2783 3007 2831; x_wconf 81' lang='lat' dir='ltr'><strong><em>ei</em></strong></span> <span class='ocrx_word' id='word_1_716' title='bbox 3034 2777 3247 2843; x_wconf 91' lang='lat' dir='ltr'><strong><em>similia,</em></strong></span> <span class='ocrx_word' id='word_1_717' title='bbox 3282 2795 3454 2849; x_wconf 89' lang='lat' dir='ltr'><strong><em>neque</em></strong></span> <span class='ocrx_word' id='word_1_718' title='bbox 3477 2782 3578 2835; x_wconf 88' lang='lat' dir='ltr'><strong><em>alia</em></strong></span> 
     </span>
    </p>
   </div>
   <div class='ocr_carea' id='block_1_91' title="bbox 2001 2867 3578 2937">
    <p class='ocr_par' dir='ltr' id='par_1_91' title="bbox 2001 2867 3578 2937">
     <span class='ocr_line' id='line_1_91' title="bbox 2001 2867 3578 2937; baseline 0.005 -19"><span class='ocrx_word' id='word_1_719' title='bbox 2001 2881 2118 2935; x_wconf 76' lang='lat' dir='ltr'><strong><em>qua:</em></strong></span> <span class='ocrx_word' id='word_1_720' title='bbox 2143 2867 2320 2936; x_wconf 79' lang='lat' dir='ltr'><strong><em>gravia</em></strong></span> <span class='ocrx_word' id='word_1_721' title='bbox 2350 2881 2469 2920; x_wconf 90' lang='lat' dir='ltr'><strong><em>esse</em></strong></span> <span class='ocrx_word' id='word_1_722' title='bbox 2497 2867 2634 2937; x_wconf 87' lang='lat' dir='ltr'><strong><em>apud</em></strong></span> <span class='ocrx_word' id='word_1_723' title='bbox 2665 2882 2855 2921; x_wconf 90' lang='lat' dir='ltr'><strong><em>omnes</em></strong></span> <span class='ocrx_word' id='word_1_724' title='bbox 2888 2868 2940 2921; x_wconf 94' lang='lat' dir='ltr'><strong><em>in</em></strong></span> <span class='ocrx_word' id='word_1_725' title='bbox 2967 2869 3210 2922; x_wconf 89' lang='lat' dir='ltr'><strong><em>confesso</em></strong></span> <span class='ocrx_word' id='word_1_726' title='bbox 3237 2879 3356 2935; x_wconf 88' lang='lat' dir='ltr'><strong><em>est;</em></strong></span> <span class='ocrx_word' id='word_1_727' title='bbox 3396 2887 3578 2926; x_wconf 89' lang='lat' dir='ltr'><strong><em>verum</em></strong></span> 
     </span>
    </p>
   </div>
   <div class='ocr_carea' id='block_1_92' title="bbox 2000 2957 3570 3026">
    <p class='ocr_par' dir='ltr' id='par_1_92' title="bbox 2000 2957 3570 3026">
     <span class='ocr_line' id='line_1_92' title="bbox 2000 2957 3570 3026; baseline 0.005 -16"><span class='ocrx_word' id='word_1_728' title='bbox 2000 2957 2157 3010; x_wconf 87' lang='lat' dir='ltr'><strong><em>etiam</em></strong></span> <span class='ocrx_word' id='word_1_729' title='bbox 2186 2957 2412 3012; x_wconf 89' lang='lat' dir='ltr'><strong><em>latentes</em></strong></span> <span class='ocrx_word' id='word_1_730' title='bbox 2438 2958 2676 3020; x_wconf 87' lang='lat' dir='ltr'><strong><em>insidias,</em></strong></span> <span class='ocrx_word' id='word_1_731' title='bbox 2704 2959 3021 3021; x_wconf 88' lang='lat' dir='ltr'><strong><em>calumnias,</em></strong></span> <span class='ocrx_word' id='word_1_732' title='bbox 3052 2960 3350 3026; x_wconf 86' lang='lat' dir='ltr'><strong><em>maledicta,</em></strong></span> <span class='ocrx_word' id='word_1_733' title='bbox 3382 2979 3570 3018; x_wconf 86' lang='lat' dir='ltr'><strong><em>vauam</em></strong></span> 
     </span>
    </p>
   </div>
   <div class='ocr_carea' id='block_1_93' title="bbox 1998 3045 3582 3119">
    <p class='ocr_par' dir='ltr' id='par_1_93' title="bbox 1998 3045 3582 3119">
     <span class='ocr_line' id='line_1_93' title="bbox 1998 3045 3582 3119; baseline 0.008 -23"><span class='ocrx_word' id='word_1_734' title='bbox 1998 3045 2218 3112; x_wconf 85' lang='lat' dir='ltr'><strong><em>gloriam</em></strong></span> <span class='ocrx_word' id='word_1_735' title='bbox 2245 3087 2258 3109; x_wconf 88' lang='lat'><strong><em>,</em></strong></span> <span class='ocrx_word' id='word_1_736' title='bbox 2298 3047 2588 3108; x_wconf 79' lang='lat' dir='ltr'><strong><em>invidiam,</em></strong></span> <span class='ocrx_word' id='word_1_737' title='bbox 2637 3055 2937 3115; x_wconf 74' lang='lat' dir='ltr'><strong><em>cmteraque</em></strong></span> <span class='ocrx_word' id='word_1_738' title='bbox 2984 3050 3159 3103; x_wconf 91' lang='lat' dir='ltr'><strong><em>omnia</em></strong></span> <span class='ocrx_word' id='word_1_739' title='bbox 3203 3052 3411 3119; x_wconf 84' lang='lat' dir='ltr'><strong><em>collige.</em></strong></span> <span class='ocrx_word' id='word_1_740' title='bbox 3457 3055 3582 3109; x_wconf 75' lang='lat' dir='ltr'><strong><em>lltec</em></strong></span> 
     </span>
    </p>
   </div>
   <div class='ocr_carea' id='block_1_94' title="bbox 1993 3136 3567 3212">
    <p class='ocr_par' dir='ltr' id='par_1_94' title="bbox 1993 3136 3567 3212">
     <span class='ocr_line' id='line_1_94' title="bbox 1993 3136 3567 3212; baseline -0.002 -21"><span class='ocrx_word' id='word_1_741' title='bbox 1993 3137 2189 3208; x_wconf 88' lang='lat' dir='ltr'><strong><em>quippe</em></strong></span> <span class='ocrx_word' id='word_1_742' title='bbox 2218 3153 2326 3192; x_wconf 88' lang='lat' dir='ltr'><strong><em>non</em></strong></span> <span class='ocrx_word' id='word_1_743' title='bbox 2357 3152 2521 3208; x_wconf 90' lang='lat' dir='ltr'><strong><em>parvo</em></strong></span> <span class='ocrx_word' id='word_1_744' title='bbox 2543 3141 2803 3209; x_wconf 88' lang='lat' dir='ltr'><strong><em>supplicio</em></strong></span> <span class='ocrx_word' id='word_1_745' title='bbox 2829 3136 3156 3212; x_wconf 81' lang='lat' dir='ltr'><strong><em>plectentur:</em></strong></span> <span class='ocrx_word' id='word_1_746' title='bbox 3180 3155 3296 3190; x_wconf 83' lang='lat' dir='ltr'><strong><em>nam</em></strong></span> <span class='ocrx_word' id='word_1_747' title='bbox 3313 3143 3567 3193; x_wconf 75' lang='lat' dir='ltr'><strong><em>convicia.</em></strong></span> 
     </span>
    </p>
   </div>
   <div class='ocr_carea' id='block_1_95' title="bbox 1996 3233 3579 3302">
    <p class='ocr_par' dir='ltr' id='par_1_95' title="bbox 1996 3233 3579 3302">
     <span class='ocr_line' id='line_1_95' title="bbox 1996 3233 3579 3302; baseline 0.004 -18"><span class='ocrx_word' id='word_1_748' title='bbox 1996 3240 2081 3285; x_wconf 91' lang='lat' dir='ltr'><strong><em>tor</em></strong></span> <span class='ocrx_word' id='word_1_749' title='bbox 2109 3233 2158 3293; x_wconf 85' lang='lat' dir='ltr'><strong><em>in</em></strong></span> <span class='ocrx_word' id='word_1_750' title='bbox 2192 3233 2490 3301; x_wconf 83' lang='lat' dir='ltr'><strong><em>gehennam</em></strong></span> <span class='ocrx_word' id='word_1_751' title='bbox 2520 3233 2736 3297; x_wconf 88' lang='lat' dir='ltr'><strong><em>incidet,</em></strong></span> <span class='ocrx_word' id='word_1_752' title='bbox 2765 3233 3114 3302; x_wconf 88' lang='lat' dir='ltr'><strong><em>ebriosusque</em></strong></span> <span class='ocrx_word' id='word_1_753' title='bbox 3142 3234 3268 3286; x_wconf 83' lang='lat' dir='ltr'><strong><em>nihil</em></strong></span> <span class='ocrx_word' id='word_1_754' title='bbox 3294 3250 3579 3290; x_wconf 88' lang='lat' dir='ltr'><strong><em>commune</em></strong></span> 
     </span>
    </p>
   </div>
   <div class='ocr_carea' id='block_1_96' title="bbox 1994 3321 3567 3393">
    <p class='ocr_par' dir='ltr' id='par_1_96' title="bbox 1994 3321 3567 3393">
     <span class='ocr_line' id='line_1_96' title="bbox 1994 3321 3567 3393; baseline 0.004 -19"><span class='ocrx_word' id='word_1_755' title='bbox 1994 3321 2156 3376; x_wconf 88' lang='lat' dir='ltr'><strong><em>habet</em></strong></span> <span class='ocrx_word' id='word_1_756' title='bbox 2178 3337 2296 3376; x_wconf 91' lang='lat' dir='ltr'><strong><em>cum</em></strong></span> <span class='ocrx_word' id='word_1_757' title='bbox 2327 3339 2513 3393; x_wconf 86' lang='lat' dir='ltr'><strong><em>regno,</em></strong></span> <span class='ocrx_word' id='word_1_758' title='bbox 2537 3333 2590 3378; x_wconf 86' lang='lat' dir='ltr'><strong><em>et</em></strong></span> <span class='ocrx_word' id='word_1_759' title='bbox 2615 3326 2702 3393; x_wconf 91' lang='lat' dir='ltr'><strong><em>qui</em></strong></span> <span class='ocrx_word' id='word_1_760' title='bbox 2734 3341 2840 3378; x_wconf 91' lang='lat' dir='ltr'><strong><em>non</em></strong></span> <span class='ocrx_word' id='word_1_761' title='bbox 2869 3334 3013 3378; x_wconf 86' lang='lat' dir='ltr'><strong>amat</strong></span> <span class='ocrx_word' id='word_1_762' title='bbox 3041 3325 3359 3393; x_wconf 82' lang='lat' dir='ltr'><strong><em>proximum,</em></strong></span> <span class='ocrx_word' id='word_1_763' title='bbox 3387 3328 3463 3382; x_wconf 92' lang='lat' dir='ltr'><strong><em>sic</em></strong></span> <span class='ocrx_word' id='word_1_764' title='bbox 3490 3331 3567 3382; x_wconf 62' lang='grc' dir='ltr'><strong><em>οἴη</em></strong></span> 
     </span>
    </p>
   </div>
   <div class='ocr_carea' id='block_1_97' title="bbox 1989 3410 3566 3487">
    <p class='ocr_par' dir='ltr' id='par_1_97' title="bbox 1989 3410 3566 3487">
     <span class='ocr_line' id='line_1_97' title="bbox 1989 3410 3566 3487; baseline 0.004 -21"><span class='ocrx_word' id='word_1_765' title='bbox 1989 3410 2160 3468; x_wconf 78' lang='lat' dir='ltr'><strong><em>fendit</em></strong></span> <span class='ocrx_word' id='word_1_766' title='bbox 2183 3414 2369 3479; x_wconf 88' lang='lat' dir='ltr'><strong><em>Deum,</em></strong></span> <span class='ocrx_word' id='word_1_767' title='bbox 2392 3425 2450 3469; x_wconf 90' lang='lat' dir='ltr'><strong><em>ut</em></strong></span> <span class='ocrx_word' id='word_1_768' title='bbox 2479 3431 2651 3484; x_wconf 91' lang='lat' dir='ltr'><strong><em>neque</em></strong></span> <span class='ocrx_word' id='word_1_769' title='bbox 2676 3417 2933 3487; x_wconf 82' lang='lat' dir='ltr'><strong><em>martyrio</em></strong></span> <span class='ocrx_word' id='word_1_770' title='bbox 2966 3416 3202 3486; x_wconf 90' lang='lat' dir='ltr'><strong><em>juvetur.</em></strong></span> <span class='ocrx_word' id='word_1_771' title='bbox 3229 3417 3296 3472; x_wconf 90' lang='lat' dir='ltr'><strong>Et</strong></span> <span class='ocrx_word' id='word_1_772' title='bbox 3322 3419 3410 3487; x_wconf 91' lang='lat' dir='ltr'><strong><em>qui</em></strong></span> <span class='ocrx_word' id='word_1_773' title='bbox 3443 3433 3566 3486; x_wconf 83' lang='lat' dir='ltr'><strong>pro-</strong></span> 
     </span>
    </p>
   </div>
   <div class='ocr_carea' id='block_1_98' title="bbox 1990 3506 3565 3578">
    <p class='ocr_par' dir='ltr' id='par_1_98' title="bbox 1990 3506 3565 3578">
     <span class='ocr_line' id='line_1_98' title="bbox 1990 3506 3565 3578; baseline 0.003 -20"><span class='ocrx_word' id='word_1_774' title='bbox 1990 3506 2217 3575; x_wconf 90' lang='lat' dir='ltr'><strong><em>pinquos</em></strong></span> <span class='ocrx_word' id='word_1_775' title='bbox 2244 3507 2483 3576; x_wconf 88' lang='lat' dir='ltr'><strong><em>uegligit,</em></strong></span> <span class='ocrx_word' id='word_1_776' title='bbox 2516 3507 2670 3562; x_wconf 82' lang='lat' dir='ltr'><strong><em>fidem</em></strong></span> <span class='ocrx_word' id='word_1_777' title='bbox 2693 3517 2868 3577; x_wconf 83' lang='lat' dir='ltr'><strong><em>negat,</em></strong></span> <span class='ocrx_word' id='word_1_778' title='bbox 2901 3518 2952 3563; x_wconf 90' lang='lat' dir='ltr'><strong><em>et</em></strong></span> <span class='ocrx_word' id='word_1_779' title='bbox 2976 3509 3066 3578; x_wconf 91' lang='lat' dir='ltr'><strong><em>qui</em></strong></span> <span class='ocrx_word' id='word_1_780' title='bbox 3101 3523 3363 3578; x_wconf 86' lang='lat' dir='ltr'><strong><em>pauperes</em></strong></span> <span class='ocrx_word' id='word_1_781' title='bbox 3388 3509 3565 3578; x_wconf 89' lang='lat' dir='ltr'><strong><em>despi-</em></strong></span> 
     </span>
    </p>
   </div>
   <div class='ocr_carea' id='block_1_99' title="bbox 1989 3596 3564 3669">
    <p class='ocr_par' dir='ltr' id='par_1_99' title="bbox 1989 3596 3564 3669">
     <span class='ocr_line' id='line_1_99' title="bbox 1989 3596 3564 3669; baseline 0.003 -20"><span class='ocrx_word' id='word_1_782' title='bbox 1989 3597 2095 3662; x_wconf 89' lang='lat' dir='ltr'><strong><em>cit,</em></strong></span> <span class='ocrx_word' id='word_1_783' title='bbox 2121 3596 2173 3650; x_wconf 91' lang='lat' dir='ltr'><strong><em>in</em></strong></span> <span class='ocrx_word' id='word_1_784' title='bbox 2205 3597 2378 3667; x_wconf 80' lang='lat' dir='ltr'><strong><em>ignem</em></strong></span> <span class='ocrx_word' id='word_1_785' title='bbox 2406 3598 2650 3652; x_wconf 92' lang='lat' dir='ltr'><strong><em>mittitur.</em></strong></span> <span class='ocrx_word' id='word_1_786' title='bbox 2676 3597 2754 3654; x_wconf 87' lang='lat' dir='ltr'><strong><em>Ne</em></strong></span> <span class='ocrx_word' id='word_1_787' title='bbox 2785 3613 2944 3667; x_wconf 85' lang='lat' dir='ltr'><strong><em>parva</em></strong></span> <span class='ocrx_word' id='word_1_788' title='bbox 2973 3614 3101 3668; x_wconf 87' lang='lat' dir='ltr'><strong><em>ergo</em></strong></span> <span class='ocrx_word' id='word_1_789' title='bbox 3125 3599 3214 3653; x_wconf 88' lang='lat' dir='ltr'><strong><em>illa</em></strong></span> <span class='ocrx_word' id='word_1_790' title='bbox 3247 3608 3400 3669; x_wconf 90' lang='lat' dir='ltr'><strong><em>putes</em></strong></span> <span class='ocrx_word' id='word_1_791' title='bbox 3420 3642 3436 3665; x_wconf 91' lang='lat'><strong><em>,</em></strong></span> <span class='ocrx_word' id='word_1_792' title='bbox 3470 3600 3564 3654; x_wconf 88' lang='lat' dir='ltr'><strong><em>sed</em></strong></span> 
     </span>
    </p>
   </div>
   <div class='ocr_carea' id='block_1_100' title="bbox 1986 3687 3565 3757">
    <p class='ocr_par' dir='ltr' id='par_1_100' title="bbox 1986 3687 3565 3757">
     <span class='ocr_line' id='line_1_100' title="bbox 1986 3687 3565 3757; baseline 0.004 -18"><span class='ocrx_word' id='word_1_793' title='bbox 1986 3687 2164 3741; x_wconf 91' lang='lat' dir='ltr'><strong><em>omnia</em></strong></span> <span class='ocrx_word' id='word_1_794' title='bbox 2195 3689 2404 3757; x_wconf 81' lang='lat' dir='ltr'><strong><em>collige,</em></strong></span> <span class='ocrx_word' id='word_1_795' title='bbox 2433 3699 2488 3743; x_wconf 91' lang='lat' dir='ltr'><strong><em>et</em></strong></span> <span class='ocrx_word' id='word_1_796' title='bbox 2513 3689 2662 3757; x_wconf 85' lang='lat' dir='ltr'><strong><em>quasi</em></strong></span> <span class='ocrx_word' id='word_1_797' title='bbox 2689 3690 2742 3743; x_wconf 89' lang='lat' dir='ltr'><strong><em>in</em></strong></span> <span class='ocrx_word' id='word_1_798' title='bbox 2772 3689 2905 3743; x_wconf 89' lang='lat' dir='ltr'><strong><em>libro</em></strong></span> <span class='ocrx_word' id='word_1_799' title='bbox 2931 3689 3125 3745; x_wconf 88' lang='lat' dir='ltr'><strong><em>scribe.</em></strong></span> <span class='ocrx_word' id='word_1_800' title='bbox 3145 3690 3276 3745; x_wconf 88' lang='lat' dir='ltr'><strong><em>Nam</em></strong></span> <span class='ocrx_word' id='word_1_801' title='bbox 3295 3691 3411 3745; x_wconf 92' lang='lat' dir='ltr'><strong><em>situ</em></strong></span> <span class='ocrx_word' id='word_1_802' title='bbox 3437 3691 3565 3746; x_wconf 84' lang='lat' dir='ltr'><strong><em>seri-</em></strong></span> 
     </span>
    </p>
   </div>
   <div class='ocr_carea' id='block_1_101' title="bbox 1987 3777 3564 3851">
    <p class='ocr_par' dir='ltr' id='par_1_101' title="bbox 1987 3777 3564 3851">
     <span class='ocr_line' id='line_1_101' title="bbox 1987 3777 3564 3851; baseline 0.004 -21"><span class='ocrx_word' id='word_1_803' title='bbox 1987 3778 2178 3846; x_wconf 91' lang='lat' dir='ltr'><strong>pscris,</strong></span> <span class='ocrx_word' id='word_1_804' title='bbox 2203 3777 2342 3832; x_wconf 89' lang='lat' dir='ltr'><strong><em>Deus</em></strong></span> <span class='ocrx_word' id='word_1_805' title='bbox 2367 3778 2598 3844; x_wconf 88' lang='lat' dir='ltr'><strong><em>delebit;</em></strong></span> <span class='ocrx_word' id='word_1_806' title='bbox 2621 3789 2804 3834; x_wconf 90' lang='lat' dir='ltr'><strong><em>contra</em></strong></span> <span class='ocrx_word' id='word_1_807' title='bbox 2831 3781 2875 3834; x_wconf 91' lang='lat' dir='ltr'><strong>si</strong></span> <span class='ocrx_word' id='word_1_808' title='bbox 2901 3787 2954 3834; x_wconf 90' lang='lat' dir='ltr'><strong><em>tu</em></strong></span> <span class='ocrx_word' id='word_1_809' title='bbox 2976 3795 3080 3835; x_wconf 89' lang='lat' dir='ltr'><strong><em>non</em></strong></span> <span class='ocrx_word' id='word_1_810' title='bbox 3103 3783 3400 3851; x_wconf 91' lang='lat' dir='ltr'><strong><em>scripseris,</em></strong></span> <span class='ocrx_word' id='word_1_811' title='bbox 3429 3784 3564 3838; x_wconf 87' lang='lat' dir='ltr'><strong><em>Deus</em></strong></span> 
     </span>
    </p>
   </div>
   <div class='ocr_carea' id='block_1_102' title="bbox 1985 3867 3563 3942">
    <p class='ocr_par' dir='ltr' id='par_1_102' title="bbox 1985 3867 3563 3942">
     <span class='ocr_line' id='line_1_102' title="bbox 1985 3867 3563 3942; baseline 0.006 -22"><span class='ocrx_word' id='word_1_812' title='bbox 1985 3868 2071 3921; x_wconf 92' lang='lat' dir='ltr'><strong>illa</strong></span> <span class='ocrx_word' id='word_1_813' title='bbox 2093 3867 2376 3934; x_wconf 87' lang='lat' dir='ltr'><strong><em>describet,</em></strong></span> <span class='ocrx_word' id='word_1_814' title='bbox 2409 3884 2697 3940; x_wconf 65' lang='lat' dir='ltr'><strong><em>poenasque</em></strong></span> <span class='ocrx_word' id='word_1_815' title='bbox 2723 3878 2945 3940; x_wconf 89' lang='lat' dir='ltr'><strong><em>repetet.</em></strong></span> <span class='ocrx_word' id='word_1_816' title='bbox 2975 3871 3157 3940; x_wconf 84' lang='lat' dir='ltr'><strong><em>Longe</em></strong></span> <span class='ocrx_word' id='word_1_817' title='bbox 3189 3888 3348 3942; x_wconf 89' lang='lat' dir='ltr'><strong><em>porro</em></strong></span> <span class='ocrx_word' id='word_1_818' title='bbox 3375 3875 3563 3930; x_wconf 91' lang='lat' dir='ltr'><strong><em>melius</em></strong></span> 
     </span>
    </p>
   </div>
   <div class='ocr_carea' id='block_1_103' title="bbox 1983 3958 3558 4032">
    <p class='ocr_par' dir='ltr' id='par_1_103' title="bbox 1983 3958 3558 4032">
     <span class='ocr_line' id='line_1_103' title="bbox 1983 3958 3558 4032; baseline 0.005 -20"><span class='ocrx_word' id='word_1_819' title='bbox 1983 3966 2066 4013; x_wconf 90' lang='lat' dir='ltr'><strong>est</strong></span> <span class='ocrx_word' id='word_1_820' title='bbox 2093 3968 2150 4012; x_wconf 91' lang='lat' dir='ltr'><strong><em>ut</em></strong></span> <span class='ocrx_word' id='word_1_821' title='bbox 2179 3958 2292 4014; x_wconf 62' lang='lat' dir='ltr'><strong><em>haec</em></strong></span> <span class='ocrx_word' id='word_1_822' title='bbox 2319 3975 2348 4012; x_wconf 92' lang='lat' dir='ltr'><strong><em>a</em></strong></span> <span class='ocrx_word' id='word_1_823' title='bbox 2373 3960 2530 4014; x_wconf 92' lang='lat' dir='ltr'><strong><em>nobis</em></strong></span> <span class='ocrx_word' id='word_1_824' title='bbox 2554 3961 2856 4015; x_wconf 88' lang='lat' dir='ltr'><strong><em>scribantur</em></strong></span> <span class='ocrx_word' id='word_1_825' title='bbox 2876 4003 2891 4026; x_wconf 93' lang='lat'><strong><em>,</em></strong></span> <span class='ocrx_word' id='word_1_826' title='bbox 2917 3962 3042 4015; x_wconf 91' lang='lat' dir='ltr'><strong><em>etin</em></strong></span> <span class='ocrx_word' id='word_1_827' title='bbox 3070 3963 3217 4018; x_wconf 74' lang='lat' dir='ltr'><strong><em>caalis</em></strong></span> <span class='ocrx_word' id='word_1_828' title='bbox 3242 3963 3521 4019; x_wconf 89' lang='lat' dir='ltr'><strong><em>deleantur</em></strong></span> <span class='ocrx_word' id='word_1_829' title='bbox 3541 4009 3558 4032; x_wconf 93' lang='lat'><strong><em>,</em></strong></span> 
     </span>
    </p>
   </div>
   <div class='ocr_carea' id='block_1_104' title="bbox 1979 4051 3560 4120">
    <p class='ocr_par' dir='ltr' id='par_1_104' title="bbox 1979 4051 3560 4120">
     <span class='ocr_line' id='line_1_104' title="bbox 1979 4051 3560 4120; baseline 0.005 -17"><span class='ocrx_word' id='word_1_830' title='bbox 1979 4065 2136 4120; x_wconf 88' lang='lat' dir='ltr'><strong><em>quam</em></strong></span> <span class='ocrx_word' id='word_1_831' title='bbox 2168 4052 2213 4105; x_wconf 92' lang='lat' dir='ltr'><strong><em>si</em></strong></span> <span class='ocrx_word' id='word_1_832' title='bbox 2260 4051 2414 4106; x_wconf 91' lang='lat' dir='ltr'><strong><em>nobis</em></strong></span> <span class='ocrx_word' id='word_1_833' title='bbox 2441 4051 2828 4106; x_wconf 87' lang='lat' dir='ltr'><strong><em>occultantibus</em></strong></span> <span class='ocrx_word' id='word_1_834' title='bbox 2852 4093 2867 4118; x_wconf 92' lang='lat'><strong><em>,</em></strong></span> <span class='ocrx_word' id='word_1_835' title='bbox 2915 4051 3055 4106; x_wconf 92' lang='lat' dir='ltr'><strong><em>Deus</em></strong></span> <span class='ocrx_word' id='word_1_836' title='bbox 3083 4053 3135 4106; x_wconf 92' lang='lat' dir='ltr'><strong><em>in</em></strong></span> <span class='ocrx_word' id='word_1_837' title='bbox 3178 4053 3269 4107; x_wconf 93' lang='lat' dir='ltr'><strong><em>illo</em></strong></span> <span class='ocrx_word' id='word_1_838' title='bbox 3311 4054 3397 4109; x_wconf 91' lang='lat' dir='ltr'><strong><em>die</em></strong></span> <span class='ocrx_word' id='word_1_839' title='bbox 3435 4065 3560 4112; x_wconf 88' lang='lat' dir='ltr'><strong><em>ante</em></strong></span> 
     </span>
    </p>
   </div>
   <div class='ocr_carea' id='block_1_105' title="bbox 1977 4141 3558 4212">
    <p class='ocr_par' dir='ltr' id='par_1_105' title="bbox 1977 4141 3558 4212">
     <span class='ocr_line' id='line_1_105' title="bbox 1977 4141 3558 4212; baseline 0.004 -18"><span class='ocrx_word' id='word_1_840' title='bbox 1977 4141 2161 4195; x_wconf 91' lang='lat' dir='ltr'><strong><em>oculos</em></strong></span> <span class='ocrx_word' id='word_1_841' title='bbox 2185 4149 2396 4196; x_wconf 88' lang='lat' dir='ltr'><strong>nostros</strong></span> <span class='ocrx_word' id='word_1_842' title='bbox 2417 4157 2476 4196; x_wconf 90' lang='lat' dir='ltr'><strong><em>ea</em></strong></span> <span class='ocrx_word' id='word_1_843' title='bbox 2503 4141 2725 4197; x_wconf 89' lang='lat' dir='ltr'><strong><em>deferat.</em></strong></span> <span class='ocrx_word' id='word_1_844' title='bbox 2744 4142 2823 4197; x_wconf 87' lang='lat' dir='ltr'><strong><em>Ne</em></strong></span> <span class='ocrx_word' id='word_1_845' title='bbox 2850 4143 3008 4212; x_wconf 85' lang='lat' dir='ltr'><strong><em>igitur</em></strong></span> <span class='ocrx_word' id='word_1_846' title='bbox 3028 4143 3130 4197; x_wconf 90' lang='lat' dir='ltr'><strong><em>hoc</em></strong></span> <span class='ocrx_word' id='word_1_847' title='bbox 3150 4143 3376 4212; x_wconf 89' lang='lat' dir='ltr'><strong><em>accidat,</em></strong></span> <span class='ocrx_word' id='word_1_848' title='bbox 3401 4161 3558 4201; x_wconf 88' lang='lat' dir='ltr'><strong><em>accu-</em></strong></span> 
     </span>
    </p>
   </div>
   <div class='ocr_carea' id='block_1_106' title="bbox 1976 4232 3556 4304">
    <p class='ocr_par' dir='ltr' id='par_1_106' title="bbox 1976 4232 3556 4304">
     <span class='ocr_line' id='line_1_106' title="bbox 1976 4232 3556 4304; baseline 0.004 -20"><span class='ocrx_word' id='word_1_849' title='bbox 1976 4239 2091 4286; x_wconf 90' lang='lat' dir='ltr'><strong><em>rate</em></strong></span> <span class='ocrx_word' id='word_1_850' title='bbox 2118 4233 2295 4286; x_wconf 89' lang='lat' dir='ltr'><strong><em>omnia</em></strong></span> <span class='ocrx_word' id='word_1_851' title='bbox 2325 4232 2657 4303; x_wconf 87' lang='lat' dir='ltr'><strong><em>colligamus,</em></strong></span> <span class='ocrx_word' id='word_1_852' title='bbox 2689 4240 2744 4288; x_wconf 88' lang='lat' dir='ltr'><strong><em>et</em></strong></span> <span class='ocrx_word' id='word_1_853' title='bbox 2769 4247 2866 4288; x_wconf 89' lang='lat' dir='ltr'><strong><em>nos</em></strong></span> <span class='ocrx_word' id='word_1_854' title='bbox 2895 4233 3182 4288; x_wconf 90' lang='lat' dir='ltr'><strong><em>multorum</em></strong></span> <span class='ocrx_word' id='word_1_855' title='bbox 3209 4249 3333 4289; x_wconf 90' lang='lat' dir='ltr'><strong><em>reos</em></strong></span> <span class='ocrx_word' id='word_1_856' title='bbox 3359 4234 3556 4304; x_wconf 85' lang='lat' dir='ltr'><strong><em>depre-</em></strong></span> 
     </span>
    </p>
   </div>
   <div class='ocr_carea' id='block_1_107' title="bbox 1975 4322 3559 4392">
    <p class='ocr_par' dir='ltr' id='par_1_107' title="bbox 1975 4322 3559 4392">
     <span class='ocr_line' id='line_1_107' title="bbox 1975 4322 3559 4392; baseline 0.006 -16"><span class='ocrx_word' id='word_1_857' title='bbox 1975 4322 2289 4379; x_wconf 88' lang='lat' dir='ltr'><strong><em>hendemus.</em></strong></span> <span class='ocrx_word' id='word_1_858' title='bbox 2332 4324 2461 4392; x_wconf 91' lang='lat' dir='ltr'><strong>Quis</strong></span> <span class='ocrx_word' id='word_1_859' title='bbox 2501 4325 2642 4379; x_wconf 89' lang='lat' dir='ltr'><strong><em>enim</em></strong></span> <span class='ocrx_word' id='word_1_860' title='bbox 2687 4325 2754 4379; x_wconf 89' lang='lat' dir='ltr'><strong><em>ab</em></strong></span> <span class='ocrx_word' id='word_1_861' title='bbox 2794 4325 3015 4380; x_wconf 91' lang='lat' dir='ltr'><strong><em>avaritia</em></strong></span> <span class='ocrx_word' id='word_1_862' title='bbox 3063 4325 3292 4380; x_wconf 91' lang='lat' dir='ltr'><strong><em>mundus</em></strong></span> <span class='ocrx_word' id='word_1_863' title='bbox 3327 4327 3452 4382; x_wconf 84' lang='lat' dir='ltr'><strong><em>est?</em></strong></span> <span class='ocrx_word' id='word_1_864' title='bbox 3483 4330 3559 4385; x_wconf 82' lang='lat' dir='ltr'><strong>Ne</strong></span> 
     </span>
    </p>
   </div>
   <div class='ocr_carea' id='block_1_108' title="bbox 1972 4413 3553 4478">
    <p class='ocr_par' dir='ltr' id='par_1_108' title="bbox 1972 4413 3553 4478">
     <span class='ocr_line' id='line_1_108' title="bbox 1972 4413 3553 4478; baseline 0.003 -12"><span class='ocrx_word' id='word_1_865' title='bbox 1972 4413 2100 4466; x_wconf 90' lang='lat' dir='ltr'><strong>mihi</strong></span> <span class='ocrx_word' id='word_1_866' title='bbox 2131 4413 2270 4467; x_wconf 88' lang='lat' dir='ltr'><strong><em>enim</em></strong></span> <span class='ocrx_word' id='word_1_867' title='bbox 2295 4415 2513 4478; x_wconf 80' lang='lat' dir='ltr'><strong><em>dixeris,</em></strong></span> <span class='ocrx_word' id='word_1_868' title='bbox 2548 4423 2598 4469; x_wconf 90' lang='lat' dir='ltr'><strong><em>te</em></strong></span> <span class='ocrx_word' id='word_1_869' title='bbox 2628 4413 2971 4470; x_wconf 90' lang='lat' dir='ltr'><strong><em>mediocriter</em></strong></span> <span class='ocrx_word' id='word_1_870' title='bbox 2996 4429 3213 4470; x_wconf 86' lang='lat' dir='ltr'><strong><em>avarum</em></strong></span> <span class='ocrx_word' id='word_1_871' title='bbox 3240 4431 3397 4472; x_wconf 89' lang='lat' dir='ltr'><strong><em>esse:</em></strong></span> <span class='ocrx_word' id='word_1_872' title='bbox 3430 4432 3553 4471; x_wconf 87' lang='lat' dir='ltr'><strong><em>nam</em></strong></span> 
     </span>
    </p>
   </div>
   <div class='ocr_carea' id='block_1_109' title="bbox 1971 4503 3556 4578">
    <p class='ocr_par' dir='ltr' id='par_1_109' title="bbox 1971 4503 3556 4578">
     <span class='ocr_line' id='line_1_109' title="bbox 1971 4503 3556 4578; baseline 0.005 -24"><span class='ocrx_word' id='word_1_873' title='bbox 1971 4516 2068 4572; x_wconf 91' lang='lat' dir='ltr'><strong>pro</strong></span> <span class='ocrx_word' id='word_1_874' title='bbox 2093 4503 2302 4558; x_wconf 90' lang='lat' dir='ltr'><strong><em>modico</em></strong></span> <span class='ocrx_word' id='word_1_875' title='bbox 2331 4504 2488 4558; x_wconf 83' lang='lat' dir='ltr'><strong><em>etiam</em></strong></span> <span class='ocrx_word' id='word_1_876' title='bbox 2517 4519 2703 4573; x_wconf 80' lang='lat' dir='ltr'><strong><em>pcenas</em></strong></span> <span class='ocrx_word' id='word_1_877' title='bbox 2726 4505 2994 4562; x_wconf 89' lang='lat' dir='ltr'><strong><em>dabimus.</em></strong></span> <span class='ocrx_word' id='word_1_878' title='bbox 3023 4505 3146 4560; x_wconf 63' lang='lat' dir='ltr'><strong><em>Haec</em></strong></span> <span class='ocrx_word' id='word_1_879' title='bbox 3164 4508 3357 4577; x_wconf 86' lang='lat' dir='ltr'><strong><em>cogita,</em></strong></span> <span class='ocrx_word' id='word_1_880' title='bbox 3381 4515 3438 4562; x_wconf 85' lang='lat' dir='ltr'><strong><em>et</em></strong></span> <span class='ocrx_word' id='word_1_881' title='bbox 3459 4523 3556 4578; x_wconf 84' lang='lat' dir='ltr'><strong><em>age</em></strong></span> 
     </span>
    </p>
   </div>
   <div class='ocr_carea' id='block_1_110' title="bbox 1967 4594 3553 4664">
    <p class='ocr_par' dir='ltr' id='par_1_110' title="bbox 1967 4594 3553 4664">
     <span class='ocr_line' id='line_1_110' title="bbox 1967 4594 3553 4664; baseline 0.001 -16"><span class='ocrx_word' id='word_1_882' title='bbox 1967 4594 2353 4664; x_wconf 64' lang='lat' dir='ltr'><strong><em>paenitentiam.</em></strong></span> <span class='ocrx_word' id='word_1_883' title='bbox 2377 4595 2508 4664; x_wconf 90' lang='lat' dir='ltr'><strong><em>Quis</em></strong></span> <span class='ocrx_word' id='word_1_884' title='bbox 2533 4611 2638 4651; x_wconf 89' lang='lat' dir='ltr'><strong><em>non</em></strong></span> <span class='ocrx_word' id='word_1_885' title='bbox 2659 4611 2783 4651; x_wconf 90' lang='lat' dir='ltr'><strong><em>reus</em></strong></span> <span class='ocrx_word' id='word_1_886' title='bbox 2804 4596 2960 4650; x_wconf 73' lang='lat' dir='ltr'><strong><em>illata:</em></strong></span> <span class='ocrx_word' id='word_1_887' title='bbox 2983 4598 3316 4652; x_wconf 73' lang='lat' dir='ltr'><strong><em>contumelia:</em></strong></span> <span class='ocrx_word' id='word_1_888' title='bbox 3332 4599 3355 4651; x_wconf 87' lang='lat'><strong>?</strong></span> <span class='ocrx_word' id='word_1_889' title='bbox 3371 4605 3425 4652; x_wconf 91' lang='lat' dir='ltr'><strong><em>et</em></strong></span> <span class='ocrx_word' id='word_1_890' title='bbox 3451 4597 3553 4651; x_wconf 87' lang='lat' dir='ltr'><strong>hoc</strong></span> 
     </span>
    </p>
   </div>
   <div class='ocr_carea' id='block_1_111' title="bbox 1965 4686 3548 4758">
    <p class='ocr_par' dir='ltr' id='par_1_111' title="bbox 1965 4686 3548 4758">
     <span class='ocr_line' id='line_1_111' title="bbox 1965 4686 3548 4758; baseline 0.003 -18"><span class='ocrx_word' id='word_1_891' title='bbox 1965 4686 2123 4740; x_wconf 88' lang='lat' dir='ltr'><strong><em>etiam</em></strong></span> <span class='ocrx_word' id='word_1_892' title='bbox 2164 4687 2216 4741; x_wconf 91' lang='lat' dir='ltr'><strong><em>in</em></strong></span> <span class='ocrx_word' id='word_1_893' title='bbox 2267 4689 2564 4758; x_wconf 82' lang='lat' dir='ltr'><strong><em>gehennam</em></strong></span> <span class='ocrx_word' id='word_1_894' title='bbox 2615 4688 2853 4758; x_wconf 89' lang='lat' dir='ltr'><strong><em>conjicit.</em></strong></span> <span class='ocrx_word' id='word_1_895' title='bbox 2902 4688 3030 4756; x_wconf 89' lang='lat' dir='ltr'><strong><em>Quis</em></strong></span> <span class='ocrx_word' id='word_1_896' title='bbox 3074 4704 3180 4743; x_wconf 91' lang='lat' dir='ltr'><strong><em>non</em></strong></span> <span class='ocrx_word' id='word_1_897' title='bbox 3235 4691 3442 4745; x_wconf 89' lang='lat' dir='ltr'><strong><em>occulte</em></strong></span> <span class='ocrx_word' id='word_1_898' title='bbox 3479 4691 3548 4745; x_wconf 88' lang='lat' dir='ltr'><strong><em>de</em></strong></span> 
     </span>
    </p>
   </div>
   <div class='ocr_carea' id='block_1_112' title="bbox 1965 4779 3541 4851">
    <p class='ocr_par' dir='ltr' id='par_1_112' title="bbox 1965 4779 3541 4851">
     <span class='ocr_line' id='line_1_112' title="bbox 1965 4779 3541 4851; baseline 0.004 -22"><span class='ocrx_word' id='word_1_899' title='bbox 1965 4779 2206 4845; x_wconf 85' lang='lat' dir='ltr'><strong><em>proximo</em></strong></span> <span class='ocrx_word' id='word_1_900' title='bbox 2233 4779 2372 4833; x_wconf 88' lang='lat' dir='ltr'><strong><em>male</em></strong></span> <span class='ocrx_word' id='word_1_901' title='bbox 2420 4779 2590 4832; x_wconf 83' lang='lat' dir='ltr'><strong><em>dixit?</em></strong></span> <span class='ocrx_word' id='word_1_902' title='bbox 2618 4787 2674 4833; x_wconf 86' lang='lat' dir='ltr'><strong><em>et.</em></strong></span> <span class='ocrx_word' id='word_1_903' title='bbox 2721 4779 2823 4833; x_wconf 86' lang='lat' dir='ltr'><strong><em>hoc</em></strong></span> <span class='ocrx_word' id='word_1_904' title='bbox 2853 4779 3011 4832; x_wconf 90' lang='lat' dir='ltr'><strong><em>etiam</em></strong></span> <span class='ocrx_word' id='word_1_905' title='bbox 3042 4793 3072 4832; x_wconf 90' lang='lat' dir='ltr'><strong><em>a</em></strong></span> <span class='ocrx_word' id='word_1_906' title='bbox 3105 4793 3270 4849; x_wconf 86' lang='lat' dir='ltr'><strong><em>regno</em></strong></span> <span class='ocrx_word' id='word_1_907' title='bbox 3311 4780 3472 4851; x_wconf 78' lang='lat' dir='ltr'><strong><em>exigit</em></strong></span> <span class='ocrx_word' id='word_1_908' title='bbox 3502 4783 3541 4837; x_wconf 82' lang='lat'><strong><em>&#39;.</em></strong></span> 
     </span>
    </p>
   </div>
   <div class='ocr_carea' id='block_1_113' title="bbox 1961 4867 3537 4937">
    <p class='ocr_par' dir='ltr' id='par_1_113' title="bbox 1961 4867 3537 4937">
     <span class='ocr_line' id='line_1_113' title="bbox 1961 4867 3537 4937; baseline 0.005 -18"><span class='ocrx_word' id='word_1_909' title='bbox 1961 4867 2090 4933; x_wconf 89' lang='lat' dir='ltr'><strong><em>Quis</em></strong></span> <span class='ocrx_word' id='word_1_910' title='bbox 2121 4869 2366 4937; x_wconf 89' lang='lat' dir='ltr'><strong><em>superbia</em></strong></span> <span class='ocrx_word' id='word_1_911' title='bbox 2398 4884 2500 4930; x_wconf 83' lang='lat' dir='ltr'><strong><em>non</em></strong></span> <span class='ocrx_word' id='word_1_912' title='bbox 2534 4869 2824 4922; x_wconf 89' lang='lat' dir='ltr'><strong><em>intumuit?</em></strong></span> <span class='ocrx_word' id='word_1_913' title='bbox 2872 4868 2969 4924; x_wconf 88' lang='lat' dir='ltr'><strong><em>Hic</em></strong></span> <span class='ocrx_word' id='word_1_914' title='bbox 3000 4883 3127 4923; x_wconf 86' lang='lat' dir='ltr'><strong><em>vero</em></strong></span> <span class='ocrx_word' id='word_1_915' title='bbox 3168 4869 3404 4926; x_wconf 80' lang='lat' dir='ltr'><strong><em>omnium</em></strong></span> <span class='ocrx_word' id='word_1_916' title='bbox 3443 4872 3537 4927; x_wconf 87' lang='lat' dir='ltr'><strong><em>im-</em></strong></span> 
     </span>
    </p>
   </div>
   <div class='ocr_carea' id='block_1_114' title="bbox 1959 4959 3540 5035">
    <p class='ocr_par' dir='ltr' id='par_1_114' title="bbox 1959 4959 3540 5035">
     <span class='ocr_line' id='line_1_114' title="bbox 1959 4959 3540 5035; baseline 0.001 -20"><span class='ocrx_word' id='word_1_917' title='bbox 1959 4960 2340 5015; x_wconf 89' lang='lat' dir='ltr'><strong><em>mundissimus</em></strong></span> <span class='ocrx_word' id='word_1_918' title='bbox 2367 4969 2469 5016; x_wconf 89' lang='lat' dir='ltr'><strong><em>est.</em></strong></span> <span class='ocrx_word' id='word_1_919' title='bbox 2496 4959 2626 5027; x_wconf 90' lang='lat' dir='ltr'><strong><em>Quis</em></strong></span> <span class='ocrx_word' id='word_1_920' title='bbox 2656 4960 2936 5031; x_wconf 89' lang='lat' dir='ltr'><strong><em>impudicis</em></strong></span> <span class='ocrx_word' id='word_1_921' title='bbox 2962 4961 3132 5017; x_wconf 90' lang='lat' dir='ltr'><strong><em>oculis</em></strong></span> <span class='ocrx_word' id='word_1_922' title='bbox 3162 4977 3266 5017; x_wconf 90' lang='lat' dir='ltr'><strong><em>non</em></strong></span> <span class='ocrx_word' id='word_1_923' title='bbox 3297 4964 3540 5035; x_wconf 82' lang='lat' dir='ltr'><strong><em>aspexit?</em></strong></span> 
     </span>
    </p>
   </div>
   <div class='ocr_carea' id='block_1_115' title="bbox 1957 5052 3535 5122">
    <p class='ocr_par' dir='ltr' id='par_1_115' title="bbox 1957 5052 3535 5122">
     <span class='ocr_line' id='line_1_115' title="bbox 1957 5052 3535 5122; baseline 0.001 -14"><span class='ocrx_word' id='word_1_924' title='bbox 1957 5053 2054 5108; x_wconf 82' lang='lat' dir='ltr'><strong><em>Hic</em></strong></span> <span class='ocrx_word' id='word_1_925' title='bbox 2083 5068 2242 5122; x_wconf 88' lang='lat' dir='ltr'><strong>porro</strong></span> <span class='ocrx_word' id='word_1_926' title='bbox 2276 5052 2518 5108; x_wconf 52' lang='lat' dir='ltr'><strong><em>moechus</em></strong></span> <span class='ocrx_word' id='word_1_927' title='bbox 2545 5054 2764 5107; x_wconf 90' lang='lat' dir='ltr'><strong><em>omnino</em></strong></span> <span class='ocrx_word' id='word_1_928' title='bbox 2792 5063 2894 5108; x_wconf 88' lang='lat' dir='ltr'><strong><em>est.</em></strong></span> <span class='ocrx_word' id='word_1_929' title='bbox 2926 5053 3056 5122; x_wconf 92' lang='lat' dir='ltr'><strong><em>Quis</em></strong></span> <span class='ocrx_word' id='word_1_930' title='bbox 3091 5069 3196 5109; x_wconf 89' lang='lat' dir='ltr'><strong><em>non</em></strong></span> <span class='ocrx_word' id='word_1_931' title='bbox 3237 5055 3353 5112; x_wconf 90' lang='lat' dir='ltr'><strong><em>sine</em></strong></span> <span class='ocrx_word' id='word_1_932' title='bbox 3376 5071 3535 5111; x_wconf 88' lang='lat' dir='ltr'><strong><em>causa</em></strong></span> 
     </span>
    </p>
   </div>
   <div class='ocr_carea' id='block_1_116' title="bbox 1954 5145 3533 5212">
    <p class='ocr_par' dir='ltr' id='par_1_116' title="bbox 1954 5145 3533 5212">
     <span class='ocr_line' id='line_1_116' title="bbox 1954 5145 3533 5212; baseline 0.001 -13"><span class='ocrx_word' id='word_1_933' title='bbox 1954 5145 2098 5201; x_wconf 85' lang='lat' dir='ltr'><strong><em>fratri</em></strong></span> <span class='ocrx_word' id='word_1_934' title='bbox 2121 5160 2224 5200; x_wconf 89' lang='lat' dir='ltr'><strong><em>suo</em></strong></span> <span class='ocrx_word' id='word_1_935' title='bbox 2250 5145 2414 5200; x_wconf 88' lang='lat' dir='ltr'><strong><em>iratus</em></strong></span> <span class='ocrx_word' id='word_1_936' title='bbox 2440 5146 2568 5201; x_wconf 89' lang='lat' dir='ltr'><strong><em>est?</em></strong></span> <span class='ocrx_word' id='word_1_937' title='bbox 2600 5145 2695 5201; x_wconf 84' lang='lat' dir='ltr'><strong><em>Hic</em></strong></span> <span class='ocrx_word' id='word_1_938' title='bbox 2721 5161 2851 5201; x_wconf 90' lang='lat' dir='ltr'><strong><em>vero</em></strong></span> <span class='ocrx_word' id='word_1_939' title='bbox 2874 5161 2999 5202; x_wconf 87' lang='lat' dir='ltr'><strong><em>reus</em></strong></span> <span class='ocrx_word' id='word_1_940' title='bbox 3021 5155 3101 5202; x_wconf 88' lang='lat' dir='ltr'><strong><em>est</em></strong></span> <span class='ocrx_word' id='word_1_941' title='bbox 3127 5147 3373 5203; x_wconf 91' lang='lat' dir='ltr'><strong><em>concilio.</em></strong></span> <span class='ocrx_word' id='word_1_942' title='bbox 3403 5147 3533 5212; x_wconf 90' lang='lat' dir='ltr'><strong><em>Quis</em></strong></span> 
     </span>
    </p>
   </div>
   <div class='ocr_carea' id='block_1_117' title="bbox 1953 5236 3530 5306">
    <p class='ocr_par' dir='ltr' id='par_1_117' title="bbox 1953 5236 3530 5306">
     <span class='ocr_line' id='line_1_117' title="bbox 1953 5236 3530 5306; baseline 0.001 -16"><span class='ocrx_word' id='word_1_943' title='bbox 1953 5252 2058 5290; x_wconf 92' lang='lat' dir='ltr'><strong><em>non</em></strong></span> <span class='ocrx_word' id='word_1_944' title='bbox 2081 5237 2318 5304; x_wconf 81' lang='lat' dir='ltr'><strong><em>juravit?</em></strong></span> <span class='ocrx_word' id='word_1_945' title='bbox 2348 5236 2460 5291; x_wconf 82' lang='lat' dir='ltr'><strong><em>Hoc</em></strong></span> <span class='ocrx_word' id='word_1_946' title='bbox 2495 5244 2673 5292; x_wconf 88' lang='lat' dir='ltr'><strong><em>autem</em></strong></span> <span class='ocrx_word' id='word_1_947' title='bbox 2719 5252 2749 5292; x_wconf 89' lang='lat' dir='ltr'><strong><em>a</em></strong></span> <span class='ocrx_word' id='word_1_948' title='bbox 2790 5238 2932 5293; x_wconf 88' lang='lat' dir='ltr'><strong><em>malo</em></strong></span> <span class='ocrx_word' id='word_1_949' title='bbox 2957 5248 3058 5294; x_wconf 88' lang='lat' dir='ltr'><strong><em>est.</em></strong></span> <span class='ocrx_word' id='word_1_950' title='bbox 3084 5239 3212 5305; x_wconf 87' lang='lat' dir='ltr'><strong><em>Quis</em></strong></span> <span class='ocrx_word' id='word_1_951' title='bbox 3241 5253 3344 5292; x_wconf 93' lang='lat' dir='ltr'><strong><em>non</em></strong></span> <span class='ocrx_word' id='word_1_952' title='bbox 3378 5237 3530 5306; x_wconf 87' lang='lat' dir='ltr'><strong><em>peje-</em></strong></span> 
     </span>
    </p>
   </div>
   <div class='ocr_carea' id='block_1_118' title="bbox 1951 5327 3529 5399">
    <p class='ocr_par' dir='ltr' id='par_1_118' title="bbox 1951 5327 3529 5399">
     <span class='ocr_line' id='line_1_118' title="bbox 1951 5327 3529 5399; baseline -0.001 -18"><span class='ocrx_word' id='word_1_953' title='bbox 1951 5327 2129 5381; x_wconf 90' lang='lat' dir='ltr'><strong><em>ravit?</em></strong></span> <span class='ocrx_word' id='word_1_954' title='bbox 2157 5327 2253 5381; x_wconf 86' lang='lat' dir='ltr'><strong><em>llic</em></strong></span> <span class='ocrx_word' id='word_1_955' title='bbox 2283 5343 2441 5398; x_wconf 90' lang='lat' dir='ltr'><strong>porro</strong></span> <span class='ocrx_word' id='word_1_956' title='bbox 2463 5329 2581 5396; x_wconf 91' lang='lat' dir='ltr'><strong>plus</strong></span> <span class='ocrx_word' id='word_1_957' title='bbox 2609 5343 2768 5399; x_wconf 89' lang='lat' dir='ltr'><strong><em>quam</em></strong></span> <span class='ocrx_word' id='word_1_958' title='bbox 2793 5344 2823 5383; x_wconf 90' lang='lat' dir='ltr'><strong><em>a</em></strong></span> <span class='ocrx_word' id='word_1_959' title='bbox 2850 5331 2990 5384; x_wconf 89' lang='lat' dir='ltr'><strong><em>malo</em></strong></span> <span class='ocrx_word' id='word_1_960' title='bbox 3009 5338 3109 5384; x_wconf 89' lang='lat' dir='ltr'><strong><em>est.</em></strong></span> <span class='ocrx_word' id='word_1_961' title='bbox 3131 5329 3261 5394; x_wconf 88' lang='lat' dir='ltr'><strong><em>Quis</em></strong></span> <span class='ocrx_word' id='word_1_962' title='bbox 3290 5341 3394 5380; x_wconf 90' lang='lat' dir='ltr'><strong><em>non</em></strong></span> <span class='ocrx_word' id='word_1_963' title='bbox 3423 5341 3529 5381; x_wconf 87' lang='lat' dir='ltr'><strong>ser-</strong></span> 
     </span>
    </p>
   </div>
   <div class='ocr_carea' id='block_1_119' title="bbox 1953 5415 3527 5480">
    <p class='ocr_par' dir='ltr' id='par_1_119' title="bbox 1953 5415 3527 5480">
     <span class='ocr_line' id='line_1_119' title="bbox 1953 5415 3527 5480; baseline 0 -10"><span class='ocrx_word' id='word_1_964' title='bbox 1953 5421 2078 5474; x_wconf 69' lang='lat' dir='ltr'><strong><em>vivit</em></strong></span> <span class='ocrx_word' id='word_1_965' title='bbox 2118 5419 2421 5475; x_wconf 56' lang='lat' dir='ltr'><strong><em>mamonae?</em></strong></span> <span class='ocrx_word' id='word_1_966' title='bbox 2448 5419 2545 5480; x_wconf 85' lang='lat' dir='ltr'><strong><em>Hie</em></strong></span> <span class='ocrx_word' id='word_1_967' title='bbox 2581 5435 2710 5476; x_wconf 86' lang='lat' dir='ltr'><strong><em>vero</em></strong></span> <span class='ocrx_word' id='word_1_968' title='bbox 2743 5435 2771 5474; x_wconf 90' lang='lat' dir='ltr'><strong>a</strong></span> <span class='ocrx_word' id='word_1_969' title='bbox 2797 5420 3004 5476; x_wconf 81' lang='lat' dir='ltr'><strong><em>sincera</em></strong></span> <span class='ocrx_word' id='word_1_970' title='bbox 3034 5415 3226 5472; x_wconf 86' lang='lat' dir='ltr'><strong>Christi</strong></span> <span class='ocrx_word' id='word_1_971' title='bbox 3271 5419 3527 5471; x_wconf 84' lang='lat' dir='ltr'><strong><em>servitute</em></strong></span> 
     </span>
    </p>
   </div>
   <div class='ocr_carea' id='block_1_120' title="bbox 1947 5505 3522 5582">
    <p class='ocr_par' dir='ltr' id='par_1_120' title="bbox 1947 5505 3522 5582">
     <span class='ocr_line' id='line_1_120' title="bbox 1947 5505 3522 5582; baseline -0.003 -15"><span class='ocrx_word' id='word_1_972' title='bbox 1947 5510 2164 5567; x_wconf 84' lang='lat' dir='ltr'><strong><em>excidit.</em></strong></span> <span class='ocrx_word' id='word_1_973' title='bbox 2198 5511 2314 5567; x_wconf 82' lang='lat' dir='ltr'><strong>Alia</strong></span> <span class='ocrx_word' id='word_1_974' title='bbox 2357 5511 2440 5567; x_wconf 91' lang='lat' dir='ltr'><strong>his</strong></span> <span class='ocrx_word' id='word_1_975' title='bbox 2484 5513 2684 5582; x_wconf 88' lang='lat' dir='ltr'><strong><em>majora</em></strong></span> <span class='ocrx_word' id='word_1_976' title='bbox 2728 5509 2965 5580; x_wconf 89' lang='lat' dir='ltr'><strong><em>proferre</em></strong></span> <span class='ocrx_word' id='word_1_977' title='bbox 2995 5521 3204 5578; x_wconf 90' lang='lat' dir='ltr'><strong><em>possem</em></strong></span> <span class='ocrx_word' id='word_1_978' title='bbox 3233 5521 3250 5562; x_wconf 87' lang='lat'><strong>:</strong></span> <span class='ocrx_word' id='word_1_979' title='bbox 3284 5505 3377 5561; x_wconf 88' lang='lat' dir='ltr'><strong><em>sed</em></strong></span> <span class='ocrx_word' id='word_1_980' title='bbox 3407 5505 3522 5562; x_wconf 66' lang='lat' dir='ltr'><strong><em>hac</em></strong></span> 
     </span>
    </p>
   </div>
   <div class='ocr_carea' id='block_1_121' title="bbox 1931 5617 3524 5687">
    <p class='ocr_par' dir='ltr' id='par_1_121' title="bbox 1931 5617 3524 5687">
     <span class='ocr_line' id='line_1_121' title="bbox 1931 5617 3524 5687; baseline -0.002 -17"><span class='ocrx_word' id='word_1_981' title='bbox 1931 5648 1952 5670; x_wconf 78' lang='grc' dir='ltr'><strong><em>ο</em></strong></span> <span class='ocrx_word' id='word_1_982' title='bbox 2013 5625 2029 5656; x_wconf 72' lang='grc' dir='ltr'>ί</span> <span class='ocrx_word' id='word_1_983' title='bbox 2064 5630 2246 5686; x_wconf 60' lang='lat' dir='ltr'><strong><em>tunc,&quot;</em></strong></span> <span class='ocrx_word' id='word_1_984' title='bbox 2263 5625 2350 5676; x_wconf 82' lang='lat' dir='ltr'><strong><em>hoc</em></strong></span> <span class='ocrx_word' id='word_1_985' title='bbox 2373 5627 2515 5676; x_wconf 84' lang='lat' dir='ltr'><strong><em>etiam</em></strong></span> <span class='ocrx_word' id='word_1_986' title='bbox 2538 5638 2570 5673; x_wconf 90' lang='lat' dir='ltr'><strong><em>a</em></strong></span> <span class='ocrx_word' id='word_1_987' title='bbox 2589 5635 2736 5687; x_wconf 83' lang='lat' dir='ltr'><strong><em>regno</em></strong></span> <span class='ocrx_word' id='word_1_988' title='bbox 2755 5619 2922 5684; x_wconf 69' lang='lat' dir='ltr'><strong><em>exigit,</em></strong></span> <span class='ocrx_word' id='word_1_989' title='bbox 2945 5621 2993 5669; x_wconf 94' lang='lat' dir='ltr'><strong><em>in</em></strong></span> <span class='ocrx_word' id='word_1_990' title='bbox 3015 5619 3171 5668; x_wconf 90' lang='lat' dir='ltr'><strong>tribus</strong></span> <span class='ocrx_word' id='word_1_991' title='bbox 3189 5623 3295 5667; x_wconf 70' lang='lat' dir='ltr'><strong><em>Mss.</em></strong></span> <span class='ocrx_word' id='word_1_992' title='bbox 3318 5617 3524 5667; x_wconf 77' lang='lat' dir='ltr'><strong><em>desunt.</em></strong></span> 
     </span>
    </p>
   </div>
  </div>
