4010 6128
535 247 558 302 ι

459 247 558 305 ιδι
1156 247 1213 290 δ.
1256 247 1531 289 suam“:
1567 247 2030 282 hlll‘tlauasunu

459 337 593 394 satis
619 339 743 391 sttnt
760 372 775 398 ,
801 310 859 387 et
895 335 1114 401 possent
1150 325 1216 380 ad
1237 321 1700 393 compunctioaem
1727 315 1990 371 deducere
2013 355 2030 381 ,

457 428 566 483 nisi
587 425 705 496 quis
731 421 972 492 lapideus
991 418 1100 482 sit,
1129 423 1184 470 et
1209 412 1353 468 omni
1396 422 1616 481 prorsus
1646 421 1806 462 sensu
1834 415 2034 460 careat.

457 514 518 574 Si
545 493 688 572 enim
714 526 900 570 eorum
925 509 1128 579 singula
1153 507 1206 561 in
1230 502 1527 575 gehennam
1552 497 1844 568 conjiciunt
1865 536 1879 558 ,
1910 493 2036 564 quid

464 621 572 662 non
600 605 793 660 facient
816 600 992 657 omnia
1023 596 1181 653 simul
1204 591 1528 662 conjuncta?
1555 586 1834 656 Quomodo
1859 584 2034 655 igitur,

466 699 693 768 inquies,
721 694 945 749 salutem
973 687 1222 757 consequi
1251 681 1575 756 possumus?
1602 679 1658 736 Si
1685 677 1924 748 Opposita
1955 674 2038 729 his

466 786 701 845 remedia
741 785 1087 840 adhibeamus
1110 818 1125 844 ,
1165 777 1560 845 eleemosynam
1587 813 1601 835 ,
1629 783 1816 840 preces
1841 809 1856 834 ,
1883 780 2037 821 com-

463 880 804 950 punctionem
829 915 844 938 ,
874 871 1238 944 ptenitentiam
1263 908 1278 931 ,
1308 864 1659 920 humilitatem
1679 901 1695 925 ,
1723 873 1817 914 cor
1839 855 2041 912 contri-

467 947 600 1038 tum,
631 983 806 1024 rerum
827 965 1164 1037 praesentium
1186 965 1567 1027 contemptum.
1587 953 1879 1009 Sexcentas
1899 947 2042 1038 enim

467 1063 653 1120 salutis
681 1073 794 1116 vias
817 1060 956 1114 Deus
983 1055 1227 1127 aperuit,
1259 1054 1304 1107 si
1331 1047 1608 1105 attendere
1637 1044 1882 1100 velimus.
1915 1037 2046 1096 Ani-

1156 234 1213 290 S.
1256 228 1531 289 JOANNIS
1567 221 2043 282 CIIRYSOSTOMI
2080 218 2398 278 ARCHIEP.
2435 211 2973 273 CONSTANTINOP.

3609 211 3717 266 459.

2141 326 2286 367 mum
2315 308 2662 364 adhibeamus
2699 321 2825 376 ergo
2847 347 2864 371 ,
2895 312 2947 360 et
2989 317 3084 374 per
3109 303 3226 358 haec
3249 301 3429 358 omnia
3471 317 3721 358 curemus

2141 405 2380 467 vulnera,
2408 401 2803 469 eleemosynam
2825 405 3126 466 erogantes,
3154 395 3288 450 iram
3315 396 3366 451 in
3389 410 3483 452 eos
3511 398 3603 466 qui
3630 411 3724 452 nos

2141 494 2397 550 laeserunt
2421 492 2790 562 reprimentes,
2822 502 2918 558 pro
2937 487 3184 543 omnibus
3208 486 3319 543 Deo
3341 487 3543 558 gratias
3567 503 3726 558 agen-

2143 595 2224 640 tes
2242 626 2256 649 ,
2290 599 2389 654 pro
2417 582 2617 636 viribus
2641 580 2962 649 jejunantes,
2991 578 3200 634 sincero
3227 579 3390 633 corde
3420 587 3725 646 precantes,

2143 675 2344 731 amicos
2382 673 2535 728 nobis
2583 671 2837 726 facientes
2862 686 2926 725 ex
2971 685 3221 724 mamona
3273 670 3587 740 iniquitatis.
3640 668 3728 724 Sic

2144 766 2287 820 enim
2322 765 2611 834 poterimus
2637 773 2692 818 et
2716 762 2925 817 veniam
2968 767 3309 830 peccatorum
3335 801 3351 825 ,
3381 768 3437 816 et
3465 760 3732 828 promissa

2145 855 2398 925 consequi
2427 854 2564 908 bona
2592 869 2607 906 :
2638 853 2788 923 queis
2815 851 3016 905 utinam
3047 865 3145 906 nos
3173 864 3362 905 omnes
3404 850 3692 920 dignemur
3711 890 3729 918 ,

2146 947 2315 1017 gratia
2343 954 2396 1000 et
2422 945 2745 1014 benignitate
2786 943 2994 998 Domini
3025 944 3195 999 nostri
3219 942 3346 998 Jesu
3375 943 3572 999 Christi
3597 983 3614 1009 ,
3645 944 3731 999 cui

2147 1037 2317 1108 gloria
2343 1046 2398 1092 et
2424 1036 2704 1108 imperium
2755 1035 2809 1090 in
2838 1033 3032 1090 saecula
3061 1035 3401 1090 saeculorum.
3427 1035 3623 1097 Amen.

476 1171 3733 1213 Μ

1620 1249 1970 1315 HOMILIA
2012 1247 2211 1308 XLII.
2257 1247 2343 1308 al.
2392 1247 2618 1309 XLIII.

465 1416 594 1472 Car.
623 1412 710 1468 l2.
750 1427 803 1464 ν.
834 1410 924 1465 33.
955 1407 1057 1461 Aut
1083 1405 1233 1477 facile
1259 1402 1487 1455 arborem
1513 1397 1694 1450 bonam
1714 1433 1730 1459 ,
1757 1402 1804 1446 et
1829 1395 2047 1461 fructum

536 1507 645 1575 ejus
671 1505 854 1557 bonum
872 1516 892 1564 ;
931 1507 1017 1552 aut
1047 1497 1198 1567 facile
1236 1492 1464 1547 arborem
1492 1487 1681 1542 malam
1702 1527 1717 1547 ,
1749 1494 1793 1538 et
1824 1487 2047 1554 fructum

537 1599 647 1666 ejus
674 1594 898 1647 malum:
923 1606 986 1643 ea;
1012 1592 1180 1659 {ructu
1204 1585 1334 1639 enim
1363 1583 1511 1635 arbor
1535 1576 1868 1648 cognoscitur.

540 1663 592 1740 ἱ.
621 1685 824 1738 Rursus
853 1681 972 1733 illos
999 1677 1200 1747 pudore
1227 1673 1428 1735 afficit,
1462 1684 1559 1726 nec
1587 1675 1709 1723 sunt
1751 1665 1824 1720 illi
1873 1663 2046 1733 priora

471 1781 778 1843 argumenta
810 1769 959 1824 satis.
990 1767 1101 1821 Hoc
1122 1773 1297 1818 autem
1324 1761 1488 1826 facit,
1520 1774 1622 1812 non
1664 1765 1721 1810 ut
1753 1769 1810 1809 se
1837 1768 1866 1807 a
1895 1753 2048 1821 culpa

473 1841 722 1921 defendat
749 1862 900 1931 (satis
921 1859 1064 1914 enim
1095 1864 1275 1911 essent
1301 1869 1418 1922 qua:
1439 1852 1549 1920 jam
1591 1848 1730 1903 dicta
1759 1842 1925 1916 sunt),
1955 1841 2049 1898 sed

472 1966 530 2010 ut
552 1957 670 2010 illos
694 1953 760 2007 ad
791 1951 1216 2006 emendationem
1241 1945 1486 2001 deducat.
1515 1940 1668 2008 Quod
1699 1947 1872 1992 autem
1901 1935 2049 1998 dicit,

473 2047 575 2101 hoc
609 2043 866 2114 signiﬁcat
896 2059 910 2096 :
942 2039 1111 2094 Nemo
1145 2046 1381 2093 vestrum
1413 2041 1628 2089 curatos
1668 2025 2049 2098 reprehendit,

473 2138 624 2210 quasi
650 2151 774 2192 vere
798 2134 968 2189 curati
996 2148 1101 2186 non
1130 2137 1329 2191 essent,
1355 2141 1528 2196 neque
1547 2123 1698 2186 dixit,
1724 2121 1916 2175 malam
1939 2133 2051 2172 rem

473 2209 595 2286 esse
629 2245 661 2284 a
701 2229 945 2283 dazmone
996 2223 1244 2278 liberare.
1303 2216 1524 2273 Etiamsi
1574 2215 1716 2270 enim
1770 2209 2052 2265 admodum

476 2319 810 2390 impudentes
838 2324 1060 2378 essent,
1095 2313 1196 2365 hoc
1239 2309 1419 2364 dicere
1460 2321 1566 2361 nou
1613 2309 1876 2372 poterant.
1921 2298 2054 2365 Quia

477 2426 605 2481 ergo
625 2422 787 2479 opera
813 2410 925 2476 ipsa
949 2405 1224 2458 traducere
1251 2415 1357 2454 non
1387 2397 1654 2460 valebant,
1683 2393 1775 2448 sed
1805 2393 1917 2446 haec
1937 2405 2056 2460 ope-

483 2512 690 2558 rantem
739 2498 1195 2554 calumniabantur
1225 2494 1242 2525 ¹
1267 2535 1283 2560 ,
1311 2492 1640 2547 demonstrat
1665 2486 2054 2542 accusationem

480 2603 673 2648 etcum
702 2588 972 2645 communi
1004 2585 1302 2650 ratiocinio,
1320 2591 1509 2638 etcum
1537 2595 1714 2634 rerum
1735 2589 2059 2643 consequen-

481 2687 552 2743 tia
574 2681 982 2757 pugnare.Quod
1005 2679 1232 2752 ingentis
1255 2676 1596 2748 impudentia:
1618 2681 1718 2739 est,
1742 2684 1932 2740 nempe
1950 2682 2053 2723 non

480 2778 642 2832 modo
669 2778 896 2844 maligne
923 2788 1096 2842 agere,
1133 2771 1226 2826 sed
1248 2771 1408 2825 etiam
1427 2768 1513 2822 illa
1539 2765 1864 2822 comminisci
1894 2803 1909 2828 ,
1939 2777 2058 2832 qua:

486 2875 670 2920 contra
693 2877 1027 2918 communem
1048 2861 1283 2913 omnium
1311 2867 1538 2912 mentem
1562 2863 1809 2925 pugnant.
1842 2855 1918 2906 Ac
1940 2852 2060 2906 vide

485 2972 641 3026 quam
654 2964 804 3009 extra
827 2951 1220 3007 contentionem
1238 2950 1307 3004 sit
1323 2948 1372 3002 id
1386 2946 1524 3017 quod
1543 2947 1757 3016 profert.
1776 2944 1889 2998 Non
1917 2943 2059 2999 enim

485 3048 614 3102 dicit
639 3063 652 3099 :
685 3044 866 3099 Facite
892 3043 1139 3097 arborem
1169 3041 1361 3095 bonam
1389 3080 1403 3105 ,
1433 3039 1679 3107 quoniam
1712 3036 1915 3089 fruetus
1943 3034 2061 3103 ejus

485 3141 655 3194 bonus
680 3145 801 3201 est;
847 3134 938 3189 sed
967 3137 1177 3203 egregie
1205 3132 1323 3186 illos
1349 3142 1602 3192 coercens
1622 3169 1637 3194 ,
1669 3137 1722 3182 et
1750 3135 2059 3181 mansuetu-

489 3232 667 3285 dinem
699 3244 848 3283 suam
875 3238 928 3282 et
948 3225 1328 3296 impudentiam
1351 3239 1538 3278 eorum
1561 3222 1933 3276 demonstrans
1953 3220 2061 3278 ait:

486 3326 540 3380 Si
578 3340 739 3395 opera
771 3323 928 3376 vultis
955 3319 1347 3390 reprehendere
1373 3359 1388 3383 ,
1422 3332 1527 3372 non
1561 3314 1856 3385 prohibeo:
1891 3313 2063 3368 solum

489 3433 556 3472 ne
585 3417 650 3471 de
681 3417 745 3470 iis
773 3430 889 3483 qum
919 3429 1018 3468 nec
1056 3412 1350 3468 consistere
1373 3453 1386 3474 ,
1417 3424 1515 3464 nec
1544 3415 1936 3476 consequenter
1960 3404 2064 3459 dici

490 3516 748 3579 possunt,
781 3522 868 3560 me
899 3505 1181 3558 aceusetis.
1215 3503 1301 3557 Sic
1344 3502 1486 3555 enim
1513 3500 1708 3554 clarius
1738 3494 2065 3567 deprehendi

491 3605 737 3666 poterant
760 3605 941 3650 contra
965 3609 1051 3648 res
1068 3591 1522 3646 manifestissimas
1545 3588 1878 3657 impudenter
1901 3585 2064 3653 loqui.

493 3692 676 3757 Itaque
709 3687 902 3740 frustra
934 3682 1312 3753 malignamini,
1343 3681 1530 3749 inquit,
1559 3694 1657 3733 nec
1687 3675 2068 3744 consequentia

493 3778 788 3849 loquimini.
817 3775 946 3830 Nam
981 3774 1230 3828 arborum
1261 3770 1554 3827 diflerentia
1583 3785 1645 3825 ex
1679 3768 1849 3822 fructu
1883 3765 2072 3836 digno-

492 3871 675 3936 scitur,
717 3884 820 3922 non
853 3876 1028 3921 autem
1057 3865 1257 3920 fructus
1283 3864 1350 3917 ab
1376 3863 1567 3917 arbore
1597 3880 1608 3914 :
1642 3876 1738 3916 vos
1765 3876 1894 3915 vero
1923 3873 2070 3912 con—

496 3962 716 4014 trarium
741 3958 932 4012 facitis.
964 3957 1182 4011 Etiamsi
1211 3957 1350 4010 enim
1379 3954 1536 4008 arbor
1567 3951 1767 4006 fructus
1788 3951 1856 4004 sit
1883 3965 2065 4015 causa,

493 4061 726 4106 attamen
758 4050 961 4104 fructus
985 4048 1192 4103 arboris
1235 4045 1467 4115 speciem
1507 4043 1759 4098 declarat.
1784 4043 1853 4096 At
1877 4056 2070 4096 conse-

493 4159 662 4216 quens
688 4153 821 4209 erat,
854 4151 912 4196 ut
939 4143 1050 4211 ipsa
1097 4153 1262 4208 epera
1292 4146 1344 4193 et
1389 4152 1486 4192 nos
1526 4135 1682 4190 simul
1709 4133 2069 4202 reprehende-

493 4239 624 4293 retis
647 4279 662 4304 ,
690 4237 772 4289 vel
805 4236 848 4289 si
871 4249 1032 4305 opera
1062 4231 1366 4295 laudaretis,
1401 4244 1496 4284 nos
1517 4236 1798 4297 operantes
1827 4241 1891 4280 ne
1919 4225 2071 4279 iucu-

494 4330 704 4384 saretis.
719 4326 869 4381 Nunc
889 4341 1017 4379 vero
1035 4323 1358 4379 coutrarimn
1379 4320 1548 4374 facitis
1568 4337 1580 4370 :
1602 4333 1724 4373 nam
1745 4332 1865 4372 cum
1887 4330 2067 4386 Opera,

495 4438 616 4490 quae
646 4429 769 4474 sunt
799 4418 1029 4476 fructus.
1063 4413 1372 4469 calumniari
1403 4411 1675 4480 nequeatis
1699 4450 1712 4473 ,
1745 4407 2070 4464 contrarium

494 4521 679 4570 contra
697 4511 942 4565 arborem
972 4507 1119 4561 fertis
1140 4505 1422 4569 calculum,
1440 4503 1563 4556 dum
1581 4518 1668 4557 me
1688 4501 2070 4556 dtentoniacum

495 4606 721 4671 vocatis,
752 4603 890 4674 quod
915 4611 1166 4655 extrema:
1193 4607 1275 4652 est
1300 4597 1600 4651 dementiae.
1623 4595 1752 4648 Nam
1769 4593 1909 4662 quod
1930 4593 2074 4662 prius

496 4700 706 4755 dicebat
726 4739 741 4764 ,
771 4697 870 4751 hoc
898 4695 1057 4750 etiam
1084 4707 1226 4747 nunc
1249 4690 1482 4754 asserit,
1513 4703 1618 4743 non
1648 4701 1802 4756 posse
1827 4686 2073 4740 arborem

499 4795 691 4847 bonam
735 4791 937 4845 fructus
974 4789 1140 4842 malos
1179 4784 1394 4848 facere,
1443 4796 1618 4852 neque
1664 4780 1855 4833 malam
1907 4779 2075 4834 bonos

501 4885 714 4955 (Matth.
747 4885 800 4938 7.
832 4884 942 4954 l8).
972 4883 1152 4950 Itaque
1179 4878 1543 4934 accusationes
1585 4889 1766 4931 eorum
1797 4873 1966 4942 palam
1995 4881 2076 4926 est

501 4975 633 5030 nihil
665 4989 1014 5042 consequens,
1050 4972 1181 5027 nihil
1211 4969 1499 5026 secundum
1523 4975 1767 5022 naturam
1797 4980 1971 5020 rerum
1990 4963 2077 5017 ha-

501 5067 648 5122 bere.
677 5063 875 5117 Deinde
915 5063 1035 5132 quia
1060 5079 1165 5116 non
1200 5077 1294 5132 pro
1322 5077 1380 5116 se
1404 5103 1417 5125 ,
1447 5059 1539 5115 sed
1570 5074 1665 5127 pro
1685 5057 1883 5126 Spiritu
1915 5055 2074 5110 verba

503 5159 627 5213 facit
651 5199 664 5222 ,
699 5154 892 5210 acriter
917 5153 1182 5208 invehitur
1209 5155 1393 5208 dicens
1413 5153 1547 5222 r54.
1573 5150 1848 5221 Progenies
1873 5148 2074 5216 vipera-

501 5267 634 5315 rum,
664 5245 912 5317 quomodo
945 5245 1144 5314 potestis
1172 5246 1299 5297 bona
1322 5244 1475 5314 loqui,
1505 5259 1616 5296 cum
1646 5244 1753 5296 sitis
1779 5241 1902 5294 mali
1923 5241 1946 5292 ?
1967 5239 2077 5294 lloc

501 5357 632 5397 vero
659 5339 815 5395 simul
843 5346 896 5393 et
917 5336 1217 5391 accusantis
1243 5345 1343 5398 est,
1377 5344 1429 5389 et
1456 5334 1714 5389 dictorum
1742 5333 2078 5388 demonstra-

502 5438 700 5490 tionem
731 5433 853 5487 inde
886 5429 1187 5502 praebentis.
1229 5429 1368 5483 Ecce
1414 5442 1640 5495 namque
1685 5441 1819 5491 vos,
1865 5423 2075 5494 inquit,

504 5543 624 5582 cum
651 5526 766 5580 silis
793 5525 1012 5579 arbores
1042 5522 1230 5587 malae,
1260 5535 1367 5574 non
1414 5519 1634 5588 potestis
1673 5519 1810 5572 ferre
1852 5515 2076 5571 fructum

568 5664 585 5692 ⁸
622 5666 764 5713 L'uus,
796 5659 1032 5708 diabolum
1055 5671 1156 5706 esse
1174 5655 1406 5706 dicebant.
1470 5647 1474 5650 “

2150 1385 2368 1440 bonum.
2401 1385 2518 1442 Non
2549 1388 2715 1442 miror
2739 1402 2888 1458 ergo,
2915 1389 3054 1459 quod
3084 1389 3204 1444 talia
3232 1391 3521 1459 loquamini
3546 1406 3562 1455 ;
3591 1391 3732 1446 male

2149 1477 2345 1546 quippe
2372 1478 2580 1533 educati
2601 1479 2750 1545 estis,
2771 1495 2802 1533 a
2822 1481 2975 1535 malis
2997 1481 3425 1550 progenitoribus
3443 1481 3565 1546 orti,
3589 1497 3734 1535 men-

2151 1577 2366 1638 temque
2393 1569 2588 1623 malam
2614 1569 2840 1624 habetis.
2869 1570 2937 1624 Et
2958 1570 3078 1626 vide
3107 1587 3264 1640 quam
3290 1581 3537 1626 accurate
3560 1612 3576 1634 ,
3605 1572 3731 1626 nul-

2152 1657 2256 1712 lam
2301 1659 2544 1729 praebens
2572 1660 2676 1714 illis
2701 1674 2886 1714 ansam
2915 1700 2932 1726 ,
2979 1661 3342 1716 accusationes
3384 1661 3728 1730 disposuerit.

2151 1751 2268 1806 Non
2304 1752 2444 1806 enim
2474 1751 2606 1806 dixit
2641 1769 2653 1806 :
2684 1751 2961 1820 Quomodo
2989 1753 3210 1821 potestis
3235 1753 3371 1807 bona
3405 1753 3584 1822 loqui,
3607 1768 3731 1808 cum

2153 1842 2272 1898 sitis
2311 1843 2574 1912 genimina
2605 1844 2948 1912 viperarum?
2984 1843 3086 1898 hoc
3126 1845 3267 1898 enim
3298 1845 3429 1898 nihil
3457 1845 3523 1899 ad
3568 1846 3729 1906 illud:

2155 1933 2268 1998 sed,
2301 1934 2566 2000 Quomodo
2593 1937 2796 2004 potestis
2824 1936 2953 1990 bona
2979 1936 3136 2006 loqui,
3164 1938 3287 1990 mali
3309 1953 3425 1990 cum
3451 1939 3562 1992 sitis
3580 1939 3607 1991 ?
3632 1937 3735 1994 Ge-

2155 2027 2353 2082 nimina
2383 2037 2560 2082 autem
2589 2028 2892 2098 viperarum
2935 2030 3081 2098 ipsos
3103 2029 3334 2094 vocavit,
3363 2031 3483 2100 quia
3512 2030 3580 2086 de
3604 2046 3733 2100 pro-

2154 2120 2485 2190 genitoribus
2509 2120 2894 2192 gloriabantur.
2943 2120 3243 2177 Ostendens
3268 2121 3429 2191 igitur
3466 2121 3601 2176 nihil
3634 2123 3734 2177 sibi

2157 2211 2282 2266 inde
2311 2211 2515 2266 lucrum
2555 2213 2834 2282 provenire
2856 2253 2873 2280 ,
2902 2227 2967 2268 ex
2999 2213 3225 2267 Abrahae
3267 2213 3583 2282 cognatione
3615 2213 3737 2268 illos

2158 2303 2346 2373 ejeeit;
2370 2305 2733 2374 progenitores
2751 2314 2929 2360 autem
2954 2304 3191 2374 ejusdem
3223 2303 3414 2358 indolis
3443 2305 3534 2358 dat
3555 2304 3681 2369 illis,
3705 2320 3734 2357 a

2157 2395 2433 2450 nobilitate
2462 2396 2680 2465 pristina
2722 2397 2952 2452 nudatis.
2983 2395 3122 2450 Nam
3148 2412 3211 2450 ea:
3235 2396 3548 2450 abundantia
3570 2397 3740 2450 cordis

2158 2502 2214 2541 os
2265 2486 2501 2555 loquitur.
2553 2487 2650 2541 Hic
2694 2502 2903 2558 quoque
2946 2503 3156 2542 rursum
3206 2487 3538 2541 divinitatem
3583 2503 3740 2542 suam

2159 2586 2578 2641 commonstrat,
2606 2592 2722 2646 qurc
2743 2587 2946 2632 secreta
2973 2587 3291 2646 cognoscat;
3330 2578 3566 2647 sciatque
3595 2577 3744 2646 ipsos

2161 2683 2268 2725 non
2295 2667 2575 2726 verborum
2604 2678 2828 2735 tantum,
2860 2669 2953 2726 sed
2977 2670 3137 2726 etiam
3168 2669 3427 2726 malarum
3457 2670 3746 2741 cogitatio-

2162 2777 2290 2816 num
2334 2762 2595 2817 rationcm
2643 2761 2942 2816 reddituros
2962 2777 3114 2825 esse;
3148 2761 3421 2832 Deumque
3461 2763 3608 2831 ipsas
3653 2776 3749 2816 co-

2161 2866 2439 2922 gnoscere.
2463 2851 2598 2904 Dicit
2619 2866 2764 2915 vero,
2789 2866 2944 2920 posse
2962 2853 3120 2906 etiam
3142 2852 3380 2906 homines
3405 2852 3519 2907 lucc
3546 2866 3746 2916 nosse;

2165 2945 2286 3014 quia
2319 2942 2434 2996 inec
2461 2952 2664 2996 naturte
2693 2944 3072 3012 consequentia
3097 2953 3200 3007 est,
3226 2953 3280 2997 ut
3305 2944 3350 2998 si
3386 2945 3526 2997 intus
3553 2944 3749 3012 nequi-

2165 3035 2237 3088 tia
2280 3033 2711 3102 superabundet,
2755 3049 2851 3103 per
2893 3035 3001 3088 oris
3039 3035 3197 3089 verba
3244 3034 3368 3089 foris
3414 3034 3745 3090 cll'undatur.

2168 3123 2350 3193 Itaque
2379 3137 2498 3178 eum
2540 3125 2772 3178 audieris
2800 3123 3068 3178 hominem
3114 3125 3248 3178 mala
3276 3125 3607 3194 loquentem,
3637 3142 3748 3180 non

2167 3216 2426 3285 mqualem
2456 3215 2625 3268 solum
2669 3216 2718 3270 ei
2764 3217 3050 3286 nequitiam
3087 3217 3141 3270 in
3183 3217 3297 3285 ipso
3348 3218 3521 3272 inesse
3551 3229 3706 3287 putes
3731 3261 3748 3284 ,

2168 3322 2324 3376 quam
2341 3307 2500 3361 verba
2516 3306 2794 3370 exhibent;
2813 3306 2905 3362 sed
2922 3307 3075 3377 longe
3098 3308 3490 3377 majoremessc
3505 3309 3714 3375 conjice
3733 3327 3751 3364 :

2169 3396 2307 3466 quod
2339 3397 2482 3452 enim
2508 3405 2659 3450 extra
2691 3395 2974 3466 profertur,
3009 3398 3149 3452 intus
3179 3396 3530 3467 supereffluit.
3562 3398 3752 3452 \'ideu'

2171 3496 2327 3556 quam
2354 3487 2547 3540 acriter
2577 3486 2694 3540 illos
2721 3486 2994 3556 tetigerit?
3020 3487 3149 3540 Nam
3182 3488 3224 3541 si
3254 3488 3391 3542 dicta
3425 3503 3611 3542 eorum
3643 3497 3751 3541 tam

2173 3597 2335 3652 prava
2379 3590 2536 3647 sunt,
2568 3589 2622 3635 et
2661 3580 2948 3636 secundum
2994 3579 3191 3634 diaboli
3234 3591 3486 3641 mentem,
3515 3580 3667 3634 radis
3698 3588 3754 3634 et

2174 3673 2311 3737 fons,
2329 3688 2445 3742 quae
2470 3671 2576 3726 sint
2600 3673 2790 3742 cogita.
2813 3672 2923 3726 Hoc
2949 3684 3125 3725 autem
3150 3672 3225 3726 sic
3245 3672 3555 3742 contingere
3577 3673 3747 3731 solet;

2174 3762 2348 3834 lingua
2370 3778 2512 3833 saepe
2540 3762 2739 3833 pudore
2763 3761 2997 3829 detenta,
3033 3777 3134 3817 non
3169 3771 3364 3816 tantam
3394 3761 3553 3815 simul
3577 3762 3757 3830 nequi-

2176 3855 2300 3910 tiam
2336 3854 2595 3909 efl‘undit:
2638 3869 2731 3909 eor
2775 3863 2989 3918 autem,
3035 3855 3117 3907 cui
3163 3854 3338 3906 nullm
3391 3853 3554 3907 homo
3608 3855 3757 3907 testis

2174 3949 2364 4013 adest,
2411 3949 2528 4002 sine
2577 3956 2718 4001 metu
2787 3961 3133 4016 quarcumque
3181 3945 3308 3999 velit
3351 3946 3488 3998 tnala
3546 3945 3755 4014 gignit;

2178 4040 2344 4095 Deum
2374 4040 2567 4110 quippe
2603 4038 2730 4092 nihil
2775 4046 2947 4095 curat.
2975 4037 3233 4102 Quoniam
3273 4051 3400 4106 ergo
3431 4053 3492 4090 ea
3524 4053 3642 4105 qua:
3669 4036 3751 4089 di-

2176 4140 2387 4196 cuntur,
2413 4132 2464 4186 in
2491 4146 2712 4186 examen
2739 4129 2956 4183 veniunt
2982 4138 3034 4182 et
3061 4128 3306 4181 omnibus
3337 4137 3460 4181 sunt
3489 4128 3752 4196 exposita,

2177 4238 2272 4276 cor
2301 4233 2476 4278 autem
2503 4224 2632 4278 latet
2670 4231 2724 4277 et
2748 4221 2896 4292 quasi
2925 4219 3108 4272 umbra
3147 4219 3453 4273 obvolutum
3483 4227 3566 4271 est
3588 4259 3604 4282 ,
3638 4217 3759 4271 ideo

2179 4315 2384 4368 minora
2425 4322 2551 4369 sunt
2593 4328 2711 4382 qua:
2755 4328 2820 4366 ex
2864 4312 3037 4380 lingua
3081 4309 3526 4380 proficiscuntur,
3558 4324 3678 4378 qum
3707 4309 3759 4362 in

2179 4405 2342 4461 corde
2369 4405 2532 4461 latent
2577 4404 2797 4473 majora.
2829 4401 2960 4457 Cum
3008 4413 3184 4456 autem
3220 4403 3405 4470 ingens
3433 4401 3588 4470 copia
3619 4401 3763 4454 intus

2180 4507 2261 4554 est
2285 4541 2299 4565 ,
2329 4511 2438 4551 tum
2467 4513 2659 4566 magno
2689 4499 2886 4566 impetu
2935 4496 3195 4566 prodeunt
3237 4495 3322 4548 illa
3355 4510 3474 4564 qua:
3503 4496 3762 4548 hactenus

2179 4591 2385 4646 occulta
2410 4598 2578 4644 erant.
2610 4589 2686 4642 Ac
2711 4589 2846 4644 sicut
2872 4588 2906 4642 ii
2932 4586 3022 4657 qui
3051 4595 3300 4651 vomunt,
3335 4586 3485 4640 initio
3517 4584 3763 4639 ridentur

2180 4684 2486 4740 exsilientes
2526 4681 2774 4735 humores
2813 4681 2864 4734 vi
2915 4679 3146 4734 retinere
3191 4677 3371 4742 velle;
3415 4692 3538 4730 cum
3584 4684 3761 4729 autem

2181 4777 2260 4831 vis
2283 4777 2370 4830 illa
2400 4774 2596 4836 deficit,
2617 4783 2741 4828 tunc
2769 4771 2908 4842 {cede
2933 4771 3216 4826 admodum
3243 4769 3542 4839 prodeunt:
3576 4768 3652 4821 sic
3674 4766 3763 4837 qui

2182 4867 2359 4938 pravis
2382 4865 2618 4921 consiliis
2646 4863 2786 4934 pleni
2815 4872 2977 4929 sunt,
3010 4863 3305 4932 proximum
3333 4860 3632 4915 maledictis
3661 4858 3765 4913 im-

2183 4969 2391 5030 petunt.
2423 4960 2509 5014 55.
2539 4956 2713 5010 Bonus
2745 4957 2912 5020 homo,
2944 4956 3132 5025 inquit,
3159 4971 3220 5008 ex
3238 4953 3366 5007 bono
3396 4954 3634 5006 thesauro
3654 4967 3767 5003 cor-

2184 5055 2264 5107 dis
2288 5053 2366 5106 sui
2396 5051 2588 5122 profert
2618 5052 2745 5104 bona
2764 5065 2782 5102 :
2812 5058 2858 5102 et
2897 5047 3062 5102 malus
3100 5047 3249 5100 homo
3279 5062 3342 5100 ea:
3365 5045 3500 5100 malo
3529 5045 3769 5098 thesauro

2186 5145 2354 5200 cordis
2383 5145 2462 5197 sui
2488 5143 2678 5212 profert
2706 5143 2859 5194 mala.

2254 5259 2312 5316 2.
2341 5258 2418 5315 Ne
2446 5270 2618 5329 putes,
2645 5257 2833 5327 inquit,
2870 5254 2921 5309 id
2953 5253 3004 5308 in
3037 5252 3188 5306 malis
3215 5259 3415 5306 tantum
3436 5247 3693 5312 evenire;
3717 5248 3769 5301 in
3825 5305 3833 5329 ε

2186 5353 2340 5410 bonis
2381 5353 2576 5422 quippe
2620 5349 2845 5419 idipsutn
2897 5345 3126 5402 accidit:
3177 5344 3375 5399 etenim
3403 5339 3578 5408 major
3616 5339 3767 5393 intus

2186 5447 2356 5501 virtus
2379 5454 2481 5509 est,
2509 5459 2667 5513 quam
2693 5440 2851 5495 verba
2874 5437 3177 5493 exhibeant.
3197 5435 3349 5491 Unde
3367 5431 3631 5503 arguitur,
3653 5431 3771 5485 illos

2186 5538 2395 5610 pejores
2405 5537 2563 5594 etiam
2576 5535 2915 5601 fuisse,quam
2927 5530 3086 5585 verba
3099 5533 3475 5583 monstrarent,
3491 5521 3773 5592 ipsumque

2190 5634 2482 5698 meliorem,
2506 5646 2659 5702 quam
2679 5644 2739 5684 ex
2768 5627 2921 5682 dictis
2948 5624 3060 5695 ejus
3085 5628 3414 5696 argueretur.
3436 5616 3770 5671 Thesaurum
