4010 6128
340 205 445 259 455

339 333 514 376 autem
557 327 852 383 memorat,
887 333 1128 386 magnam
1180 316 1384 384 copiam
1435 316 1692 368 indicans.
1724 315 1921 368 Deinde

339 429 524 467 rursus
555 426 800 480 magnum
832 409 1029 463 excitat
1060 407 1326 460 timorem.
1360 406 1436 461 Ne
1469 409 1680 474 putetis,
1719 407 1880 473 inquit
1906 447 1918 466 ,

338 521 444 557 non
475 504 611 556 ultra
644 501 879 570 procedi,
912 501 1068 569 inque
1099 499 1219 552 facti
1251 496 1696 552 condeinnatione
1727 497 1920 549 sisten-

337 596 462 649 dum
511 610 630 649 esse
675 595 981 662 negotium:
1032 607 1153 646 nam
1202 601 1466 646 extremas
1505 591 1703 644 dabunt
1739 605 1922 658 ρίυιιειε

336 695 596 754 quotquot
646 687 766 738 talia
814 684 1192 753 perpetrariiit.
1223 683 1404 751 Neque
1431 681 1565 735 dix‘it
1587 723 1599 746 ,
1633 679 1777 743 Vos;
1812 693 1919 734 tum

337 789 394 832 ιιι
423 794 607 832 omnes
637 777 890 844 crudiret,
913 786 1020 830 tum
1045 793 1111 832 ne
1137 777 1415 830 onerosior
1439 790 1614 829 sermo
1637 785 1798 828 esset.
1830 774 1916 829 56.

339 871 466 924 Dico
494 880 658 924 autem
680 871 834 935 vobis,
855 871 1089 939 quoniam
1111 885 1254 922 omne
1280 869 1482 922 verbum
1509 869 1742 931 otiosum,
1771 867 1923 936 quod-

336 979 549 1034 cumque
599 963 863 1032 loquentur
892 963 1115 1016 homines
1133 1003 1148 1029 ,
1177 962 1363 1015 dabunt
1386 961 1448 1016 de
1482 962 1570 1015 illo
1600 963 1843 1014 rationein
1871 962 1920 1014 in

336 1055 419 1107 die
444 1055 650 1124 judicii.
691 1055 928 1108 Otiosum
971 1065 1166 1119 autem,
1193 1053 1332 1122 quod
1362 1055 1434 1107 rei
1477 1070 1580 1107 non
1627 1053 1874 1105 convenit
1901 1094 1912 1111 .

336 1146 588 1212 mendax,
619 1147 1017 1214 syc0phanliam
1043 1147 1321 1200 continens
1347 1162 1360 1208 ;
1393 1147 1497 1199 imo
1529 1147 1705 1210 inane,
1734 1145 1919 1212 utqui-

336 1239 456 1292 dam
487 1239 688 1304 dicunt,
717 1240 856 1308 quod
887 1239 1157 1308 profusum
1189 1240 1350 1290 risum
1377 1247 1606 1302 moveat,
1633 1237 1713 1290 vel
1746 1248 1915 1303 turpe,

337 1330 637 1399 impudens,
663 1330 941 1386 illiberale.
977 1333 1064 1384 57.
1101 1329 1180 1382 Et
1205 1331 1363 1382 verbis
1393 1330 1522 1382 enim
1551 1331 1648 1382 tuis
1662 1330 1919 1398 justi/ica-

335 1425 487 1490 bcris,
513 1434 558 1477 et
585 1441 646 1478 ea:
673 1425 830 1478 verbis
856 1425 951 1478 tuis
971 1423 1398 1476 condemnaberis.
1432 1423 1613 1475 Viilen’
1644 1438 1746 1474 non
1797 1437 1916 1474 mo-

337 1517 524 1571 lestum
552 1517 831 1586 judicium,
864 1518 1110 1586 levesque
1144 1517 1364 1585 pinnas?
1393 1516 1573 1585 Neque
1595 1517 1734 1568 enim
1762 1531 1824 1568 ex
1855 1515 1916 1567 iis

332 1625 450 1678 qua:
487 1611 625 1662 alius
653 1609 719 1662 de
757 1618 807 1662 te
836 1609 1004 1672 dixit,
1038 1608 1132 1662 sed
1180 1624 1242 1661 ex
1278 1609 1338 1661 iis
1369 1624 1486 1677 qua:
1529 1609 1639 1678 ipse
1669 1609 1916 1677 loquutus

331 1717 424 1765 es,
454 1701 619 1769 judex
649 1700 912 1754 calculum
942 1700 1106 1765 feret;
1141 1700 1279 1768 quod
1324 1701 1558 1754 omnium
1588 1712 1668 1755 est
1689 1701 1910 1768 ⁸ῖιιεείδεὶ-

332 1809 501 1847 ιιιιιιιι.
536 1793 614 1846 Ἰἰι
641 1793 782 1846 enim
808 1801 863 1846 et
889 1791 1099 1846 dicendi
1131 1802 1184 1847 et
1209 1808 1312 1846 non
1358 1793 1565 1847 dicendi
1597 1803 1913 1862 potestatem

332 1884 516 1940 habes.
542 1885 654 1938 Non
688 1885 844 1954 igitur
870 1900 963 1939 eos
991 1885 1077 1954 qui
1109 1885 1392 1939 calumniis
1437 1885 1763 1953 impetuntur
1792 1886 1912 1955 angi

330 1987 383 2032 et
415 1977 600 2031 timere
627 1992 720 2046 par
761 1986 844 2031 est
867 2019 880 2040 ,
911 1977 1003 2031 sed
1042 1991 1133 2031 eos
1160 1978 1249 2046 qui
1294 1977 1701 2030 calmnuiantur.
1732 1975 1914 2044 Neque

330 2072 470 2124 enim
504 2069 574 2122 illi
605 2078 865 2138 coguntur
889 2084 1005 2122 sese
1033 2084 1276 2136 purgare,
1299 2067 1438 2136 quod
1460 2068 1597 2120 male
1618 2066 1910 2130 audierint;

277 2143 280 2147 Δ
329 2161 423 2214 sed
455 2159 527 2223 hi,
560 2159 700 2229 quod
726 2160 862 2213 male
888 2160 1150 2212 dixerint:
1179 2161 1414 2228 ipsisque
1437 2174 1595 2212 omne
1623 2158 1910 2226 periculum

331 2250 591 2304 imminet.
620 2250 796 2315 Quare
824 2264 917 2303 eos
959 2251 1048 2318 qui
1081 2250 1218 2303 male
1258 2249 1526 2302 audierint
1569 2249 1697 2300 nihil
1727 2263 1913 2302 curare

326 2351 573 2412 oportet:
612 2357 782 2411 neque
814 2343 952 2396 enim
990 2357 1176 2412 pinnas
1223 2341 1424 2396 dabunt
1476 2356 1572 2410 pro
1618 2338 1912 2393 maledictis

324 2436 588 2497 aliorum;
620 2449 712 2488 eos
742 2444 916 2488 autem
945 2435 1032 2504 qui
1061 2433 1436 2488 maledixerint
1464 2433 1652 2486 anxios
1678 2447 1796 2486 esse
1821 2447 1914 2500 par

325 2534 408 2578 est
438 2539 489 2579 et
523 2535 749 2578 tremere
769 2565 783 2586 ,
813 2523 993 2593 utpote
1025 2526 1074 2578 in
1096 2525 1349 2593 judicium
1384 2526 1482 2578 hac
1515 2524 1581 2578 de
1613 2540 1668 2578 re
1697 2524 1914 2578 trahen-

327 2617 442 2670 dus.
476 2616 606 2670 Nam
634 2616 932 2670 diabolicus
956 2627 1037 2670 est
1066 2616 1285 2686 laqueus
1311 2626 1586 2686 peccatum
1615 2617 1736 2670 illud
1768 2619 1908 2687 quod

325 2709 522 2762 nullam
554 2707 708 2762 habet
739 2707 1059 2778 voluptatem
1083 2751 1096 2774 ,
1128 2709 1220 2762 sed
1267 2707 1602 2763 solummodo
1638 2708 1909 2767 damnum.

324 2800 458 2853 Nam
493 2800 610 2853 talis
640 2799 798 2852 homo
824 2800 1016 2852 malum
1047 2800 1099 2853 iii
1130 2800 1308 2853 animo
1341 2799 1642 2855 thesaurum
1670 2801 1906 2870 deponit.

324 2890 382 2943 Si
419 2905 546 2943 vero
575 2891 622 2944 is
663 2890 748 2959 qui
777 2904 1000 2960 pravum
1032 2889 1192 2944 habet
1234 2891 1510 2944 humorem
1537 2933 1550 2956 ,
1588 2891 1636 2944 in
1667 2892 1907 2946 morbum

323 2983 437 3052 ipse
469 2982 691 3045 incidit,
724 2983 888 3035 multo
918 2983 1084 3053 magis
1115 2983 1204 3038 ille
1231 2985 1318 3052 qui
1353 2983 1454 3038 bile
1481 2983 1739 3039 acriorem
1773 2984 1821 3037 in
1850 3000 1909 3039 se

323 3076 610 3145 nequitiam
640 3075 978 3139 thesaurizat,
1011 3085 1246 3130 extrema
1271 3076 1518 3143 patietur,
1538 3076 1659 3144 quia
1689 3091 1905 3144 gravem

321 3167 422 3220 sibi
475 3167 718 3220 morbum
763 3167 985 3234 paravit.
1030 3166 1190 3233 quue
1238 3166 1574 3218 manifestum
1615 3173 1696 3217 est
1738 3180 1800 3218 ex
1843 3166 1907 3219 iis

324 3275 442 3327 qua:
476 3260 588 3327 ipse
613 3267 841 3311 eructat.
881 3257 1010 3310 Nam
1043 3257 1086 3310 si
1125 3257 1259 3312 alios
1309 3267 1452 3311 tanto
1496 3257 1679 3312 dolore
1709 3259 1902 3324 afticit,

319 3351 487 3403 multo
517 3350 679 3420 magis
707 3350 936 3404 animam
970 3366 1118 3404 suam
1151 3350 1238 3403 illa
1272 3352 1585 3418 parientem.
1633 3353 1729 3418 Qui
1760 3352 1902 3405 enim

319 3442 539 3494 insidias
565 3450 732 3512 parat,
767 3443 998 3510 seipsum
1023 3442 1250 3510 primum
1273 3442 1494 3496 occidit:
1536 3441 1796 3510 siquidem
1817 3443 1904 3511 qui

319 3535 493 3604 ignem
597 3538 790 3602 calcat,
863 3535 1095 3604 seipsum
1129 3534 1390 3588 comburit
1420 3552 1432 3598 ;
1463 3535 1622 3604 elqui
1651 3534 1903 3588 adaman-

321 3633 425 3677 teni
457 3625 698 3692 percutit,
729 3625 825 3677 sibi
856 3624 951 3693 ipsi
985 3634 1357 3679 uocumentum
1383 3626 1554 3693 parit;
1583 3640 1643 3679 ac
1668 3628 1753 3695 qui
1777 3642 1904 3680 con-

318 3725 398 3768 tra
429 3715 699 3769 stimulum
731 3715 992 3781 calcitrat,
1022 3716 1255 3785 seipsum
1283 3723 1544 3771 cruentat.

388 3805 642 3877 lnjnriam
681 3807 941 3876 inferentis
984 3808 1140 3860 multo
1185 3809 1326 3877 pejor
1363 3818 1435 3861 est
1474 3809 1696 3862 conditio
1737 3826 1891 3877 quam

317 3899 570 3965 patientis.
598 3898 898 3951 ——Eteuim
930 3899 1015 3967 qui
1051 3899 1207 3952 Izesus
1238 3900 1444 3954 fortiter
1485 3901 1728 3970 injuriam
1763 3903 1900 3956 ferre

317 3989 486 4050 novit,
517 3988 560 4040 is
585 3997 668 4041 est
692 3988 932 4052 adamas,
976 3989 1223 4042 stimulus
1252 3999 1304 4043 et
1337 3991 1469 4060 ignis
1504 4009 1516 4044 :
1547 3994 1634 4062 qui
1666 4009 1792 4046 vero
1820 3995 1900 4046 in-

310 4083 503 4151 juriam
534 4080 674 4135 ferre
705 4081 1007 4142 meditatur.
1033 4082 1143 4135 luto
1166 4082 1482 4136 imbecillior
1509 4094 1609 4138 est.
1634 4085 1748 4138 Non
1773 4101 1898 4153 ergo

316 4173 506 4240 injuria
535 4173 674 4226 affici
723 4173 918 4226 malum
964 4184 1066 4237 est,
1109 4174 1203 4229 sed
1253 4175 1498 4244 injuriam
1533 4177 1746 4238 inferre,
1801 4193 1898 4232 nec

313 4281 474 4335 posse
531 4265 776 4334 iujuriam
833 4264 994 4319 ferre.
1039 4265 1307 4331 Quantum
1359 4267 1518 4320 liesus
1562 4279 1642 4322 est
1698 4268 1899 4322 David?

311 4358 575 4423 Quantum
618 4358 753 4410 lzesit
799 4357 965 4411 Safil?
1011 4359 1141 4425 Quis
1187 4373 1314 4427 ergo
1361 4358 1545 4412 fortior
1592 4361 1897 4429 lieaiiorqiie

311 4450 452 4503 fuit?
482 4451 598 4518 quis
646 4451 926 4505 miserior?
956 4451 1142 4506 Nonne
1183 4453 1226 4505 is
1271 4454 1357 4522 qui
1391 4454 1564 4507 laesit?
1604 4454 1734 4507 Rem
1772 4471 1896 4507 vero

314 4540 604 4609 perpende.
641 4541 914 4596 Pollicitus
960 4553 1044 4596 est
1083 4543 1210 4598 Saiil
1259 4545 1302 4598 si
1347 4543 1513 4598 David
1544 4544 1894 4615 alienigenam

311 4637 566 4700 vinceret,
609 4651 667 4690 se
698 4637 866 4703 ipsum
901 4637 952 4690 in
992 4653 1245 4706 generum
1286 4649 1702 4706 assumpturum,
1744 4655 1802 4692 ac
1832 4639 1894 4692 fio

312 4731 436 4782 liam
480 4745 632 4782 suam
691 4730 763 4782 illi
822 4729 1173 4784 libentissime
1220 4730 1466 4785 daturmn
1526 4733 1617 4800 (l.
1654 4734 1776 4802 Reg.
1804 4733 1887 4786 17.

310 4832 356 4872 σοι
386 4821 496 4891 18).
533 4821 896 4890 Alienigenam
930 4821 1017 4873 ille
1045 4821 1238 4876 occidit
1273 4840 1286 4874 :
1312 4823 1433 4877 Sai'il
1456 4839 1579 4876 vero
1606 4833 1753 4892 pacta
1777 4823 1891 4876 vio-
1948 4870 1950 4872 .

312 4917 438 4970 lavit
462 4931 475 4970 :
505 4929 600 4967 nec
624 4915 782 4968 modo
807 4929 911 4967 non
940 4914 1086 4968 dedit
1118 4915 1280 4968 filiam
1300 4914 1396 4983 (ii),
1423 4916 1514 4970 sed
1549 4930 1732 4970 necem
1760 4931 1893 4984 quo-

307 5025 410 5077 que
455 5007 552 5076 ipsi
597 5006 1018 5060 machinabatur.
1063 5005 1192 5072 Quis
1237 5021 1362 5074 ergo
1393 5006 1719 5075 splendidior
1760 5007 1892 5060 fuit?

309 5103 498 5152 Annon
531 5098 616 5150 ille
647 5111 874 5152 interere
902 5097 1062 5150 animi
1108 5105 1162 5151 et
1187 5112 1352 5166 pravo
1377 5097 1621 5152 daemone
1663 5097 1891 5152 suffoca-

309 5191 482 5255 baiur,
532 5190 614 5242 hic
654 5204 781 5243 vero
814 5189 1028 5258 troparis
1071 5197 1124 5243 et
1152 5190 1317 5258 gratia
1365 5190 1537 5244 divina
1571 5191 1688 5260 plus
1731 5205 1888 5260 quam

369 5431 440 5490 (α)
477 5433 609 5495 Λιιιιιὶ
631 5432 767 5495 dedit
786 5429 949 5478 Mit’llol
975 5431 1116 5495 tiliam
1137 5443 1273 5495 suam
1298 5433 1344 5479 in
1365 5433 1642 5493 coniugem.
1662 5431 1752 5480 sed
1773 5439 1890 5495 puto

307 5491 690 5554 Ciirysostoinum
716 5494 790 5541 hic
813 5507 1014 5556 pronou
1035 5493 1143 5556 data
1167 5493 1351 5556 habere
1386 5491 1644 5556 c_aiii,"_qu:e
1663 5491 1890 5543 simulate

309 5553 490 5602 tantum
531 5556 640 5604 data
678 5555 784 5613 fuit,
814 5553 875 5604 ιιι
907 5554 996 5602 hoc
1032 5553 1237 5602 allectus
1266 5554 1504 5602 beneﬁcio
1526 5553 1677 5602 David
1705 5556 1890 5608 facilius

308 5620 774 5671 iilili‘iiiii'ari-tiir.—
794 5622 912 5671 \‘iilc
940 5625 1109 5670 zitlltUl.
1143 5622 1296 5670 hit-Id.
1326 5622 1382 5670 ad
1406 5636 1517 5684 pag.
1551 5620 1657 5667 434.

1299 201 1358 253 IN
1402 199 1806 256 ΜᾹΤΤΗᾹΞΗΜ
1850 201 2077 254 IIOillL.
2123 201 2280 256 XLII.
2321 205 2392 256 al.
2439 207 2616 259 XLIII.

3517 220 3541 266 ri
3553 218 3617 267 ξιςί

2033 316 2111 369 Sol
2133 317 2710 386 SplCllthltﬂl?RUI‘SllS
2735 321 2872 374 circa
2900 322 3175 380 mulierum
3197 323 3414 377 chorum
3443 330 3616 379 nonne,

2031 406 2120 459 ille
2162 409 2356 462 invidia
2386 410 2792 477 pi-;el'ocabatiii',
2840 412 2926 465 Iiic
2970 413 3182 466 silentio
3212 415 3387 469 ferens
3414 419 3612 481 omnia,

2028 513 2214 552 omnes
2245 504 2480 563 attraxit,
2513 503 2720 572 sibique
2741 503 3053 568 conjunxit?
3082 505 3213 558 Cum
3242 518 3418 561 autem
3453 509 3614 563 David

2031 588 2176 643 illum
2206 606 2312 658 pra:
2344 593 2585 647 manibus
2613 594 3036 664 liabiiit,ipsiquc
3064 600 3320 665 pepercit,
3350 602 3467 669 quis
3496 619 3614 654 rur-

2029 696 2144 734 sum
2175 682 2358 735 beatus
2389 696 2520 745 erat,
2565 687 2683 754 quis
2715 686 2912 739 miser?
2942 688 3059 756 quis
3105 689 3458 744 imbecillior?
3497 693 3612 760 quis

2030 771 2249 826 fortior?
2265 773 2450 826 Nonne
2475 776 2654 838 David,
2677 778 2761 845 qui
2781 778 2925 830 illum
2953 794 3054 831 non
3074 781 3216 834 ultus
3233 792 3332 844 est,
3351 784 3449 835 etsi
3471 784 3612 851 juste

2029 866 2242 933 posset?
2272 865 2335 918 Et
2360 866 2478 934 jure
2509 867 2740 935 quidem.
2769 868 2894 920 Nam
2921 869 3008 921 ille
3037 880 3269 926 armatos
3298 873 3491 927 milites
3521 874 3613 927 lia-

2029 955 2206 1022 bebat,
2256 956 2623 1025 Iiicjustitiani
2678 961 2941 1012 sexcentis
2972 963 3294 1015 exercitibus
3341 963 3610 1018 fortiorem

2027 1050 2413 1105 auxiliatricem
2446 1052 2647 1104 habuit.
2695 1052 2923 1122 Ideoque
2947 1053 3151 1107 insidiis
3181 1056 3372 1124 injuste
3405 1059 3614 1127 impeti-

2029 1148 2130 1205 tus,
2167 1141 2391 1210 uejuste
2432 1142 2643 1210 quidem
2677 1142 2836 1196 voluit
2867 1143 3071 1197 hostem
3103 1146 3363 1200 occidere.
3401 1147 3613 1201 Sciebat

2025 1234 2167 1286 enim
2195 1250 2258 1288 ex
2296 1234 2359 1287 iis
2394 1251 2510 1303 qua!
2541 1245 2662 1288 ante
2699 1237 3021 1300 acciderant,
3056 1254 3158 1290 non
3201 1255 3319 1290 eum
3353 1241 3439 1309 qui
3475 1241 3612 1294 male

2026 1323 2170 1389 facit,
2215 1324 2307 1378 sed
2336 1340 2454 1379 eum
2487 1327 2576 1394 qui
2618 1327 2754 1380 male
2790 1329 3004 1396 patitur,
3053 1329 3278 1383 evadere
3310 1330 3605 1384 fui-tiureiii.

2024 1415 2176 1480 Quod
2204 1426 2258 1469 et
2306 1417 2356 1469 iii
2401 1417 2714 1485 corporibus
2763 1428 2817 1472 et
2869 1419 2918 1471 iii
2960 1419 3242 1472 arboribus
3281 1421 3463 1476 videre
3505 1434 3606 1485 est.

2023 1505 2158 1573 Quid
2185 1523 2310 1574 ergo
2337 1508 2536 1560 .lacob?
2563 1524 2737 1560 annon
2766 1511 2921 1562 Izi-sus
2953 1521 3030 1563 est
3061 1526 3090 1564 a
3120 1511 3353 1573 Labant»,
3381 1523 3432 1566 et
3472 1515 3610 1568 male

2025 1614 2211 1668 passus
2240 1603 2362 1654 est?
2397 1603 2525 1667 Quis
2555 1618 2681 1668 ergo
2724 1601 2950 1655 fortior?
2987 1621 3050 1656 :iii
3085 1605 3126 1656 is
3153 1605 3239 1672 qui
3270 1609 3408 1673 cepit
3439 1609 3606 1671 illum,

2023 1708 2121 1747 nec
2149 1709 2308 1748 ausus
2336 1705 2416 1746 est
2459 1704 2692 1764 tangere,
2726 1695 2818 1747 sed
2851 1695 3024 1748 timuit
3056 1713 3115 1748 ac
3148 1699 3379 1759 tremuit,
3414 1717 3477 1750 an
3525 1702 3608 1754 hic

2022 1783 2110 1852 qui
2135 1784 2250 1837 sine
2289 1785 2450 1842 armis
2477 1800 2538 1838 ac
2571 1785 2820 1839 militibus
2854 1787 2970 1855 plus
3002 1787 3075 1840 illi
3108 1786 3460 1844 formidabilis
3491 1790 3605 1856 fait,

2020 1889 2177 1943 quam
2207 1889 2356 1943 reges
2391 1875 2531 1929 mille
2563 1874 2820 1929 fuissent?

2093 1968 2144 2021 5.
2188 1965 2524 2034 Conﬁi'umtur
2553 1969 2723 2020 eadem
2774 1970 2943 2022 thesis.
2980 1969 3112 2022 Vitia
3142 1975 3382 2042 proximi,
3416 1976 3608 2029 etiamsi

2019 2073 2154 2122 vera,
2184 2075 2282 2110 non
2312 2059 2596 2112 i'eveluiida.
2630 2059 2852 2112 litamen
2885 2063 3222 2116 conscientiw.
3251 2096 3317 2103 —
3349 2065 3417 2119 Ut
3442 2067 3607 2136 majo-

2019 2166 2130 2205 rem
2181 2162 2356 2204 autem
2412 2151 2671 2206 (lictorum
2721 2139 3235 2211 deiuoiisti'atiniiem
3281 2161 3429 2213 vobis
3472 2177 3604 2228 prae-

2019 2241 2192 2305 beam,
2235 2241 2300 2296 ad
2343 2243 2512 2312 ipsum
2561 2245 2749 2298 iterum
2795 2246 2981 2311 David,
3014 2248 3106 2302 sed
3146 2252 3416 2304 contrario
3445 2253 3604 2307 modo

2018 2343 2330 2403 spectatum,
2365 2351 2667 2390 sermonem
2695 2347 3091 2393 convertamus.
3119 2340 3248 2394 Nam
3283 2344 3367 2396 hie
3397 2347 3483 2414 qui
3516 2346 3606 2399 la»-

2017 2439 2108 2476 sus
2151 2426 2444 2493 praevaluit,
2494 2442 2616 2480 cum
2660 2427 2793 2481 la:sit
2835 2440 3038 2499 postea,
3080 2433 3398 2487 imbecillior
3439 2438 3606 2490 factus

2016 2527 2113 2570 cst.
2146 2518 2370 2584 Quando
2401 2519 2559 2588 igitur
2587 2519 2767 2573 Uriam
2813 2523 2968 2584 Lusii,
3004 2534 3239 2577 mutatus
3264 2537 3345 2580 est
3371 2529 3522 2593 ordo,
3556 2541 3606 2584 et

2019 2609 2351 2664 imbecillitas
2399 2613 2448 2664 iii
2500 2613 2819 2678 laideiitem,
2874 2617 3042 2669 virtus
3089 2631 3264 2672 autem
3317 2623 3366 2674 in
3421 2623 3602 2677 ltesum

2019 2704 2259 2756 transivit
2309 2705 2383 2776 (εὶ.
2412 2706 2539 2775 Reg.
2574 2707 2660 2774 II)
2694 2726 2705 2760 :
2736 2723 2856 2761 nam
2909 2723 3150 2765 mortuus
3192 2713 3342 2766 Urias
3388 2717 3604 2771 Davidis

2015 2793 2229 2847 domum
2261 2796 2532 2864 espilavit.
2566 2796 2629 2850 Et
2669 2797 2753 2852 hic
2782 2800 2994 2867 quidem
3025 2817 3142 2854 cum
3183 2820 3270 2856 rex
3303 2815 3354 2856 et
3389 2806 3437 2858 iii
3470 2809 3600 2862 vivis

2015 2894 2176 2950 esset,
2212 2886 2339 2940 nihil
2365 2889 2572 2958 potuit;
2609 2890 2696 2944 ille
2724 2906 2853 2945 vero
2875 2907 2993 2945 cum
3025 2894 3174 2948 miles
3203 2906 3358 2964 atque
3388 2898 3602 2952 interfe-

2013 2989 2129 3033 ctus
2157 2989 2318 3042 esset,
2350 2983 2492 3035 illius
2517 2985 2692 3036 omnia
2722 2986 3001 3039 subvertit.
3036 2986 3274 3042 Vultisne
3308 3001 3362 3043 iit
3391 2994 3602 3047 aliunde

2014 3085 2124 3122 rem
2159 3072 2303 3124 vobis
2324 3072 2603 3126 clariorem
2630 3072 2858 3127 efficiam
2881 3075 2902 3126 ?
2933 3077 3285 3145 Explorcmus
3307 3095 3401 3135 eos
3427 3085 3514 3151 qui
3541 3103 3600 3138 se

2013 3161 2246 3229 legitime
2275 3163 2367 3215 ulti
2399 3173 2542 3216 sunt.
2575 3163 2705 3217 Nam
2743 3179 2856 3230 eos,
2887 3167 2973 3235 qui
3006 3167 3200 3235 injuste
3231 3169 3449 3236 laedunt,
3479 3188 3597 3226 oni-

2013 3252 2156 3303 nium
2187 3265 2306 3305 esse
2336 3253 2644 3319 vilissimos,
2674 3255 2763 3324 qui
2795 3257 3026 3310 animam
3070 3273 3221 3310 suam
3250 3259 3463 3328 la‘dant,
3500 3281 3597 3317 ne-

2012 3343 2139 3395 mini
2180 3358 2284 3398 noo
2317 3345 2487 3414 palam
2519 3355 2619 3399 est.
2658 3346 2851 3401 Verum
2891 3350 3007 3417 quis
3039 3351 3262 3418 sejuste
3314 3354 3452 3408 ultus
3490 3370 3592 3422 eSi,

2012 3434 2394 3506 innumeraqiie
2419 3437 2670 3491 excitavit
2697 3439 2858 3502 mala,
2882 3440 3166 3510 multisque
3198 3445 3428 3510 seipsuin
3453 3446 3597 3498 cala-

2011 3528 2280 3582 mitatibus
2326 3529 2706 3600 doloribusque
2739 3532 2994 3586 involvit?
3029 3535 3240 3590 Davidls
3268 3537 3589 3609 dux(.loub).

2010 3620 2105 3673 Ilic
2132 3622 2272 3674 enim
2303 3638 2466 3690 grave
2495 3623 2690 3677 bellum
2721 3627 3024 3694 concitavit,
3059 3640 3111 3682 et
3161 3630 3435 3684 innumera
3471 3648 3591 3700 pas-

2008 3728 2099 3767 sus
2126 3723 2207 3768 est
2236 3715 2393 3779 mala,
2427 3731 2650 3784 quorum
2680 3733 2746 3772 ne
2779 3736 2942 3773 unum
2972 3721 3184 3790 quidem
3213 3724 3518 3791 accidisset,
3551 3730 3591 3778 si

2009 3803 2122 3871 ipse
2151 3804 2393 3858 solvisset
2432 3805 2815 3874 philosophari.
2865 3808 3152 3878 Fugiaiiius
3196 3813 3370 3881 itaque
3403 3831 3614 3883 pi-cca—.

2009 3904 2118 3949 tum
2156 3896 2286 3950 illud
2319 3915 2331 3948 :
2362 3913 2425 3952 ae
2452 3914 2548 3951 nec
2579 3899 2774 3962 verbis,
2803 3916 2900 3954 nec
2927 3901 3076 3957 factis
3120 3906 3362 3972 proximo
3404 3923 3593 3962 nocea-

2008 4003 2145 4044 mus.
2173 3987 2355 4058 Neque
2386 3991 2526 4044 enim
2555 3991 2708 4056 dixit,
2759 3991 2816 4046 Si
2859 3997 3196 4049 accusaveris
3226 4007 3279 4052 ct
3299 3997 3385 4066 jus
3416 4000 3592 4054 dicere

2005 4080 2360 4148 eompulcris;
2387 4081 2478 4135 sed
2513 4083 2850 4150 simpliciter,
2877 4084 2932 4138 Si
2964 4085 3100 4138 male
3129 4085 3348 4154 dixeris,
3384 4090 3589 4144 etiamsi

2005 4171 2253 4236 seorsim,
2299 4182 2567 4227 extremas
2593 4173 2745 4227 dabis
2778 4189 2984 4243 pmiias.
3021 4176 3240 4231 Etiamsi
3283 4179 3333 4233 id
3363 4182 3501 4249 quod
3539 4194 3590 4236 tu

2004 4262 2135 4316 dicis
2157 4277 2339 4316 verum
2368 4264 2454 4329 sit,
2485 4264 2690 4319 etiamsi
2715 4281 2778 4320 ea
2808 4266 2873 4320 de
2896 4282 2956 4321 re
2985 4283 3273 4336 persuasus
3303 4273 3375 4325 sis
3401 4275 3437 4338 ι,
3476 4291 3587 4342 pun-

2005 4368 2100 4406 nas
2129 4363 2302 4408 tamen
2330 4354 2501 4408 dabis.
2535 4355 2647 4410 Non
2677 4358 2818 4410 enim
2846 4373 2908 4412 ex
2943 4359 3006 4412 iis
3048 4376 3166 4429 qua:
3197 4362 3284 4416 ille
3315 4364 3455 4428 fecit,
3496 4367 3587 4420 sed

2003 4463 2065 4500 ex
2095 4448 2158 4500 iis
2182 4464 2298 4517 qua:
2331 4457 2382 4502 tu
2413 4448 2612 4514 dixisti,
2641 4452 2962 4506 sententiam
2993 4454 3132 4508 feret
3159 4456 3293 4509 Deus
3321 4473 3332 4509 :
3363 4457 3500 4510 Nam
3530 4477 3590 4512 er.

2002 4540 2159 4592 verbis
2201 4540 2298 4593 tuis
2343 4541 2771 4607 condemnaberis,
2818 4544 3006 4613 inquit.
3049 4545 3164 4600 Non
3205 4549 3357 4602 audis
3406 4549 3588 4604 Phari-

2001 4645 2165 4684 saium
2194 4647 2318 4686 vera
2342 4632 2616 4702 loqiiutuin
2645 4650 2783 4697 esse,
2820 4638 3170 4707 omnibusque
3199 4649 3342 4703 nota,
3375 4658 3473 4697 nec
3495 4659 3585 4696 oc-

2001 4723 2141 4776 culta
2179 4725 2486 4780 revelasse?
2528 4726 2632 4780 Sed
2683 4736 2860 4782 tamen
2893 4737 3164 4782 extremas
3190 4731 3336 4785 dedit
3381 4749 3584 4802 poenas.

2001 4812 2058 4867 Si
2085 4829 2212 4868 vero
2237 4814 2303 4868 de
2334 4815 2398 4869 iis
2421 4831 2537 4884 qua:
2558 4818 2837 4886 perspicua
2862 4828 2989 4871 sunt
3018 4834 3120 4872 non
3155 4821 3277 4875 licet
3307 4838 3582 4889 accusare,

1999 4907 2166 4960 multo
2210 4907 2386 4960 minus
2430 4907 2498 4961 de
2542 4908 2756 4962 dubiis:
2789 4924 2909 4962 nam
2951 4910 3182 4978 judiccm
3218 4913 3376 4968 habi-t
3415 4915 3460 4970 is
3497 4921 3584 4986 qui

1999 4997 2262 5065 peccavit.
2291 4997 2370 5052 Ne
2410 4998 2686 5068 praaripias
2716 5015 2844 5070 ergo
2876 5000 3141 5071 Uiiigeniti
3189 5009 3578 5063 auctoritatem.

2001 5088 2079 5141 Illi
2109 5088 2298 5142 solium
2326 5089 2508 5158 jiidicii
2541 5101 2868 5146 reservatum
2910 5105 3010 5148 est.
3054 5095 3157 5149 Sed
3204 5098 3281 5151 vis
3305 5099 3580 5167 judicare?

1998 5181 2093 5235 Est
2123 5181 2212 5234 tibi
2241 5181 2517 5249 judicium,
2547 5183 2771 5236 multum
2798 5197 3057 5254 quiestum
3089 5190 3351 5256 praabeiis,
3375 5200 3428 5242 et
3455 5190 3580 5244 milli

1997 5271 2284 5325 obnoxium
2315 5273 2546 5327 crimini.
2579 5273 2632 5328 In
2679 5277 3001 5332 conscientia
3037 5289 3123 5332 tua
3169 5281 3428 5332 rationem
3471 5292 3580 5335 sta-

1998 5374 2086 5419 tue
2107 5365 2454 5435 jiidicantem,
2486 5369 2535 5422 in
2584 5371 2922 5441 mediumque
2949 5373 3119 5426 adduc
3151 5374 3329 5427 omnia
3360 5385 3574 5442 peccata

1999 5466 2104 5510 tua.
2153 5459 2358 5511 Animae
2405 5469 2505 5513 tua:
2537 5473 2752 5531 peccata
2799 5465 3069 5525 examina,
3122 5474 3306 5518 exacte
3349 5466 3576 5522 rationes

2061 5623 2076 5651 ί
2113 5620 2296 5682 atorel.,
2323 5623 2472 5672 Etiam
2498 5622 2537 5672 si
2561 5622 2646 5674 tibi
2668 5623 2844 5674 dicenti
2875 5636 2965 5673 non
2988 5624 3225 5675 creditum
3250 5625 3328 5677 sit.
