4010 6128
438 187 542 244 455

434 309 618 372 repete
640 308 693 355 et
714 299 798 354 dic
822 317 834 353 :
861 299 968 355 Cur
995 297 1094 353 hoc
1123 306 1177 352 et
1201 297 1302 352 hoc
1334 312 1492 352 ausus
1517 295 1610 351 es?
1641 296 1695 349 Si
1724 295 1838 349 lucc
1860 310 2011 350 recu-

432 401 532 458 set,
567 399 622 447 et
650 392 874 445 aliormn
901 389 1038 444 facta
1067 391 1325 460 exploret,
1355 389 1441 443 die
1468 389 1538 443 illi
1571 407 1584 442 :
1610 387 1724 442 Non
1754 387 1820 441 de
1851 387 1931 441 bis
1963 397 2012 442 te

433 484 630 552 iudico,
661 499 758 538 nec
786 485 854 538 de
895 482 979 537 bis
1011 492 1115 537 tete
1143 498 1367 553 purgare
1394 481 1577 536 debes.
1607 481 1742 548 Quid
1771 483 1912 534 enim
1943 481 2008 534 ad

434 584 487 629 te
514 575 557 628 si
603 574 694 629 ille
731 575 904 630 malus
932 574 1048 630 est?
1077 573 1154 629 Tu
1183 590 1345 642 quare
1377 573 1477 627 hoc
1498 581 1551 625 et
1577 571 1704 624 illud
1736 573 2011 640 peccasti?

433 665 673 722 Defende
717 674 786 732 te,
837 681 904 721 ne
932 681 1188 721 accuses:
1220 681 1336 735 qua:
1365 666 1432 720 ad
1473 675 1523 721 te
1563 675 1805 736 spectant
1830 681 2003 730 cures,

431 771 536 810 non
575 757 771 811 aliena.
811 755 1068 826 Smpcquc
1108 756 1251 810 illam
1297 756 1347 810 in
1395 756 1528 810 banc
1559 757 2006 811 concertationem

431 849 622 904 deduc.
670 850 892 914 Deinde,
941 849 983 902 si
1017 849 1146 902 nihil
1190 849 1618 918 respondendum
1665 849 1878 915 habeat,
1913 849 2005 904 sed

429 940 816 1011 subterfugiat;
851 941 992 995 illam
1025 941 1249 1012 ﬂagellis
1283 940 1451 1006 ctede,
1482 943 1620 995 sicut
1644 942 1887 996 ancillam
1917 957 2007 996 sn-

427 1033 644 1102 perbam
678 1043 731 1089 et
759 1036 1116 1096 meretricem,
1147 1033 1320 1087 ethoc
1342 1033 1847 1103 quotidiejudicium
1879 1048 2007 1087 con-

424 1126 585 1181 stitue
621 1144 635 1179 :
665 1125 910 1180 describe
948 1124 1162 1179 fluvium
1213 1126 1441 1194 igneum,
1488 1140 1722 1180 vermem
1769 1140 2002 1180 veneno-

424 1230 563 1280 sum,
595 1217 804 1287 aliaque
846 1224 1105 1270 tormenta
1146 1233 1158 1268 :
1193 1231 1292 1270 nec
1336 1216 1481 1269 siuas
1518 1231 1636 1270 eam
1663 1214 1855 1270 deinde
1881 1231 2000 1269 cum

422 1309 634 1365 diabolo
661 1309 825 1373 coire,
871 1324 970 1363 nec
1000 1308 1140 1362 feras
1173 1307 1506 1377 impudenter
1544 1307 1621 1362 sic
1648 1306 1952 1376 loquentem
1984 1327 1996 1364 :

423 1401 518 1455 llic
556 1401 621 1454 ad
655 1415 740 1456 me
766 1399 928 1464 venit.
978 1400 1070 1454 ille
1100 1399 1321 1454 insidias
1350 1403 1526 1464 struit,
1556 1399 1642 1453 ille
1685 1414 1770 1454 me
1797 1407 1996 1465 tentat;

419 1494 513 1549 sed
537 1493 620 1548 dic
643 1492 717 1546 illi
739 1510 750 1544 :
772 1491 824 1547 Si
850 1501 902 1545 tu
927 1491 1180 1551 nolueris,
1207 1491 1291 1544 illa
1319 1491 1496 1544 omnia
1525 1489 1790 1560 superflua
1817 1498 1994 1544 erunt.

418 1586 472 1640 Si
505 1601 715 1639 rursum
761 1585 970 1648 dixerit,
1004 1583 1227 1654 Corpori
1256 1584 1498 1653 colligata
1539 1599 1676 1645 sum,
1709 1599 1871 1639 carne
1912 1583 1993 1638 in-

417 1675 566 1741 duta,
603 1676 655 1729 in
684 1673 880 1729 mundo
908 1689 1048 1738 sum,
1097 1675 1147 1728 in
1193 1685 1330 1729 terra
1358 1689 1546 1730 versor
1575 1693 1587 1728 :
1619 1675 1704 1730 dic
1732 1676 1803 1729 illi
1829 1693 1841 1728 :
1873 1676 1994 1732 Hace

417 1766 595 1820 omnia
622 1765 871 1822 obtentus
895 1773 1037 1820 sunt.
1070 1764 1204 1820 Nam
1233 1765 1319 1819 ille
1354 1780 1513 1819 carne
1541 1764 1874 1832 induebatur,
1908 1767 1996 1822 ille

418 1858 468 1912 in
517 1857 719 1913 mundo
755 1867 812 1912 et
848 1857 900 1912 in
929 1865 1067 1912 terra
1098 1847 1315 1910 versans
1344 1856 1600 1927 praeclare
1631 1857 1758 1910 vixit
1789 1874 1802 1910 :
1835 1867 1889 1912 et
1939 1869 1992 1912 tu

414 1966 644 2022 quoque,
673 1965 793 2004 cum
821 1957 965 2006 recte
993 1949 1127 2020 agis,
1157 1964 1315 2004 carne
1341 1963 1398 2004 es
1426 1948 1627 2003 induta.
1669 1948 1722 2004 Si
1756 1949 1868 2004 bare
1895 1964 1990 2004 au-

414 2044 564 2098 diens
588 2052 832 2113 angatur,
863 2057 930 2096 ne
957 2039 1241 2096 subtrahas
1271 2056 1483 2095 manum
1517 2058 1529 2094 :
1562 2055 1666 2094 non
1703 2043 1843 2096 enim
1872 2057 1992 2095 mo-

414 2134 600 2200 rietur,
623 2133 668 2186 si
695 2133 1043 2203 percusseris,
1066 2131 1176 2187 imo
1205 2131 1350 2186 illam
1377 2146 1406 2185 a
1434 2141 1604 2186 morte
1635 2131 1904 2187 liberabis.
1935 2132 1990 2188 Si

415 2240 624 2278 rursum
663 2223 879 2288 dixerit,
920 2222 1014 2279 Ille
1041 2239 1127 2278 me
1176 2223 1422 2289 irritavit,
1464 2223 1552 2278 dic
1582 2223 1653 2278 illi
1687 2223 1832 2278 :Sed
1871 2223 1993 2279 licet

413 2316 502 2368 tibi
532 2329 636 2368 non
667 2303 900 2380 irrilari;
933 2328 1075 2383 saepe
1105 2313 1244 2368 enim
1275 2313 1408 2367 iram
1437 2314 1724 2383 superasti.
1754 2313 1810 2368 Si
1837 2313 1992 2369 dixe-

412 2410 498 2470 rit,
543 2408 688 2462 Illius
732 2407 944 2463 femina:
993 2409 1326 2479 pulchritudo
1371 2425 1457 2464 me
1495 2392 1860 2477 inflammavit,
1905 2410 1991 2466 die

410 2501 480 2556 illi
512 2519 524 2554 :
555 2501 658 2557 Sed
687 2513 900 2572 poteras
929 2501 1031 2558 hoc
1059 2517 1333 2572 superare.
1363 2502 1508 2560 All’er
1535 2503 1776 2575 exempla
1804 2520 1989 2560 eorum

409 2595 496 2662 qui
530 2593 581 2648 id
610 2595 989 2664 superarunt‘,
1017 2594 1150 2649 all'er
1175 2595 1477 2665 exemplum
1507 2596 1693 2666 prima:
1727 2597 1986 2665 mulieris,

409 2690 525 2755 qua:
555 2686 710 2754 dixit,
757 2687 979 2759 Serpens
1017 2688 1209 2758 decepit
1255 2705 1334 2743 me
1364 2687 1515 2760 (Gen.
1543 2689 1596 2743 5.
1629 2689 1742 2759 15),
1771 2705 1872 2745 nec
1910 2699 1989 2746 ta-

408 2793 528 2832 men
559 2779 782 2832 crimine
809 2779 972 2832 libera
1001 2779 1117 2832 fuit.

478 2871 532 2925 4.
563 2870 697 2925 Cum
728 2870 842 2925 haec
871 2872 1114 2942 inquii-l5,
1140 2887 1298 2927 nemo
1318 2871 1475 2941 adsit,
1502 2889 1658 2930 nemo
1686 2875 1983 2944 perturbet,

407 2963 499 3017 sed
527 2961 970 3032 quemadmodum
1010 2963 1214 3033 judiccs
1245 2979 1382 3035 pone
1409 2967 1581 3022 velum
1622 2966 1870 3022 sedentes
1901 2968 1986 3038 ju-

405 3053 584 3108 dicant
614 3049 708 3126 (α),
740 3053 816 3108 sic
837 3064 890 3109 et
922 3064 975 3108 tu
1003 3070 1100 3125 pro
1124 3055 1239 3111 velo
1268 3065 1475 3127 tempus
1504 3067 1551 3112 et
1587 3057 1760 3112 locum
1793 3056 1985 3128 quietis

403 3161 600 3216 quaarc.
629 3145 762 3202 Cum
790 3155 911 3218 post
937 3161 1143 3203 caenam
1174 3149 1346 3220 surgis
1372 3191 1385 3214 ,
1414 3159 1466 3206 et
1496 3149 1690 3205 lectum
1726 3153 1984 3220 petiturus

402 3257 494 3305 es,
539 3239 641 3295 lioc
680 3240 936 3310 judicium
985 3240 1132 3296 ineas
1163 3259 1176 3294 :
1211 3241 1312 3296 hoc
1344 3252 1551 3314 tempus
1591 3245 1834 3298 idoneum
1860 3254 1978 3300 est:

402 3333 551 3387 locus
579 3347 708 3386 vero
747 3331 914 3386 lectus
939 3341 1022 3387 est
1050 3343 1104 3388 et
1131 3332 1410 3387 thalamus.
1454 3333 1582 3387 Illud
1628 3343 1682 3388 et
1723 3334 1980 3404 propheta

401 3424 576 3493 iussit,
606 3424 788 3479 dicens
819 3442 832 3478 :
865 3425 993 3491 Quae
1018 3424 1184 3478 dicitis
1210 3425 1262 3478 in
1290 3424 1523 3478 cordibus
1552 3427 1743 3491 vestris,
1772 3427 1822 3479 in
1845 3427 1984 3479 cubi-

401 3516 530 3569 libus
551 3517 722 3569 vestris
742 3516 1134 3584 compuugimiui
1152 3514 1320 3587 (Psal.
1336 3517 1388 3570 4.
1411 3516 1487 3585 5).
1511 3516 1798 3570 Parvarum
1823 3518 1980 3572 etiam

400 3622 578 3660 rerum
604 3621 820 3676 magnas
851 3609 1082 3660 rationes
1109 3608 1280 3675 exige,
1310 3623 1376 3661 ne
1398 3623 1644 3678 umquam
1669 3607 1732 3660 ad
1763 3624 1981 3678 magnas

401 3712 486 3752 res
515 3696 756 3751 accedas.
781 3697 835 3752 Si
867 3695 967 3750 hoc
989 3697 1225 3766 quotidie
1256 3699 1466 3764 feceris,
1493 3715 1613 3753 cum
1656 3699 1844 3753 fiducia
1873 3709 1980 3755 sta-

400 3789 482 3843 bis
510 3800 635 3844 ante
658 3789 888 3844 tribunal
919 3790 1044 3844 illud
1078 3790 1330 3846 terribile.
1363 3789 1450 3846 Sic
1479 3792 1674 3847 Paulus
1705 3808 1866 3863 purus
1895 3793 1977 3848 ef-

399 3884 568 3938 fectus
591 3891 710 3950 est;
743 3883 864 3938 ideo
891 3882 1101 3938 dicebat
1134 3903 1146 3938 :
1181 3884 1243 3938 Si
1261 3885 1588 3954 nosmetipsos
1603 3887 1973 3956 judicaremus,

397 3992 495 4029 non
527 3977 693 4046 utique
717 3976 1063 4044 iudicarentur
1093 3977 1111 4045 (
1140 3977 1188 4030 1.
1220 3976 1338 4031 Cor.
1375 3979 1458 4032 11.
1513 3979 1570 4032 51
1664 3977 1750 4034 Sic
1781 3977 1881 4033 Job
1913 3980 1977 4033 li-

397 4069 498 4122 lios
521 4083 646 4122 suos
674 4068 926 4139 purgabat
971 4067 1113 4138 (Job.
1147 4070 1197 4122 1.
1224 4067 1316 4141 5).
1349 4068 1479 4123 Nam
1509 4071 1595 4140 qui
1629 4085 1725 4140 pro
1754 4070 1978 4132 occultis

395 4161 652 4215 sacrificia
679 4159 957 4227 offerebat,
988 4161 1152 4215 multo
1183 4162 1350 4230 magis
1380 4177 1475 4229 pro
1502 4160 1796 4216 manifestis
1819 4163 1978 4216 ratio-

395 4270 492 4310 nes
516 4253 819 4324 expetebat.
861 4256 931 4308 At
969 4271 1067 4309 nos
1094 4271 1198 4308 non
1241 4255 1310 4309 ita
1353 4254 1606 4322 facimus;
1635 4255 1726 4310 sed
1757 4256 1976 4310 omnino

393 4361 568 4402 secus.
597 4346 767 4402 Simul
789 4348 931 4402 enim
959 4357 1118 4417 atque
1146 4348 1532 4414 decumbimus,
1565 4348 1839 4404 saecularia
1862 4365 1977 4401 om-

395 4438 484 4494 nia
511 4439 562 4493 in
587 4447 766 4493 mente
792 4452 1066 4492 versamus
1090 4453 1104 4502 ;
1133 4444 1188 4490 et
1207 4437 1294 4489 alii
1323 4437 1534 4506 quidem
1565 4438 1797 4509 impurus
1825 4439 1972 4508 cogi-

455 4597 470 4628 ¹
508 4603 634 4659 “me,
657 4595 782 4659 on'er
806 4593 1028 4658 exempla
1067 4605 1232 4644 eorum
1255 4593 1338 4656 qui
1369 4592 1422 4643 id
1465 4601 1771 4657 superarunt,
1796 4593 1975 4645 desunt

385 4654 438 4704 in
461 4654 749 4722 quibusdam
771 4664 878 4722 uss.

456 4716 529 4782 (ἃ)
561 4722 757 4770 iudices
777 4719 894 4770 olim
915 4732 1043 4782 pone
1064 4717 1226 4768 velum
1250 4717 1510 4782 sedebant.
1531 4716 1605 4767 sic
1625 4717 1905 4782 Athanasius
1918 4726 1970 4766 't‘.

394 4782 435 4826 t.
456 4779 519 4845 Ρ.
539 4782 628 4830 297
653 4795 666 4830 :
689 4794 796 4841 αὐτὸς
819 4794 884 4844 τε,
903 4779 1056 4843 sierint
1088 4794 1157 4845 πρὸ
1177 4797 1242 4832 τοῦ
1269 4793 1403 4842 μήλου,
1436 4779 1539 4843 ipse
1561 4793 1670 4845 vero
1691 4780 1842 4845 stabnt
1865 4791 1974 4831 ante

392 4842 564 4905 velum,
584 4849 636 4892 et
659 4857 706 4905 p.
729 4842 834 4895 370‘
848 4842 943 4898 {ut
961 4842 1007 4897 τὰ
1027 4842 1130 4905 θήλε’
1143 4860 1205 4903 τῆς
1224 4855 1409 4902 ωιλησίις
1422 4883 1436 4902 ,
1458 4842 1624 4905 etvela
1644 4843 1880 4905 ccclesite.
1917 4845 1972 4894 1n

392 4903 630 4955 Artalectis
647 4903 824 4955 nostris
846 4920 894 4969 p.
913 4906 1006 4956 580
1028 4903 1043 4954 ξ
1064 4903 1090 4956 ⁷6
1105 4919 1224 4968 κριτὴς
1246 4922 1310 4957 τοῦ
1335 4919 1445 4968 hac»
1459 4942 1472 4966 ,
1488 4904 1652 4967 judca:
1676 4903 1784 4955 veli.

1185 4996 2868 5028 -________________________.....

1115 181 1166 236 S.
1207 180 1482 236 JOANNIS
1522 176 1990 236 (ZIIRYSOSTOHI
2033 174 2350 236 ARClllEP.
2391 184 2928 245 CONSTANTINOP.

3603 193 3708 252 456

2129 292 2355 350 tationes
2401 296 2743 357 introducunt
2777 320 2791 367 ;
2823 303 2910 358 alii
2955 301 3156 358 ftenora
3181 343 3197 370 ,
3237 315 3385 373 pacta
3412 347 3427 372 ,
3468 316 3521 362 et
3551 323 3709 369 eui-as

2123 382 2311 441 fluxas.
2342 389 2580 461 Cumque
2612 393 2772 468 filiam
2804 396 3058 465 virginem
3085 395 3364 464 habemus,
3398 413 3516 453 eam
3548 415 3708 454 accn-

2121 485 2234 534 rate
2277 495 2550 540 servamus
2578 502 2590 538 :
2623 487 2855 542 animam
2890 505 3015 544 vero
3039 531 3054 555 ,
3084 489 3236 544 nobis
3273 490 3376 544 lilia
3415 494 3705 560 pretiosio-

2119 585 2253 639 rem,
2279 573 2502 631 sinimns
2530 577 2777 635 fornicari
2802 591 2856 636 et
2882 582 3066 652 pollui,
3091 582 3282 638 multas
3310 584 3382 637 illi
3414 586 3582 640 malas
3611 602 3704 641 co-

2115 661 2398 730 gitationes
2443 669 2788 728 immittcntes
2819 690 2833 726 :
2875 688 2938 728 ac
2973 674 3084 727 sive
3119 675 3357 730 avaritia:
3385 691 3559 743 amor,
3588 679 3706 735 sive

2116 752 2449 824 deliciarum,
2472 760 2587 816 sive
2606 760 2958 818 formosorum
2983 779 3286 833 corporum,
3311 765 3422 820 sive
3446 767 3560 833 irae,
3587 768 3704 824 sive

2113 843 2246 899 alius
2266 848 2436 916 quivis
2456 865 2606 906 amor
2631 852 2829 908 intrare
2849 854 3096 919 voluerit,
3120 855 3319 924 apertis
3343 855 3522 924 januis
3549 858 3699 913 illum

2112 938 2407 1007 excipimus
2436 950 2490 996 et
2525 943 2846 1000 advocamus
2868 987 2882 1011 ,
2913 955 2968 1000 et
2997 945 3162 1001 libere
3191 961 3310 1000 cum
3347 946 3438 1006 illa
3481 949 3696 1004 misceri

2111 1026 2354 1083 sinimus.
2387 1030 2503 1098 Quo
2532 1033 2658 1103 quid
2685 1036 2852 1106 magis
2879 1035 3188 1102 barbarum,
3221 1037 3459 1094 omnium
3494 1041 3698 1107 pretio-

2108 1116 2372 1174 sissimam
2413 1124 2642 1178 animam
2672 1140 2702 1179 a
2735 1134 2811 1180 tot
2853 1126 3078 1182 mmcliis
3109 1125 3358 1182 foedatam
3389 1128 3694 1200 negligere,

2107 1217 2160 1262 et
2192 1211 2390 1266 tamdiu
2430 1224 2707 1270 coeuntem
2751 1216 2923 1272 donec
2964 1217 3038 1271 illi
3078 1217 3322 1272 exsatiati
3369 1218 3607 1274 fuerint?
3635 1219 3694 1276 ld

2106 1300 2246 1367 quod
2273 1309 2449 1358 tamen
2479 1320 2763 1376 numquam
2789 1306 2910 1366 erit.
2941 1306 3142 1362 Idcirco
3170 1303 3256 1361 ubi
3288 1323 3508 1362 somnus
3538 1310 3694 1364 inra-

2104 1392 2218 1459 dit,
2253 1404 2376 1451 tunc
2411 1407 2614 1453 tantum
2653 1399 2984 1466 abscedunt;
3027 1401 3135 1456 imo
3174 1417 3240 1455 ne
3271 1410 3394 1457 tunc
3423 1403 3636 1472 quidem
3675 1422 3690 1458 :

2104 1499 2228 1540 nam
2258 1490 2464 1543 somnia
2495 1490 2680 1545 eadem
2718 1491 2817 1561 ipsi
2848 1491 3130 1546 simulacra
3162 1491 3413 1546 offerunt.
3447 1493 3691 1564 Quapro-

2102 1584 2222 1646 pter
2247 1577 2585 1636 illuccscente
2605 1580 2714 1649 die,
2737 1597 2856 1652 quae
2881 1582 2966 1636 illa
2998 1582 3276 1653 imaginata
3305 1593 3386 1638 est
3408 1584 3605 1650 anima,
3632 1586 3688 1639 in

2101 1681 2235 1736 opus
2260 1682 2405 1739 saepe
2425 1671 2630 1725 illarum
2657 1672 2942 1743 imaginum
2965 1687 3066 1742 ope
3086 1671 3309 1727 deducta
3331 1683 3430 1728 est.
3452 1673 3531 1728 Tu
3557 1691 3688 1729 vero

2100 1764 2152 1819 in
2190 1762 2442 1832 pupillam
2485 1765 2627 1819 oculi
2669 1780 2736 1820 ne
2767 1765 3043 1820 minimum
3075 1765 3288 1836 quidem
3332 1767 3566 1836 pulveris
3604 1769 3686 1822 in-

2098 1858 2248 1928 gredi
2273 1859 2404 1913 sinis
2427 1899 2440 1923 ,
2469 1858 2700 1912 animam
2729 1873 2857 1913 vero
2883 1867 3147 1913 tantorum
3190 1860 3450 1914 malorum
3488 1876 3689 1931 conge-

2100 1951 2231 2006 riem
2260 1949 2471 2006 trahere
2510 1951 2835 2020 negligenter
2866 1950 3103 2018 pateris?
3146 1949 3494 2018 Quandonam
3526 1953 3687 2022 igitur

2097 2040 2283 2095 sordes
2310 2040 2424 2094 illas
2449 2053 2580 2110 quas
2604 2040 2839 2109 quotidie
2866 2041 3151 2111 ingerimus
3175 2056 3393 2109 prorsus
3413 2042 3686 2112 deponere

2099 2131 2390 2202 poterimus
2405 2132 2429 2184 ?
2444 2131 2655 2202 quando
2679 2132 2858 2201 spinas
2879 2132 3222 2186 exscindere?
3243 2133 3456 2202 quando
3477 2135 3682 2194 semina

2093 2225 2317 2294 jacere?
2347 2223 2530 2280 Nescis
2553 2234 2606 2278 tu
2631 2265 2646 2291 ,
2677 2232 2887 2294 tempus
2931 2226 3120 2279 messis
3153 2225 3391 2280 instare?
3417 2225 3524 2280 Nos
3552 2243 3683 2282 vero

2097 2334 2164 2373 ne
2193 2317 2411 2374 novales
2439 2317 2650 2388 quidem
2681 2317 2855 2372 adhuc
2885 2317 3205 2373 curavimus.
3234 2316 3288 2372 Si
3322 2333 3449 2388 ergo
3475 2321 3685 2376 venerit

2095 2412 2323 2484 agricola
2351 2453 2366 2477 ,
2402 2419 2456 2466 et
2483 2425 2582 2465 nos
2609 2411 2924 2465 incusaverit
2947 2452 2960 2474 ,
2989 2409 3114 2481 quid
3144 2409 3419 2466 dicemus?
3440 2411 3564 2478 quid
3593 2427 3682 2468 re-

2093 2502 2514 2574 spondebimus?
2542 2502 2624 2556 An
2671 2503 2938 2556 neminem
2985 2504 3188 2556 semina
3230 2501 3443 2559 dedisse
3467 2502 3489 2554 ?
3518 2503 3680 2573 Atqui

2094 2596 2182 2650 illa
2211 2594 2447 2665 quotidie
2470 2594 2761 2664 jacinntur.
2797 2595 2876 2647 An
2910 2596 3174 2648 neminem
3205 2595 3385 2663 spinas
3415 2595 3679 2651 succidis-

2091 2702 2149 2742 sc
2169 2688 2192 2741 τ
2216 2685 2411 2741 Verum
2441 2685 2676 2756 quotidie
2705 2685 2893 2740 falcem
2919 2685 3179 2740 acuimus.
3214 2687 3294 2739 An
3324 2701 3426 2743 nos
3450 2687 3679 2741 sarcula-

2091 2777 2238 2832 ribus
2267 2777 2455 2832 abduci
2497 2777 2640 2831 curis
2683 2787 2737 2832 et
2779 2777 3227 2832 necessitatibus?
3258 2779 3323 2832 Et
3358 2793 3524 2848 quare
3569 2794 3676 2834 non

2090 2870 2316 2943 teipsum
2345 2869 2542 2924 mundo
2568 2869 2910 2924 crucifixisti?
2933 2869 3064 2924 Nam
3095 2871 3138 2924 si
3171 2870 3259 2924 ille
3288 2871 3458 2925 malus
3481 2881 3561 2925 est
3581 2873 3672 2942 qui

2090 2962 2217 3017 illud
2244 2960 2418 3015 solum
2448 2960 2642 3026 reddit,
2665 2960 2805 3031 quod
2837 2960 2936 3014 sibi
2966 2963 3148 3014 datum
3181 2959 3382 3026 fuerat,
3414 2961 3534 3029 quia
3562 2977 3674 3017 non

2087 3053 2374 3124 duplicavit
2402 3068 2694 3108 summam:
2717 3052 2806 3124 qui
2832 3051 3011 3106 datum
3039 3051 3388 3117 labefactavit,
3415 3051 3542 3120 quid
3570 3067 3675 3107 au-

2087 3145 2237 3200 diet?
2264 3144 2318 3199 Si
2349 3144 2435 3198 ille
2471 3143 2661 3213 ligatus
2697 3158 2762 3197 eo
2793 3143 3062 3212 projectus
3092 3149 3176 3196 est
3205 3142 3289 3196 ubi
3316 3141 3513 3196 stridor
3536 3141 3670 3198 den-

2087 3237 2240 3303 tium,
2269 3235 2393 3306 quid
2423 3249 2519 3288 nos
2546 3235 2825 3304 patiemur,
2850 3233 2974 3286 dum
3005 3241 3272 3287 sexcenta:
3300 3246 3386 3287 res
3407 3243 3529 3286 sunt
3550 3250 3670 3304 qua:

2086 3345 2186 3385 nos
2205 3327 2271 3382 ad
2293 3327 2539 3381 virtutem
2561 3324 2794 3390 tralmnt,
2819 3339 3022 3393 uosque
3052 3324 3339 3394 refugimus
3361 3334 3413 3379 et
3439 3326 3673 3394 segniter

2087 3421 2326 3491 agimus?
2347 3419 2483 3488 Quid
2506 3419 2648 3472 enim
2672 3432 2775 3471 non
2799 3416 3042 3471 idoneum
3067 3416 3135 3470 sit
3155 3414 3219 3469 ad
3240 3425 3288 3469 te
3307 3417 3627 3471 incitandum
3646 3416 3671 3468 ?

2085 3517 2275 3571 Annon
2303 3513 2454 3568 vides
2481 3528 2637 3582 quam
2672 3510 2791 3564 vilis
2817 3553 2831 3576 ,
2861 3526 3017 3578 quam
3049 3510 3250 3563 incerta
3278 3510 3348 3562 sit
3377 3509 3490 3564 lucc
3521 3509 3671 3563 vita?

2084 3615 2312 3676 quantus
2343 3605 2428 3659 hic
2455 3604 2602 3657 labor
2629 3601 2742 3656 sit?
2782 3608 3010 3670 quantus
3050 3598 3252 3654 sudor?
3298 3599 3484 3653 Nonne
3523 3601 3668 3653 enim

2085 3699 2162 3753 sic
2192 3712 2277 3752 res
2305 3704 2404 3759 est,
2439 3703 2495 3748 ut
2522 3694 2688 3746 virtus
2707 3707 2826 3746 cum
2855 3683 3058 3755 labore,
3087 3698 3141 3744 et
3170 3689 3352 3742 vitium
3379 3690 3497 3744 sine
3520 3689 3672 3744 labo-

2084 3791 2230 3844 ribus
2251 3787 2505 3842 adeatur?
2524 3785 2576 3841 Si
2599 3793 2650 3838 et
2678 3785 2727 3837 in
2753 3783 2853 3836 hoc
2873 3791 2927 3838 et
2955 3782 3006 3836 in
3035 3781 3123 3834 illo
3146 3780 3296 3835 labor
3315 3789 3416 3843 est,
3441 3795 3538 3834 cur
3561 3797 3668 3835 non

2083 3881 2329 3934 virtutem
2362 3879 2512 3948 eligis
2538 3892 2656 3946 qua:
2692 3883 2894 3929 tantum
2925 3882 3182 3944 qumstum
3213 3873 3391 3942 parit?
3421 3871 3534 3924 lino
3564 3873 3669 3926 viro

2085 3981 2222 4027 tutcs
2240 3969 2478 4040 qusedam
2505 3975 2647 4032 sunt,
2675 3983 2792 4036 qua:
2817 3965 3018 4019 nullum
3048 3963 3243 4018 habent
3265 3963 3520 4016 laborem.
3550 3963 3670 4030 Quo

2082 4063 2264 4118 labore
2288 4059 2542 4115 utendum
2574 4067 2631 4112 ut
2659 4073 2762 4112 non
2795 4055 3074 4111 maledicta
3106 4053 3364 4124 proferas,
3394 4070 3492 4108 nec
3519 4071 3664 4108 meno

2083 4155 2229 4210 tiaris
2249 4193 2263 4215 ,
2301 4167 2398 4207 nec
2419 4151 2568 4220 jures
2591 4191 2607 4216 ,
2638 4158 2695 4202 ut
2725 4148 2856 4202 iram
2891 4146 3133 4216 proximo
3161 4144 3441 4198 remittas?
3470 4143 3665 4198 Contra

2079 4259 2210 4299 vero
2240 4241 2412 4296 facere
2440 4238 2764 4294 laboriosum
2791 4245 2893 4304 est,
2922 4248 3269 4304 magnamque
3295 4233 3446 4286 affert
3469 4234 3666 4288 sollici-

2081 4336 2341 4390 tudinem.
2369 4332 2499 4401 Quaa
2527 4331 2684 4400 igitur
2710 4329 2865 4382 nobis
2891 4327 2993 4381 erit
3022 4326 3312 4389 excusatio,
3341 4339 3459 4394 quzn
3488 4325 3662 4387 venia,

2080 4428 2167 4499 qui
2200 4443 2266 4482 ue
2296 4427 2410 4480 hmc
2439 4424 2652 4494 quidem
2685 4420 2859 4474 facere
2885 4418 3152 4473 velimus?
3178 4417 3311 4471 Hinc
3337 4432 3463 4472 vero
3491 4416 3665 4486 palam

2078 4532 2182 4586 est,
2203 4518 2544 4574 taoot-iosiora
2565 4516 2650 4569 illa
2672 4529 2764 4583 per
2780 4511 3035 4566 desidiam
3055 4519 3105 4563 et
3123 4508 3418 4564 socordiam
3451 4523 3547 4561 nos
3579 4508 3663 4560 fu-

2076 4629 2222 4686 gere.
2248 4612 2377 4679 Quce
2397 4608 2574 4663 omnia
2602 4607 2915 4685 cogitantes,
2941 4601 3228 4671 nequitiam
3258 4598 3663 4669 fugiamus,vir-

2078 4716 2242 4762 tutcm
2259 4703 2559 4771 diligamus,
2581 4705 2638 4751 ut
2663 4707 2714 4750 et
2738 4693 3019 4766 przesentia
3042 4703 3092 4746 et
3113 4691 3283 4745 futura
3314 4691 3449 4744 bona
3473 4703 3666 4744 conse-

2075 4813 2320 4872 quamur,
2348 4793 2515 4864 gratia
2533 4802 2586 4846 et
2604 4789 2928 4856 benignitate
2947 4784 3154 4840 Domini
3183 4786 3345 4838 nostri
3365 4783 3495 4838 .lcsu
3524 4783 3665 4835 Chri-

2075 4898 2164 4964 sti,
2181 4893 2263 4950 cui
2281 4890 2444 4962 gloria
2463 4896 2515 4940 et
2534 4883 2812 4953 imperiunm
2831 4880 2881 4935 in
2899 4880 3091 4934 smcula
3107 4878 3446 4934 szeculornm.
3473 4878 3662 4930 Amen.

2883 4995 3061 5005 _—.——.

1501 5066 1844 5128 HOMILIA
1888 5068 2114 5130 XLIII.
2161 5065 2246 5127 al.
2293 5057 2514 5122 XLIV.

387 5195 517 5246 Car.
553 5189 638 5246 12.
672 5204 724 5244 v.
748 5188 836 5244 58.
865 5185 1010 5240 Tum:
1030 5189 1390 5257 responderunt
1417 5187 1460 5240 ei
1501 5187 1705 5259 quidam
1749 5189 1812 5241 de
1846 5188 1971 5241 scri-

458 5283 534 5337 bis
565 5291 610 5336 et
643 5279 941 5338 Pltaristeis.
973 5279 1188 5332 dicentes
1217 5293 1234 5331 :
1266 5278 1527 5348 Magister,
1584 5281 1812 5333 volumus
1853 5297 1884 5332 α
1929 5289 1976 5333 te

457 5378 658 5448 signum
685 5373 869 5428 videre.
913 5372 1002 5429 39.
1037 5371 1136 5435 Qui
1179 5371 1433 5438 respondit
1463 5387 1482 5423 :
1513 5371 1778 5425 cherutio
1820 5388 1975 5440 pruna

459 5479 503 5522 et
548 5468 781 5522 adultera
825 5467 1026 5538 signum
1078 5464 1275 5535 quttrit,
1310 5471 1354 5516 et
1391 5463 1587 5534 signum
1627 5480 1726 5517 non
1775 5463 1977 5516 dabitur

461 5565 525 5628 ei,
555 5563 653 5616 nisi
671 5563 866 5632 signum
885 5559 1036 5615 Jonas
1062 5558 1336 5629 prOphetc.

472 5660 518 5710 l.
547 5655 680 5723 Quid
711 5655 793 5710 bis
839 5654 1072 5721 stultius,
1103 5651 1226 5722 quid
1257 5651 1423 5721 magis
1453 5649 1716 5718 impium?
1745 5649 1866 5701 l‘ost
1899 5655 1974 5700 tot

2081 5187 2250 5256 signa,
2277 5197 2338 5236 ac
2364 5180 2405 5234 si
2435 5176 2633 5231 nullum
2684 5173 2876 5226 factum
2933 5178 3096 5234 esset,
3141 5166 3322 5222 dicunt
3370 5183 3382 5218 :
3428 5164 3671 5220 Volumus

2084 5297 2115 5330 α
2145 5289 2193 5331 te
2214 5276 2412 5345 signum
2441 5270 2625 5324 videre.
2674 5266 2780 5320 Cur
2810 5277 2938 5333 ergo
2965 5261 3079 5316 lucc
3125 5259 3414 5316 dicebant?
3445 5256 3512 5313 Ut
3544 5273 3663 5311 car-

2085 5365 2242 5439 pendi
2267 5365 2439 5419 locum
2468 5362 2657 5416 iterum
2683 5356 2962 5410 baberent.
2985 5352 3117 5419 Quia
3140 5351 3281 5406 enim
3304 5351 3444 5419 ipsos
3474 5349 3668 5408 semel,

2083 5461 2162 5515 bis
2187 5467 2240 5513 et
2269 5455 2462 5524 sapius
2505 5457 2858 5522 represserat,
2905 5455 2959 5499 et
3012 5442 3369 5512 impudentem
3428 5441 3669 5508 ipsorum

2083 5553 2310 5620 linguam
2360 5546 2630 5607 framarat,
2675 5539 2741 5594 ad
2789 5552 2950 5607 Opera
2996 5550 3180 5590 rursus
3228 5533 3487 5587 veniunt:
3529 5531 3667 5598 quml

2081 5643 2346 5698 admirans
2373 5634 2690 5705 evangelista
2724 5645 2908 5686 rursus
2939 5627 3145 5683 dicebat
3176 5643 3188 5678 :
3222 5624 3369 5678 Tunc
3395 5621 3664 5690 responde-
