4010 6128
389 260 488 317 457

386 383 503 429 runt
529 371 575 428 ei
592 372 797 441 quidam
824 367 1104 424 scribarum
1129 365 1326 433 signum
1352 368 1587 430 petentes.
1615 354 1780 419 Tunc,
1805 365 1974 422 quan-

389 464 620 524 dunam?
649 463 779 520 Cum
810 474 1012 515 morem
1059 470 1246 528 gerere
1265 494 1281 520 ,
1312 451 1531 516 mirari,
1565 448 1939 515 obstupescere
1959 483 1976 508 ,

392 556 643 612 recedere
695 551 992 622 oportebat,
1028 558 1153 602 tunc
1182 562 1211 600 a
1240 542 1476 613 nequitia
1531 554 1634 593 non
1688 536 1974 590 absistunt.

389 646 707 701 Consideres
736 655 911 698 autem
940 641 1100 696 velim
1121 637 1282 693 verba
1309 633 1610 688 adulatione
1636 639 1685 683 et
1714 626 1980 701 derisione

388 738 561 807 plena.
581 734 970 805 Exspectabam.
989 732 1127 785 enim
1153 730 1253 783 hac
1274 727 1476 780 ratione
1497 739 1553 778 se
1570 722 1715 777 illum
1736 719 1980 789 pellectu-

394 845 481 883 ros
508 843 648 884 esse.
681 827 746 881 Et
775 840 914 879 nunc
942 822 1155 894 quidem
1195 815 1517 874 contumelia
1542 813 1776 867 afficiunt
1797 852 1810 874 ,
1841 825 1980 863 nunc

388 931 565 973 autem
614 916 934 979 adulantur,
964 927 1104 966 nunc
1151 906 1539 964 daemoniacum
1583 910 1806 966 vocant,
1839 913 1981 954 nunc

390 1013 729 1080 magistrum,
761 1017 1041 1075 utrumque
1071 1002 1213 1057 malo
1236 1000 1414 1055 animo
1434 1037 1448 1060 ,
1477 994 1684 1051 etiamsi
1714 991 1979 1048 contraria

390 1102 529 1155 dicta
560 1101 686 1154 sint.
720 1097 843 1153 Ideo
862 1097 913 1151 in
943 1095 1062 1149 illos
1085 1092 1428 1147 vehementer
1452 1086 1736 1142 invehitur.
1760 1081 1982 1149 Quando

389 1201 566 1246 autem
601 1191 747 1243 illum
779 1201 969 1257 aspere
1000 1180 1414 1252 interrogabant,
1437 1187 1492 1232 et
1516 1174 1839 1231 contumelia
1867 1170 1983 1226 affi-

390 1283 619 1348 ciebant,
657 1279 933 1334 moderate
961 1290 1082 1330 cum
1131 1273 1235 1326 illis
1274 1268 1623 1338 loquebatur;
1657 1279 1776 1317 cum
1804 1270 1981 1316 autem

391 1374 764 1437 adulabantur,
788 1369 982 1424 acriter
1010 1374 1062 1421 et
1087 1379 1207 1420 cum
1234 1361 1396 1416 multa
1424 1355 1777 1419 vehementia,
1800 1361 1982 1407 osten-

391 1466 527 1520 dens
556 1480 615 1519 se
643 1473 867 1532 utroque
894 1459 986 1514 illo
1010 1457 1202 1512 affectu
1235 1470 1355 1510 esse
1385 1452 1717 1522 superiorem
1752 1468 1765 1503 :
1795 1463 1856 1501 ac
1886 1463 1980 1501 ne-

392 1572 497 1627 que
540 1565 663 1610 tunc
718 1554 770 1607 in
820 1554 952 1606 iram
996 1548 1326 1613 concitatur,
1354 1560 1524 1615 neque
1568 1558 1632 1596 ex
1682 1540 1983 1595 adulatione

392 1648 663 1704 delinitur.
695 1645 829 1700 Vide
856 1655 1034 1697 autem
1066 1638 1512 1709 objurgationem,
1535 1649 1653 1704 quae
1676 1647 1782 1686 non
1810 1629 1983 1686 solum

392 1738 692 1794 criminatio
734 1737 836 1801 sit,
881 1748 1065 1789 verum
1112 1732 1271 1786 etiam
1314 1725 1696 1783 demonstratio
1736 1722 1983 1792 nequitia:

393 1845 599 1885 eorum.
629 1827 765 1895 Quid
801 1826 942 1881 enim
972 1824 1081 1878 ait?
1113 1821 1377 1876 Cencratio
1420 1816 1555 1870 mala
1585 1824 1631 1869 ct
1656 1813 1887 1866 adultera
1915 1813 1986 1866 si-

392 1939 546 1992 gnttnt
568 1919 763 1992 quaerit.
787 1917 841 1972 Id
871 1924 947 1972 est
971 1935 983 1970 :
1007 1913 1141 1983 Quid
1166 1913 1356 1967 mirmn
1387 1909 1430 1963 si
1458 1907 1571 1963 Inec
1590 1905 1869 1961 adversum
1898 1918 1984 1957 me

394 2015 598 2081 facitis,
650 2013 738 2082 qui
782 2010 955 2065 adhuc
999 2008 1153 2063 vobis
1195 2013 1354 2059 notus
1408 2017 1513 2056 non
1567 2014 1719 2063 sum,
1771 1995 1984 2066 quando

391 2121 515 2174 erga
541 2104 773 2165 Patrem,
798 2101 948 2170 cujus
970 2097 1218 2169 potentiae
1249 2104 1388 2148 tanta
1413 2091 1776 2161 experimenta
1798 2086 1985 2142 habui-

393 2197 508 2259 stis,
543 2195 771 2262 idipsum
806 2189 1047 2245 fecistis?
1072 2186 1202 2241 Nam
1238 2187 1326 2238 illo
1371 2184 1558 2238 relicto
1580 2221 1596 2248 ,
1620 2180 1687 2235 ad
1712 2179 1983 2233 daemonas

393 2290 722 2352 eurrebatis,
755 2295 1023 2339 amatores
1055 2296 1249 2352 pravos
1295 2276 1663 2339 attrahentes;
1694 2273 1832 2343 quod
1874 2270 1983 2325 fre-

392 2394 615 2453 qnentcr
638 2382 740 2435 illis
771 2378 1019 2435 Ezechiel
1050 2376 1245 2447 probro
1274 2374 1428 2428 vertit
1449 2373 1467 2441 (
1491 2369 1676 2423 Ezech.
1704 2369 1770 2422 16
1790 2368 1835 2439 ).
1860 2366 1984 2420 llaze

392 2485 566 2528 autem
599 2473 844 2537 dicebat,
876 2467 1165 2524 ostendens
1195 2481 1254 2521 se
1284 2479 1405 2518 cum
1438 2463 1597 2516 Patre
1638 2459 1940 2516 consentire
1963 2498 1979 2524 ,

393 2569 642 2636 ipsosque
692 2565 820 2619 nihil
872 2563 1143 2618 insolitum
1196 2557 1408 2619 facere;
1440 2569 1736 2624 arcanaque
1788 2551 1984 2606 mentis

393 2659 627 2728 ipsorum
670 2657 869 2712 revelat
893 2697 907 2720 ,
938 2653 1079 2725 quod
1108 2666 1300 2720 nempe
1326 2662 1446 2703 cum
1472 2645 1806 2701 simulatione
1826 2650 1984 2712 atque

393 2763 447 2806 ut
492 2753 687 2807 inimici
718 2751 767 2804 id
797 2757 1056 2820 peterent.

496 2843 724 2897 Christus
769 2857 822 2896 se
892 2839 1040 2893 Patri
1110 2837 1351 2908 aqualem
1422 2832 1653 2888 ostendit.
1682 2859 1754 2870 —
1782 2826 1984 2883 Idcirco

397 2934 514 2988 illos
552 2935 948 3004 generationem
988 2946 1199 3001 pravam
1240 2936 1417 2992 vocat,
1448 2926 1567 2996 quia
1607 2923 1796 2992 ingrati
1844 2919 1984 2975 sém—

395 3043 487 3096 per
515 3035 638 3082 sunt
666 3040 789 3096 erga
817 3024 1116 3087 beneﬁcos;
1147 3030 1202 3077 et
1235 3021 1279 3074 si
1316 3019 1450 3073 bene
1480 3031 1599 3071 cum
1639 3015 1742 3069 illis
1786 3012 1981 3082 agitur,

392 3119 602 3189 pejores
628 3117 794 3182 fiunt;
819 3115 957 3184 quod
983 3124 1063 3168 est
1088 3123 1339 3166 extremae
1361 3107 1745 3175 improbitatis;
1778 3105 1984 3157 adulle-

393 3227 506 3265 ram
541 3225 670 3263 vero
708 3207 950 3270 vocavit,
981 3214 1036 3258 et
1062 3205 1287 3273 priorem
1317 3210 1369 3254 et.
1398 3207 1712 3268 prmsentem
1741 3196 1989 3250 incredu-

391 3304 593 3357 litatem
649 3297 985 3369 significans;
1042 3295 1180 3350 unde
1224 3295 1413 3348 iterum
1463 3288 1694 3345 ostendit
1747 3303 1805 3342 se
1843 3287 1984 3341 Patri

392 3396 647 3464 :equalem
669 3407 810 3457 esse,
839 3388 1097 3460 siquidem
1122 3387 1171 3441 id
1196 3386 1340 3440 illam
1363 3383 1655 3438 adulteram
1681 3380 1820 3445 facit,
1844 3379 1983 3449 quod

392 3491 495 3545 sibi
523 3506 629 3545 non
659 3487 859 3544 credat.
914 3482 1113 3539 Deinde
1137 3489 1255 3551 post
1281 3481 1395 3534 haec
1422 3475 1696 3540 convicia,
1724 3472 1850 3544 quid
1876 3470 1985 3526 ait?

395 3583 449 3638 Ν
453 3598 507 3638 ec
524 3582 726 3651 signum
751 3578 952 3633 dabitur
972 3579 1037 3641 ei,
1058 3574 1156 3628 nisi
1174 3573 1371 3643 signum
1394 3568 1544 3623 Jama
1565 3566 1840 3638 prophetae.
1867 3563 1985 3619 Jam

391 3686 698 3728 sermonem
729 3669 796 3724 de
825 3666 1218 3723 resurrectione
1264 3661 1570 3732 prtemittit,
1599 3673 1771 3728 exque
1819 3656 1985 3728 figura

394 3763 698 3818 confirmat.
725 3758 859 3827 Quid
890 3758 1066 3827 igitur,
1101 3754 1328 3823 inquies,
1363 3764 1539 3805 nonne
1567 3750 1776 3819 signum
1802 3747 1982 3801 datum

394 3864 480 3910 est
503 3853 595 3909 ei?
623 3851 735 3907 Non
765 3850 944 3905 datum
972 3855 1052 3902 est
1101 3843 1318 3916 petenti.
1353 3842 1465 3896 Non
1497 3841 1638 3896 enim
1670 3848 1724 3893 ut
1754 3838 1870 3893 illos
1901 3837 1983 3891 in-

397 3948 637 4014 duceret,
664 3947 811 4015 signa
838 3942 1064 3997 faciebat
1098 3958 1110 3991 :
1139 3937 1344 3994 sciebat
1372 3935 1512 3992 enim
1547 3934 1665 3988 illos
1691 3939 1985 3987 excarcatos

399 4056 553 4105 esse;
585 4037 680 4094 sed
712 4046 765 4091 ut
794 4035 926 4088 alios
957 4031 1284 4088 emendaret.
1321 4028 1416 4083 Vel
1446 4028 1546 4081 hoc
1570 4023 1851 4081 dicendum
1881 4031 1982 4089 est,

400 4133 480 4188 vel
511 4132 606 4195 sic,
636 4135 777 4200 ipsos
806 4141 996 4195 nempe
1025 4128 1233 4195 signum
1274 4136 1380 4177 non
1423 4129 1734 4190 accepturos
1763 4131 1881 4171 esse
1911 4115 1986 4169 illi

401 4224 592 4278 simile.
618 4222 836 4291 Signum
859 4218 1053 4289 quippe
1079 4217 1256 4271 datum
1281 4213 1386 4267 illis
1405 4219 1489 4267 est
1511 4208 1724 4281 quando
1744 4208 1985 4276 castigati

400 4317 515 4386 ejus
557 4316 844 4384 potentiam
879 4318 1163 4366 noverunt.
1191 4309 1288 4363 llic
1317 4307 1495 4375 itaque
1517 4305 1686 4358 minas
1718 4302 1987 4357 intentans

405 4409 660 4478 loquitur,
686 4407 789 4462 hoc
815 4407 986 4476 ipsum
1016 4401 1380 4465 subindicans,
1409 4413 1471 4453 ac
1498 4398 1542 4451 si
1570 4396 1772 4451 diceret
1801 4411 1813 4446 :
1847 4392 1985 4449 Sex-

403 4510 557 4555 centa
603 4497 858 4553 beneﬁcia
896 4495 1115 4559 contuli,
1158 4494 1357 4548 nullum
1405 4506 1589 4545 eorum
1617 4503 1713 4543 vos
1749 4487 1984 4553 attraxit,

406 4604 579 4659 neque
606 4587 847 4643 voluistis
874 4586 1162 4656 potentiam
1186 4597 1358 4637 meam
1381 4581 1623 4634 adorare.
1649 4579 1750 4633 Per
1775 4586 1988 4632 contra-

403 4684 481 4739 ria
508 4697 635 4752 ergo
661 4678 995 4750 cognoscetis
1032 4675 1394 4734 fortitudinem
1424 4687 1616 4737 meam,
1649 4686 1769 4725 eum
1801 4670 1985 4723 urbem

405 4775 638 4830 excisam
669 4771 906 4827 videritis
926 4812 941 4835 ,
969 4769 1181 4840 quando
1211 4768 1509 4823 destructos
1547 4778 1749 4828 muros,
1779 4760 1989 4832 quando

407 4865 660 4935 templum
699 4862 982 4919 maceriem
1037 4861 1314 4922 effectum.
1344 4856 1555 4928 quando
1593 4872 1659 4911 ex
1697 4856 1912 4909 civitate
1938 4863 1991 4908 et

405 4957 730 5014 exlibertate
761 4956 982 5025 pristina
1012 4952 1314 5008 excideritis
1335 4967 1350 5016 ;
1372 4959 1426 5005 et
1454 4962 1637 5004 rursus
1664 4956 1909 5002 extorres
1937 4954 1990 5000 et

406 5048 611 5120 profugi
632 5046 826 5117 ubique
853 5044 1111 5099 errabitis.
1151 5042 1275 5097 Haec
1298 5042 1491 5112 quippe
1518 5039 1693 5095 omnia
1726 5050 1845 5108 post
1870 5054 1987 5093 eru-

405 5160 522 5201 cem
562 5142 697 5196 facta
739 5152 881 5195 sunt.
913 5138 1039 5194 Hazc
1086 5152 1212 5207 ergo
1254 5136 1403 5190 vobis
1446 5151 1543 5205 pro
1580 5134 1744 5205 signis
1788 5132 1992 5202 magnis

406 5244 582 5294 erunt.
614 5233 746 5289 Nam
777 5241 920 5290 certe
959 5230 1244 5284 maximum
1288 5228 1415 5282 illud
1459 5237 1541 5283 est
1583 5228 1790 5297 signum
1812 5266 1825 5290 ,
1850 5223 1993 5295 quod

411 5328 549 5382 mala
574 5328 807 5397 ipsorum
836 5324 1052 5378 immota
1084 5327 1369 5385 maneant,
1401 5317 1543 5388 quod
1587 5316 1881 5372 innumeris
1903 5328 1994 5370 co-

412 5420 680 5483 nantibus,
713 5430 871 5471 ncmo
892 5413 1060 5483 possit
1097 5410 1297 5466 mederi
1337 5409 1490 5463 malis
1515 5424 1632 5476 (pne
1663 5408 1714 5463 in
1737 5406 1992 5463 ultionem

413 5515 540 5583 ipsis
578 5512 814 5568 immissa
841 5519 983 5563 sunt.
1026 5506 1131 5563 Sed
1175 5505 1288 5559 haec
1325 5504 1536 5574 quidem
1564 5503 1653 5558 ille
1681 5519 1784 5557 non
1829 5501 1992 5565 dicit,

414 5621 596 5660 verum
636 5603 888 5672 relinquit
915 5616 975 5656 ea
1012 5607 1070 5654 ut
1099 5596 1394 5668 insequenti
1438 5606 1675 5665 tempore
1701 5595 1829 5662 ipsis
1853 5593 1993 5647 clara

410 5698 640 5756 evadant
669 5716 681 5750 :
711 5696 920 5753 interim
950 5709 1074 5749 vero
1116 5689 1518 5748 resurrectionis
1547 5702 1847 5744 sermonem
1888 5695 1990 5742 tra-

1376 245 1440 301 IN
1480 235 1887 298 MATTIIIEUM
1927 232 2153 290 IIOMIL.
2197 233 2374 291 XLIII.
2418 235 2486 289 al.
2532 235 2710 290 XLIV.

3578 242 3675 295 με

2085 357 2213 416 ctat,
2243 365 2398 420 quem
2430 351 2610 405 scituri
2644 362 2798 407 erant
2840 369 2933 422 per
2974 354 3107 408 mala
3158 354 3298 425 ipsos
3342 357 3674 425 postnmdnm

2112 439 2376 494 invaSura.
2404 441 2493 496 40.
2524 442 2669 495 Sicut
2710 444 2840 495 enim
2881 443 2978 511 [ait
3007 444 3185 507 Jonas,
3221 446 3408 515 inquit,
3434 447 3483 499 in
3514 460 3678 502 ventre

2086 531 2179 583 ceti
2220 531 2375 584 tribus
2422 532 2591 585 diebus
2616 543 2664 587 et
2689 534 2847 587 tribus
2875 534 3099 589 noctibus
3122 578 3137 600 ,
3169 537 3241 588 sic
3288 539 3381 589 erit
3420 548 3465 591 ct
3513 537 3678 592 Filius

2088 622 2303 676 hominis
2333 625 2384 676 in
2410 626 2560 676 corde
2583 634 2729 680 terra:
2754 626 2911 680 tribus
2940 624 3113 681 diebus
3152 639 3195 681 et
3225 630 3382 683 tribus
3426 632 3673 687 noctibus.

2089 714 2159 769 Se
2196 729 2617 769 resurrecturum
2647 717 2791 772 clare
2833 734 2937 772 non
2980 718 3147 783 dixit,
3180 735 3248 773 ne
3273 736 3330 775 se
3357 721 3674 787 irridcrcnt;

2087 804 2164 859 sic
2184 814 2361 858 autem
2413 806 2797 874 subindicavit,
2829 818 2887 863 ut
2910 809 3130 866 credere
3176 821 3392 881 possent
3441 828 3498 867 se
3546 814 3673 868 illud

2091 896 2437 963 pra-scivisse.
2489 898 2638 965 Quod
2688 915 2845 968 porro
2882 910 3119 969 nossent,
3160 903 3410 957 dixerunt
3438 904 3503 958 ad
3536 905 3688 959 I’ila-

2090 995 2198 1039 tum
2235 1004 2248 1040 :
2280 988 2526 1042 Seductor
2561 989 2647 1043 ille
2689 992 2817 1044 dixit
2846 992 2965 1044 dum
2991 993 3159 1046 adhuc
3183 995 3395 1062 viveret,
3427 994 3553 1050 Post
3580 1006 3679 1051 tres

2088 1077 2193 1131 dies
2223 1095 2480 1149 resurgam
2513 1082 2529 1150 (
2558 1080 2744 1135 Matth.
2772 1082 2862 1136 Ἦ.
2891 1083 2960 1137 65
2982 1084 3020 1151 ).
3056 1084 3385 1154 Quamquam
3433 1087 3677 1158 discipuli

2088 1169 2190 1222 hoc
2220 1169 2554 1238 ignorarent;
2586 1188 2706 1226 nam
2736 1164 2889 1229 antea
2921 1175 3162 1230 rudiores
3192 1176 3296 1231 illis
3322 1187 3475 1233 erant
3502 1196 3516 1230 :
3549 1196 3679 1251 qua-

2091 1269 2305 1328 propter
2337 1260 2388 1314 lti
2419 1277 2482 1317 ex
2524 1277 2615 1316 sua
2645 1264 2878 1333 ipsorum
2907 1269 3167 1321 sententia
3195 1268 3426 1322 damnati
3459 1280 3602 1325 sunt.

2159 1351 2213 1404 ἓ.
2248 1351 2476 1407 Christus
2504 1370 2634 1420 vere,
2664 1365 2709 1408 et
2738 1373 2838 1409 non
2869 1358 3034 1427 specie
3062 1368 3255 1413 tantum
3290 1377 3468 1430 passus
3505 1372 3598 1426 est,
3623 1376 3677 1417 ut

2092 1443 2323 1497 Marcion
2347 1447 2691 1500 contendebat.
2709 1447 2911 1503 —Vide
2932 1459 3107 1504 autem
3136 1453 3400 1518 quomodo
3432 1454 3557 1508 illud
3582 1469 3674 1509 ac—

2088 1547 2271 1593 curate
2301 1539 2615 1595 subindicet.
2646 1541 2759 1595 Non
2783 1542 2924 1596 enim
2956 1541 3107 1610 dixit,
3143 1544 3193 1597 in
3238 1555 3375 1600 terra
3395 1585 3410 1612 ,
3443 1546 3535 1600 sed
3560 1587 3577 1614 ,
3608 1546 3677 1600 In

2088 1629 2238 1683 corde
2259 1641 2402 1684 terra:
2424 1647 2443 1693 ;
2466 1641 2520 1684 ut
2546 1640 2601 1686 et
2646 1632 2950 1702 sepulcrum
2976 1633 3254 1691 indicaret.
3280 1644 3336 1688 et
3365 1638 3522 1691 nemo
3561 1637 3677 1692 hare

2088 1723 2267 1792 specie
2301 1732 2504 1776 tantum
2534 1722 2672 1778 facta
2695 1725 3054 1794 suspicaretur
3080 1723 3177 1797 (η).
3212 1726 3343 1780 Tres
3363 1736 3538 1782 autem
3558 1728 3677 1784 dies

2088 1815 2210 1869 ideo
2255 1816 2537 1883 concessit,
2585 1826 2641 1870 ut
2672 1825 2938 1871 mortuum
2973 1816 3134 1872 fuisse
3164 1818 3309 1872 illum
3346 1819 3673 1876 crederetur.

2087 1906 2201 1961 Non
2233 1908 2373 1961 enim
2403 1923 2470 1962 ex
2498 1924 2655 1963 cruce
2690 1917 2892 1963 tantum
2923 1909 2972 1963 id
3012 1908 3359 1964 confirmatur
3389 1920 3441 1966 et
3466 1928 3527 1966 ex
3558 1913 3673 1967 visu

2087 2001 2360 2065 omnium,
2390 2002 2482 2055 sed
2525 2002 2684 2055 etiam
2715 2018 2780 2055 ex
2810 2002 3016 2056 dierum
3059 2017 3303 2057 numero.
3330 2003 3461 2057 Nam
3491 2020 3673 2059 resur-

2088 2093 2310 2147 rectioni
2340 2093 2495 2147 tidem
2526 2092 2701 2148 facere
2726 2086 2954 2147 debebat
2977 2103 3183 2164 tempus
3222 2110 3381 2150 omne
3414 2111 3671 2165 sequens;

2087 2199 2217 2238 crux
2247 2198 2372 2237 vero
2402 2184 2500 2237 nisi
2519 2184 2679 2238 multa
2713 2191 2840 2238 tunc
2884 2183 3159 2239 habuisset
3212 2187 3536 2253 testimonia,
3567 2204 3671 2241 non

2087 2273 2287 2327 credita
2329 2273 2514 2327 fuisset
2547 2273 2630 2329 :si
2668 2289 2772 2326 non
2804 2287 2954 2340 crux,
3002 2289 3101 2330 nec
3130 2277 3447 2333 resurrectio
3472 2277 3674 2333 credita

2089 2363 2294 2420 fuisset.
2330 2365 2453 2420 Ideo
2496 2366 2705 2436 signum
2730 2376 2881 2420 vocat
2911 2365 3061 2420 illud.
3103 2365 3157 2421 Si
3182 2376 3357 2421 autem
3389 2369 3674 2424 crucifixus

2088 2474 2193 2511 non
2223 2457 2428 2524 fuisset,
2462 2475 2563 2513 Ποιι
2594 2458 2828 2514 dandum
2851 2459 2986 2515 foret
3027 2461 3257 2531 signum.
3303 2461 3422 2516 Ideo
3452 2462 3673 2533 figuram

2088 2551 2141 2606 in
2172 2552 2404 2606 medium
2450 2552 2683 2617 adducit,
2729 2561 2785 2607 ut
2829 2555 3021 2607 veritas
3068 2554 3337 2609 credatur.
3386 2556 3630 2610 Dietnihi
3657 2600 3670 2625 ,

2086 2662 2291 2718 qumso,
2316 2663 2383 2702 an
2405 2648 2681 2718 phantasia
2703 2659 2814 2701 erat
2841 2647 3002 2703 Jonas
3033 2650 3081 2702 in
3109 2658 3292 2704 ventre
3316 2650 3455 2704 ceti?
3480 2650 3671 2705 Verum

2088 2741 2137 2795 id
2166 2741 2345 2796 dicere
2375 2757 2480 2795 nun
2507 2742 2697 2811 possis.
2723 2738 2865 2811 Erga
2898 2757 3069 2810 neque
3115 2741 3385 2795 Christum
3418 2742 3468 2794 in
3513 2743 3676 2797 corde

2090 2845 2244 2889 terra:
2273 2834 2438 2890 fuisse
2467 2849 2650 2905 neges.
2695 2833 2879 2904 Neque
2909 2833 3050 2887 enim
3094 2842 3248 2905 typus
3285 2833 3335 2887 in
3375 2834 3597 2889 veritate
3622 2844 3679 2889 et

2089 2930 2285 2985 veritas
2322 2930 2372 2982 in
2423 2929 2696 2999 phantasia
2740 2937 2841 2982 est.
2871 2927 2993 2982 Ideo
3045 2926 3239 2998 ubique
3284 2937 3508 2983 mortem
3560 2927 3674 2998 ejus

2088 3023 2480 3084 annnntiamus,
2517 3020 2568 3073 in
2601 3019 2886 3089 mysteriis,
2928 3019 2979 3073 in
3011 3019 3349 3089 baptismate,
3379 3020 3431 3073 in
3453 3020 3677 3089 aliisque

2089 3115 2359 3167 omnibus.
2393 3113 2594 3168 Idcirco
2619 3122 2672 3167 et
2712 3113 2908 3166 Paulus
2951 3113 3224 3182 splendida
3278 3128 3407 3169 voce
3431 3114 3626 3168 clamat
3658 3132 3672 3168 :

2096 3205 2222 3258 Mihi
2251 3216 2417 3258 autent
2463 3204 2590 3259 absit
2619 3204 2831 3276 gloriari
2876 3205 2973 3259 nisi
3013 3206 3065 3259 in
3095 3222 3245 3261 cruce
3291 3205 3493 3261 Domini
3519 3210 3678 3262 nostri

2088 3297 2211 3351 Jcsu
2239 3296 2424 3353 Christi
2453 3297 2605 3368 (Gal.
2635 3298 2686 3352 6.
2732 3297 2855 3368 Μ).
2889 3296 3041 3354 Unde
3078 3299 3413 3354 manifestum
3432 3309 3533 3365 est,
3565 3300 3677 3355 dia-

2090 3387 2193 3442 boli
2227 3389 2364 3442 tilios
2415 3403 2535 3444 esse
2562 3403 2656 3444 eos
2711 3389 2796 3458 qui
2848 3388 3128 3443 Marcionis
3170 3389 3355 3445 morbo
3398 3389 3673 3458 laborant,

2089 3497 2208 3536 cum
2247 3482 2328 3535 illa
2357 3481 2590 3548 deleant,
2627 3497 2746 3551 qua:
2794 3497 2861 3537 ne
2890 3481 3231 3538 abolerentur
3268 3463 3479 3539 summo
3501 3483 3677 3538 studio

2089 3573 2331 3628 Christus
2359 3573 2583 3640 curavit,
2626 3589 2744 3642 qua:
2773 3581 2829 3626 ut
2885 3572 3230 3628 abolerentur
3251 3590 3461 3629 sunnno
3500 3575 3678 3630 studio

2090 3669 2333 3724 diabolus
2376 3678 2595 3724 conatus
2644 3678 2764 3736 est;
2814 3684 3027 3725 crucem
3080 3670 3200 3726 tilCO
3252 3681 3303 3727 et
3351 3670 3673 3742 passionem.

2088 3762 2444 3831 Quamobrem
2466 3761 2589 3815 alibi
2611 3761 2738 3816 dicit
2758 3781 2771 3815 :
2788 3761 2980 3817 Soluite
2998 3765 3237 3834 templum
3258 3764 3373 3831 hoc,
3389 3774 3434 3817 et
3453 3766 3506 3818 in
3521 3763 3678 3825 tribas

2090 3855 2263 3909 diebus
2310 3856 2536 3909 excitabo
2572 3854 2703 3907 illud
2738 3853 2933 3926 (Joan.
2955 3856 3009 3908 2.
3037 3857 3136 3926 19)
3178 3874 3191 3920 ;
3222 3866 3295 3923 cl,
3335 3857 3496 3910 Erunt
3530 3858 3636 3912 dies
3660 3899 3675 3923 ,

2088 3949 2290 4013 quando
2319 3949 2577 4018 auferetur
2600 3947 2660 3999 ab
2678 3947 2800 4014 ipsis
2821 3963 3037 4016 sponsus
3063 3948 3080 4015 (
3102 3946 3286 4002 Matth.
3317 3948 3370 4003 9.
3426 3948 3528 4017 l5)
3558 3967 3571 4015 ;
3624 3959 3679 4003 et

2091 4040 2196 4103 ltic,
2227 4037 2346 4118 Non
2391 4037 2591 4091 dabitur
2616 4037 2718 4090 illis
2743 4037 2963 4107 signum,
2997 4037 3091 4092 nisi
3116 4038 3317 4107 signum
3364 4038 3514 4097 dante
3559 4056 3678 4109 pro-

2090 4133 2253 4201 pheta:
2271 4148 2289 4194 ;
2311 4129 2587 4184 declarans
2614 4144 2673 4184 se
2702 4145 2795 4198 pro
2821 4129 2924 4183 illis
2946 4144 3247 4200 passurum,
3303 4140 3355 4185 et
3404 4130 3523 4185 illos
3548 4132 3678 4187 nihil

2093 4223 2217 4277 inde
2245 4223 2375 4276 lucri
2404 4229 2717 4290 accepturos
2741 4235 2880 4276 esse.
2900 4220 3010 4275 Hoc
3036 4221 3179 4275 enim
3219 4233 3399 4291 postea
3436 4221 3677 4285 declara-

2091 4317 2185 4382 vit,
2218 4324 2271 4371 et
2293 4326 2470 4371 tamen
2500 4331 2621 4369 cum
2650 4314 2764 4369 Iure
2790 4315 3221 4379 sciret,mortnus
3244 4324 3324 4370 est
3353 4331 3366 4368 :
3400 4324 3542 4369 tanta
3562 4326 3676 4373 erat

2091 4408 2206 4477 ejus
2227 4406 2578 4478 providentia.
2627 4406 2702 4461 Ne
2731 4417 2886 4476 putes
2911 4406 3053 4461 enim
3080 4407 3386 4460 Judmornm
3421 4407 3552 4461 tales
3575 4407 3675 4463 exi-

2095 4510 2176 4555 tus
2202 4502 2425 4567 futttros,
2454 4500 2638 4571 quales
2665 4498 2809 4554 fuere
2832 4498 3200 4563 Ninivimrum,
3233 4512 3296 4552 ac
3348 4497 3463 4554 fore
3498 4506 3554 4551 ut
3604 4496 3677 4555 illi

2092 4604 2471 4651 convertantur
2504 4611 2516 4647 :
2544 4608 2607 4651 ac
2632 4592 3075 4663 quemadmodum
3117 4591 3329 4645 illorum
3355 4590 3540 4644 urbem
3567 4589 3677 4659 jam

2092 4689 2357 4744 labantem
2385 4687 2583 4751 erexit,
2627 4684 2988 4753 barbarosque
3028 4682 3317 4749 convertit,
3363 4681 3441 4740 sic
3490 4690 3545 4735 et
3588 4680 3680 4736 Ju—

2093 4780 2238 4835 daeos
2284 4788 2399 4848 post
2441 4776 2886 4832 resurrectionem
2934 4773 3334 4833 convertendos.
3363 4787 3485 4827 esse
3514 4790 3528 4825 :
3558 4773 3678 4827 audi

2095 4871 2362 4942 quomodo
2403 4868 2726 4923 contrarium
2789 4880 3004 4934 prorsus
3061 4864 3314 4918 declaret.
3360 4863 3492 4919 Nam
3537 4866 3679 4934 quod

2097 4965 2217 5019 inde
2240 4963 2367 5018 nihil
2405 4961 2608 5015 fruetus
2636 4959 2937 5030 percepturi
2986 4957 3090 5012 sint
3119 4958 3170 5012 in
3203 4958 3539 5021 beneficium,
3587 4958 3680 5012 sed

2097 5068 2150 5113 et
2176 5054 2521 5112 intolerabilia
2542 5053 2770 5124 passuri,
2798 5052 2849 5105 id
2875 5051 3065 5105 deinde
3085 5034 3372 5106 declaravit
3396 5067 3462 5107 ex
3484 5051 3680 5104 daamo-

2100 5150 2179 5202 uis
2205 5146 2471 5215 exetuplo.
2502 5144 2714 5198 Interim
2747 5157 2874 5196 vero
2915 5142 2982 5196 de
3013 5142 3078 5196 iis
3129 5159 3248 5212 qth
3302 5138 3503 5211 passuri
3531 5148 3682 5193 erant

2098 5258 2214 5297 sese
2239 5247 2447 5311 purgat,
2473 5238 2759 5292 ostendens
2795 5250 2889 5291 eos
2908 5235 3052 5306 justo
3078 5248 3331 5306 passuros
3358 5247 3491 5286 esse.
3522 5230 3679 5285 Cala-

2161 5376 2234 5439 (a)
2278 5376 2426 5439 Erant
2463 5387 2491 5439 a
2531 5369 3035 5439 lrincipio‘Ecclesize
3075 5365 3268 5437 quidam
3314 5363 3562 5439 IIIHBI'CIICI,
3597 5364 3680 5425 qui

2100 5425 2330 5504 laniabant
2370 5425 2612 5504 Christian
2658 5425 2824 5504 specie
2873 5436 3058 5504 tantum
3094 5425 3148 5474 in
3190 5426 3418 5504 nntndttm
3455 5425 3677 5504 velasse,

2101 5489 2254 5553 etiea
2298 5514 2408 5565 quae
2463 5498 2511 5548 in
2545 5489 2828 5565 Evangeliis
2864 5498 3118 5565 narrantur
3148 5489 3433 5565 perfecisse.
3471 5489 3681 5565 Dial-qui—

2102 5549 2190 5614 ltits
2205 5549 2455 5615 Inerbticis
2483 5549 2889 5621 lgnatinsVMartyr
2934 5549 3503 5621 Epist:__ad_smvrnzeos,
3532 5551 3681 5621 ttenr-

2100 5610 2790 5739 'Epist'fad'i‘raltiwos,
2828 5610 3043 5664 tremens
3071 5610 3154 5660 lib.
3186 5613 3237 5672 ι,
3272 5610 3601 5673 manuum,
3629 5616 3673 5662 ,ει

2103 5705 2200 5739 aii.

2103 5705 2200 5743 alii.
