4010 6128
315 224 420 280 45⁸.)

314 352 525 405 mitates
551 354 723 399 autem
762 351 814 395 et
843 335 1226 393 desolationem
1281 344 1462 384 eorum
1511 326 1610 380 hoc
1651 319 1897 388 exemplo

317 447 696 512 repraesentat;
728 432 936 488 interim
974 442 1099 480 vero
1124 425 1379 481 declarat,
1435 421 1552 472 illos
1603 412 1898 512 haec-justo

319 505 565 603 passuros
593 546 711 585 esse
739 547 748 580 :
783 527 832 579 id
863 522 1001 594 quod
1030 521 1187 574 etiam
1228 518 1277 568 in
1314 512 1472 567 veteri
1514 511 1625 578 lege
1651 505 1895 560 faciebat.

317 629 445 682 Nam
474 620 1111 680 Sodomadestructurus,
1160 608 1294 677 apud
1348 602 1706 657 Abrahamum
1755 597 1900 665 prius

317 738 436 775 sese
480 714 720 787 purgavit
764 709 927 784 (Gen.
983 705 1104 774 18),
1146 699 1434 754 ostendens
1461 709 1618 763 quam
1647 689 1797 787 pauci
1827 685 1896 739 :h’

317 781 496 866 virtuti
525 781 797 862 studerent
822 821 835 866 ;
862 816 980 855 cmn
1009 795 1148 851 enim
1184 795 1232 846 in
1264 801 1340 843 tot
1370 787 1587 840 urbibus
1614 798 1680 836 ne
1711 781 1896 834 decc-tn

322 903 537 974 qttidem
569 896 930 968 reperirentur
951 890 1038 957 qui
1065 893 1422 955 temperanter
1453 879 1706 931 viverent.
1737 873 1898 928 Item-

317 968 419 1065 que
448 1011 566 1049 cmn
597 991 728 1046 Loto
777 983 1241 1053 inhospitalitatem
1273 978 1506 1046 ipsorum
1535 968 1898 1065 turpissimos-

316 1060 420 1159 que
464 1099 671 1139 :unores
697 1082 1134 1138 demonstrasset,
1183 1073 1355 1141 ignem
1403 1064 1637 1120 immisit.
1669 1060 1900 1129 ldipsum

320 1183 442 1238 fecit
469 1181 518 1234 111
542 1179 760 1236 diluvio,
787 1190 906 1228 cum
939 1187 1000 1223 ex
1045 1169 1170 1239 ipsis
1203 1162 1453 1235 operibus
1491 1171 1704 1213 causam
1751 1167 1900 1206 suam

316 1271 656 1327 defendissot.
691 1267 754 1321 Et
779 1262 914 1334 apud
939 1257 1270 1334 Ezet‘rhielem
1302 1251 1562 1313 similiter,
1592 1263 1710 1300 cum
1733 1243 1904 1313 Baby-

320 1367 440 1419 lone
457 1359 668 1429 degenti
688 1374 804 1426 quae
828 1351 1174 1423 Jerosolyntis
1203 1348 1388 1401 ﬁerent
1410 1343 1545 1397 mala
1568 1349 1691 1393 ante
1720 1335 1902 1390 oculos

318 1455 491 1524 posuit
531 1451 753 1521 (Ezech.
783 1446 874 1518 5).
910 1445 1144 1513 Itemque
1168 1457 1288 1496 cum
1357 1434 1619 1524 Jeremite
1657 1430 1900 1524 dicebat,

319 1519 444 1599 Noli
497 1519 588 1615 pro
637 1542 762 1610 ipsis
815 1554 980 1602 orare,
1041 1543 1096 1587 ut
1141 1546 1355 1587 causam
1400 1541 1550 1581 suam
1593 1519 1905 1615 defenderet

317 1637 448 1690 dixit
478 1607 598 1688 z'An
632 1607 728 1684 non
750 1628 883 1682 rides
910 1626 1028 1694 quid
1069 1625 1150 1677 isti
1176 1621 1367 1690 faciunt
1397 1616 1544 1690 (Jer.
1569 1616 1623 1667 7.
1652 1611 1737 1666 16.
1762 1607 1905 1677 i7)?

318 1727 383 1781 Et
416 1725 606 1793 ubique
634 1722 770 1774 idem
805 1718 925 1771 facit
955 1733 968 1768 :
999 1715 1075 1768 sic
1101 1723 1154 1766 et
1179 1712 1279 1765 hoc
1303 1704 1613 1795 loco-Quid
1637 1701 1905 1795 cnim‘ait?

317 1814 407 1867 41.
449 1791 556 1862 l'iri
587 1806 827 1860 Ninivitw
854 1810 1074 1871 surgent,
1109 1808 1152 1851 et
1182 1791 1581 1848 condemnabam
1626 1791 1906 1857 generatio-

318 1922 430 1958 nem
470 1903 639 1959 istam,
671 1900 788 1968 quia
835 1893 1172 1966 paenitentiam
1200 1895 1405 1959 egerunt
1450 1885 1504 1937 in
1550 1879 1908 1953 praedicatione

317 1996 484 2050 Joitw.
516 1993 578 2045 lit
599 2007 709 2043 erce
731 1989 844 2058 plus
871 1982 1196 2056 quamJonas
1217 1980 1314 2032 hic.
1349 1977 1438 2031 1110
1465 1987 1692 2043 namque
1721 1982 1907 2024 servus

318 2096 451 2151 erat,
481 2101 580 2154 ego
631 2081 921 2144 Dominus;
957 2079 1042 2132 ille
1072 2092 1134 2130 ex
1166 2085 1286 2129 ceto
1315 2071 1473 2133 exiit,
1503 2083 1602 2137 ego
1630 2082 1694 2120 ex
1735 2074 1907 2119 morte

317 2179 554 2239 surrexi;
580 2176 669 2229 ille
689 2173 949 2227 excidium
977 2165 1279 2238 prmdicavit
1299 2205 1312 2228 ,
1338 2177 1435 2228 ego
1461 2172 1682 2228 regnum
1702 2169 1908 2210 annun-

320 2274 457 2327 tians
482 2269 620 2324 veni.
671 2268 734 2321 Et
763 2266 836 2318 illi
867 2261 1080 2333 quidem
1123 2258 1323 2326 absque
1350 2255 1500 2323 signo
1531 2249 1904 2312 crediderunt,

322 2379 418 2434 ego
449 2377 574 2416 vero
601 2359 762 2412 tnulta
793 2353 1004 2410 exhibui
1051 2352 1219 2419 signa.
1261 2346 1336 2399 llli
1379 2343 1508 2397 nihil
1561 2339 1701 2393 aliud

322 2427 408 2511 illa
457 2455 612 2508 verba
664 2449 965 2510 audierunt,
1019 2456 1118 2513 ego
1162 2455 1289 2494 vero
1317 2435 1514 2490 nullam
1555 2446 1658 2486 non
1690 2427 1908 2482 adhibui

323 2546 670 2620 philosophiae
712 2540 966 2612 speciem.
1003 2536 1092 2590 Ille
1140 2533 1380 2587 minister
1408 2527 1640 2585 advenit,
1671 2538 1771 2624 ego
1798 2523 1910 2590 ipse

325 2641 626 2694 dominator
651 2644 699 2690 et
724 2631 958 2688 omnium
989 2626 1242 2682 Dominus
1260 2622 1400 2686 veni,
1431 2635 1533 2672 non
1557 2622 1908 2674 comminans,

325 2750 429 2787 non
471 2731 705 2785 rationes
733 2733 1009 2795 expetens,
1057 2718 1152 2774 sed
1202 2716 1408 2770 veniam
1456 2709 1704 2765 offerens.
1739 2705 1804 2760 Et
1834 2704 1912 2758 illi

326 2825 537 2894 quidem
583 2819 830 2881 barbari,
883 2814 938 2868 hi
981 2826 1107 2867 vero
1154 2823 1272 2864 cmn
1328 2804 1590 2860 sexcentis
1639 2797 1914 2870 prophetis

327 2890 522 2969 versati
579 2921 718 2966 sunt.
776 2909 849 2962 De
891 2905 984 2959 1110
1039 2902 1211 2956 nullus
1282 2895 1634 2967 pra-dixerat,
1709 2890 1776 2945 de
1829 2903 1914 2943 me

331 3021 521 3061 omnes
597 3001 960 3074 pra-dixerunt
996 3039 1010 3060 ,
1069 3004 1122 3050 et
1202 3006 1362 3060 opera
1438 2987 1610 3042 verbis
1680 2996 1914 3074 consona

329 3099 492 3154 fuere.
538 3071 632 3150 1110
680 3093 812 3162 fugit
851 3089 1084 3156 abiitque
1135 3099 1201 3139 ne
1250 3079 1612 3142 derideretur;
1668 3089 1769 3144 ego
1819 3071 1916 3126 ad-

329 3189 469 3252 veni,
515 3187 613 3240 etsi
653 3185 844 3240 scirem
880 3190 934 3236 et
971 3191 1184 3233 crucem
1224 3183 1272 3230 et
1317 3171 1589 3227 irrisiones
1637 3178 1914 3236 passurum

330 3298 414 3337 me
444 3295 581 3335 esse.
618 3278 708 3332 1110
743 3290 811 3330 110
840 3269 1182 3342 opprobrium
1204 3264 1416 3337 quidem
1447 3261 1564 3315 tulit
1594 3275 1688 3329 pro
1722 3258 1784 3311 iis
1827 3255 1917 3325 qui

331 3372 523 3428 servati
551 3365 824 3423 etliberati
852 3371 994 3428 sunt,
1015 3375 1114 3432 ego
1136 3367 1359 3412 mortem
1389 3352 1638 3413 sustinui,
1667 3355 1920 3402 mortem-

333 3480 436 3535 que
467 3461 845 3531 turpissimam,
877 3465 930 3510 et
983 3461 1101 3522 post
1154 3450 1267 3503 lucc
1315 3446 1447 3500 alios
1497 3443 1677 3535 mitto.
1714 3440 1781 3493 Et
1832 3437 1921 3490 ille

333 3530 860 3623 quidemextrancus
887 3553 1002 3599 erat
1027 3551 1081 3596 et
1103 3542 1334 3610 ignotus,
1361 3550 1459 3605 ego
1480 3530 1770 3623 secundum
1798 3544 1920 3623 ear-

335 3620 457 3700 110111
478 3642 664 3696 iisdem
696 3634 1125 3708 progenitoribus
1154 3639 1300 3684 ortus
1338 3642 1474 3680 sum.
1507 3625 1661 3679 Plura
1683 3621 1782 3675 alia
1805 3620 1923 3690 quis

337 3733 681 3806 disquirendo
711 3742 999 3798 congerere
1030 3725 1213 3796 possit.

407 3831 458 3885 '5.
494 3828 610 3896 Ipse
644 3839 770 3879 vero
802 3836 906 3876 non
949 3819 1035 3873 hic
1064 3816 1283 3888 gradum
1319 3814 1477 3880 sistit,
1509 3811 1603 3868 sed
1629 3809 1772 3865 aliud
1803 3823 1926 3879 pro-

338 3922 485 3994 ponit
512 3917 835 3987 exemplum,
859 3913 1043 3968 dicens
1073 3929 1087 3965 :
1117 3908 1205 3965 4‘2.
1239 3908 1431 3978 Regina
1474 3905 1643 3959 Austri
1675 3911 1846 3973 surget
1870 3902 1925 3955 in

327 4015 528 4082 judicio
571 4028 682 4066 cum
722 4007 1039 4080 generatione
1063 4006 1178 4067 ista,
1217 4011 1262 4058 et
1284 3997 1631 4056 condemnabit
1651 4014 1735 4052 eos
1760 4013 1780 4050 .'
1808 3996 1929 4065 quia

343 4108 471 4161 renit
496 4123 527 4159 ιι
555 4104 740 4173 ﬁnibus
770 4112 917 4156 terra
959 4109 1013 4154 ut
1049 4097 1249 4152 audiret
1281 4095 1581 4165 sapientiam
1613 4090 1922 4147 Salomonis.

344 4199 410 4253 Et
430 4213 541 4252 ecce
570 4197 684 4267 plus
712 4210 862 4264 quam
889 4192 1135 4247 Salomon
1157 4189 1256 4242 hic.
1287 4187 1398 4242 Hoc
1431 4185 1606 4256 priore
1626 4182 1797 4252 majus
1825 4189 1925 4237 est.

344 4290 475 4345 Nam
506 4288 669 4343 Jonas
696 4285 764 4339 ad
791 4283 1051 4338 Ninivitas
1080 4281 1204 4335 abiit
1231 4297 1244 4345 ;
1268 4279 1447 4348 regina
1471 4292 1598 4331 vero
1623 4274 1800 4330 Austri
1823 4288 1931 4328 non

347 4379 676 4452 exspectavit
697 4387 755 4431 111
781 4375 1036 4432 Salomon
1080 4373 1248 4442 ipsam
1279 4371 1470 4434 adiret,
1500 4369 1592 4423 sed
1640 4368 1726 4421 illa
1759 4367 1930 4435 ipsum

346 4475 496 4540 adiit,
534 4472 634 4527 etsi
652 4480 706 4525 et
733 4469 924 4523 mulier
959 4475 1013 4522 et
1041 4465 1296 4523 barbara.
1345 4470 1597 4528 tantoque
1642 4458 1813 4527 spatio
1844 4471 1931 4511 re-

349 4573 490 4620 mota
516 4571 678 4625 esset,
709 4575 813 4614 non
857 4558 1014 4612 minis
1059 4551 1397 4617 instantibus,
1445 4565 1552 4604 non
1598 4556 1824 4603 mortem
1866 4548 1932 4601 ti-

353 4672 540 4721 mens,
573 4655 665 4710 sed
695 4653 812 4706 solo
866 4648 1181 4720 sapientium
1237 4644 1522 4700 verborqu
1580 4656 1781 4694 amore.
1827 4640 1934 4694 Sed

354 4747 487 4801 Ecce
508 4747 623 4816 plus
655 4761 804 4816 quam
837 4742 1084 4798 Salomon
1111 4740 1213 4792 hic.
1249 4736 1361 4790 lllic
1387 4735 1528 4790 enim
1556 4733 1745 4788 mulier
1771 4732 1934 4787 adve-

354 4841 451 4905 nit,
481 4837 583 4891 huc
603 4853 701 4906 ego
725 4836 867 4890 veni.
892 4834 979 4889 llla
1002 4849 1030 4888 a
1059 4831 1250 4886 ﬁnibus
1279 4840 1433 4883 terra:
1463 4827 1690 4896 profecta
1714 4833 1813 4887 est,
1839 4838 1937 4893 ego

359 4930 521 4987 urbes
549 4938 603 4982 et
623 4929 766 4981 vicos
788 4928 1074 4981 circumeo.
1102 4925 1166 4978 Et
1210 4922 1296 4976 ille
1325 4921 1539 4991 quidem
1568 4917 1634 4972 de
1655 4915 1937 4971 arboribus

353 5035 408 5078 et
429 5020 623 5092 plantis
642 5019 954 5079 disserebat,
973 5033 1091 5086 qua:
1109 5031 1214 5069 non
1240 5016 1460 5068 multum
1483 5013 1625 5066 illam
1648 5025 1708 5066 se
1733 5010 1938 5064 adeun-

357 5125 465 5169 tem
492 5113 679 5183 juvare
717 5116 994 5178 poterant;
1027 5123 1125 5176 ego
1153 5122 1279 5160 vero
1308 5106 1374 5160 de
1405 5104 1754 5159 iuclfabilibus
1782 5103 1941 5156 rebus

356 5217 410 5263 et
436 5203 727 5261 tremendis
752 5199 1040 5270 mysteriis.
1069 5198 1352 5266 Postquam
1399 5212 1528 5266 ergo
1562 5197 1682 5250 illos
1711 5196 1937 5250 damna-

354 5300 449 5364 vit,
484 5295 772 5352 osteudens
810 5292 876 5346 ab
904 5290 1049 5345 omni
1080 5289 1228 5344 venia
1254 5288 1408 5356 longe
1436 5290 1638 5342 alienos
1662 5303 1800 5355 esse,
1835 5287 1943 5342 illo-

357 5403 582 5458 rmnque
604 5383 1019 5440 iuobedientiam
1044 5397 1108 5437 ex
1138 5380 1342 5448 ingrato
1371 5379 1580 5433 illorum
1605 5381 1804 5445 animo,
1833 5395 1939 5434 non

360 5497 424 5535 ex
455 5479 690 5535 doctoris
721 5477 1082 5532 imbecillitate
1119 5471 1416 5542 proﬁcisci;
1472 5471 1679 5540 hocque
1719 5481 1828 5526 tum
1875 5486 1940 5526 ex

360 5572 478 5624 aliis
496 5571 696 5634 multis,
723 5577 832 5623 tum
854 5565 1099 5636 exetuplo
1123 5563 1472 5618 Ninivitarum
1501 5571 1556 5617 et
1577 5561 1772 5631 regina:
1791 5577 1939 5617 com-

366 5661 678 5714 monstravit
708 5679 720 5715 :
751 5669 874 5714 tunc
901 5656 1214 5728 supplicium
1261 5654 1404 5726 ipsos
1437 5661 1783 5724 excepturum
1811 5655 1940 5709 aeni-

985 212 1038 266 s.
1081 207 1356 264 JOANNIS
1393 201 1870 259 CllltYSOSTOMI
1913 199 2227 256 AltClllEP.
2271 202 2801 265 CONSTANTINOP.

3481 218 3590 276 ιω

2005 317 2230 384 gmatiee
2271 333 2671 389 commemorat,
2702 324 2923 381 multum
2955 327 3005 381 in
3039 327 3300 384 narrando
3327 337 3590 387 terrorem

2007 407 2258 462 inferens.
2289 410 2418 465 Nam
2449 413 2665 469 1111ει15.
2699 416 2818 470 Cum
2845 417 3140 473 immundus
3188 421 3393 491 spiritus
3418 424 3597 478 exierit

2005 499 2066 552 ab
2089 502 2307 566 homine,
2329 506 2550 559 ambulat
2571 525 2659 575 per
2681 508 2792 561 loca
2811 510 3070 576 inut/uasa,
3095 529 3321 582 quarens
3350 517 3590 585 requiem,

2007 604 2051 646 et
2085 612 2182 648 non
2211 597 2483 666 inveniens,
2511 602 2596 656 44.
2619 604 2737 657 dicit
2764 620 2782 658 :
2815 604 3050 659 Revertar
3088 609 3138 660 in
3169 608 3375 663 domum
3405 628 3591 675 meam,

2007 689 2139 743 unde
2181 692 2328 744 exivi.
2378 692 2444 746 Et
2488 697 2704 762 veniens,
2737 698 2919 750 invenit
2968 715 3078 751 eam
3105 711 3397 767 vacantem,
3428 707 3598 772 scopis

2007 780 2320 849 mandatam,
2347 794 2392 836 et
2414 797 2664 840 ornatam.
2692 788 2930 842 45.Tuuc
2951 790 3105 856 vadit,
3129 802 3173 844 et
3194 793 3402 845 assumit
3427 808 3599 846 serunt

2007 871 2132 925 alios
2153 885 2337 942 septem
2376 877 2584 946 spiritus
2627 880 2883 948 nequiores
2909 898 2981 940 se.
3019 891 3062 935 et
3101 883 3346 938 intrantes
3372 885 3603 938 habitant

2005 963 2114 1017 ibi:
2141 975 2185 1017 et
2225 966 2352 1032 ﬁunt
2383 969 2650 1022 novissima
2695 971 2910 1025 hominis
2961 974 3100 1028 illius
3127 977 3301 1045 pejora
3322 977 3598 1045 prioribus.

2013 1055 2103 1110 Sic
2128 1058 2219 1110 erit
2249 1067 2294 1111 et
2325 1062 2632 1129 generationi
2673 1063 2805 1117 huic.
2855 1065 2989 1120 111110
3037 1068 3291 1134 ostendit,
3344 1070 3462 1124 illos
3489 1086 3600 1125 non

2009 1150 2060 1204 in
2093 1151 2268 1207 futuro
2315 1163 2518 1209 tantum
2550 1157 2768 1219 sarculo,
2801 1157 2893 1212 sed
2921 1159 3082 1213 etiam
3113 1160 3164 1214 in
3196 1163 3443 1228 praesenti
3474 1178 3600 1232 gra-

2009 1243 2223 1297 vissima
2257 1259 2505 1312 passuros
2534 1262 2673 1302 esse.
2714 1247 2849 1302 Nam
2887 1250 3008 1316 quia
3061 1250 3292 1318 dicebat,
3341 1251 3604 1309 Ninivitas

2011 1335 2402 1390 insurrecturos
2427 1339 2478 1391 in
2504 1337 2726 1407 judicio,
2754 1353 2808 1394 et
2852 1340 2990 1396 hanc
3030 1343 3428 1412 generationem
3471 1360 3604 1399 con—

2009 1427 2351 1483 demnaturos
2383 1448 2394 1482 :
2428 1445 2496 1484 ne
2535 1430 2603 1485 ob
2646 1434 2900 1501 temporis
2949 1433 3351 1491 diuturnitatem
3393 1437 3445 1491 id
3467 1452 3604 1492 con-

2012 1521 2332 1575 temnercut,
2379 1523 2434 1568 et
2477 1515 2888 1584 uegligeutiores
2925 1517 3234 1587 evaderent,
3285 1521 3384 1576 hac
3411 1522 3464 1577 in
3492 1523 3601 1578 vita

2009 1604 2187 1673 gravia
2211 1604 2346 1658 mala
2375 1605 2503 1673 ipsis
2520 1607 2790 1661 subeunda
2818 1611 3020 1665 statuit.
3045 1610 3196 1678 Quod
3223 1613 3602 1669 comminando

2010 1698 2146 1751 Osee
2178 1697 2432 1766 propheta
2461 1698 2706 1755 dicebat:
2735 1701 2904 1756 Erunt
2943 1701 3010 1758 Ut
3055 1705 3297 1774 propheta
3327 1707 3379 1760 in
3421 1709 3604 1762 mentis

2010 1806 2235 1855 excessu,
2263 1800 2318 1844 ut
2346 1792 2494 1846 homo
2516 1810 2547 1846 a
2575 1795 2755 1864 spiritu
2781 1805 3040 1865 correptus
3089 1797 3108 1869 (
3137 1797 3262 1853 Osee
3303 1799 3357 1854 9.
3385 1799 3455 1860 7)
3483 1817 3498 1866 ;
3547 1800 3600 1854 id

2010 1891 2110 1944 est,
2134 1883 2268 1938 sicut
2291 1883 2766 1954 pseudoproptteta:
2797 1888 3053 1956 furentes,
3105 1889 3496 1948 debacchantes
3522 1936 3534 1958 ,
3568 1910 3602 1949 a

2011 1973 2256 2044 malignis
2289 1976 2561 2044 Spiritibus
2595 1978 2797 2048 agitati.
2826 1979 2956 2035 Nam
2985 1982 3070 2036 hic
3097 1985 3407 2054 prophetam
3439 1986 3602 2042 intel-

2010 2066 2124 2136 ligit
2169 2077 2344 2122 mente
2394 2077 2626 2138 captum,
2678 2071 3220 2142 pseudoprophetam,
3267 2077 3450 2146 quales
3478 2088 3605 2134 sunt

2012 2167 2177 2213 vates.
2211 2159 2325 2213 Hoc
2355 2161 2523 2229 ipsum
2558 2160 2803 2215 Christus
2830 2163 3136 2232 signiﬁcans
3166 2166 3292 2220 dicit
3331 2169 3474 2238 ipsos
3504 2185 3604 2223 ex-

2014 2259 2179 2304 trema
2209 2266 2459 2320 passuros
2487 2267 2623 2306 esse.
2668 2253 2853 2308 Viden’
2881 2271 2988 2325 quo
3018 2269 3174 2326 pacto
3205 2259 3350 2328 ipsos
3373 2260 3607 2331 undique

2015 2341 2249 2408 impellat
2279 2351 2335 2396 ut
2359 2342 2515 2396 dictis
2542 2343 2839 2410 attendant,
2869 2361 2896 2399 a
2934 2351 3306 2418 praisentibus,
3335 2368 3362 2404 a
3393 2352 3604 2420 futuris,

2013 2434 2079 2488 ab
2099 2435 2161 2487 iis
2187 2436 2273 2504 qui
2303 2435 2436 2490 bene
2471 2452 2582 2491 rem
2610 2448 2908 2508 gesserunt,
2930 2439 3243 2506 aNinivitis,
3278 2444 3518 2511 inquam,
3551 2457 3605 2500 et

2013 2542 2040 2579 a
2071 2526 2273 2597 regina,
2299 2528 2365 2581 ab
2391 2528 2455 2583 iis
2480 2529 2569 2599 qui
2597 2531 2819 2600 collapsi
2844 2543 2986 2596 sunt,
3001 2533 3176 2605 Tyriis
3201 2545 3254 2589 et
3277 2535 3564 2590 Sodomitis
3581 2537 3608 2590 2

2014 2615 2162 2684 Quod
2193 2619 2351 2672 etiam
2387 2621 2656 2689 pr0phet:e
2675 2621 2958 2692 faciebant,
2993 2625 3127 2678 ﬁlios
3151 2625 3422 2681 Rechabiu
3451 2628 3603 2681 indu-

2015 2717 2196 2763 centes
2219 2718 2536 2780 etsponsam
2560 2727 2679 2781 qua:
2714 2723 2934 2768 ornatus
2956 2718 3157 2784 proprii
3201 2726 3256 2770 et
3302 2733 3450 2772 zona:
3494 2734 3607 2774 sua:

2017 2815 2122 2853 non
2149 2800 2498 2867 obliviscitur,
2527 2813 2579 2858 et
2615 2806 2806 2860 bovem
2833 2808 2922 2875 qui
2955 2809 3100 2862 novit
3131 2825 3524 2879 possessorem,
3552 2821 3610 2868 01

2017 2891 2224 2946 asinum
2254 2895 2341 2962 qui
2374 2911 2614 2966 praesepe
2643 2900 2812 2953 novit.
2846 2899 2936 2956 Sic
2965 2911 3019 2956 01
3048 2901 3148 2957 1100
3183 2903 3299 2959 loco
3324 2922 3352 2957 a
3383 2920 3604 2975 compa—

2019 2986 2226 3040 ratione
2255 2987 2518 3057 ingratum
2545 2990 2753 3045 illorum
2800 2994 3034 3048 animum
3073 2995 3365 3062 declarans,
3396 2999 3607 3068 suppli-

2019 3077 2158 3131 cium
2190 3077 2441 3148 deinceps
2481 3084 2822 3151 praenuntiat.

2090 3168 2391 3223 Judworum
2435 3181 2546 3241 post
2585 3173 2838 3228 Christum
2874 3191 3061 3230 caesum
3118 3176 3398 3230 damnatio.
3440 3177 3610 3232 Judaei

2022 3261 2112 3314 sub
2158 3259 2371 3316 Juliano
2414 3273 2649 3330 apostata
2689 3265 2953 3334 gentilibus
2979 3268 3162 3334 juncti.
3189 3298 3261 3307 —
3289 3268 3425 3335 Quid
3457 3269 3612 3338 igitur

2022 3364 2105 3408 est
2157 3354 2206 3408 id
2246 3355 2386 3425 quod
2422 3356 2654 3411 dicitur?
2693 3358 2840 3413 Sicut
2867 3361 3182 3414 daemoniaci
3205 3403 3221 3428 ,
3253 3361 3458 3428 inquit,
3488 3377 3611 3416 cum

2025 3445 2317 3500 liberantur
2343 3448 2412 3502 ab
2437 3448 2743 3504 inﬁrmitate
2770 3467 2883 3515 sua,
2933 3453 2977 3504 si
3017 3453 3427 3523 negligentiores
3451 3452 3610 3517 ﬁant,

2025 3538 2324 3606 graviorem
2371 3539 2470 3593 sibi
2512 3539 2788 3594 attrahunt
2836 3541 3164 3611 phantasiam
3201 3561 3213 3597 :
3244 3545 3321 3598 sic
3349 3545 3488 3598 enim
3523 3558 3614 3598 vos

2027 3625 2216 3680 facitis.
2249 3627 2457 3682 Etenim
2485 3629 2710 3684 antehac
2738 3645 2766 3682 a
2794 3631 3037 3686 dremone
3068 3632 3469 3696 detinebamini,
3494 3648 3614 3686 cum

2029 3716 2165 3771 idola
2197 3717 2515 3786 adoraretis,
2547 3730 2600 3775 et
2626 3721 2762 3776 ﬁlios
2807 3734 3013 3779 vestros
3055 3724 3402 3780 immolaretis
3419 3725 3618 3779 daemo-

2030 3809 2150 3874 niis,
2197 3825 2440 3880 magnam
2487 3811 2802 3868 exhibentes
2841 3814 3098 3868 insaniam
3142 3835 3155 3869 :
3189 3831 3287 3870 nec
3319 3815 3616 3871 1111000110-

2031 3901 2221 3970 reliqui
2249 3917 2364 3967 vos,
2398 3902 2492 3958 sed
2523 3919 2618 3974 per
2641 3904 2927 3977 prophetas
2955 3906 3406 3975 01001111010011010
3432 3908 3576 3961 illum
3598 3950 3613 3972 ,

2031 4004 2086 4048 et
2131 3995 2244 4063 ipse
2289 4011 2474 4050 rursus
2529 3997 2670 4064 veni,
2717 4007 2772 4051 ut
2814 4014 2908 4053 vos
2944 4014 3206 4054 curarem.
3237 3999 3341 4055 Sed
3361 4001 3480 4071 quia
3513 4015 3615 4054 non

2032 4086 2194 4140 vultis
2220 4087 2521 4156 attendere,
2553 4105 2736 4144 verum
2778 4091 2829 4144 in
2862 4092 3121 4161 majorem
3168 4095 3455 4163 nequitiam
3493 4109 3616 4164 pro-

2035 4178 2250 4248 rupistis
2287 4177 2521 4251 (etenim
2548 4181 2713 4236 multo
2742 4183 2954 4252 gravius
2976 4183 3314 4252 delet-iusque
3340 4195 3422 4238 est
3448 4185 3617 4253 ipsnnt

2037 4270 2316 4326 Dominum
2339 4273 2603 4343 jugulare,
2645 4291 2802 4345 quam
2833 4278 3120 4347 prophetas
3150 4278 3473 4348 occidere),
3504 4278 3620 4332 ideo

2035 4363 2281 4434 graviora
2334 4365 2600 4434 prioribus
2639 4367 2931 4435 patiemini,
2988 4385 3178 4438 nempe
3214 4369 3276 4423 iis
3315 4386 3434 4439 qua:
3482 4371 3620 4440 passi

2037 4456 2170 4510 estis
2199 4456 2465 4528 Babylone
2487 4501 2501 4525 ,
2551 4460 2603 4513 in
2635 4458 2887 4530 Egypto,
2919 4470 2972 4515 et
3001 4463 3101 4515 sub
3137 4462 3401 4518 Antiocho
3429 4465 3618 4533 primo.

2037 4545 2168 4600 Nam
2224 4547 2379 4617 longe
2409 4549 2473 4602 iis
2521 4551 2792 4619 asperiora
2831 4551 3144 4607 acciderunt
3189 4553 3517 4624 Vespasiano
3570 4565 3623 4609 et

2040 4639 2159 4693 'l‘ito
2194 4640 2436 4694 ducilms.
2499 4645 2834 4712 Quapropter
2883 4644 3096 4700 dicebat
3143 4664 3155 4698 :
3210 4646 3319 4700 Erit
3369 4648 3623 4700 tribulatio

2043 4749 2248 4801 magna,
2279 4733 2444 4801 qualis
2471 4749 2742 4802 numquam
2771 4736 2888 4806 fuit,
2923 4752 3081 4806 neque
3100 4737 3190 4790 erit
3209 4747 3378 4806 postea
3398 4737 3622 4810 (Matth.

2040 4826 2130 4878 “ll.
2159 4826 2219 4880 2|
2310 4825 2492 4896 Neque
2527 4826 2579 4880 id
2607 4827 2775 4882 solum
2807 4827 2907 4882 ltoc
2936 4829 3178 4897 exemplo
3199 4829 3622 4898 signiﬁcabatur;

2044 4917 2134 4970 sed
2177 4918 2334 4972 etiam
2381 4917 2494 4974 fore
2538 4919 2680 4988 ipsos
2707 4920 2852 4973 onmi
2885 4921 3077 4975 virtute
3105 4936 3323 4984 vacuos,
3355 4931 3411 4975 et
3453 4936 3482 4974 a
3516 4921 3625 4975 da:-

2046 5009 2290 5064 mouibus
2343 5009 2552 5064 facilius
2593 5026 2747 5079 quam
2795 5021 2920 5064 ante
2968 5009 3313 5065 invadendos.
3346 5010 3476 5064 Nam
3505 5020 3627 5064 tunc

2046 5101 2146 5153 etsi
2193 5110 2514 5170 peccat-ent,
2570 5108 2803 5155 aterant
2830 5101 2969 5154 inter
2993 5117 3086 5154 eos
3123 5101 3332 5154 virtutis
3357 5102 3623 5166 cultores,

2046 5191 2231 5246 aderat
2255 5193 2343 5244 Dei
2376 5191 2724 5262 providentia,
2749 5191 3083 5263 Spiritusque
3128 5193 3295 5263 gratia
3332 5193 3458 5263 ipsis
3507 5208 3628 5262 pro-

2049 5283 2252 5347 videns,
2289 5283 2433 5352 ipsos
2482 5284 2793 5350 emendatis,
2846 5299 3048 5353 suaque
3092 5284 3269 5338 omnia
3321 5292 3625 5354 praestans:

2048 5391 2190 5429 nunc
2210 5387 2409 5442 autem,
2439 5377 2531 5438 ait,
2559 5376 2887 5444 providentia
2918 5377 3000 5430 illa
3023 5393 3242 5448 prorsus
3268 5376 3416 5432 vacui
3443 5386 3627 5439 erunt,

2049 5469 2118 5521 ita
2153 5477 2207 5520 ut
2236 5468 2404 5538 major
2435 5469 2504 5523 sit
2532 5485 2672 5523 nunc
2701 5468 2907 5524 virtutis
2937 5469 3150 5531 raritas,
3183 5468 3502 5522 calamitatis
3529 5467 3628 5530 vis,

2049 5568 2102 5613 et
2125 5561 2424 5613 titlflllonllm
2455 5559 2725 5631 tyrannica
2751 5569 3004 5629 potestas.
3045 5559 3225 5615 Nostis
3267 5569 3413 5613 certe
3459 5559 3511 5612 in
3537 5572 3629 5627 ge-

2050 5653 2327 5711 neratione
2373 5652 2468 5710 hac
2498 5668 2618 5709 cum
2658 5652 2900 5709 Julianus
2928 5652 3145 5722 fureret,
3177 5648 3444 5723 quomodo
3467 5647 3634 5706 Judth
