4010 6128
234 267 330 322 453

233 381 455 449 ἔρωτας,
490 377 610 430 τότε
647 379 841 447 ἐπάγει
879 379 937 432 :6
964 378 1090 450 πῦρ.
1137 382 1357 434 Ka161:1
1384 384 1476 436 τοῦ
1503 381 1888 453 κατακλυσμοῦ

230 466 283 518 δέ
305 466 362 518 τὸ
381 466 510 517 αὑτό
530 464 686 518 τοῦτο
714 466 954 537 ἐποίησε,
982 466 1066 519 διὰ
1088 468 1194 522 τῶν
1217 469 1391 540 ἔργων
1413 470 1890 540 ἀπολογησάμενος

231 549 306 620 τῷ
335 550 597 605 Νῶε.Κα“ι
623 551 697 622 τῷ
743 551 996 622 Ἰεζεχιὴλ
1030 552 1087 605 δέ
1113 553 1332 622 ὁμοίως,
1367 556 1454 606 ὅτε
1490 555 1604 609 ³⁸.³⁰
1629 557 1684 606 ἐν
1719 555 1891 607 Βαϐυ-

234 638 359 690 λῶνι
386 638 641 706 διάγοντα
682 641 750 694 τά
783 641 840 692 ἐν
884 640 1272 712 Ἰεροσολύμοις
1314 642 1438 694 ἰδεῖν
1472 642 1693 712 ἐποίησε
1723 643 1886 696 κακά.

235 725 341 777 Καὶ
368 724 444 793 τῷ
484 725 721 796 Ἱερεμίᾳ
749 726 805 778 δέ
854 727 1031 789 πάλιν,
1062 728 1150 780 ὅτε
1187 727 1359 796 ἔλεγε.
1395 731 1449 780 Μ
1460 729 1492 796 ἡ
1524 728 1888 796 προσεύχου,

232 811 660 882 ἀπολογούμενος
682 812 864 882 ἔλεγεν
885 831 897 844 ·
922 816 999 868 Ἦ
1015 815 1127 882 οὺχ
1171 814 1316 882 ὁρᾷς
1336 815 1392 867 τί
1417 811 1581 870 οὗτοι
1615 814 1890 880 ποιοῦσι;

234 897 338 948 Καὶ
368 897 641 968 πανταχοῦ
675 899 734 952 :6
756 899 886 952 αὐτὸ
907 900 1064 954 τοῦτο
1094 904 1253 967 ποιεῖ,
1279 902 1306 953 ὃ
1342 901 1405 972 δὴ
1440 902 1532 954 καὶ
1551 901 1802 954 ἐνταῦθα.
1825 901 1890 953 Τί

230 983 336 1053 γάρ
368 1000 566 1054 φησινε;
616 986 858 1054 Ἄνδρες
900 987 1198 1041 Νινευῗτιιι
1254 988 1746 1057 ἀναστήσονται,
1791 989 1889 1042 καὶ

231 1070 655 1137 κατακρινοῦσι
698 1072 812 1140 τὴν
857 1074 1071 1142 γενεὰν
1102 1075 1360 1140 ταύτην·
1388 1073 1477 1127 ὅτι
1516 1076 1893 1144 μετενόησαν

229 1159 318 1220 εἰς
351 1155 416 1208 τὸ
447 1155 719 1226 κήρυγμα
763 1158 961 1214 Ἰωνᾶ·
999 1161 1096 1214 καὶ
1127 1159 1257 1214 ιδοὺ
1291 1161 1504 1214 πλεῖον
1554 1159 1722 1214 Ἰωνᾶ
1750 1152 1887 1214 ὧδε.

242 1243 299 1297 Ὀ
335 1245 434 1315 μὲν
461 1246 569 1317 γὰρ
588 1246 791 1315 δοῦλος,
817 1248 926 1317 ἐγὼ
945 1250 1002 1303 δέ
1026 1250 1327 1320 Δεσπότης·
1359 1251 1453 1304 καὶ
1482 1251 1511 1302 6
1557 1250 1654 1320 μὲν
1687 1253 1750 1303 ἐκ
1787 1251 1892 1320 κή-

229 1348 354 1396 τους
388 1333 632 1404 ἐξῆλθεν,
679 1336 791 1404 ἐγὼ
827 1338 883 1391 δὲ
923 1340 986 1391 ἐκ
1043 1337 1273 1392 θανάτου
1304 1337 1562 1408 ἀνέστην·
1598 1339 1692 1391 καὶ
1733 1339 1761 1390 6
1793 1338 1891 1408 μὲν

229 1421 606 1494 καταστροφὴν
633 1424 917 1494 ἐκήρυξεν,
948 1424 1058 1492 ἐγὼ
1079 1424 1134 1477 δὲ
1167 1424 1439 1493 βασιλείαν
1467 1421 1627 1496 ἦλθον
1660 1426 1892 1494 εὐαγγε-

227 1505 531 1576 λιζόμενος.
565 1509 675 1562 Καὶ
703 1511 751 1562 οἱ
785 1508 936 1581 [ιιι]
966 1512 1062 1580 μὲν
1088 1511 1256 1581 χωρὶς
1288 1512 1513 1582 σημείου
1543 1513 1890 1577 ἐπίστευσαν,

228 1592 338 1660 ἐγὼ
353 1594 409 1648 δὲ
437 1595 606 1650 πολλά
627 1600 827 1667 σημεῖα
844 1597 1223 1668 ἐπεδειξάμην.
1249 1599 1358 1651 Καὶ
1376 1603 1423 1653 οἱ
1446 1600 1542 1669 μὲν
1555 1600 1706 1652 οὐδὲν
1729 1601 1892 1653 πλέον

224 1679 463 1747 ῆκουσαν
487 1681 592 1733 τῶν
617 1683 876 1752 ῥημάτων
896 1684 1136 1748 ἐκείνων,
1152 1684 1261 1751 ἐγὼ
1284 1687 1340 1738 δὲ
1362 1689 1535 1739 πᾶσαν
1561 1689 1788 1758 ἐκίνησα.
1809 1704 1896 1756 φι-

221 1765 478 1833 λοσοφίας
504 1767 665 1820 ἰδέαν.
699 1769 846 1822 Καὶὸ
871 1769 967 1838 μὲν
982 1770 1390 1841 διακονούμενος
1416 1774 1762 1842 παρεγένετο,
1789 1773 1897 1841 ἐγὼ

219 1851 274 1903 δὲ
298 1853 460 1915 αὐτὸς
475 1857 501 1906 6
519 1855 792 1926 Δεσπότης
815 1856 904 1908 καὶ
925 1857 951 1908 6
970 1857 1186 1910 πάντων
1210 1857 1406 1929 Κύριος
1420 1855 1602 1930 ἦλθον,
1623 1860 1720 1912 οὐκ
1736 1861 1895 1912 61:6:-

220 1938 352 2005 λῶν,
404 1943 502 1993 οὐκ
531 1943 777 1996 ἀπαιτῶν
804 1943 1052 2007 εὐθύνας,
1086 1944 1218 1998 ἀλλά
1260 1945 1603 2018 συγχώρησιν
1633 1946 1893 2016 κομίζων.

221 2028 332 2079 Καὶ
360 2029 407 2078 οἱ
439 2027 536 2097 μὲν
558 2027 818 2098 βάρϐαροι
840 2068 856 2095 ,
877 2023 1022 2084 οῦτοι
1044 2031 1101 2084 δὲ
1120 2033 1424 2102 προφήταις
1451 2035 1889 2105 συνανεστράφη-

221 2131 324 2166 σαν
358 2115 404 2146 ⁸ο
438 2117 669 2186 μυρίοις.
711 2118 821 2170 Καὶ
850 2119 980 2189 περὶ
1028 2119 1235 2172 ἐκείνου
1279 2121 1376 2190 μὲν
1398 2121 1573 2183 οὐδεὶς
1608 2124 1888 2191 προεῖπεν,

219 2202 354 2272 περὶ
377 2202 506 2272 ἐμοῦ
532 2204 588 2256 δέ
612 2204 868 2269 ἅπαντες,
894 2205 1073 2258 καὶτὰ
1094 2205 1230 2277 ἔργα
1255 2210 1368 2270 τοῖς
1383 2207 1560 2275 λόγοις
1589 2207 1890 2265 συνέϐαινε.

217 2287 490 2352 Κάκεῖνος
537 2291 633 2359 μὲν
673 2290 1092 2362 ἐδραπέτευσεν,
1125 2295 1344 2348 ἀπιέναι
1379 2293 1584 2365 μέλλων
1625 2296 1764 2367 ὑπὲρ
1797 2297 1890 2350 τοῦ

219 2372 298 2444 μὴ
331 2375 687 2444 γελασθῆναι·
721 2376 832 2447 ἐγὼ
865 2379 922 2432 δέ
965 2379 1121 2443 εἰδὼς
1155 2382 1240 2434 ὅτι
1273 2381 1367 2434 καὶ
1403 2381 1763 2453 σταυροῦσθαι
1798 2383 1893 2436 καὶ

215 2461 485 2527 γελᾶσθαι
539 2463 735 2532 μέλλω,
793 2467 1194 2538 παρεγενόμην.
1235 2469 1346 2522 Καὶ.
1396 2469 1604 2533 ἐκεῖνος
1644 2470 1744 2540 μὲν
1769 2470 1891 2523 οὐδὲ

213 2549 582 2620 ὀνειδισθῆναι
616 2553 846 2622 ήνεγκεν
886 2555 1024 2625 ὑπὲρ
1054 2555 1160 2608 τῶν
1185 2555 1506 2626 σωζομένων
1526 2572 1538 2586 ·
1571 2557 1681 2625 ἐγὼ
1710 2557 1765 2611 δὲ
1796 2560 1890 2612 καὶ

216 2635 454 2690 θάνατον
511 2638 797 2708 ὑπέμεινα,
837 2641 1007 2694 1:61“
1056 2641 1284 2696 θάνατον
1321 2643 1414 2696 τὸν
1466 2645 1759 2714 αἴσχιστον,
1796 2647 1890 2700 καὶ

215 2725 364 2794 μετά
398 2725 569 2779 ταῦτα
603 2729 764 2782 πάλιν
790 2730 1004 2801 ἐτέρους
1048 2731 1379 2785 ἀποστέλλω.
1412 2734 1522 2787 Καὶ
1549 2734 1576 2785 6
1615 2735 1711 2805 μὲν
1741 2735 1889 2800 ξένος

213 2830 303 2875 τις
332 2809 402 2884 ἦν
432 2815 527 2866 καὶ
564 2815 840 2886 ἀλλότριος
887 2819 980 2870 καὶ
1025 2818 1335 2887 ἄγνωστος·
1374 2820 1485 2890 ἐγὼ
1533 2821 1589 2874 δέ
1621 2822 1889 2894 συγγενής

213 2895 365 2948 κατὰ
396 2896 592 2966 σάρκα,
636 2899 728 2950 καὶ
781 2899 1054 2968 προγόνων
1081 2900 1189 2954 τῶν
1241 2902 1439 2957 αὐτῶν.
1491 2902 1594 2958 Καὶ
1629 2905 1800 2958 πολλά
1831 2905 1886 2959 δὲ

211 2981 385 3050 ἕτερα
409 2983 473 3037 ἄν
502 3000 582 3046 τις
607 2985 920 3055 συναγάγοι,
955 2986 1014 3041 :6
1051 2988 1207 3044 πλέον
1243 2991 1534 3063 ἐπιζητῶν.

287 3067 364 3135 γ’.
388 3069 556 3132 Αὐτὸς
568 3069 623 3122 δέ
635 3072 754 3125 οὐδὲ
771 3069 1002 3127 ἐνταῦθα
1020 3073 1256 3138 ἵσταται,
1275 3077 1412 3129 ἀλλὰ
1428 3079 1520 3130 καὶ
1532 3077 1718 3149 ἓτερον
1732 3095 1892 3149 προσ·

211 3154 404 3224 τίθησι
440 3159 806 3226 παράδειγμα,
840 3159 1012 3226 λέγων
1055 3164 1135 3216 ’ότι
1182 3163 1292 3216 Καὶ
1329 3164 1677 3226 βασίλισσα
1697 3167 1891 3218 Νότου

211 3241 610 3310 ἐγερθήσεται
645 3244 713 3295 ἐν
743 3243 816 3312 τῇ
856 3246 1052 3315 κρίσει
1083 3249 1234 3316 μετὰ
1257 3247 1367 3315 τῆς
1396 3248 1606 3318 γενεᾶς
1645 3251 1890 3319 ταύτης,

211 3327 319 3386 καὶ
372 3330 714 3401 κατακρινεῖ
753 3335 1003 3400 αὐτούς·
1031 3334 1120 3387 ὅτι
1149 3331 1337 3405 ἦλθεν
1359 3336 1428 3389 ἐκ
1475 3336 1593 3390 τῶν
1624 3337 1894 3405 περάτων

211 3419 332 3487 τῆς
356 3417 471 3488 γῆς
501 3419 760 3473 ἀκοῦσαι
795 3421 911 3489 τὴν
931 3421 1154 3491 σοφίαν
1186 3422 1537 3492 Σολομῶνος
1556 3439 1571 3455 ·
1621 3425 1717 3478 καὶ
1761 3425 1892 3478 ίδοὺ

209 3507 439 3561 πλεῖον
461 3507 811 3576 Σολομῶνος
838 3503 974 3564 ὧδε.
1011 3509 1180 3564 Τοῦτο
1206 3511 1300 3564 τοῦ
1330 3511 1594 3584 προτέρου
1622 3513 1784 3566 πλέον
1799 3508 1888 3584 ἦν.

219 3595 288 3648 '0
325 3594 556 3666 μὲνγὰρ
585 3595 767 3660 Ἰωνᾶς
807 3597 941 3666 πρὸς
992 3599 1232 3662 ἐκείνους
1263 3599 1534 3669 ἀπῆλθεν·
1579 3601 1612 3672 ή
1651 3599 1707 3653 δὲ
1741 3599 1893 3670 βασί-

207 3681 383 3735 λισσα
406 3681 501 3734 τοῦ
524 3683 694 3737 Νότου
718 3685 817 3738 οὐκ
844 3685 1091 3755 ἀνέμεινε
1124 3685 1216 3740 τὸν
1239 3687 1528 3757 Σολομῶνα
1557 3687 1693 3760 πρὸς
1724 3689 1892 3758 αὐτὴν

209 3769 420 3832 ἐλθεῖν,
449 3769 563 3824 ἀλλ’
587 3770 724 3843 αὑτὴ
755 3773 888 3843 πρὸς
920 3772 1081 3825 αὑτὸν
1127 3773 1476 3844 παρεγένετο,
1507 3776 1600 3828 καὶ
1630 3774 1766 3845 γυνὴ
1798 3777 1892 3828 καὶ

211 3858 502 3929 βάρϐαρος
538 3853 690 3924 οὖσα,
721 3861 814 3913 καὶ
852 3860 1104 3914 τοσοῦτον
1130 3860 1466 3934 ἀφεστηκυία
1492 3903 1507 3928 ,
1539 3864 1638 3916 οὐκ
1664 3863 1891 3932 ἀπειλῆς

207 3946 599 4016 ἐπικειμένης,
632 3947 692 4000 ού
727 3947 952 4002 θάνατον
980 3949 1269 4016 δεδοικυῖα,
1294 3950 1408 4004 ἀλλ’
1435 3950 1596 4022 ἔρωτι
1630 3952 1891 4021 ῥημάτων

209 4036 387 4106 μόνον
437 4037 635 4105 σοφῶν.
692 4037 828 4090 Ἀλλ’
884 4037 989 4091 ἰδοὺ
1034 4039 1128 4092 καὶ
1180 4039 1359 4094 πλεῖον
1409 4039 1722 4110 Σολομῶνος
1764 4034 1886 4094 ὧδε.

218 4122 383 4177 Ἐκεῖ
411 4123 507 4191 μέν
539 4123 647 4196 γάρ
669 4125 703 4195 ή
731 4124 868 4198 γυνή
894 4125 1244 4196 παρεγένετο,
1282 4126 1516 4180 ἐνταῦθα
1559 4127 1617 4180 δέ
1646 4125 1755 4196 ἐγὼ
1790 4123 1889 4199 ἦλ-

204 4210 332 4264 θον.
372 4211 481 4263 Καὶ
512 4213 544 4282 ή
578 4211 675 4282 μὲν
701 4211 808 4266 61:6
830 4212 938 4265 τῶν
977 4213 1227 4283 περάτων
1266 4214 1362 4284 τῆς
1397 4216 1498 4284 γῆς
1531 4213 1751 4283 ἀνέστη,
1781 4212 1892 4282 ἐγὼ

199 4298 263 4352 δὲ
297 4297 401 4351 καὶ
449 4298 629 4363 πόλεις
662 4301 756 4354 καὶ
807 4299 1000 4372 κώμας
1057 4300 1435 4372 περιέρχομαι.
1473 4302 1738 4364 Κάκεῖνος
1792 4301 1890 4370 μὲν

201 4385 366 4458 ὑπὲρ
391 4385 621 4455 δένδρων
659 4388 753 4440 καὶ
781 4386 950 4452 ξύλων
973 4387 1260 4456 διελέγετο,
1285 4388 1352 4441 :6
1387 4388 1552 4459 μηδὲν
1580 4388 1721 4459 μέγα
1753 4389 1894 4458 ὠφε-

197 4473 384 4543 λῆσαι
413 4471 509 4542 τὴν
533 4476 980 4547 παραγενομένην
1009 4476 1281 4547 δυνάμενα
1302 4493 1316 4507 ·
1347 4475 1458 4546 ἐγὼ
1476 4477 1530 4530 δὲ
1558 4477 1694 4548 ὑπὲρ
1723 4478 1892 4548 ἀπορ-

201 4562 404 4631 ρήτων
425 4561 763 4630 πραγμάτων
785 4562 878 4615 καὶ
903 4564 1215 4634 μυστηρίων
1242 4563 1711 4635 φρικωδεστάτων.
1737 4563 1892 4617 Ἐπεὶ

197 4643 306 4700 οὖν
342 4644 541 4708 αὐτοὺς
574 4647 892 4717 κατέκρινε,
920 4649 1097 4714 δείξας
1135 4655 1198 4705 ἐκ
1233 4650 1426 4704 πολλοῦ
1469 4651 1561 4704 τοῦ
1609 4651 1891 4722 περιόντος

198 4733 583 4802 ἁσύγγνωστα
637 4735 1067 4806 ἁμαρτάνοντας,
1103 4739 1195 4792 καὶ
1226 4739 1323 4809 τῆς
1351 4739 1528 4792 αὐτῶν
1567 4739 1890 4809 ἀγνωμοσύ-

199 4839 340 4890 νης,
377 4821 437 4873 οὐ
476 4821 574 4892 τῆς
609 4821 706 4875 τοῦ
759 4824 1080 4878 διδασκάλου
1134 4825 1440 4889 ἀσθενείας,
1475 4826 1572 4896 τὴν
1607 4826 1890 4898 παρακοήν

198 4901 269 4960 οὗ
280 4921 410 4971 σαν,
438 4903 530 4956 καὶ
557 4902 714 4958 τοῦτο
739 4905 846 4959 ἀπό
875 4923 935 4960 τε
969 4907 1145 4961 ἀλλων
1178 4908 1410 4972 πολλῶν,
1443 4911 1536 4962 καὶ
1555 4910 1663 4963 τῶν
1683 4909 1890 4962 Νινευϊ-

197 4992 330 5046 τῶν
362 4992 456 5045 καὶ
491 4989 591 5060 τῆς
641 4991 958 5067 βασιλίσσης
1011 4995 1259 5060 ἀπέδειξε
1280 5013 1293 5027 ·
1324 4997 1447 5049 τότε
1493 4996 1639 5065 λέγει
1671 4999 1764 5051 καὶ
1791 4997 1890 5068 τὴν

201 5077 680 5150 καταληψομένην
731 5081 926 5142 αὐτοὺς
979 5082 1238 5134 κόλασιν·
1289 5083 1702 5154 αἰνιγματωδῶς
1764 5084 1886 5155 μὲν,

196 5168 368 5236 λέγει
393 5166 448 5219 δέ
471 5169 641 5238 ὅμως,
664 5169 830 5221 πολὺν
852 5169 942 5222 τὸν
967 5169 1130 5239 φόϐον
1148 5171 1449 5240 ἐνυφαίνων
1474 5172 1552 5242 τῷ
1565 5174 1724 5244 διηγή
1735 5189 1884 5243 ματι.

202 5259 413 5311 Ὅταν
439 5254 568 5326 γάρ,
599 5258 783 5326 φησὶν,
823 5256 1039 5326 ἐξέλθῃ
1093 5257 1159 5310 τὸ
1185 5257 1520 5327 ἀκάθαρτον
1549 5261 1785 5330 πνεῦμα
1817 5262 1888 5314 ἐκ

199 5341 327 5398 τοῦ
353 5341 686 5410 ἀνθρώπου,
711 5345 1020 5412 πορεύεται
1049 5343 1121 5397 δι’
1138 5345 1409 5413 ἀνύδρων
1427 5347 1646 5410 τόπων,
1675 5346 1888 5415 ζητοῦν

196 5428 570 5486 ἀνάπαυσιν
586 5445 600 5458 ·
625 5431 722 5484 καὶ
745 5430 830 5500 μὴ
851 5433 1156 5499 εὑρίσκον,
1181 5432 1342 5500 λέγει
1361 5451 1373 5463 ·
1412 5433 1783 5504 Ἐπιστρέψω
1796 5439 1884 5502 εἰς

195 5519 330 5574 τὸν
361 5513 526 5571 οἶκόν
559 5537 700 5586 μου,
745 5519 884 5572 ὅθεν
910 5518 1191 5587 ἐξῆλθον.
1229 5520 1341 5574 Καὶ
1380 5521 1585 5589 ἐλθὸν,
1615 5524 1882 5591 εἰιοίσκει

195 5602 596 5675 σχολάζοντα
624 5606 722 5660 καὶ
749 5607 793 5639 ⁸³
822 5608 1246 5678 σεσαρωμένον
1271 5608 1367 5662 καί
1408 5609 1879 5679 κεκοσμημένον.

1297 263 1364 318 ΙΝ
1407 261 1818 319 ΜΑΤΤΗᾹΞΒΜ
1854 260 2087 318 HOMIL.
2127 259 2309 314 XLIII.
2348 259 2419 312 al.
2463 254 2643 310 XLIV.

3557 250 3663 305 ιδο

2000 383 2135 436 Τότε
2157 379 2488 447 πορεύεται,
2518 376 2615 429 καὶ
2644 371 3090 442 παραλαμϐάνει
3110 369 3236 438 μεθ’
3257 369 3470 424 ἑαυτοῦ
3493 370 3662 440 ἕτερα

1992 470 2142 522 ἑπτὰ
2168 467 2475 533 πνεύματα
2505 463 2872 530 πονηρότερα
2894 458 3132 520 ἑαυτοῦ,
3165 457 3262 511 καὶ
3307 461 3661 513 εἰσελθόντα

1993 554 2258 609 κατοικεῖ
2273 552 2415 614 ἐκεῖ,
2447 550 2795 617 καὶγίνεται
2837 548 2908 600 τὰ
2943 547 3173 614 ἔσχατα
3207 544 3311 598 τοῦ
3348 544 3661 612 ἀνθρώπου

1991 643 2226 695 ἐκείνου
2257 640 2497 709 χείρονα
2531 635 2649 689 τῶν
2701 633 2962 702 πρώτων.
3017 632 3215 697 Οὕτως
3243 632 3415 686 ἔσται
3460 635 3556 686 καὶ
3587 632 3662 701 τῇ

1992 727 2168 796 γενεᾷ
2213 729 2419 794 ταύτῃ.
2466 724 2743 778 Ἐντεῦθεν
2775 722 3064 786 δείκνυσιν,
3095 722 3176 773 ὅτι
3201 721 3300 773 οὐκ
3336 723 3392 773 ἐν
3417 721 3490 790 τῷ
3532 722 3661 791 μέλ-

1992 816 2135 869 λοντι
2183 814 2337 868 αἰῶνι
2375 815 2554 883 μόνον,
2605 811 2739 864 ἀλλά
2779 810 2872 861 καὶ
2901 807 3128 861 ἐνταῦθα
3157 808 3515 878 χαλεπώτατα
3540 807 3660 860 πεί-

1996 919 2198 956 σονται.
2250 899 2467 969 Ἐπειδὴ
2518 897 2620 966 γὰρ
2669 894 2818 967 [462]
2868 891 3042 957 εἶπεν,
3098 895 3336 962 Ἄνδρες
3363 894 3663 948 Νινευῖται

1992 988 2441 1055 ἀναστήσονται
2475 987 2543 1040 ἐν
2569 985 2642 1053 τῇ
2688 986 2902 1052 κρίσει,
2935 984 3031 1035 καὶ
3077 983 3500 1049 κατακρινοῦσι
3548 982 3663 1051 τὴν

1994 1077 2208 1147 γενεὰν
2235 1077 2492 1142 ταύτην·
2533 1075 2619 1127 ἵνα
2665 1073 2739 1143 μὴ
2766 1072 2854 1126 διὰ
2901 1071 2999 1140 τὴν
3049 1069 3142 1122 τοῦ
3185 1071 3378 1140 χρόνου
3407 1070 3662 1141 μέλλησιν

1993 1165 2472 1235 καταφρονήσωσι,
2514 1162 2608 1215 καὶ
2668 1160 3029 1232 ῥαθυμότεροι
3085 1158 3367 1227 γένωνται,
3414 1157 3664 1211 ἐντεῦθεν

1995 1253 2279 1322 ἐφίστησιν
2332 1251 2516 1312 αὐτοῖς
2563 1249 2633 1304 :6
2668 1249 2837 1303 δεινά.
2877 1249 2941 1301 Ὃ
2988 1247 3081 1300 καὶ
3109 1249 3137 1300 6
3178 1246 3462 1316 προφήτης
3505 1245 3664 1316 Ὠσηὲ

1995 1342 2180 1405 αὐτοῖς
2204 1337 2442 1393 ἀπειλῶν
2471 1337 2685 1406 ἔλεγεν,
2733 1338 2814 1390 ὃτι
2848 1335 3084 1398 ἔσονται,
3114 1334 3342 1401 Ὠσπερ
3367 1335 3398 1386 ό
3431 1331 3662 1400 προφή-

1995 1445 2106 1495 της
2130 1431 2162 1481 ό
2206 1423 2690 1494 παρεξεστηκὼς,
2723 1422 3030 1491 ἅνθρωπος
3063 1423 3096 1475 ό
3145 1419 3660 1488 πνευματοφόρος·

1992 1515 2291 1576 τουτέστιν,
2323 1514 2510 1584 ὥσπερ
2536 1514 2584 1566 οἱ
2627 1511 2938 1582 μαινόμενοι
2993 1509 3088 1562 καὶ
3123 1507 3510 1578 βακχευόμενοι
3561 1507 3665 1560 ὑπὸ

1994 1603 2102 1656 τῶν
2133 1601 2386 1672 πονηρῶν
2416 1602 2761 1671 πνευμάτων,
2787 1600 2836 1651 οί
2878 1596 3338 1667 ψευδοπροφῆται.
3373 1595 3664 1666 Προφήτην

1997 1691 2107 1761 γάρ
2145 1689 2378 1742 ἐνταῦθα
2410 1686 2854 1760 παρεξεστηκότα
2883 1683 2974 1737 τὸν
3002 1684 3449 1754 ψευδοπροφήτην
3477 1682 3661 1752 φησὶν,

1995 1772 2097 1830 οἷοί
2139 1778 2275 1830 είσιν
2301 1776 2346 1807 ⁸³
2376 1777 2424 1829 οἱ
2457 1777 2696 1847 μάντεις.
2741 1772 2912 1826 Τοῦτο
2954 1772 3018 1842 δὴ
3049 1771 3141 1824 καὶ
3179 1772 3207 1823 ὁ
3232 1769 3462 1840 Χριστὸς
3490 1769 3664 1838 δηλῶν

1997 1881 2182 1936 φησιν,
2213 1865 2296 1918 ὅτι
2324 1863 2393 1917 :6
2421 1863 2626 1933 ἔσχατα
2659 1861 2957 1915 πείσονται.
2996 1856 3146 1922 Εἶδες
3175 1859 3290 1920 πῶς
3332 1857 3664 1927 πανταχόθεν

1995 1952 2193 2015 αὐτοὺς
2225 1951 2356 2005 ὠθεῖ
2388 1950 2480 2004 61:1
2513 1951 2572 2003 :6
2603 1949 2892 2020 προσέχειν
2921 1946 3395 2015 τοῖςλεγομένοις,
3425 1945 3531 1997 ἀπὸ
3555 1944 3664 1997 τῶν

1995 2037 2300 2105 παρόντων,
2331 2036 2438 2090 61:6
2467 2035 2575 2088 τῶν
2620 2034 2943 2105 μελλόντων,
2988 2031 3096 2085 ἀπὸ
3128 2030 3238 2084 τῶν
3273 2029 3666 2098 εὐδοκιμησάν-

1992 2141 2100 2177 των
2147 2123 2295 2194 (61:6
2341 2122 2450 2176 τῶν
2483 2119 2782 2175 Νινευῖτῶν
2824 2119 2970 2189 λέγω
3021 2121 3113 2172 καὶ⁵
3157 2119 3255 2187 τῆς
3291 2115 3662 2186 βασιλίσσης),

1994 2209 2103 2263 61:6
2138 2210 2247 2263 τῶν
2283 2209 2801 2281 προσκεκρουκότων
2828 2207 3041 2279 Τυρίων
3067 2207 3160 2260 καὶ
3211 2204 3560 2274 Σώομηνῶν;
3598 2206 3665 2254 Ὃ

1994 2297 2088 2349 καὶ
2107 2298 2156 2350 οἱ
2188 2297 2462 2368 προφῆται
2495 2296 2734 2358 ἐποίουν,
2759 2296 2883 2357 τοὺς
2915 2295 3063 2356 υἱοὺς
3095 2290 3354 2363 Ῥηχαϐὶν
3386 2291 3664 2360 παράγον-

1991 2401 2102 2448 τες,
2140 2385 2236 2437 καὶ
2275 2384 2372 2456 τὴν
2413 2384 2630 2456 νύμφην
2671 2383 2770 2454 τὴν
2818 2383 2920 2436 οὐκ
2947 2378 3440 2450 ἐπιλανθανομένην
3489 2376 3533 2408 ⁵³
3569 2375 3663 2429 τοῦ

1991 2473 2198 2543 κόσμου
2227 2475 2319 2527 τοῦ
2343 2475 2544 2526 οἰκείου
2575 2474 2668 2527 καὶ
2696 2475 2796 2544 τῆς
2827 2470 3263 2541 στηθοδεσμίδος,
3301 2468 3398 2521 καὶ
3426 2465 3515 2519 τὸν
3536 2464 3663 2533 βοῦν

1988 2560 2079 2614 τὸν
2103 2561 2282 2615 εἰδότα
2310 2561 2401 2614 τὸν
2428 2561 2792 2630 κτησάμενον,
2827 2560 2920 2613 καὶ
2947 2559 3036 2612 τὸν
3059 2558 3179 2611 όνον
3210 2557 3300 2610 τὸν
3327 2554 3426 2626 τήν
3452 2555 3662 2624 φάτνην

1988 2647 2437 2716 ἐπιγινώσκοντα.
2487 2647 2642 2702 Οὕτω
2668 2647 2731 2717 δὴ
2765 2649 2859 2700 καὶ
2900 2645 3131 2700 ἐνταῦθα
3180 2645 3286 2699 ἀπὸ
3323 2642 3662 2713 συγκρίσεως

1989 2737 2348 2807 παραστήσας
2369 2735 2550 2790 αὐτῶν
2577 2735 2674 2806 τὴν
2709 2733 3123 2805 ἀγνωμοσύνην,
3153 2732 3302 2802 λέγει
3334 2731 3428 2784 καὶ
3459 2729 3556 2801 τὴν
3581 2746 3662 2782 τι-

1990 2823 2202 2895 μωρίαν
2239 2822 2441 2877 λοιπόν.

2058 2911 2124 2964 Τί
2173 2914 2289 2965 ποτ’
2319 2907 2412 2966 οῦν
2463 2913 2579 2965 ἐστι
2620 2909 2682 2964 :6
2726 2909 3053 2982 είρημένονς
3110 2907 3379 2977 Καθάπερ
3400 2905 3448 2959 οί
3475 2905 3664 2976 δαιμο-

1988 2998 2208 3063 νῶντες,
2236 2999 2416 3069 φησὶν,
2451 2999 2579 3052 ὅταν
2602 2997 2954 3064 ἀπαλλαγῶσι
2972 2996 3071 3066 τῆς
3092 2995 3400 3066 ἀρρωστίας
3425 2993 3659 3061 ἐκείνης,

1991 3085 2057 3138 ἂν
2081 3085 2440 3155 ῥᾳθυμότεροι
2455 3083 2740 3153 γένωνται,
2763 3083 3151 3152 χαλεπωτέραν
3173 3081 3513 3134 ἐπισπῶνται
3534 3077 3657 3131 καθ’

1991 3169 2197 3222 ἑαυτῶν
2238 3169 2336 3238 τὴν
2366 3169 2695 3236 φαντασίαν·
2733 3167 2874 3220 οὕτω
2920 3167 3012 3221 καὶ
3045 3166 3128 3234 ἐφ’
3167 3165 3319 3234 ὑμῶν
3349 3164 3394 3194 ⁸⁵
3425 3163 3655 3230 γίνεται.

1991 3256 2102 3308 Καὶ
2127 3255 2234 3325 γὰρ
2257 3257 2350 3308 καὶ
2367 3254 2677 3326 ἔμπροσθεν
2703 3253 3018 3323 κατείχεσθε
3039 3253 3270 3322 δαίμονι,
3297 3251 3384 3304 ὅτε
3406 3249 3476 3302 :6
3509 3249 3661 3302 εἴδω-

1991 3340 2483 3411 λαπροσεκυνεῖτε,
2515 3343 2608 3395 καὶ
2640 3343 2766 3404 τοὺς
2811 3341 2957 3402 υίοὺς
3002 3339 3154 3408 ὑμῶν
3206 3337 3499 3404 ἐσφάττετε
3546 3339 3660 3399 τοῖς

1991 3427 2307 3498 δαιμονίοις,
2356 3428 2553 3498 πολλὴν
2608 3425 3036 3495 ἐπιδεικνύμενοι
3095 3425 3292 3492 μανίαν
3319 3442 3331 3454 ·
3368 3423 3482 3476 ἀλλ’
3511 3424 3660 3493 ὅμως

1991 3517 2089 3568 οὐκ
2123 3514 2474 3582 ἐγκατέλιπον
2514 3515 2676 3585 ὑμᾶς,
2714 3513 2830 3566 ἀλλ’
2863 3511 3116 3576 ἐξέϐαλον
3139 3511 3228 3564 τὸν
3255 3509 3483 3580 δαίμονα
3513 3511 3659 3561 ἐκεῖ-

1992 3617 2080 3653 νον
2111 3599 2198 3653 διά
2226 3599 2334 3652 τῶν
2361 3599 2674 3670 προφητῶν,
2701 3599 2794 3652 καὶ
2822 3599 2891 3652 δι’
2924 3596 3162 3668 ἐμαυτοῦ
3188 3595 3349 3649 πάλιν
3376 3591 3538 3666 ἦλθον
3567 3594 3660 3647 61:1

1994 3688 2176 3742 πλεῖον
2210 3687 2513 3759 ἐκκαθᾶραι
2559 3689 2703 3758 ὑμᾶς
2740 3686 3079 3756 βουλόμενος.
3124 3685 3278 3739 Ἐπεὶ
3317 3679 3409 3736 οῦν
3441 3682 3501 3734 οῦ
3539 3681 3662 3751 βού-

1990 3775 2146 3828 λεσθε
2177 3775 2480 3845 προσέχειν,
2505 3774 2640 3828 ἀλλά
2665 3773 2760 3827 καὶ
2785 3775 2864 3836 είς
2895 3773 3115 3826 πλείονα
3144 3771 3464 3836 ἐξωκείλατε
3497 3786 3662 3838 πονη-

1993 3863 2112 3934 ρίαν
2150 3861 2274 3933 (τοῦ
2318 3861 2427 3933 γὰρ
2469 3863 2748 3932 προφήτας
2780 3860 2986 3913 ἀνελεῖν
3017 3858 3196 3928 πολλῷ
3228 3857 3411 3928 μεῖζον
3449 3857 3542 3911 καὶ
3563 3874 3661 3925 χα-

1991 3949 2293 4019 λεπώτερον
2316 3949 2376 4002 :6
2401 3950 2494 4002 καὶ
2514 3948 2674 4001 αὑτὸν
2703 3948 2748 3978 ⁵⁸
2768 3945 3111 4015 κατασφάξαι
3133 3946 3150 4012 )
3173 3944 3298 3998 ’.διὰ
3317 3943 3474 3996 τοῦτο
3498 3942 3660 4012 χαλε-

1992 4038 2214 4110 πώτερα
2267 4037 2521 4091 πείσεσθε
2573 4036 2680 4090 τῶν
2712 4035 3014 4106 προτέρων,
3050 4035 3157 4087 τῶν
3191 4031 3331 4087 κατὰ
3361 4030 3660 4084 Βαϐυλῶνα

1990 4127 2151 4196 λέγω,
2188 4126 2281 4179 καὶ
2307 4126 2427 4180 κατ’
2456 4126 2748 4194 Αἴγυπτον,
2787 4125 2881 4178 καὶ
2906 4123 3049 4176 κατά
3083 4123 3353 4194 Ἀντίοχον
3379 4123 3470 4174 τὸν
3503 4121 3658 4193 πρῶ·

1991 4233 2101 4271 τον.
2135 4215 2214 4269 T6
2236 4214 2354 4288 γὰρ.
2375 4214 2467 4266 ἐπὶ
2496 4213 2898 4268 Οὐεσπασιανοῦ
2932 4213 3026 4266 καὶ
3051 4211 3209 4265 Τίτου
3250 4212 3532 4282 συμϐάντα
3557 4212 3667 4265 αὖ*

1989 4307 2102 4367 τοῖς
2125 4302 2304 4374 πολλῷ
2339 4301 2536 4374 μᾶλλον
2565 4302 2609 4334 ‘7
2641 4301 2844 4355 τούτων
2878 4300 3252 4372 χαλεπώτερα.
3287 4300 3377 4354 Διὸ
3417 4301 3510 4353 καὶ
3539 4299 3658 4352 ἕλε-

1991 4407 2115 4460 γεν·
2149 4393 2364 4444 Ἔσται
2395 4389 2601 4459 θλῖψις
2643 4389 2898 4460 μεγάλη,
2947 4389 3045 4444 οἵα
3073 4388 3361 4443 οὐδέποτε
3389 4387 3664 4457 γέγονεν,

1991 4477 2132 4532 οὐδὲ
2163 4477 2249 4548 μὴ
2282 4479 2474 4532 ἔσται.
2507 4477 2582 4530 Οὐ
2606 4477 2762 4530 τοῦτο
2784 4477 2841 4530 δὲ
2877 4475 3035 4548 μόνον
3069 4475 3218 4546 δηλοῖ
3242 4476 3304 4528 :6
3332 4475 3653 4544 ὑπόδειγμα,

1990 4566 2103 4620 ἀλλ’
2130 4567 2210 4620 ὅτι
2248 4566 2344 4618 καὶ
2367 4565 2570 4637 ἀρετῆς
2593 4566 2811 4637 ἀπάσης
2835 4565 3048 4618 ἔσονται
3071 4564 3264 4634 ἔρημοι
3288 4563 3536 4628 καθόλου,
3563 4563 3658 4616 καὶ

1988 4657 2054 4725 τῇ
2088 4653 2195 4708 τῶν
2215 4654 2483 4724 δαιμόνων
2508 4653 2758 4724 ἐνεργείᾳ
2787 4651 3188 4722 εὐεπιχείρητοι
3218 4650 3416 4721 μᾶλλον
3450 4651 3482 4722 ἢ
3511 4651 3654 4706 τότε.

1990 4743 2123 4796 Τότε
2147 4742 2244 4813 μὲν
2275 4741 2384 4813 γὰρ
2407 4743 2452 4794 εί
2479 4741 2574 4794 καὶ
2602 4741 2938 4811 ἡμάρτανον,
2974 4739 3088 4792 ἀλλ’
3127 4740 3276 4808 ὅμως
3306 4734 3445 4809 ἦσαν
3475 4739 3569 4792 καὶ
3605 4740 3666 4792 οἱ.

1987 4830 2377 4900 κατορθοῦντες
2398 4831 2456 4882 ἐν
2489 4830 2691 4892 αὐτοῖς,
2723 4829 2818 4881 καὶ
2841 4829 3022 4900 παρῆν
3050 4831 3082 4898 ή
3115 4827 3211 4880 τοῦ
3244 4828 3377 4881 Θεοῦ
3406 4828 3664 4899 πρόνοια,

1989 4915 2082 4968 καὶ
2105 4916 2139 4984 ἡ
2166 4912 2258 4966 τοῦ
2283 4911 2598 4982 Πνεύματος
2618 4911 2796 4981 χάρις,
2827 4909 3254 4981 ἐπιμελουμένη,
3275 4909 3656 4982 διορθουμένη,

1987 5000 2057 5053 :6
2091 5001 2218 5071 παρ’
2250 4999 2448 5068 ἐαυτῆς
2499 4996 2716 5050 ἅπαντα
2746 4995 3029 5067 πληροῦσα
3053 5012 3068 5027 ·
3097 4997 3215 5050 νυνὶ
3255 4996 3312 5049 δὲ
3339 4998 3434 5051 καὶ
3454 4997 3657 5067 ταύτης

1989 5086 2220 5140 καθόλου
2257 5084 2706 5156 ἐρημωθήσονται
2743 5087 2844 5156 τῆς
2892 5084 3238 5156 κηδεμονίας.
3299 5086 3481 5155 φησὶν,
3513 5083 3657 5136 ὥστε.

1988 5173 2080 5226 καὶ
2105 5171 2306 5243 ἀρετ-ῆς
2341 5171 2539 5225 πλείων
2573 5171 2766 5236 σπάνις
2796 5170 2910 5237 νῦν,
2953 5172 3049 5225 καὶ⁹
3076 5173 3359 5243 συμφορᾶς
3385 5170 3654 5233 ἐπίτασις,

1988 5259 2084 5314 καὶ
2117 5259 2384 5330 δαιμόνων
2427 5258 2677 5330 ἐνέργεια
2714 5260 3170 5331 τυραννικωτέρα.
3232 5259 3375 5310 ’ῐστε
3427 5253 3521 5310 οὖν
3559 5258 3662 5311 καὶ.

1988 5347 2080 5400 ἐπὶ
2106 5347 2204 5417 τῆς
2229 5347 2419 5414 γενεᾶς
2446 5345 2548 5416 τῆς
2577 5347 2871 5417 ἡμετέρας,
2900 5348 2990 5401 ὅτε
3017 5347 3046 5398 6
3079 5345 3288 5406 πάντας
3316 5343 3540 5416 ἀσεϐείᾳ
3572 5361 3625 5396 νι
3645 5372 3656 5386 -

1988 5437 2164 5506 κήσας
2195 5434 2479 5498 Ἰουλιανὸς
2505 5435 2891 5507 ἐξεϐακχεύθη,
2919 5435 3036 5496 πῶς
3073 5432 3207 5502 μετά
3229 5432 3337 5483 τῶν
3387 5431 3664 5502 Ἑλλήνων

1989 5523 2216 5585 ἑαυτοὺς
2239 5522 2476 5586 ἔταττον,
2497 5524 2613 5586 πῶς
2639 5523 2708 5576 :6
2729 5523 2948 5576 ἐκείνων
2974 5519 3323 5589 ἐθεράπευον.
3358 5519 3518 5572 Ὥστε
3548 5520 3654 5575 κᾶν

1991 5610 2139 5684 [465]
2173 5611 2369 5683 μικρόν
2393 5628 2446 5663 τι
2479 5611 2676 5664 δοκῶσι
2711 5610 3006 5678 σωφρονεῖν
3044 5606 3158 5672 νῦν,
3192 5605 3280 5660 διὰ
3309 5607 3399 5659 τὸν
3423 5607 3530 5661 τῶν
3556 5609 3653 5679 βα-

284 5743 513 5826 ³ξξ³⁹¹ὄτιι
536 5745 598 5797 Α.
618 5761 673 5814 p.
695 5747 1002 5826 p_._6:'670v::
1025 5749 1088 5803 A.
1211 5749 1754 5826 ‘°‘cu‘vav::96:91;ao:y
1774 5749 1889 5826 Ep_._

2010 5751 2306 5826 ετράερησριν
2335 5751 2395 5826 Ε.
2436 5752 2475 5784 δι
2501 5753 2594 5806 καί
2613 5749 2821 5826 acgcdi:
2844 5765 2907 5804 cx
2931 5746 3088 5826 99dd.
3209 5748 3294 5826 Dn
3342 5746 3507 5826 '*‘_x0:{
3531 5767 3636 5826 mp.

349 5787 363 5797 .
637 5787 673 5798 ..
713 5787 854 5801 ην...
893 5787 1175 5804 unum“.
1275 5787 1574 5803 νυμον...
1621 5787 1816 5804 μιν...
1860 5793 1870 5802 .

392 5814 441 5902 ’Δε
461 5787 665 5902 Μρειὶᾷ.
693 5787 771 5902 ἷξε*
798 5787 938 5887 ἦσαν
976 5821 1038 5872 Α.
1061 5787 1562 5902 ῃδδέπιλαθομένήν
1577 5787 1669 5872 ΥᾸ.
1700 5821 1760 5874 C.
1821 5787 1889 5852 νη

2010 5787 2185 5822 αγις..
2209 5787 2304 5806 υ...
2335 5787 2350 5804 .
2381 5791 2395 5804 .
2503 5787 2821 5806 “unum...
2844 5787 2907 5804 ...ι
2931 5787 3088 5802 νυνι..
3122 5787 3180 5804 υ.
3210 5787 3248 5800 υ
3412 5787 3504 5801 η...

2034 5787 2204 5893 ὑμῶν]
2231 5823 2321 5876 Sic
2347 5821 2410 5874 Λ.
2429 5831 2482 5902 εει
2503 5838 2644 5902 θοι-τ.
2676 5821 2734 5872 Ε.
2758 5823 2833 5902 είς
2867 5819 3011 5902 νοὺίξ
3032 5819 3234 5902 αςξξιιρι
3255 5819 3350 5874 Ge.
3379 5819 3642 5902 ύφξρμέῖιν

200 5884 273 5940 D.
313 5884 576 5956 ὑφ’ήμῶν
597 5885 658 5940 C.
693 5884 752 5940 Γ.
783 5884 866 5956 ἐφ’
909 5890 1036 5960 ὑμῖν
1058 5888 1155 5961 Ερ.
1225 5891 1271 5924 ⁸⁸
1295 5884 1476 5962 αὐτόν]
1503 5884 1625 5946 ίὶιΙιΙ.
1662 5890 1759 5962 ἐμέ
1784 5889 1847 5945 D.
1883 5913 1889 5942 ε

2010 5884 2138 5947 οόέχ
2182 5884 2400 5962 fluidam
2434 5890 2608 5950 Paris.
2646 5907 2730 5962 ap.
2764 5891 2889 5946 Suv.
2963 5890 3004 5920 ⁸⁷
3027 5890 3223 5956 μᾶλλον
3246 5905 3354 5946 om.
3380 5884 3628 5955 A'ijﬁp
