4010 6128
383 335 476 390 161
1331 329 1396 386 ΙΝ
1436 328 1847 385 MATTHIEUM
1889 327 2115 383 llOMlL.
2161 327 2342 384 XLIII.
2388 332 2456 385 al.
2498 332 2683 388 XLIV.

379 466 499 506 sese
537 464 658 505 cum
690 448 975 518 gentilibus
996 445 1302 518 jungerent,
1348 455 1402 500 et
1430 446 1641 500 illormn
1672 458 1849 499 mores
1875 458 1962 497 se-

381 550 673 597 ctarentur.
698 538 879 609 Itaque
900 541 1110 596 etiamsi
1138 555 1276 593 nunc
1300 539 1560 593 tantillum
1583 537 1966 591 moderatiores

382 633 659 688 videantur
702 647 842 696 esse,
893 633 1013 701 quia
1043 628 1424 700 lmperatorum
1456 639 1601 685 metu
1646 629 1962 699 quiescunt:

381 735 530 781 certe
557 726 654 779 nisi
699 724 801 779 hoc
839 732 1001 786 esset,
1029 725 1193 777 multo
1219 723 1465 793 graviora
1493 737 1649 791 quam
1689 730 1812 774 ante
1848 719 1963 773 ausi

382 818 628 871 fuissent.
658 815 789 870 Nam
815 815 865 869 in
908 815 1025 868 aliis
1053 815 1301 884 operibus
1330 812 1486 867 malis
1507 813 1709 882 priscos
1730 811 1849 864 illos
1872 824 1965 862 su-

382 917 588 978 perant,
624 908 675 961 in
706 907 1012 976 prmstigiis,
1046 905 1299 960 maleficis
1326 902 1545 970 artibus,
1575 902 1697 960 etin
1725 899 1962 964 lascivia,

383 998 560 1052 omnia
586 998 772 1052 istlimc
790 1011 948 1066 supra
975 995 1189 1051 modum
1211 1001 1542 1049 exercentes.
1564 991 1732 1046 Etiam
1755 991 1808 1044 in
1825 988 1962 1054 aliis,

384 1092 482 1144 etsi
513 1091 612 1145 hoc
632 1087 786 1147 freno
810 1091 1167 1156 detineantur,
1195 1103 1335 1157 saepe
1355 1086 1642 1142 seditiones
1662 1089 1963 1148 moverunt,

383 1192 567 1236 contra
606 1182 963 1252 Imperatores
992 1183 1435 1245 insurrexerunt,
1469 1179 1540 1233 ita
1565 1187 1622 1233 ut
1647 1177 1699 1230 in
1729 1184 1967 1232 extrema

385 1274 763 1331 delaberentur
803 1276 963 1330 mala.

456 1366 509 1419 4.
540 1363 762 1420 Ubinam
788 1379 917 1436 ergo
936 1373 1062 1422 sunt
1089 1365 1166 1420 illi
1190 1365 1279 1435 qui
1300 1364 1446 1435 signa
1469 1363 1740 1433 quaerunt?
1763 1360 1964 1422 Sciant,

384 1456 552 1525 probo
579 1466 634 1511 et
646 1467 798 1526 grato
822 1471 957 1527 opus
981 1471 1101 1512 esse
1123 1456 1301 1511 animo
1329 1471 1345 1510 :
1367 1454 1455 1525 qui
1484 1454 1582 1508 nisi
1607 1453 1765 1519 adsit,
1789 1451 1968 1521 signo-

385 1562 503 1601 rum
533 1548 679 1603 nulla
703 1548 809 1602 erit
849 1549 1066 1603 utilitas.
1109 1545 1267 1602 Certe
1291 1546 1536 1601 Ninivitzc
1565 1545 1765 1612 absque
1803 1542 1968 1611 signis

384 1636 727 1692 crediderunt
757 1656 771 1691 :
804 1636 857 1691 hi
883 1652 1012 1692 vero
1036 1646 1158 1706 post
1198 1644 1276 1691 tot
1304 1635 1560 1690 miracula
1595 1633 1807 1703 pejores
1843 1638 1970 1684 sunt

384 1730 555 1786 effecti
587 1771 604 1796 ,
645 1746 810 1801 seque
854 1731 1256 1786 innumerorum
1295 1728 1599 1783 daemonum
1636 1725 1964 1781 domicilium

384 1822 789 1884 constituerunt,
809 1830 864 1876 et
889 1830 1168 1877 sexeeutas
1189 1819 1287 1876 sibi
1307 1827 1628 1889 pepererunt
1642 1815 1970 1872 calamitates

383 1912 501 1982 jure
529 1913 719 1968 illatas.
735 1913 865 1969 Cum
893 1914 1035 1968 enim
1059 1914 1177 1982 quis
1199 1927 1229 1966 a
1249 1911 1402 1966 malis
1429 1911 1683 1964 liberatus
1708 1923 1812 1963 non
1838 1907 1969 1961 resi-

384 2005 561 2075 piscit,
595 2007 749 2076 longe
774 2006 1015 2075 graviora
1049 2004 1313 2075 prioribus
1359 2003 1606 2073 patietur.
1658 2000 1783 2055 Ideo
1825 1998 1967 2053 enim

385 2094 516 2149 dixit
537 2138 554 2160 ,
609 2095 729 2149 Non
756 2096 939 2150 invenit
965 2096 1181 2165 requiem
1206 2136 1221 2160 ,
1249 2103 1308 2148 ut
1332 2092 1616 2157 ostendat,
1664 2091 1966 2144 daemonum

386 2186 603 2241 insidias
644 2187 784 2240 hunc
826 2186 1127 2241 necessario
1156 2193 1497 2253 correpturos
1539 2195 1677 2236 esse.
1727 2179 1859 2233 Nam
1903 2178 1970 2233 ab

386 2276 468 2329 his
496 2274 704 2330 duobus
729 2274 793 2328 ad
824 2290 1006 2330 sanam
1039 2282 1271 2328 mentem
1299 2271 1480 2326 reduci
1511 2271 1872 2340 oportuisset,
1917 2276 1972 2321 et

385 2367 523 2436 quod
552 2366 711 2433 passi,
736 2375 787 2420 et
809 2365 946 2436 quod
978 2365 1187 2420 liberati
1215 2371 1430 2428 essent;
1456 2362 1562 2416 imo
1594 2362 1806 2416 tertium
1838 2374 1970 2429 quo-

385 2473 489 2527 que
509 2457 681 2523 adest,
712 2473 906 2527 nempe
948 2456 1292 2511 comminatio
1322 2470 1389 2509 ne
1418 2453 1541 2524 quid
1570 2452 1804 2507 deterius
1833 2465 1965 2506 con-

387 2552 572 2620 tingat.
607 2550 854 2605 Attamen
885 2565 952 2604 ex
978 2550 1122 2604 nullo
1151 2564 1336 2604 eorum
1368 2547 1616 2603 meliores
1660 2551 1967 2600 evaserunt.

386 2640 512 2696 llaec
555 2657 680 2696 vero
726 2657 831 2697 non
874 2641 940 2696 ad
971 2641 1090 2696 illos
1126 2649 1367 2706 tantum,
1421 2637 1514 2692 sed
1554 2638 1712 2692 etiam
1757 2634 1825 2689 ad
1871 2649 1968 2688 nos

385 2736 526 2790 dicta
554 2734 718 2790 fuisse
743 2743 1041 2805 opportune
1071 2733 1349 2788 credamus
1371 2772 1388 2798 ,
1427 2729 1640 2800 quando
1688 2727 1970 2783 illuminati

386 2835 440 2880 ct
468 2841 499 2879 a
527 2827 715 2894 priscis
740 2825 908 2895 erepti
935 2825 1121 2890 malis,
1159 2837 1343 2877 rursus
1372 2821 1548 2876 eidem
1579 2819 1828 2889 nequitia:
1858 2817 1966 2872 hce-

388 2930 568 2970 remus
600 2933 612 2968 :
647 2930 767 2969 nam
799 2915 869 2983 ob
906 2914 1135 2968 admissa
1184 2924 1304 2983 post
1333 2913 1444 2966 lucc
1488 2920 1702 2979 peccata
1737 2909 1970 2978 graviori

388 3005 589 3059 ultione
629 3006 939 3074 plectemur.
973 3004 1095 3059 ldeo
1122 3004 1412 3074 paralytico
1437 3002 1647 3058 diccbat
1682 3001 1923 3055 Christus
1953 3018 1966 3052 :

393 3098 540 3166 Ecce,
570 3115 723 3153 sanus
752 3101 917 3169 [actus
946 3113 1034 3158 es;
1066 3097 1171 3151 noli
1198 3096 1417 3165 amplius
1453 3111 1656 3164 peccare
1680 3134 1694 3156 ,
1745 3109 1807 3146 ne
1852 3092 1973 3162 quid

388 3189 477 3243 tibi
502 3188 720 3241 deterius
749 3187 1005 3255 contingat
1037 3183 1216 3252 (Joan.
1249 3185 1304 3239 5.
1331 3181 1433 3253 Μ)
1477 3200 1490 3234 :
1518 3190 1573 3237 et
1619 3181 1732 3236 haec
1772 3182 1971 3236 homini

388 3280 528 3334 dicta
549 3287 689 3343 sunt,
713 3276 804 3348 qui
830 3275 1040 3347 triginta
1060 3284 1180 3330 octo
1199 3273 1352 3329 annis
1375 3286 1514 3345 aeger
1533 3271 1724 3329 fuerat.
1744 3270 1969 3343 Ecquid,

391 3372 597 3441 inquies
620 3411 634 3436 ,
664 3370 875 3440 gravius
904 3383 1156 3437 passurus
1200 3375 1316 3422 erat
1341 3408 1356 3431 ,
1386 3381 1544 3436 quam
1574 3367 1766 3421 antea?
1794 3366 1973 3435 Longe

392 3462 574 3532 pejora
602 3469 654 3515 et
681 3460 947 3529 graviora.
984 3457 1137 3511 Absit
1183 3458 1323 3511 enim
1358 3472 1428 3511 ne
1475 3465 1618 3510 tanta
1668 3455 1930 3525 patiamur
1953 3496 1970 3519 ,

390 3564 587 3625 quanta
615 3553 723 3623 pati
752 3566 1052 3622 possumus.
1080 3550 1261 3619 Neque
1287 3549 1427 3603 enim
1454 3548 1562 3603 Deo
1588 3548 1843 3618 supplicia
1875 3548 1973 3603 dc-

392 3656 536 3702 sunt.
569 3646 699 3702 Nam
730 3656 789 3700 ut
819 3659 1009 3714 magna
1048 3643 1413 3699 misericordia
1438 3641 1554 3712 ejus
1574 3684 1589 3708 ,
1621 3642 1689 3695 ita
1724 3650 1777 3696 ct
1801 3641 1976 3711 gravis

392 3750 475 3796 est
503 3741 578 3795 ira
607 3741 740 3809 ejus.
773 3737 884 3793 [Iac
911 3737 978 3793 de
999 3752 1058 3792 re
1073 3736 1459 3808 Jerosolymam
1486 3734 1625 3805 apud
1642 3729 1973 3790 Ezechielem

391 3838 622 3885 accusat.
669 3828 782 3883 Vidi
811 3828 945 3883 enim
974 3837 1050 3894 te,
1084 3827 1285 3897 inquit,
1321 3827 1566 3896 pollutam
1604 3827 1850 3897 sanguine
1873 3866 1887 3889 ,
1929 3833 1975 3879 et

394 3925 494 3979 lavi
517 3933 563 3978 et
612 3923 733 3977 anxi
761 3964 775 3988 ,
819 3931 865 3976 et
895 3924 1083 3991 factum
1104 3930 1176 3974 est
1204 3920 1291 3973 tibi
1317 3936 1496 3975 nomen
1522 3921 1574 3972 in
1605 3917 1978 3989 pulchritudine

395 4028 518 4082 tua;
544 4029 589 4070 et
611 4017 860 4086 fornicata
886 4032 937 4069 es
962 4031 1073 4067 cum
1100 4014 1327 4082 ﬁnitimis
1356 4014 1456 4067 tuis
1482 4011 1691 4083 (Ezech.
1718 4012 1802 4066 Hi.
1837 4010 1890 4065 6.
1920 4010 1975 4071 9;

395 4109 483 4163 14.
511 4107 615 4178 26)
650 4126 663 4161 :
698 4105 817 4160 ideo
859 4105 1100 4175 graviora
1140 4103 1231 4159 tibi
1279 4102 1520 4172 peccanti
1546 4103 1795 4157 minatur.
1844 4101 1980 4155 lliuc

397 4215 525 4256 vero
552 4215 657 4254 non
686 4197 1001 4267 supplicium
1034 4202 1256 4259 tantum,
1288 4193 1380 4248 sed
1410 4195 1723 4247 immensam
1756 4192 1847 4246 Dei
1880 4206 1974 4260 pa-

398 4293 633 4348 tientiam
662 4300 838 4346 tecum
866 4297 1072 4358 reputa.
1102 4286 1257 4356 Smpe
1287 4300 1514 4355 namque
1544 4284 1596 4338 in
1622 4283 1808 4338 cadent
1841 4282 1975 4337 mala

396 4384 598 4451 delapsi
624 4397 827 4446 sumus,
852 4379 1084 4435 etadbuc
1103 4378 1191 4433 ille
1204 4393 1299 4431 nos
1314 4377 1518 4429 tolerat.
1538 4375 1730 4429 Verum
1764 4389 1830 4429 ne
1847 4388 1979 4429 con-

404 4474 648 4537 ﬁdamus.
680 4472 773 4528 sed
803 4473 976 4541 potius
1006 4471 1306 4525 timeamus.
1338 4467 1550 4521 Etenim
1575 4466 1804 4529 Pharao,
1838 4466 1881 4521 si
1909 4481 1975 4521 ex

400 4566 570 4636 prima
599 4565 747 4634 plaga
770 4563 1100 4631 resipuisset,
1135 4574 1239 4613 non
1269 4565 1553 4628 sequentes
1579 4565 1850 4626 expertus,
1878 4570 1981 4611 nec

401 4667 585 4728 postea
613 4670 733 4710 cum
762 4662 873 4709 toto
898 4653 1132 4708 exercitu
1172 4650 1451 4705 demersus
1488 4648 1694 4703 fuisset.
1731 4647 1856 4702 llmc
1883 4662 1980 4701 au-

402 4760 509 4805 tem
534 4748 673 4811 dico,
705 4747 826 4816 quia
855 4745 1051 4800 multos
1076 4744 1198 4799 novi
1229 4758 1369 4798 nunc
1393 4743 1531 4798 sicut
1557 4741 1764 4796 Pharao
1793 4740 1979 4795 dicen-

403 4847 484 4894 tes
505 4880 520 4904 ,
548 4837 663 4891 Non
695 4836 823 4890 novi
848 4836 1051 4896 Deum;
1100 4833 1188 4902 qui
1217 4832 1328 4886 luto
1352 4842 1405 4887 et
1448 4832 1704 4886 lateribus
1743 4831 1983 4885 subditos

403 4946 529 4987 suos
557 4930 826 4985 addicunt.
853 4928 994 4994 Quot
1019 4925 1280 4990 homines,
1312 4924 1531 4993 jubente
1563 4923 1673 4977 Deo
1699 4922 1870 4975 minae.
1897 4937 1984 4976 re-

404 5024 639 5089 mittere,
667 5039 735 5076 ne
762 5021 1000 5077 laborem
1038 5016 1253 5089 quidem
1283 5018 1524 5071 relaxare
1546 5015 1754 5069 volunt?
1783 5014 1979 5069 Verum

402 5133 509 5173 non
539 5124 622 5171 est
635 5114 743 5184 jam
769 5112 1008 5167 Rubrum
1037 5124 1183 5163 mare
1210 5106 1600 5177 trajicieudum.
1632 5104 1737 5160 Sed
1768 5104 1984 5174 pelagus

405 5211 542 5283 ignis
585 5216 705 5274 est,
745 5206 966 5277 pelagus
993 5218 1102 5257 non
1144 5217 1265 5257 cum
1296 5201 1387 5255 illo
1417 5198 1839 5263 conferendum,
1889 5194 1985 5251 sed

405 5305 572 5359 multo
612 5302 786 5371 majus
825 5306 878 5352 et
918 5296 1167 5351 acerbius
1191 5336 1206 5360 ,
1246 5293 1397 5364 cujus
1425 5293 1617 5348 fluctus
1657 5292 1793 5362 ignis
1820 5297 1981 5353 sunt;

407 5394 540 5462 ignis
577 5401 721 5448 certe
749 5405 914 5443 novus
939 5397 994 5443 et
1036 5385 1353 5440 horrendus.
1383 5385 1624 5454 Abyssus
1662 5384 1766 5437 illic
1796 5395 1984 5451 magna

407 5498 489 5542 est
511 5486 740 5540 ﬂamma:
764 5482 1110 5554 gravissimae.
1141 5478 1218 5533 lbi
1256 5477 1397 5532 enim
1437 5476 1611 5545 ignem
1640 5489 1851 5545 semper
1878 5474 1981 5527 cir-

406 5592 749 5635 cumcurrere
771 5575 956 5631 videre
984 5581 1099 5641 est,
1141 5571 1266 5626 fera:
1304 5568 1703 5624 immanissima:
1733 5568 1982 5622 similem.

408 5672 463 5727 Si
492 5670 630 5724 enim
655 5668 742 5722 ille
771 5666 984 5722 sensilis
1008 5672 1063 5719 et
1099 5660 1385 5718 matcrialis
1414 5659 1569 5726 ignis,
1603 5659 1750 5727 quasi
1780 5661 1886 5715 fera
1920 5674 1986 5713 ex

413 5762 626 5817 fornace
664 5761 914 5815 exsilicns
938 5801 951 5826 ,
994 5756 1180 5813 insiliit
1206 5755 1255 5808 in
1294 5767 1387 5809 eos
1414 5751 1501 5822 qui
1538 5760 1685 5807 extra
1716 5751 1985 5807 fornacem

3546 346 3653 402 ωε

2069 452 2244 508 erant,
2276 445 2401 500 dum
2432 458 2538 502 tres
2563 451 2708 517 pueri
2744 451 2882 506 intus
2909 466 3087 508 essent
3116 457 3128 487 ¹
3165 473 3178 509 :
3209 458 3330 527 quid
3361 473 3465 513 non
3494 459 3653 515 faciet

2071 535 2207 604 ignis
2237 538 2325 593 ille
2353 540 2414 593 iis
2445 542 2532 609 qui
2563 544 2612 595 in
2641 543 2786 597 illum
2816 545 3092 601 incident?
3115 550 3249 603 Audi
3282 552 3567 621 prophetas
3586 553 3655 608 de

2072 630 2161 684 illo
2187 631 2274 686 die
2307 633 2583 702 loquentes
2620 653 2633 687 ε
2671 635 2789 690 Dies
2825 637 3028 691 Domini
3052 643 3375 705 inamabilis,
3410 648 3581 715 furore
3608 653 3655 699 et

2069 723 2149 775 ira
2175 723 2352 793 plenus
2402 725 2551 794 (lsai.
2589 728 2673 781 1⁵5.
2709 727 2788 798 9).
2823 729 2988 785 Nemo
3025 733 3165 784 enim
3194 735 3294 787 erit
3324 737 3413 803 qui
3441 736 3651 801 adstet,

2072 828 2230 871 nemo
2275 816 2362 884 qui
2393 826 2581 887 cruat“;
2613 833 2870 887 nusquam
2907 821 2977 874 ibi
3018 822 3214 877 Christi
3245 824 3429 879 faciem
3469 828 3652 881 mitem

2072 913 2125 956 et
2169 919 2414 959 serenam
2465 909 2782 977 conspicics.
2837 910 2945 966 Sed
2992 915 3438 980 quemadmodum
3484 918 3517 971 ii
3566 919 3653 988 qui

2072 996 2285 1050 metalla
2314 1007 2561 1063 tractant,
2590 1003 2801 1055 acerbis
2824 1004 3103 1059 traduntur
3132 1006 3455 1072 hominibus,
3488 1013 3657 1065 nenti-

2073 1103 2301 1158 nemque
2327 1091 2619 1146 amicorum
2642 1135 2657 1159 ,
2685 1094 2777 1148 sed
2804 1109 2903 1151 eos
2925 1104 3128 1151 tantum
3156 1102 3243 1168 qui
3276 1110 3513 1168 praesunt
3531 1145 3545 1167 ,
3574 1105 3657 1157 vi-

2072 1179 2201 1234 dent
2225 1199 2238 1236 :
2260 1183 2337 1236 sic
2364 1192 2419 1237 et
2450 1192 2604 1250 tunc;
2639 1186 2746 1240 imo
2774 1202 2879 1241 non
2906 1189 3003 1252 sic,
3027 1189 3118 1243 sed
3140 1189 3298 1259 longe
3320 1190 3659 1247 horribiliore

2073 1270 2253 1326 modo.
2287 1272 2409 1326 lstic
2428 1275 2569 1329 enim
2594 1268 2971 1345 Imperatorem
3004 1294 3287 1349 possumus
3316 1281 3464 1336 adire
3486 1292 3535 1335 ct
3567 1299 3655 1336 ro-

2072 1377 2219 1433 gare,
2237 1370 2291 1417 et
2319 1364 2397 1418 sic
2418 1364 2729 1420 damnatum
2757 1368 3000 1424 solvere:
3023 1371 3131 1425 illic
3158 1386 3283 1426 vero
3301 1387 3477 1426 secus.
3504 1372 3657 1427 Nulla
3744 1426 3752 1433 ,

2073 1454 2215 1507 enim
2240 1456 2505 1520 remissio,
2529 1459 2621 1511 sed
2645 1468 2862 1514 manent
2887 1461 2938 1513 in
2962 1469 3107 1515 tanto
3127 1462 3361 1516 cruciatu
3380 1463 3655 1527 ctdolorr,

2073 1544 2161 1613 qui
2193 1560 2296 1599 non
2332 1548 2498 1614 possit
2526 1548 2777 1617 exprimi.
2806 1550 2940 1605 Nam
2970 1553 3012 1606 si
3041 1568 3227 1607 eorum
3272 1556 3359 1623 qui
3392 1555 3477 1609 hic
3506 1571 3657 1610 com-

2073 1634 2334 1690 buruntur
2363 1647 2547 1692 acutos
2574 1638 2787 1694 dolores
2818 1642 2994 1696 nullus
3033 1651 3206 1711 potest
3236 1658 3416 1699 sermo
3455 1646 3656 1700 descri-

2073 1724 2199 1780 bere
2220 1766 2233 1789 ,
2267 1727 2434 1781 multo
2470 1729 2642 1784 minus
2671 1731 2775 1784 illis
2801 1733 2978 1788 verbis
3019 1734 3245 1803 exprimi
3281 1744 3523 1803 possunt.
3561 1736 3658 1790 Hic

2073 1816 2214 1871 enim
2245 1818 2391 1873 brevi
2424 1829 2661 1890 tempore
2692 1830 2859 1876 totum
2891 1823 3166 1893 perficitur
3206 1841 3221 1880 :
3261 1825 3366 1880 illic
3406 1843 3532 1881 vero
3571 1829 3658 1896 qui

2073 1913 2266 1974 uritur,
2300 1925 2403 1963 non
2432 1913 2786 1967 consumitur.

2147 1996 2225 2049 An
2243 1999 2304 2050 sit
2318 2000 2594 2053 consolatio
2610 2003 2770 2056 socios
2801 2005 2981 2058 habere
3011 2007 3479 2075 supplicii—Quid
3504 2008 3662 2076 igitur

2076 2086 2146 2140 ibi
2167 2085 2458 2145 faciemus?
2481 2090 2738 2160 Meipsum
2761 2094 2955 2166 quippe
2974 2096 3234 2165 alloquor.
3255 2098 3306 2152 Si
3333 2110 3406 2163 tu,
3429 2100 3656 2169 inquies,

2074 2177 2261 2233 doctor
2289 2181 2513 2250 teipsum
2543 2183 2828 2253 alloqueris
2856 2228 2870 2251 ,
2904 2188 3044 2241 nulla
3077 2190 3202 2242 mihi
3234 2205 3359 2244 cura
3391 2202 3658 2261 Superest.

2075 2269 2212 2337 Quid
2244 2271 2435 2325 mirum
2464 2274 2607 2327 enim
2647 2275 2690 2329 si
2719 2284 2773 2329 et
2801 2292 2900 2347 ego
2924 2279 3165 2346 plectar?
3196 2280 3275 2335 Ne
3298 2322 3313 2346 ,
3344 2297 3524 2349 quaeso
3549 2322 3563 2343 ,
3598 2298 3662 2335 ue.

2075 2361 2195 2430 quis
2232 2360 2368 2416 hanc
2397 2373 2601 2432 quaarat
2630 2367 3076 2422 consolationem.
3109 2369 3290 2439 Neque
3320 2373 3460 2424 enim
3493 2372 3659 2423 ullum

2077 2453 2148 2508 ibi
2183 2455 2453 2511 solatium.
2502 2456 2717 2524 Annon,
2744 2474 2960 2527 qutcso,
2997 2460 3305 2529 incorporea
3358 2462 3523 2516 virtus
3550 2474 3665 2517 erat

2075 2544 2364 2601 diabolus?
2423 2563 2599 2602 nonne
2650 2551 2990 2617 praestantior
3034 2550 3385 2607 hominibus?
3416 2555 3661 2608 Attamen

2076 2638 2256 2709 lapsus
2278 2646 2379 2692 est.
2416 2640 2498 2693 An
2532 2654 2659 2694 vero
2679 2642 2942 2711 quispiam
2973 2642 3097 2697 hinc
3121 2645 3539 2700 consolationem
3570 2663 3662 2699 ac-

2076 2729 2235 2797 cipiet
2261 2729 2400 2797 quod
2451 2744 2571 2784 cum
2622 2731 2716 2785 illo
2763 2733 3072 2787 crucietur?
3120 2734 3482 2804 Nequaquam.
3525 2736 3662 2802 Quid

2076 2836 2236 2889 porro
2267 2820 2502 2892 ngyptii
2550 2823 2623 2877 illi
2672 2825 2900 2878 omnes?
2949 2840 3127 2879 annon
3175 2826 3455 2895 pra-lectos
3502 2829 3662 2881 etiam

2075 2912 2262 2981 plexos
2288 2912 2572 2967 viderunt?
2600 2923 2654 2969 et
2674 2913 2864 2969 domos
2887 2915 3125 2986 singulas
3154 2917 3203 2970 in
3232 2917 3402 2971 luctu?
3428 2918 3509 2971 An
3540 2918 3659 2972 ideo

2076 3005 2493 3061 consolationem
2507 3017 2823 3075 acceperunt
2834 3008 2939 3073 ,vcl
2959 3009 3308 3077 reSpirarunt?
3329 3009 3541 3063 Minime
3557 3026 3665 3064 cer-

2081 3104 2131 3151 te
2164 3114 2177 3149 :
2205 3098 2255 3151 id
2285 3096 2426 3166 quoal
2457 3097 2713 3165 liquidum
2735 3107 2821 3153 est
2839 3113 2903 3152 ex
2939 3099 3002 3151 iis
3026 3115 3143 3168 quae
3167 3109 3351 3168 postea
3379 3100 3623 3154 fecerunt
3647 3141 3663 3165 ,

2077 3188 2227 3256 quasi
2252 3189 2465 3242 flamma
2482 3187 2706 3257 quadam
2730 3187 2978 3257 ﬂagellati
3006 3205 3183 3259 regem
3199 3190 3461 3257 adierunt,
3480 3202 3533 3245 et
3560 3192 3663 3244 lle-

2079 3280 2343 3337 brarorum
2372 3279 2623 3350 populum
2651 3279 2895 3336 emittere
2917 3288 3226 3352 coegerunt.
3268 3279 3478 3353 Frigida
3519 3292 3665 3339 certe

2078 3372 2372 3427 consolatio
2393 3371 2779 3441 cruciati,quod
2795 3387 2913 3427 cum
2933 3372 3050 3427 aliis
3068 3372 3480 3443 puuiatur,quod
3499 3378 3666 3443 possit

2079 3462 2482 3531 dicere,Eadem
2500 3462 2804 3517 conditione
2820 3478 2938 3517 sum
2961 3479 3061 3533 qua
3090 3464 3199 3517 alii.
3221 3463 3323 3520 Sed
3342 3465 3466 3535 quid
3494 3465 3559 3519 de
3576 3481 3667 3534 ge-

2079 3551 2254 3607 bcnna
2280 3553 2514 3622 loquor?
2556 3552 2737 3622 Cogita
2756 3566 2849 3607 eos
2869 3555 2958 3623 qui
2991 3552 3219 3622 podagra
3252 3554 3495 3609 laborant
3530 3556 3659 3624 :qui

2079 3659 2199 3699 cum
2222 3645 2391 3700 acutis
2415 3643 2686 3700 doloribus
2701 3644 3023 3711 cruciantur,
3046 3644 3251 3699 etiamsi
3273 3654 3552 3701 sexcentos
3572 3658 3666 3701 os-

2082 3736 2268 3792 tendas
2283 3735 2522 3806 graviora
2549 3734 2829 3805 patientes,
2844 3749 2912 3790 ne
2936 3734 3212 3789 attendere
3230 3735 3441 3805 quidem
3460 3737 3664 3790 volunt.

2083 3829 2175 3883 Vis
2202 3828 2398 3899 quippe
2426 3826 2627 3880 doloris
2654 3840 2720 3879 ne
2746 3827 2921 3880 locum
2949 3825 3163 3895 quidem
3191 3826 3315 3879 sinit
3337 3836 3388 3879 ut
3412 3827 3546 3881 alios
3568 3843 3662 3881 co-

2081 3924 2249 3994 gitent
2271 3962 2286 3988 ,
2334 3920 2563 3990 hincque
2586 3918 3008 3974 consolationem
3037 3917 3317 3986 accipiant.
3371 3917 3448 3972 Ne
3482 3919 3659 3987 itaque

2083 4016 2186 4070 hac
2212 4012 2398 4083 frigida
2426 4026 2519 4081 spe
2545 4011 2768 4074 alamur;
2800 4006 3098 4062 consolatio
3119 4007 3311 4075 quippe
3338 4008 3423 4060 illa
3442 4023 3504 4062 ex
3524 4009 3671 4077 ejus-

2082 4108 2204 4162 dem
2261 4105 2387 4160 mali
2433 4103 2770 4158 consortibus
2820 4110 2969 4172 parta
2998 4142 3012 4166 ,
3063 4101 3115 4154 in
3158 4101 3412 4155 mediocri
3460 4110 3665 4156 tantmn

2084 4211 2321 4253 aerumna
2348 4198 2521 4251 locum
2547 4194 2745 4259 habet;
2786 4193 2999 4264 quando
3027 4202 3201 4245 autem
3231 4193 3400 4262 major
3433 4203 3513 4247 est
3540 4208 3668 4247 cru-

2084 4290 2273 4354 ciatus,
2296 4299 2349 4343 et
2377 4287 2627 4342 interiora
2654 4294 2731 4340 tot
2758 4285 3003 4339 fluctibus
3029 4285 3314 4353 agitantur,
3351 4295 3406 4337 ut
3435 4301 3500 4338 ne
3526 4289 3671 4354 seip—

2085 4397 2197 4437 sam
2231 4381 2397 4451 possit
2439 4381 2615 4435 anima
2659 4391 3003 4449 cognoscere,
3045 4375 3309 4431 undenam
3348 4378 3672 4433 consolatio-

2087 4488 2206 4530 nem
2228 4474 2490 4543 accipiet?

2158 4567 2211 4622 5.
2242 4564 2425 4636 Itaque
2460 4564 2683 4620 ridicula
2712 4574 2836 4620 sunt
2861 4565 2977 4621 haec
3006 4565 3182 4620 omnia
3212 4564 3371 4618 verba
3397 4605 3411 4629 ,
3449 4574 3501 4617 et
3528 4579 3657 4631 pue-

2087 4671 2268 4712 rorum
2298 4656 2659 4727 insipientium
2691 4655 2896 4711 fabulae.
2932 4656 3064 4711 Nam
3096 4656 3147 4710 id
3173 4698 3189 4724 ,
3226 4656 3365 4726 quod
3396 4654 3529 4708 dicis
3554 4696 3568 4719 ,
3616 4655 3665 4709 iu

2088 4761 2322 4805 mmrore
2350 4747 2601 4802 mediocri
2627 4748 2799 4801 locum
2832 4746 3031 4815 habet,
3074 4763 3193 4801 cum
3246 4746 3406 4800 alium
3436 4745 3666 4814 idipsum

2086 4842 2195 4913 pali
2224 4842 2495 4906 audimus;
2526 4839 2632 4893 imo
2658 4854 3054 4908 nonnumquam
3090 4854 3155 4892 ue
3192 4839 3243 4892 in
3286 4853 3517 4892 tumrm-c
3546 4840 3667 4906 qui-

2089 4935 2231 4999 dem;
2264 4934 2533 5002 multoque
2551 4932 2726 4986 minus
2752 4932 2803 4984 in
2831 4933 3064 4985 cruciatu
3092 4931 3183 4985 illo
3214 4931 3486 4997 ineffabili,
3512 4946 3669 5001 quem

2089 5025 2285 5080 stridor
2309 5023 2546 5077 dentium
2591 5022 2860 5091 exprimit.
2888 5022 3019 5076 Novi
3046 5031 3194 5077 certe
3224 5023 3337 5078 lia-c
3374 5024 3557 5078 dicens
3585 5038 3670 5074 me

2090 5117 2243 5172 vobis
2269 5115 2417 5169 oneri
2445 5129 2509 5168 ac
2538 5113 2710 5168 dolori
2736 5129 2856 5168 esse
2885 5132 2898 5168 :
2923 5113 3017 5168 sed
3056 5115 3183 5185 quid
3212 5115 3438 5169 faciam?
3468 5112 3668 5166 Vellem

2092 5224 2197 5264 non
2230 5209 2344 5262 haec
2367 5206 2565 5271 dicere,
2595 5206 2688 5262 sed
2715 5215 2770 5261 et
2794 5223 2880 5263 me
2899 5218 2954 5263 et
2977 5223 3074 5263 vos
3100 5224 3286 5263 omnes
3311 5208 3554 5260 virtutem
3581 5219 3675 5257 co-

2091 5304 2262 5359 lentes
2314 5302 2666 5371 conspicere:
2699 5301 2822 5370 quia
2874 5316 3001 5357 vero
3041 5302 3280 5371 plerique
3328 5306 3568 5350 nostrum
3618 5295 3669 5349 in

2092 5396 2325 5468 peccatis
2348 5394 2623 5463 dcgimus,
2656 5395 2774 5464 quis
2806 5395 2934 5448 milii
2963 5394 3205 5458 dederit,
3245 5400 3303 5444 ut
3332 5405 3424 5443 vos
3464 5404 3587 5441 vere
3619 5389 3673 5442 in

2091 5488 2329 5543 dolorem
2358 5487 2669 5555 conjiciam,
2715 5487 3120 5553 auditorumque
3160 5482 3391 5534 animum
3415 5481 3676 5549 tangam?

2094 5580 2242 5634 Tunc
2268 5579 2447 5649 utique
2475 5577 2632 5632 finem
2675 5575 2884 5631 dicendi
2908 5574 3156 5628 facerem.
3197 5574 3264 5626 At
3301 5587 3438 5625 nunc
3468 5574 3628 5625 timeo
3653 5612 3670 5635 ,

2150 5689 2177 5755 f
2201 5686 2564 5755 Graeceub‘lontf.
2589 5687 2664 5755 ἐπὶ
2687 5684 2940 5755 τῶν-τριῷν
2962 5682 3162 5755 παὶξων,
3180 5697 3307 5745 quae,
3327 5683 3441 5746 quia
3468 5681 3513 5731 in
3537 5682 3668 5746 Opti-

2097 5747 2192 5799 mis
2215 5748 2448 5799 subsidiis
2471 5750 2670 5806 desunt,
2694 5746 3024 5807 negleximus.
3046 5746 3175 5793 Eutr.
