4010 6128
311 267 418 321 465

312 395 378 432 ne
403 376 636 447 quipiam
661 373 802 429 dicta
823 379 1327 434 contemnant,neve
1353 368 1424 422 ob
1443 366 1768 422 audientium
1801 379 1893 418 ne-

309 467 614 537 gligentiam
644 465 816 534 majus
843 463 1158 532 supplicium
1185 460 1394 517 evadat.
1426 459 1608 530 Neque
1633 458 1775 512 enim
1807 455 1850 510 si
1877 497 1892 520 ,

311 559 442 612 hero
487 558 658 610 minas
704 558 998 609 intentante
1026 595 1042 620 ,
1074 568 1352 607 servorum
1389 552 1506 622 quis
1545 559 1892 616 contemnat,

309 654 527 718 impune
557 649 714 703 fuerit
736 689 750 709 .
782 648 888 700 imo
919 649 1032 700 ha'c
1063 645 1279 714 majoris
1306 643 1545 712 supplicii
1586 657 1743 696 causa
1771 643 1892 696 erit.

307 742 665 810 Quamobrem
695 754 827 808 rogo
848 780 862 801 ,
894 738 960 792 de
987 736 1225 806 gehenua
1270 735 1546 788 audientes
1567 748 1894 802 compunga-

310 849 445 885 lltttr.
481 831 622 885 Nihil
649 833 788 884 enim
815 830 1019 884 dulcius
1043 828 1143 882 hoc
1170 842 1440 888 sermone,
1473 826 1594 896 quia
1629 825 1790 880 rebus
1811 826 1892 894 ip-

310 928 383 979 sis
415 926 541 980 nihil
569 926 821 979 amarius.
854 923 919 976 Et
950 921 1217 990 quomodo
1246 921 1403 975 dulce
1429 919 1584 974 fuerit
1605 961 1622 985 ,
1655 917 1892 987 inquies,

304 1017 375 1069 de
397 1018 636 1086 gehenna
657 1015 878 1070 audire?
905 1016 1038 1082 Quia
1059 1013 1408 1083 iujucundum
1425 1022 1508 1068 cst
1524 1013 1574 1067 in
1595 1012 1894 1083 gehennam

308 1109 580 1172 incidere,
615 1107 754 1178 quod
785 1107 980 1160 malum
1028 1114 1277 1164 amovent
1306 1105 1466 1159 verba
1498 1103 1583 1158 illa
1609 1145 1624 1170 ,
1671 1120 1789 1174 qua:
1817 1104 1897 1158 vi-

309 1200 500 1254 dentur
523 1215 771 1264 onerosa;
792 1199 950 1252 aliam
971 1213 1098 1253 vero
1119 1204 1374 1268 przrstant
1391 1195 1736 1265 voluptatem,
1756 1194 1896 1264 quod

309 1292 558 1346 videlicet
597 1293 833 1346 animum
865 1299 1198 1356 convertant,
1231 1298 1284 1345 et
1314 1288 1383 1344 ad
1412 1289 1657 1357 pietatem
1711 1287 1896 1342 tradu-

309 1393 434 1438 cant
458 1425 470 1446 ,
511 1393 744 1438 mentem
778 1383 1140 1439 sublimiorem
1164 1424 1178 1447 ,
1227 1381 1565 1436 ratiocinium
1596 1380 1896 1450 expeditius

309 1476 581 1541 efficiant,
627 1492 657 1530 a
702 1475 1146 1544 concupiscentiis
1177 1473 1450 1528 obsessam
1477 1473 1709 1527 animam
1757 1472 1892 1526 libe-

302 1579 464 1622 reut:
497 1567 612 1623 luce
641 1583 767 1622 vere
795 1567 1056 1622 medicina
1095 1573 1197 1620 est.
1243 1565 1578 1634 Quapmpter
1617 1562 1897 1618 concedite

312 1659 440 1713 mihi
469 1669 525 1714 ut
568 1670 843 1728 postquam
869 1657 936 1712 de
963 1657 1222 1726 supplicio
1248 1656 1378 1722 dixi,
1401 1656 1468 1710 de
1504 1656 1704 1726 pudore
1735 1657 1893 1711 etiam

312 1768 374 1806 ac
399 1751 666 1806 dedecore
691 1751 886 1806 dicam.
923 1750 1057 1806 Nam
1088 1751 1225 1805 sicut
1250 1749 1493 1803 Ninivitae
1531 1758 1656 1803 tunc
1681 1748 1896 1804 Judzeos

309 1843 746 1897 condctunabunt
769 1884 783 1909 ,
813 1843 891 1898 sic
921 1853 974 1897 et
1002 1858 1099 1897 nos
1125 1842 1276 1896 multi
1307 1841 1742 1897 condemnabth
1762 1882 1776 1902 ,
1805 1842 1895 1911 qtti

308 1949 452 1987 ‘nune
481 1933 725 1988 videntur
763 1934 917 2004 longe
956 1933 1234 1988 inferiores
1268 1947 1408 1988 esse.
1441 1932 1743 2003 Cogitemus
1767 1947 1896 2002 ergo

302 2034 538 2094 quantus
560 2027 717 2091 risus,
740 2035 952 2095 quanta:
967 2024 1334 2080 damnationes
1357 2033 1516 2080 erunt
1543 2041 1556 2078 :
1579 2025 1893 2094 cogitemus,

317 2117 522 2170 initium
553 2115 828 2184 ducamus,
848 2116 1064 2186 januam
1094 2117 1394 2186 aperiamus
1417 2115 1483 2170 ad
1507 2117 1892 2184 paenitentiam.

313 2210 398 2264 Me
444 2211 614 2280 ipsum
662 2211 944 2279 alloquor,
994 2225 1080 2263 me
1129 2209 1357 2278 primum
1401 2209 1586 2262 hortor
1614 2225 1628 2261 :
1655 2223 1812 2262 nemo
1839 2217 1896 2262 ut

307 2301 594 2356 damnatus
641 2302 919 2356 irascatur.
969 2302 1258 2371 Angustam
1301 2299 1439 2354 viam
1480 2299 1753 2355 adeamus.
1789 2299 1896 2356 Us-

311 2405 522 2460 quequo
548 2389 797 2445 delicim?
836 2404 1111 2460 usquequo
1141 2389 1464 2444 oscitantia?
1511 2405 1616 2442 non
1642 2389 1899 2444 satiamur

313 2479 537 2542 desidia,
567 2480 820 2544 ridentes,
854 2480 1330 2550 procrastiuantes?
1357 2479 1436 2535 An
1464 2479 1650 2536 eadem
1682 2495 1899 2550 semper

312 2578 490 2632 erunt,
514 2585 718 2636 mensa,
746 2571 962 2626 satietas
983 2612 997 2635 ,
1027 2570 1437 2640 sumptuositas,
1467 2571 1706 2640 pecunia:
1724 2614 1738 2637 ,
1768 2586 1895 2641 pos-

316 2661 583 2715 sessiones
605 2702 620 2726 ,
649 2661 911 2716 aediﬁcia?
943 2661 1136 2731 Ecquis
1164 2676 1351 2716 eorum
1382 2661 1550 2716 finis?
1578 2661 1738 2717 Mors.
1769 2662 1900 2730 Quis

317 2753 472 2806 linis?
495 2753 661 2819 Cinis,
692 2755 880 2822 pulvis,
907 2754 1086 2819 loculi,
1109 2768 1336 2808 vermes.
1365 2752 1564 2808 Novam
1584 2769 1714 2826 ergo
1737 2756 1898 2810 vitam

317 2843 664 2898 exhibeamus
697 2862 710 2896 :
741 2843 994 2898 faciamus
1035 2853 1227 2898 terram
1274 2843 1504 2899 cadum:
1539 2843 1664 2899 hinc
1715 2855 1898 2901 osten-

319 2935 509 2988 damus
535 2934 820 3004 gentilibus
845 2945 974 3004 quot
1000 2944 1216 2990 careant
1245 2935 1420 2990 bonis.
1465 2935 1596 2990 Nam
1641 2951 1762 2991 cum
1807 2953 1904 2992 nos

319 3023 574 3078 videbunt
599 3031 743 3079 recte
769 3025 928 3078 vitam
957 3033 1198 3094 agentes,
1231 3025 1420 3079 eodem
1443 3034 1662 3094 aspectu
1681 3042 1901 3097 regnum

317 3116 578 3170 cadet-um
613 3117 962 3185 conspicient.
1016 3115 1146 3170 Cum
1190 3131 1289 3170 nos
1327 3117 1557 3172 viderint
1587 3119 1862 3176 modestos
1889 3163 1904 3187 ,

321 3221 518 3260 vacuos
559 3207 654 3270 ira,
683 3208 1111 3277 concupiscentia
1137 3208 1297 3274 mala,
1328 3208 1543 3272 invidia,
1567 3211 1814 3276 avaritia,
1853 3213 1906 3267 in

322 3297 669 3367 omnibusque
698 3298 917 3368 probos,
946 3298 1160 3354 dicent:
1184 3298 1238 3354 Si
1275 3298 1360 3353 hic
1383 3299 1558 3370 angeli
1594 3300 1729 3357 ﬁunt
1757 3302 1908 3358 Citri-

327 3389 508 3455 stiani,
539 3389 722 3458 quales
751 3399 908 3444 erunt
929 3399 1050 3458 post
1072 3405 1346 3447 excessum
1374 3408 1440 3446 ex
1467 3392 1566 3447 hac
1589 3393 1730 3448 vita?
1757 3395 1800 3449 si
1820 3397 1908 3452 ubi

325 3480 591 3548 peregrini
618 3489 776 3546 sunt,
811 3481 878 3534 ita
908 3481 1144 3550 fulgent,
1190 3497 1312 3536 cum
1341 3483 1565 3552 patriam
1613 3485 1906 3555 recipient,

325 3573 508 3640 quales
529 3573 729 3626 erunt?
757 3572 844 3628 Sic
872 3581 927 3627 et
956 3574 1030 3628 illi
1059 3574 1306 3628 meliores
1333 3575 1580 3642 evadent,
1609 3589 1663 3633 et
1699 3580 1910 3648 pietatis

327 3677 505 3716 sermo
525 3673 721 3726 curret,
743 3678 848 3717 non
867 3665 1040 3717 minus
1060 3679 1217 3733 quam
1239 3666 1603 3733 apostolorum
1620 3683 1752 3723 (evo.
1777 3669 1910 3724 Nam

327 3750 371 3802 si
405 3750 478 3804 illi
509 3765 630 3805 cum
658 3751 936 3807 duodecim
958 3753 1130 3807 solum
1154 3764 1352 3820 essent,
1387 3757 1626 3812 civitates
1657 3759 1911 3829 integras,

328 3841 678 3911 regionesque
701 3853 1102 3910 converterunt;
1135 3845 1178 3899 si
1207 3861 1398 3900 omnes
1425 3863 1491 3902 ex
1523 3858 1767 3903 accurata
1789 3850 1915 3905 vita:

331 3933 536 3988 ratione
561 3933 810 3990 doctores
837 3934 1153 4002 efficiamur,
1177 3939 1349 4007 COgila
1381 3948 1631 4007 quautam
1656 3940 1722 3994 ad
1752 3942 1914 3996 subli-

331 4023 569 4078 mitatem
600 4035 780 4080 nostra
806 4027 914 4081 sint
942 4043 1246 4083 ascensura.
1283 4029 1466 4098 Neque
1489 4031 1633 4084 enim
1659 4032 1910 4101 gentilcm

1055 259 1113 314 S.
1152 255 1429 313 JOANNIS
1464 248 1938 310 CIIRYSOSTOMI
1977 247 2294 306 ARClllEP.
2334 246 2874 336 CONSTANTINOP.

3481 251 3586 306 “il

2004 362 2082 417 sic
2115 345 2332 418 attrahit
2363 372 2604 418 mortuus
2629 363 2992 428 redivivus,ut
3014 361 3094 415 vir
3114 361 3480 432 philosophice
3508 365 3590 418 vi-

2001 471 2152 510 vens.
2204 456 2284 510 Ad
2333 456 2462 510 illud
2494 458 2634 510 enim
2684 455 3044 526 spectaculum
3083 455 3317 525 stupebit
3341 497 3354 521 ,
3384 457 3453 511 ab
3484 457 3589 512 hoc

1999 555 2175 600 autem
2206 545 2409 599 lucrum
2435 545 2608 600 faciet.
2638 545 2771 599 illud
2794 545 2989 599 factum
3017 534 3117 610 est,
3146 555 3200 600 et
3231 546 3462 611 transiit;
3485 545 3589 601 hoc

2002 647 2196 704 manet,
2230 650 2282 692 et
2306 653 2518 708 semper
2546 639 2685 692 illius
2715 639 2946 692 animam
2983 638 3195 692 excolit.
3230 636 3424 692 Curam
3455 653 3585 708 ergo

2003 731 2171 784 nostri
2208 746 2448 800 agamus,
2477 741 2532 784 ut
2559 741 2612 785 et
2642 730 2762 784 illos
2787 731 3074 784 lucremur.

2083 819 2251 874 Virtus
2279 823 2329 874 in
2351 822 2486 874 omni
2514 821 2796 874 conditione
2831 820 2930 873 coli
2962 819 3360 889 potest.—Nihil
3388 835 3589 876 onero-

2001 927 2116 965 sum
2147 913 2335 982 loquor
2365 930 2379 966 :
2409 928 2512 967 non
2535 913 2672 975 dico,
2707 911 2783 967 Ne
2813 927 3032 966 uxorem
3063 911 3228 966 ducas
3252 952 3266 973 ,
3299 912 3460 966 urbes
3495 927 3556 967 re
3575 943 3588 953 -

2002 1003 2200 1070 linque,
2229 1018 2258 1055 a
2286 1003 2447 1058 rebus
2489 1003 2704 1057 urbanis
2736 1012 2788 1058 te
2818 1017 3036 1058 remove
3071 1021 3083 1055 :
3117 1002 3232 1066 sed,
3268 1002 3322 1056 In
3352 1003 3437 1056 his
3463 1017 3588 1057 ver-

2001 1110 2124 1149 sans
2151 1096 2394 1151 virtutem
2427 1096 2640 1152 exhibe.
2673 1097 2881 1152 Mallem
2908 1096 3107 1166 quippe
3145 1110 3242 1150 eos
3269 1096 3358 1166 qui
3395 1097 3446 1150 in
3474 1113 3591 1151 me-

2003 1185 2108 1240 diis
2137 1186 2353 1242 urbibus
2381 1199 2662 1243 versantur
2694 1189 2889 1243 virtute
2921 1187 3115 1244 florere
3135 1230 3150 1255 ,
3183 1203 3341 1258 quam
3373 1203 3472 1244 eos
3496 1190 3587 1260 qui

2001 1288 2212 1334 montes
2236 1288 2515 1348 occupant.
2541 1278 2751 1347 Quare?
2775 1279 2910 1348 Quia
2941 1279 3064 1334 hinc
3091 1280 3312 1334 multum
3334 1281 3465 1334 lucri
3493 1295 3586 1335 ac-

1999 1373 2159 1427 cedit.
2193 1371 2357 1426 Nemo
2386 1374 2525 1426 enim
2555 1373 2812 1427 lucernam
2844 1373 3086 1437 accendit,
3114 1382 3159 1427 et
3186 1373 3327 1443 ponit
3355 1390 3468 1427 eam
3496 1375 3589 1428 sub

1999 1465 2168 1518 modio
2194 1463 2404 1534 (Matth.
2439 1464 2492 1518 5.
2527 1465 2636 1534 15).
2671 1464 2875 1519 Idcirco
2905 1465 3094 1519 vellem
3125 1479 3315 1520 omnes
3340 1465 3588 1520 lucernas

1999 1569 2156 1622 supra
2183 1554 2497 1609 candelabra
2520 1571 2660 1619 esse,
2689 1563 2745 1609 ut
2767 1556 2930 1610 multa
2954 1557 3040 1610 lux
3069 1555 3453 1611 effunderetur.
3485 1559 3589 1612 Ac-

1999 1645 2288 1701 cendamus
2328 1647 2505 1715 itaque
2535 1647 2710 1717 ignem
2745 1647 2914 1712 illum,
2956 1647 3007 1701 id
3035 1646 3328 1702 efficiamus
3353 1658 3410 1702 ut
3439 1648 3471 1702 ii
3499 1649 3588 1716 qui

2001 1739 2054 1793 in
2082 1739 2315 1794 tenebris
2345 1739 2536 1794 sedent
2560 1781 2574 1802 ,
2603 1739 2670 1794 ab
2691 1755 2874 1793 errore
2898 1739 3206 1794 liberentur.
3241 1738 3320 1793 Ne
3351 1739 3478 1793 mihi
3505 1739 3590 1794 di-

2000 1845 2090 1884 cas
2119 1846 2132 1881 :
2161 1828 2391 1884 Uxorem
2417 1830 2608 1893 habeo,
2651 1830 2810 1893 ﬁlios,
2833 1830 3072 1891 domum,
3103 1845 3201 1885 nec
3229 1844 3446 1899 possum
3475 1830 3591 1886 hinc

2000 1930 2271 1990 praestare.
2299 1921 2519 1976 Etiamsi
2544 1921 2684 1976 enim
2713 1922 2899 1976 horum
2930 1921 3056 1976 nihil
3075 1921 3320 1986 haberes,
3341 1923 3382 1976 si
3411 1922 3592 1992 segnis

1999 2015 2349 2078 esses,omnia
2367 2015 2564 2082 pariter
2583 2015 2951 2078 abscederent;
2972 2015 3014 2070 si
3039 2015 3155 2069 haec
3169 2015 3345 2069 omnia
3368 2015 3588 2080 habeas,

1999 2116 2352 2180 strenuusque
2381 2109 2455 2164 sis
2481 2119 2642 2178 atque
2669 2107 2897 2178 probus,
2928 2108 3178 2161 virtutem
3208 2109 3372 2162 coles.
3405 2107 3582 2163 Unum

1999 2199 2254 2270 quaeritur
2284 2240 2298 2264 ,
2339 2199 2530 2252 anima:
2559 2212 2832 2268 generosa:
2864 2197 3112 2251 alacritas
3141 2213 3154 2249 :
3184 2205 3239 2251 et
3283 2212 3384 2252 nec
3415 2207 3546 2253 :etas
3565 2239 3583 2266 ,

2000 2306 2101 2346 nec
2129 2300 2411 2360 paupertas
2433 2330 2448 2355 ,
2477 2305 2577 2345 nec
2606 2289 2802 2344 divitiae
2827 2330 2842 2355 ,
2891 2303 2989 2343 nec
3017 2289 3182 2344 moles
3213 2288 3546 2359 negotiorum
3573 2330 3591 2355 ,

1999 2382 2086 2436 vel
2115 2381 2400 2452 quidquam
2425 2382 2591 2448 aliud,
2620 2381 3001 2450 impedimento
3032 2389 3212 2435 erunt.
3240 2380 3373 2435 Nam
3401 2395 3583 2450 senes,

1996 2473 2240 2543 juvenes,
2269 2473 2555 2544 conjugati,
2591 2473 2788 2528 liberos
2815 2473 3124 2540 etlucautes,
3152 2473 3408 2539 artifices,
3447 2473 3591 2527 mili-

2003 2575 2104 2634 tes,
2133 2575 2394 2637 praecepta
2423 2567 2599 2621 omnia
2631 2566 3007 2636 impleverunt.
3041 2566 3252 2621 Etenim
3299 2565 3484 2622 Daniel
3504 2566 3594 2636 ju-

2002 2659 2154 2714 venis
2175 2668 2290 2714 erat
2309 2701 2322 2724 ,
2350 2658 2547 2729 Ioseph
2575 2674 2762 2714 servus
2785 2701 2801 2726 ,
2847 2659 3034 2728 Aquila
3063 2667 3234 2712 artem
3257 2658 3543 2714 exercebat
3569 2697 3585 2718 ο

2005 2752 2318 2822 purpuraria
2348 2752 2425 2822 (a)
2455 2750 2683 2806 officina:
2711 2760 2958 2821 praeerat,
2989 2749 3126 2803 alius
3154 2759 3338 2804 custos
3357 2750 3596 2805 carceris

2006 2853 2140 2908 erat,
2178 2844 2316 2897 alius
2345 2843 2609 2907 centurio,
2643 2851 2700 2895 ut
2726 2839 3454 2902 Cornelius;aliusinﬁrmus
3478 2881 3491 2901 ,
3537 2846 3600 2894 ut

2006 2933 2356 2996 Timotheus;
2406 2933 2542 2987 alius
2571 2931 2820 3002 fugitivus
2845 2973 2859 2996 ,
2894 2941 2950 2986 ut
2979 2931 3298 2986 Onesimus:
3328 2929 3426 2984 sed
3457 2930 3600 2985 nihil

2011 3026 2202 3081 horum
2231 3025 2459 3094 cuipiam
2488 3039 2673 3079 eorum
2699 3023 2891 3089 obfuit,
2922 3024 3052 3094 quin
3081 3032 3224 3078 recte
3250 3023 3410 3076 vitam
3438 3022 3603 3077 insti-

2012 3128 2238 3183 tuerent,
2270 3129 2323 3174 et
2341 3118 2566 3188 juvenes
2591 3127 2644 3172 et
2665 3133 2822 3172 senes
2843 3159 2858 3181 ,
2891 3126 2945 3172 et
2978 3118 3118 3172 servi
3162 3125 3216 3171 et
3243 3117 3415 3181 liberi,
3444 3117 3588 3172 mili—

2015 3221 2092 3265 tes
2137 3219 2192 3266 et
2217 3212 2414 3266 idiotze.
2448 3210 2524 3264 Ne
2551 3211 2728 3278 itaque
2770 3224 2938 3264 vanos
2964 3224 3268 3279 quaeramus
3305 3209 3558 3264 obtentus
3582 3251 3600 3277 ,

2013 3301 2106 3356 sed
2138 3302 2464 3371 propositum
2509 3301 2797 3354 voluntatis
2825 3315 3072 3368 paremus
3101 3299 3383 3369 optimum.
3411 3299 3602 3369 Cujus-

2013 3397 2092 3450 vis
2121 3395 2440 3450 conditionis
2478 3393 2665 3461 simus,
2695 3394 2940 3447 virtutem
2977 3393 3194 3446 omnino
3221 3406 3563 3462 capessamus
3583 3433 3601 3457 ,

2016 3497 2070 3541 et
2113 3489 2282 3540 futura
2327 3500 2720 3554 consequamur
2763 3485 2898 3540 bona
2925 3525 2940 3550 ,
2981 3484 3151 3554 gratia
3183 3495 3238 3538 et
3277 3484 3606 3553 benignitate

2017 3576 2226 3631 Domini
2277 3577 2443 3629 nostri
2473 3575 2597 3629 .lesu
2627 3573 2847 3640 Christi,
2883 3575 3096 3645 quicum
3131 3573 3273 3629 Patri
3302 3583 3357 3630 et
3380 3573 3603 3644 Spiritui

2018 3677 2202 3722 sancto
2227 3667 2391 3737 gloria
2420 3676 2471 3722 et
2511 3666 2790 3736 imperium
2816 3707 2830 3730 ,
2882 3666 3051 3720 honor
3091 3680 3233 3721 nunc
3269 3673 3325 3720 et
3351 3680 3563 3736 semper
3585 3706 3603 3732 ,

2019 3769 2074 3816 et
2099 3761 2150 3814 in
2176 3762 2368 3816 szncula
2385 3760 2722 3815 saeculorum.
2750 3761 2942 3814 Arnen.

2020 3983 2179 4095 ιον(αῶ
2191 3983 2476 4094 ιίιᾶνρὶιῖἓΐίθ
2501 3983 2580 4032 illa
2603 3983 2910 4047 Thyatirena,
2929 3981 2993 4032 de
3017 3994 3113 4044 qua
3129 3983 3178 4030 in
3202 3983 3397 4032 Actibus
3417 3989 3605 4046 aposto-

2097 4060 2128 4095 u
2266 4082 2280 4095 .
2373 4082 2385 4093 .

2097 4060 2179 4096 um
2202 4060 2280 4107 ιο,
2308 4060 2385 4094 Μ.

1443 4236 1821 4300 HOMIILIA
1867 4241 2088 4304 XLIV.
2137 4244 2222 4306 al.
2261 4244 2455 4304 XLV.

331 4378 460 4433 Car.
493 4376 577 4431 12.
615 4392 664 4430 v.
698 4377 788 4432 46.
840 4377 1016 4430 Adhuc
1051 4386 1219 4430 autem
1249 4395 1305 4430 eo
1333 4379 1562 4448 loquente
1603 4379 1672 4433 ad
1711 4381 1906 4445 turbas,

405 4487 516 4524 ecce
539 4479 697 4524 mater
726 4479 773 4523 et
799 4473 983 4540 fratres
1009 4473 1118 4540 ejus
1145 4470 1342 4523 stabant
1373 4472 1499 4542 foris
1520 4514 1534 4537 ,
1567 4485 1844 4540 quaerentes
1869 4475 1916 4529 ei

405 4564 561 4632 loqui.
592 4564 682 4618 47.
717 4562 865 4616 Dixit
902 4572 1070 4616 autent
1099 4563 1305 4632 quidam
1335 4564 1379 4616 ei
1421 4579 1439 4618 :
1485 4563 1620 4618 Ecce
1648 4575 1806 4620 mater
1833 4578 1920 4621 tua

405 4667 451 4709 et
497 4658 680 4726 fratres
728 4656 800 4708 tui
828 4655 956 4724 foris
1001 4664 1164 4720 stant,
1195 4665 1474 4724 quazrentet:
1519 4655 1609 4710 tibi
1639 4655 1793 4725 loqui.
1825 4657 1912 4713 48.

413 4749 436 4803 1
445 4767 532 4819 pse
586 4761 753 4804 autem
808 4750 1118 4821 respondens
1169 4750 1355 4804 dicenti
1379 4751 1474 4806 sibi
1524 4752 1636 4808 ait:
1671 4751 1798 4818 Quae
1847 4764 1920 4808 est

413 4853 574 4896 mater
594 4861 725 4909 mea,
749 4854 794 4899 et
817 4845 903 4915 qui
927 4854 1046 4899 sunt
1067 4849 1248 4916 fratres
1281 4845 1421 4900 mei?
1443 4843 1532 4900 49.
1558 4844 1625 4900 Et
1649 4845 1922 4901 extendens

411 4952 618 4990 manum
656 4935 708 4989 in
751 4938 1027 5007 discipulos
1055 4954 1194 5004 suos,
1221 4938 1350 4993 dixit
1381 4954 1401 4994 :
1441 4936 1577 4993 Ecce
1617 4947 1776 4994 mater
1811 4955 1924 4994 mea

414 5037 462 5080 et
491 5029 678 5096 fratres
706 5026 822 5078 mei.

415 5120 468 5174 1.
499 5117 652 5186 Quod
687 5133 857 5186 nuper
885 5119 1125 5174 dicebam
1155 5121 1272 5175 sine
1299 5121 1497 5176 virtute
1517 5122 1696 5176 omnia
1725 5137 1921 5190 supcr-

341 5211 443 5264 flua
471 5225 610 5271 esse.
646 5209 749 5264 hoc
777 5225 916 5265 nunc
943 5210 1280 5277 apertissime
1308 5212 1728 5268 demonstratur.
1763 5213 1925 5268 Dice-

342 5304 464 5357 bam
505 5318 640 5372 ego,
674 5311 886 5357 artatem
909 5343 924 5369 ,
959 5310 1240 5367 naturam,
1269 5304 1466 5358 deserti
1518 5305 1922 5371 habitationem,

340 5407 644 5467 caeteraque
673 5397 976 5466 hujusmodi
1003 5397 1205 5451 inutilia
1235 5411 1375 5460 esse,
1398 5398 1442 5453 si
1471 5398 1764 5452 voluntatis
1793 5413 1921 5467 pro-

344 5489 575 5556 positum
609 5505 714 5543 non
743 5490 815 5545 sit
852 5491 1050 5546 bonum
1081 5508 1092 5544 :
1124 5489 1284 5545 hodie
1320 5505 1449 5544 vero
1472 5490 1672 5560 aliquid
1698 5491 1928 5560 amplius

342 5580 597 5635 discimus
620 5624 634 5646 ,
666 5598 734 5636 ne
759 5583 972 5651 quidem
1001 5584 1268 5638 Christum
1299 5583 1575 5654 peperisse
1616 5591 1669 5636 et
1713 5582 1927 5636 mirabi-

346 5670 504 5725 bilem
530 5673 675 5727 illum
710 5684 915 5744 partum
950 5675 1204 5745 edidisse,
1230 5675 1428 5746 aliquid
1457 5674 1700 5731 utilitatis
1729 5673 1926 5728 habere

2023 4387 2138 4441 sine
2167 4387 2382 4442 virtute.
2417 4386 2473 4441 ld
2504 4401 2632 4442 vero
2662 4386 2784 4440 hinc
2811 4387 3038 4440 maxime
3065 4385 3318 4457 liquidum
3336 4397 3419 4442 est
3446 4405 3457 4440 :
3487 4404 3606 4446 nam

2027 4478 2157 4533 dicit
2190 4497 2202 4532 :
2227 4479 2407 4532 Adhuc
2435 4495 2492 4532 eo
2523 4479 2755 4548 loquente
2779 4477 2848 4531 ad
2871 4477 3080 4544 turbas,
3115 4478 3246 4532 dixit
3280 4479 3488 4548 quidam
3518 4481 3564 4533 ei
3587 4498 3605 4535 :

2027 4570 2195 4624 Mater
2245 4579 2333 4623 tua
2368 4579 2416 4623 et
2463 4569 2647 4639 fratres
2681 4569 2755 4622 tui
2795 4579 3025 4639 quarunt
3070 4580 3134 4622 te.
3185 4568 3284 4622 Ille
3307 4586 3422 4623 vero
3461 4571 3608 4634 dixit,

2031 4663 2158 4728 Qua:
2202 4673 2273 4717 est
2308 4672 2467 4716 mater
2497 4679 2626 4726 mea,
2659 4672 2705 4716 et
2739 4663 2822 4732 qui
2852 4677 2970 4716 sunt
2993 4666 3176 4734 fratres
3215 4663 3350 4716 mei?
3379 4663 3493 4718 Hoc
3516 4679 3611 4716 au-

2029 4763 2135 4810 tem
2163 4755 2392 4822 diccbat,
2427 4769 2532 4809 non
2559 4754 2701 4826 quod
2729 4755 2798 4809 de
2837 4765 3008 4809 matre
3039 4755 3305 4824 puderet,
3336 4772 3434 4810 nec
3471 4757 3611 4826 quod

2027 4845 2341 4916 genitricem
2403 4855 2665 4916 negaret:
2699 4846 2742 4900 si
2776 4845 2919 4900 enim
2961 4845 3012 4900 id
3063 4846 3138 4900 illi
3185 4847 3370 4916 pudori
3404 4847 3607 4911 fuisset,

2031 4953 2136 4992 non
2164 4954 2258 5006 per
2283 4947 2493 4993 uterum
2523 4937 2668 4991 illum
2699 4938 3011 5003 transisset;
3053 4937 3148 4992 sed
3180 4947 3237 4992 ut
3261 4938 3570 4994 Ostenderct
3593 4979 3609 5000 .

2030 5031 2158 5085 nihil
2202 5031 2324 5085 hinc
2369 5031 2524 5084 matri
2555 5030 2796 5085 utilitatis
2864 5041 3240 5099 proventurum
3285 5029 3468 5092 fuisse.
3511 5031 3609 5084 nisi

2029 5133 2294 5192 praecepta
2349 5122 2529 5176 omnia
2578 5131 2866 5177 servasset.
2914 5123 3046 5177 Nam
3089 5123 3232 5192 quod
3269 5124 3358 5178 illa
3398 5123 3521 5178 fecit
3545 5140 3610 5178 ex

2029 5214 2320 5267 ambitione
2343 5213 2785 5283 proﬁciscebatur
2814 5229 2826 5266 :
2857 5215 3072 5269 volebat
3097 5215 3238 5269 enim
3270 5216 3467 5283 populo
3492 5229 3612 5269 sese

2029 5313 2302 5358 ostentare
2321 5320 2382 5358 ac
2403 5305 2444 5358 si
2471 5305 2760 5374 imperaret
2779 5305 2907 5370 ﬁlio,
2931 5305 2998 5360 de
3021 5321 3126 5375 quo
3148 5305 3280 5360 nihil
3308 5306 3479 5360 adhuc
3501 5322 3612 5359 ma~

2032 5411 2192 5465 gnum
2218 5395 2624 5464 imaginabatur,
2643 5396 2871 5466 ideoque
2897 5396 3201 5464 importune
3228 5396 3614 5452 accessit.Vide

2033 5504 2161 5558 ergo
2187 5498 2242 5544 et
2270 5489 2386 5559 ejus
2413 5498 2467 5544 et
2509 5488 2730 5544 fratrum
2773 5492 3151 5560 arrogantiam.
3179 5488 3310 5545 Cum
3342 5499 3611 5560 oporteret

2031 5580 2174 5634 enim
2207 5580 2476 5650 ingressos
2519 5581 2703 5636 audire
2738 5596 2860 5635 cum
2902 5583 3074 5646 turba,
3104 5583 3183 5636 vel
3225 5584 3266 5635 si
3310 5581 3360 5635 id
3390 5582 3607 5645 nollent,

2031 5684 2342 5742 exspectare
2371 5673 2644 5730 concionis
2673 5674 2852 5744 finem,
2882 5686 2935 5730 et
2957 5685 3082 5730 tunc
3110 5673 3392 5739 accedere,
3418 5689 3448 5726 a
3481 5672 3609 5727 furis
