4010 6128
366 223 547 285 ιϐὅ-

363 346 557 393 voeant
579 354 698 392 cum
728 339 779 393 in
801 348 1090 408 conspectu
1118 338 1375 403 omnium,
1395 336 1821 407 superfluamque
1844 354 1935 392 cx-

362 430 543 485 hibent
574 431 915 486 ambitionem
938 469 954 493 ,
984 440 1040 484 ut
1064 429 1368 495 ostendant,
1405 443 1464 483 se
1494 429 1567 482 illi
1599 444 1783 499 magna
1814 444 1934 484 cum

361 531 628 592 potestate
673 522 958 582 imperare.
1006 522 1157 589 Quod
1206 523 1364 576 etiam
1413 523 1735 591 evangelista
1786 523 1935 577 incu-

354 613 524 667 sando
549 611 823 677 declarat;
857 613 958 667 hoc
994 611 1165 681 ipsum
1197 614 1339 668 enim
1389 611 1728 667 subindicans
1755 611 1884 666 dixit
1917 629 1929 665 :

354 704 534 757 Adhuc
577 720 633 757 eo
676 704 903 771 loqueme
949 704 1017 757 ad
1048 703 1258 767 turbas;
1299 717 1362 757 ac
1401 703 1444 757 si
1474 703 1712 758 diceret:
1741 705 1929 757 Annon

355 797 501 851 aliud
536 807 742 866 tempus
766 798 920 851 erat?
947 811 1125 851 annon
1152 806 1396 864 poterant
1428 797 1656 850 seorsim
1687 796 1931 865 alloqui?

350 880 676 958 Quidporro
719 888 861 958 loqui
905 888 1196 943 volebant?
1226 888 1356 941 Nam
1392 888 1436 941 si
1466 887 1533 942 de
1565 888 1786 942 veritate
1828 887 1929 941 do-

351 983 538 1036 ctrina:
585 981 777 1037 dicturi
825 991 1012 1047 erant,
1040 980 1154 1037 hcce
1182 983 1352 1050 palam
1384 990 1434 1035 et
1477 998 1655 1036 coram
1686 983 1930 1037 omnibus

352 1073 596 1141 proferre
620 1075 891 1143 oportuit,
923 1072 989 1127 ad
1029 1072 1255 1126 aliorum
1298 1089 1509 1143 quoque
1533 1075 1811 1129 utilitatem
1839 1090 1853 1138 ;
1881 1076 1925 1129 si

346 1165 415 1219 dc
437 1166 552 1219 aliis
578 1166 642 1218 ad
675 1181 761 1220 res
790 1181 912 1220 suas
943 1166 1327 1233 spectantibus,
1360 1182 1463 1220 non
1496 1168 1574 1221 sic
1606 1169 1805 1223 instare
1835 1185 1927 1239 par

346 1263 482 1308 erat.
511 1255 639 1309 Nam
666 1258 710 1310 si
739 1257 811 1309 illi
841 1264 1044 1324 patrem
1076 1257 1306 1326 sepelire
1338 1274 1441 1312 non
1485 1261 1725 1327 permisit
1751 1277 1816 1316 ne
1841 1278 1927 1317 se-

344 1344 436 1413 qui
465 1359 525 1398 se
556 1346 927 1401 intermitteret
959 1365 973 1400 :
1005 1348 1172 1401 multo
1203 1351 1375 1403 minus
1419 1351 1730 1405 concionem
1780 1369 1926 1407 rum-

347 1449 473 1502 pere
498 1434 684 1490 debuit
706 1452 800 1505 pro
826 1437 985 1491 rebus
1025 1438 1222 1492 nullius
1248 1442 1522 1493 momenti.
1544 1441 1719 1507 Quare
1751 1444 1920 1511 palam

342 1544 444 1598 est,
477 1550 569 1589 eos
597 1535 769 1587 solum
796 1550 861 1589 ex
890 1550 1019 1589 vana
1061 1536 1227 1605 gloria
1259 1536 1382 1590 illud
1427 1538 1640 1606 egisse;
1672 1540 1812 1608 quod
1844 1541 1918 1593 si-

339 1628 598 1696 gnificans
639 1628 870 1682 Joannes
903 1628 1113 1683 dicebat
1146 1645 1162 1683 :
1210 1627 1386 1693 Neque
1410 1633 1591 1700 fratres
1615 1633 1723 1702 ejus
1751 1632 1921 1685 credo-

339 1720 458 1772 bant
480 1720 529 1773 in
561 1736 672 1773 eum
702 1718 899 1791 (Joan.
929 1722 980 1773 7.
1007 1719 1106 1790 5);
1139 1722 1453 1793 illorumquc
1478 1722 1619 1777 dicta
1646 1723 1920 1779 refcrtad-

338 1810 554 1864 modmn
605 1810 809 1876 insana,
840 1811 1029 1866 dicens
1061 1813 1204 1882 ipsos
1249 1813 1474 1868 traxisse
1518 1814 1662 1867 illum
1706 1813 1918 1869 Jeroso-

335 1900 557 1969 lymam,
588 1917 694 1954 non
725 1902 793 1955 ob
813 1902 971 1956 aliam
993 1917 1228 1970 causam,
1258 1919 1416 1972 quam
1443 1913 1499 1958 ut
1518 1919 1581 1958 ex
1611 1904 1726 1973 ejus
1752 1906 1916 1975 signis

330 1993 558 2059 gloriam
605 2000 887 2061 captarent
930 2011 941 2045 :
987 2008 1108 2047 nam
1164 1993 1450 2063 inquiunt,
1513 1994 1573 2048 Si
1621 1996 1728 2048 lucc
1765 1996 1911 2066 facis,

330 2082 539 2136 ostende
576 2084 793 2153 teipsum
833 2085 1022 2137 mundo
1049 2102 1068 2137 :
1100 2101 1243 2138 nemo
1283 2086 1469 2154 quippe
1491 2085 1545 2139 in
1571 2085 1765 2139 occulto
1794 2087 1916 2156 quid

330 2174 481 2244 facit,
514 2185 559 2227 et
580 2175 758 2244 quierit
780 2175 888 2244 ipse
915 2176 1085 2243 palam
1110 2176 1262 2247 ﬁeri(
1291 2174 1431 2229 Ibid.
1459 2192 1507 2229 v.
1540 2177 1620 2246 4);
1653 2177 1764 2245 ipse
1786 2193 1914 2231 vero

329 2263 453 2316 illos
495 2265 819 2334 increpavit,
865 2266 1133 2320 carnalem
1167 2266 1374 2320 illorum
1405 2267 1626 2336 culpans
1653 2268 1909 2324 animum.

328 2354 465 2419 Quia
490 2356 630 2409 enim
661 2355 827 2409 Judzei
859 2356 1250 2423 exprobrantes
1280 2357 1380 2426 ipsi
1405 2358 1690 2413 dicebant:
1726 2358 1913 2414 Nonne

329 2445 411 2497 hic
432 2454 500 2498 est
526 2445 657 2515 fabri
682 2446 838 2514 ﬁlius,
859 2447 1005 2516 cujus
1036 2463 1127 2500 nos
1154 2448 1339 2501 scimus
1365 2458 1560 2518 patrem
1588 2458 1635 2502 et
1662 2452 1911 2505 matrem?

327 2550 375 2592 et
404 2540 586 2609 fratres
614 2541 722 2610 ejus
768 2557 936 2594 nonne
974 2542 1112 2609 apud
1144 2558 1237 2595 nos
1263 2551 1378 2595 sunt
1408 2542 1426 2611 (
1468 2540 1657 2598 Matth.
1704 2544 1790 2598 15.
1817 2544 1905 2598 55.

326 2631 433 2691 56;
475 2631 636 2685 Marc.
668 2632 719 2686 6.
751 2633 848 2703 '5)?
872 2633 1260 2701 ignobilitatem
1287 2635 1500 2703 generis
1526 2635 1905 2703 vituperantes,

327 2732 609 2793 propterea
654 2725 822 2792 ipsum
866 2724 932 2778 ad
976 2725 1249 2793 signorum
1296 2725 1710 2779 ostentationem
1741 2741 1902 2779 voca-

324 2817 455 2870 bant
484 2832 497 2868 :
533 2816 651 2869 ideo
682 2817 824 2884 ipsos
862 2816 1098 2885 depellit,
1120 2818 1305 2870 volens
1327 2817 1395 2870 ab
1423 2816 1523 2870 hac
1556 2817 1718 2870 animi
1747 2818 1907 2887 aegri-

325 2909 506 2961 tudine
533 2908 757 2961 liberare
787 2926 798 2960 :
824 2909 912 2978 qui
943 2909 985 2961 si
1006 2916 1226 2962 matrem
1257 2923 1451 2976 negare
1477 2908 1751 2970 voluisset,
1779 2917 1905 2964 tunc

326 3010 588 3068 negasset,
612 3015 732 3052 cum
760 2999 810 3052 id
830 3000 925 3070 ipsi
941 2999 1110 3055 Judmi
1137 3000 1423 3069 opprobrio
1446 3009 1727 3056 verterent.
1754 3002 1906 3059 Nunc

323 3102 503 3145 autem
533 3101 732 3146 tantam
767 3093 883 3160 ejus
921 3108 1102 3147 curam
1148 3094 1384 3158 exhibet,
1417 3103 1477 3147 ut
1509 3110 1626 3148 eam
1658 3097 1709 3148 in
1741 3111 1902 3151 cruce

323 3183 608 3250 discipulo,
642 3198 798 3250 quem
824 3183 1053 3235 maxime
1079 3182 1317 3235 omnium
1347 3182 1614 3253 diligebat,
1633 3200 1905 3240 commen~

320 3273 495 3330 daret.
525 3286 876 3340 magnamque
899 3270 1013 3340 ejus
1050 3271 1463 3326 sollicitudinem
1504 3274 1799 3329 exhiberet.
1832 3275 1904 3328 At

322 3376 467 3415 nunc
494 3376 597 3413 non
631 3361 876 3415 similiter
906 3360 1048 3426 facit,
1076 3371 1131 3414 ut
1162 3361 1237 3415 illi
1259 3370 1313 3415 et
1338 3363 1591 3417 fratribus
1620 3364 1730 3418 suis
1753 3373 1902 3419 recte

319 3453 649 3509 consuleret.
675 3453 805 3520 Quia
831 3453 974 3507 enim
1006 3453 1150 3507 illum
1180 3453 1380 3508 nudum
1411 3453 1682 3510 hominem
1711 3471 1904 3511 cense-

320 3545 471 3609 bant,
513 3553 673 3614 atqnc
712 3545 853 3598 inani
893 3545 1060 3614 gloria
1110 3544 1423 3614 agebantur,
1455 3547 1703 3601 morbum
1750 3548 1901 3603 illum

318 3640 560 3709 depellit,
589 3654 695 3692 non
725 3639 789 3692 ad
809 3622 1207 3705 contumeliam,
1236 3639 1330 3694 sed
1348 3639 1413 3693 ad
1444 3641 1896 3697 emendationem.

319 3731 398 3783 Tu
429 3744 555 3783 vero
586 3744 650 3782 ne
676 3729 835 3785 verba
869 3729 956 3783 illa
989 3738 1189 3783 tantum
1220 3730 1537 3799 perpendas,
1565 3747 1685 3800 qua:
1719 3734 1904 3787 mode-

320 3827 493 3873 ratam
515 3819 790 3874 continent
816 3819 1231 3888 inerepationem
1253 3861 1266 3885 ,
1302 3821 1394 3874 sed
1422 3821 1583 3875 etiam
1634 3823 1900 3892 importu-

318 3911 542 3963 nitatem
572 3908 953 3979 audaciamqne
984 3908 1227 3977 fratrmn,
1251 3925 1315 3965 ac
1344 3911 1463 3978 quis
1489 3913 1559 3966 sit
1593 3913 1682 3968 ille
1704 3914 1791 3984 qui
1820 3915 1900 3968 in-

317 4009 504 4067 crepat
533 4018 545 4053 :
573 4016 675 4054 non
702 4001 842 4054 enim
888 4000 1062 4055 nudus
1103 4002 1282 4067 homo,
1321 4003 1413 4058 sed
1450 4005 1754 4075 nnigenitus
1803 4007 1897 4061 Dei

319 4091 516 4155 Filius;
547 4100 598 4145 et
639 4091 766 4160 quid
789 4091 977 4145 volens
1015 4092 1371 4161 increpaverit
1403 4113 1414 4148 :
1448 4111 1553 4150 non
1582 4097 1724 4151 enim
1754 4107 1808 4151 ut
1839 4098 1901 4152 il-

317 4183 426 4238 lam
457 4184 509 4236 in
546 4183 763 4237 dubium
789 4183 1079 4252 conjiceret
1103 4225 1121 4249 ,
1147 4184 1240 4240 sed
1270 4194 1326 4239 ut
1352 4201 1379 4239 a
1409 4189 1684 4257 tyrannico
1711 4190 1898 4244 morbo

321 4274 599 4339 liberaret,
645 4289 709 4329 ac
736 4275 990 4346 paulatim
1025 4276 1295 4331 induceret
1329 4277 1394 4331 ad
1420 4290 1803 4346 congruentem
1831 4280 1899 4336 de

317 4380 378 4418 se
409 4365 737 4433 opinionem,
767 4365 1124 4436 suaderetque
1156 4367 1277 4436 ipsi,
1306 4383 1367 4423 se
1392 4384 1497 4423 non
1536 4371 1698 4425 modo
1732 4372 1895 4426 filium

315 4457 486 4526 ipsius
512 4471 664 4523 esse,
711 4457 806 4511 sed
852 4457 1009 4511 etiam
1041 4459 1354 4524 Dominum;
1384 4460 1693 4531 videbisque
1721 4463 1898 4518 incre-

316 4547 584 4616 pationem
618 4547 901 4602 admodum
944 4560 999 4604 et
1037 4550 1135 4604 sibi
1167 4561 1576 4620 congruentem,
1646 4563 1699 4607 et
1745 4556 1897 4608 matri

317 4641 501 4694 utilem
532 4680 546 4703 ,
601 4641 863 4710 simulque
907 4642 1061 4695 valde
1116 4654 1474 4700 mansuetam.
1524 4645 1707 4715 Neque
1755 4647 1896 4700 enim

315 4731 468 4795 dixit,
498 4731 616 4794 Abi,
635 4732 721 4786 dic
749 4732 927 4798 matri,
962 4733 1104 4786 illam
1135 4750 1305 4788 meam
1339 4749 1443 4790 non
1468 4751 1588 4790 esse
1623 4745 1848 4791 matrem
1878 4753 1892 4802 ;

315 4822 409 4877 sed
440 4823 678 4891 loquenti
723 4824 1012 4892 respondet
1053 4824 1136 4879 his
1183 4826 1415 4883 verbis:
1460 4828 1589 4892 Quae
1633 4839 1704 4882 est
1742 4841 1900 4883 mater

316 4929 428 4966 mea
450 4913 476 4965 ?
522 4928 642 4965 cum
673 4927 831 4982 supra
862 4915 1017 4969 dictis
1057 4916 1198 4970 aliud
1248 4918 1405 4971 etiam
1452 4917 1710 4974 efficiens.
1742 4920 1899 4987 Quid-

318 5020 439 5057 nam
493 5004 664 5056 illnd?
705 5004 775 5059 Ut
803 5021 976 5074 neque
1021 5006 1116 5068 illi,
1148 5023 1321 5075 neque
1348 5008 1436 5063 alii
1465 5051 1478 5074 ,
1506 5011 1805 5079 cogitationi
1836 5012 1896 5063 li-

315 5094 523 5159 dentes,
552 5094 803 5149 virtutem
854 5096 1200 5166 negligerent.
1236 5098 1366 5151 Nam
1396 5100 1440 5152 si
1473 5100 1611 5153 illam
1647 5101 1773 5153 nihil
1798 5101 1888 5169 ju-

316 5187 473 5241 vabat
497 5185 637 5256 quod
665 5197 836 5242 mater
860 5196 1021 5252 esset,
1052 5190 1152 5243 nisi
1184 5199 1326 5244 esset
1355 5191 1529 5244 virtuti
1561 5191 1895 5257 addicta,vix

317 5290 382 5330 ac
420 5291 487 5331 ne
515 5276 601 5330 vix
628 5277 844 5346 quidem
873 5279 1009 5333 alius
1038 5281 1246 5334 ratione
1289 5282 1622 5349 cognationis
1668 5284 1894 5337 salutem

318 5379 691 5440 consequetur.
738 5370 860 5425 Sola
910 5372 1106 5440 quippe
1150 5372 1399 5427 nobilitas
1446 5386 1527 5427 cst
1573 5377 1895 5430 voluntatem

325 5462 416 5516 Dei
444 5463 639 5519 facere.
668 5464 764 5518 llic
807 5464 1097 5518 nobilitatis
1136 5464 1324 5518 modus
1348 5468 1532 5520 melinr
1557 5477 1609 5520 ct
1641 5478 1897 5537 praestan-

321 5553 423 5607 tior
452 5563 535 5609 est
568 5556 678 5609 illo.

386 5643 421 5697 2
497 5644 740 5718 Cogitatio
791 5649 1032 5718 spiritalis
1072 5666 1169 5719 qua
1223 5653 1402 5705 virtute
1454 5652 1674 5721 ῃΐαντίἱιίε
1725 5653 1895 5722 affines

1356 225 1420 280 IN
1459 224 1864 280 MATTHIEL'M
1904 225 2130 281 IIOMIL.
2175 227 2355 283 XLIV.
2397 230 2467 283 al.
2511 230 2668 285 XLV.

3517 240 3543 291 4
3555 238 3621 293 bii

2046 356 2238 405 sumus,
2268 342 2376 395 sola
2407 342 2547 397 nobis
2586 345 2807 405 prodest.
2856 345 3020 400 Maria
3037 350 3159 417 jure
3200 351 3341 403 beata
3371 352 3619 421 prwrlica-

2044 440 2147 484 tur.
2191 462 2260 472 —
2309 433 2432 488 llcec
2460 450 2591 505 ergo
2612 451 2734 490 cum
2763 438 2997 492 sciamus
3019 480 3032 502 ,
3060 455 3158 494 nec
3182 442 3248 496 de
3274 441 3395 495 filiis
3419 444 3615 498 virtute

2041 523 2199 577 claris
2240 525 2409 579 altum
2461 526 2730 595 sapiamus
2756 567 2770 593 ,
2806 529 2903 582 nisi
2944 529 3129 584 eadem
3179 547 3279 601 qua
3316 533 3390 586 illi
3425 535 3619 589 virtute

2042 617 2247 685 praediti
2285 620 2486 685 simus;
2520 636 2696 689 neque
2724 622 2792 677 de
2815 623 3093 693 generosis
3132 614 3419 695 probisque
3450 627 3614 695 patri-

2039 709 2158 772 bus,
2192 711 2293 765 nisi
2336 713 2541 768 similes
2582 715 2685 769 illis
2714 714 2991 769 fuerimus.
3024 715 3205 770 Potest
3240 718 3381 771 enim
3426 719 3536 771 ﬁeri
3563 728 3615 771 nt

2037 802 2135 870 qui
2170 803 2388 871 genuit,
2424 816 2572 873 pater
2612 821 2716 859 non
2766 807 2854 872 sit,
2884 814 2938 860 et
2965 807 3053 876 qui
3096 822 3202 862 non
3232 810 3434 878 genuit,
3464 819 3614 879 pater

2036 892 2124 946 sit.
2168 893 2503 964 Quapropter
2543 896 2668 950 alibi
2716 912 2834 951 cum
2882 898 3076 951 mulier
3095 898 3339 967 quaedam
3372 898 3609 954 diceret:

2033 981 2219 1038 Beatus
2239 995 2405 1038 venter
2429 987 2516 1055 qui
2541 996 2588 1040 te
2614 989 2847 1055 portavit,
2877 996 2925 1041 et
2949 988 3102 1041 ubera
3122 1005 3235 1059 quae
3261 990 3442 1044 suxisti
3460 988 3611 1061 (an.

2036 1078 2122 1132 Η.
2149 1078 2290 1148 27);
2321 1095 2426 1132 non
2459 1079 2734 1149 respondit
2765 1081 2872 1147 ille,
2896 1080 3083 1134 Nullus
3113 1096 3197 1135 mc
3220 1089 3406 1136 venter
3429 1090 3610 1150 porta-

2035 1169 2151 1235 vit,
2185 1170 2326 1224 nulla
2357 1171 2473 1224 suxi
2515 1171 2674 1225 ubera
2701 1188 2715 1236 ;
2746 1171 2859 1236 sed,
2890 1172 3179 1235 Quinimmo
3200 1213 3214 1235 ,
3246 1173 3375 1225 beati
3401 1172 3487 1240 qui
3526 1175 3610 1242 fa-

2032 1260 2169 1313 ciunt
2209 1260 2513 1314 voluntatem
2541 1260 2707 1316 Patris
2730 1263 2823 1316 mei
2847 1260 3006 1330 (Ibid.
3040 1277 3087 1315 υ.
3116 1261 3242 1332 28).
3273 1260 3457 1316 Vidcn’
3476 1277 3610 1329 quo-

2029 1353 2189 1406 modo
2206 1367 2312 1406 non
2338 1354 2537 1422 uSpiam
2563 1362 2718 1423 neget
2738 1355 3032 1408 naturalem
3056 1354 3190 1410 hanc
3212 1357 3605 1426 cognationem;

2028 1442 2121 1497 sed
2154 1444 2312 1497 addat
2344 1445 2484 1498 illam
2527 1445 2839 1499 affinitatem
2859 1486 2873 1512 ,
2900 1461 3018 1515 quas
3047 1446 3335 1501 secundum
3353 1447 3602 1500 virtutem

2026 1534 2141 1588 est?
2184 1535 2489 1588 Prwcursor
2515 1551 2723 1603 quoque
2751 1551 2871 1589 cmn
2917 1536 3076 1602 dicit,
3111 1537 3374 1591 Genimina
3403 1537 3603 1606 vipera-

2025 1642 2136 1677 rum
2161 1666 2176 1690 ,
2225 1641 2287 1679 ne
2316 1627 2583 1679 videamini
2610 1626 2803 1689 dicere,
2837 1625 3042 1681 Patrem
3081 1628 3320 1681 habemus
3349 1626 3602 1681 Abraham

2029 1716 2239 1785 (Matth.
2267 1720 2319 1774 ὅ.
2341 1720 2490 1788 7.9),
2522 1735 2625 1772 non
2649 1720 2881 1774 declarat
2910 1736 3001 1775 eos
3033 1737 3137 1775 non
3165 1737 3285 1777 esse
3313 1720 3602 1775 secundum

2024 1820 2266 1865 naturam
2298 1828 2363 1865 cx
2395 1811 2697 1865 Abrahamo
2727 1822 2897 1876 ortos,
2923 1812 3016 1866 sed
3048 1813 3180 1867 nihil
3210 1813 3316 1867 illis
3347 1812 3604 1882 prodesse

2023 1902 2162 1968 quod
2193 1918 2256 1956 ex
2291 1903 2595 1959 Abrahamo
2633 1904 2739 1957 sint
2766 1905 2902 1967 orti,
2938 1904 3038 1958 nisi
3071 1904 3231 1958 etiam
3276 1920 3484 1959 morum
3512 1919 3604 1959 co-

2020 1995 2326 2058 guatioaem
2369 1992 2625 2046 baberent
2669 2010 2682 2045 :
2728 1994 2868 2063 quod
2910 1995 3069 2047 etiam
3100 1994 3343 2049 Christus
3369 1994 3603 2048 declarat

2023 2083 2104 2136 his
2136 2082 2308 2137 \crbis
2335 2100 2347 2136 :
2396 2082 2456 2137 Si
2483 2083 2578 2150 ﬁlii
2605 2083 2822 2141 Abrahae
2850 2084 3039 2149 essetis,
3071 2100 3223 2154 Opera
3252 2086 3419 2153 utique
3440 2084 3601 2138 Abra-

2020 2174 2100 2228 Ita:
2138 2175 2368 2244 faceretis
2420 2175 2438 2246 (
2480 2172 2638 2229 Joan.
2688 2175 2738 2229 8.
2797 2175 2866 2230 59
2925 2176 2942 2244 )
2981 2193 2993 2227 :
3033 2190 3138 2230 non
3183 2191 3275 2231 eos
3315 2190 3344 2229 a
3400 2174 3600 2230 carnali

2018 2269 2331 2335 cognatione
2362 2281 2661 2330 removens,
2693 2267 2786 2321 sed
2808 2267 3004 2321 docens
3034 2268 3190 2322 aliam
3217 2267 3314 2321 bac
3343 2270 3597 2338 majorem

2017 2373 2080 2412 ac
2122 2359 2383 2412 veriorem
2416 2373 2534 2413 esse
2578 2360 2942 2424 qumrendam.
2988 2360 3099 2415 lloc
3139 2362 3297 2416 etiam
3341 2361 3424 2415 hic
3452 2360 3596 2422 facit.

2017 2449 2111 2502 sed
2139 2449 2468 2504 moderatius
2498 2459 2551 2504 et
2589 2450 2762 2505 lenius
2789 2465 2802 2505 :
2834 2467 2955 2504 nam
2990 2451 3057 2506 de
3087 2460 3261 2505 matre
3287 2467 3382 2506 sua
3420 2467 3598 2506 sermo

2018 2539 2325 2592 habebatur.
2352 2539 2531 2609 Neque
2560 2542 2703 2595 enim
2731 2541 2882 2606 dixit,
2903 2542 3017 2595 Non
3041 2552 3122 2597 est
3148 2552 3317 2597 mater
3343 2558 3478 2606 mea,
3505 2558 3597 2596 ne-

2014 2645 2117 2698 que
2169 2630 2240 2684 illi
2294 2630 2483 2684 fratres
2527 2641 2651 2685 sunt
2677 2673 2690 2695 ,
2724 2633 2844 2702 quia
2879 2648 2982 2686 non
3026 2632 3228 2686 faciunt
3270 2634 3594 2687 voluntatem

2014 2735 2222 2784 meam;
2251 2736 2422 2791 neque
2442 2722 2760 2776 sententiam
2790 2722 2907 2775 tulit
2932 2722 3015 2775 vel
3041 2722 3417 2777 condemnavit
3449 2739 3462 2774 :
3499 2723 3594 2778 sed

2010 2810 2064 2864 in
2087 2810 2306 2868 arbitrio
2334 2812 2567 2881 ipsorum
2596 2812 2888 2882 reliquitut
2917 2813 2965 2867 id
2998 2812 3213 2878 vellent,
3233 2813 3455 2882 loquens
3473 2828 3595 2867 cum

2010 2902 2417 2957 mansuetudine
2460 2903 2559 2956 sibi
2607 2904 2915 2972 coagruenti
2964 2921 2978 2958 :
3011 2903 3096 2958 50.
3135 2903 3232 2969 Qui
3269 2904 3401 2957 enim
3428 2904 3590 2976 facit,

2011 2995 2510 3065 inquit,voluutatem
2536 2995 2703 3049 Patris
2731 2998 2846 3063 mei,
2861 2998 2945 3050 ille
2974 3014 3110 3050 meus
3136 2999 3293 3068 frater
3319 3008 3363 3051 et
3384 3016 3527 3053 soror
3546 3008 3593 3052 et

2010 3095 2167 3138 mater
2195 3095 2283 3139 est.
2316 3087 2489 3153 Quare
2516 3088 2557 3138 si
2590 3087 2668 3140 sic
2715 3087 2872 3141 etiam
2896 3102 3015 3142 esse
3032 3087 3235 3152 volunt,
3261 3088 3396 3142 hanc
3415 3092 3593 3143 ineant

2008 3180 2166 3232 viam.
2212 3179 2280 3232 Et
2306 3193 2426 3232 cum
2468 3180 2715 3233 clamavit
2753 3180 2943 3233 mulier
2972 3179 3174 3245 dicens,
3217 3178 3401 3234 Beatus
3426 3192 3593 3235 venter

2009 3269 2095 3335 qui
2139 3277 2185 3321 te
2223 3270 2460 3338 portavit,
2504 3285 2607 3322 non
2640 3270 2793 3332 dixit,
2825 3269 2940 3323 Non
2972 3280 3053 3324 est
3085 3282 3257 3325 mater
3286 3286 3435 3336 mea;
3467 3273 3584 3338 sed,

2007 3358 2060 3414 Si
2091 3359 2205 3413 vult
2232 3374 2350 3414 esse
2374 3359 2549 3425 beata,
2581 3362 2906 3415 voluntatem
2933 3361 3104 3416 Patris
3125 3364 3227 3417 mei
3253 3363 3423 3418 faciat.
3458 3364 3587 3419 Nam

2008 3450 2098 3520 qui
2128 3450 2250 3505 talis
2279 3463 2380 3514 est,
2411 3461 2465 3504 et
2505 3451 2666 3505 frater
2687 3493 2700 3513 ,
2725 3462 2773 3506 et
2804 3467 2978 3521 soror,
3010 3462 3062 3507 et
3089 3464 3258 3507 mater
3283 3464 3381 3509 est.
3410 3455 3587 3525 Papae,

2007 3551 2261 3611 quantum
2284 3541 2503 3597 honoris
2532 3543 2545 3596 !
2582 3559 2754 3613 paprc,
2783 3553 2977 3613 quanta
3005 3554 3085 3599 est
3112 3546 3300 3601 virtus!
3332 3547 3397 3600 ad
3418 3563 3587 3617 quau-

2009 3641 2117 3687 tum
2146 3634 2355 3688 culmen
2394 3650 2453 3689 se
2483 3635 2763 3690 adeuntem
2796 3636 2984 3707 erigit!
3024 3649 3153 3708 quot
3185 3640 3437 3694 mulieres
3464 3641 3588 3695 bea-

2009 3735 2114 3779 tam
2143 3726 2397 3781 dixcrunt
2421 3737 2661 3782 sanctam
2700 3728 2843 3783 illam
2877 3729 3146 3800 Virginem
3171 3773 3184 3797 ,
3215 3732 3436 3802 ejusque
3476 3744 3588 3787 utc-

2007 3835 2145 3884 rum,
2174 3827 2226 3872 et
2255 3827 2503 3887 optarunt
2530 3821 2661 3873 tales
2696 3834 2814 3874 esse
2846 3831 3041 3875 matres
3070 3864 3084 3888 ,
3116 3831 3414 3893 caateraque
3452 3824 3586 3893 abji-

2005 3926 2128 3966 cere
2158 3915 2170 3965 !
2204 3911 2340 3979 Quid
2376 3927 2502 3980 ergo
2538 3911 2834 3980 prohibet?
2892 3912 3029 3967 Ecce
3077 3913 3236 3967 latam
3270 3914 3406 3968 viam
3436 3916 3588 3968 nobis

2006 4005 2202 4075 aperit,
2219 4013 2273 4059 et
2298 4005 2424 4059 licet
2458 4021 2565 4058 non
2597 4005 2907 4059 mulieribus
2931 4005 3114 4070 modo,
3147 4007 3241 4061 sed
3270 4007 3428 4061 etiam
3461 4009 3587 4062 viris

2007 4098 2058 4150 in
2091 4096 2181 4149 tali
2203 4096 2363 4149 locari
2388 4095 2610 4161 ordine;
2641 4096 2747 4149 imo
2777 4104 2831 4150 et
2860 4095 2913 4150 in
2941 4095 3096 4166 longe
3124 4098 3332 4165 majori.
3368 4097 3420 4151 Id
3442 4100 3584 4152 enim

2010 4188 2168 4257 longe
2201 4188 2370 4255 magis
2410 4198 2633 4241 matrem
2685 4186 2841 4252 facit,
2889 4202 3047 4257 quam
3094 4199 3291 4257 partus.
3334 4189 3512 4259 Itaque
3540 4191 3584 4244 si

2009 4278 2219 4333 beatum
2247 4286 2331 4333 est
2358 4277 2506 4343 illud,
2535 4278 2704 4333 multo
2732 4278 2905 4348 majus
2949 4286 3004 4333 et
3032 4280 3210 4333 verius
3254 4279 3375 4345 hoc,
3404 4289 3586 4350 utpote

2006 4371 2314 4440 optabilius.
2356 4371 2432 4426 Ne
2476 4372 2642 4441 igitur
2684 4372 2856 4425 solum
2886 4371 3181 4435 desideres,
3210 4372 3304 4426 sed
3334 4382 3388 4427 et
3415 4375 3582 4434 viam,

2006 4479 2122 4531 qua;
2147 4473 2197 4516 te
2226 4462 2290 4516 ad
2317 4478 2428 4518 rem
2448 4463 2802 4518 desideratam
2823 4464 3221 4532 ducit,capesse
3247 4478 3364 4518 cum
3394 4480 3585 4533 magno

2013 4554 2209 4608 studio.
2238 4554 2362 4610 llam
2388 4570 2514 4625 ergo
2539 4571 2658 4610 cum
2693 4555 2917 4610 dixisset
2936 4556 3094 4610 exivit
3129 4555 3195 4608 de
3222 4555 3399 4608 domo.
3432 4556 3581 4609 Vidi-

2005 4650 2127 4702 stin’
2149 4649 2415 4718 quomodo
2443 4660 2495 4704 et
2527 4649 2837 4719 increpavit,
2873 4658 2924 4701 et
2957 4647 3081 4702 fecit
3108 4647 3157 4702 id
3196 4650 3333 4717 quod
3375 4648 3583 4703 deside-

2008 4741 2236 4794 rabant?
2268 4740 2422 4806 Quod
2452 4741 2609 4793 etiam
2643 4739 2695 4793 in
2726 4740 2919 4808 nuptiis
2946 4738 3069 4792 fecit
3092 4738 3280 4807 (Joan.
3309 4739 3361 4792 9..
3398 4741 3450 4792 5.
3478 4740 3512 4792 4
3545 4741 3580 4807 ).

2005 4832 2134 4885 Nam
2159 4842 2212 4886 ct
2234 4832 2343 4885 illic
2373 4830 2665 4899 increpavit
2697 4830 3070 4897 intempestive
3101 4840 3391 4898 petentem,
3415 4847 3585 4899 neque

2009 4932 2183 4977 tamen
2215 4922 2538 4993 postulatum
2563 4923 2812 4991 negavit;
2846 4932 2952 4974 tum
2997 4931 3051 4975 ut
3082 4922 3438 4977 imbecillitati
3469 4940 3581 4978 me-

2005 5015 2254 5072 deretur.
2284 5024 2391 5068 tum
2424 5024 2474 5067 ut
2516 5030 2665 5067 suam
2710 5030 2835 5083 erga
2889 5026 3109 5069 matrem
3158 5015 3579 5072 benevolentiam

2006 5108 2302 5161 exhiberet.
2346 5107 2433 5161 Sic
2463 5116 2517 5160 ct
2546 5108 2644 5161 hoc
2668 5107 2785 5161 loco
2807 5108 2979 5162 inanis
3004 5108 3187 5176 gloriae
3218 5110 3458 5162 morbum
3493 5123 3576 5159 sa-

2012 5202 2156 5253 navit
2180 5240 2195 5264 ,
2224 5209 2275 5253 et
2307 5198 2543 5252 debitum
2572 5199 2730 5253 matri
2760 5198 3017 5254 honorem
3049 5201 3312 5269 praestitit,
3341 5199 3464 5253 licet
3492 5199 3579 5253 illa

2005 5291 2357 5358 inopportuna
2380 5298 2600 5358 peteret.
2634 5290 2653 5361 (
2682 5288 2809 5361 Cap.
2838 5290 2953 5345 Xlll
2984 5288 3005 5363 )
3034 5294 3084 5346 1.
3115 5290 3179 5344 lu
3209 5291 3297 5343 illo
3319 5291 3400 5342 die
3421 5330 3435 5352 ,
3469 5290 3579 5354 ait,

2004 5382 2170 5435 exiens
2193 5378 2345 5435 Iesus
2370 5397 2397 5435 e
2421 5381 2588 5447 domo,
2613 5381 2813 5436 sedebat
2838 5398 2978 5435 secus
3001 5396 3157 5434 mare.
3182 5378 3311 5432 Nam
3342 5378 3383 5433 si
3402 5378 3579 5444 Vltllis,

2007 5472 2198 5539 inquit,
2233 5471 2414 5525 videre
2433 5482 2485 5525 et
2511 5472 2720 5535 audire,
2751 5472 2860 5543 jam
2885 5485 3019 5524 exeo
3042 5477 3101 5522 ut
3133 5469 3415 5523 disseram.
3449 5468 3578 5533 Quia

2004 5563 2144 5617 enim
2182 5562 2329 5632 signa
2376 5565 2539 5617 multa
2571 5563 2829 5627 faciebat,
2859 5574 3043 5614 rursus
3069 5576 3130 5613 cx
3182 5559 3417 5613 doctrina
3461 5574 3579 5628 pro-

2007 5652 2146 5710 dest.
2182 5654 2245 5708 Et
2280 5654 2472 5711 sedens
2495 5669 2652 5710 secus
2675 5667 2842 5718 mare,
2877 5659 3120 5706 terrenos
3145 5651 3385 5706 homines
3413 5651 3580 5720 pisca-
