4010 6128
450 251 552 308 467

448 369 626 424 batur.
649 365 802 423 Sedit
831 379 961 419 vero
987 374 1145 418 secus
1173 374 1340 422 mare,
1373 374 1477 412 non
1504 358 1619 412 sine
1647 371 1824 411 causa.
1851 355 2024 424 Atque

449 459 551 513 hoc
589 459 759 527 ipsum
793 454 1136 510 subindicans
1181 450 1356 522 posuit
1389 449 1732 518 evangelista.
1780 446 1847 502 Ct
1886 445 2026 499 enim

447 547 776 612 ostenderet,
792 561 849 600 se
866 552 1114 600 accurate
1145 543 1279 598 velle
1312 542 1577 594 theatrum
1601 553 1947 608 congregare,
1967 550 2026 590 se

447 640 549 695 hoc
591 641 694 693 situ
746 639 960 707 posuit,
994 647 1051 692 ut
1089 636 1356 690 neminem
1403 649 1432 686 a
1463 633 1625 687 dorso
1666 631 1906 693 haberet,
1931 628 2026 684 sed

443 747 635 786 omnes
656 731 720 786 ad
739 747 796 785 se
826 743 1141 785 conversos.
1169 729 1224 780 2.
1249 727 1310 779 Et
1333 733 1648 795 congregata!
1675 733 1808 785 sunt,
1835 721 2020 790 inquit,

443 824 511 874 ad
557 840 668 876 eum
717 822 875 875 turba:
918 820 1091 873 mutue
1111 836 1131 884 ;
1177 819 1248 872 ita
1277 827 1332 870 ut
1361 817 1412 870 in
1442 817 1724 869 naviculam
1753 813 2025 867 ascendens

443 915 667 977 sederet;
692 923 736 966 et
766 912 926 966 omnis
949 911 1092 963 turba
1116 910 1168 962 in
1191 909 1335 962 litore
1363 907 1542 961 stabat.
1574 906 1785 960 Ibivero
1810 905 2022 968 sedens,

446 1020 542 1073 per
567 1005 847 1073 parabolas
874 1002 1126 1073 loquitur.
1159 1001 1210 1054 5.
1238 997 1308 1052 Et
1331 1000 1567 1058 lonuutus
1587 1008 1656 1050 est
1690 998 1761 1050 eis
1786 1037 1799 1060 ,
1835 996 2022 1064 inquit,

443 1097 603 1150 multa
624 1098 676 1148 in
694 1095 969 1164 parabolis.
989 1093 1147 1163 Atqui
1177 1093 1228 1147 in
1257 1102 1440 1146 monte
1469 1108 1572 1144 non
1593 1091 1662 1143 ita
1683 1088 1825 1152 fecit,
1857 1102 2026 1157 neque

444 1201 540 1254 per
571 1195 646 1240 tot
675 1186 954 1255 parabolas
999 1199 1304 1239 sermonem
1355 1181 1624 1237 contemnit
1653 1195 1666 1232 :
1699 1191 1820 1233 tunc
1857 1179 2025 1232 turba:

442 1279 615 1332 solum
662 1286 832 1340 erant,
861 1289 913 1332 et
946 1277 1096 1346 plebs
1130 1275 1309 1337 rudis;
1360 1274 1445 1327 hie
1489 1289 1616 1325 vero
1647 1279 1704 1325 et
1743 1270 1932 1324 scriba:
1971 1277 2025 1322 et

444 1368 722 1426 Pharisazi.
750 1368 828 1423 Tu
859 1383 984 1422 vero
1026 1366 1154 1420 mihi
1185 1364 1552 1419 animadverte
1599 1378 1757 1432 quam
1800 1362 2022 1431 primam

445 1470 609 1529 ponat
635 1460 968 1526 parabolam,
1000 1467 1053 1513 et
1079 1459 1348 1528 quomodo
1377 1457 1496 1510 illas
1519 1456 1799 1509 Matthteus
1822 1471 1916 1524 per
1935 1469 2024 1507 or-

438 1553 618 1608 dinem
662 1561 843 1624 ponat.
894 1551 1062 1618 Quam
1093 1566 1222 1621 ergo
1245 1550 1467 1618 primam
1499 1548 1669 1602 dicit?
1697 1547 1863 1611 Quam
1907 1561 2024 1599 ma-

439 1648 582 1701 xime
614 1649 838 1716 primam
866 1645 1044 1699 dicere
1066 1643 1372 1712 oportebat,
1420 1657 1536 1710 qua:
1565 1641 1862 1694 auditorem
1909 1637 2023 1692 red-

439 1737 532 1792 dat
551 1737 920 1790 attentiorem.
963 1734 1094 1788 Nam
1116 1734 1238 1803 quia
1267 1732 1606 1800 :cnigmatice
1638 1730 2022 1799 praedicaturus

447 1838 583 1892 erat,
612 1830 913 1884 auditorum
938 1829 1172 1882 animum
1207 1826 1376 1895 primo
1408 1840 1502 1894 per
1542 1823 1846 1892 parabolani
1875 1822 2020 1874 exci—

441 1931 534 1977 tat.
565 1922 691 1978 Ideo
729 1921 864 1975 alter
899 1919 1222 1989 evangelista
1271 1917 1382 1982 ait,
1416 1917 1496 1971 sie
1531 1918 1836 1985 increpasse
1866 1914 2018 1977 illos,

444 2013 588 2084 quod
620 2028 726 2068 non
772 2011 1132 2081 intelligerent
1160 2025 1173 2060 :
1208 2007 1474 2076 Quomodo
1502 2023 1602 2060 non
1631 2007 1785 2058 nostis
1816 2004 2025 2075 parabo-

440 2105 544 2159 lom
577 2103 596 2176 (
625 2103 788 2158 Marc.
815 2102 867 2158 4.
896 2103 962 2156 15
994 2102 1054 2170 )?
1081 2100 1188 2155 Nec
1217 2101 1335 2155 ideo
1360 2100 1533 2152 solum
1563 2099 1614 2152 iit
1647 2097 1912 2165 parabolis
1939 2097 2020 2150 lo-

440 2196 642 2266 qttitur,
677 2195 769 2250 sed
799 2202 854 2249 ut
881 2193 1084 2263 majore
1114 2208 1232 2246 cum
1265 2191 1504 2259 emphasi
1535 2191 1693 2245 verba
1725 2190 1940 2256 laceret,
1969 2198 2020 2244 et

441 2287 609 2357 magis
640 2286 910 2340 memoria:
930 2283 1281 2353 imprimeret,
1304 2297 1494 2352 resque
1520 2282 1618 2336 sub
1638 2291 1907 2352 aspectum
1928 2297 2020 2351 po-

437 2388 608 2434 neret.
641 2378 728 2434 Sic
754 2387 806 2432 et
833 2378 1104 2448 propheta:
1134 2374 1356 2430 faciunt.

505 2471 558 2525 5.
588 2469 813 2522 Christus
837 2467 1085 2537 quomodo
1102 2466 1317 2520 exiit.—
1337 2464 1464 2532 Qua:
1485 2473 1566 2518 est
1586 2478 1713 2534 ergo
1730 2463 2018 2534 parabola?

436 2559 567 2615 Ecce
589 2559 710 2614 exiit
751 2560 835 2630 qui
858 2558 1068 2613 seminat
1094 2557 1360 2611 seminare.
1387 2555 1536 2610 Unde
1559 2556 1687 2609 exuit
1711 2555 1798 2624 qui
1825 2556 2018 2624 ubique

436 2664 674 2720 prmsens
702 2661 803 2713 est,
827 2649 916 2720 qui
948 2650 1123 2702 omnia
1155 2647 1375 2719 implet?
1403 2646 1669 2716 qtiomodo
1703 2648 1872 2701 exiit?
1901 2647 2014 2701 Non

435 2744 574 2809 loco,
601 2743 694 2798 sed
723 2743 905 2798 habitu
935 2751 987 2796 et
1017 2740 1415 2809 dispensatione
1449 2755 1552 2808 qua
1584 2750 1760 2794 nostra
1791 2743 2012 2805 curavit,

435 2838 652 2907 propior
691 2838 844 2891 nobis
885 2835 1052 2890 factus
1078 2837 1147 2890 ob
1200 2834 1451 2888 amictum
1480 2835 1676 2888 carnis.
1705 2835 1832 2899 Quia
1872 2832 2013 2887 enim

433 2945 530 2984 nos
560 2929 760 2998 ingredi
794 2944 898 2981 non
924 2937 1226 2996 poteramus
1248 2966 1262 2990 ,
1291 2925 1429 2994 quod
1461 2935 1672 2995 peccata
1707 2936 1883 2979 nostra
1914 2943 2013 2980 no-

433 3022 513 3075 bis
537 3020 738 3074 aditum
778 3019 1210 3079 intercluderent,
1237 3018 1350 3086 ipse
1377 3017 1440 3071 ad
1486 3031 1582 3070 nos
1622 3017 1908 3085 egreditur.
1948 3017 2014 3070 Et

430 3129 522 3168 cur
550 3127 797 3182 egressus
823 3111 946 3166 est?
979 3121 1034 3164 ut
1061 3110 1309 3180 perderet
1334 3119 1526 3164 terram
1563 3111 1730 3179 spinis
1765 3111 2013 3179 plenam?

431 3206 495 3259 ad
523 3205 817 3274 puniendos
857 3205 1159 3274 agricolas?
1201 3203 1576 3274 Nequaquam;
1620 3205 1712 3258 sed
1754 3205 1818 3258 ad
1847 3221 2012 3260 exco-

428 3296 636 3351 lendam
667 3295 1058 3365 curandamque
1089 3304 1307 3359 terram,
1335 3304 1389 3349 et
1407 3295 1469 3347 ad
1502 3296 1867 3349 seminandum
1902 3298 2012 3365 pie-

427 3387 547 3440 tatis
575 3400 897 3440 sermonem.
948 3384 1142 3440 Semen
1182 3385 1376 3454 quippe
1407 3383 1491 3438 hic
1522 3385 1813 3438 doctrinam
1845 3386 2005 3450 dicit;

426 3491 609 3530 arvum
627 3492 771 3542 vero,
798 3475 1068 3529 hominum
1087 3476 1313 3534 animas;
1335 3476 1610 3528 seminator
1625 3493 1729 3541 em,
1751 3476 2004 3545 scipsum.

426 3566 560 3632 Quid
604 3568 759 3636 igitur
785 3565 845 3620 ﬁt
882 3566 950 3620 de
976 3567 1077 3620 hoc
1116 3567 1355 3621 semine?
1379 3566 1512 3621 Trcs
1542 3579 1764 3634 pereunt
1807 3578 2003 3638 partes,

427 3669 528 3710 una
557 3665 818 3709 servatur.
843 3655 894 3708 4.
926 3655 991 3707 Ει
1022 3656 1142 3707 dum
1172 3657 1455 3721 seminaret,
1481 3657 1605 3721 alia,
1645 3658 1833 3726 inquit,
1875 3661 2007 3712 ceci-

426 3747 545 3800 dere
570 3762 710 3798 secus
739 3746 886 3806 viam,
918 3754 964 3798 et
987 3755 1223 3798 venerunt
1245 3747 1467 3799 volucres
1497 3748 1628 3813 creti,
1679 3759 1723 3800 et
1773 3750 2008 3803 comede-

425 3848 541 3890 runt
561 3854 638 3890 ea.
662 3836 842 3906 Neque
862 3837 1020 3903 dixit,
1053 3851 1110 3891 se
1133 3837 1344 3906 jecisse,
1371 3839 1462 3893 sed
1509 3840 1768 3894 cecidisse
1795 3857 2001 3896 semen.

425 3929 479 3984 5.
507 3928 751 3996 Qua-dum
771 3944 884 3982 vero
910 3945 1061 3999 super
1087 3939 1302 3998 petrosa.
1328 3931 1410 3983 ubi
1437 3949 1533 3983 non
1559 3931 1802 3984 habebant
1822 3943 2006 3987 terram

425 4021 635 4074 multam
659 4036 679 4083 ;
708 4031 754 4074 et
775 4022 1010 4074 continuo
1031 4033 1203 4074 exorta
1233 4032 1368 4087 sunt,
1397 4023 1512 4089 quia
1533 4040 1631 4075 non
1661 4023 1906 4077 Itttbt’baltl
1927 4027 2004 4080 al-

424 4111 683 4163 titudinem
706 4121 868 4164 terrm.
895 4111 946 4164 6.
973 4111 1097 4165 Sole
1116 4123 1278 4164 autem
1302 4124 1411 4164 orto
1437 4125 1792 4179 wsluarerunt,
1821 4125 1865 4168 et
1887 4118 2006 4186 quia

424 4217 524 4255 non
554 4201 795 4254 habebant
821 4201 1057 4265 radicem,
1091 4213 1346 4256 aruerunt.
1373 4205 1422 4256 7.
1453 4205 1695 4270 Querelam
1725 4215 1890 4259 autent
1921 4225 2005 4261 ce-

423 4293 650 4346 ciderunt
677 4293 807 4346 inter
827 4294 1030 4357 spinas;
1063 4304 1108 4346 et
1142 4304 1397 4346 creverunt
1425 4297 1608 4363 spiure,
1652 4308 1697 4348 et
1730 4297 2007 4363 suffocare-

425 4393 540 4438 runt
571 4401 650 4439 ea.
678 4384 730 4439 8.
762 4383 1007 4450 Quccdam
1056 4402 1168 4438 vero
1198 4387 1248 4438 in
1281 4396 1463 4440 terram
1490 4389 1708 4453 bonam;
1738 4400 1784 4442 et
1817 4391 2007 4445 dabant

424 4476 681 4546 fructum,
713 4477 856 4530 aliud
882 4479 1202 4530 centesimum
1225 4521 1237 4539 ,
1267 4480 1409 4531 aliud
1437 4483 1799 4551 sexagesimum
1819 4524 1834 4548 ,
1866 4484 2008 4537 aliud

423 4569 754 4640 trigesimum.
775 4567 826 4623 9.
857 4567 956 4634 Qui
977 4569 1121 4622 habet
1144 4586 1290 4622 aures
1307 4571 1566 4636 audiendi,
1593 4574 1786 4626 audiat.
1811 4576 2006 4640 Quarta

425 4676 548 4730 pars
580 4669 787 4715 servata
815 4667 927 4724 est;
963 4677 1135 4729 neque
1168 4661 1251 4712 illa
1281 4662 1574 4730 arqualitcr,
1615 4665 1706 4718 sed
1737 4666 1893 4718 etiam
1923 4667 2008 4722 hic

426 4765 674 4818 magnum
709 4750 991 4805 discrimen
1020 4761 1118 4804 est.
1147 4750 1238 4803 llis
1263 4752 1544 4821 signiﬁcat,
1569 4769 1626 4807 se
1658 4754 1855 4808 affatim
1891 4773 2005 4810 otn-
2043 4749 2046 4752 ’

427 4839 582 4893 nibus
609 4841 767 4909 loqui.
796 4840 941 4894 Sicut
972 4840 1111 4894 enim
1142 4842 1185 4894 is
1209 4842 1296 4910 qui
1339 4842 1566 4897 seminat
1598 4860 1700 4897 non
1734 4845 2006 4916 distinguit

424 4944 651 4995 arvum,
696 4931 786 4986 sed
837 4933 1146 5001 simpliciter
1195 4943 1249 4988 et
1297 4933 1752 4990 indiscriminatittt
1803 4939 2006 4993 semina

427 5021 587 5074 mittit
617 5037 630 5072 :
655 5021 732 5074 sic
757 5030 811 5074 et
837 5024 922 5076 ille
947 5039 1050 5076 non
1082 5023 1330 5088 divitem,
1369 5041 1473 5079 non
1505 5041 1789 5094 pauperem
1821 5027 2008 5082 distin-

424 5114 554 5180 guit,
599 5126 702 5163 non
731 5111 1043 5177 sapientem,
1084 5131 1188 5167 non
1223 5114 1580 5183 insipientem,
1634 5133 1737 5171 non
1767 5133 2003 5187 sognem,

426 5219 529 5257 non
561 5201 882 5265 studiosum,
903 5218 1006 5254 non
1039 5213 1332 5266 strenuum,
1355 5221 1456 5258 non
1490 5207 1862 5272 tittiidum,sed
1895 5226 2005 5262 om-

425 5295 583 5349 nibus
637 5293 985 5364 loquebatur,
1026 5310 1143 5361 qua:
1175 5310 1264 5348 sua
1293 5307 1445 5350 erant
1487 5298 1747 5366 impleas,
1798 5301 2006 5354 etiamsi

425 5388 600 5442 futura
639 5388 948 5457 pra'sciret:
983 5394 1040 5439 nt
1077 5385 1255 5440 dicere
1285 5398 1463 5455 posset
1491 5407 1503 5442 :
1538 5389 1672 5453 Quid
1698 5408 1774 5443 me
1788 5393 2008 5460 oportuit

426 5483 592 5548 facere
617 5519 632 5543 ,
663 5488 710 5531 et
744 5495 843 5531 non
885 5479 980 5549 feci
1006 5475 1155 5548 (lsai.
1186 5477 1237 5532 5.
1273 5477 1364 5547 4)⁴ἶ
1391 5477 1456 5532 Et
1483 5481 1754 5549 propheta:
1794 5483 2005 5551 quidem

430 5569 498 5623 de
523 5569 716 5637 populo
740 5569 887 5638 quasi
918 5569 985 5623 de
1032 5570 1180 5624 vinea
1213 5569 1497 5640 loquuntur
1526 5589 1538 5623 :
1583 5571 1737 5626 Vinea
1765 5577 1904 5628 enim
1929 5578 2006 5644 [a-

431 5669 512 5714 cta
539 5668 612 5714 est
652 5659 835 5715 dilecto
863 5659 1048 5732 (ιδιά.)
1074 5705 1086 5726 ,
1117 5662 1314 5731 inquit;
1350 5673 1422 5725 ct,
1456 5661 1662 5716 l’intam
1685 5664 1746 5717 de
1774 5664 2006 5736 )Egyrto

1191 240 1249 297 S.
1281 239 1559 297 JOANNIS
1598 235 2071 296 CleSOSTOMl
2111 235 2425 292 ARCHIEP.
2466 237 2999 295 CONSTANTINOP.

3617 244 3726 300 468

2137 355 2391 408 transtulit
2422 353 2601 426 (Psal.
2631 355 2718 411 79.
2750 355 2841 425 9);
2873 355 2963 411 ille
3001 371 3130 410 vero
3175 358 3326 427 quasi
3369 357 3438 413 de
3487 360 3728 418 semine.

2133 446 2268 513 Quid
2302 456 2476 502 autem
2500 447 2800 518 signiﬁcat?
2827 448 3129 516 Promptam
3158 465 3300 504 nunc
3328 450 3438 506 fore
3463 453 3724 508 obedien-

2137 539 2280 604 tiam,
2311 550 2364 594 et
2389 539 2700 605 faciliorem,
2726 551 2778 594 et
2798 540 2904 594 cito
2930 541 3152 596 fructum
3184 542 3444 596 daturam.
3470 544 3603 597 Cum
3627 560 3728 599 anu

2136 641 2240 685 tem
2269 631 2423 685 audis
2454 649 2467 685 :
2500 632 2637 686 Eaiit
2665 634 2749 703 qui
2771 633 2980 685 seminat
3005 634 3274 699 seminare,
3318 650 3421 688 non
3452 635 3587 689 idem
3614 637 3724 692 ite—

2134 724 2238 777 rari
2265 733 2436 793 putes.
2468 723 2621 793 Saepe
2643 726 2783 778 enim
2813 724 2901 792 qui
2921 724 3147 778 seminat
3167 725 3438 794 egreditur
3467 727 3530 780 ad
3560 728 3724 781 aliam

2134 832 2269 880 rem,
2303 817 2384 870 vel
2426 825 2482 870 ut
2511 816 2726 870 novales
2748 818 2938 876 sulcet,
2980 817 3060 871 vel
3099 827 3155 870 ut
3184 819 3349 872 malas
3381 819 3584 886 plantas
3631 837 3723 872 re-

2133 916 2298 971 secet,
2328 908 2408 962 vel
2459 917 2516 961 nt
2558 908 2738 976 spinas
2784 908 2997 972 evellat,
3053 910 3135 962 vel
3189 907 3329 962 aliud
3369 909 3492 977 quid
3545 911 3726 964 simile

2132 998 2332 1053 efﬁciat
2360 1017 2373 1050 :
2406 998 2518 1068 ipse
2557 1015 2684 1054 vero
2710 998 2773 1052 ad
2802 998 3168 1052 seminandum
3203 1013 3449 1068 egressus
3474 1011 3574 1052 est.

2203 1091 2384 1145 Semen
2402 1092 2529 1159 perit
2548 1101 2736 1154 nostra,
2760 1107 2858 1143 non
2879 1091 3170 1144 seminantis
3194 1091 3544 1160 culpa.Quare
3571 1092 3722 1145 Citri-

2129 1194 2235 1237 stus
2278 1183 2544 1252 allegorice
2584 1183 2716 1236 male
2741 1183 3012 1250 dispositas
3041 1185 3238 1236 animus
3277 1185 3721 1253 damnaverit.—

2133 1272 2430 1339 Undenam,
2462 1289 2642 1342 quazso
2663 1315 2678 1339 ,
2721 1275 2910 1326 factum
2935 1283 3036 1338 est,
3070 1285 3124 1326 ut
3154 1275 3381 1328 maxima
3412 1291 3531 1343 pars
3552 1277 3715 1328 semi-

2133 1365 2213 1418 nis
2257 1365 2494 1434 periret?
2522 1365 2634 1420 Non
2664 1381 2727 1418 ex
2757 1366 3053 1420 sotttinanle
3089 1366 3136 1419 id
3161 1378 3333 1418 ortum
3365 1377 3444 1420 est
3465 1409 3478 1430 ,
3509 1369 3597 1420 sed
3646 1386 3715 1423 ex

2131 1465 2266 1510 terra
2293 1472 2476 1512 semen
2504 1457 2830 1522 excipiente;
2867 1457 2915 1510 id
2943 1467 3044 1522 est,
3067 1474 3127 1511 ex
3156 1458 3329 1511 anima
3361 1476 3460 1513 non
3488 1461 3716 1514 audien-

2131 1555 2202 1600 te.
2231 1547 2295 1601 Et
2321 1563 2420 1616 qua
2443 1547 2508 1602 de
2537 1563 2694 1602 causa
2726 1562 2828 1600 non
2852 1548 2998 1612 dicit,
3021 1550 3218 1605 inertes
3249 1552 3347 1604 alia
3376 1555 3571 1608 semina
3591 1571 3719 1608 sus-

2129 1639 2370 1706 cepisse,
2406 1654 2575 1707 eaqne
2614 1639 2944 1709 perdidisse;
2973 1641 3074 1694 alia
3119 1642 3330 1704 divites.
3364 1653 3417 1697 et
3442 1659 3500 1697 ea
3545 1645 3716 1698 sntio—

2128 1747 2311 1795 casse;
2340 1732 2444 1786 alia
2487 1733 2698 1798 molles,
2745 1749 2913 1802 caque
2943 1734 3272 1802 prodidisse?
3301 1735 3415 1790 Non
3465 1739 3574 1792 vult
3617 1755 3716 1794 eos

2128 1823 2496 1878 vehementius
2519 1824 2787 1888 inscctari,
2822 1840 2887 1878 ne
2917 1825 2969 1878 in
2997 1826 3418 1894 desperationem
3441 1830 3712 1899 conjiciat,

2127 1915 2218 1968 sed
2247 1915 2374 1969 illud
2393 1917 2722 1986 arguendum
2744 1915 3044 1971 auditorum
3073 1919 3413 1974 conscientia:
3440 1920 3712 2001 relinquit.

2127 2005 2239 2060 Non
2271 2017 2446 2061 autem
2473 2022 2655 2062 semen
2684 2016 2887 2062 tantum
2920 2007 3020 2062 hoc
3053 2024 3262 2077 passum
3289 2021 3390 2074 est,
3414 2011 3506 2064 sed
3549 2013 3713 2066 etiam

2125 2115 2342 2169 sagena.
2369 2100 2496 2153 Nam
2521 2109 2574 2153 et
2618 2101 2704 2154 illa
2736 2100 2936 2155 inutilia
2983 2101 3147 2155 multa
3186 2101 3320 2156 tulit.
3355 2102 3501 2157 Hanc
3549 2120 3714 2173 porro

2125 2190 2434 2260 parabolam
2457 2190 2617 2256 dixit,
2650 2201 2706 2244 ut
2731 2191 3022 2261 discipulos
3045 2201 3323 2247 exerceret
3351 2193 3673 2264 duceretque
3694 2238 3710 2257 ,

2126 2291 2183 2336 ut
2210 2283 2252 2336 si
2283 2282 2420 2336 inter
2449 2298 2544 2337 eos
2589 2284 2676 2353 qni
2705 2299 2886 2338 semen
2933 2285 3249 2353 reciperent,
3281 2285 3460 2355 plures
3487 2297 3668 2341 essent
3692 2328 3711 2349 ,

2122 2375 2209 2443 qui
2234 2373 2362 2428 illud
2414 2375 2715 2443 perderent,
2746 2391 2813 2430 ne
2859 2375 3039 2429 animo
3075 2376 3436 2432 Conciderent.
3491 2377 3622 2431 Nam
3653 2389 3712 2432 et

2125 2467 2349 2520 Domino
2375 2466 2424 2520 id
2454 2468 2681 2534 accidit;
2727 2477 2782 2524 et
2808 2469 2896 2536 qui
2950 2468 3105 2538 plane
3133 2479 3374 2539 noverat,
3423 2471 3534 2526 haec
3585 2487 3709 2528 esse

2122 2556 2314 2621 futura,
2339 2559 2602 2613 seminare
2633 2575 2735 2615 non
2787 2559 3009 2614 destitit.
3042 2561 3109 2615 Et
3141 2577 3242 2632 qua
3285 2563 3352 2617 de
3388 2579 3568 2628 causa,
3618 2567 3706 2619 in-

2121 2647 2292 2717 quies,
2335 2649 2386 2702 in
2416 2650 2583 2719 spinis
2611 2651 2878 2705 seminare
2900 2693 2915 2717 ,
2948 2668 3105 2720 supra
3139 2665 3364 2722 petram,
3410 2656 3461 2709 in
3492 2657 3616 2710 via?
3644 2657 3706 2711 In

2121 2739 2434 2808 seminibus,
2468 2751 2523 2796 ct
2552 2741 2604 2796 in
2653 2752 2816 2808 terra,
2857 2744 2997 2797 nulla
3027 2754 3169 2799 esset
3199 2746 3334 2799 ratio
3367 2763 3378 2799 :
3413 2746 3462 2800 in
3494 2749 3706 2802 anima-

2118 2831 2218 2887 bus
2246 2842 2422 2888 autem
2450 2843 2505 2886 et
2530 2833 2581 2888 in
2609 2832 2846 2888 doctrina
2864 2877 2878 2900 ,
2907 2836 2958 2890 id
2985 2852 3325 2906 summOpere
3355 2839 3701 2896 laudandum.

2118 2922 2361 2993 Agricola
2390 2925 2532 2977 enim
2558 2924 2680 2994 jure
2704 2927 3006 2994 culparetur
3034 2929 3078 2980 si
3128 2927 3179 2981 id
3210 2927 3443 2984 faceret:
3470 2948 3574 2984 non
3606 2948 3701 3000 pn-

2119 3021 2222 3068 test
2245 3013 2386 3066 enim
2416 3023 2562 3082 petra
2597 3014 2709 3068 ﬁeri
2749 3025 2911 3080 terra,
2944 3033 3115 3085 neque
3155 3020 3233 3071 via
3287 3035 3390 3074 ηοιι
3421 3037 3540 3075 esse
3569 3024 3650 3076 via
3679 3066 3697 3090 ,

2117 3118 2291 3172 neque
2319 3113 2540 3173 possunt
2569 3105 2735 3174 spinas
2761 3121 2866 3160 non
2887 3121 3005 3161 esse
3025 3109 3187 3177 Spinze
3217 3125 3229 3160 :
3261 3109 3309 3161 in
3345 3112 3700 3170 rationalibus

2115 3206 2292 3251 autem
2341 3212 2446 3252 non
2482 3198 2560 3252 sic
2592 3215 2604 3250 :
2639 3208 2814 3268 potest
2839 3201 2978 3254 enim
3013 3213 3158 3270 petra
3182 3204 3370 3255 mutari
3394 3203 3693 3261 infertilem

2117 3297 2332 3352 terram,
2365 3291 2552 3358 viaque
2582 3305 2686 3344 non
2711 3291 2843 3345 ultra
2869 3292 3172 3347 conculcari
3195 3295 3261 3348 ab
3288 3297 3534 3350 omnibus
3557 3314 3694 3366 pra:-

2116 3379 2467 3442 tereuntibus,
2499 3396 2722 3451 esseque
2749 3384 2956 3452 pinguis
2985 3400 3146 3454 ager:
3172 3388 3444 3456 Spintrque
3477 3400 3698 3455 possunt

2114 3472 2266 3527 evelli
2293 3513 2307 3535 ,
2337 3474 2406 3527 ita
2436 3476 2707 3528 utsemina
2737 3475 2801 3528 iis
2825 3476 3037 3531 liberata
3063 3477 3400 3534 l’ructilieent.
3420 3481 3527 3534 Nisi
3551 3484 3692 3537 enim

2113 3563 2163 3616 id
2193 3573 2370 3632 posset
2398 3564 2532 3631 ﬁcri,
2567 3581 2670 3619 non
2696 3568 3014 3622 setninassct
3042 3569 3148 3623 ille.
3184 3571 3332 3636 Quod
3369 3574 3410 3625 si
3441 3573 3554 3627 ha-c
3581 3591 3696 3627 nm-

2115 3657 2240 3708 tatio
2287 3657 2337 3709 in
2383 3657 2629 3711 omnibus
2659 3637 2790 3711 facta
2831 3674 2933 3713 non
2961 3660 3049 3726 sit,
3080 3660 3130 3713 id
3163 3679 3266 3715 non
3293 3677 3358 3716 ex
3389 3665 3695 3719 seminante

2115 3745 2392 3813 provenit,
2423 3746 2516 3800 sed
2537 3764 2601 3801 ex
2631 3747 2695 3802 iis
2722 3749 2808 3817 qui
2843 3751 3030 3804 mutari
3082 3753 3386 3808 noluerunt.
3439 3754 3570 3808 Nam
3605 3758 3693 3810 ille

2111 3835 2326 3902 quidem
2351 3852 2470 3905 quae
2517 3837 2682 3905 ipsius
2709 3848 2861 3892 erant
2887 3839 3063 3894 cli'ecit
3088 3859 3100 3893 :
3131 3842 3172 3895 si
3200 3858 3328 3896 vero
3360 3843 3432 3898 illi
3459 3862 3578 3913 qua:
3603 3864 3692 3900 ac-

2112 3935 2366 3994 ceperant
2412 3927 2479 3981 ab
2520 3942 2584 3980 eo
2629 3929 2968 3996 prodiderunt
2992 3972 3007 3992 ,
3037 3933 3150 3987 sine
3177 3934 3329 4002 culpa
3373 3936 3461 3991 ille
3484 3949 3566 3992 est
3604 3941 3691 4008 qui

2115 4025 2312 4068 tantam
2361 4015 2734 4085 benigniuitem
2784 4021 3044 4074 exhibuit.
3099 4023 3176 4077 Tu
3211 4040 3340 4078 vero
3381 4027 3506 4082 illud
3558 4032 3690 4084 mihi

2112 4107 2399 4175 perpende,
2430 4125 2531 4161 non
2557 4125 2713 4162 unam
2732 4127 2850 4165 esse
2874 4114 3127 4182 perniciei
3154 4117 3313 4179 viam,
3334 4119 3426 4172 sed
3453 4120 3695 4178 diversas

2113 4213 2232 4252 esse
2261 4198 2497 4268 aliasque
2527 4201 2592 4252 ab
2620 4201 2738 4254 aliis
2761 4201 2991 4255 dissitas.
3023 4205 3124 4258 Alii
3154 4223 3380 4277 namque
3417 4211 3512 4264 via:
3546 4214 3696 4266 simi-

2113 4294 2190 4344 les
2210 4299 2352 4354 sunt,
2389 4301 2442 4342 ut
2469 4292 2728 4356 forenses,
2771 4308 2961 4362 segnes
2992 4308 3044 4350 et
3074 4299 3428 4368 negligentes;
3471 4303 3559 4356 alii
3605 4323 3697 4373 pc-

2114 4389 2246 4433 tram
2278 4380 2590 4444 referentes,
2636 4383 2955 4439 inﬁrmiores
2981 4399 3123 4440 sunt.
3163 4387 3251 4442 2|.
3288 4390 3434 4453 Quod
3473 4393 3525 4445 in
3556 4406 3696 4462 petra

2111 4471 2384 4524 seminatur
2411 4488 2598 4535 semen,
2626 4474 2812 4542 inquit,
2845 4477 2994 4543 refert
3017 4477 3161 4530 illum
3183 4479 3268 4547 qui
3295 4483 3496 4534 verbum
3529 4486 3695 4547 audit,

2112 4574 2156 4616 et
2180 4566 2348 4616 statim
2371 4580 2482 4616 cum
2509 4566 2694 4634 gaudio
2717 4568 2927 4636 accipit;
2957 4569 3046 4623 21.
3070 4571 3158 4623 sed
3179 4588 3276 4625 non
3305 4574 3447 4627 habet
3472 4579 3698 4631 radicem

2111 4653 2164 4706 in
2189 4654 2370 4723 seipso,
2399 4665 2442 4706 et
2473 4655 2542 4706 ad
2562 4665 2756 4725 tempus
2784 4667 2976 4710 tantum
2995 4661 3218 4715 consistit
3244 4679 3263 4716 :
3291 4664 3381 4718 sed
3404 4666 3700 4721 adueniente

2113 4753 2318 4813 propter
2341 4744 2542 4798 verbum
2561 4746 2866 4814 calamitate,
2895 4751 2973 4803 vel
3000 4755 3397 4823 persequutione,
3421 4761 3594 4812 statim
3618 4766 3700 4831 of-
3789 4827 3794 4832 '

2122 4832 2402 4899 fenditJ9.
2424 4836 2553 4891 Cum
2572 4855 2688 4892 vero
2701 4841 2816 4908 quis
2837 4843 2986 4895 audit
3002 4846 3210 4900 verbum
3227 4850 3462 4900 veritatis
3487 4851 3577 4906 ’,ει
3596 4869 3696 4902 ttun

2113 4924 2347 4995 intelligit
2367 4968 2380 4991 ,
2426 4929 2556 4979 venit
2587 4929 2860 4997 malignus,
2903 4933 3105 4999 etrapit
3140 4933 3193 4984 id
3235 4937 3370 5000 quod
3397 4940 3698 4992 seminatum

2113 5026 2219 5069 erat
2253 5018 2306 5069 in
2335 5018 2484 5070 corde
2511 5019 2685 5087 ipsius.
2725 5019 2833 5072 Hoc
2855 5030 2927 5074 cst
2948 5039 3112 5076 semen
3137 5027 3292 5094 juxta
3314 5030 3444 5080 riam
3476 5032 3695 5100 jactum.

2113 5109 2227 5162 Non
2270 5119 2352 5162 est
2379 5122 2554 5163 autem
2586 5111 2808 5179 aequale,
2851 5115 3062 5168 nemine
3115 5130 3358 5183 vexante,
3398 5122 3486 5175 vel
3536 5127 3699 5177 mole-

2113 5200 2268 5253 stiam
2297 5199 2574 5258 inlcrcnlc.
2605 5200 2900 5255 doctrinam
2923 5207 3202 5269 exsiccari,
3232 5220 3285 5262 ct
3317 5211 3548 5266 instante
3581 5225 3701 5266 ten-

2115 5290 2316 5344 tatiouc
2348 5290 2572 5360 idipsntn
2624 5291 2734 5345 ﬁeri
2768 5309 2780 5344 :
2816 5295 2902 5362 qui
2933 5310 3059 5348 vero
3089 5298 3257 5367 spinis
3287 5299 3487 5356 similes
3533 5314 3663 5357 sunt
3686 5345 3702 5371 ,

2117 5383 2296 5434 minus
2326 5381 2407 5434 bis
2429 5393 2552 5436 sunt
2581 5384 2732 5438 venia
2758 5384 2923 5454 digni.

2177 5475 2230 5529 4.
2274 5474 2350 5529 Ne
2369 5476 2524 5545 igitur
2545 5491 2727 5531 eorum
2751 5479 3018 5550 quidpiam
3043 5481 3325 5552 patiamur,
3358 5483 3469 5540 lucc
3491 5487 3704 5542 semim

2183 5677 2199 5706 ¹
2238 5675 2341 5734 alii,
2369 5676 2558 5728 verbum
2588 5680 2754 5750 regni.
