4010 6128
284 232 390 287 ιεο

286 347 377 397 καὶ
399 347 634 417 ἁρπάζει
656 347 683 400 ὁ
715 347 976 412 διάϐολος.
1004 350 1116 402 ἀλλ’
1140 354 1298 422 ἡμεῖς
1335 351 1514 424 κύριοι
1543 353 1636 406 τοῦ
1663 354 1736 424 μὴ
1773 354 1949 424 ἀρπα-

281 432 474 501 γὴνοιι⁹
515 434 563 486 εἰ
613 435 705 486 καὶ
738 432 1048 504 ξηραίνεται
1078 437 1144 491 τὰ
1180 438 1492 509 σπέρματα,
1551 439 1611 492 ού
1659 438 1810 508 παρά
1859 438 1951 490 τὸν

282 514 538 567 καύσωνα
599 515 753 569 τοῦτο
814 518 1021 585 γίνεται
1079 522 1170 588 (οὐ
1230 519 1337 592 γὰρ
1385 516 1568 581 εἶπεν,
1612 522 1692 574 ὅτι
1740 522 1827 574 διά
1860 521 1950 574 τὸν

282 596 538 652 καύσωνα
587 599 876 670 ἐξηράνθη.
911 603 1045 656 ἀλλά
1094 603 1183 657 6:6
1225 604 1286 656 :6
1333 606 1407 675 μὴ
1464 605 1608 675 ἔχειν
1640 605 1868 675 ῥίζαν)·
1901 606 1950 658 εί

282 681 376 732 xal
415 681 771 749 ἀποπνίγεται
819 685 888 738 τά
930 686 1218 756 λεγόμενα,
1263 687 1321 740 οὐ
1358 687 1509 758 παρά
1543 688 1640 750 τάς
1687 687 1948 752 ἀκάνθας,

283 762 417 814 ἀλλά
472 764 622 832 παρά
682 767 808 829 τοὺς
873 768 1285 839 συγχωροῦντας
1325 773 1345 802 ²
1405 769 1670 839 ἀναϐῆναι
1731 771 1947 833 ταύτας.

286 845 502 898 Ἕνεστι
551 847 680 918 γὰρ,
708 847 802 901 ἐὰν
843 849 1020 920 θέλῃς,
1056 851 1300 906 κωλῦσαι
1335 853 1432 924 τὴν
1465 853 1718 924 πονηρὰν.
1747 853 1951 925 ταύτην

285 927 539 998 βλάστην,
569 931 664 982 καὶ
690 931 766 1001 τῷ
798 931 1010 1004 πλούτῳ
1041 935 1121 996 εἰς
1149 935 1268 988 δέον
1299 935 1627 1006 χρήσασθαι.
1659 936 1756 988 Διά
1797 937 1952 990 τοῦτο

281 1011 379 1063 οὐκ
400 1007 572 1076 εἶπεν,
609 1013 665 1065 Ὀ
687 1013 839 1078 αἰὼν,
875 1015 1010 1076 ἀλλ’,
1053 1015 1113 1070 Ἠ
1135 1016 1389 1086 μέριμνα
1417 1018 1522 1071 τοῦ
1549 1018 1783 1083 αἰῶνος·
1805 1018 1947 1081 οὐδὲ,

309 1096 349 1143 0
381 1093 629 1158 πλοῦτος,
665 1096 802 1159 ἀλλ’,
847 1097 917 1152 Ἡ
949 1098 1147 1166 ἀπάτη
1178 1100 1284 1153 τοῦ
1321 1102 1609 1154 πλούτου.
1653 1102 1744 1170 Μὴ
1771 1101 1949 1154 τοίνυν

281 1175 344 1227 :6
380 1178 674 1245 πράγματα
696 1180 1016 1250 αἰτιώμεθα,
1039 1181 1174 1235 ἀλλά
1205 1182 1300 1253 τὴν
1328 1183 1552 1253 γνώμην
1577 1183 1672 1254 τήν
1701 1184 1948 1255 διεφθαρ-

283 1257 468 1328 μένην.
504 1261 657 1313 Ἐστι
679 1261 786 1332 γὰρ
819 1264 911 1315 καὶ
937 1264 1205 1328 πλουτεῖν,
1251 1267 1343 1318 καὶ.
1379 1266 1452 1336 μὴ
1477 1267 1808 1319 ἀπατᾶσθαι-
1853 1268 1947 1320 καὶ

283 1340 340 1390 ἐν
393 1340 470 1409 τῷ
525 1344 680 1396 αἰῶνι
725 1343 863 1398 εἶναι
909 1347 1102 1417 τούτῳ,
1153 1349 1246 1400 καὶ
1289 1348 1363 1418 μὴ
1402 1349 1798 1416 ἀποπνίγεσθαι
1828 1353 1946 1414 ταῖς

281 1424 543 1491 φροντίσι.
568 1427 676 1479 Καὶ
704 1427 811 1498 γὰρ
849 1428 940 1482 δύο
964 1429 1317 1502 ἐλαττώματα
1342 1433 1370 1484 6
1399 1431 1626 1495 πλοῦτος
1649 1431 1762 1502 ἔχει
1790 1434 1946 1485 ἐναν-

279 1507 390 1557 τία·
417 1509 475 1560 :6
501 1511 618 1579 μὲν,
662 1516 976 1566 κατατεῖνον
998 1515 1091 1568 καὶ
1123 1515 1464 1580 ἐπισκοτοῦν,
1489 1516 1589 1586 τὴν
1637 1516 1903 1586 μέριμναν
1928 1534 1940 1547 ·

278 1590 336 1642 16
372 1593 448 1653 δὲ,
482 1594 903 1666 μαλακωτέρους
933 1598 952 1629 ³
991 1596 1201 1660 ποιοῦν,
1232 1599 1330 1668 τήν
1367 1600 1597 1669 τρυφήν.
1629 1600 1736 1652 Kal
1767 1599 1945 1662 καλῶς

278 1669 451 1731 εἶπεν.
489 1676 554 1728 ’Π
601 1676 797 1744 ἀπάτη
845 1678 956 1733 τοῦ
1009 1681 1300 1733 πλούτου.
1337 1681 1520 1734 Πάντα
1569 1683 1677 1752 γὰρ
1724 1681 1790 1734 τὰ
1851 1681 1943 1735 τοῦ

277 1757 508 1811 πλούτου
561 1759 778 1830 ἀπάτη·
835 1761 1072 1830 ὀνόματα
1130 1762 1239 1834 γάρ
1295 1763 1452 1833 μόνον
1512 1765 1678 1826 ἐστὶν,
1703 1765 1803 1817 οὐκ
1854 1765 1946 1818 ἐπὶ

277 1841 616 1911 πραγμάτων
642 1843 888 1913 κείμενα.
918 1844 1027 1897 Kal
1060 1845 1169 1916 γὰρ
1191 1848 1224 1916 ή
1253 1847 1415 1916 ἡδονὴ
1434 1886 1447 1910 ,
1487 1847 1580 1900 καὶ
1609 1849 1642 1918 ή
1670 1847 1816 1912 δόξα,
1851 1848 1945 1901 καὶ

273 1925 302 1976 ὁ
345 1926 748 1994 καλλωπισμὸς,
787 1929 880 1980 καὶ
913 1929 1087 1982 πάντα
1113 1928 1282 1983 ταῦτα
1306 1970 1320 1992 ,
1370 1929 1636 1996 φαντασία
1664 1929 1748 1993 τίς
1774 1932 1941 1994 ἐστιν,

273 2008 335 2060 ού
366 2009 704 2080 πραγμάτων
731 2010 978 2080 ἀλήθεια.
1014 2011 1196 2066 Εἰπὼν
1221 2016 1397 2066 τοίνυν
1428 2014 1552 2076 τοὺς
1581 2013 1816 2083 τρόπους
1843 2013 1945 2082 τῆς

275 2091 567 2156 ἀπωλείας,
619 2091 846 2163 ὕστερον
882 2094 1062 2164 τίθησι
1099 2095 1196 2165 τὴν
1237 2095 1406 2166 καλὴν
1451 2096 1591 2166 γῆν,
1625 2096 1725 2150 οὐκ
1763 2097 1944 2164 ἀφιεὶς

273 2175 604 2242 ἀπογνῶναι,
640 2179 775 2232 ἀλλά
795 2179 970 2242 διδοὺς
1002 2177 1192 2232 ἐλπίδα
1231 2179 1542 2249 μετανοίας,
1577 2180 1672 2233 καὶ
1703 2178 1939 2240 δεικνὺς,

271 2259 353 2311 ὅτι
381 2260 604 2314 δυνατὸν
644 2262 708 2313 ἐκ
748 2262 855 2315 τῶν
902 2263 1208 2333 εἰρημένων
1237 2266 1317 2326 εἰς
1348 2261 1551 2332 ταύτην
1599 2260 1941 2330 μεταϐαλεῖν.

272 2341 461 2394 Καίτοι
493 2345 540 2396 εἰ
568 2345 660 2396 καὶ
689 2347 722 2414 ἡ
744 2344 816 2414 γῆ
838 2345 996 2416 καλὴ.
1021 2347 1116 2399 καὶ
1135 2349 1161 2400 6
1188 2347 1420 2417 σπορεὺς
1448 2339 1548 2406 εἷς,
1577 2343 1670 2397 καὶ
1689 2342 1756 2396 τὰ
1780 2342 1945 2412 σπέρ-

274 2443 419 2495 ματα
441 2425 508 2478 :6
535 2427 694 2488 αὐτὰ,
719 2428 860 2482 διατί
889 2428 918 2480 ὃ
956 2428 1054 2496 μὲν
1087 2429 1299 2493 ἑκατὸν,
1329 2428 1357 2481 ὃ
1394 2427 1451 2480 δὲ
1483 2426 1763 2497 ἐξήκοντα,
1788 2425 1815 2476 ὃ
1847 2426 1902 2478 δέ
1925 2426 1943 2457 "

270 2507 560 2575 τριάκοντα
590 2509 854 2578 ήνεγκεν;
890 2510 1154 2564 Ἐνταῦθα
1180 2509 1342 2564 πάλιν
1372 2508 1520 2580 παρά
1547 2509 1645 2578 τὴν
1667 2508 1828 2577 φύσιν
1846 2509 1943 2576 τῆς

269 2589 373 2658 γῆς
406 2591 729 2662 ήδιαφορά·
765 2595 856 2646 καὶ
902 2592 1008 2664 γάρ
1038 2593 1166 2647 ἐνθα
1198 2594 1264 2649 ἂν
1305 2594 1444 2665 καλὴ
1484 2594 1518 2663 ή
1558 2593 1650 2662 γῆ,
1688 2591 1856 2664 πολλὴ
1885 2594 1943 2646 ἐν

269 2673 406 2742 αὐτῇ
440 2676 534 2727 καὶ
572 2676 884 2746 ήδιαφορά.
937 2676 1100 2748 Ὁρᾷς
1146 2678 1266 2748 οὐχὶ
1334 2679 1422 2732 :6v
1480 2678 1722 2746 γεωργὸν
1772 2677 1942 2730 αἴτιον

269 2756 416 2818 οντα,
449 2758 571 2810 οὐδὲ
603 2759 673 2811 τὰ
706 2761 1017 2828 σπέρματα,
1047 2761 1183 2815 ἀλλά
1211 2763 1310 2833 τὴν
1350 2762 1643 2832 δεχομένην
1687 2761 1828 2830 γῆνς
1879 2761 1940 2813 06

269 2839 421 2909 1:a96
447 2838 545 2908 τὴν
573 2839 752 2906 φύσιν,
789 2841 922 2896 ἀλλά
956 2841 1105 2911 παρά
1133 2844 1227 2913 τὴν
1277 2843 1520 2914 γνώμην.
1565 2847 1674 2898 Kal
1708 2843 1940 2897 ἐνταῦθα

268 2918 322 2971 δὲ
367 2920 534 2990 πολλὴ
566 2922 596 2989 ή
630 2921 1022 2992 φιλανθρωπία.
1054 2925 1134 2976 ὅτι
1179 2926 1276 2996 οὐχ
1329 2924 1386 2978 ἓν
1431 2927 1653 2980 ἀπαιτεῖ
1703 2926 1938 2996 μέτρον⁵

269 3002 487 3072 ἀρετῆς,
524 3002 659 3056 ἀλλὰ
699 3004 792 3057 καὶ
829 3006 953 3069 τοὺς
1000 3006 1247 3078 πρώτους
1280 3007 1622 3076 ἀποδέχεται.
1671 3008 1767 3062 καὶ
1815 3009 1942 3071 τοὺς

268 3083 551 3154 δευτέρους
574 3086 671 3137 οὐκ
700 3085 972 3152 ἐκϐάλλει,
1004 3089 1096 3140 καὶ
1124 3091 1236 3152 τοῖς
1286 3089 1490 3158 τρίτοις
1522 3089 1706 3143 δίδωσι
1734 3088 1938 3159 χώραν.

269 3166 453 3219 Ταῦτα
501 3167 558 3220 δὲ
625 3166 792 3235 λέγει,
839 3168 926 3222 ἵνα
976 3170 1050 3240 μὴ
1105 3170 1400 3241 νομίσωσιν
1442 3173 1490 3224 οἰ
1518 3171 1942 3237 ἀκολουθοῦντες

269 3248 437 3319 αὐτῷ,
452 3252 532 3304 ὅτι
553 3252 713 3322 ἀρκεῖ
731 3254 764 3323 ή
780 3252 1040 3323 ἀκρόασις
1056 3255 1133 3316 εἰς
1150 3254 1558 3324 σωτηρίαν.Κα“ι
1578 3255 1718 3317 τίνος
1735 3255 1938 3318 ἕνεκεν,

270 3335 452 3401 φησὶν,
481 3335 600 3406 οὐχὶ
626 3336 721 3389 καὶ
754 3335 852 3399 :6;
883 3336 1047 3400 ἄλλας
1079 3336 1242 3406 ἔθηκε
1283 3336 1435 3409 [475]
1487 3339 1771 3408 πονηρίας,
1807 3332 1938 3402 οἷον,

270 3415 564 3484 ἐπιθυμίαν
600 3418 889 3488 σωμάτων,
923 3418 1259 3483 κενοδοξίανς
1309 3419 1490 3473 Εἰπὼν
1526 3419 1622 3489 τὴν
1668 3420 1942 3490 μέριμναν

270 3501 362 3556 τοῦ
385 3503 579 3566 αἰῶνος
603 3504 816 3566 τούτου,
843 3505 936 3559 καὶ
964 3505 1062 3574 τὴν
1082 3505 1297 3576 ἀπάτην
1328 3505 1420 3559 τοῦ
1446 3505 1696 3570 πλούτου,
1729 3505 1942 3560 ἅπαντα

271 3588 502 3646 τέθεικε.
547 3591 650 3644 Kal
680 3592 787 3660 γάρ
815 3592 910 3644 καὶ
940 3592 1245 3658 κενοδοξία,
1282 3593 1376 3646 καὶ
1413 3595 1481 3647 τά
1527 3594 1662 3648 ἄλλα
1703 3593 1942 3660 ἅπαντα,

269 3676 364 3728 τοῦ
397 3676 594 3740 αἰῶνος
621 3677 834 3738 τούτου,
865 3678 960 3730 καὶ
989 3679 1087 3748 τῆς
1115 3679 1209 3732 τοῦ
1241 3680 1469 3734 πλούτου
1514 3681 1727 3751 ἀπάτης
1759 3681 1905 3735 ἐστίν
1927 3699 1941 3713 ’

269 3760 419 3825 οἷον,
477 3763 675 3834 ἡδονὴ,
734 3767 828 3819 καὶ
874 3768 1322 3838 γαστριμαργία,
1362 3768 1457 3822 καὶ
1512 3768 1799 3838 βασκανία,
1852 3770 1947 3823 καί⁵

273 3852 568 3918 κενοδοξία,
593 3854 686 3907 καὶ
707 3853 806 3907 ὅσα
831 3853 1074 3909 τοιαῦτα.
1107 3856 1420 3927 Προσέθηκε
1453 3856 1511 3910 δέ
1558 3859 1653 3912 καὶ
1684 3858 1782 3930 τὴν
1827 3858 1945 3912 666v

275 3941 368 3992 καὶ
393 3940 491 4011 τὴν
526 3941 752 4013 πέτραν,
789 3942 1002 4006 δεικνὺς
1023 3944 1104 3996 ὅτι
1127 3945 1228 3997 οὐκ
1260 3946 1422 4015 ἀρκεῖ
1447 3947 1747 4016 χρημάτων
1771 3946 1946 4014 ἀπηλ-

276 4027 472 4097 λάχθαι
499 4029 680 4098 μόνον,
714 4029 854 4083 ἀλλά
875 4030 956 4083 δεῖ
979 4033 1070 4084 xal
1098 4031 1194 4102 τὴν
1230 4032 1395 4102 ἀλλην
1421 4033 1620 4103 ἀρετὴν
1645 4035 1853 4087 ἀσκεῖν.
1879 4031 1945 4086 Τί

273 4115 406 4186 γὰρ,
458 4117 523 4171 ἀν
556 4118 852 4188 χρημάτων
888 4119 987 4188 μὲν
1043 4119 1324 4191 ἐλεύθερος
1361 4115 1448 4192 ᾗς,
1474 4119 1732 4191 ἄνανδρος
1755 4121 1812 4174 δέ
1850 4123 1946 4174 καὶ

283 4204 557 4273 μαλακός;
607 4206 660 4258 τί
688 4205 766 4268 δὲ,
814 4205 879 4259 ἂν
911 4207 1210 4276 θίνανδρος⁴⁵
1253 4209 1350 4277 μὲν
1402 4209 1475 4279 μὴ
1499 4204 1587 4282 ᾗς,
1622 4209 1862 4280 ῥᾴθυμος
1890 4209 1947 4263 δὲ

279 4292 368 4344 καὶ
394 4291 653 4362 ὀλίγωρος
677 4293 804 4363 περὶ
833 4293 933 4364 τήν
965 4295 1262 4363 ἀκρόασινς
1299 4295 1432 4348 υὺδέ
1467 4297 1578 4364 γὰρ
1603 4297 1762 4365 ἀρκεῖ
1783 4296 1948 4367 μέρος

279 4379 337 4431 ἓν
372 4379 507 4450 πρὸς
526 4381 798 4451 σωτηρίαν
824 4383 978 4450 ἡμῖν,
1003 4380 1135 4434 ἀλλά
1157 4381 1234 4434 δεῖ
1262 4381 1477 4451 πρῶτον
1507 4381 1605 4450 μὲν
1631 4383 1950 4455 ἀκροάσεως

279 4466 541 4539 ἀκριϐοῦς
579 4468 673 4521 καὶ
708 4469 928 4539 μνήμης
957 4467 1257 4538 διηνεκοῦς,
1287 4468 1477 4522 ἔπειτα
1509 4469 1777 4540 ἀνδρείας,
1830 4465 1950 4523 εἶτα

278 4555 576 4624 χρημάτων
633 4554 940 4626 ὑπεροψίας
990 4557 1085 4609 καὶ
1112 4555 1210 4626 τῆς
1236 4555 1344 4608 τῶν
1381 4554 1647 4625 βιωτικῶν
1691 4556 1946 4610 ἁπάντων

278 4643 617 4714 ἀπαλλαγῆς.
649 4644 746 4697 Διά
790 4644 898 4716 γάρ
932 4661 1014 4696 τοι
1042 4645 1201 4697 τοῦτο
1239 4645 1454 4716 πρῶτον
1481 4644 1694 4714 τίθησιν
1737 4645 1946 4698 ἐκείνου

277 4730 498 4794 τοῦτοτ,
552 4733 739 4804 ἐπειδὴ
797 4733 986 4786 τούτου
1042 4733 1260 4804 πρώτου
1315 4734 1472 4805 χρεία
1503 4731 1667 4801 (Πῶς
1706 4733 1815 4805 γάρ
1857 4749 1949 4787 πι-

281 4819 674 4882 στεύσουσιν,
696 4821 803 4874 ἐὰν
817 4821 902 4890 μὴ
920 4822 1260 4884 ἀκούσωσι;
1281 4822 1533 4891 καθάπερ
1554 4816 1644 4874 06v
1673 4821 1769 4874 καὶ
1788 4823 1950 4891 ἡμεῖς

281 4905 376 4960 ὲάν
410 4905 484 4979 μή
514 4908 872 4978 προσέχωμεν
895 4913 1007 4972 τοῖς
1035 4909 1370 4980 λεγομένοις,
1397 4909 1518 4962 ούδέ
1547 4908 1738 4978 μαθεῖν
1786 4908 1948 4979 δυνη-

285 4993 488 5065 σόμεθα
518 4993 555 5048 ἃ
583 4995 688 5065 χρὴ
720 4997 922 5063 ποιεῖν)
947 5013 961 5026 ·
1016 4996 1208 5050 ἔπειτα
1241 4995 1340 5068 τὴν
1388 4996 1659 5067 ἀνδρείαν,
1708 4997 1803 5050 καὶ
1851 4997 1950 5067 τὴν

281 5085 390 5137 τῶν
425 5085 710 5157 παρόντων
755 5084 1074 5154 ὑπεροψίαν.
1094 5087 1259 5139 Ταῦτ’
1290 5082 1382 5140 οὖν
1425 5083 1712 5149 ἀκούοντες
1729 5086 1770 5150 ⁸,
1811 5086 1948 5140 πάν-

282 5175 436 5229 τοθεν
465 5177 692 5239 ἑαυτοὺς
720 5175 1063 5246 τειχίξωμεν,
1087 5179 1442 5246 προσέχοντες
1467 5180 1579 5241 τοῖς
1618 5178 1949 5248 λεγομένοις,

283 5265 375 5317 καὶ
409 5263 550 5317 κατά
579 5263 776 5334 βάθους
797 5262 1048 5332 ἀφιέντες
1078 5264 1175 5325 τὰς
1203 5265 1379 5332 ῥίζας,
1428 5265 1523 5319 καὶ
1571 5267 1788 5320 πάντων
1832 5269 1953 5321 ἐαυ-

1074 236 1129 292 S.
1166 236 1452 294 JOANNIS
1489 235 1977 296 CHRYSOSTOMI
2017 236 2334 296 ARCHIEP.
2374 235 2913 300 CONSTANTINOP.

3625 249 3734 306 470

2056 355 2181 416 τοὺς
2205 353 2622 426 ἐκκαθαίροντες
2651 359 2759 412 τῶν
2785 357 3068 428 βιωτικῶν,
3110 358 3206 410 ’Ἂν
3232 357 3288 412 δέ
3338 359 3406 412 :6
3441 360 3538 430 μὲν
3565 364 3732 414 ποιῶ-

2057 451 2178 505 μεν,
2210 435 2318 487 τῶν
2348 436 2402 489 δὲ
2449 437 2762 507 ἀμελῶμεν,
2799 441 2952 494 οὐδὲν
3000 441 3132 510 ἡμῖν
3165 441 3318 494 ἔσται
3366 441 3550 496 πλέον·
3587 444 3731 496 κᾶν⁹

2052 517 2157 586 γὰρ
2195 518 2268 587 μὴ
2327 517 2520 582 οὕτως,
2557 521 2667 573 ἀλλ’
2700 523 2926 584 ἐκείνως
2970 522 3341 593 ἀπολλύμεθα.
3367 524 3434 577 Τί
3467 527 3577 594 γὰρ
3614 524 3730 576 δια-

2054 599 2228 668 φέρει,
2259 602 2325 654 ἂν
2353 601 2427 670 μὴ
2472 601 2560 654 διά
2590 604 2842 667 πλούτου,
2873 604 3009 658 ἀλλά
3055 605 3144 659 6:6
3191 605 3498 677 ῥᾳθυμίας·
3551 606 3618 660 ἂν
3655 608 3730 678 μὴ

2052 682 2140 734 διά
2174 683 2524 752 ρᾳθυμίας¹⁰,
2552 686 2688 740 ἀλλά
2709 687 2775 740 δι’
2799 689 3095 760 ἀνανδρίας
3116 689 3508 761 διαφθαρῶμεν
3532 707 3547 752 ;
3574 689 3729 742 Ἐπεὶ

2053 763 2146 818 καὶ
2171 767 2199 817 ό
2219 767 2484 837 γεωργὸς,
2517 768 2581 822 ἀν
2607 785 2664 821 τε
2687 770 2880 834 οὕτως,
2911 772 2977 825 ἄν
3009 790 3068 824 τε
3115 773 3337 834 ἐκείνως
3367 773 3606 843 ἀπολέσῃ
3635 772 3726 825 :6v

2055 847 2273 918 σπόρον,
2293 850 2493 918 ὁμοίως
2519 852 2721 905 πενθεῖ.
2747 854 2837 924 Μὴ
2860 853 3040 908 τοίνυν
3069 856 3257 928 ἐπειδὴ
3281 856 3357 928 μὴ
3383 857 3544 909 πᾶσιν
3559 856 3723 908 ἀπολ-

2025 928 2258 1000 λύμεθα
2285 933 2397 994 τοῖς
2441 933 2682 999 τρόποις,
2715 936 3071 1006 παραμυθίαν
3111 937 3344 1010 ἔχωμεν,
3373 936 3717 1002 6116,6175.)-

2056 1030 2154 1082 μεν
2200 1013 2294 1084 οἴῳ
2327 1013 2393 1067 ἀν
2435 1014 2764 1086 ἀπολώμεθα
2792 1019 2997 1089 τρόπῳ.
3041 1021 3151 1073 Kal
3200 1021 3575 1091 κατακαίωμεν
3617 1017 3714 1081 :6;

2051 1096 2319 1160 ἀκάνθας’
2377 1099 2470 1150 καὶ
2523 1099 2632 1168 γὰρ
2678 1101 2971 1170 ἀποπνίγει
3005 1105 3046 1135 ¹¹
3098 1105 3191 1158 τὸν
3221 1105 3399 1173 λόγον.
3435 1104 3545 1156 Kal
3571 1102 3712 1178 ῖσασι

2049 1178 2206 1231 τοῦτο
2237 1180 2286 1231 οἰ
2338 1179 2712 1246 πλουτοῦντες,
2747 1184 2794 1236 οἰ
2833 1184 2908 1256 μὴ
2953 1185 3090 1256 πρὸς
3137 1186 3309 1239 ταῦτα
3370 1187 3550 1256 μόνον,
3585 1180 3716 1236 ἀλλά

2052 1260 2186 1331 μηδέ
2207 1260 2342 1331 πρὸς
2372 1262 2534 1333 ἕτερα
2550 1263 2701 1328 ὄντες
2734 1267 3014 1337 χρήσιμοι.
3040 1268 3352 1340 Δοῦλοιγάρ
3385 1268 3484 1321 καὶ
3513 1265 3713 1336 αἰχμα-

2047 1343 2207 1396 λωτοι
2231 1344 2512 1415 γενόμενοι
2534 1347 2642 1400 τῶν
2675 1348 2900 1418 ἡδονῶν,
2931 1351 3024 1404 καὶ
3049 1351 3181 1421 πρὸς
3209 1351 3277 1404 :6
3302 1350 3562 1403 πολιτικά
3582 1351 3724 1401 εἰσιν

2047 1427 2311 1497 ἄχρηστοι
2341 1429 2643 1499 πράγματα
2663 1446 2677 1460 °
2714 1433 2762 1484 εἰ
2815 1431 2872 1484 δὲ
2901 1433 3040 1504 πρὸς
3064 1436 3262 1499 ἐκεῖνα,
3299 1433 3478 1502 πολλῷ
3515 1433 3722 1502 μᾶλλον

2047 1510 2182 1581 πρὸς
2227 1511 2296 1564 :6
2332 1510 2442 1564 τῶν
2495 1513 2757 1584 οὐρανῶν.
2797 1515 2907 1569 Καὶ
2950 1515 3058 1588 γὰρ
3097 1517 3254 1588 διπλῆ
3295 1519 3405 1580 τοῖς
3434 1516 3718 1586 λογισμοῖς

2047 1592 2296 1644 ἐντεῦθεν
2327 1594 2360 1663 ή
2387 1593 2531 1665 λύμη
2557 1595 2786 1662 γίνεται,
2808 1597 2915 1650 ἀπό
2943 1615 3002 1651 τε
3029 1599 3128 1668 τῆς
3151 1599 3384 1670 τρυφῆς,
3407 1599 3512 1652 ἀπό
3533 1616 3590 1650 τε
3612 1597 3718 1665 τῆς

2046 1674 2344 1745 φροντίδος.
2381 1675 2598 1729 Τούτων
2617 1678 2727 1750 γάρ
2752 1679 2844 1732 καὶ
2873 1679 2994 1733 καθ’
3021 1681 3180 1735 ἐαυτὸ
3212 1682 3310 1752 μὲν
3339 1682 3566 1734 ἕκαστον
3598 1680 3719 1731 ἰκα-

2044 1757 2132 1810 νὸν
2179 1757 2574 1812 καταποντίσαι
2627 1761 2688 1812 :6
2730 1763 2970 1832 σκάφος·
3001 1765 3128 1818 ὅταν
3171 1765 3230 1817 δὲ
3290 1765 3384 1818 καὶ
3433 1762 3719 1834 ἀμφότερα

2046 1837 2348 1910 συνδράμῃ,
2386 1841 2636 1911 ἐννόησον
2663 1843 2848 1914 ἡλίκον
2871 1844 2932 1898 :6
2966 1845 3255 1914 κλυδώνιον
3287 1847 3516 1914 γίνεται.
3779 1846 3790 1854 ’

2114 1926 2174 1972 ε’.
2217 1922 2326 1975 Kal
2351 1921 2424 1993 μὴ
2458 1910 2766 1996 θαυμάσῂς,
2799 1928 2848 1980 εἰ
2875 1927 2972 1998 τήν
2995 1910 3207 1999 τρυφήν
3237 1910 3478 1992 ἀκάνθας
3503 1931 3546 1961 ¹¹
3584 1931 3716 1982 ἐκά-

2042 2003 2186 2056 λεσε.
2221 2005 2292 2056 Σὺ
2326 2005 2426 2075 μὲν
2453 2005 2562 2077 γὰρ
2579 2009 2811 2075 ἀγνοεῖς,
2838 2009 3051 2079 μεθύων
3071 2009 3148 2081 τῷ
3168 2010 3331 2064 πάθει
3352 2027 3365 2040 ·
3389 2013 3438 2065 οἰ
3457 2011 3513 2064 δὲ
3540 2012 3690 2080 ὑγιαί
3706 2042 3721 2052 -

2042 2103 2220 2150 νοντες
2251 2088 2431 2141 ἴσασιν
2462 2089 2545 2142 ὅτι
2598 2090 2842 2162 ἀκάνθης
2894 2093 3094 2162 μᾶλλον
3124 2097 3325 2158 κεντεῖ,
3382 2095 3478 2148 καὶ
3535 2095 3716 2165 τρυφὴ

2042 2169 2203 2224 πλέον
2236 2170 2268 2242 ἦ
2303 2171 2543 2242 μέριμνα
2570 2171 2786 2246 δαπανᾷ
2815 2174 2913 2246 τὴν
2943 2175 3143 2247 ψυχήν,
3173 2176 3268 2230 καὶ
3322 2176 3716 2246 χαλεπωτέρας

2043 2254 2271 2325 παρέχει
2304 2255 2402 2317 τάς
2435 2255 2628 2320 ὀδύνας
2656 2258 2751 2311 καὶ
2799 2257 2878 2328 τῷ
2912 2258 3124 2328 σώματι
3158 2260 3253 2312 καὶ
3279 2263 3345 2329 τῇ
3379 2259 3548 2333 ψυχῇ.
3581 2261 3718 2315 Οὐδὲ

2041 2338 2150 2406 γὰρ
2179 2337 2350 2400 06:0);
2384 2338 2490 2393 ὑπὸ
2527 2339 2804 2412 φροντίδος
2849 2359 2932 2406 τις
2962 2342 3278 2415 πλήττεται,
3320 2343 3398 2407 ὡς
3439 2345 3545 2398 61:6
3579 2346 3719 2415 πλη-

2044 2420 2268 2489 σμονὴς.
2293 2419 2462 2475 Ὅταν
2494 2421 2603 2493 γὰρ
2633 2424 2951 2494 ἀγρυπνίαι,
2977 2425 3070 2479 καὶ
3100 2413 3387 2496 κροτάφων
3417 2413 3714 2491 διατάσεις,

2043 2503 2136 2554 καὶ
2174 2504 2533 2576 καρηϐαρίαι,
2568 2508 2662 2560 καὶ
2715 2508 3035 2578 σπλάγχνων
3088 2508 3271 2562 ὀδύναι
3304 2510 3600 2581 περιέχωσι
3625 2511 3718 2563 τὸν

2040 2584 2300 2649 τοιοῦτον,
2328 2589 2579 2659 ἐννόησον
2607 2590 2789 2644 πόσων
2832 2590 3083 2644 ἀκανθῶν
3113 2590 3286 2645 ταῦτα
3337 2593 3716 2665 χαλεπώτερα.

2041 2668 2152 2721 Kal
2173 2669 2420 2740 καθάπερ
2449 2673 2506 2724 αἰ
2533 2671 2785 2737 ἄκανθαι,
2816 2673 2939 2726 ὃθεν
2963 2673 3029 2727 ἀν
3060 2674 3492 2745 κατασχεθῶσιν,
3515 2677 3719 2746 αἱμάτ-

2040 2768 2193 2804 τουσι
2213 2752 2313 2816 τάς
2330 2753 2661 2824 κατεχούσας
2681 2755 2849 2819 αὺτάς
2873 2759 3079 2828 χεῖρας·
3109 2757 3259 2830 [474]
3290 2758 3432 2812 06:0)
3453 2760 3518 2834 δὴ
3559 2761 3651 2812 καὶ
3681 2763 3716 2830 ἡ

2042 2837 2220 2906 τρυφὴ
2233 2837 2326 2888 καὶ
2341 2836 2525 2901 πόδας,
2540 2839 2633 2891 καὶ
2649 2841 2856 2910 χεῖρας,
2881 2841 2973 2893 καί⁵
2991 2842 3253 2911 κεφαλὴν,
3275 2845 3370 2897 καὶ
3383 2843 3715 2914 ὀφθαλμοὺς,

2042 2918 2138 2971 καὶ
2167 2918 2344 2971 πάντα
2369 2919 2554 2982 ἁπλῶς
2588 2920 2909 2989 λυμαίνεται
2939 2922 3012 2975 τὰ
3045 2923 3208 2994 μέλη’
3244 2926 3340 2979 καὶ
3365 2926 3502 2998 ξηρά
3535 2927 3592 2980 δὲ
3622 2928 3719 2980 καὶ

2043 2999 2292 3071 ἄκαρπός
2325 3001 2492 3063 ἐστιν,
2519 2999 2707 3072 ῶσπερ
2739 3002 2773 3071 ἡ
2824 3002 3058 3069 ἄκανθα,
3092 3005 3187 3058 καὶ
3231 3006 3410 3076 πολλῷ
3453 3005 3719 3076 μειζόνως

2042 3084 2258 3154 ἐκείνης
2301 3083 2480 3146 λυπεῖ,
2511 3085 2604 3137 καί⁸
2652 3084 2710 3137 ἐν
2755 3086 2868 3148 τοῖς
2901 3087 3158 3156 καιρίοις.
3189 3087 3296 3141 Kal
3330 3088 3438 3157 γὰρ
3463 3087 3507 3120 ¹³
3535 3087 3719 3158 γῆρας

2042 3163 2268 3236 ἄκαιρον
2323 3165 2624 3235 ἐπεισάγει,
2683 3167 2777 3220 καὶ
2818 3167 3083 3237 ἀμϐλύνει
3116 3169 3216 3233 τὰς
3273 3169 3572 3240 αἰσθήσεις,
3622 3173 3718 3223 καὶ

2045 3249 2225 3299 σκοτοῖ
2253 3246 2345 3298 τὸν
2374 3246 2656 3317 λογισμὸν,
2688 3249 2784 3302 καὶ
2808 3252 2976 3321 πηροῖ
3001 3251 3093 3304 τὸν
3129 3250 3253 3305 νοῦν
3287 3251 3380 3318 όξὺ
3429 3251 3714 3322 βλέποντα,

2042 3331 2136 3382 καὶ
2169 3330 2442 3401 πλαδαρὸν
2474 3331 2534 3384 :6
2568 3331 2728 3404 σῶμα
2751 3335 2915 3396 ποιεῖ,
2951 3333 3342 3405 δαψιλεστέραν
3365 3335 3466 3404 τῆς
3511 3335 3716 3403 κόπρου

2042 3415 2140 3485 τὴν
2168 3416 2452 3489 ἀποθήκην
2482 3419 2840 3490 ἐργαζομένη,
2865 3420 2956 3472 καὶ
2983 3419 3181 3492 πολλὴν
3213 3420 3312 3492 τὴν
3344 3421 3576 3491 σωρείαν
3607 3421 3716 3472 τῶν

2043 3503 2231 3556 κακῶν
2251 3503 2294 3535 ⁸⁸
2321 3504 2647 3573 συνάγουσα,
2682 3507 2774 3558 καὶ
2823 3505 3007 3576 μεῖζον
3055 3507 3116 3560 :6
3146 3507 3385 3578 φορτίον,
3417 3509 3510 3561 καὶ
3543 3509 3716 3578 ὑπέρ-

2043 3605 2205 3657 ογκον
2257 3594 2492 3645 ποιεῖται
2541 3592 2630 3646 τὸν
2663 3595 2831 3663 γόμον
2851 3609 2863 3624 ο
2891 3594 3012 3646 ὅθεν
3040 3595 3131 3648 καὶ
3161 3594 3329 3648 πολλά
3374 3595 3470 3649 καὶ
3519 3595 3717 3664 συνεχῆ

2041 3676 2113 3730 :6
2158 3677 2446 3748 πτώματα,
2484 3679 2580 3734 καὶ
2613 3679 2796 3733 πυκνά
2823 3679 2890 3733 τά
2921 3680 3174 3748 ναυάγια.
3201 3681 3266 3734 Τί
3286 3679 3394 3751 γὰρ
3423 3681 3714 3745 λιπαίνεις.

2044 3769 2164 3822 εἰπέ
2200 3786 2312 3839 μοι,
2364 3769 2425 3822 :6
2456 3769 2650 3840 σῶμα;
2682 3770 2773 3840 Μὴ
2807 3769 2913 3840 γὰρ
2942 3770 3246 3824 καταθῦσαι
3275 3787 3335 3822 σε
3368 3770 3601 3840 ἐχομένς
3641 3771 3719 3842 μὴ

2047 3855 2153 3924 γὰρ
2174 3857 2498 3928 παραθεῖναι
2531 3856 2816 3929 τραπέζῃ;
2844 3857 2956 3921 Τάς
2991 3857 3169 3928 δρνεις
3198 3856 3379 3920 καλῶς
3432 3858 3666 3920 πιαίνεις
3699 3872 3713 3886 ·

2051 3943 2251 4013 μᾶλλον
2279 3943 2338 3996 δέ
2365 3944 2483 3996 οὐδὲ
2532 3943 2746 4006 ἐκείνας
2791 3943 3005 4007 καλῶς·
3061 3944 3187 3996 ὃταν
3229 3943 3338 4014 γάρ
3393 3943 3714 4002 πιανθῶσιν.

2046 4031 2308 4101 ἄχρηστοι
2343 4030 2478 4100 πρὸς
2503 4031 2742 4101 ὑγιεινήν
2773 4031 2881 4084 εἰσι
2928 4030 3155 4084 δίαιταν.
3189 4029 3451 4083 Τοσοῦτον
3474 4029 3642 4083 κακὸν
3682 4031 3715 4099 ἡ

2045 4118 2244 4190 τρυφὴ,
2273 4118 2348 4181 ὡς
2367 4119 2460 4172 καὶ
2493 4118 2551 4171 ἐν
2589 4118 2802 4186 ἀλόγοις
2821 4119 2918 4188 τὴν
2945 4116 3123 4190 λύμην
3151 4117 3575 4171 ἐπιδείκνυσθαι.
3604 4117 3718 4169 Kal

2045 4205 2154 4278 γὰρ
2184 4207 2400 4269 ἐκείνας
2424 4203 2717 4276 τρυφώσας
2749 4204 2845 4258 καὶ
2872 4206 3095 4269 ἐαυταῖς
3126 4205 3221 4259 καὶ
3244 4205 3372 4276 ἡμῖν
3411 4205 3718 4274 ἀχρήστους

2046 4292 2330 4364 ποιοῦμεν.
2364 4293 2476 4347 Kal
2508 4293 2614 4361 γὰρ
2649 4292 2720 4346 τὰ
2749 4291 3140 4364 περιττώματα
3187 4290 3591 4361 ἀκατέργαστα,
3622 4291 3720 4343 καὶ

2046 4383 2079 4452 ἡ
2103 4380 2373 4451 ὑγροτέρα
2406 4379 2567 4450 σῆψις
2596 4379 2706 4432 61:6
2727 4379 2830 4449 τῆς
2854 4378 3091 4449 πιμελῆς
3121 4379 3334 4449 ἐκείνης
3360 4377 3592 4446 γίνεται.
3638 4378 3722 4430 T6

2046 4469 2104 4522 δὲ
2130 4469 2227 4538 οὐχ
2271 4468 2412 4521 06:0)
2439 4467 2770 4538 τρεφόμενα,
2807 4467 2945 4529 ἀλλ’,
2976 4466 3051 4530 ῶς
3097 4466 3163 4520 ἂν
3201 4466 3344 4519 εῖποι
3384 4482 3503 4528 τις,
3540 4467 3599 4517 ἐν
3627 4482 3725 4534 νη-

2054 4558 2206 4628 στείᾳ
2236 4556 2508 4625 διάγοντα,
2539 4557 2634 4610 καὶ
2664 4556 2964 4626 συμμέτρῳ
2988 4554 3184 4626 διαίτῃ,
3215 4554 3308 4608 καὶ
3337 4552 3603 4605 πονοῦντα
3627 4553 3724 4606 καὶ

2052 4644 2568 4717 ταλαιπωρούμενα,
2593 4642 2766 4697 ταῦτα
2790 4643 2887 4696 καὶ
2916 4643 3126 4705 ἐαυτοῖς
3170 4641 3266 4695 καὶ
3297 4639 3478 4703 ἄλλοις
3526 4656 3724 4711 χρησι-

2059 4733 2302 4804 μώτατα,
2324 4734 2419 4786 καὶ
2443 4733 2581 4803 πρὸς
2611 4730 2816 4802 τροφήν
2846 4731 2940 4785 καὶ
2971 4731 3106 4803 πρὸς
3134 4729 3202 4783 :6
3229 4729 3362 4784 ἀλλα
3387 4727 3627 4782 ἅπαντα.
3660 4729 3724 4781 Οἱ

2055 4821 2189 4890 γοῦν
2218 4823 2402 4875 ἐκεῖνα
2433 4817 2738 4889 σιτούμενοι
2777 4818 2978 4889 μᾶλλον
3011 4818 3344 4887 ὑγιαίνουσιν
3364 4833 3379 4847 ο
3409 4817 3459 4869 οἱ
3499 4815 3558 4868 δὲ
3596 4814 3727 4868 τού-

2054 4928 2164 4974 τοις
2197 4909 2540 4981 τρεφόμενοι,
2577 4906 2761 4970 αὐτοῖς
2799 4906 3010 4960 ἐοίκασι
3035 4945 3052 4969 ,
3099 4903 3298 4974 νωθροὶ⁹
3335 4904 3429 4957 καὶ
3482 4903 3725 4956 ἐπίνοσοι

2054 4999 2349 5071 γινόμενοι,
2389 4999 2483 5051 καὶ
2531 4997 2622 5051 :6v
2679 4995 2877 5066 δεσμὸν
2912 4993 3289 5065 χαλεπώτερον
3346 4993 3724 5063 ἐργαζόμενοι.

2055 5087 2217 5142 Οὐδὲν
2242 5086 2351 5155 γὰρ
2379 5084 2520 5138 06:0)
2554 5082 2767 5154 σώματι
2803 5083 3060 5152 πολέμιον
3087 5082 3182 5136 καὶ
3207 5081 3489 5150 βλαϐερὸν,
3512 5081 3587 5144 ὡς
3611 5081 3647 5150 ἡ
3683 5079 3728 5110 ⁸⁸

2051 5177 2263 5247 τρυφή·
2285 5173 2437 5228 οὐδὲν
2482 5171 2625 5226 06:0)
2648 5171 3004 5243 διαρῤήγνυσι
3032 5170 3126 5223 καὶ
3172 5168 3580 5239 καταχῶννυσιν
3624 5168 3729 5221 αύ-

2051 5264 2212 5334 τὴν¹⁶
2243 5263 2337 5316 καὶ
2379 5259 2701 5330 διαφθείρει,
2751 5258 2826 5322 ὡς
2875 5257 3106 5313 ἀσωτία.
3139 5256 3230 5310 Διὸ
3275 5256 3505 5328 μάλιστα
3543 5254 3609 5308 ἀν
3643 5272 3733 5320 τις

346 5359 366 5388 ²
383 5355 472 5411 Sic
494 5355 534 5410 F
544 5397 557 5410 .
579 5357 674 5425 Ep.
699 5357 879 5412 caueri
893 5355 987 5409 τοῦ
1005 5353 1427 5426 συγχωροῦντος.
1498 5357 1519 5388 ⁸
1544 5358 1935 5430 μαλακωτέραν

346 5443 417 5474 Μ’.
491 5427 513 5458 δ
541 5430 568 5474 ὁ
599 5427 762 5474 μὲν---
790 5427 960 5474 ὁδέ...
993 5427 1021 5474 ὁ
1045 5425 1102 5474 δὲ
1124 5424 1267 5474 A.C-
1300 5425 1359 5474 Β.
1395 5425 1454 5474 F.
1519 5427 1540 5458 ⁵
1565 5427 1779 5474 ιιέτοον]
1809 5430 1946 5474 ιιέηο.

2064 5375 2138 5411 ιον
2153 5353 2240 5425 0.]
2262 5352 2445 5434 ποιοῦν
2468 5350 2566 5432 τὴν
2580 5349 2756 5421 ψυχήν
2771 5349 2835 5404 Α.
2851 5349 2915 5404 C.
2931 5351 3025 5406 sed
3045 5350 3256 5474 τρυφήν
3279 5363 3376 5418 pro
3395 5347 3570 5417 ψυχήν
3584 5346 3652 5399 Α.
3677 5347 3731 5400 in

2067 5426 2164 5474 _C.
2211 5424 2269 5474 υ.
2304 5423 2365 5474 Ε.
2396 5431 2579 5474 mvms
2606 5420 2840 5474 luteum.
2876 5419 3004 5474 Post
3035 5420 3091 5474 h.
3133 5435 3186 5474 ν.
3231 5419 3487 5474 egebatur
3515 5419 3544 5469 6
3574 5417 3731 5474 Θεός.

280 5443 420 5500 ιιιιπ.
491 5427 513 5458 ⁸
541 5430 568 5481 6
598 5419 762 5500 μὲν.,.
790 5427 1021 5500 6_6é...__6
1045 5419 1267 5500 δέἎξΟ,
1300 5425 1359 5500 D_.
1394 5425 1468 5500 F._
1519 5419 1779 5500 ‘_'gé:9oy]
1808 5419 1946 5500 μέροη

2067 5426 2164 5482 .C.
2195 5419 2290 5500 _l')._
2304 5423 2365 5478 E.
2396 5419 3004 5500 ἰηνὶςὶειιιιοιθρρηροξι
3035 5419 3092 5500 hi
3123 5434 3186 5500 γ.

3231 5417 3487 5490 egebatyr
3511 5417 3736 5490 6836;.

280 5485 668 5575 «luodﬂculp'A.
701 5499 762 5552 G.
795 5496 932 5575 οι
960 5494 1146 5575 [ειεε.
1179 5495 1371 5550 delevi.
1414 5497 1471 5575 -°
1496 5485 1708 5575 τίάν
1735 5485 1946 5575 ᾅνδρὲῖο

2064 5542 2066 5550 .
2099 5495 2243 5575 I_Inde
2261 5494 2326 5548 ἄν
2351 5491 2524 5560 recepi
2559 5507 2655 5575 ι)ηο
2684 5485 2902 5575 νυῖεξοῐο
2930 5492 3017 5575 εἰ.-
3071 5489 3091 5522 ⁷
3114 5485 3738 5575 ἐκείνξυιτρῦτρλέκεῖγο

284 5556 410 5621 Sav.
436 5567 717 5635 Scriptura
745 5567 950 5622 codicis
973 5565 1202 5635 F.paene
1231 5566 1472 5629 evanuit,
1497 5567 1589 5636 sed
1616 5556 1844 5624 brevius.
1863 5556 2233 5636 est-spalium,
2259 5556 2515 5636 qua_m_ni:
2539 5556 3070 5636 iulgalqlhpgpiah
3113 5559 3135 5592 ⁸
3156 5556 3441 5636 Ῑίβι-ΚΟΙἾ.
3460 5556 3604 5636 "9::
3633 5558 3738 5636 οὐκ

283 5638 442 5707 ἀρκεῖ
471 5629 602 5706 ἡμῖν
634 5639 758 5707 μιᾶς
780 5639 980 5707 ἀρετῆς
1003 5629 1082 5707 εἰς
1103 5637 1163 5690 τὸ
1189 5636 1444 5707 σωθῆναι,
1478 5635 1610 5707 ἀλλὰ
1639 5637 1720 5690 δεῖ
1749 5639 1928 5702 πάσας
1955 5629 2091 5707 μετὰ
2111 5629 2360 5707 σπουδῆς
2361 5632 2574 5707 διώκειν
2739 5629 2907 5707 ξκᾶν]
2938 5631 3003 5707 ἄν
3029 5629 3090 5684 F.

799 5697 838 5738 :1
863 5697 1164 5793 ςιτξάπνίγει.
1183 5708 1280 5775 (sc,
1372 5697 1550 5793 ηρυφὴ
1565 5706 1608 5777 ?)
1639 5707 1729 5790 Si~c
1755 5697 1946 5789 codd;

2064 5697 2455 5788 thyo')0:;Edd‘.
2529 5702 2570 5732 "
2599 5700 2839 5793 ἀκανθὲν
2868 5697 2931 5753 Ᾱ.
2955 5701 3038 5782 C._
3091 5697 3334 5793 1326916

291 5704 417 5774 μίας
441 5704 548 5758 (mi.
571 5704 718 5762 AIC.

3190 5630 3232 5661 ¹⁰
3260 5628 3325 5682 ἂν
3357 5627 3430 5697 μὴ
3456 5626 3544 5679 διὰ
3568 5626 3741 5697 ῥαθυ-

3339 5646 3430 5752 Ᾰῒῖἓ
3456 5646 3731 5751 ῗὲιρὲἴῖῒὲῖ

291 5765 537 5851 Καλλιὰς)
559 5777 652 5851 κεῖ
671 5776 1034 5851 Easdem?
1067 5765 1260 5851 ἐπείτει
1293 5765 1353 5851 θ’·
1393 5765 1550 5851 ’λτῆξὶ
1579 5765 1626 5830 ά·
1643 5778 1750 5851 τῶν
1777 5778 1946 5851 κακῶ

2064 5777 2118 5829 ὒν
2152 5765 2369 5851 σαρκῶν
2391 5771 2489 5851 τῂν
2512 5770 2742 5842 σωρείαν
2770 5769 2830 5828 F.
2862 5771 3080 5842 σαρκῶν
3105 5765 3300 5851 ιεςίέεὸ
3329 5767 3544 5822 videtur
3577 5765 3732 5820 Arn).

297 5846 337 5877 ιθ
369 5846 397 5913 ἡ
432 5841 579 5901 dces:
611 5847 663 5900 in
684 5841 831 5902 'Edd.
904 5841 1156 5918 καύτὴν]
1187 5841 1317 5900 αύτὸ
1337 5863 1476 5903 corr.
1505 5841 1570 5902 Ε.
1606 5849 1701 5921 τὴν
1731 5849 1946 5920 γαστέρι

2064 5841 2239 5916 [οιιίεἴ
2265 5843 2378 5899 vult
2417 5841 2544 5897 Sav.
