4010 6128
456 362 558 420 {69
1405 353 1468 409 IN
1501 349 1908 410 MATTHIEUM
1947 346 2057 403 1101

2164 387 2174 400 .
2218 347 2398 403 XLIV.
2441 350 2512 404 al.
2554 348 2710 404 XLV.
3623 357 3726 410 47η

459 472 819 546 magnitudine
845 471 1010 526 animi
1034 479 1088 526 et
1116 469 1364 524 diuturna
1404 463 1662 520 memoria
1700 463 2032 532 obtegamus.

461 565 684 621 Etiamsi
710 565 851 620 enim
877 564 1046 633 rapiat
1070 560 1336 624 diabolus,
1364 559 1416 612 in
1443 556 1597 612 nobis
1623 564 1706 610 e’st
1734 569 1801 609 ne
1831 553 2040 623 rapian-

463 668 550 713 tur
578 675 590 710 :
622 656 769 728 quod
807 657 851 711 si
879 656 1082 711 semina
1110 655 1395 716 siccentur,
1451 665 1560 705 non
1589 648 1643 702 id
1666 648 1738 703 ab
1759 657 1890 702 testu
1924 643 2039 700 effi-

461 749 620 804 citur.
669 747 784 802 Non
829 747 970 802 enim
1015 744 1183 810 dixit,
1231 743 1356 798 Haec
1385 751 1601 811 propter
1635 747 1821 794 mstum
1863 736 2040 792 exsic-

461 850 580 897 cata
619 838 902 907 snnt,sed,
945 838 1094 905 Quod
1125 836 1344 890 radicem
1367 850 1468 889 non
1493 831 1760 887 habebant.
1791 830 1858 885 Et
1881 829 1925 883 si
1952 828 2040 883 illa

463 933 849 1003 prmfocantur,
883 945 989 985 non
1032 945 1061 984 a
1087 929 1288 998 spinis,
1337 927 1430 982 sed
1480 926 1549 980 ab
1579 925 1642 980 iis
1672 923 1761 993 qui
1809 923 1905 978 has
1927 938 2044 977 cre-

464 1045 616 1085 scere
655 1029 911 1084 siverunt.
939 1025 1088 1080 Licet
1134 1024 1274 1079 enim
1295 1062 1312 1089 ,
1357 1021 1400 1077 si
1438 1020 1689 1084 volueris,
1719 1019 1818 1073 hoc
1845 1017 2042 1072 malum

464 1133 681 1189 germen
712 1117 989 1188 impedire,
1013 1131 1076 1169 ac
1101 1113 1319 1176 divitiis,
1359 1121 1419 1167 ut
1459 1112 1631 1176 decet,
1660 1111 1756 1189 uti.
1790 1109 1912 1165 Ideo
1937 1123 2044 1162 non

465 1212 618 1277 dixit,
650 1209 936 1272 Saeculum,
969 1207 1084 1274 sed,
1110 1205 1412 1262 Sollicitudo
1439 1204 1609 1260 circuli
1631 1221 1650 1270 ;
1671 1191 1870 1272 neque,
1903 1201 2046 1256 Divi-

468 1302 577 1363 tim,
605 1299 722 1365 sed,
747 1299 979 1353 Fallacia
1002 1298 1292 1351 divitiarum
1316 1295 1526 1363 (Matth.
1548 1296 1633 1350 l5.
1651 1293 1767 1365 22).
1789 1293 1866 1348 Ne
1889 1292 2047 1362 igitur

471 1408 558 1447 res
580 1394 720 1462 ipsas
739 1390 1037 1459 culpemus,
1069 1387 1164 1443 sed
1183 1397 1487 1458 corruptam
1518 1387 1867 1441 voluntatem.
1900 1385 2049 1440 Licet

468 1484 609 1538 enim
643 1483 860 1539 divitem
893 1496 1032 1544 esse,
1056 1489 1111 1536 et
1136 1494 1243 1536 non
1273 1479 1444 1549 decipi
1476 1495 1490 1532 :
1524 1479 1576 1534 in
1604 1477 1706 1533 hoc
1731 1493 1850 1533 esse
1873 1491 2046 1533 swcu-

467 1575 541 1639 lo,
573 1582 628 1630 et
655 1572 1106 1629 sollicitudinibus
1128 1587 1233 1627 non
1278 1570 1573 1640 przefocari.
1603 1571 1715 1624 Duo
1744 1570 1939 1640 quippe
1965 1569 2046 1622 vi-

471 1667 538 1719 tia
568 1666 708 1719 inter
730 1681 789 1719 se
817 1665 1060 1734 opposita
1091 1663 1143 1718 in
1162 1663 1364 1717 divitiis
1382 1669 1540 1727 sunt;
1563 1661 1726 1726 aliud,
1755 1661 1894 1732 quod
1923 1677 2047 1715 cru.

471 1757 578 1811 ciat
606 1766 661 1811 et
684 1755 928 1821 oﬁuscat,
955 1764 1040 1810 est
1066 1755 1396 1819 sollicitudo;
1424 1754 1587 1820 aliud,
1615 1753 1755 1824 quod
1782 1755 2050 1808 molliores

473 1845 666 1908 reddit,
696 1854 820 1901 sunt
845 1845 1068 1900 deliciae.
1098 1845 1263 1900 Recte
1291 1854 1466 1899 autem
1489 1844 1640 1910 dixit,
1666 1844 1898 1898 Fallacia
1924 1844 2050 1898 divi-

473 1936 675 1989 tiarum.
701 1935 891 1990 Omnia
912 1935 1174 2006 quippein
1197 1935 1392 1990 divitiis
1419 1935 1618 1990 fallacia
1647 1945 1806 1991 sunt:
1837 1936 2050 1990 nomina

471 2030 668 2098 quippe
721 2037 878 2093 sunt,
930 2043 1034 2082 non
1083 2028 1136 2082 in
1166 2028 1323 2084 rebus
1369 2030 1491 2084 sita.
1535 2030 1744 2085 Etenim
1788 2031 2048 2099 voluptas,

472 2120 660 2188 gloria,
684 2117 1091 2189 pulchritudinis
1107 2118 1362 2181 studium.
1386 2119 1683 2190 similiaque
1703 2120 1901 2184 omnia,
1932 2135 2053 2188 spe-

476 2211 584 2264 cies
611 2210 851 2280 quaedam
879 2218 935 2264 et
963 2209 1239 2278 phantasia
1285 2219 1430 2272 sunt.
1479 2227 1585 2266 non
1623 2226 1799 2266 rerum
1831 2213 2050 2268 veritas.

475 2303 609 2356 Cum
655 2316 781 2371 ergo
830 2301 1082 2368 perniciei
1127 2301 1316 2356 modos
1343 2302 1598 2370 dixisset,
1645 2303 1860 2359 demum
1905 2303 2055 2373 ponit

479 2403 674 2448 terram
704 2392 915 2456 bonam,
943 2407 1051 2446 non
1079 2391 1365 2461 desperare
1391 2395 1591 2458 sinens,
1621 2393 1714 2449 sed
1742 2409 1890 2463 spem
1921 2394 2056 2449 dans

478 2482 825 2552 poenitentiae,
847 2481 1242 2550 ostendensque
1260 2497 1416 2552 posse
1433 2499 1462 2537 a
1484 2483 1801 2553 supradictis
1823 2483 1889 2538 ad
1913 2484 2053 2538 illam

479 2575 757 2630 transitum
789 2574 922 2629 fieri.
975 2574 1133 2644 Atqui
1177 2574 1226 2629 si
1255 2586 1394 2629 terra
1449 2573 1583 2629 bona
1623 2584 1703 2630 est
1728 2583 1782 2630 et
1824 2575 2056 2640 agricola

479 2682 638 2732 unus,
667 2667 976 2734 seminaque
1008 2664 1218 2728 eadem,
1241 2680 1336 2720 cur
1355 2664 1498 2720 aliud
1519 2674 1754 2730 centum,
1783 2666 1924 2720 aliud
1965 2680 2054 2722 sc~

481 2759 695 2829 xaginla
717 2800 732 2824 ,
760 2757 904 2813 aliud
936 2758 1146 2828 triginta
1177 2759 1334 2813 tulit?
1360 2758 1454 2814 llic
1481 2773 1664 2813 rursus
1685 2775 1749 2816 ex
1779 2768 1934 2814 terra:
1963 2775 2056 2814 na-

482 2862 598 2904 tura
627 2849 912 2904 discrimen
941 2865 954 2901 :
984 2864 1105 2902 nam
1149 2849 1236 2904 ubi
1267 2849 1403 2903 bona
1448 2859 1586 2904 terra
1615 2858 1696 2905 est
1717 2890 1731 2913 ,
1778 2851 1942 2904 multa
1987 2850 2055 2904 ibi

478 2940 800 2995 differentia.
827 2939 993 2994 Vides
1019 2956 1122 2994 non
1152 2939 1437 3009 agricolam
1466 2956 1585 2995 esse
1613 2956 1826 2996 causam
1844 2983 1858 3007 ,
1888 2956 2059 3010 neque

479 3032 723 3097 semina,
753 3031 854 3086 sed.
879 3038 1073 3085 terram
1103 3031 1455 3102 excipientem
1477 3073 1490 3095 ,
1537 3047 1709 3101 neque
1737 3047 1800 3085 ex
1846 3040 2056 3096 natura,

480 3122 574 3178 sed
614 3137 678 3178 cx
709 3123 980 3177 voluntate
997 3123 1285 3177 discrimen
1315 3125 1542 3177 censeri.
1573 3123 1669 3177 Hic
1693 3133 1871 3177 autem
1898 3123 2058 3175 multa

486 3214 586 3268 Dei
603 3213 903 3283 benignitas
944 3212 1392 3280 deprehenditur,
1429 3213 1519 3281 qui
1561 3229 1662 3266 non
1690 3229 1848 3267 unam
1899 3214 2062 3283 exigit

481 3307 692 3360 virtutis
713 3319 1054 3367 mensuram;
1086 3303 1181 3358 sed
1228 3304 1426 3374 primos
1455 3305 1683 3360 libenter
1719 3305 1942 3374 recipit,
1972 3322 2061 3360 se-

482 3398 684 3454 cundos
709 3412 813 3451 non
840 3396 1002 3466 ejicit,
1037 3395 1208 3452 tertiis
1233 3395 1324 3451 dat
1347 3397 1543 3451 locum.
1569 3397 1694 3452 Haec
1723 3413 1883 3467 porro
1911 3398 2059 3464 dicit,

483 3504 551 3543 ne
591 3495 776 3558 putent
815 3487 849 3541 ii
893 3487 982 3557 qui
1015 3488 1186 3557 ipsum
1214 3496 1529 3558 sequuntur,
1559 3488 1740 3543 auditu
1789 3499 2062 3558 exceptam

483 3579 781 3634 doctrinam
803 3577 870 3632 ad
892 3577 1113 3632 salutem
1141 3593 1263 3634 esse
1283 3579 1431 3633 satis.
1461 3579 1567 3635 Sed
1593 3595 1709 3646 cur,
1740 3581 1929 3650 inquit,
1959 3598 2064 3635 non

483 3682 677 3726 caetera
706 3670 854 3740 ponit
877 3670 1024 3736 vitia,
1049 3679 1106 3724 ut
1125 3685 1407 3741 corporum
1434 3672 1942 3740 concupiscentiam,
1975 3689 2067 3728 va-

485 3778 607 3818 nam
653 3761 918 3832 gloriam?
942 3761 1072 3818 Cum
1099 3761 1294 3818 dixerit
1335 3763 1747 3820 sollicitudinem
1778 3763 1937 3835 hujus
1961 3783 2062 3821 sae-

485 3854 627 3919 culi,
659 3863 715 3910 et
740 3853 999 3909 fallaciam
1024 3853 1347 3920 divitiarum,
1391 3855 1568 3910 omnia
1610 3857 1802 3925 posuit.
1850 3856 1982 3911 Nam
2013 3867 2068 3914 et

486 3962 620 4002 vana
643 3947 808 4018 gloria
836 3956 891 4001 et
933 3955 1124 4002 caetera
1153 3947 1332 4001 omnia
1358 3956 1411 4002 et
1431 3945 1594 4015 hujus
1619 3948 1799 4003 saeculi
1828 3957 1988 4018 sunt,
2013 3959 2070 4006 et

485 4039 551 4093 ad
577 4039 878 4098 divitiarum
897 4036 1156 4092 fallaciam
1179 4038 1357 4094 reduci
1384 4048 1623 4107 possunt;
1641 4039 1866 4111 exempli
1883 4055 2065 4109 causa,

485 4129 752 4199 voluptas,
771 4128 915 4199 gula,
942 4128 1159 4195 invidia,
1191 4144 1325 4182 vana
1349 4129 1538 4199 gloria,
1561 4141 1616 4185 et
1643 4131 1836 4186 similia
1865 4134 2067 4188 omnia.

483 4220 703 4277 Addidit
751 4229 930 4275 autem
958 4229 1014 4275 et
1038 4221 1180 4274 viam
1219 4230 1274 4275 et
1303 4231 1541 4291 petram,
1576 4229 1633 4276 ut
1677 4223 1924 4278 ostendat
1960 4241 2066 4278 non

487 4312 617 4366 satis
652 4326 773 4367 esse
799 4311 899 4366 sia
926 4311 1270 4382 pecuniarum
1305 4329 1487 4367 arnore
1531 4323 1729 4368 tantum
1774 4330 1872 4370 nos
1909 4331 2068 4385 expe-

486 4403 693 4458 diamus
713 4419 727 4466 ;
755 4403 849 4460 sed
875 4413 1099 4459 caeteras
1118 4420 1329 4474 quoque
1345 4405 1566 4460 virtutes
1582 4407 1907 4462 exercendas
1924 4423 2065 4464 esse.

493 4493 628 4561 Quid
659 4494 799 4549 enim
829 4493 1078 4563 prodest,
1125 4495 1168 4549 si
1197 4495 1396 4551 divitiis
1426 4511 1530 4551 non
1556 4499 1758 4564 servis,
1789 4515 1954 4569 esque
1985 4508 2065 4554 ta-

487 4601 612 4641 men
637 4585 856 4656 ignavus
883 4595 938 4642 et
975 4587 1189 4642 mollis?
1211 4589 1357 4659 quid,
1389 4589 1435 4644 si
1474 4590 1693 4662 ignavus
1723 4607 1826 4646 non
1850 4595 1922 4646 sis
1951 4593 2068 4663 qui-

485 4677 646 4744 dem,
689 4677 784 4734 sed
825 4679 1005 4750 segnis
1033 4681 1100 4735 ad
1135 4680 1434 4737 doctrinam
1482 4683 1843 4739 audiendam?
1885 4685 2068 4755 Neque

485 4769 629 4824 enim
654 4769 866 4825 illorum
897 4787 1061 4826 unum
1088 4771 1216 4827 satis
1236 4784 1318 4828 est
1336 4773 1402 4828 ad
1427 4775 1686 4840 salutem;
1713 4775 1806 4830 sed
1837 4763 1968 4844 Opus
1988 4785 2071 4831 est

486 4860 662 4931 primo
690 4860 941 4916 audiendi
969 4861 1275 4931 sedulitate,
1295 4863 1490 4920 deinde
1509 4864 1619 4935 jugi
1639 4867 1917 4933 memoria,
1946 4866 2069 4922 hinc

486 4953 608 5008 forti
636 4955 837 5019 animo,
865 4953 1171 5009 divitiarum
1213 4971 1421 5012 necnon
1453 4958 1789 5013 saecularium
1829 4961 2066 5014 omnium

491 5055 822 5116 contemptu.
847 5045 971 5103 Ideo
998 5048 1140 5102 enim
1167 5048 1410 5104 audiendi
1441 5049 1672 5104 studium
1702 5051 1874 5119 primo
1900 5053 2066 5120 ponit,

485 5136 783 5206 deindeque
812 5146 1025 5205 czetera,
1045 5139 1166 5208 quia
1189 5139 1289 5192 hoc
1319 5140 1489 5207 primo
1514 5151 1595 5196 est
1616 5156 1748 5210 opus
1778 5143 2066 5214 (Quomodo

486 5231 617 5284 enim
638 5230 859 5295 credent,
889 5230 988 5285 nisi
1013 5231 1224 5285 audiant
1259 5229 1434 5304 [Rom
1465 5233 1550 5287 10.
1582 5231 1708 5305 ﬂ]?
1735 5245 1792 5288 ut
1820 5250 1920 5288 nos
1937 5251 2069 5304 quo-

487 5338 590 5390 que
638 5322 740 5376 nisi
771 5321 927 5378 dictis
956 5313 1292 5378 attendamus
1318 5364 1333 5388 ,
1382 5340 1487 5378 non
1519 5327 1811 5394 poterimus
1849 5342 1910 5380 ea
1949 5342 2068 5396 qua:

487 5413 693 5483 agenda
744 5423 870 5469 sunt
920 5414 1198 5485 ediscere)
1233 5431 1247 5468 :
1277 5413 1472 5470 deinde
1514 5416 1673 5470 animi
1707 5417 2075 5472 fortitudinem

488 5507 634 5575 ponit
659 5515 713 5561 et
739 5521 916 5560 rerum
945 5505 1288 5576 prmsentium
1313 5517 1698 5576 contemptum.
1723 5508 1846 5562 Hmc
1889 5509 2068 5580 itaque

488 5597 786 5666 audientes,
804 5613 903 5654 nos
918 5598 1149 5668 undique
1169 5599 1470 5653 muniamus
1491 5615 1504 5651 :
1535 5599 1689 5653 dictis
1708 5601 2065 5668 attendentes,

487 5692 670 5745 firmas
699 5691 968 5746 mittentes
985 5691 1212 5756 radices,
1237 5692 1684 5761 smcularibusque
1700 5694 1952 5749 omnibus
1971 5711 2068 5750 nos

481 5782 852 5852 expedientes.
877 5783 931 5838 Si
963 5792 1137 5841 autem
1162 5783 1259 5836 alia
1286 5781 1497 5852 quidem
1529 5781 1804 5850 facizunus,
1831 5785 1932 5840 alia
1966 5801 2060 5842 nc-

2144 458 2423 528 gliganms,
2475 461 2604 515 nihil
2659 460 2812 516 nobis
2839 463 3096 531 conferet,
3124 477 3186 518 ac
3214 464 3256 518 si
3284 481 3389 518 non
3419 465 3546 531 hoc,
3579 480 3728 523 certe

2143 550 2311 606 altero
2336 553 2498 608 modo
2519 553 2826 621 peribimus.
2846 554 2981 622 Quid
3014 556 3157 611 enim
3205 558 3398 620 refert,
3445 570 3617 611 utrum
3659 559 3729 614 ob

2145 645 2392 712 divitias,
2447 655 2624 703 utrum
2670 647 2740 702 ob
2765 649 3079 718 segnitiem,
3109 659 3285 703 utrum
3337 651 3408 704 ob
3450 651 3726 705 mollitiem

2147 754 2359 809 pessum
2410 743 2629 796 eamus?
2682 742 2812 797 Nam
2867 744 3099 814 agricola
3141 759 3291 813 :rque
3321 745 3464 815 luget
3514 746 3557 799 si
3597 745 3726 805 huc.

2147 846 2300 901 :nquc
2329 831 2372 886 si
2398 831 2487 886 illo
2518 833 2678 887 modo
2701 849 2881 888 semen
2913 834 3118 904 perdat.
3142 834 3219 890 Ne
3248 835 3424 905 itaque
3453 837 3593 906 quod
3618 853 3725 892 non

2147 937 2245 992 per
2268 937 2456 977 onmes
2481 923 2669 977 modos
2696 939 2906 994 pereas,
2941 924 3062 978 hinc
3089 926 3509 980 c0usolationcm
3532 926 3729 980 admit-

2150 1023 2252 1080 tas,
2284 1015 2378 1070 sed
2404 1031 2739 1086 quocumque
2772 1017 2984 1070 tandem
3027 1016 3187 1071 modo
3217 1033 3424 1086 pereas,
3455 1019 3592 1086 lnge.
3616 1018 3733 1087 Spi-

2150 1122 2246 1162 nas
2275 1108 2650 1163 comburamus
2675 1149 2690 1172 ,
2720 1125 2838 1178 qum
2870 1108 3089 1162 verbum
3121 1107 3401 1163 sufferant.
3438 1108 3492 1162 ld
3537 1119 3735 1162 norunt

2150 1199 2360 1265 divites,
2388 1198 2476 1267 qui
2507 1215 2677 1269 neque
2706 1199 2770 1252 ad
2796 1199 2928 1260 haec,
2955 1216 3128 1269 neque
3157 1201 3222 1254 ad
3249 1200 3351 1254 alia
3391 1210 3514 1254 sunt
3556 1201 3731 1254 utiles.

2151 1291 2301 1346 Servi
2345 1306 2573 1360 namque
2621 1297 2677 1346 et
2702 1291 2896 1360 captivi
2929 1291 3289 1360 voluptatum,
3345 1306 3412 1345 ne
3457 1291 3522 1345 ad
3559 1291 3734 1346 civilia

2151 1383 2364 1451 quidem
2411 1383 2617 1452 negotia
2647 1391 2768 1436 sunt
2801 1383 2989 1447 utiles;
3034 1383 3078 1438 si
3124 1397 3227 1437 non
3274 1383 3341 1437 ad
3391 1383 3516 1449 illa,
3566 1383 3736 1436 multo

2151 1474 2328 1527 minus
2368 1472 2434 1526 ad
2475 1473 2724 1528 caelestia.
2759 1473 2965 1544 Duplex
2995 1474 3136 1528 enim
3182 1474 3346 1543 pestis
3383 1474 3733 1543 cogitationes

2152 1581 2340 1620 eorum
2371 1566 2612 1630 invadit,
2641 1565 2950 1620 deliciarum
2996 1567 3199 1622 scilicet
3237 1576 3290 1622 et
3319 1567 3690 1621 sollicitudinis
3721 1585 3733 1620 :

2152 1673 2380 1727 quorum
2418 1656 2624 1726 singula
2668 1666 2890 1726 possunt
2934 1658 3184 1726 scapham
3233 1657 3566 1728 demergere.
3606 1657 3735 1711 Cum

2154 1760 2330 1805 autem
2355 1751 2513 1806 ambo
2537 1757 2883 1812 concurrunt,
2907 1751 3080 1821 cogita
3109 1761 3304 1821 qumita
3332 1752 3403 1806 sit
3431 1761 3734 1819 tempestas.

2225 1842 2278 1896 5.
2313 1842 2546 1897 Ciborum
2566 1841 2761 1896 deliciae
2789 1842 3162 1913 redarguuntur
3181 1884 3197 1908 ,
3227 1852 3400 1911 utpote
3442 1841 3739 1912 corporibus

2155 1943 2201 1987 et
2246 1934 2428 1988 animis
2455 1934 2693 1987 exitiosae.
2719 1931 2910 1988 —Nec
2955 1933 3164 1986 mineris
3206 1933 3250 1987 si
3290 1932 3510 1988 delicias
3558 1933 3737 2001 spinas

2157 2037 2329 2082 vocet.
2362 2027 2440 2081 Tu
2492 2026 2656 2093 enim,
2686 2027 2804 2095 quia
2838 2025 2939 2079 hoc
2959 2025 3095 2080 vitio
3110 2025 3288 2079 ebrius
3318 2041 3396 2089 es,
3422 2025 3471 2078 id
3506 2025 3734 2094 ignoras:

2156 2123 2243 2191 qui
2289 2136 2417 2175 vero
2467 2119 2594 2174 sani
2635 2128 2779 2182 sunt,
2811 2128 3009 2173 norunt
3049 2133 3141 2173 eas
3181 2117 3546 2172 vehementius
3582 2133 3738 2186 quam

2157 2212 2336 2282 spinas
2363 2226 2627 2281 pungere:
2659 2209 2864 2264 deliciae
2888 2210 3003 2278 plus
3027 2225 3185 2279 quam
3206 2208 3593 2264 Sollicitudiues
3615 2210 3728 2259 aui-

2158 2318 2297 2357 mam
2322 2300 2663 2362 labefaciunt,
2692 2301 3151 2370 gravioresqneet
3196 2299 3405 2362 corpOri
3453 2307 3506 2351 et
3549 2298 3738 2349 anima:

2161 2395 2375 2466 pariunt
2401 2394 2634 2448 dolores.
2665 2392 2846 2462 Neque
2871 2393 3013 2446 enim
3045 2391 3164 2461 quis
3191 2390 3262 2444 ita
3285 2391 3551 2444 sanciatur
3576 2405 3738 2451 euris,

2161 2498 2220 2543 ut
2248 2490 2509 2542 satietate.
2565 2485 2788 2553 Quando
2816 2485 2957 2540 enim
2988 2486 3108 2554 quis
3137 2494 3190 2538 et
3229 2499 3419 2539 somno
3466 2484 3700 2552 privatus
3726 2525 3740 2545 ,

2161 2597 2224 2636 ac
2254 2579 2446 2650 capitis
2477 2589 2884 2648 temporumque
2913 2578 3246 2647 aegritudine,
3279 2588 3334 2632 et
3356 2577 3618 2630 viseerum
3645 2575 3742 2628 do-

2164 2675 2361 2730 loribus
2381 2673 2642 2726 distentus
2672 2671 2850 2734 fuerit,
2875 2671 3044 2739 cogita
3067 2678 3193 2739 quot
3213 2669 3379 2738 spinis
3408 2668 3518 2720 Itmc
3541 2668 3745 2735 graviu-

2163 2780 2218 2818 ra
2247 2763 2372 2817 sint.
2406 2763 2483 2816 Ac
2508 2760 2954 2831 quemadmodum
2985 2759 3152 2828 spinae
3173 2774 3506 2828 quarumque
3535 2773 3600 2810 ex
3633 2772 3746 2824 par-

2170 2863 2222 2909 te
2249 2855 2549 2924 capiantur,
2581 2867 2768 2907 manus
2797 2861 3071 2906 rrucntant
3100 2867 3114 2904 :
3145 2851 3222 2904 sic
3247 2859 3300 2904 ct
3325 2848 3531 2904 delicia:
3561 2849 3746 2918 pedes,

2164 2962 2375 3012 manus,
2397 2954 2576 3015 caput,
2607 2945 2812 3010 oculos,
2838 2953 2892 2998 et
2918 2944 3094 2998 omnia
3128 2943 3339 2997 demum
3365 2941 3601 2996 membra
3631 2958 3749 3009 pes-

2164 3039 2432 3103 smndant,
2476 3038 2686 3106 illmque
2746 3036 2908 3090 arida:
2960 3036 3413 3104 infrui-moszeque
3442 3043 3565 3088 sunt
3608 3033 3745 3087 sicut

2166 3129 2356 3197 spinm,
2386 3137 2440 3182 et
2470 3128 2640 3196 magis
2665 3143 2821 3195 quam
2855 3126 2959 3179 illa:
2988 3135 3181 3180 nocent
3209 3126 3259 3178 in
3284 3125 3587 3194 prmcipuis.
3613 3125 3744 3177 Nam

2166 3228 2218 3272 ct
2239 3227 2563 3272 senectutem
2591 3226 2716 3272 ante
2746 3227 2957 3285 tempus
2987 3216 3259 3280 inducunt,
3294 3231 3486 3270 sensus
3511 3217 3748 3284 sopiunt.

2166 3309 2544 3377 cogitationem
2572 3307 2808 3362 tenebris
2833 3306 3152 3369 offundunt,
3195 3315 3428 3361 mentem
3475 3315 3630 3361 acute
3675 3307 3750 3359 vi-

2167 3393 2381 3448 dentem
2410 3401 2704 3458 excmeant,
2731 3392 3006 3446 flaccidnm
3037 3408 3234 3461 ciu-pus
3255 3390 3497 3445 efficiunt
3518 3433 3532 3457 ,
3585 3393 3751 3460 majo-

2169 3499 2280 3541 rem
2304 3495 2597 3540 stercorum
2625 3486 2831 3554 copiam
2862 3487 3158 3538 recondunt
3181 3525 3195 3547 ,
3257 3484 3390 3536 mala
3421 3493 3750 3553 congerunt,

2170 3581 2341 3651 majus
2366 3595 2502 3635 onus
2523 3588 2577 3634 et
2601 3580 2810 3651 pondus
2840 3579 3070 3634 faciunt:
3123 3578 3246 3632 hinc
3268 3578 3567 3647 frequentes
3598 3593 3753 3630 eusus

2169 3683 2223 3728 et
2247 3671 2436 3735 ruinae,
2466 3669 2628 3725 multa
2654 3669 2942 3739 naufragia.
2961 3669 3088 3732 Cur,
3116 3686 3319 3739 quaesii,
3348 3685 3542 3738 corpus
3564 3669 3754 3736 impiu-

2170 3764 2344 3835 guas?
2374 3765 2530 3818 Ante
2557 3763 2881 3818 immolaturi
2906 3765 3132 3818 sumus?
3157 3779 3223 3816 an
3254 3763 3304 3816 in
3335 3779 3513 3818 mensa
3546 3765 3755 3830 apposi-

2173 3855 2472 3910 turi?Aves
2491 3865 2636 3910 recte
2659 3855 2994 3924 impinguas;
3045 3854 3154 3908 imo
3218 3869 3284 3907 nc
3322 3869 3452 3908 aves
3503 3853 3756 3922 quidem:

2171 3964 2293 4005 cum
2331 3948 2474 4004 enim
2530 3949 2753 4018 pingues
2805 3955 2964 4010 sunt,
3017 3945 3083 4000 ad
3131 3961 3318 4000 sanum
3361 3945 3551 4001 edendi
3604 3961 3756 3998 usum

2171 4051 2296 4097 sunt
2316 4039 2547 4094 inutiles.
2580 4038 2807 4092 Tantum
2842 4037 3040 4092 malum
3092 4045 3175 4091 est
3227 4036 3466 4092 ciborum
3514 4037 3760 4106 voluptas

2171 4134 2359 4198 nimia,
2390 4131 2624 4186 utetiam
2653 4131 2704 4184 in
2735 4130 2903 4185 brutis
2929 4129 3229 4200 perniciosa
3263 4129 3350 4184 sit.
3381 4129 3509 4182 Nam
3556 4129 3642 4181 illa
3670 4145 3759 4180 sa-

2173 4225 2387 4280 turitate
2417 4223 2577 4277 nimia
2617 4230 2670 4276 et
2690 4221 2790 4276 sibi
2820 4231 2874 4276 et
2896 4221 3050 4275 nobis
3097 4221 3298 4275 inutilia
3330 4220 3609 4274 efficimus.
3659 4220 3759 4276 Su~

2175 4315 2500 4385 perfluitates
2547 4315 2743 4384 quippe
2784 4311 3081 4383 indigesta},
3110 4322 3164 4367 et
3185 4312 3399 4368 humida
3424 4312 3646 4382 putredo
3692 4311 3776 4366 ab.

2173 4405 2259 4460 illa
2288 4405 2457 4460 oritur
2499 4403 2831 4475 pinguedine.
2871 4403 3002 4470 Quae
3054 4418 3180 4457 vero
3222 4403 3470 4457 animalia
3526 4419 3630 4457 non
3688 4404 3757 4455 ita

2174 4497 2411 4562 aluntur,
2443 4496 2536 4551 sed
2567 4496 2715 4566 quasi
2757 4495 3002 4566 jejunant
3029 4505 3084 4551 et
3114 4497 3374 4560 laborant,
3417 4497 3501 4552 illa
3544 4506 3689 4552 certe
3709 4509 3761 4551 ct

2173 4589 2272 4643 sibi
2302 4597 2359 4643 et
2383 4588 2500 4642 aliis
2523 4587 2800 4642 utilissima
2828 4595 2971 4652 sunt,
3005 4595 3114 4641 tum
3159 4587 3226 4641 ad
3271 4588 3472 4652 cibum,
3533 4598 3640 4642 tmn
3693 4588 3767 4642 ad.

2171 4679 2273 4733 alia
2299 4679 2477 4733 omnia
2515 4696 2528 4732 :
2566 4680 2760 4748 quique
2803 4677 2867 4731 iis
2913 4687 3196 4733 vescuntur
3219 4719 3233 4742 ,
3277 4680 3508 4733 tirmiore
3533 4678 3770 4748 gaudent-

2174 4769 2497 4832 valctudine;
2535 4770 2622 4838 qui
2649 4779 2826 4824 autem
2871 4767 3258 4838 pinguioribus,
3281 4768 3411 4838 ipsis
3443 4770 3652 4825 similes
3676 4771 3754 4824 fa-

2173 4863 2267 4927 cti,
2301 4861 2561 4916 tardiores
2595 4873 2736 4926 sunt,
2772 4862 2984 4928 inllrmi,
3036 4862 3276 4934 duroque
3322 4865 3533 4920 vinculo
3589 4867 3754 4936 ligati.

2173 4955 2309 5009 Nihil
2337 4955 2477 5008 cnim
2521 4954 2592 5008 ita
2637 4954 2845 5023 corpori
2887 4955 3101 5010 noxium
3135 4964 3194 5010 ut
3221 4956 3459 5012 ciborum
3509 4959 3749 5014 deliciae:

2174 5047 2304 5102 nihil
2334 5047 2405 5101 ita
2456 5047 2654 5116 rumpit
2689 5055 2745 5100 et
2767 5047 2943 5101 obruit
2972 5048 3141 5116 ipsum
3161 5089 3176 5114 ,
3230 5057 3288 5103 ut
3316 5049 3595 5120 ingluvies.
3637 5049 3760 5103 Ideo

2176 5139 2297 5194 hinc
2321 5139 2550 5192 maxime
2592 5137 2804 5192 illorum
2849 5140 3125 5194 stultitiam
3170 5143 3290 5211 quis
3335 5145 3576 5205 miretur,
3619 5144 3759 5211 quod

2173 5248 2278 5286 non
2301 5231 2404 5284 sibi
2436 5237 2656 5300 parcant
2683 5242 2737 5284 ut
2760 5232 2938 5286 caeteri
2969 5234 3194 5288 utribus.
3221 5233 3351 5287 Nam
3375 5234 3462 5302 qui
3491 5235 3608 5286 vina
3635 5250 3760 5288 ven-

2177 5323 2328 5384 dunt,
2361 5323 2546 5376 nolunt
2571 5321 2693 5393 plus
2714 5339 2870 5392 :cquo
2890 5324 3278 5394 utresimplere
3300 5365 3316 5388 ,
3362 5340 3427 5378 ne
3463 5334 3710 5392 rumpant
3743 5343 3756 5379 :

2175 5416 2227 5470 hi
2245 5431 2373 5470 vero
2387 5414 2646 5469 miserum.
2665 5425 2781 5468 vent
2792 5432 2925 5481 rem,
2956 5432 3022 5470 ne
3049 5417 3144 5468 hac
3169 5415 3380 5484 quidem
3397 5431 3522 5470 cura
3541 5416 3756 5486 digmun

2173 5517 2421 5574 censent;
2449 5508 2541 5562 sed
2570 5519 2847 5579 postquam
2880 5510 3026 5563 illum
3055 5511 3560 5581 impleverintatque
3586 5527 3761 5580 rupe-

2173 5603 2302 5668 rint,
2322 5617 2487 5671 usque
2510 5600 2574 5654 ad
2602 5616 2789 5666 aures,
2802 5617 2977 5666 nares,
3003 5602 3178 5656 fauces
3202 5603 3321 5656 vino
3343 5604 3571 5672 replent,
3590 5603 3760 5672 dupli—

2173 5709 2289 5748 ccm
2319 5694 2440 5747 hinc
2464 5692 2728 5761 parientes
2747 5693 3063 5758 angustiam,
3085 5702 3138 5747 et
3158 5694 3387 5762 spiritui,
3406 5704 3460 5750 ct
3477 5697 3525 5750 vi
3550 5696 3622 5749 illi
3641 5712 3760 5764 qua:

2183 5784 2379 5840 animal
2411 5795 2576 5840 totum
2606 5783 2932 5839 moderatur.
2960 5786 3038 5840 An
3071 5785 3191 5842 ideo
3229 5787 3319 5841 tibi
3359 5798 3537 5858 guttur
3578 5789 3759 5842 datum
