4010 6128
342 284 434 336 Ml
1083 297 1136 351 S.
1178 295 1453 351 JOANNIS
1491 293 1961 352 CIIRYSOS'I‘OMI
1999 298 2308 357 ARCHIEP.
2351 303 2880 365 CONSTANTINOP.

331 424 436 480 est,
479 429 532 468 ut
561 427 728 483 usque
756 409 820 464 ad
848 424 910 465 os
957 408 1091 465 illud
1114 409 1237 463 vino
1263 410 1486 479 aliisque
1511 409 1776 479 corruptis
1805 423 1917 462 mar

339 509 492 564 teriis
539 504 794 575 repleas?
841 502 960 558 Non
1011 501 1133 558 ideo
1161 500 1342 556 datum
1387 512 1508 565 est,
1538 517 1571 555 0
1599 501 1760 555 homo
1782 543 1796 567 ,
1827 500 1921 555 sed

338 600 604 672 prmcipue
631 607 687 653 ut
710 599 820 652 Deo
838 611 1020 660 canas,
1067 603 1122 650 et
1145 610 1325 650 sacras
1356 609 1544 664 preces
1569 595 1780 648 emittas
1803 635 1817 656 ,
1847 593 1922 648 le-

341 709 436 762 ges
463 691 670 747 divinas
690 691 854 760 legas,
887 688 1213 758 consiliaque
1233 687 1328 741 des
1351 688 1594 754 proximo
1622 688 1915 756 profutura.

339 785 421 840 Tu
452 800 578 839 vero
611 783 761 852 quasi
807 782 894 836 illa
924 789 1125 835 tantum
1153 779 1218 834 de
1243 794 1404 833 causa
1430 778 1610 833 datum
1639 789 1816 845 esset,
1852 795 1919 833 ne

293 893 298 897 ί
339 876 620 931 minimum
665 872 882 944 quidem
935 870 1068 926 sinis
1124 871 1293 940 ipsum
1318 869 1614 924 ministerio
1632 883 1786 924 sacro
1803 884 1916 924 scr-

338 968 474 1035 vire,
507 965 603 1022 sed
629 973 792 1020 totam
821 964 982 1018 vitam
1013 963 1137 1018 huic
1169 963 1414 1032 pessima:
1440 962 1685 1017 servituti
1731 961 1915 1016 tradis.

336 1060 414 1113 Ac
466 1053 912 1127 quemadmodum
943 1055 990 1108 si
1035 1055 1154 1123 quis
1181 1052 1440 1108 citharam
1484 1068 1704 1108 sumens
1737 1052 1917 1108 aureis

336 1149 529 1204 fidibus
575 1154 902 1218 compactam
928 1187 946 1213 ,
985 1159 1048 1200 ac
1090 1145 1310 1214 pulchre
1363 1144 1768 1210 concinnatam,
1809 1158 1916 1200 non

333 1241 399 1294 ad
427 1240 639 1295 dulcem
667 1239 1087 1294 modulationem
1116 1236 1370 1306 pulsaret,
1412 1235 1505 1290 sed
1533 1234 1658 1290 fimo
1686 1235 1916 1304 repleret

332 1347 395 1386 ac
417 1333 529 1386 luto
569 1348 583 1384 :
635 1331 713 1386 sic
740 1339 797 1386 et
836 1329 888 1383 hi
919 1327 1141 1384 faciunt.
1176 1327 1382 1381 Fimum
1413 1341 1546 1380 voco
1573 1342 1679 1380 non
1702 1327 1877 1381 cibum
1898 1367 1912 1392 ,

333 1424 428 1480 sed
459 1424 680 1480 delicias
700 1465 715 1489 ,
763 1431 818 1478 et
847 1422 993 1476 illam
1023 1428 1224 1474 tantam
1257 1419 1741 1488 intemperantiam.
1783 1418 1915 1474 Nam

329 1517 474 1588 quod
503 1524 652 1572 extra
680 1516 1053 1570 necessitatem
1076 1522 1178 1578 est,
1207 1526 1310 1566 non
1341 1511 1511 1576 cibus,
1544 1510 1637 1566 sed
1666 1511 1781 1566 lues
1811 1519 1912 1566 est.

333 1611 532 1667 Venter
556 1609 699 1664 enim
725 1609 792 1663 ad
817 1610 1067 1663 alimenta
1096 1607 1267 1660 solum
1293 1605 1601 1674 accipienda
1623 1605 1778 1660 datus
1800 1614 1911 1671 est;

337 1720 402 1760 os
436 1712 491 1759 ct
531 1705 713 1759 fauces
739 1711 792 1757 et
836 1702 1012 1772 lingua
1036 1711 1086 1755 et
1105 1699 1170 1753 ad
1195 1699 1295 1752 hoc
1320 1708 1376 1754 et
1402 1697 1466 1753 ad
1501 1699 1604 1752 alia
1632 1698 1716 1754 bis
1746 1700 1916 1769 magis

327 1796 666 1854 necessaria:
699 1793 972 1863 multoque
1013 1791 1181 1862 magis
1203 1805 1375 1860 neque
1419 1797 1602 1845 venter
1646 1789 1713 1844 ad
1761 1790 1914 1846 cibos

327 1890 567 1959 quolibet
607 1887 766 1942 modo
785 1886 1163 1956 excipiendos,
1207 1883 1300 1939 sed
1349 1883 1652 1939 moderatos
1682 1892 1908 1940 tantum.

329 1983 492 2053 quue
518 1982 753 2039 ostendit
781 1983 919 2051 ipse,
951 1979 1076 2035 dum
1109 1978 1253 2063 mille
1281 1977 1454 2032 modis
1481 1977 1677 2032 clamat
1698 2019 1713 2044 ,
1737 1993 1909 2048 quan-

327 2075 397 2131 do
437 2075 536 2144 ipsi
589 2089 684 2145 per
731 2073 868 2128 hanc
917 2071 1134 2127 nimiam
1179 2069 1387 2139 capiam
1413 2083 1700 2136 nocemus;
1741 2084 1913 2139 neque

3510 321 3612 377 472

2031 414 2224 469 clamat
2245 417 2443 485 solum,
2477 419 2571 474 sed
2598 423 2757 477 ctiam
2787 423 2836 476 id
2861 426 3010 494 quasi
3029 426 3279 497 injuriam
3314 433 3609 504 ulciscitur,

2024 515 2396 579 extremasque
2443 515 2674 582 reposcit
2725 531 2929 584 poenas.
2964 518 3143 573 Primo
3193 522 3356 591 pedes
3407 531 3606 596 punit,

2025 598 2114 667 qui
2144 614 2240 654 nos
2264 600 2332 654 ad
2379 602 2495 656 illas
2534 606 2795 676 pessimas
2845 607 3131 678 deportant
3167 614 3384 682 epulas:
3414 616 3610 675 deinde

2025 707 2216 747 manus
2241 694 2387 765 ligat,
2415 697 2555 766 quod
2580 706 2653 753 tot
2683 707 2740 755 et
2762 710 2908 756 tanta
2925 703 3230 760 ministrent
3255 724 3267 758 :
3318 707 3606 765 multorum

2023 785 2182 838 etiam
2211 799 2272 840 os
2299 785 2596 843 distortum.
2614 789 2747 856 fuit,
2797 792 2938 847 oculi
2977 803 3032 848 et
3062 805 3222 865 caput
3264 797 3604 858 laborarunt.

2022 875 2101 930 Ac
2129 875 2287 930 veluti
2315 892 2520 946 servus,
2548 895 2668 935 cum
2689 882 2813 952 quid
2832 883 2974 939 vires
2995 885 3260 941 excedens
3284 903 3445 959 agere
3467 905 3606 960 prae-

2021 965 2234 1035 cipitur,
2267 968 2519 1025 efferatus
2547 987 2943 1043 nonnumquam
2975 975 3254 1045 imperanti
3300 980 3602 1037 maledicit:

2021 1059 2100 1115 sic
2113 1068 2167 1118 et
2194 1069 2378 1116 venter
2401 1063 2505 1116 vim
2538 1079 2743 1133 passus,
2773 1081 2892 1121 cum
2915 1067 2998 1122 his
3029 1068 3284 1124 membris
3309 1071 3472 1127 etiam
3500 1088 3596 1128 ce-

2022 1148 2237 1204 rebrum
2267 1166 2411 1222 saepe
2441 1152 2727 1209 labefactat
2764 1165 2818 1210 et
2867 1156 3060 1225 perdit.
3106 1157 3360 1229 Deosque
3403 1163 3604 1232 Optime

2022 1241 2276 1310 providit,
2300 1253 2356 1298 ut
2376 1259 2443 1298 ex
2467 1245 2818 1301 immoderato
2847 1262 2944 1301 usu
2976 1255 3180 1303 tantum
3203 1249 3458 1307 damnum
3509 1268 3603 1308 ac-

2019 1331 2317 1404 cedat,quo
2335 1349 2455 1389 cum
2485 1335 2679 1392 lubens
2709 1337 3074 1407 phil080phari
3103 1341 3358 1410 nolueris,
3392 1344 3478 1399 vel
3516 1344 3600 1399 in-

2021 1426 2160 1481 vitus
2187 1427 2376 1482 saltem
2406 1443 2473 1483 ex
2497 1437 2640 1484 metu
2671 1438 2831 1484 tanta;
2859 1431 3110 1500 perniciei
3146 1433 3414 1490 moderate
3437 1450 3599 1505 agere

2019 1509 2215 1565 discas.
2247 1511 2373 1566 Haec
2401 1527 2520 1567 cum
2546 1515 2796 1580 sciamus,
2816 1515 3054 1570 ciborum
3073 1516 3292 1572 delicias
3312 1517 3594 1589 fugiamus,

2020 1604 2485 1675 moderationique
2510 1605 2839 1673 Studeamus,
2868 1615 2927 1663 ut
2954 1616 3010 1664 et
3037 1611 3277 1680 corporis
3299 1611 3597 1667 valetudine

2019 1694 2279 1760 fruamur,
2312 1706 2364 1750 et
2386 1697 2619 1751 animam
2640 1698 2949 1754 infirmitate
2970 1700 3116 1754 omni
3143 1700 3454 1767 liberemus,
3482 1701 3592 1756 sic-

2019 1802 2124 1857 que
2142 1786 2318 1842 futura
2339 1803 2730 1858 consequamur
2756 1789 2894 1844 bona
2919 1829 2934 1855 ,
2984 1791 3150 1861 gratia
3180 1799 3235 1846 et
3273 1791 3599 1862 benignitate

2021 1878 2229 1933 Domini
2283 1879 2454 1935 nostri
2507 1879 2635 1937 Jesu
2677 1880 2920 1949 Christi,
2976 1883 3063 1938 cui
3109 1883 3279 1953 gloria
3326 1890 3383 1938 et
3429 1884 3598 1953 impe-

2016 1971 2192 2038 rium,
2220 1987 2362 2026 nunc
2403 1982 2458 2029 et
2500 1989 2750 2046 semper,
2801 1983 2856 2032 et
2907 1975 2962 2032 in
3013 1977 3209 2033 saecula
3256 1977 3593 2034 saeculorum.

2021 2068 2212 2120 Amen.

1345 3328 1524 3387 FlNlS
1559 3328 1728 3391 TOMI
1759 3321 2303 3398 QUINQUAGESIMI
2339 3321 2628 3386 SEPTIMI.
