4090 6366
1618 642 1840 692 SANCTI
1878 642 2105 691 PATRIS
2140 642 2369 691 NOSTRI

833 877 931 1032 J
938 872 1325 1030 OAN
1332 879 1458 1030 N
1465 875 1640 1030 IS
1769 873 3137 1032 CHRYSOSTOMI

1372 1179 1834 1225 ARCHIEPISCOPI
1880 1174 2524 1223 CONSTANTINOPOLITA
2534 1179 2596 1221 NI

982 1401 1703 1526 HOMILUE
1785 1404 1941 1524 IN
2034 1400 2998 1529 MATTHIEVM

902 1662 1181 1709 TEXTVM
1215 1662 1303 1710 AD
1336 1661 1551 1710 FIDE.”
1589 1662 1892 1714 CODICVM
1930 1660 2078 1711 MSS.
2115 1662 2196 1710 ET
2239 1661 2641 1710 VERSIONVM
2680 1662 3086 1710 ΕΜΕΝΟΑΓΙΤ

1103 1749 1525 1799 PR/ECIPVAM
1578 1751 1943 1800 LECTIONIS
1985 1749 2421 1798 VARIETATEM
2461 1742 2867 1798 ADSCRIPSIT

1340 1834 1963 1883 ADNOTATIONIBVS
2000 1834 2121 1882 νΒι
2180 1834 2359 1882 OPVS
2399 1834 2563 1880 ERAT
2601 1834 2682 1880 ET

1494 1918 1708 1968 NOVIS
1748 1918 2116 1968 INDICIBVS
2154 1917 2539 1965 INSTRVIIT

416 2115 879 2177 FRIDEBICVS
920 2115 1139 2174 FIELD
1178 2117 1295 2174 AA.
1350 2116 1427 2174 Μ.
1474 2116 1819 2173 COLLEGII
1862 2116 1963 2173 SS.
2006 2116 2441 2174 TRINITATIS
2486 2121 2530 2175 Λ
2570 2117 2771 2175 REGE
2816 2119 2992 2177 IIEN.
3041 2120 3171 2179 VIII
3210 2121 3542 2184 FVNDATI

1606 2221 1709 2280 UN
1718 2223 1807 2281 US
1852 2225 1893 2282 E
1938 2221 2347 2283 SODALITIO.

995 2407 1322 2471 Cantabrigize
1351 2408 1399 2456 in
1435 2407 1637 2458 Ofﬁcina
1674 2409 1991 2467 Academica,
2029 2410 2265 2460 svmtibvs
2296 2409 2501 2460 cditoris
2558 2411 2967 2462 MDCCCXXXIX.

1623 2774 2338 2888 PRZEFATIO.

429 3201 611 3275 'Quod
646 3199 1088 3279 Cbrysostomo
1118 3200 1262 3280 ipsi.
1286 3201 1435 3261 dum
1466 3200 1529 3261 in
1556 3200 1706 3260 vivis
1730 3208 1882 3271 erat,
1914 3217 1948 3260 a
1981 3200 2368 3263 lividioribus
2398 3198 2807 3283 objiciebatur
2831 3207 2936 3289 (α),
2957 3226 3101 3270 eum
3138 3206 3397 3289 prolixis
3424 3222 3607 3267 exor-

350 3303 473 3365 diis
503 3302 819 3363 auditores
848 3302 1098 3375 morari,
1139 3301 1201 3362 id
1232 3318 1311 3362 ne
1347 3299 1500 3362 mihi
1546 3316 1802 3379 quoque
1857 3300 2105 3362 crimini
2138 3302 2341 3375 detur,
2380 3302 2683 3381 praefandi
2731 3309 2985 3383 negotio
3034 3310 3195 3371 intra
3231 3308 3608 3371 arctissimos

351 3400 582 3463 limites
612 3400 934 3473 concluso,
964 3400 1041 3462 ad
1094 3399 1571 3476 disertissimum
1619 3399 1863 3458 Patrem
1926 3401 2252 3460 Lectorem
2302 3398 2631 3460 remittam.
2681 3405 3028 3483 Antequam
3090 3422 3239 3467 vero
3296 3405 3374 3467 ad
3429 3421 3608 3465 novm

351 3501 648 3561 editionis
674 3500 1024 3561 institutum
1054 3501 1487 3578 rationemque
1520 3496 1995 3558 describendam
2034 3497 2349 3575 accingor,
2382 3515 2593 3577 operas
2634 3500 2903 3579 pretium
2940 3503 3078 3578 erit,
3104 3503 3255 3583 quid
3292 3508 3435 3564 ante
3493 3518 3607 3563 nos

350 3602 415 3662 in
450 3601 569 3662 hac
601 3608 773 3682 parte
812 3602 1134 3662 immensa:
1173 3600 1547 3679 scriptorum
1573 3597 2221 3675 Chrysostomicorum
2252 3598 2443 3677 sylvas
2481 3600 2825 3663 excolenda
2854 3602 3127 3665 editores
3175 3602 3605 3684 prmstiterint,

352 3700 621 3761 breviter
649 3718 998 3763 recensere.
1021 3702 1176 3761 Nam
1206 3706 1267 3760 et
1297 3716 1427 3759 non
1456 3698 1671 3759 leviter
1703 3697 1947 3773 erravit,
1983 3698 2092 3778 qui
2118 3698 2283 3760 idem
2316 3700 2637 3776 negotium
2663 3701 2728 3762 in
2758 3701 3127 3764 Prtefatione
3155 3720 3265 3765 sua
3309 3701 3606 3781 suscepit,

352 3805 905 3879 Montefalconius,
966 3812 1027 3867 et
1083 3804 1162 3866 de
1208 3804 1370 3866 veris
1425 3802 1623 3864 nostri
1658 3802 1855 3864 Patris
1912 3803 2257 3865 editionum
2288 3809 2421 3864 tum
2451 3802 2729 3866 fontibus
2784 3810 2917 3866 tum
2953 3805 3191 3867 meritis
3230 3804 3395 3866 viros
3426 3803 3605 3865 etiam

348 3906 749 3969 doctissimos
775 3909 841 3969 in
876 3924 1118 3969 summa
1152 3904 1504 3984 ignorantia
1541 3903 1771 3964 versari
1798 3902 2006 3965 video.

350 4060 355 4065 .
429 4008 479 4066 Ι.
529 4009 742 4070 Statim
778 4009 844 4070 in
891 4008 1203 4087 principio
1265 4006 1450 4086 hujus
1504 4004 1877 4083 argumenti,
1910 4006 2185 4069 notanda
2220 4012 2312 4068 est
2354 4007 2510 4069 mira
2546 4008 3013 4070 Montefalconii
3040 4006 3465 4080 hallucinatio,
3498 4003 3605 4085 qui

348 4109 631 4171 editione
672 4110 997 4183 Saviliana,
1018 4126 1184 4170 anno
1210 4107 1361 4169 1612
1396 4108 1663 4187 vulgata,
1694 4107 1899 4187 primo
1927 4106 2070 4167 loco
2101 4108 2325 4186 posita,
2357 4107 2883 4170 Commelinianae
2920 4107 3268 4170 secundum
3296 4105 3605 4177 tribuerit,

350 4209 451 4270 his
496 4211 700 4272 verbis
752 4229 763 4270 :
809 4235 835 4266 ‹‹
877 4215 1056 4273 Anno
1109 4210 1253 4271 1617
1298 4211 1489 4273 altera
1551 4210 1784 4289 prodiit
1850 4209 2046 4270 editio
2074 4211 2542 4272 Graeco-Latina
2594 4210 3003 4272 Homiliarum
3061 4207 3486 4288 Chrysostomi
3541 4196 3615 4267 in.

350 4310 705 4371 Matthteum
738 4316 923 4390 atque
950 4311 1013 4370 in
1053 4312 1360 4371 Joannem
1407 4326 1483 4370 ex
1513 4307 1759 4370 ofﬁcina
1787 4307 2272 4370 Commeliniana
2311 4308 2766 4387 Heidelbergm.
2799 4309 2913 4382 Qui
2953 4316 3161 4372 autem
3198 4310 3366 4371 illam
3394 4307 3604 4388 publi-

351 4412 614 4473 candam
648 4418 962 4483 curarunt,
994 4410 1361 4472 Savilianam
1382 4410 1508 4489 jam
1565 4410 1847 4489 quinque
1876 4415 2020 4469 ante
2065 4410 2245 4471 annis
2287 4410 2575 4470 emissam
2606 4426 2686 4470 ne
2725 4411 2973 4472 novisse
2996 4410 3251 4490 quidem
3282 4410 3604 4497 videntur;

347 4512 454 4573 illa
483 4520 652 4574 certe
682 4530 811 4573 non
840 4514 933 4572 usi
961 4516 1125 4585 sunt,
1164 4528 1281 4571 nec
1304 4509 1436 4588 ejus
1464 4509 1711 4589 uspiam
1738 4508 2181 4570 meminerunt.
2218 4530 2246 4564 »
2271 4510 2397 4569 Nec
2423 4506 2673 4567 mirum.
2710 4509 2863 4569 Nam
2890 4508 3231 4570 editionem
3272 4525 3448 4569 suam
3476 4524 3601 4568 non

350 4613 618 4692 quinque
658 4614 840 4671 annis
856 4620 1021 4690 post,
1063 4611 1173 4672 sed
1212 4610 1417 4670 decem
1473 4610 1656 4670 armis
1697 4618 1839 4669 ante
1878 4608 2188 4685 vulgatam
2216 4607 2607 4683 Savilianam,
2640 4608 2928 4671 videlicet
2952 4627 3120 4672 anno
3155 4609 3326 4684 1602,
3369 4607 3601 4688 publici

337 4712 499 4792 juris
517 4712 811 4774 fecerunt
838 4729 853 4785 ;
891 4712 1395 4791 eamqueipsam,
1421 4716 1491 4772 ut
1522 4727 1669 4772 mox
1716 4710 2085 4783 videbimus,
2117 4707 2376 4769 Savilius
2410 4709 2752 4787 typothette
2792 4727 2905 4772 suo
2932 4710 3400 4790 exprimendam
3423 4709 3603 4769 tradi-

348 4814 462 4876 dit.
495 4815 619 4874 Res
647 4821 855 4875 autem
886 4820 979 4873 est
1004 4813 1137 4873 hazc
1164 4830 1176 4872 :
1208 4810 1462 4874 Prodito
1493 4810 1833 4891 exemplari
1855 4809 2219 4885 Anglicano,
2251 4808 2836 4887 Ileidelbcrgenses,
2868 4828 2949 4872 ne
2980 4829 3091 4873 sua
3132 4812 3326 4875 editio
3348 4829 3603 4892 prorsus

349 4918 795 4991 obsolesceret,
828 4917 1022 4979 libros
1055 4933 1219 4978 novo
1268 4916 1469 4989 titulo,
1490 4932 1725 4977 annum
1754 4914 2165 4994 posteriorem
2185 4912 2340 4975 falso
2374 4912 2636 4986 ferente,
2674 4915 3011 4978 instructos
3043 4917 3413 4991 emiserunt;
3442 4936 3601 4997 quo-

347 5036 484 5082 rum
519 5034 711 5079 unum
747 5016 994 5077 incaute
1024 5015 1351 5095 descripsit
1384 5012 1921 5075 Montefalconius.
1955 5012 2069 5085 Qui
2094 5018 2304 5073 tamen
2334 5028 2413 5073 ne
2456 5012 2543 5073 sic
2582 5013 2837 5091 quidem
2886 5017 3280 5078 excusandus
3301 5026 3417 5078 est.
3451 5017 3602 5078 Nam

352 5121 615 5183 Savilius
635 5119 772 5198 ipse
815 5118 880 5179 in
911 5119 1079 5180 notis
1106 5119 1181 5180 ad
1213 5116 1598 5179 Homiliasin
1628 5115 1986 5177 Matthaeum
2014 5116 2100 5177 sic
2128 5116 2425 5194 praefatus
2454 5124 2583 5177 erat
2618 5135 2630 5177 :
2671 5142 2697 5172 ‹‹
2732 5119 2917 5180 Hisce
2940 5118 3306 5199 (codicibus)
3338 5122 3600 5182 accessit

352 5224 542 5287 editio
581 5223 837 5302 vulgata
870 5218 1524 5297 Heidelbergensis,de
1555 5235 1678 5297 qua
1709 5216 1990 5297 quamvis
2018 5215 2366 5277 innumeris
2395 5224 2626 5280 scateat
2655 5220 2994 5293 erroribus,
3018 5236 3289 5299 quorum
3310 5236 3603 5298 magnam

350 5328 413 5382 et
445 5327 612 5383 certe
649 5321 980 5382 maximam
1010 5324 1248 5397 partem
1280 5331 1397 5378 nos
1445 5317 1945 5396 expurgavimus,
1976 5322 2184 5376 tamen
2225 5316 2415 5394 gratia
2446 5316 2710 5378 debetur
2750 5320 2933 5379 bonis
2975 5319 3096 5380 illis
3133 5319 3315 5393 viris,
3356 5320 3503 5399 quia
3546 5328 3601 5381 et

347 5423 524 5504 prius
554 5424 789 5485 inedita
828 5424 1013 5485 edere
1047 5424 1396 5496 voluerunt,
1433 5424 1623 5502 idque
1656 5425 1826 5485 libris
1856 5441 1983 5485 non
2012 5423 2545 5501 negligentissime
2576 5425 2896 5505 inspectis.
2934 5449 2962 5481 »
2992 5429 3231 5505 Itaque,
3261 5432 3330 5487 ut
3357 5426 3437 5487 ad
3466 5443 3596 5487 rem

344 5525 702 5601 redeamus,
734 5524 1157 5603 Chrysostomi
1180 5522 1481 5586 Homilias
1500 5524 1565 5585 in
1587 5525 1940 5588 Matthasum
1966 5527 2048 5609 (b)
2074 5526 2311 5605 primus
2340 5526 2544 5587 (ἔναιρε
2585 5526 2778 5587 edidit
2819 5526 2981 5608 (nam
3012 5526 3091 5588 de
3119 5526 3348 5588 Latinis
3366 5526 3597 5589 editio-

411 5714 634 5853 ἱαμῖίᾱ.
659 5716 795 5786 Opp.
831 5727 959 5770 tom.
982 5712 1068 5776 III,
1111 5732 1166 5785 p.
1200 5717 1318 5770 115.

435 5784 486 5853 b)
520 5786 724 5840 [larum
754 5787 1100 5840 Homiliarum
1127 5803 1233 5840 una
1264 5788 1501 5843 etaltera
1531 5802 1775 5844 seorsum
1796 5787 1909 5853 jam
1937 5795 2026 5839 ant

717 5733 795 5786 pp.
831 5727 959 5770 tom.
982 5712 1068 5776 III,
1111 5732 1166 5785 p.
1200 5717 1318 5770 115.
2317 5748 2332 5755 ~

717 5806 724 5839 ι
754 5787 1100 5840 Homiliarum
1127 5803 1233 5840 una
1264 5788 1501 5843 etaltera
1531 5802 1775 5844 seorsum
1796 5787 1909 5853 jam
1937 5795 2061 5839 ante
2088 5785 2332 5853 prodiere

435 5784 486 5853 b)
520 5784 724 5840 Harum
744 5784 1100 5840 ‘Homiliarum
1127 5803 1233 5840 una
1264 5788 1501 5843 etaltera
1531 5802 1775 5844 seorsum
1796 5787 1909 5857 jam
1937 5795 2061 5839 ante
2088 5785 2426 5854 prodierant.

666 5837 944 5943 iii—113;..—
972 5837 1501 5943 cum
2088 5837 2105 5854 ³
3228 5885 3256 5943 ι

1746 6045 2253 6156 ι’)Α’¹⁸Ἷ⁴ζὶ”ξ

1764 6140 1777 6151 λ
1894 6120 1917 6156 ,ἶ
2007 6122 2226 6156 .177",

1754 6120 1822 6177 il;
1890 6120 1917 6173 ἀ
2006 6136 2032 6171 δ’
2106 6124 2171 6162 ⁷1.
2214 6155 2227 6158 ι
