4090 6366
431 355 470 394 ιι
1645 336 1823 391 FRID.
1867 335 2068 392 FIELD
2107 333 2497 392 ΡΒᾸΞῈΑἸἸΟ.

429 439 617 502 nibus
653 456 821 504 nunc
851 456 979 502 non
1025 438 1249 520 dicam)
1286 438 1707 499 Commelinus
1738 435 2167 516 typographus
2197 435 2763 526 IIeiderergensis;
2799 429 2871 498 in
2904 436 3219 498 volumine
3247 433 3426 526 cujus
3453 431 3682 496 insen-

430 543 564 620 ptio
593 539 731 603 haec
761 547 856 603 est
886 558 900 601 :
932 548 1041 603 Τοῦ
1057 550 1114 602 ὲν
1145 549 1318 618 ἁγίοις
1344 549 1558 620 Πατρὸς
1585 549 1742 620 ἡμῶν
1781 550 2025 604 Ἰωάννου
2054 547 2148 601 τοῦ
2183 548 2569 621 Χρυσοπόμου
2597 523 3028 621 ἀρχιέπισκόπου
3061 523 3680 610 Κωνστανέινουπόλεως

442 649 741 721 Ἐρμηνεία
773 653 852 717 εἰς
885 653 948 707 τὸ
977 653 1118 706 κατὰ
1140 653 1416 707 Ματοαῖον
1447 652 1599 723 ἅγιον
1638 651 1989 722 Εὗαγγὲλιον.
2031 644 2057 704 ἑ

2067 643 2254 704 ἶαησιί
2293 644 2507 705 Patris
2552 645 2756 704 nostri
2783 643 3049 704 Joannis
3105 640 3530 720 Chrysostomi
3573 655 3682 698 ar-

431 742 811 825 chiepiscopi
841 745 1464 825 Constantinopoleos
1525 746 1862 825 Expositio
1901 745 1969 804 in
2023 743 2437 823 Evangelium
2480 743 2815 805 secundum
2857 742 3239 806 Matthwum.
3281 742 3486 804 Greece
3521 754 3685 800 nunc

433 845 703 921 primum
749 847 1124 925 producitur
1164 868 1191 908 e
1228 867 1372 908 mss.
1418 847 1737 909 illustriss.
1769 846 1855 928 (a)
1891 846 2405 908 bibliothecarum
2452 846 2780 921 Palatina,
2812 848 3094 922 Bavarw,
3123 845 3522 924 Augustam,
3553 857 3685 901 cum

437 944 953 1022 interpretatione
992 946 1249 1008 Aniani.
1280 948 1536 1010 Accedit
1557 948 2052 1011 Commentarius
2086 967 2249 1008 mere
2280 949 2540 1010 Latinus
2586 949 2654 1010 in
2698 947 3084 1020 Matthamm,
3115 945 3300 1023 vulgo
3347 941 3688 1003 attributus

438 1045 634 1108 eidem
658 1047 735 1107 D.
770 1047 1356 1126 Chrysostomo.Ea:
1383 1053 1640 1132 ofﬁcina
1670 1051 2184 1116 Commeliniana.
2204 1051 2356 1115 Cum
2393 1052 2770 1132 privilegiis.
2792 1051 3022 1111 lliDCII.
3045 1046 3221 1120 Quod
3251 1045 3353 1107 hic
3373 1043 3452 1106 de
3469 1041 3688 1104 Aniani

441 1145 956 1227 interpretatione
1009 1153 1325 1228 asseritur,
1362 1154 1426 1216 id
1457 1155 1711 1216 nonnisi
1741 1155 1820 1218 de
1864 1163 2005 1220 octo
2065 1155 2380 1236 prioribus
2421 1154 2696 1215 homiliis
2741 1151 3217 1230 intelligendum
3258 1152 3352 1209 est
3385 1164 3397 1207 :
3434 1162 3578 1209 nam
3625 1144 3690 1204 in

442 1245 647 1308 fronte
676 1247 849 1311 hom.
899 1268 970 1312 IX
1021 1253 1250 1315 diserte
1301 1254 1548 1332 legitur,
1585 1257 1851 1336 Georgio
1896 1257 2311 1336 Trapezuntio
2365 1257 2724 1334 interprete.
2755 1249 3250 1316 Commentarius
3294 1252 3502 1308 autem
3530 1263 3693 1305 mere

443 1351 702 1413 Lati-nus
737 1352 790 1416 is
812 1361 927 1427 est,
955 1355 1065 1436 qui
1111 1357 1296 1435 vulgo
1329 1358 1761 1437 Chrysostomi
1797 1384 1825 1416 ς(
1871 1360 2040 1439 Opus
2076 1360 2503 1439 imperfectum
2561 1359 2628 1418 in
2666 1357 3033 1419 Matthwum
3074 1376 3104 1411 »
3151 1357 3575 1430 nuncupatur,
3616 1348 3694 1410 de

444 1468 572 1532 quo
630 1461 859 1533 praeter
892 1455 1051 1518 alios
1098 1459 1223 1536 egit
1274 1459 1522 1534 Millius,
1552 1461 1905 1539 Prolegom.
1941 1478 2112 1522 num.
2149 1460 2321 1521 1037.
2358 1461 2445 1523 De
2493 1459 2710 1521 Graeco
2766 1457 2954 1536 hujus
3005 1451 3296 1516 editionis
3353 1447 3695 1529 exemplari

445 1559 671 1634 praeter
694 1555 903 1617 Savilii
928 1557 1352 1620 testimonium
1379 1578 1569 1640 supra
1619 1561 1872 1623 allatum
1909 1578 2109 1642 pauca
2134 1561 2448 1623 mouenda
2481 1565 2647 1622 sunt.
2673 1558 2970 1620 Codicum
2994 1552 3402 1618 dissensionis
3447 1551 3512 1613 in
3562 1556 3696 1611 toto

445 1669 640 1733 opere
685 1655 856 1718 nulla
908 1658 1168 1719 mentio.
1209 1660 1426 1723 Plures
1453 1667 1662 1724 autem
1690 1662 1883 1724 libros
1907 1663 1974 1723 in
2002 1662 2233 1724 Graecis
2259 1659 2716 1723 constituendis
2754 1656 3039 1720 evolutos
3066 1671 3238 1727 esse,
3271 1651 3541 1714 dubitari
3565 1667 3695 1714 non

451 1763 692 1837 potest;
723 1758 790 1820 in
813 1760 1041 1839 quibus
1066 1765 1399 1826 tractandis
1421 1765 1623 1828 editor
1657 1765 1820 1828 hanc
1862 1765 2068 1844 legem
2109 1765 2227 1827 sibi
2285 1763 2663 1845 imposuisse
2693 1761 2956 1836 videtur,
2994 1766 3063 1822 ut
3106 1757 3392 1838 pleniore
3429 1756 3698 1819 lectione

452 1860 512 1920 in
549 1863 786 1922 textum
818 1861 1348 1932 relata.vocabula
1369 1884 1510 1946 quas
1535 1868 1604 1930 in
1630 1887 1760 1931 uno
1789 1876 1895 1931 aut
1915 1869 2198 1950 pluribus
2243 1868 2566 1931 codicibus
2593 1884 2725 1929 non
2755 1861 3284 1937 exstarent,uncis
3312 1861 3695 1922 includeret:

451 1978 639 2040 quam
690 1962 944 2043 quidem
1001 1966 1279 2044 regulam
1322 1985 1398 2031 eo
1440 1987 1642 2050 usque
1694 1970 2084 2045 observavit,
2147 1978 2218 2033 ut
2262 1969 2801 2033 manifestissimos
2840 1976 3100 2050 propter
3160 1963 3700 2029 homoeoteleuton

454 2060 730 2150 defectus
755 2065 976 2128 iisdem
1003 2069 1167 2129 netis
1210 2069 1640 2148 distingueret.
1670 2071 1758 2133 De
1784 2071 1880 2132 his
1909 2071 2073 2133 notis
2101 2072 2268 2134 aliud
2301 2088 2492 2152 porro
2525 2071 2913 2133 monendum
2953 2077 3066 2143 est,
3117 2069 3406 2131 videlicet
3428 2084 3543 2147 per
3568 2067 3697 2127 Ho-

455 2163 654 2228 milies
682 2185 785 2238 XL,
816 2186 922 2229 xu
953 2174 1012 2230 et
1039 2186 1166 2230 xm
1193 2187 1297 2232 eas
1332 2171 1579 2251 parcius
1609 2172 2030 2248 disseminari;
2086 2173 2152 2233 in
2211 2171 2409 2233 tribus
2462 2177 2671 2233 autem
2722 2169 3132 2250 sequentibus
3171 2167 3373 2229 nullas
3420 2171 3701 2228 exstare:

457 2265 624 2328 unde
654 2267 955 2330 Homilias
982 2269 1130 2331 istas
1151 2287 1226 2331 ex
1263 2271 1453 2333 unico
1494 2270 1712 2333 codice
1741 2271 2085 2352 descriptas
2125 2289 2284 2344 esse,
2317 2271 2527 2349 colligi
2555 2277 2781 2352 potest.
2815 2273 2959 2331 Post
2983 2266 3305 2330 homiliam
3340 2283 3462 2326 XLV
3494 2283 3707 2328 rursus

459 2373 754 2431 notantur
799 2369 1087 2433 codicum
1144 2370 1447 2446 defectus,
1481 2371 1589 2433 sed
1629 2372 1973 2452 aliquanto,
2008 2373 2071 2435 ni
2118 2371 2322 2445 fallor,
2355 2371 2708 2452 pauciores.
2746 2373 3068 2432 Postremo
3097 2370 3174 2430 ab
3206 2367 3463 2430 homilia
3493 2385 3706 2428 Lxxxv

459 2466 535 2529 ad
563 2465 845 2529 ultimam
874 2473 1079 2530 textus
1103 2463 1472 2548 hujusmodi
1499 2469 1694 2547 signis
1728 2471 1989 2532 omnino
2041 2488 2267 2551 expers
2332 2475 2449 2533 est.
2481 2471 2666 2550 Cujus
2703 2469 2818 2544 rei,
2877 2487 3020 2532 cum
3051 2468 3128 2531 de
3175 2469 3500 2531 codicibus
3522 2485 3711 2530 manu

461 2565 708 2647 scriptis
733 2567 1072 2628 dicendum
1111 2565 1320 2640 fuerit,
1360 2568 1517 2630 ratio
1545 2569 1873 2631 constabit.
1908 2571 2114 2632 Unum
2150 2571 2397 2646 addam,
2432 2570 2788 2650 exemplum
2813 2569 3002 2650 hujus
3029 2569 3342 2645 editionis,
3364 2571 3535 2650 quod
3564 2570 3712 2632 olim

465 2667 657 2730 lsaaci
685 2667 1030 2730 Casauboni
1067 2667 1213 2743 fuit,
1243 2667 1513 2730 Londini
1558 2670 1626 2732 in
1654 2672 1869 2734 Museo
1899 2672 2258 2734 Britannico
2308 2677 2575 2746 exstare,
2619 2671 2798 2751 cujus
2823 2669 2889 2732 in
2918 2669 3133 2731 limine
3167 2687 3363 2750 pauca
3403 2671 3715 2750 quaedam,

464 2772 545 2837 ad
571 2790 670 2836 res
697 2773 763 2834 in
795 2773 1014 2853 primis
1043 2775 1446 2854 pertinentia,
1481 2777 1716 2839 notavit
1750 2777 1842 2838 vir
1869 2795 2154 2855 magnus,
2185 2777 2409 2838 harum
2452 2775 2876 2853 homiliarum,
2910 2783 2980 2838 ut
2999 2793 3076 2838 ex
3105 2776 3555 2838 commentario
3585 2775 3715 2856 ejus

465 2870 546 2936 ad
575 2871 769 2933 Persii
795 2879 1032 2950 satyras
1057 2873 1220 2935 facto
1245 2881 1528 2954 apparet,
1560 2875 1760 2938 lector
1795 2877 2312 2939 studiosissimus.

548 2973 626 3034 II.
669 2971 1093 3052 Chrysostomi
1121 2975 1323 3055 Opera
1369 2975 1582 3038 omnia
1614 2977 1830 3040 Graece
1869 2977 2063 3039 edidit
2104 2977 2413 3040 Henricus
2477 2977 2760 3053 Savilius,
2808 2979 3024 3040 Etonaa
3079 2994 3245 3038 anno
3278 2975 3449 3051 1612,
3483 2976 3551 3037 in
3580 2983 3719 3038 octo

469 3079 678 3138 tomos
704 3075 1051 3154 distributa,
1086 3095 1358 3158 quorum
1406 3079 1722 3142 secundus
1762 3081 2066 3144 Homilies
2112 3081 2178 3143 in
2208 3081 2566 3144 Matthmum
2598 3089 2660 3144 et
2687 3083 2991 3144 Joannem
3039 3081 3494 3161 complectitur.
3527 3081 3719 3160 Hujus

471 3171 709 3237 ultimae
761 3175 1006 3255 pagina)
1044 3176 1387 3256 ascriptum
1433 3184 1546 3252 est,
1581 3179 1800 3239 Etona:
1841 3198 2130 3241 emensum
2171 3181 2239 3242 in
2278 3180 2553 3260 Collegia
2583 3179 2805 3260 Reguli
2860 3183 3125 3244 MDCX.
3150 3181 3630 3262 Typographus,
3657 3188 3720 3243 ut

471 3291 662 3355 supra
686 3273 978 3346 diximus,
1017 3275 1360 3354 exemplari
1392 3276 1885 3340 Commeliniano
1920 3297 2073 3342 usus
2107 3287 2223 3354 est,
2256 3283 2334 3344 ab
2361 3281 2560 3362 ipsius
2588 3282 2796 3345 Savilii
2815 3300 3007 3344 manu
3044 3282 3514 3359 diligentissime
3544 3298 3720 3344 reco-

474 3377 672 3457 gnito,
705 3379 874 3458 quod
903 3380 1112 3460 ipsum
1145 3380 1350 3442 adhuc
1375 3381 1598 3443 Oxonii
1623 3381 1690 3443 in
1717 3382 2100 3449 bibliotheca
2125 3385 2466 3450 Bodleiana
2494 3387 2786 3464 religiose
2807 3393 3106 3449 servatur.
3129 3387 3245 3448 Hic
3263 3385 3413 3461 illic,
3434 3386 3501 3447 in
3524 3392 3721 3466 poste-

475 3481 641 3544 riore
670 3483 1037 3562 praesertim,
1072 3484 1126 3545 si
1154 3484 1317 3546 bene
1339 3484 1620 3561 memini,
1659 3486 1994 3550 voluminis
2051 3497 2252 3570 parte,
2290 3506 2408 3570 pro
2457 3506 2691 3552 excuso
2737 3489 3152 3570 archetypum
3185 3505 3377 3550 manu
3403 3488 3728 3568 scriptum,

476 3584 877 3647 emendatum
937 3592 999 3647 et
1043 3586 1219 3660 illud,
1256 3603 1468 3666 Operae
1523 3597 1989 3668 expresserunt.
2031 3592 2118 3652 De
2174 3592 2467 3654 subsidiis
2525 3609 2657 3655 suae
2699 3593 3088 3655 recensionis
3129 3607 3330 3672 pauca
3368 3607 3484 3652 nos
3521 3590 3729 3652 docuit

478 3687 682 3752 editor
709 3690 1019 3768 egregius,
1061 3708 1202 3771 quae
1239 3690 1342 3754 hic
1372 3692 1729 3755 exscribere
1767 3711 1896 3756 non
1917 3695 2239 3772 gravabor.
2272 3720 2299 3751 «
2325 3698 2560 3757 Harum
2590 3695 2933 3758 editionem
2959 3695 3374 3757 Homiliarum
3403 3693 3730 3756 adornavi-

478 3810 640 3867 mus,
688 3796 932 3868 Lector,
973 3812 1046 3856 ex
1079 3796 1361 3874 quinque
1390 3795 1562 3857 libris
1607 3813 1798 3858 manu
1850 3798 2118 3878 scriptis.
2176 3801 2459 3861 Primum
2497 3799 2682 3862 nobis
2735 3798 3018 3863 exhibuit
3064 3798 3444 3863 bibliotheca
3489 3796 3733 3877 collegii

479 3895 773 3976 Corporis
809 3897 1030 3959 Christi
1075 3898 1318 3971 Oxonii,
1353 3915 1389 3958 a
1437 3898 1790 3978 Serbopulo
1818 3900 2116 3980 quodam,
2147 3901 2408 3963 homine
2431 3902 2674 3976 Graeco,
2705 3919 2872 3964 anno
2903 3902 3322 3963 MCCCCXCIX
3363 3899 3510 3962 satis
3534 3899 3733 3977 negli-

483 4001 702 4075 genter
728 4003 786 4059 et
825 3997 1112 4077 imperite
1142 3998 1466 4077 scriptum,
1522 3999 1824 4077 Redingae
1855 4001 1922 4060 in
1953 4000 2196 4079 Anglia,
2224 4001 2376 4062 XLV
2414 4007 2652 4064 tantum
2682 4002 2925 4082 priores
2953 4003 3255 4065 Homilies
3284 4003 3736 4066 continentem.

484 4099 836 4162 Secundum
869 4099 1250 4163 bibliotheca
1273 4101 1670 4164 illustrissimi
1713 4102 1940 4164 Caecilii
1994 4104 2238 4166 comitis
2280 4103 2675 4179 Oxoniensis,
2703 4105 2783 4167 ab
2821 4105 3046 4167 eodem
3109 4103 3458 4184 SerhOpulo
3503 4101 3736 4163 ibidem

446 4193 459 4206 ’
484 4204 706 4267 eadem
730 4202 852 4265 ﬁde
885 4208 948 4264 et
974 4202 1289 4281 diligentia
1318 4202 1620 4282 scriptum
1650 4219 1816 4264 anno
1844 4210 2173 4281 sequente,
2208 4220 2299 4266 sc.
2330 4203 2460 4278 MD,
2485 4203 2759 4283 reliquas
2784 4204 3164 4284 posteriores
3190 4201 3738 4282 complectentem-

493 4308 773 4370 Tertium
807 4306 990 4369 nobis
1009 4307 1290 4370 codicem
1314 4306 1487 4369 dedit
1514 4305 1897 4369 bibliotheca
1922 4306 2180 4386 Collegii
2207 4307 2364 4369 Novi
2391 4307 2636 4378 Oxonii,
2671 4312 2732 4370 et
2765 4317 3056 4388 quartum
3080 4303 3461 4368 bibliotheca
3489 4302 3742 4364 Univer-

283 4443 368 4461 -.—-
487 4409 681 4472 sitatis
735 4409 1130 4486 Oxoniensis,
1183 4409 1724 4491 Constantinopoli
1752 4428 1957 4490 nuper
2009 4411 2360 4486 advectum,
2403 4411 2682 4474 melioris
2733 4419 2901 4474 notae
2949 4418 3010 4474 et
3055 4411 3380 4490 antiquum
3411 4408 3582 4482 satis,
3612 4423 3742 4468 non

489 4509 705 4590 plures
765 4515 975 4573 tamen
1036 4529 1328 4592 quemque
1360 4529 1550 4591 quam
1599 4530 1742 4573 xuv
1777 4519 1883 4574 aut
1911 4529 2037 4573 XLV
2073 4512 2319 4594 priores
2365 4519 2943 4594 repreesentantem.
3007 4514 3307 4589 Quintum
3344 4517 3406 4572 et
3454 4509 3744 4572 ultimum

492 4610 872 4689 posteriores
908 4609 1221 4685 homilias,
1251 4627 1482 4690 easque
1514 4627 1644 4673 non
1671 4611 1859 4692 plene
1890 4588 2341 4686 continentem,
2374 4588 2483 4674 sed
2521 4613 2774 4692 Optimae
2813 4629 2956 4675 cum
2985 4611 3204 4692 primis
3234 4616 3399 4672 notae
3435 4608 3744 4680 codicem,
3768 4588 3786 4634 ί⁴

491 4729 682 4791 supra
714 4728 1220 4776 commemoratae
1250 4713 1675 4776 Universitatis
1703 4713 2100 4776 bibliothecae
2131 4715 2456 4776 debemus.
2485 4737 2514 4772 ››
2535 4715 2774 4775 Horum
2806 4720 2930 4775 tres
2959 4714 3204 4794 priores
3245 4728 3374 4774 non
3419 4708 3743 4786 indagavi;

492 4823 750 4895 quartus
769 4819 970 4882 codex
1000 4818 1053 4880 is
1075 4824 1190 4891 est,
1220 4817 1286 4879 ni
1315 4816 1518 4890 fallor,
1559 4817 1667 4897 qui
1697 4817 1884 4878 hodie
1916 4816 2092 4878 Bodl.
2128 4816 2236 4877 160
2269 4822 2556 4878 notatur:
2597 4817 2708 4895 qui
2731 4823 2936 4878 tamen
2968 4832 3098 4878 non
3126 4833 3276 4876 xuv
3306 4822 3411 4875 aut
3446 4829 3590 4884 va,
3634 4810 3742 4872 sed

493 4936 620 4986 XLII
648 4925 890 4981 tantum
934 4916 1224 4980 homilias
1254 4917 1555 4979 continet.
1596 4916 1717 4978 Sed
1752 4923 2170 4997 praeterquam
2233 4916 2405 4996 quod
2458 4916 2669 4978 caeteri
2732 4932 2954 4978 omnes
3008 4915 3394 4977 Oxonienses
3436 4911 3636 4973 serius
3679 4911 3744 4972 in

496 5020 942 5086 bibliothecam
976 5023 1304 5089 venerunt,
1348 5017 1656 5080 lectiones
1683 5017 1985 5097 quasdam
2015 5034 2273 5098 prorsus
2305 5016 2675 5096 singulares,
2704 5033 2740 5078 a
2769 5015 2994 5078 Savilio
3021 5015 3088 5076 in
3128 5014 3296 5076 notis
3333 5030 3411 5074 ex
3438 5011 3600 5074 libro
3631 5029 3746 5073 suo

499 5117 1194 5200 Constantinopolitano
1225 5125 1575 5199 excerptas,
1614 5118 1682 5180 in
1721 5118 1886 5180 dicto
1917 5118 2135 5181 codice
2162 5117 2505 5181 Bodleiano
2531 5117 2746 5180 inveni
2776 5115 2884 5197 (b).
2912 5119 3213 5178 Caeterum
3239 5121 3445 5177 utrum
3492 5121 3747 5194 quartus

497 5227 614 5290 iste
643 5224 845 5290 codex
865 5221 1113 5298 Savilio,
1148 5222 1298 5285 dum
1327 5228 1564 5286 textum
1621 5222 1844 5285 harum
1875 5222 2272 5285 homiliarum
2321 5223 2751 5296 concinnaret,
2781 5222 2858 5284 ad
2879 5237 3133 5283 manum
3160 5218 3368 5296 fuerit,
3407 5237 3488 5282 an
3525 5219 3746 5293 serius,

530 5461 651 5545 ._(a_)
681 5459 837 5545 Unde
864 5467 1358 5545 novo‘argumento‘
1371 5460 1584 5529 probari
1610 5468 1812 5545 po‘t'est,
1845 5475 1942 5545 pro
1969 5461 2071 5545 lipc
2251 5462 2324 5545 (ὁ)
2365 5461 2482 5518 Vid.
2515 5460 2714 5545 Adnet.
2736 5461 2808 5544 ad
2832 5477 2923 5532 pp.
2941 5461 3080 5545 .940,
3111 5456 3393 5545 με,
3408 5453 3747 5545 ladz‘c‘al'cgcp}

506 5525 668 5605 titulo
700 5532 869 5605 alium
901 5525 1459 5605 postea'suppositum
1486 5525 1628 5605 esse:
1675 5529 1810 5605 Nam
1839 5525 1921 5605 de”
1938 5531 2070 5584 sub-
2176 5525 2349 5604 partis
2375 5531 2627 5605 secundae
2657 5525 2850 5601 hujus'
2871 5525 3214 5605 voluminis).
3237 5525 3462 5605 Paginas
3507 5525 3747 5605 intelligo

503 5602 659 5659 sidiis
700 5600 864 5672 hujus
901 5597 1162 5672 aditionis
1189 5597 1657 5672 'qutefaleonius
1677 5601 1755 5654 sic
1785 5623 1797 5654 ;
1828 5619 1846 5652 ‹
1883 5600 2069 5655 Graeca
2178 5597 2432 5660 editionis
2461 5597 2874 5672 Maurinai'quas
2916 5602 3061 5657 inter
3108 5597 3278 5656 un'cos
3302 5597 3359 5672 in
3387 5605 3539 5652 textu
3559 5597 3741 5666 posui-

505 5687 569 5726 ex
595 5685 751 5731 mss..
776 5669 840 5726 ἰιι
889 5671 1110 5726 credere
1152 5677 1255 5744 est,
1278 5669 1537 5744 Palatinis
1569 5679 1870 5726 aruerunt:
1905 5686 2072 5738 neque
2177 5691 2318 5732 mus.
2356 5675 2511 5731 Enn.
2537 5671 2728 5744 Pun.)
2758 5669 2775 5672 “
3322 5671 3326 5674 ’

506 5759 644 5800 enim
685 5751 1014 5799 monuerunt.
1055 5747 1191 5795 unde
1219 5741 1618 5808 desumpserint.
