4090 6366
1587 390 1770 449 FltlD.
1806 388 2007 447 FlELD
2047 385 2431 444 PRJEFATIO.

2004 409 2007 429 ι
2047 385 2431 444 ΡιὶίΕΡᾹἸΊΟ.
3564 401 3619 438 Ill

382 500 530 548 cum
575 483 654 544 ad
707 489 886 546 notas
927 487 1181 544 ventum
1227 489 1409 554 esset,
1442 483 1500 543 ei
1560 481 1924 554 innotuerit,
1959 480 2112 541 mihi
2168 481 2422 561 quidem
2457 497 2581 541 non
2630 480 2844 558 liquet.
2881 487 3091 548 Restat
3119 489 3372 567 quintus
3403 483 3630 556 codex,

379 583 783 658 Bodleianus,
822 583 1108 646 homilias
1139 586 1516 664 posteriores
1565 603 1783 664 easque
1811 602 1938 644 non
1964 583 2140 662 plene
2193 583 2543 651 continens;
2573 601 2762 662 quem
2793 585 2897 646 diu
2924 587 3315 667 multumque
3345 602 3634 667 qumrens

379 684 610 748 frustra
639 685 752 758 fui,
784 687 986 748 donec
1015 687 1247 761 inveni,
1279 705 1423 748 eum
1480 685 1544 747 in
1577 685 1866 762 Catalogo
1893 703 2064 746 num.
2100 682 2251 744 3019
2280 684 2394 744 sub
2424 684 2627 748 indice
2665 689 3086 765 tenebricoso,
3117 692 3178 751 J.
3209 688 3638 767 Chrysostomi

381 787 674 848 Homilia:
695 785 958 866 aliquot,
990 787 1202 848 latere.
1232 787 1430 867 Hujus
1457 803 1600 866 pars
1644 788 1900 866 antiqua
1931 792 1990 849 et
2023 784 2496 847 membranacea
2539 803 2668 848 non
2707 788 2849 867 plus
2881 808 3068 869 quam
3096 789 3540 865 xxxhomilias,
3571 790 3635 851 id

383 891 501 956 est,
535 901 569 943 a
616 901 679 962 p.
709 883 828 942 -564
866 885 914 942 Β
947 883 1025 944 ad
1065 902 1131 963 p.
1181 883 1289 944 741
1333 889 1380 944 Λ
1434 883 1912 962 complectitur;
1973 893 2034 944 et
2073 881 2280 962 quoad
2323 888 2525 945 textus
2557 889 2988 951 recensionem
3040 891 3443 953 arctissimam
3490 909 3635 954 cum

381 985 583 1062 Regio
604 983 717 1044 688
759 985 1017 1063 posthac
1038 984 1450 1046 describendo
1472 984 1830 1047 afﬁnitatem
1859 1002 1988 1066 prie
2009 1001 2075 1045 se
2102 983 2522 1063 fert.Reliqua
2545 986 2822 1065 ejusdem
2853 991 3186 1053 voluminis
3215 1009 3359 1071 pars
3390 990 3635 1053 nullum

385 1103 645 1164 prorsus
699 1084 778 1146 ad
821 1084 1078 1145 criticen
1103 1102 1283 1145 usum
1321 1085 1530 1146 habet.
1563 1087 1781 1163 Itaque
1810 1088 2074 1154 constat,
2099 1088 2326 1162 printer
2359 1083 2585 1146 librum
2619 1086 3079 1166 Redingianum
3130 1089 3634 1152 recentissimum
3685 1101 3708 1147 ι

386 1192 449 1246 et
477 1203 513 1245 a
533 1184 735 1246 scriba
768 1182 1060 1262 imperito
1087 1183 1494 1262 descriptum,
1520 1191 1647 1244 tres
1674 1189 1911 1243 tantum
1943 1181 2195 1244 codices
2223 1181 2449 1242 Savilio
2487 1192 2715 1262 prmsto
2744 1185 2960 1260 fuisse,
2999 1188 3124 1252 duo
3147 1190 3433 1258 videlicet
3470 1192 3639 1272 prio-

383 1287 472 1350 ris
506 1287 719 1367 partis,
753 1293 814 1349 et
841 1304 1062 1360 unum,
1094 1302 1367 1365 eumque
1399 1285 1573 1346 valde
1601 1284 1911 1357 mutilum,
1933 1282 2319 1364 posterioris.
2343 1283 2528 1346 Hisce
2557 1285 2851 1349 subsidiis
2881 1305 3028 1351 sane
3048 1291 3441 1353 tenuioribus
3469 1309 3633 1371 quo-

385 1391 578 1452 modo
623 1409 776 1452 usus
800 1389 1011 1463 fuerit,
1043 1405 1214 1450 nunc
1244 1387 1608 1448 videndum.
1647 1385 1977 1465 Exemplar
2024 1379 2580 1461 Heidelbergense,
2611 1387 2719 1466 qui
2749 1387 2808 1449 ei
2852 1389 3063 1451 Codex
3091 1410 3348 1452 excusas
3371 1398 3486 1466 est,
3520 1409 3634 1472 pro

380 1493 792 1555 fundamento
840 1508 1020 1552 novae
1077 1488 1368 1552 editionis
1427 1486 1656 1568 posuit.
1705 1488 1838 1548 Hoc
1871 1503 2113 1548 summa
2161 1485 2478 1563 diligentia
2513 1493 2572 1549 et
2608 1488 2730 1550 ﬁde
2765 1487 2843 1550 ad
2875 1489 3125 1552 codices
3154 1508 3323 1565 suos,
3354 1491 3633 1555 adhibito

383 1608 643 1671 quoque
670 1597 879 1652 vetere
931 1588 1296 1666 interprete,
1319 1583 1715 1661 recognovit;
1757 1600 2001 1644 errores
2031 1583 2544 1662 typographicos,
2577 1585 2628 1645 si
2660 1603 2788 1647 non
2820 1604 3062 1662 omnes,
3101 1597 3270 1652 certe
3301 1593 3631 1655 maximam

383 1701 650 1773 partem,
693 1692 1068 1772 plerumque
1117 1706 1244 1750 non
1284 1687 1524 1748 monito
1578 1684 1836 1760 lectore,
1869 1685 2130 1758 exemit;
2187 1685 2674 1760 distinctionem,
2705 1705 2846 1766 qua}
2898 1690 3072 1769 prius
3100 1692 3326 1753 misere
3360 1693 3631 1772 jacebat,

380 1797 606 1859 sedulo
643 1794 961 1872 castigavit
989 1810 1004 1867 ;
1029 1809 1227 1854 uncos
1282 1787 1830 1862 Commelinianos,
1860 1787 1938 1848 de
1985 1788 2214 1866 quibus
2245 1787 2432 1867 paulo
2483 1796 2627 1849 ante
2656 1789 2892 1851 dictum
2922 1796 3036 1864 est,
3071 1791 3376 1871 plurimos
3411 1795 3635 1857 merito

383 1898 655 1972 sustulit,
694 1897 912 1977 paucis
964 1893 1197 1956 relictis
1224 1891 1402 1965 alios,
1437 1889 1546 1951 sed
1594 1890 1945 1969 pauciores,
1987 1889 2065 1950 de
2100 1906 2214 1950 suo
2253 1889 2318 1950 in
2347 1897 2584 1951 textum
2614 1891 2844 1952 intulit.
2875 1893 3052 1965 Quod
3074 1894 3150 1955 ad
3170 1895 3458 1958 ordinem
3490 1915 3632 1961 ver-

383 2002 608 2062 borum
635 2000 873 2072 attinet,
894 1999 961 2060 in
991 2014 1118 2077 quo
1147 1993 1591 2058 constituendo
1613 1991 1846 2053 librarii
1878 1989 2141 2052 multum
2199 1990 2364 2052 inter
2409 2008 2475 2053 se
2504 1991 2898 2067 dissentiunt,
2931 1994 2993 2055 in
3026 1995 3335 2074 prioribus
3362 1996 3635 2060 homiliis

381 2102 794 2180 archetypum
820 2115 960 2161 raro
991 2097 1221 2159 deserit
1246 2114 1260 2169 ;
1295 2097 1358 2156 in
1393 2092 1846 2175 posterioribus
1872 2108 2022 2154 vero
2047 2139 2062 2166 ,
2091 2107 2237 2171 ope,
2262 2097 2332 2152 ut
2361 2091 2624 2165 videtur,
2655 2094 2892 2157 codicis
2923 2096 3041 2171 sui,
3067 2097 3331 2189 plurima
3361 2101 3631 2166 novavit.

381 2205 687 2262 Prmterea
712 2200 907 2260 varias
950 2189 1270 2268 lectiones,
1300 2194 1408 2255 sed
1442 2210 1570 2254 non
1608 2193 1692 2254 ita
1740 2191 2126 2270 frequentes,
2151 2207 2277 2251 orte
2313 2189 2454 2250 libri
2473 2191 2781 2270 ascripsit,
2813 2205 2988 2254 more
3020 2195 3127 2273 qui
3157 2201 3305 2258 tunc
3332 2201 3634 2278 temporis

378 2302 644 2363 usitatus
677 2305 830 2362 erat.
854 2297 1120 2369 Scilicet,
1153 2295 1321 2357 nulla
1351 2292 1738 2371 singulorum
1761 2291 2050 2354 codicum
2075 2290 2395 2352 mentione
2415 2290 2597 2364 facta,
2631 2292 2683 2352 si
2705 2292 2856 2371 quid
2885 2295 3076 2355 textui
3101 2296 3180 2358 ab
3209 2297 3348 2376 ipso
3378 2307 3633 2380 recepto

379 2401 526 2464 libri
581 2399 985 2480 probabiliter
1037 2397 1432 2476 adjiciebant,
1464 2392 1762 2455 asterisco
1812 2392 1880 2452 in
1915 2391 2076 2453 serie
2106 2389 2337 2470 posito,
2368 2390 2554 2451 verba
2585 2390 2883 2466 addititia,
2909 2393 3189 2456 eamdem
3223 2405 3434 2458 notam
3464 2416 3632 2476 prai-

375 2505 724 2578 tendentia,
753 2502 1015 2580 margini
1047 2501 1268 2573 illevit;
1299 2499 1352 2561 si
1405 2497 1554 2578 quid
1591 2497 1935 2568 mutabant,
1967 2495 2208 2556 duabus
2249 2492 2496 2554 lineolis
2528 2495 2891 2555 transversis
2926 2495 2943 2576 (
2973 2495 3045 2575 ")
3075 2497 3152 2558 ad
3185 2497 3430 2559 initiUm
3458 2500 3633 2563 verbi

378 2607 477 2667 vel
508 2608 1015 2684 verborumque)
1044 2620 1079 2664 e
1117 2609 1292 2664 textu
1329 2599 1633 2662 movenda
1664 2604 1859 2671 erant,
1891 2596 2161 2670 insertis,
2197 2595 2454 2657 verbum
2477 2596 2570 2655 vel
2598 2595 2806 2670 verba,
2829 2611 2970 2675 qua:
3005 2614 3080 2658 ex
3108 2597 3429 2660 codicibus
3458 2598 3632 2660 suﬁi-

374 2707 606 2770 cienda
651 2713 847 2780 erant,
896 2706 960 2766 in
991 2705 1333 2783 marginem
1381 2705 1560 2782 signo
1589 2729 1683 2781 γρ.
1717 2700 2057 2781 praeposito
2109 2697 2338 2760 retulit.
2379 2699 2512 2758 Hoc
2550 2714 2696 2759 vero
2751 2697 2810 2758 ei
2862 2698 3194 2761 infeliciter
3231 2701 3437 2774 cessit,
3460 2701 3628 2779 quod

378 2808 618 2870 nullam
664 2806 944 2869 notulam
975 2805 1263 2876 habebat,
1304 2822 1428 2885 qua
1457 2804 1936 2882 signiﬁcaretur,
1959 2799 2038 2862 ad
2078 2805 2232 2879 quot
2254 2797 2555 2859 vocabula
2584 2815 2722 2859 sese
2759 2801 3050 2863 extendat
3079 2801 3446 2864 lineolarum
3479 2805 3630 2866 ista-

386 2927 522 2971 tum
567 2909 655 2971 vis
709 2931 724 2969 :
760 2925 902 2988 quae
938 2925 1038 2969 res
1076 2907 1430 2969 Editoribus
1481 2906 1900 2968 Benedictinis
1937 2918 2394 2981 nonnunquam
2436 2903 2686 2964 errandi
2741 2903 2990 2965 occasio
3034 2905 3270 2966 exstitit
3295 2906 3401 2986 (a).
3436 2907 3629 2968 Iidem

382 3028 513 3072 non
543 3027 671 3071 uno
715 3009 859 3071 loco
914 3016 1094 3070 notas
1141 3009 1489 3069 additionis
1524 3015 1585 3069 et
1628 3007 1994 3068 mutationis
2045 3005 2207 3067 inter
2244 3024 2311 3068 se
2360 3005 2834 3079 confundendo,
2871 3023 3063 3068 novas
3099 3005 3402 3070 lectiones
3439 3008 3629 3070 ﬁnxe-

379 3116 528 3171 runt
560 3109 664 3190 (ὁ).
696 3110 966 3171 Tertium
1000 3110 1276 3170 ﬁctarum
1314 3109 1651 3170 lectionum
1683 3125 1880 3185 genus
1910 3126 1988 3169 ex
2015 3107 2213 3186 ipsius
2237 3107 2450 3169 Savilii
2481 3107 2719 3169 incuria
2751 3107 3056 3185 originem
3086 3110 3269 3170 traxit
3306 3109 3406 3190 (c).
3440 3112 3628 3170 Porro

381 3211 840 3274 observandum
907 3218 997 3273 est
1034 3211 1331 3273 Savilium
1379 3212 1699 3292 plurimas,
1751 3219 1817 3272 ut
1853 3211 2003 3284 dixi,
2043 3211 2270 3272 veteris
2325 3211 2617 3273 editionis
2661 3210 2964 3273 lectiones
3013 3213 3146 3274 sine
3199 3213 3628 3274 admonitione

376 3319 682 3387 mutasse;
718 3313 770 3374 si
792 3330 938 3374 vero
970 3311 1308 3391 aliquando
1340 3313 1419 3374 de
1448 3312 1840 3375 correctione
1876 3314 2100 3374 Lector
2127 3311 2484 3374 monendus
2529 3318 2712 3384 esset,
2743 3311 3076 3373 lectionem
3105 3330 3136 3373 a
3169 3331 3234 3374 se
3264 3322 3533 3376 amotam
3562 3312 3624 3373 in

375 3413 660 3492 margine
688 3429 830 3474 cum
857 3411 1035 3489 signo
1072 3437 1164 3488 γρ.
1204 3409 1511 3489 posuisse,
1536 3409 1701 3472 haud
1729 3427 1911 3471 secus
1942 3425 2130 3487 quam
2153 3409 2202 3470 si
2241 3427 2276 3470 e
2304 3409 2523 3471 codice
2552 3409 2822 3489 quodam
2858 3427 3045 3472 manu
3073 3412 3305 3492 scripto
3335 3423 3624 3495 excerpta

376 3514 619 3576 fuisset.
657 3514 790 3575 Hoc
835 3529 1089 3591 quoque
1121 3518 1216 3573 est
1245 3509 1351 3572 ubi
1389 3509 1813 3572 Benedictinis
1857 3509 2061 3571 fraudi
2117 3509 2236 3571 fuit
2274 3511 2386 3590 (ἀ).
2445 3511 2619 3584 Quod
2652 3529 2801 3573 vero
2820 3513 2896 3573 ad
2926 3519 3128 3575 textus
3156 3515 3625 3593 castigationem

376 3617 618 3690 attinet,
649 3617 715 3678 in
747 3614 953 3695 priore
986 3614 1197 3694 operis
1228 3619 1399 3692 parte
1422 3659 1436 3686 ,
1469 3611 1577 3673 ubi
1614 3610 1826 3691 plures
1855 3610 2108 3672 codices
2143 3612 2202 3672 ei
2237 3612 2315 3674 ad
2364 3629 2616 3674 manum
2659 3617 2856 3686 erant,
2885 3613 3080 3675 multo
3109 3616 3349 3678 cautius
3379 3623 3440 3678 et
3476 3618 3624 3679 reli-

372 3717 617 3794 giosius
663 3717 728 3776 in
774 3714 1230 3776 mutationibus
1282 3721 1413 3774 tum
1452 3713 1852 3774 admittendis
1895 3720 2027 3774 tum
2066 3713 2355 3775 notandis
2415 3721 2695 3776 versatus
2733 3725 2863 3788 est;
2904 3715 2970 3776 in
3018 3717 3364 3796 posteriore
3390 3725 3624 3795 autem,

371 3821 583 3883 codici
608 3839 745 3896 suo,
777 3828 845 3882 ut
873 3818 1145 3892 videtur,
1177 3818 1436 3879 nimium
1469 3817 1776 3892 addictus,
1812 3818 2141 3880 innumera
2170 3817 2301 3880 fere
2324 3819 2590 3894 novavit,
2623 3819 2700 3880 de
2735 3819 2963 3898 quibus
2991 3836 3198 3898 neque
3228 3820 3291 3881 in
3323 3837 3430 3884 ora
3457 3821 3621 3895 libri,

375 3939 588 4002 neque
633 3923 702 3983 in
747 3921 912 3983 notis
939 3921 1198 3982 verbum
1245 3918 1510 3980 monuit.
1544 3920 1776 3980 Harum
1813 3919 2228 3981 mutationum
2271 3919 2605 3982 nonnullas
2637 3929 2744 3982 aut
2777 3921 2844 3982 in
2881 3919 3389 3986 adnotationibus
3415 3929 3520 3983 aut
3559 3925 3621 3986 iu

373 4024 558 4085 variis
583 4020 958 4084 lectionibus
982 4017 1290 4090 iudicavi;
1321 4017 1534 4096 plures
1561 4016 1809 4079 silentio
1835 4018 2128 4097 praeterii.
2153 4021 2456 4082 Caeterum
2489 4028 2714 4101 printer
2740 4031 2919 4084 notas
2947 4025 3340 4102 marginales,
3364 4029 3620 4089 Savilius

373 4123 844 4188 observationes
874 4137 1036 4192 suas,
1083 4136 1312 4198 paucas
1345 4116 1601 4198 quidem
1631 4119 1739 4180 sed
1770 4119 1954 4180 bonae
1989 4119 2173 4197 frugi,
2209 4121 2274 4180 in
2306 4127 2480 4200 parte
2511 4122 2857 4202 posteriore
2884 4125 3038 4185 tomi
3067 4127 3266 4187 octavi
3301 4128 3619 4200 condidit;

371 4245 639 4308 quarum
675 4224 1006 4286 maximam
1033 4227 1272 4300 partem
1303 4220 1505 4282 amico
1539 4237 1676 4291 suo,
1698 4221 1924 4281 Joanni
1952 4221 2160 4282 Boisio
2187 4219 2286 4300 (θ),
2315 4223 2619 4284 canonico
2651 4223 2902 4299 Eliensi,
2925 4227 3153 4288 debere
3173 4244 3240 4288 se
3270 4228 3612 4306 profitetur.

375 4329 617 4409 [ncepti
662 4326 949 4388 Saviliani
981 4341 1126 4386 vere
1170 4323 1483 4401 magniﬁci
1509 4328 1570 4384 et
1607 4321 1915 4402 privatum
1949 4339 2208 4385 censum
2255 4325 2688 4403 exsuperantis
2726 4327 3007 4388 notitiam
3038 4345 3242 4389 meam
3278 4328 3616 4403 absolvam,

375 4436 707 4508 postquam
737 4425 816 4486 de
842 4431 972 4486 toto
1001 4439 1194 4504 Opere
1227 4438 1557 4494 monuere,
1585 4437 1921 4499 cperarum
1948 4426 2338 4482 correctores
2371 4422 2438 4482 in
2469 4421 2674 4485 ofﬁcio
2704 4443 2818 4486 suo
2847 4426 3315 4504 diligentissime
3345 4436 3616 4491 versatos

371 4547 548 4603 esse;
589 4535 658 4590 ut
688 4545 816 4590 non
851 4525 1046 4604 magis
1089 4530 1348 4586 externo
1386 4522 1612 4596 nitore,
1643 4538 1832 4600 quam
1861 4520 2159 4584 interiore
2191 4523 2588 4584 accuratione
2614 4541 2686 4586 ac
2716 4523 2837 4586 ﬁde
2868 4524 3027 4587 liber
3047 4526 3334 4589 emineat.

453 4631 559 4690 III.
613 4629 702 4690 Ad
732 4627 975 4689 tertiam
1011 4624 1347 4686 editionem
1374 4621 1474 4701 (Ῑ),
1507 4637 1650 4700 quas
1706 4619 1948 4681 Morelli
2017 4627 2133 4696 est,
2193 4621 2667 4684 describendam
2711 4624 3175 4687 Montefalconii
3212 4627 3414 4690 verbis
3454 4635 3612 4692 utar.

370 4755 400 4786 α
430 4729 634 4791 Editio
660 4728 936 4790 Parisina
958 4724 1193 4788 Claudii
1212 4725 1361 4800 [imo
1376 4721 1610 4797 Caroli]
1633 4721 1874 4783 Morelli
1900 4738 2067 4784 anno
2096 4723 2492 4784 MDCXXXVI
2515 4723 2664 4799 [imo
2692 4726 3112 4803 MDCXXXIII]
3131 4727 3612 4802 data,Saviliana

367 4845 433 4892 et
487 4827 971 4890 Commeliniana
1023 4825 1285 4887 inferior
1334 4830 1450 4898 est,
1498 4823 1614 4886 etsi
1648 4823 1786 4902 ipse
1816 4823 2248 4903 typographus
2287 4824 2626 4886 admodum
2654 4825 2824 4886 illam
2853 4829 3252 4891 commendet
3279 4830 3344 4891 in
3376 4833 3612 4895 Monito

364 4951 510 4998 suo.
541 4931 972 5010 Exemplaria,
995 4930 1220 5010 inquit,
1261 4928 1482 5009 quibus
1511 4929 1578 4988 in
1598 4928 1896 5006 praesnti
1922 4927 2192 4989 editione
2219 4930 2321 4990 usi
2349 4948 2557 4990 sumus
2579 4929 2778 5007 fuere,
2811 4932 3229 4994 authenticum
3271 4935 3428 4997 illud
3477 4940 3608 5012 An:

363 5035 632 5116 glicana:
691 5033 1006 5106 editionis,
1039 5048 1358 5110 nunquam
1419 5029 1576 5089 satis
1643 5027 1990 5102 laudatum,
2031 5031 2135 5090 cui
2188 5030 2478 5109 religiose
2533 5028 2900 5092 adhwsimus
2941 5033 3008 5092 in
3029 5035 3397 5113 corrigendo
3436 5046 3606 5098 texti.

366 5141 608 5213 Graeco,
637 5139 871 5198 notatis
905 5138 1085 5216 prius
1121 5153 1232 5196 suo
1271 5133 1609 5215 quibusque
1640 5131 1772 5194 loco
1810 5133 2074 5208 mendis,
2119 5153 2251 5214 qua:
2286 5136 2355 5196 in
2391 5132 2554 5194 calce
2589 5133 2859 5213 ejusdem
2895 5136 3188 5199 editionis
3236 5148 3522 5201 accurate
3553 5148 3610 5202 et

435 5377 516 5449 (a)
549 5377 683 5432 Vide
715 5375 914 5431 Adnot.
954 5375 1022 5429 ad
1061 5391 1116 5446 p.
1145 5376 1270 5431 459.
2037 5379 2251 5435 libellus
2282 5379 2618 5440 utilissimus.
2660 5396 2762 5435 nec
2791 5380 2922 5435 satis
2970 5392 3130 5435 notus
3173 5403 3186 5436 ;
3217 5379 3408 5434 Veteris
3435 5378 3607 5449 inter-

440 5448 516 5539 (ὁ)
542 5468 678 5522 Vide
707 5467 907 5521 Αάηοι,
939 5467 1008 5520 ad
1038 5481 1128 5535 pp,
1157 5466 1279 5530 546,
1313 5464 1436 5530 569,
1461 5465 1585 5530 διδ,
1619 5466 1740 5522 664,
2036 5453 2196 5539 pictis
2235 5467 2352 5502 cum
2368 5449 2505 5503 Beza
2536 5450 2756 5520 aliisque
2782 5452 3146 5504 recentioribus
3172 5451 3399 5504 collatio.
3430 5448 3603 5506 Lond.

434 5521 664 5620 mea
690 5547 886 5603 Adnot.
923 5551 991 5603 ad
1022 5521 1111 5618 ιίιςί.
1138 5521 1435 5611 εοθξιιιϋξ
1573 5521 1584 5530 ’
1703 5521 1716 5522 “
2042 5531 2049 5572 τ

437 5634 514 5670 Mi
555 5633 691 5670 νίιιιι
727 5631 897 5670 imum
952 5632 1015 5670 ςυι
1044 5648 1115 5670 nn
1165 5633 1269 5670 om
1334 5631 1438 5670 7.x:
2041 5658 2049 5670 ‘

2041 5521 2535 5670 llaacﬁeditio
2577 5589 2860 5670 interdum
2913 5590 3271 5670 Eronlqniana
3320 5589 3538 5670 dicitur,
3567 5605 3598 5642 λ

437 5634 514 5729 id;
543 5633 691 5729 fige
720 5631 920 5729 una;
952 5632 1017 5686 ειιι
1044 5633 1290 5729 rip-297.
1711 5717 1721 5728 ,
1865 5724 1932 5729 __
2041 5631 2542 5716 πτκιςιδῖιΐιῑιῑέξέξ
2569 5631 3602 5729 δ’ἑεξιῖἱὶἱῖὶὶὶιηζίὶιὲἶῖιῖὲἶὸῖιιῌῖἰᾘίὴέἓὶ

440 5699 514 5788 ζα)
543 5717 718 5786 llujns
751 5699 1391 5786 viri,lingu:_eulriusque
1409 5699 1742 5792 peritissimi,
1764 5724 1940 5771 exstat.
