4090 6366
475 376 527 417 ιν
1713 347 1897 406 raw.
1942 314 2142 402 meo
2182 338 2578 400 PREFATIO.

467 468 740 550 ﬁdeliter
778 470 1110 533 habentur.
1136 469 1417 532 Alterum
1454 470 1579 547 fuit
1618 470 1808 530 editio
1852 476 2166 547 postrema
2192 467 2574 528 Parisiensis
2602 466 2817 528 Latine
2844 472 3091 528 tantum
3122 486 3161 527 a
3193 460 3269 527 Β.
3298 464 3373 529 Ρ.
3408 458 3729 525 Frontone

470 574 690 632 Ducam
719 573 1000 634 societat.
1030 575 1180 635 Iesu
1216 572 1547 652 Theologo,
1584 569 1902 650 etc.Atqui
1925 567 2096 649 quod
2128 568 2211 630 ait
2228 568 2336 631 ille
2360 585 2429 631 se
2470 567 2813 647 Anglicano
2835 569 3202 651 exemplari,
3235 570 3365 632 sive
3392 564 3728 638 Saviliano,

470 671 761 749 religiose
812 671 1177 747 adhtesisse,
1224 672 1454 735 mirum
1524 676 1829 751 quantum
1878 687 1912 732 a
1960 685 2108 730 vero
2166 669 2623 731 aberrat:nam
2666 667 2745 730 ab
2801 668 2910 731 illo
2946 667 3290 750 saepissime
3318 666 3405 728 ita
3426 664 3730 737 dissonat,

467 773 740 833 maxime
787 789 938 835 vero
989 774 1364 853 quibusdam
1410 774 1475 835 in
1510 773 1692 848 locis,
1726 780 1788 834 et
1823 771 2079 851 quidem
2122 779 2216 833 sat
2241 769 2697 850 frequentibus,
2737 776 2806 832 ut
2832 770 3091 851 planum
3123 770 3203 832 sit
3236 768 3418 831 illum
3447 784 3485 830 a
3514 764 3733 827 labore

472 868 605 930 haec
635 868 762 930 duo
793 869 1176 949 exemplaria
1204 870 1572 932 conferendi
1597 870 1693 932 vel
1724 870 2009 943 omnino,
2032 867 2128 929 vel
2159 868 2376 932 saltem
2399 868 2769 949 plerumque
2798 868 3204 945 abstinuisse.
3230 868 3494 930 Prorsus
3521 870 3732 928 autem

469 979 821 1036 consonant
848 975 1061 1036 Graeca
1090 973 1331 1036 Morelli
1362 992 1504 1038 cum
1536 974 1766 1036 Graecis
1785 974 2293 1036 Commelinianis
2317 991 2332 1049 ;
2359 974 2444 1038 ita
2470 978 2539 1036 ut
2568 974 2755 1037 etiam
2797 991 2987 1036 voces
3038 990 3281 1049 omnes,
3313 989 3455 1054 quae
3484 968 3733 1033 uncinis

468 1071 877 1137 includuntur
902 1075 967 1137 in
1008 1075 1498 1139 Commeliniana
1528 1076 1828 1150 editione,
1857 1076 1923 1138 id
1961 1075 2132 1156 quod
2161 1075 2395 1156 passim
2419 1075 2713 1150 occurrit,
2743 1076 2992 1139 uncinis
3020 1074 3307 1137 similiter
3332 1071 3733 1136 includantur

468 1170 535 1233 in
562 1173 1075 1238 Morelliana......
1109 1177 1288 1239 Unde
1328 1177 1511 1241 facile
1540 1178 1950 1253 crediderim,
1996 1195 2229 1259 cperas
2281 1178 2519 1241 Morelli
2577 1179 3063 1260 typographicas
3097 1177 3173 1241 ad
3220 1172 3730 1240 Commelinianaa

470 1268 763 1333 editionis
793 1272 979 1334 ﬁdem
1023 1274 1237 1337 Graeca
1290 1273 1716 1355 Chrysostomi
1770 1276 2065 1339 edidisse.
2104 1278 2181 1339 Et
2204 1282 2412 1340 tamen
2442 1276 2611 1339 nulla
2636 1277 3141 1341 Commelinianze
3172 1276 3465 1341 editionis
3492 1273 3731 1336 mentio

469 1369 736 1434 habetur
771 1373 837 1436 iu
864 1373 1100 1437 Monito
1129 1374 1393 1437 Morelli.
1418 1401 1445 1433 »
1468 1380 1617 1440 Haec
1646 1380 1969 1442 verissime
1994 1397 2032 1442 a
2057 1378 2545 1442 Montefalconio
2567 1377 2729 1441 dicta
2758 1397 2898 1442 esse
2926 1385 3143 1455 testor,
3175 1378 3528 1460 praesertim
3557 1374 3729 1455 quod

470 1472 549 1536 de
577 1490 817 1537 summa
850 1476 1187 1540 concordia
1220 1479 1671 1560 exemplarium
1699 1483 2044 1545 Morelliani
2073 1489 2136 1544 et
2171 1478 2645 1545 Commeliniani
2683 1481 2982 1556 afﬁrmat;
3014 1481 3100 1544 ita
3133 1488 3223 1555 ut,
3255 1474 3734 1542 siamanifestis

468 1577 795 1657 utriusque
851 1594 1186 1658 eperarum
1229 1582 1545 1644 erroribus
1598 1584 1965 1658 decesseris,
2009 1585 2112 1646 vix
2136 1584 2353 1646 decem
2384 1584 2541 1647 locis
2580 1600 2654 1646 ea
2688 1584 2854 1645 inter
2878 1600 2945 1646 se
2994 1582 3322 1645 dissentire
3354 1579 3728 1643 existimem.

463 1673 688 1757 Itaque
736 1697 878 1741 cum
905 1680 1054 1742 satis
1082 1689 1353 1758 constet,
1375 1684 1442 1745 in
1476 1682 1594 1747 hac
1632 1684 1913 1746 editione
1950 1683 2107 1746 nihil
2163 1684 2425 1749 omnino
2454 1682 2685 1746 critica:
2748 1682 2894 1745 fidei
2944 1689 3049 1744 aut
3078 1679 3463 1745 auctoritatis
3492 1677 3727 1748 inesse,

472 1796 729 1859 prorsus
756 1782 836 1845 de
864 1800 937 1844 ea
970 1778 1333 1860 tacuissem,
1363 1787 1483 1849 nisi
1517 1788 1659 1850 duae
1703 1805 1911 1851 causa)
1951 1789 2335 1852 obstitissent
2369 1806 2382 1849 :
2412 1806 2561 1861 una,
2592 1787 2765 1869 quod
2789 1786 2911 1852 hoc
2941 1789 3146 1868 ipsum
3179 1784 3523 1865 exemplar,
3554 1781 3731 1861 cujus

473 1883 948 1964 depravationes
1001 1895 1129 1951 tam
1182 1890 1435 1970 penitus
1488 1898 1849 1972 perspectas
1894 1890 2112 1955 habuit
2138 1890 2681 1966 Montefalconius,
2714 1894 2851 1973 ipse
2890 1902 3103 1974 spreto
3142 1889 3490 1970 'Anglicano
3520 1885 3730 1967 aperis

471 1982 601 2044 suis
653 1984 1025 2048 imitandum
1074 1987 1277 2062 dedit;
1299 1989 1513 2066 altera,
1554 1991 1724 2071 quod
1756 1991 1906 2054 dum
1936 1995 2150 2056 Grmca
2177 2011 2318 2057 mea
2352 1994 2676 2071 amabam,
2700 1995 3042 2057 editionem
3069 1989 3621 2055 Commelinianam
3649 1985 3729 2047 ad

474 2100 725 2145 manum
757 2085 986 2164 habere
1022 2105 1151 2152 non
1184 2091 1400 2170 potui:
1436 2100 1655 2172 postea
1686 2111 1833 2157 vero
1868 2094 2210 2176 exemplari
2246 2103 2635 2177 comparato,
2675 2096 2797 2159 vidi
2828 2095 2891 2159 in
2926 2096 3136 2157 locum
3159 2090 3401 2155 Morelli
3437 2091 3725 2152 Comme-

470 2186 583 2249 lini
609 2203 843 2250 nomen
859 2189 1095 2270 ubique
1118 2190 1252 2253 fere
1277 2190 1476 2254 sufﬁci
1503 2210 1691 2273 posse
1724 2194 1837 2275 (a).

547 2288 647 2350 IV.
689 2289 823 2351 Jam
860 2291 1113 2353 tandem
1150 2290 1229 2354 ad
1258 2293 1723 2357 Benedictinam
1755 2296 2143 2370 devenimus,
2177 2314 2319 2377 quae
2347 2315 2594 2362 summo
2624 2299 2895 2361 virorum
2932 2295 3259 2357 doctorum
3285 2290 3723 2353 indoctorum-

470 2406 596 2471 que
627 2406 945 2453 consensu
988 2390 1067 2455 ad
1104 2391 1274 2456 hunc
1321 2393 1489 2457 diem
1518 2395 1844 2458 Editionis
1867 2400 2113 2477 optima:
2134 2397 2343 2478 elogio
2374 2399 2729 2463 decoratur.
2766 2397 3009 2460 Prodiit
3034 2395 3222 2474 igitur
3239 2394 3514 2473 Operum
3534 2389 3727 2470 Chry-

469 2490 732 2553 sostomi
759 2496 967 2553 tomus
993 2493 1317 2572 septimus,
1349 2495 1459 2574 qui
1488 2512 1523 2557 a
1550 2497 1778 2559 nostris
1813 2497 2101 2560 Homiliis
2121 2505 2287 2561 totus
2316 2506 2682 2581 occupatur,
2704 2498 2953 2561 Parisiis
2985 2511 3153 2558 anno
3203 2492 3373 2555 1727.
3405 2494 3476 2554 In
3513 2491 3722 2553 fronte

469 2592 747 2673 librigde
790 2592 1215 2674 Chrysostomi
1253 2597 1551 2677 Operibus
1599 2598 1667 2659 in
1724 2599 2085 2662 universum
2146 2601 2521 2681 praedicatur
2547 2649 2561 2676 ,
2597 2619 2676 2662 EA
2722 2618 2803 2661 Αι)
2846 2616 2981 2660 mss.
3026 2612 3280 2658 CODICES
3320 2608 3723 2665 GALLICANOS,

469 2711 835 2769 VATICANOS,
877 2712 1284 2773 ANGLICANOS,
1326 2715 1862 2774 GERMANICOSQUE,
1909 2719 2160 2765 RECNON
2196 2722 2280 2765 AD
2323 2721 2697 2766 SAVILIANAM
2739 2721 2817 2765 ET
2850 2715 3339 2764 FRONTONIANAM
3378 2711 3723 2768 EDITIONES,

476 2799 812 2859 cas'rrdx'u
855 2815 1025 2859 esse.
1077 2797 1253 2871 Quod
1317 2797 1424 2861 hic
1467 2798 1546 2861 de
1577 2801 1899 2864 codicibus
1927 2803 2767 2883 VaticanisGermanicisque
2804 2804 3353 2871 commemoratur,
3384 2795 3448 2858 id
3487 2793 3566 2857 ad
3606 2792 3725 2855 alia

470 2896 896 2977 Chrysostomi
926 2915 1119 2979 Opera
1154 2899 1427 2979 pertinet
1462 2917 1474 2960 :
1505 2901 1991 2980 Anglicanorum
2039 2922 2188 2968 vero
2225 2905 2517 2969 codicum
2542 2904 2782 2966 mentio
2826 2900 3076 2965 nonnisi
3134 2899 3395 2979 repetita
3433 2893 3727 2959 editionis

469 2997 795 3060 Saviliana)
822 2998 1168 3062 nominatio
1198 3010 1313 3062 est.
1351 3001 1611 3063 Restant
1637 3020 1787 3082 ergo
1814 3003 2137 3080 Gallicani,
2167 3023 2328 3085 quos
2352 3005 2426 3068 ad
2464 3006 2712 3077 initium
2740 3004 3016 3066 homiliaa
3044 3001 3264 3085 prima;
3319 2998 3591 3060 breviter
3620 2996 3728 3056 de.

471 3097 757 3175 signavit.
789 3097 1201 3174 Contulimus,
1234 3100 1461 3181 inquit,
1502 3103 1743 3166 codices
1771 3106 1999 3186 Regios
2040 3103 2215 3181 1934,
2258 3106 2436 3182 1940,
2480 3106 2652 3168 1942.
2683 3104 2954 3169 Colbert.
2992 3102 3128 3177 166,
3158 3098 3296 3163 205.
3326 3097 3589 3162 Coislin.
3623 3094 3722 3155 66.

472 3197 680 3259 Atium
700 3199 842 3259 item
868 3200 1039 3261 Dom.
1087 3199 1407 3262 Foucault.
1443 3210 1499 3261 et
1542 3204 1958 3263 Turonensem
2004 3205 2183 3264 Dom.
2224 3202 2308 3265 du
2342 3203 2602 3277 Poirier,
2628 3202 2862 3264 Medici
2886 3199 3316 3261 eruditissimi.
3338 3194 3546 3259 Habes
3582 3199 3726 3255 octo

470 3299 722 3362 codices
753 3299 916 3361 bene
953 3307 1337 3374 numeratos,
1369 3300 1433 3361 in
1459 3318 1732 3380 quorum
1758 3306 1965 3363 tamen
2005 3302 2223 3364 notitia
2260 3303 2474 3365 Virum
2503 3299 3075 3384 palmographicum
3104 3304 3166 3359 et
3185 3302 3387 3359 totum
3414 3295 3483 3357 in
3519 3309 3723 3356 mem-

468 3406 805 3469 branarum
834 3403 1256 3484 descriptione
1284 3411 1594 3467 versatum
1624 3403 1916 3484 equidem
1946 3422 2077 3467 non
2108 3422 2406 3483 agnosco.
2449 3404 2625 3479 Quod
2659 3404 2997 3484 plurimum
3047 3400 3330 3474 interest,
3359 3404 3571 3461 utrum
3592 3396 3724 3458 sin-

469 3502 600 3584 guli
628 3502 879 3566 codices
927 3502 1241 3582 integrum
1295 3519 1478 3583 Opus,
1511 3520 1591 3565 an
1622 3503 1897 3583 priorem
1926 3509 2168 3567 tantum
2201 3504 2296 3567 vel
2343 3504 2759 3586 posteriorem
2800 3509 3041 3583 partem
3093 3500 3480 3573 contineant,
3526 3497 3591 3560 id
3645 3513 3725 3560 ne

467 3605 660 3666 verbo
712 3602 969 3683 quidem
1009 3602 1362 3666 declaravit.
1424 3605 1555 3677 Qua
1585 3602 1665 3664 de
1719 3620 1788 3664 re
1835 3621 2031 3683 pauca
2065 3606 2249 3668 nobis
2286 3603 2550 3668 dicenda
2580 3610 2748 3666 sunt.
2794 3602 3086 3666 Codicem
3119 3598 3724 3677 Coislinianumipse

470 3702 726 3766 Montef.
781 3704 845 3765 in
910 3702 1293 3764 Bibliotheca
1332 3700 1585 3762 Coislin.
1646 3717 1712 3780 p.
1757 3699 1891 3773 129,
1936 3700 2138 3763 fusius
2189 3701 2518 3781 descripsit
2563 3718 2577 3762 :
2616 3701 2901 3763 continet
2949 3698 3240 3762 homilias
3273 3699 3423 3759 XLV
3452 3698 3723 3779 priores.

471 3808 705 3886 Regius
756 3804 929 3880 1940,
966 3805 1155 3867 hodie
1193 3803 1331 3877 673,
1362 3802 1612 3865 easdem
1646 3802 1854 3865 habet.
1889 3805 2123 3882 Regius
2170 3803 2342 3880 1942,
2374 3804 2564 3867 hodie
2609 3803 2747 3879 666,
2789 3810 2852 3867 et
2880 3806 3038 3883 Reg.
3078 3801 3329 3878 1934-3,
3361 3802 3553 3866 hodie
3580 3802 3720 3879 668,

470 3908 715 3989 priores
741 3905 923 3966 XLIV
951 3914 1219 3983 uterque
1241 3911 1547 3966 numerat.
1573 3906 1848 3977 Quatuor
1869 3905 1987 3967 hos
2008 3906 2258 3968 codices
2293 3906 2430 3986 ipse
2456 3905 2727 3986 inspexi,
2757 3904 3188 3984 lectionesque
3214 3904 3548 3965 nonnullas
3571 3902 3724 3966 inde

471 4012 820 4086 excerptas,
852 4005 919 4067 in
953 4002 1462 4067 adnotationibus
1490 4022 1634 4067 cum
1669 4007 1929 4067 Lectore
1978 4005 2455 4069 communicavi.
2494 4006 2729 4085 Regius
2762 4004 3013 4080 1934-4,
3044 4003 3233 4066 hodie
3262 4001 3400 4077 685,
3427 4001 3582 4065 mihi
3622 4005 3720 4079 L.,

470 4106 883 4187 posteriorem
942 4105 1340 4169 homiliarum
1383 4113 1626 4187 partem
1666 4108 1967 4170 continet.
2000 4109 2087 4170 De
2110 4109 2353 4171 caeteris
2389 4109 2543 4171 nihil
2566 4116 2961 4189 compertum
2994 4106 3222 4170 habeo.
3264 4108 3568 4169 Caeterum
3607 4122 3721 4170 co-

471 4206 680 4271 dicum
708 4206 1106 4269 indicibusin
1146 4206 1355 4269 fronte
1394 4207 1606 4287 cperis
1644 4207 1887 4288 positis,
1919 4214 2141 4288 postea
2190 4226 2226 4271 a
2258 4209 2462 4290 prima
2506 4208 2765 4271 homilia
2809 4224 3014 4287 usque
3049 4205 3126 4268 ad
3189 4205 3591 4268 novissimam
3638 4222 3722 4270 ne

470 4327 669 4374 unum
706 4308 963 4390 quidem
1002 4307 1370 4370 nominatim
1399 4307 1701 4387 appellat;
1731 4307 1840 4370 sed
1895 4327 2108 4383 unum,
2143 4308 2290 4383 duo,
2335 4308 2519 4383 alios,
2559 4309 2856 4387 quosdam
2913 4305 3214 4386 plurimos
3240 4354 3255 4381 ,
3290 4304 3413 4369 hoc
3439 4305 3533 4369 vel
3564 4304 3720 4370 illud

471 4411 683 4490 legere
727 4426 1017 4483 monens,
1052 4408 1291 4470 umbris
1333 4423 1406 4469 ac
1454 4407 1813 4485 _simulacris
1852 4406 2151 4469 lectorem
2201 4407 2360 4470 ludit
2394 4407 2503 4489 (b).
2562 4407 2743 4469 Plura
2775 4406 2854 4469 de
2902 4405 3082 4468 istius
3121 4404 3396 4467 hominis
3428 4404 3719 4469 codicum

470 4512 837 4576 tractatione
873 4510 940 4572 in
986 4508 1494 4571 adnotationibus
1551 4507 1702 4583 dixi,
1740 4525 1882 4588 quae
1913 4526 2081 4571 nunc
2127 4515 2416 4589 repetere
2446 4526 2571 4572 non
2601 4508 2826 4589 placet.
2875 4509 3130 4570 Summa
3173 4513 3384 4571 autem
3411 4508 3549 4571 haec
3580 4515 3714 4572 est:

472 4618 731 4681 Codices
766 4633 898 4679 non
938 4614 1130 4677 modo
1158 4630 1287 4675 non
1327 4610 1588 4674 contulit
1626 4613 1833 4675 bonus
1853 4612 2221 4688 monachus,
2253 4614 2364 4675 sed
2393 4614 2706 4676 interdum
2734 4614 2919 4675 etiam
2954 4612 3021 4673 in
3050 4612 3208 4675 locis
3237 4611 3716 4690 difﬁcilioribus,

474 4726 537 4782 et
562 4719 673 4781 ubi
698 4734 765 4779 se
792 4716 1032 4779 haerere
1067 4715 1420 4796 profitetur,
1441 4730 1522 4776 ne
1552 4714 1830 4793 inspexit
1867 4714 2124 4794 quidem
2157 4712 2258 4794 (c).
2290 4715 2610 4776 Variamm
2642 4712 2985 4776 lectionum
3026 4731 3099 4776 ex
3131 4719 3223 4777 tot
3258 4714 3550 4778 subsidiis
3577 4732 3614 4777 a
3649 4734 3717 4779 se

474 4820 735 4885 evolutis
766 4819 865 4881 vix
893 4819 1078 4882 unius
1107 4818 1377 4881 codicilli
1396 4832 1663 4879 messem
1693 4816 1944 4896 collegit
1962 4817 2075 4899 (εἴ).
2110 4818 2474 4880 Notularum
2506 4835 2729 4895 magna
2753 4837 2896 4898 pars
2922 4819 2988 4880 in
3024 4820 3185 4882 vitiis
3212 4819 3313 4883 ed.
3334 4819 3713 4883 Morellianaa

544 5026 620 5098 (a)
654 5026 830 5098 Editio
856 5024 1072 5098 Morelli!
1089 5024 1318 5098 repetita
1347 5034 1430 5079 est
1450 5023 1791 5078 Francofurti
1819 5024 1959 5095 apud
1981 5024 2039 5078 Β.
2151 5044 2169 5077 ‹
2214 5023 2432 5078 Montef.
2464 5024 3016 5098 tacitecxclusitn‘bv.
3040 5024 3173 5098 Nam
3202 5026 3418 5083 codices
3443 5027 3713 5098 inspicere

470 5097 532 5155 C.
570 5097 857 5167 Wustium,
889 5110 1033 5167 anno
1058 5096 1211 5151 1698.
1603 5163 1617 5167 _
1739 5165 1766 5167 η
2149 5116 2167 5146 ι
2196 5094 2508 5167 properanti
2560 5095 2761 5167 Critico
2822 5113 2933 5151 non
2968 5097 3225 5167 vacabat.
3249 5117 3268 5149 ι
3302 5096 3440 5153 Ibid.
3470 5094 3660 5167 p.156
3694 5117 3709 5155 :

547 5168 617 5237 (ὁ)
655 5166 836 5220 Semel
867 5166 1105 5238 quidem,
1145 5180 1197 5235 p.
1230 5165 1357 5226 287,
1387 5173 1526 5227 not.,
1553 5163 1619 5217 ad
1654 5165 1890 5238 codicum
1926 5182 2040 5218 om-
2149 5184 2168 5215 ι
2198 5163 2432 5238 ζξοάίρεξ
2456 5166 2741 5221 consulere
2770 5167 3001 5238 debebat
3028 5166 3247 5238 Montef.
3277 5185 3296 5219 ι
3319 5163 3539 5238 lbidfp.
3570 5170 3705 5225 159:

472 5234 618 5291 nium
652 5234 1418 5307 emendatissimumprovocat.
1449 5249 1550 5307 nec
1576 5235 2038 5307 n‘ominatgtauien.
2148 5254 2167 5285 ι
2203 5235 2373 5290 Vetus
2411 5234 2685 5307 Inter-pres
2736 5236 2971 5307 multum
3018 5237 3291 5307 discrepat
3316 5234 3570 5293 aGraico.
3606 5239 3707 5296 Hic

470 5307 567 5377 Cf.
602 5321 723 5377 qua:
761 5305 868 5377 dixi
926 5306 997 5377 in,
1027 5304 1315 5377 Adnot._ad
1357 5320 1413 5377 p._
1442 5304 1567 5377 295.
1601 5304 2039 5377 Matthaai,_1i_lo}:._
2148 5324 2167 5356 ι
2203 5304 2670 5377 οτεοᾲροηξυιρηόί
2698 5316 2853 5361 erant
2880 5306 3133 5377 codices,
3160 5325 3179 5357 ι
3203 5304 3382 5363 'Etsic
3410 5309 3634 5363 centies.

471 5373 653 5449 Ife/09'.
677 5391 733 5449 p.
764 5375 904 5449 235:
930 5393 948 5425 ι
980 5376 1058 5449 ita
1085 5389 1213 5449 ergo
1232 5373 1765 5449 invenit_Montef._in
1794 5375 1905 5449 suis
1922 5373 2039 5428 XIV
2210 5373 2291 5449 (at)
2322 5374 2437 5429 Hoc
2462 5375 2519 5428 in
2551 5374 2965 5449 Commentariis
2997 5376 3065 5430 ad
3088 5376 3260 5449 _[‘auli
3290 5377 3557 5447 Epistolas
3608 5394 3712 5449 po-

477 5465 496 5495 ι
527 5442 804 5501 codicibus
832 5444 931 5516 ise.
972 5442 1399 5516 Homitiarum‘in
1435 5442 1714 5512 Joannem]
1741 5444 1881 5512 apud
1912 5459 2043 5498 suos
2141 5442 2403 5516 ste'riores
2428 5445 2768 5516 manifestius
2795 5447 3025 5513 videtur,
3048 5446 3141 5502 ubi
3168 5446 3222 5502 iu
3247 5442 3452 5516 integra
3484 5442 3708 5503 homilia

480 5534 498 5596 ς
538 5513 893 5596 quosdamet
925 5515 1067 5585 apud
1104 5529 1232 5569 suos
1280 5513 1434 5580 alios,
1473 5528 1610 5583 quos
1645 5529 1807 5568 nemo
1846 5525 2042 5584 praeter
2141 5531 2305 5596 unum
2337 5515 2609 5570 interdum
2659 5514 3057 5596 lectiunculanl
3083 5532 3149 5596 ex
3197 5513 3475 5596 codicibus
3521 5518 3705 5596 aﬂerl.

474 5583 653 5654 ipsum
680 5583 849 5640 novit.
887 5603 904 5636 ι
960 5583 975 5585 “
1095 5653 1109 5655 _
1474 5653 1517 5655 _7
1822 5583 1857 5655 ξ
1890 5653 1939 5655 _
2141 5583 2323 5655 valck.
2355 5600 2542 5655 opusc.
2589 5601 2645 5646 ll,
2678 5601 2732 5654 p.
2773 5585 2871 5639 198
2904 5605 2917 5642 :
2956 5607 2974 5638 ι
3001 5587 3132 5642 Illud
3155 5604 3286 5642 vero
3310 5588 3491 5653 miror,
3520 5587 3575 5643 in
3606 5588 3706 5643 ista

549 5655 621 5730 (c)_
645 5655 781 5730 Vide
803 5655 1003 5709 Adnot.
1044 5653 1113 5709 ad
1149 5668 1243 5722 pp.
1282 5652 1404 5713 155,
1466 5653 1593 5730 295,
1629 5660 1690 5730 et
1708 5653 1852 5730 alibi.
1888 5653 2036 5730 lde_m
2141 5652 2419 5730 splendida
2454 5655 2584 5710 edit.
2611 5652 2715 5730 tam
2757 5672 2904 5709 raras
2928 5672 2994 5711 ex
3027 5657 3185 5713 codd.
3207 5657 3390 5730 Regiis
3418 5652 3705 5715 adnotatas

477 5722 745 5780 Ma'ttha‘io
768 5739 982 5795 quoque
1013 5737 1327 5795 persuasum
1354 5731 1454 5778 est.
1486 5723 1621 5779 Nov.
1650 5723 1833 5794 Eclog.
1877 5740 1928 5794 p.
1962 5724 1992 5777 7
2020 5743 2034 5778 :
2143 5722 2243 5793 logi
2274 5726 2556 5792 scriptura:
2587 5726 2896 5781 varietates.
2931 5745 2950 5777 ›
