  <div class='ocr_page' id='page_1' title='image "/cluster/home/n/w/nwhite01/storage/ocr_20150623/57/nnc1.0046980075/017.png"; bbox 0 0 4090 6366; ppageno 0'>
   <div class='ocr_carea' id='block_1_1' title="bbox 400 350 2015 412">
    <p class='ocr_par' dir='ltr' id='par_1_1' title="bbox 400 351 2015 411">
     <span class='ocr_line' id='line_1_1' title="bbox 400 351 2015 411; baseline -0.001 -4"><span class='ocrx_word' id='word_1_1' title='bbox 400 371 493 411; x_wconf 78' lang='lat' dir='ltr'>\‘lll</span> <span class='ocrx_word' id='word_1_2' title='bbox 1618 352 1800 409; x_wconf 67' lang='grc' dir='ltr'>ΓΒΗ).</span> <span class='ocrx_word' id='word_1_3' title='bbox 1840 351 2015 406; x_wconf 85' lang='lat' dir='ltr'>FIELI</span> 
     </span>
    </p>
   </div>
   <div class='ocr_carea' id='block_1_2' title="bbox 865 350 2480 412">
    <p class='ocr_par' dir='ltr' id='par_1_2' title="bbox 1618 350 2480 412">
     <span class='ocr_line' id='line_1_2' title="bbox 1618 350 2480 412; baseline 0 -3"><span class='ocrx_word' id='word_1_4' title='bbox 1618 352 1800 409; x_wconf 69' lang='grc' dir='ltr'><strong>ΕΒΗ).</strong></span> <span class='ocrx_word' id='word_1_5' title='bbox 1840 351 2043 406; x_wconf 86' lang='lat' dir='ltr'>FIELD</span> <span class='ocrx_word' id='word_1_6' title='bbox 2097 350 2480 412; x_wconf 68' lang='lat' dir='ltr'>PREFATIO.</span> 
     </span>
    </p>
   </div>
   <div class='ocr_carea' id='block_1_3' title="bbox 402 463 3651 553">
    <p class='ocr_par' dir='ltr' id='par_1_3' title="bbox 402 463 3651 553">
     <span class='ocr_line' id='line_1_3' title="bbox 402 463 3651 553; baseline 0.004 -32"><span class='ocrx_word' id='word_1_7' title='bbox 402 474 545 539; x_wconf 70' lang='lat' dir='ltr'>quaa</span> <span class='ocrx_word' id='word_1_8' title='bbox 573 476 651 523; x_wconf 76' lang='lat' dir='ltr'>ex</span> <span class='ocrx_word' id='word_1_9' title='bbox 682 463 968 528; x_wconf 87' lang='lat' dir='ltr'>Homiliis</span> <span class='ocrx_word' id='word_1_10' title='bbox 1004 466 1072 530; x_wconf 88' lang='lat' dir='ltr'>in</span> <span class='ocrx_word' id='word_1_11' title='bbox 1106 468 1465 533; x_wconf 62' lang='lat' dir='ltr'>Matthaeum</span> <span class='ocrx_word' id='word_1_12' title='bbox 1520 480 1814 553; x_wconf 79' lang='lat' dir='ltr'>excerpta</span> <span class='ocrx_word' id='word_1_13' title='bbox 1843 477 2011 549; x_wconf 84' lang='lat' dir='ltr'>sunt,</span> <span class='ocrx_word' id='word_1_14' title='bbox 2042 473 2349 549; x_wconf 89' lang='lat' dir='ltr'>omnium,</span> <span class='ocrx_word' id='word_1_15' title='bbox 2383 472 2449 534; x_wconf 90' lang='lat' dir='ltr'>ni</span> <span class='ocrx_word' id='word_1_16' title='bbox 2470 472 2675 549; x_wconf 83' lang='lat' dir='ltr'>fallor,</span> <span class='ocrx_word' id='word_1_17' title='bbox 2708 471 2961 534; x_wconf 87' lang='lat' dir='ltr'>sedibus</span> <span class='ocrx_word' id='word_1_18' title='bbox 2988 471 3317 551; x_wconf 76' lang='lat' dir='ltr'>indagatis,</span> <span class='ocrx_word' id='word_1_19' title='bbox 3344 470 3651 534; x_wconf 77' lang='lat' dir='ltr'>lectiones</span> 
     </span>
    </p>
   </div>
   <div class='ocr_carea' id='block_1_4' title="bbox 402 574 2745 654">
    <p class='ocr_par' dir='ltr' id='par_1_4' title="bbox 402 574 2745 654">
     <span class='ocr_line' id='line_1_4' title="bbox 402 574 2745 654; baseline 0.005 -30"><span class='ocrx_word' id='word_1_20' title='bbox 402 578 523 626; x_wconf 89' lang='lat' dir='ltr'>nec</span> <span class='ocrx_word' id='word_1_21' title='bbox 551 582 782 645; x_wconf 89' lang='lat' dir='ltr'>paucas</span> <span class='ocrx_word' id='word_1_22' title='bbox 809 586 926 632; x_wconf 92' lang='lat' dir='ltr'>nec</span> <span class='ocrx_word' id='word_1_23' title='bbox 953 574 1466 650; x_wconf 88' lang='lat' dir='ltr'>contemnendas,</span> <span class='ocrx_word' id='word_1_24' title='bbox 1498 591 1629 637; x_wconf 87' lang='lat' dir='ltr'>non</span> <span class='ocrx_word' id='word_1_25' title='bbox 1658 575 1794 638; x_wconf 88' lang='lat' dir='ltr'>sine</span> <span class='ocrx_word' id='word_1_26' title='bbox 1824 592 2055 654; x_wconf 89' lang='lat' dir='ltr'>magno</span> <span class='ocrx_word' id='word_1_27' title='bbox 2081 575 2298 639; x_wconf 87' lang='lat' dir='ltr'>labore</span> <span class='ocrx_word' id='word_1_28' title='bbox 2333 582 2553 640; x_wconf 88' lang='lat' dir='ltr'>nactus</span> <span class='ocrx_word' id='word_1_29' title='bbox 2583 593 2745 638; x_wconf 93' lang='lat' dir='ltr'>sum.</span> 
     </span>
    </p>
   </div>
   <div class='ocr_carea' id='block_1_5' title="bbox 472 665 3649 831">
    <p class='ocr_par' dir='ltr' id='par_1_5' title="bbox 472 665 3649 831">
     <span class='ocr_line' id='line_1_5' title="bbox 472 665 3649 831; baseline 0.002 -103"><span class='ocrx_word' id='word_1_30' title='bbox 472 665 937 831; x_wconf 50' lang='lat' dir='ltr'>gilleoghygacti</span> <span class='ocrx_word' id='word_1_31' title='bbox 963 673 1456 739; x_wconf 80' lang='lat' dir='ltr'>Commentarius</span> <span class='ocrx_word' id='word_1_32' title='bbox 1487 676 1552 738; x_wconf 91' lang='lat' dir='ltr'>in</span> <span class='ocrx_word' id='word_1_33' title='bbox 1582 676 1961 752; x_wconf 71' lang='lat' dir='ltr'>Matthzeum,</span> <span class='ocrx_word' id='word_1_34' title='bbox 2002 676 2189 758; x_wconf 86' lang='lat' dir='ltr'>hujus</span> <span class='ocrx_word' id='word_1_35' title='bbox 2223 677 2436 748; x_wconf 87' lang='lat' dir='ltr'>oneris</span> <span class='ocrx_word' id='word_1_36' title='bbox 2463 677 2529 739; x_wconf 91' lang='lat' dir='ltr'>in</span> <span class='ocrx_word' id='word_1_37' title='bbox 2561 676 2826 755; x_wconf 79' lang='lat' dir='ltr'>gratiam</span> <span class='ocrx_word' id='word_1_38' title='bbox 2852 693 2890 739; x_wconf 89' lang='lat' dir='ltr'>a</span> <span class='ocrx_word' id='word_1_39' title='bbox 2914 676 3099 739; x_wconf 90' lang='lat' dir='ltr'>nobis</span> <span class='ocrx_word' id='word_1_40' title='bbox 3133 692 3460 747; x_wconf 77' lang='lat' dir='ltr'>excussus.</span> <span class='ocrx_word' id='word_1_41' title='bbox 3484 691 3649 737; x_wconf 80' lang='lat' dir='ltr'>non-</span> 
     </span>
     <span class='ocr_line' id='line_1_6' title="bbox 521 766 1105 831; baseline 0.005 -3"><span class='ocrx_word' id='word_1_42' title='bbox 521 766 538 827; x_wconf 92' lang='lat' dir='ltr'>i</span> <span class='ocrx_word' id='word_1_43' title='bbox 589 785 662 830; x_wconf 94' lang='lat' dir='ltr'>su</span> <span class='ocrx_word' id='word_1_44' title='bbox 711 769 759 830; x_wconf 87' lang='lat' dir='ltr'>si</span> <span class='ocrx_word' id='word_1_45' title='bbox 807 768 852 830; x_wconf 88' lang='lat' dir='ltr'>ii</span> <span class='ocrx_word' id='word_1_46' title='bbox 881 770 1105 831; x_wconf 79' lang='lat' dir='ltr'>attulit.</span> 
     </span>
    </p>
   </div>
   <div class='ocr_carea' id='block_1_6' title="bbox 403 765 1105 833">
    <p class='ocr_par' dir='ltr' id='par_1_6' title="bbox 403 765 1105 833">
     <span class='ocr_line' id='line_1_7' title="bbox 403 765 1105 833; baseline 0.009 -6"><span class='ocrx_word' id='word_1_47' title='bbox 403 765 561 828; x_wconf 87' lang='lat' dir='ltr'>nihil</span> <span class='ocrx_word' id='word_1_48' title='bbox 589 768 852 831; x_wconf 89' lang='lat' dir='ltr'>subsidii</span> <span class='ocrx_word' id='word_1_49' title='bbox 881 770 1105 833; x_wconf 79' lang='lat' dir='ltr'>attulit.</span> 
     </span>
    </p>
   </div>
   <div class='ocr_carea' id='block_1_7' title="bbox 479 894 3712 993">
    <p class='ocr_par' dir='ltr' id='par_1_7' title="bbox 479 894 3712 993">
     <span class='ocr_line' id='line_1_8' title="bbox 479 894 3712 993; baseline 0.002 -36"><span class='ocrx_word' id='word_1_50' title='bbox 479 894 713 993; x_wconf 73' lang='lat' dir='ltr'>Majore</span> <span class='ocrx_word' id='word_1_51' title='bbox 739 945 754 970; x_wconf 87' lang='lat'>,</span> <span class='ocrx_word' id='word_1_52' title='bbox 799 899 928 960; x_wconf 88' lang='lat' dir='ltr'>imo</span> <span class='ocrx_word' id='word_1_53' title='bbox 995 900 1270 962; x_wconf 74' lang='lat' dir='ltr'>maxime</span> <span class='ocrx_word' id='word_1_54' title='bbox 1339 920 1482 964; x_wconf 87' lang='lat' dir='ltr'>cum</span> <span class='ocrx_word' id='word_1_55' title='bbox 1531 901 1765 979; x_wconf 87' lang='lat' dir='ltr'>fructu,</span> <span class='ocrx_word' id='word_1_56' title='bbox 1806 903 2187 966; x_wconf 86' lang='lat' dir='ltr'>contulimus</span> <span class='ocrx_word' id='word_1_57' title='bbox 2225 904 2546 985; x_wconf 82' lang='lat' dir='ltr'>Euthymii</span> <span class='ocrx_word' id='word_1_58' title='bbox 2592 905 2889 985; x_wconf 89' lang='lat' dir='ltr'>Zigabeni</span> <span class='ocrx_word' id='word_1_59' title='bbox 2920 922 3104 985; x_wconf 91' lang='lat' dir='ltr'>opus,</span> <span class='ocrx_word' id='word_1_60' title='bbox 3150 902 3324 984; x_wconf 88' lang='lat' dir='ltr'>quod</span> <span class='ocrx_word' id='word_1_61' title='bbox 3361 918 3651 980; x_wconf 86' lang='lat' dir='ltr'>magnam</span> <span class='ocrx_word' id='word_1_62' title='bbox 3708 906 3712 910; x_wconf 72' lang='lat'><strong>&#39;</strong></span> 
     </span>
    </p>
   </div>
   <div class='ocr_carea' id='block_1_8' title="bbox 403 993 3655 1086">
    <p class='ocr_par' dir='ltr' id='par_1_8' title="bbox 403 993 3655 1086">
     <span class='ocr_line' id='line_1_9' title="bbox 403 993 3655 1086; baseline 0.003 -34"><span class='ocrx_word' id='word_1_63' title='bbox 403 997 645 1070; x_wconf 89' lang='lat' dir='ltr'>partem</span> <span class='ocrx_word' id='word_1_64' title='bbox 676 1010 753 1055; x_wconf 80' lang='lat' dir='ltr'>ex</span> <span class='ocrx_word' id='word_1_65' title='bbox 800 993 1224 1076; x_wconf 84' lang='lat' dir='ltr'>Chrysostomi</span> <span class='ocrx_word' id='word_1_66' title='bbox 1273 1003 1762 1073; x_wconf 84' lang='lat' dir='ltr'>commentariis,</span> <span class='ocrx_word' id='word_1_67' title='bbox 1795 1002 2001 1065; x_wconf 84' lang='lat' dir='ltr'>verbis</span> <span class='ocrx_word' id='word_1_68' title='bbox 2055 1002 2381 1083; x_wconf 81' lang='lat' dir='ltr'>paululum</span> <span class='ocrx_word' id='word_1_69' title='bbox 2430 1006 2706 1082; x_wconf 84' lang='lat' dir='ltr'>mutatis,</span> <span class='ocrx_word' id='word_1_70' title='bbox 2754 1005 3126 1086; x_wconf 89' lang='lat' dir='ltr'>decerptum</span> <span class='ocrx_word' id='word_1_71' title='bbox 3165 1021 3325 1076; x_wconf 91' lang='lat' dir='ltr'>esse,</span> <span class='ocrx_word' id='word_1_72' title='bbox 3361 1003 3655 1065; x_wconf 86' lang='lat' dir='ltr'>omnibus</span> 
     </span>
    </p>
   </div>
   <div class='ocr_carea' id='block_1_9' title="bbox 405 1100 3656 1185">
    <p class='ocr_par' dir='ltr' id='par_1_9' title="bbox 405 1100 3656 1185">
     <span class='ocr_line' id='line_1_10' title="bbox 405 1100 3656 1185; baseline 0.002 -29"><span class='ocrx_word' id='word_1_73' title='bbox 405 1102 624 1159; x_wconf 89' lang='lat' dir='ltr'>notum</span> <span class='ocrx_word' id='word_1_74' title='bbox 656 1104 770 1160; x_wconf 90' lang='lat' dir='ltr'>est.</span> <span class='ocrx_word' id='word_1_75' title='bbox 803 1100 1002 1181; x_wconf 88' lang='lat' dir='ltr'>Hujus</span> <span class='ocrx_word' id='word_1_76' title='bbox 1031 1102 1242 1182; x_wconf 89' lang='lat' dir='ltr'>operis</span> <span class='ocrx_word' id='word_1_77' title='bbox 1273 1102 1465 1166; x_wconf 85' lang='lat' dir='ltr'>editio</span> <span class='ocrx_word' id='word_1_78' title='bbox 1495 1106 1709 1170; x_wconf 88' lang='lat' dir='ltr'>Latina</span> <span class='ocrx_word' id='word_1_79' title='bbox 1744 1124 1781 1169; x_wconf 89' lang='lat' dir='ltr'>a</span> <span class='ocrx_word' id='word_1_80' title='bbox 1810 1108 2052 1169; x_wconf 85' lang='lat' dir='ltr'>Joanne</span> <span class='ocrx_word' id='word_1_81' title='bbox 2084 1108 2397 1170; x_wconf 83' lang='lat' dir='ltr'>Hentenio</span> <span class='ocrx_word' id='word_1_82' title='bbox 2435 1109 2744 1185; x_wconf 87' lang='lat' dir='ltr'>confecta,</span> <span class='ocrx_word' id='word_1_83' title='bbox 2774 1108 2929 1171; x_wconf 90' lang='lat' dir='ltr'>inde</span> <span class='ocrx_word' id='word_1_84' title='bbox 2960 1110 3038 1171; x_wconf 88' lang='lat' dir='ltr'>ab</span> <span class='ocrx_word' id='word_1_85' title='bbox 3075 1123 3242 1170; x_wconf 91' lang='lat' dir='ltr'>anno</span> <span class='ocrx_word' id='word_1_86' title='bbox 3280 1104 3429 1166; x_wconf 78' lang='grc'>1544</span> <span class='ocrx_word' id='word_1_87' title='bbox 3456 1104 3656 1167; x_wconf 79' lang='lat' dir='ltr'>exsti-</span> 
     </span>
    </p>
   </div>
   <div class='ocr_carea' id='block_1_10' title="bbox 403 1198 3656 1288">
    <p class='ocr_par' dir='ltr' id='par_1_10' title="bbox 403 1198 3656 1288">
     <span class='ocr_line' id='line_1_11' title="bbox 403 1198 3656 1288; baseline 0.002 -29"><span class='ocrx_word' id='word_1_88' title='bbox 403 1198 478 1261; x_wconf 93' lang='lat' dir='ltr'>tit</span> <span class='ocrx_word' id='word_1_89' title='bbox 510 1215 525 1259; x_wconf 94' lang='lat'>:</span> <span class='ocrx_word' id='word_1_90' title='bbox 558 1200 811 1262; x_wconf 69' lang='lat' dir='ltr'>Grmcus</span> <span class='ocrx_word' id='word_1_91' title='bbox 848 1207 1056 1265; x_wconf 91' lang='lat' dir='ltr'>autem</span> <span class='ocrx_word' id='word_1_92' title='bbox 1104 1210 1312 1269; x_wconf 83' lang='lat' dir='ltr'>textus</span> <span class='ocrx_word' id='word_1_93' title='bbox 1350 1208 1624 1288; x_wconf 88' lang='lat' dir='ltr'>primum</span> <span class='ocrx_word' id='word_1_94' title='bbox 1668 1226 1704 1270; x_wconf 93' lang='lat' dir='ltr'>a</span> <span class='ocrx_word' id='word_1_95' title='bbox 1748 1209 2064 1271; x_wconf 82' lang='lat' dir='ltr'>Matthaeio</span> <span class='ocrx_word' id='word_1_96' title='bbox 2113 1227 2281 1273; x_wconf 89' lang='lat' dir='ltr'>anno</span> <span class='ocrx_word' id='word_1_97' title='bbox 2324 1209 2473 1275; x_wconf 75' lang='lat'>1792</span> <span class='ocrx_word' id='word_1_98' title='bbox 2504 1229 2583 1273; x_wconf 80' lang='lat' dir='ltr'>ex</span> <span class='ocrx_word' id='word_1_99' title='bbox 2620 1210 2868 1273; x_wconf 91' lang='lat' dir='ltr'>duobus</span> <span class='ocrx_word' id='word_1_100' title='bbox 2914 1208 3100 1272; x_wconf 90' lang='lat' dir='ltr'>codd.</span> <span class='ocrx_word' id='word_1_101' title='bbox 3131 1210 3376 1288; x_wconf 82' lang='lat' dir='ltr'>Mosqq.</span> <span class='ocrx_word' id='word_1_102' title='bbox 3414 1205 3656 1286; x_wconf 86' lang='lat' dir='ltr'>publici</span> 
     </span>
    </p>
   </div>
   <div class='ocr_carea' id='block_1_11' title="bbox 403 1297 3021 1389">
    <p class='ocr_par' dir='ltr' id='par_1_11' title="bbox 403 1297 3021 1389">
     <span class='ocr_line' id='line_1_12' title="bbox 403 1297 3021 1389; baseline 0.003 -27"><span class='ocrx_word' id='word_1_103' title='bbox 403 1298 559 1379; x_wconf 84' lang='lat' dir='ltr'>juris</span> <span class='ocrx_word' id='word_1_104' title='bbox 599 1297 824 1365; x_wconf 87' lang='lat' dir='ltr'>factus.</span> <span class='ocrx_word' id='word_1_105' title='bbox 850 1320 1018 1367; x_wconf 91' lang='lat' dir='ltr'>nunc</span> <span class='ocrx_word' id='word_1_106' title='bbox 1049 1304 1304 1368; x_wconf 87' lang='lat' dir='ltr'>tandem</span> <span class='ocrx_word' id='word_1_107' title='bbox 1328 1306 1407 1369; x_wconf 93' lang='lat' dir='ltr'>ad</span> <span class='ocrx_word' id='word_1_108' title='bbox 1427 1307 1602 1387; x_wconf 90' lang='lat' dir='ltr'>ipsos</span> <span class='ocrx_word' id='word_1_109' title='bbox 1637 1306 1847 1372; x_wconf 88' lang='lat' dir='ltr'>fontes</span> <span class='ocrx_word' id='word_1_110' title='bbox 1881 1309 2246 1389; x_wconf 82' lang='lat' dir='ltr'>purgandos</span> <span class='ocrx_word' id='word_1_111' title='bbox 2266 1329 2302 1373; x_wconf 89' lang='lat' dir='ltr'>a</span> <span class='ocrx_word' id='word_1_112' title='bbox 2342 1309 2528 1373; x_wconf 91' lang='lat' dir='ltr'>nobis</span> <span class='ocrx_word' id='word_1_113' title='bbox 2564 1310 2880 1374; x_wconf 85' lang='lat' dir='ltr'>adhibitus</span> <span class='ocrx_word' id='word_1_114' title='bbox 2908 1316 3021 1372; x_wconf 91' lang='lat' dir='ltr'>est.</span> 
     </span>
    </p>
   </div>
   <div class='ocr_carea' id='block_1_12' title="bbox 479 1422 3651 1516">
    <p class='ocr_par' dir='ltr' id='par_1_12' title="bbox 479 1422 3651 1516">
     <span class='ocr_line' id='line_1_13' title="bbox 479 1422 3651 1516; baseline 0.001 -33"><span class='ocrx_word' id='word_1_115' title='bbox 479 1422 903 1497; x_wconf 72' lang='lat' dir='ltr'>Quaestionem</span> <span class='ocrx_word' id='word_1_116' title='bbox 939 1425 1018 1488; x_wconf 91' lang='lat' dir='ltr'>de</span> <span class='ocrx_word' id='word_1_117' title='bbox 1043 1427 1308 1502; x_wconf 85' lang='lat' dir='ltr'>Aniano,</span> <span class='ocrx_word' id='word_1_118' title='bbox 1345 1435 1554 1492; x_wconf 86' lang='lat' dir='ltr'>vetere</span> <span class='ocrx_word' id='word_1_119' title='bbox 1576 1429 1799 1492; x_wconf 89' lang='lat' dir='ltr'>harum</span> <span class='ocrx_word' id='word_1_120' title='bbox 1836 1430 2248 1494; x_wconf 89' lang='lat' dir='ltr'>Homiliarum</span> <span class='ocrx_word' id='word_1_121' title='bbox 2274 1432 2642 1514; x_wconf 88' lang='lat' dir='ltr'>interprete,</span> <span class='ocrx_word' id='word_1_122' title='bbox 2675 1434 2963 1516; x_wconf 88' lang='lat' dir='ltr'>pluribus</span> <span class='ocrx_word' id='word_1_123' title='bbox 2993 1433 3276 1496; x_wconf 82' lang='lat' dir='ltr'>tractavit</span> <span class='ocrx_word' id='word_1_124' title='bbox 3320 1430 3651 1495; x_wconf 84' lang='lat' dir='ltr'>Montefal-.</span> 
     </span>
    </p>
   </div>
   <div class='ocr_carea' id='block_1_13' title="bbox 405 1524 3657 1615">
    <p class='ocr_par' dir='ltr' id='par_1_13' title="bbox 405 1524 3657 1615">
     <span class='ocr_line' id='line_1_14' title="bbox 405 1524 3657 1615; baseline 0.002 -27"><span class='ocrx_word' id='word_1_125' title='bbox 405 1524 627 1588; x_wconf 91' lang='lat' dir='ltr'>conius</span> <span class='ocrx_word' id='word_1_126' title='bbox 670 1524 737 1586; x_wconf 93' lang='lat' dir='ltr'>in</span> <span class='ocrx_word' id='word_1_127' title='bbox 783 1526 1179 1601; x_wconf 72' lang='lat' dir='ltr'>Praat&#39;atione,</span> <span class='ocrx_word' id='word_1_128' title='bbox 1219 1534 1371 1591; x_wconf 89' lang='lat' dir='ltr'>sect.</span> <span class='ocrx_word' id='word_1_129' title='bbox 1404 1547 1443 1590; x_wconf 92' lang='lat' dir='ltr'>v</span> <span class='ocrx_word' id='word_1_130' title='bbox 1479 1546 1492 1588; x_wconf 89' lang='lat'><strong>:</strong></span> <span class='ocrx_word' id='word_1_131' title='bbox 1531 1547 1673 1609; x_wconf 64' lang='lat' dir='ltr'>quae</span> <span class='ocrx_word' id='word_1_132' title='bbox 1695 1548 1865 1594; x_wconf 91' lang='lat' dir='ltr'>nunc</span> <span class='ocrx_word' id='word_1_133' title='bbox 1896 1540 2183 1612; x_wconf 89' lang='lat' dir='ltr'>repetere</span> <span class='ocrx_word' id='word_1_134' title='bbox 2213 1549 2342 1595; x_wconf 92' lang='lat' dir='ltr'>non</span> <span class='ocrx_word' id='word_1_135' title='bbox 2362 1540 2559 1597; x_wconf 88' lang='lat' dir='ltr'>vacat.</span> <span class='ocrx_word' id='word_1_136' title='bbox 2589 1535 2788 1615; x_wconf 86' lang='lat' dir='ltr'>Hujus</span> <span class='ocrx_word' id='word_1_137' title='bbox 2816 1534 3123 1597; x_wconf 91' lang='lat' dir='ltr'>versionis</span> <span class='ocrx_word' id='word_1_138' title='bbox 3139 1533 3397 1608; x_wconf 64' lang='lat' dir='ltr'>Latinae,</span> <span class='ocrx_word' id='word_1_139' title='bbox 3423 1531 3657 1595; x_wconf 62' lang='lat' dir='ltr'>saeculo</span> 
     </span>
    </p>
   </div>
   <div class='ocr_carea' id='block_1_14' title="bbox 403 1628 3658 1716">
    <p class='ocr_par' dir='ltr' id='par_1_14' title="bbox 403 1628 3658 1716">
     <span class='ocr_line' id='line_1_15' title="bbox 403 1628 3658 1716; baseline 0.002 -27"><span class='ocrx_word' id='word_1_140' title='bbox 403 1644 448 1689; x_wconf 82' lang='grc' dir='ltr'>ν</span> <span class='ocrx_word' id='word_1_141' title='bbox 469 1628 798 1704; x_wconf 61' lang='lat' dir='ltr'>confectae,</span> <span class='ocrx_word' id='word_1_142' title='bbox 830 1648 979 1710; x_wconf 88' lang='lat' dir='ltr'>pars</span> <span class='ocrx_word' id='word_1_143' title='bbox 1001 1631 1282 1708; x_wconf 90' lang='lat' dir='ltr'>minima,</span> <span class='ocrx_word' id='word_1_144' title='bbox 1308 1651 1449 1713; x_wconf 62' lang='lat' dir='ltr'>quae</span> <span class='ocrx_word' id='word_1_145' title='bbox 1486 1635 1726 1698; x_wconf 86' lang='lat' dir='ltr'>scilicet</span> <span class='ocrx_word' id='word_1_146' title='bbox 1755 1642 1899 1698; x_wconf 80' lang='lat' dir='ltr'>octo</span> <span class='ocrx_word' id='word_1_147' title='bbox 1929 1635 2175 1716; x_wconf 88' lang='lat' dir='ltr'>priores</span> <span class='ocrx_word' id='word_1_148' title='bbox 2203 1636 2494 1700; x_wconf 83' lang='lat' dir='ltr'>homilias</span> <span class='ocrx_word' id='word_1_149' title='bbox 2520 1637 2823 1712; x_wconf 89' lang='lat' dir='ltr'>continet,</span> <span class='ocrx_word' id='word_1_150' title='bbox 2864 1636 3056 1700; x_wconf 89' lang='lat' dir='ltr'>hodie</span> <span class='ocrx_word' id='word_1_151' title='bbox 3079 1637 3148 1698; x_wconf 91' lang='lat' dir='ltr'>in</span> <span class='ocrx_word' id='word_1_152' title='bbox 3185 1635 3367 1706; x_wconf 85' lang='lat' dir='ltr'>editis</span> <span class='ocrx_word' id='word_1_153' title='bbox 3402 1652 3658 1715; x_wconf 91' lang='lat' dir='ltr'>compa-</span> 
     </span>
    </p>
   </div>
   <div class='ocr_carea' id='block_1_15' title="bbox 405 1730 3657 1816">
    <p class='ocr_par' dir='ltr' id='par_1_15' title="bbox 405 1730 3657 1816">
     <span class='ocr_line' id='line_1_16' title="bbox 405 1730 3657 1816; baseline 0.003 -31"><span class='ocrx_word' id='word_1_154' title='bbox 405 1731 499 1788; x_wconf 86' lang='lat' dir='ltr'>ret</span> <span class='ocrx_word' id='word_1_155' title='bbox 528 1742 543 1786; x_wconf 91' lang='lat'><strong>:</strong></span> <span class='ocrx_word' id='word_1_156' title='bbox 575 1731 778 1791; x_wconf 80' lang='lat' dir='ltr'>totum</span> <span class='ocrx_word' id='word_1_157' title='bbox 807 1746 954 1793; x_wconf 89' lang='lat' dir='ltr'>vero</span> <span class='ocrx_word' id='word_1_158' title='bbox 984 1730 1215 1793; x_wconf 86' lang='lat' dir='ltr'>librum</span> <span class='ocrx_word' id='word_1_159' title='bbox 1242 1734 1322 1796; x_wconf 90' lang='lat' dir='ltr'>ab</span> <span class='ocrx_word' id='word_1_160' title='bbox 1354 1750 1433 1796; x_wconf 92' lang='lat' dir='ltr'>eo</span> <span class='ocrx_word' id='word_1_161' title='bbox 1470 1751 1847 1801; x_wconf 90' lang='lat' dir='ltr'>conversum</span> <span class='ocrx_word' id='word_1_162' title='bbox 1877 1750 2037 1809; x_wconf 88' lang='lat' dir='ltr'>esse,</span> <span class='ocrx_word' id='word_1_163' title='bbox 2075 1735 2204 1797; x_wconf 91' lang='lat' dir='ltr'>imo</span> <span class='ocrx_word' id='word_1_164' title='bbox 2233 1736 2543 1815; x_wconf 82' lang='lat' dir='ltr'>integram</span> <span class='ocrx_word' id='word_1_165' title='bbox 2567 1735 2701 1816; x_wconf 87' lang='lat' dir='ltr'>ejus</span> <span class='ocrx_word' id='word_1_166' title='bbox 2726 1735 3081 1803; x_wconf 84' lang='lat' dir='ltr'>versionem</span> <span class='ocrx_word' id='word_1_167' title='bbox 3101 1734 3180 1796; x_wconf 88' lang='lat' dir='ltr'>ad</span> <span class='ocrx_word' id='word_1_168' title='bbox 3213 1733 3382 1795; x_wconf 93' lang='lat' dir='ltr'>hunc</span> <span class='ocrx_word' id='word_1_169' title='bbox 3402 1732 3567 1795; x_wconf 92' lang='lat' dir='ltr'>diem</span> <span class='ocrx_word' id='word_1_170' title='bbox 3590 1734 3657 1795; x_wconf 90' lang='lat' dir='ltr'>in</span> 
     </span>
    </p>
   </div>
   <div class='ocr_carea' id='block_1_16' title="bbox 405 1823 3652 1915">
    <p class='ocr_par' dir='ltr' id='par_1_16' title="bbox 405 1823 3652 1915">
     <span class='ocr_line' id='line_1_17' title="bbox 405 1823 3652 1915; baseline 0.001 -25"><span class='ocrx_word' id='word_1_171' title='bbox 405 1823 928 1909; x_wconf 84' lang='lat' dir='ltr'>bibliothecarum</span> <span class='ocrx_word' id='word_1_172' title='bbox 957 1826 1212 1894; x_wconf 89' lang='lat' dir='ltr'>latebris</span> <span class='ocrx_word' id='word_1_173' title='bbox 1245 1830 1614 1896; x_wconf 88' lang='lat' dir='ltr'>delitescere</span> <span class='ocrx_word' id='word_1_174' title='bbox 1635 1850 1848 1915; x_wconf 90' lang='lat' dir='ltr'>posse,</span> <span class='ocrx_word' id='word_1_175' title='bbox 1879 1833 2311 1914; x_wconf 89' lang='lat' dir='ltr'>probabilibus</span> <span class='ocrx_word' id='word_1_176' title='bbox 2339 1836 2724 1914; x_wconf 80' lang='lat' dir='ltr'>argumentis</span> <span class='ocrx_word' id='word_1_177' title='bbox 2752 1834 2967 1899; x_wconf 91' lang='lat' dir='ltr'>docuit</span> <span class='ocrx_word' id='word_1_178' title='bbox 2985 1832 3507 1897; x_wconf 84' lang='lat' dir='ltr'>Montefalconius</span> <span class='ocrx_word' id='word_1_179' title='bbox 3539 1828 3652 1913; x_wconf 85' lang='grc' dir='ltr'>(α).</span> 
     </span>
    </p>
   </div>
   <div class='ocr_carea' id='block_1_17' title="bbox 480 1930 3653 2016">
    <p class='ocr_par' dir='ltr' id='par_1_17' title="bbox 480 1930 3653 2016">
     <span class='ocr_line' id='line_1_18' title="bbox 480 1930 3653 2016; baseline -0 -24"><span class='ocrx_word' id='word_1_180' title='bbox 480 1930 786 1993; x_wconf 90' lang='lat' dir='ltr'>Homilias</span> <span class='ocrx_word' id='word_1_181' title='bbox 824 1949 1047 1995; x_wconf 87' lang='lat' dir='ltr'>omnes</span> <span class='ocrx_word' id='word_1_182' title='bbox 1074 1950 1112 1996; x_wconf 89' lang='lat' dir='ltr'>a</span> <span class='ocrx_word' id='word_1_183' title='bbox 1138 1950 1308 1996; x_wconf 94' lang='lat' dir='ltr'>nona</span> <span class='ocrx_word' id='word_1_184' title='bbox 1330 1934 1411 1997; x_wconf 89' lang='lat' dir='ltr'>ad</span> <span class='ocrx_word' id='word_1_185' title='bbox 1436 1933 1718 2003; x_wconf 87' lang='lat' dir='ltr'>ultimam</span> <span class='ocrx_word' id='word_1_186' title='bbox 1739 1935 1956 1997; x_wconf 85' lang='lat' dir='ltr'>Latine</span> <span class='ocrx_word' id='word_1_187' title='bbox 1992 1936 2251 1999; x_wconf 91' lang='lat' dir='ltr'>vertisse</span> <span class='ocrx_word' id='word_1_188' title='bbox 2283 1936 2472 2016; x_wconf 87' lang='lat' dir='ltr'>vulgo</span> <span class='ocrx_word' id='word_1_189' title='bbox 2500 1937 2777 2005; x_wconf 90' lang='lat' dir='ltr'>creditur</span> <span class='ocrx_word' id='word_1_190' title='bbox 2818 1936 3124 2016; x_wconf 85' lang='lat' dir='ltr'>Georgius</span> <span class='ocrx_word' id='word_1_191' title='bbox 3160 1935 3653 2016; x_wconf 84' lang='lat' dir='ltr'>Trapezuntius:</span> 
     </span>
    </p>
   </div>
   <div class='ocr_carea' id='block_1_18' title="bbox 404 2032 3655 2123">
    <p class='ocr_par' dir='ltr' id='par_1_18' title="bbox 404 2032 3655 2123">
     <span class='ocr_line' id='line_1_19' title="bbox 404 2032 3655 2123; baseline 0.001 -29"><span class='ocrx_word' id='word_1_192' title='bbox 404 2032 575 2113; x_wconf 83' lang='lat' dir='ltr'>quod</span> <span class='ocrx_word' id='word_1_193' title='bbox 603 2037 815 2099; x_wconf 88' lang='lat' dir='ltr'>tamen</span> <span class='ocrx_word' id='word_1_194' title='bbox 848 2049 979 2096; x_wconf 89' lang='lat' dir='ltr'>non</span> <span class='ocrx_word' id='word_1_195' title='bbox 1014 2035 1189 2097; x_wconf 89' lang='lat' dir='ltr'>omni</span> <span class='ocrx_word' id='word_1_196' title='bbox 1219 2053 1297 2097; x_wconf 75' lang='lat' dir='ltr'>ex</span> <span class='ocrx_word' id='word_1_197' title='bbox 1324 2042 1504 2117; x_wconf 83' lang='lat' dir='ltr'>parte</span> <span class='ocrx_word' id='word_1_198' title='bbox 1532 2053 1750 2099; x_wconf 93' lang='lat' dir='ltr'>verum</span> <span class='ocrx_word' id='word_1_199' title='bbox 1779 2052 1918 2098; x_wconf 91' lang='lat' dir='ltr'>esse</span> <span class='ocrx_word' id='word_1_200' title='bbox 1946 2036 2136 2099; x_wconf 89' lang='lat' dir='ltr'>docui</span> <span class='ocrx_word' id='word_1_201' title='bbox 2160 2036 2231 2104; x_wconf 87' lang='lat' dir='ltr'>in</span> <span class='ocrx_word' id='word_1_202' title='bbox 2247 2037 2474 2101; x_wconf 91' lang='lat' dir='ltr'>Adnot.</span> <span class='ocrx_word' id='word_1_203' title='bbox 2510 2037 2587 2101; x_wconf 92' lang='lat' dir='ltr'>ad</span> <span class='ocrx_word' id='word_1_204' title='bbox 2616 2056 2682 2123; x_wconf 92' lang='lat' dir='ltr'>p.</span> <span class='ocrx_word' id='word_1_205' title='bbox 2715 2036 2852 2099; x_wconf 89' lang='lat'>838.</span> <span class='ocrx_word' id='word_1_206' title='bbox 2876 2040 3223 2118; x_wconf 90' lang='lat' dir='ltr'>Utrumque</span> <span class='ocrx_word' id='word_1_207' title='bbox 3249 2036 3655 2116; x_wconf 85' lang='lat' dir='ltr'>interpretem</span> 
     </span>
    </p>
   </div>
   <div class='ocr_carea' id='block_1_19' title="bbox 405 2130 3659 2216">
    <p class='ocr_par' dir='ltr' id='par_1_19' title="bbox 405 2130 3659 2216">
     <span class='ocr_line' id='line_1_20' title="bbox 405 2130 3659 2216; baseline 0 -22"><span class='ocrx_word' id='word_1_208' title='bbox 405 2139 548 2212; x_wconf 91' lang='lat' dir='ltr'>post</span> <span class='ocrx_word' id='word_1_209' title='bbox 574 2132 853 2195; x_wconf 91' lang='lat' dir='ltr'>Boisium</span> <span class='ocrx_word' id='word_1_210' title='bbox 891 2138 953 2194; x_wconf 92' lang='lat' dir='ltr'>et</span> <span class='ocrx_word' id='word_1_211' title='bbox 982 2131 1277 2194; x_wconf 89' lang='lat' dir='ltr'>Savilium</span> <span class='ocrx_word' id='word_1_212' title='bbox 1326 2133 1536 2196; x_wconf 85' lang='lat' dir='ltr'>denuo</span> <span class='ocrx_word' id='word_1_213' title='bbox 1565 2132 1644 2195; x_wconf 89' lang='lat' dir='ltr'>ad</span> <span class='ocrx_word' id='word_1_214' title='bbox 1701 2132 2129 2202; x_wconf 84' lang='lat' dir='ltr'>dissensiones</span> <span class='ocrx_word' id='word_1_215' title='bbox 2175 2130 2468 2201; x_wconf 86' lang='lat' dir='ltr'>codicum</span> <span class='ocrx_word' id='word_1_216' title='bbox 2522 2134 2952 2216; x_wconf 87' lang='lat' dir='ltr'>dijudicandas</span> <span class='ocrx_word' id='word_1_217' title='bbox 2996 2134 3327 2208; x_wconf 84' lang='lat' dir='ltr'>advocavi;</span> <span class='ocrx_word' id='word_1_218' title='bbox 3380 2132 3659 2196; x_wconf 88' lang='lat' dir='ltr'>adhibita</span> 
     </span>
    </p>
   </div>
   <div class='ocr_carea' id='block_1_20' title="bbox 407 2230 3661 2314">
    <p class='ocr_par' dir='ltr' id='par_1_20' title="bbox 407 2230 3661 2314">
     <span class='ocr_line' id='line_1_21' title="bbox 407 2230 3661 2314; baseline -0.001 -17"><span class='ocrx_word' id='word_1_219' title='bbox 407 2237 617 2307; x_wconf 83' lang='lat' dir='ltr'>tamen</span> <span class='ocrx_word' id='word_1_220' title='bbox 645 2249 890 2296; x_wconf 88' lang='lat' dir='ltr'>summa</span> <span class='ocrx_word' id='word_1_221' title='bbox 927 2231 1242 2306; x_wconf 87' lang='lat' dir='ltr'>cautione,</span> <span class='ocrx_word' id='word_1_222' title='bbox 1278 2248 1359 2294; x_wconf 92' lang='lat' dir='ltr'>ne</span> <span class='ocrx_word' id='word_1_223' title='bbox 1382 2249 1460 2294; x_wconf 80' lang='lat' dir='ltr'>ex</span> <span class='ocrx_word' id='word_1_224' title='bbox 1495 2230 1714 2298; x_wconf 83' lang='lat' dir='ltr'>solutis</span> <span class='ocrx_word' id='word_1_225' title='bbox 1733 2233 2167 2312; x_wconf 87' lang='lat' dir='ltr'>verbosisque,</span> <span class='ocrx_word' id='word_1_226' title='bbox 2196 2233 2515 2303; x_wconf 86' lang='lat' dir='ltr'>interdum</span> <span class='ocrx_word' id='word_1_227' title='bbox 2544 2233 2730 2296; x_wconf 90' lang='lat' dir='ltr'>etiam</span> <span class='ocrx_word' id='word_1_228' title='bbox 2760 2232 2932 2295; x_wconf 82' lang='lat' dir='ltr'>falsis</span> <span class='ocrx_word' id='word_1_229' title='bbox 2958 2232 3374 2314; x_wconf 87' lang='lat' dir='ltr'>interpretum</span> <span class='ocrx_word' id='word_1_230' title='bbox 3403 2249 3661 2295; x_wconf 88' lang='lat' dir='ltr'>conver-</span> 
     </span>
    </p>
   </div>
   <div class='ocr_carea' id='block_1_21' title="bbox 404 2326 3661 2413">
    <p class='ocr_par' dir='ltr' id='par_1_21' title="bbox 404 2326 3661 2413">
     <span class='ocr_line' id='line_1_22' title="bbox 404 2326 3661 2413; baseline -0.001 -18"><span class='ocrx_word' id='word_1_231' title='bbox 404 2334 713 2409; x_wconf 90' lang='lat' dir='ltr'>sionibus,</span> <span class='ocrx_word' id='word_1_232' title='bbox 750 2349 943 2395; x_wconf 89' lang='lat' dir='ltr'>novas</span> <span class='ocrx_word' id='word_1_233' title='bbox 961 2330 1267 2393; x_wconf 89' lang='lat' dir='ltr'>lectiones</span> <span class='ocrx_word' id='word_1_234' title='bbox 1302 2326 1834 2401; x_wconf 87' lang='lat' dir='ltr'>comminiscerer.</span> <span class='ocrx_word' id='word_1_235' title='bbox 1870 2331 2230 2413; x_wconf 78' lang='lat' dir='ltr'>Exemplari</span> <span class='ocrx_word' id='word_1_236' title='bbox 2258 2340 2470 2395; x_wconf 90' lang='lat' dir='ltr'>autem</span> <span class='ocrx_word' id='word_1_237' title='bbox 2495 2348 2649 2394; x_wconf 91' lang='lat' dir='ltr'>usus</span> <span class='ocrx_word' id='word_1_238' title='bbox 2674 2347 2834 2404; x_wconf 90' lang='lat' dir='ltr'>sum,</span> <span class='ocrx_word' id='word_1_239' title='bbox 2882 2329 3054 2410; x_wconf 89' lang='lat' dir='ltr'>quod</span> <span class='ocrx_word' id='word_1_240' title='bbox 3082 2330 3150 2392; x_wconf 91' lang='lat' dir='ltr'>in</span> <span class='ocrx_word' id='word_1_241' title='bbox 3179 2337 3351 2392; x_wconf 90' lang='lat' dir='ltr'>tomo</span> <span class='ocrx_word' id='word_1_242' title='bbox 3379 2332 3661 2393; x_wconf 88' lang='lat' dir='ltr'>secundo</span> 
     </span>
    </p>
   </div>
   <div class='ocr_carea' id='block_1_22' title="bbox 404 2431 3657 2513">
    <p class='ocr_par' dir='ltr' id='par_1_22' title="bbox 404 2431 3657 2513">
     <span class='ocr_line' id='line_1_23' title="bbox 404 2431 3657 2513; baseline -0.001 -14"><span class='ocrx_word' id='word_1_243' title='bbox 404 2434 697 2499; x_wconf 88' lang='lat' dir='ltr'>editionis</span> <span class='ocrx_word' id='word_1_244' title='bbox 725 2433 1176 2513; x_wconf 89' lang='lat' dir='ltr'>Chrysostomi,</span> <span class='ocrx_word' id='word_1_245' title='bbox 1207 2431 1458 2494; x_wconf 89' lang='lat' dir='ltr'>Parisiis</span> <span class='ocrx_word' id='word_1_246' title='bbox 1483 2449 1651 2495; x_wconf 91' lang='lat' dir='ltr'>anno</span> <span class='ocrx_word' id='word_1_247' title='bbox 1682 2431 1830 2494; x_wconf 87' lang='lat'>1580</span> <span class='ocrx_word' id='word_1_248' title='bbox 1859 2433 2080 2495; x_wconf 86' lang='lat' dir='ltr'>Latine</span> <span class='ocrx_word' id='word_1_249' title='bbox 2097 2450 2370 2508; x_wconf 54' lang='lat' dir='ltr'>excusa},</span> <span class='ocrx_word' id='word_1_250' title='bbox 2407 2439 2642 2507; x_wconf 79' lang='lat' dir='ltr'>exstat;</span> <span class='ocrx_word' id='word_1_251' title='bbox 2674 2432 2894 2495; x_wconf 53' lang='lat' dir='ltr'>ubi&#39;ad</span> <span class='ocrx_word' id='word_1_252' title='bbox 2921 2433 3160 2497; x_wconf 88' lang='lat' dir='ltr'>calcem</span> <span class='ocrx_word' id='word_1_253' title='bbox 3180 2432 3355 2497; x_wconf 92' lang='lat' dir='ltr'>hom.</span> <span class='ocrx_word' id='word_1_254' title='bbox 3384 2451 3489 2495; x_wconf 85' lang='lat' dir='ltr'>XCI</span> <span class='ocrx_word' id='word_1_255' title='bbox 3519 2433 3657 2497; x_wconf 56' lang='lat' dir='ltr'>haec</span> 
     </span>
    </p>
   </div>
   <div class='ocr_carea' id='block_1_23' title="bbox 405 2530 3667 2616">
    <p class='ocr_par' dir='ltr' id='par_1_23' title="bbox 405 2530 3667 2616">
     <span class='ocr_line' id='line_1_24' title="bbox 405 2530 3667 2616; baseline 0 -20"><span class='ocrx_word' id='word_1_256' title='bbox 405 2530 696 2614; x_wconf 80' lang='lat' dir='ltr'>leguntur</span> <span class='ocrx_word' id='word_1_257' title='bbox 728 2534 912 2595; x_wconf 79' lang='lat' dir='ltr'>:Divi</span> <span class='ocrx_word' id='word_1_258' title='bbox 939 2534 1207 2595; x_wconf 80' lang='lat' dir='ltr'>Joannis</span> <span class='ocrx_word' id='word_1_259' title='bbox 1239 2532 1666 2611; x_wconf 69' lang='lat' dir='ltr'>Chrysostomi</span> <span class='ocrx_word' id='word_1_260' title='bbox 1690 2531 2112 2594; x_wconf 77' lang='lat' dir='ltr'>Homiliarum</span> <span class='ocrx_word' id='word_1_261' title='bbox 2145 2534 2297 2595; x_wconf 85' lang='lat' dir='ltr'>XCI</span> <span class='ocrx_word' id='word_1_262' title='bbox 2335 2535 2404 2595; x_wconf 76' lang='lat' dir='ltr'>in</span> <span class='ocrx_word' id='word_1_263' title='bbox 2437 2532 2805 2595; x_wconf 76' lang='lat' dir='ltr'>Matthamm</span> <span class='ocrx_word' id='word_1_264' title='bbox 2829 2532 2997 2611; x_wconf 83' lang='lat' dir='ltr'>ﬁnis,</span> <span class='ocrx_word' id='word_1_265' title='bbox 3036 2552 3153 2613; x_wconf 84' lang='lat' dir='ltr'>per</span> <span class='ocrx_word' id='word_1_266' title='bbox 3179 2533 3452 2616; x_wconf 79' lang='lat' dir='ltr'>Philipp.</span> <span class='ocrx_word' id='word_1_267' title='bbox 3491 2537 3667 2598; x_wconf 67' lang='lat' dir='ltr'>Mem</span> 
     </span>
    </p>
   </div>
   <div class='ocr_carea' id='block_1_24' title="bbox 405 2634 3667 2720">
    <p class='ocr_par' dir='ltr' id='par_1_24' title="bbox 405 2634 3667 2720">
     <span class='ocr_line' id='line_1_25' title="bbox 405 2634 3667 2720; baseline 0.001 -22"><span class='ocrx_word' id='word_1_268' title='bbox 405 2645 620 2700; x_wconf 91' lang='lat' dir='ltr'>tanum</span> <span class='ocrx_word' id='word_1_269' title='bbox 648 2639 1117 2716; x_wconf 77' lang='lat' dir='ltr'>recognitarum</span> <span class='ocrx_word' id='word_1_270' title='bbox 1143 2636 1228 2698; x_wconf 90' lang='lat' dir='ltr'>ad</span> <span class='ocrx_word' id='word_1_271' title='bbox 1260 2634 1645 2714; x_wconf 75' lang='lat' dir='ltr'>exemplaria</span> <span class='ocrx_word' id='word_1_272' title='bbox 1673 2638 1887 2701; x_wconf 77' lang='lat' dir='ltr'>erca</span> <span class='ocrx_word' id='word_1_273' title='bbox 1924 2639 2047 2701; x_wconf 80' lang='lat' dir='ltr'>duo</span> <span class='ocrx_word' id='word_1_274' title='bbox 2079 2640 2523 2714; x_wconf 76' lang='lat' dir='ltr'>vetustissima,</span> <span class='ocrx_word' id='word_1_275' title='bbox 2560 2658 2693 2719; x_wconf 68' lang='lat' dir='ltr'>quas</span> <span class='ocrx_word' id='word_1_276' title='bbox 2718 2638 2899 2701; x_wconf 78' lang='lat' dir='ltr'>nobis</span> <span class='ocrx_word' id='word_1_277' title='bbox 2926 2639 3434 2718; x_wconf 78' lang='lat' dir='ltr'>suppeditaverat</span> <span class='ocrx_word' id='word_1_278' title='bbox 3464 2641 3667 2720; x_wconf 80' lang='lat' dir='ltr'>Regia</span> 
     </span>
    </p>
   </div>
   <div class='ocr_carea' id='block_1_25' title="bbox 404 2738 3663 2821">
    <p class='ocr_par' dir='ltr' id='par_1_25' title="bbox 404 2738 3663 2821">
     <span class='ocr_line' id='line_1_26' title="bbox 404 2738 3663 2821; baseline -0.001 -20"><span class='ocrx_word' id='word_1_279' title='bbox 404 2739 575 2819; x_wconf 86' lang='lat' dir='ltr'>apud</span> <span class='ocrx_word' id='word_1_280' title='bbox 606 2738 1022 2821; x_wconf 66' lang='lat' dir='ltr'>Belle-Aquae</span> <span class='ocrx_word' id='word_1_281' title='bbox 1048 2741 1287 2819; x_wconf 81' lang='lat' dir='ltr'>fontem</span> <span class='ocrx_word' id='word_1_282' title='bbox 1307 2739 1702 2803; x_wconf 71' lang='lat' dir='ltr'>bibliotheca.</span> <span class='ocrx_word' id='word_1_283' title='bbox 1721 2740 1968 2803; x_wconf 91' lang='lat' dir='ltr'>Scilicet</span> <span class='ocrx_word' id='word_1_284' title='bbox 1993 2746 2171 2802; x_wconf 76' lang='lat' dir='ltr'>textu</span> <span class='ocrx_word' id='word_1_285' title='bbox 2189 2741 2408 2803; x_wconf 90' lang='lat' dir='ltr'>Latino</span> <span class='ocrx_word' id='word_1_286' title='bbox 2433 2740 2680 2820; x_wconf 89' lang='lat' dir='ltr'>integro</span> <span class='ocrx_word' id='word_1_287' title='bbox 2712 2745 2979 2814; x_wconf 88' lang='lat' dir='ltr'>servato,</span> <span class='ocrx_word' id='word_1_288' title='bbox 3006 2741 3340 2803; x_wconf 88' lang='lat' dir='ltr'>Montanus</span> <span class='ocrx_word' id='word_1_289' title='bbox 3369 2740 3663 2805; x_wconf 51' lang='lat' dir='ltr'>emenda.</span> 
     </span>
    </p>
   </div>
   <div class='ocr_carea' id='block_1_26' title="bbox 407 2840 1974 2919">
    <p class='ocr_par' dir='ltr' id='par_1_26' title="bbox 407 2840 1974 2919">
     <span class='ocr_line' id='line_1_27' title="bbox 407 2840 1974 2919; baseline 0.001 -17"><span class='ocrx_word' id='word_1_290' title='bbox 407 2842 612 2904; x_wconf 85' lang='lat' dir='ltr'>tiones</span> <span class='ocrx_word' id='word_1_291' title='bbox 640 2858 786 2903; x_wconf 92' lang='lat' dir='ltr'>suas</span> <span class='ocrx_word' id='word_1_292' title='bbox 818 2857 951 2917; x_wconf 78' lang='lat' dir='ltr'>non</span> <span class='ocrx_word' id='word_1_293' title='bbox 976 2840 1064 2904; x_wconf 89' lang='lat' dir='ltr'>ita</span> <span class='ocrx_word' id='word_1_294' title='bbox 1096 2840 1324 2916; x_wconf 87' lang='lat' dir='ltr'>multas</span> <span class='ocrx_word' id='word_1_295' title='bbox 1355 2841 1424 2903; x_wconf 90' lang='lat' dir='ltr'>in</span> <span class='ocrx_word' id='word_1_296' title='bbox 1450 2841 1733 2919; x_wconf 88' lang='lat' dir='ltr'>margine</span> <span class='ocrx_word' id='word_1_297' title='bbox 1756 2840 1974 2903; x_wconf 83' lang='lat' dir='ltr'>illevit.</span> 
     </span>
    </p>
   </div>
   <div class='ocr_carea' id='block_1_27' title="bbox 492 2989 3660 3074">
    <p class='ocr_par' dir='ltr' id='par_1_27' title="bbox 492 2989 3660 3074">
     <span class='ocr_line' id='line_1_28' title="bbox 492 2989 3660 3074; baseline -0.001 -17"><span class='ocrx_word' id='word_1_298' title='bbox 492 2994 808 3057; x_wconf 76' lang='lat' dir='ltr'>Vcrsionis</span> <span class='ocrx_word' id='word_1_299' title='bbox 838 2994 1123 3055; x_wconf 73' lang='lat' dir='ltr'>Annona:</span> <span class='ocrx_word' id='word_1_300' title='bbox 1143 2990 1369 3055; x_wconf 89' lang='lat' dir='ltr'>harum</span> <span class='ocrx_word' id='word_1_301' title='bbox 1403 2989 1816 3057; x_wconf 85' lang='lat' dir='ltr'>Homiliarum</span> <span class='ocrx_word' id='word_1_302' title='bbox 1852 2990 2143 3056; x_wconf 86' lang='lat' dir='ltr'>notitiam</span> <span class='ocrx_word' id='word_1_303' title='bbox 2167 2991 2378 3054; x_wconf 75' lang='lat' dir='ltr'>debeo.</span> <span class='ocrx_word' id='word_1_304' title='bbox 2405 2990 2554 3054; x_wconf 87' lang='lat' dir='ltr'>viris</span> <span class='ocrx_word' id='word_1_305' title='bbox 2587 2992 2870 3067; x_wconf 87' lang='lat' dir='ltr'>eruditis,</span> <span class='ocrx_word' id='word_1_306' title='bbox 2904 2991 3331 3055; x_wconf 66' lang='lat' dir='ltr'>Benedictinaa</span> <span class='ocrx_word' id='word_1_307' title='bbox 3368 2993 3660 3074; x_wconf 69' lang='lat' dir='ltr'>repetita:-</span> 
     </span>
    </p>
   </div>
   <div class='ocr_carea' id='block_1_28' title="bbox 407 3088 3669 3187">
    <p class='ocr_par' dir='ltr' id='par_1_28' title="bbox 407 3088 3669 3187">
     <span class='ocr_line' id='line_1_29' title="bbox 407 3088 3669 3187; baseline -0.001 -29"><span class='ocrx_word' id='word_1_308' title='bbox 407 3094 787 3169; x_wconf 89' lang='lat' dir='ltr'>editoribus;</span> <span class='ocrx_word' id='word_1_309' title='bbox 842 3088 959 3174; x_wconf 88' lang='lat' dir='ltr'>qui</span> <span class='ocrx_word' id='word_1_310' title='bbox 988 3093 1057 3156; x_wconf 90' lang='lat' dir='ltr'>in</span> <span class='ocrx_word' id='word_1_311' title='bbox 1098 3091 1438 3157; x_wconf 89' lang='lat' dir='ltr'>Corollario</span> <span class='ocrx_word' id='word_1_312' title='bbox 1468 3092 1547 3155; x_wconf 91' lang='lat' dir='ltr'>ad</span> <span class='ocrx_word' id='word_1_313' title='bbox 1588 3091 2058 3161; x_wconf 78' lang='lat' dir='ltr'>Montefalconii</span> <span class='ocrx_word' id='word_1_314' title='bbox 2105 3091 2544 3156; x_wconf 57' lang='lat' dir='ltr'>Praefationem</span> <span class='ocrx_word' id='word_1_315' title='bbox 2589 3092 2729 3156; x_wconf 61' lang='lat' dir='ltr'>haec</span> <span class='ocrx_word' id='word_1_316' title='bbox 2752 3094 3145 3175; x_wconf 87' lang='lat' dir='ltr'>scripserunt</span> <span class='ocrx_word' id='word_1_317' title='bbox 3179 3112 3192 3155; x_wconf 91' lang='lat'><strong>:</strong></span> <span class='ocrx_word' id='word_1_318' title='bbox 3228 3117 3259 3187; x_wconf 57' lang='grc' dir='ltr'>σε</span> <span class='ocrx_word' id='word_1_319' title='bbox 3291 3094 3669 3163; x_wconf 81' lang='lat' dir='ltr'>Versionem</span> 
     </span>
    </p>
   </div>
   <div class='ocr_carea' id='block_1_29' title="bbox 406 3196 3662 3276">
    <p class='ocr_par' dir='ltr' id='par_1_29' title="bbox 406 3196 3662 3276">
     <span class='ocr_line' id='line_1_30' title="bbox 406 3196 3662 3276; baseline -0.001 -13"><span class='ocrx_word' id='word_1_320' title='bbox 406 3205 740 3267; x_wconf 83' lang='lat' dir='ltr'>Armenam</span> <span class='ocrx_word' id='word_1_321' title='bbox 768 3198 1002 3262; x_wconf 70' lang='lat' dir='ltr'>saccum</span> <span class='ocrx_word' id='word_1_322' title='bbox 1034 3216 1080 3261; x_wconf 87' lang='lat' dir='ltr'>v</span> <span class='ocrx_word' id='word_1_323' title='bbox 1108 3198 1462 3267; x_wconf 79' lang='lat' dir='ltr'>confectam</span> <span class='ocrx_word' id='word_1_324' title='bbox 1494 3200 1557 3260; x_wconf 91' lang='lat' dir='ltr'>S.</span> <span class='ocrx_word' id='word_1_325' title='bbox 1584 3197 1845 3261; x_wconf 87' lang='lat' dir='ltr'>Joannis</span> <span class='ocrx_word' id='word_1_326' title='bbox 1870 3196 2299 3276; x_wconf 88' lang='lat' dir='ltr'>Chrysostomi</span> <span class='ocrx_word' id='word_1_327' title='bbox 2332 3198 2936 3260; x_wconf 81' lang='lat' dir='ltr'>Commentariorum</span> <span class='ocrx_word' id='word_1_328' title='bbox 2961 3197 3029 3259; x_wconf 91' lang='lat' dir='ltr'>in</span> <span class='ocrx_word' id='word_1_329' title='bbox 3058 3199 3122 3259; x_wconf 92' lang='lat' dir='ltr'>S.</span> <span class='ocrx_word' id='word_1_330' title='bbox 3156 3196 3437 3260; x_wconf 84' lang='lat' dir='ltr'>Matthaei</span> <span class='ocrx_word' id='word_1_331' title='bbox 3459 3198 3662 3261; x_wconf 84' lang='lat' dir='ltr'>Evan-</span> 
     </span>
    </p>
   </div>
   <div class='ocr_carea' id='block_1_30' title="bbox 407 3298 3668 3391">
    <p class='ocr_par' dir='ltr' id='par_1_30' title="bbox 407 3298 3668 3391">
     <span class='ocr_line' id='line_1_31' title="bbox 407 3298 3668 3391; baseline -0.001 -22"><span class='ocrx_word' id='word_1_332' title='bbox 407 3305 643 3391; x_wconf 86' lang='lat' dir='ltr'>gelium</span> <span class='ocrx_word' id='word_1_333' title='bbox 672 3303 844 3385; x_wconf 87' lang='lat' dir='ltr'>typis</span> <span class='ocrx_word' id='word_1_334' title='bbox 877 3301 1307 3382; x_wconf 79' lang='lat' dir='ltr'>vulgaverunt,</span> <span class='ocrx_word' id='word_1_335' title='bbox 1340 3301 1589 3364; x_wconf 91' lang='lat' dir='ltr'>duobus</span> <span class='ocrx_word' id='word_1_336' title='bbox 1615 3298 2046 3363; x_wconf 88' lang='lat' dir='ltr'>voluminibus</span> <span class='ocrx_word' id='word_1_337' title='bbox 2081 3298 2149 3360; x_wconf 91' lang='lat' dir='ltr'>in</span> <span class='ocrx_word' id='word_1_338' title='bbox 2174 3306 2414 3375; x_wconf 82' lang='lat' dir='ltr'>octavo,</span> <span class='ocrx_word' id='word_1_339' title='bbox 2446 3299 2883 3363; x_wconf 67' lang='lat' dir='ltr'>Mechitaristaa</span> <span class='ocrx_word' id='word_1_340' title='bbox 2929 3302 3119 3363; x_wconf 85' lang='lat' dir='ltr'>Revv.</span> <span class='ocrx_word' id='word_1_341' title='bbox 3159 3302 3373 3365; x_wconf 88' lang='lat' dir='ltr'>Patres</span> <span class='ocrx_word' id='word_1_342' title='bbox 3411 3303 3668 3365; x_wconf 74' lang='lat' dir='ltr'>Armeni</span> 
     </span>
    </p>
   </div>
   <div class='ocr_carea' id='block_1_31' title="bbox 407 3401 3659 3481">
    <p class='ocr_par' dir='ltr' id='par_1_31' title="bbox 407 3401 3659 3481">
     <span class='ocr_line' id='line_1_32' title="bbox 407 3401 3659 3481; baseline -0.001 -12"><span class='ocrx_word' id='word_1_343' title='bbox 407 3408 473 3470; x_wconf 89' lang='lat' dir='ltr'>in</span> <span class='ocrx_word' id='word_1_344' title='bbox 508 3406 713 3471; x_wconf 86' lang='lat' dir='ltr'>insula</span> <span class='ocrx_word' id='word_1_345' title='bbox 737 3408 801 3468; x_wconf 92' lang='lat' dir='ltr'>S.</span> <span class='ocrx_word' id='word_1_346' title='bbox 830 3406 1065 3481; x_wconf 84' lang='lat' dir='ltr'>Lazari,</span> <span class='ocrx_word' id='word_1_347' title='bbox 1098 3404 1400 3478; x_wconf 77' lang='lat' dir='ltr'>Venetiis,</span> <span class='ocrx_word' id='word_1_348' title='bbox 1435 3421 1604 3474; x_wconf 85' lang='lat' dir='ltr'>anno</span> <span class='ocrx_word' id='word_1_349' title='bbox 1641 3401 1816 3477; x_wconf 76' lang='lat'>1826,</span> <span class='ocrx_word' id='word_1_350' title='bbox 1847 3403 2038 3467; x_wconf 89' lang='lat' dir='ltr'>nullis</span> <span class='ocrx_word' id='word_1_351' title='bbox 2072 3402 2301 3465; x_wconf 92' lang='lat' dir='ltr'>additis</span> <span class='ocrx_word' id='word_1_352' title='bbox 2328 3401 2494 3464; x_wconf 88' lang='lat' dir='ltr'>notis</span> <span class='ocrx_word' id='word_1_353' title='bbox 2520 3402 2776 3477; x_wconf 87' lang='lat' dir='ltr'>Latinis,</span> <span class='ocrx_word' id='word_1_354' title='bbox 2807 3407 2870 3464; x_wconf 91' lang='lat' dir='ltr'>et</span> <span class='ocrx_word' id='word_1_355' title='bbox 2892 3402 3030 3465; x_wconf 91' lang='lat' dir='ltr'>sine</span> <span class='ocrx_word' id='word_1_356' title='bbox 3058 3403 3463 3469; x_wconf 72' lang='lat' dir='ltr'>translatione</span> <span class='ocrx_word' id='word_1_357' title='bbox 3489 3403 3615 3467; x_wconf 87' lang='lat' dir='ltr'>ulla</span> <span class='ocrx_word' id='word_1_358' title='bbox 3644 3422 3659 3465; x_wconf 91' lang='lat'>:</span> 
     </span>
    </p>
   </div>
   <div class='ocr_carea' id='block_1_32' title="bbox 372 3503 3667 3586">
    <p class='ocr_par' dir='ltr' id='par_1_32' title="bbox 372 3503 3667 3586">
     <span class='ocr_line' id='line_1_33' title="bbox 372 3503 3667 3586; baseline -0.003 -13"><span class='ocrx_word' id='word_1_359' title='bbox 372 3509 493 3575; x_wconf 82' lang='lat' dir='ltr'>&#39;ita</span> <span class='ocrx_word' id='word_1_360' title='bbox 517 3518 588 3573; x_wconf 87' lang='lat' dir='ltr'>ut</span> <span class='ocrx_word' id='word_1_361' title='bbox 633 3510 839 3585; x_wconf 90' lang='lat' dir='ltr'>nobis,</span> <span class='ocrx_word' id='word_1_362' title='bbox 891 3514 1177 3583; x_wconf 66' lang='lat' dir='ltr'>Armenae</span> <span class='ocrx_word' id='word_1_363' title='bbox 1206 3507 1439 3586; x_wconf 66' lang='lat' dir='ltr'>linguae</span> <span class='ocrx_word' id='word_1_364' title='bbox 1490 3506 1748 3585; x_wconf 87' lang='lat' dir='ltr'>ignaris,</span> <span class='ocrx_word' id='word_1_365' title='bbox 1804 3505 1928 3569; x_wconf 91' lang='lat' dir='ltr'>hoc</span> <span class='ocrx_word' id='word_1_366' title='bbox 1954 3504 2116 3568; x_wconf 93' lang='lat' dir='ltr'>libro</span> <span class='ocrx_word' id='word_1_367' title='bbox 2151 3503 2243 3567; x_wconf 89' lang='lat' dir='ltr'>uti</span> <span class='ocrx_word' id='word_1_368' title='bbox 2265 3520 2396 3566; x_wconf 91' lang='lat' dir='ltr'>non</span> <span class='ocrx_word' id='word_1_369' title='bbox 2441 3521 2815 3567; x_wconf 90' lang='lat' dir='ltr'>concessum</span> <span class='ocrx_word' id='word_1_370' title='bbox 2845 3503 3056 3566; x_wconf 90' lang='lat' dir='ltr'>fuerit.</span> <span class='ocrx_word' id='word_1_371' title='bbox 3091 3526 3121 3562; x_wconf 85' lang='grc'><strong>››</strong></span> <span class='ocrx_word' id='word_1_372' title='bbox 3164 3505 3419 3567; x_wconf 88' lang='lat' dir='ltr'>Librum</span> <span class='ocrx_word' id='word_1_373' title='bbox 3454 3505 3667 3574; x_wconf 73' lang='lat' dir='ltr'>statim,</span> 
     </span>
    </p>
   </div>
   <div class='ocr_carea' id='block_1_33' title="bbox 409 3605 3667 3692">
    <p class='ocr_par' dir='ltr' id='par_1_33' title="bbox 409 3605 3667 3692">
     <span class='ocr_line' id='line_1_34' title="bbox 409 3605 3667 3692; baseline -0.002 -18"><span class='ocrx_word' id='word_1_374' title='bbox 409 3611 789 3692; x_wconf 87' lang='lat' dir='ltr'>comparavi,</span> <span class='ocrx_word' id='word_1_375' title='bbox 822 3616 886 3671; x_wconf 92' lang='lat' dir='ltr'>et</span> <span class='ocrx_word' id='word_1_376' title='bbox 914 3626 1031 3690; x_wconf 94' lang='lat' dir='ltr'>pro</span> <span class='ocrx_word' id='word_1_377' title='bbox 1060 3625 1202 3670; x_wconf 90' lang='lat' dir='ltr'>mea</span> <span class='ocrx_word' id='word_1_378' title='bbox 1224 3607 1405 3670; x_wconf 92' lang='lat' dir='ltr'>istius</span> <span class='ocrx_word' id='word_1_379' title='bbox 1432 3605 1664 3689; x_wconf 83' lang='lat' dir='ltr'>linguae</span> <span class='ocrx_word' id='word_1_380' title='bbox 1694 3607 1979 3681; x_wconf 91' lang='lat' dir='ltr'>scientia,</span> <span class='ocrx_word' id='word_1_381' title='bbox 2009 3622 2151 3685; x_wconf 61' lang='lat' dir='ltr'>qua;</span> <span class='ocrx_word' id='word_1_382' title='bbox 2189 3622 2496 3684; x_wconf 85' lang='lat' dir='ltr'>perquam</span> <span class='ocrx_word' id='word_1_383' title='bbox 2524 3607 2751 3683; x_wconf 80' lang='lat' dir='ltr'>exigua</span> <span class='ocrx_word' id='word_1_384' title='bbox 2784 3612 2898 3679; x_wconf 91' lang='lat' dir='ltr'>est,</span> <span class='ocrx_word' id='word_1_385' title='bbox 2924 3622 3152 3685; x_wconf 89' lang='lat' dir='ltr'>magna</span> <span class='ocrx_word' id='word_1_386' title='bbox 3174 3623 3318 3668; x_wconf 91' lang='lat' dir='ltr'>cum</span> <span class='ocrx_word' id='word_1_387' title='bbox 3345 3606 3667 3687; x_wconf 85' lang='lat' dir='ltr'>voluptate</span> 
     </span>
    </p>
   </div>
   <div class='ocr_carea' id='block_1_34' title="bbox 409 3703 3666 3785">
    <p class='ocr_par' dir='ltr' id='par_1_34' title="bbox 409 3703 3666 3785">
     <span class='ocr_line' id='line_1_35' title="bbox 409 3703 3666 3785; baseline -0.002 -11"><span class='ocrx_word' id='word_1_388' title='bbox 409 3710 632 3775; x_wconf 89' lang='lat' dir='ltr'>evolvi.</span> <span class='ocrx_word' id='word_1_389' title='bbox 690 3708 981 3771; x_wconf 90' lang='lat' dir='ltr'>Continet</span> <span class='ocrx_word' id='word_1_390' title='bbox 1032 3705 1321 3769; x_wconf 90' lang='lat' dir='ltr'>homilias</span> <span class='ocrx_word' id='word_1_391' title='bbox 1353 3723 1458 3767; x_wconf 87' lang='lat' dir='ltr'>LIII</span> <span class='ocrx_word' id='word_1_392' title='bbox 1508 3705 1776 3785; x_wconf 88' lang='lat' dir='ltr'>priores.</span> <span class='ocrx_word' id='word_1_393' title='bbox 1834 3706 2151 3783; x_wconf 89' lang='lat' dir='ltr'>Interpres</span> <span class='ocrx_word' id='word_1_394' title='bbox 2194 3705 2408 3765; x_wconf 85' lang='lat' dir='ltr'>Graeca</span> <span class='ocrx_word' id='word_1_395' title='bbox 2435 3703 2635 3783; x_wconf 87' lang='lat' dir='ltr'>probe</span> <span class='ocrx_word' id='word_1_396' title='bbox 2689 3704 3024 3781; x_wconf 75' lang='lat' dir='ltr'>intellexit,</span> <span class='ocrx_word' id='word_1_397' title='bbox 3067 3712 3236 3768; x_wconf 84' lang='lat' dir='ltr'>terse</span> <span class='ocrx_word' id='word_1_398' title='bbox 3284 3724 3357 3769; x_wconf 92' lang='lat' dir='ltr'>ac</span> <span class='ocrx_word' id='word_1_399' title='bbox 3399 3707 3666 3769; x_wconf 85' lang='lat' dir='ltr'>ﬁdeliter</span> 
     </span>
    </p>
   </div>
   <div class='ocr_carea' id='block_1_35' title="bbox 409 3803 3666 3894">
    <p class='ocr_par' dir='ltr' id='par_1_35' title="bbox 409 3803 3666 3894">
     <span class='ocr_line' id='line_1_36' title="bbox 409 3803 3666 3894; baseline -0.003 -17"><span class='ocrx_word' id='word_1_400' title='bbox 409 3812 750 3894; x_wconf 80' lang='lat' dir='ltr'>expressit;</span> <span class='ocrx_word' id='word_1_401' title='bbox 781 3809 1100 3873; x_wconf 89' lang='lat' dir='ltr'>interdum</span> <span class='ocrx_word' id='word_1_402' title='bbox 1127 3824 1291 3869; x_wconf 93' lang='lat' dir='ltr'>unus</span> <span class='ocrx_word' id='word_1_403' title='bbox 1319 3805 1605 3869; x_wconf 89' lang='lat' dir='ltr'>omnium</span> <span class='ocrx_word' id='word_1_404' title='bbox 1629 3822 1848 3868; x_wconf 90' lang='lat' dir='ltr'>verum</span> <span class='ocrx_word' id='word_1_405' title='bbox 1879 3804 2031 3867; x_wconf 90' lang='lat' dir='ltr'>vidit</span> <span class='ocrx_word' id='word_1_406' title='bbox 2066 3803 2174 3884; x_wconf 87' lang='lat' dir='ltr'>(b).</span> <span class='ocrx_word' id='word_1_407' title='bbox 2206 3807 2517 3879; x_wconf 91' lang='lat' dir='ltr'>Quantum</span> <span class='ocrx_word' id='word_1_408' title='bbox 2553 3822 2704 3868; x_wconf 91' lang='lat' dir='ltr'>vero</span> <span class='ocrx_word' id='word_1_409' title='bbox 2732 3805 3014 3877; x_wconf 83' lang='lat' dir='ltr'>utilitatis</span> <span class='ocrx_word' id='word_1_410' title='bbox 3043 3807 3122 3870; x_wconf 92' lang='lat' dir='ltr'>ad</span> <span class='ocrx_word' id='word_1_411' title='bbox 3152 3807 3497 3886; x_wconf 86' lang='lat' dir='ltr'>genuinum</span> <span class='ocrx_word' id='word_1_412' title='bbox 3542 3808 3666 3869; x_wconf 82' lang='lat' dir='ltr'>No-</span> 
     </span>
    </p>
   </div>
   <div class='ocr_carea' id='block_1_36' title="bbox 408 3900 3664 3990">
    <p class='ocr_par' dir='ltr' id='par_1_36' title="bbox 408 3900 3664 3990">
     <span class='ocr_line' id='line_1_37' title="bbox 408 3900 3664 3990; baseline -0.001 -14"><span class='ocrx_word' id='word_1_413' title='bbox 408 3914 524 3979; x_wconf 87' lang='lat' dir='ltr'>stri</span> <span class='ocrx_word' id='word_1_414' title='bbox 544 3922 766 3987; x_wconf 89' lang='lat' dir='ltr'>aurum</span> <span class='ocrx_word' id='word_1_415' title='bbox 785 3930 819 3974; x_wconf 91' lang='lat' dir='ltr'>e</span> <span class='ocrx_word' id='word_1_416' title='bbox 850 3911 1142 3973; x_wconf 87' lang='lat' dir='ltr'>sordibus</span> <span class='ocrx_word' id='word_1_417' title='bbox 1170 3908 1520 3983; x_wconf 85' lang='lat' dir='ltr'>eruendum</span> <span class='ocrx_word' id='word_1_418' title='bbox 1549 3908 1698 3971; x_wconf 90' lang='lat' dir='ltr'>inde</span> <span class='ocrx_word' id='word_1_419' title='bbox 1725 3900 2217 3989; x_wconf 80' lang='lat' dir='ltr'>perceperimus,</span> <span class='ocrx_word' id='word_1_420' title='bbox 2248 3926 2366 3989; x_wconf 89' lang='lat' dir='ltr'>pro</span> <span class='ocrx_word' id='word_1_421' title='bbox 2398 3927 2466 3972; x_wconf 91' lang='lat' dir='ltr'>se</span> <span class='ocrx_word' id='word_1_422' title='bbox 2493 3908 2763 3990; x_wconf 89' lang='lat' dir='ltr'>quisque</span> <span class='ocrx_word' id='word_1_423' title='bbox 2790 3909 2932 3989; x_wconf 89' lang='lat' dir='ltr'>ipso</span> <span class='ocrx_word' id='word_1_424' title='bbox 2962 3925 3156 3990; x_wconf 86' lang='lat' dir='ltr'>Opere</span> <span class='ocrx_word' id='word_1_425' title='bbox 3174 3910 3462 3978; x_wconf 87' lang='lat' dir='ltr'>inspecto</span> <span class='ocrx_word' id='word_1_426' title='bbox 3488 3909 3664 3990; x_wconf 85' lang='lat' dir='ltr'>judi-</span> 
     </span>
    </p>
   </div>
   <div class='ocr_carea' id='block_1_37' title="bbox 408 4011 958 4095">
    <p class='ocr_par' dir='ltr' id='par_1_37' title="bbox 408 4011 958 4095">
     <span class='ocr_line' id='line_1_38' title="bbox 408 4011 958 4095; baseline -0.013 -15"><span class='ocrx_word' id='word_1_427' title='bbox 408 4033 553 4081; x_wconf 82' lang='lat' dir='ltr'>care</span> <span class='ocrx_word' id='word_1_428' title='bbox 575 4013 809 4095; x_wconf 90' lang='lat' dir='ltr'>poterit</span> <span class='ocrx_word' id='word_1_429' title='bbox 850 4011 958 4093; x_wconf 90' lang='lat' dir='ltr'>(b).</span> 
     </span>
    </p>
   </div>
   <div class='ocr_carea' id='block_1_38' title="bbox 486 4132 3662 4216">
    <p class='ocr_par' dir='ltr' id='par_1_38' title="bbox 486 4132 3662 4216">
     <span class='ocr_line' id='line_1_39' title="bbox 486 4132 3662 4216; baseline 0 -18"><span class='ocrx_word' id='word_1_430' title='bbox 486 4135 669 4210; x_wconf 85' lang='lat' dir='ltr'>Quod</span> <span class='ocrx_word' id='word_1_431' title='bbox 695 4142 1006 4215; x_wconf 85' lang='lat' dir='ltr'>superest,</span> <span class='ocrx_word' id='word_1_432' title='bbox 1039 4152 1281 4197; x_wconf 89' lang='lat' dir='ltr'>merces</span> <span class='ocrx_word' id='word_1_433' title='bbox 1299 4151 1473 4196; x_wconf 89' lang='lat' dir='ltr'>meas</span> <span class='ocrx_word' id='word_1_434' title='bbox 1501 4150 1652 4196; x_wconf 87' lang='lat' dir='ltr'>sane</span> <span class='ocrx_word' id='word_1_435' title='bbox 1681 4132 2206 4215; x_wconf 89' lang='lat' dir='ltr'>locupletissimas</span> <span class='ocrx_word' id='word_1_436' title='bbox 2234 4135 2562 4216; x_wconf 91' lang='lat' dir='ltr'>quomodo</span> <span class='ocrx_word' id='word_1_437' title='bbox 2591 4136 2659 4197; x_wconf 92' lang='lat' dir='ltr'>in</span> <span class='ocrx_word' id='word_1_438' title='bbox 2681 4134 2911 4197; x_wconf 90' lang='lat' dir='ltr'>chartis</span> <span class='ocrx_word' id='word_1_439' title='bbox 2933 4134 3367 4215; x_wconf 79' lang='lat' dir='ltr'>explicuerim,</span> <span class='ocrx_word' id='word_1_440' title='bbox 3391 4136 3662 4200; x_wconf 89' lang='lat' dir='ltr'>breviter</span> 
     </span>
    </p>
   </div>
   <div class='ocr_carea' id='block_1_39' title="bbox 409 4234 3667 4317">
    <p class='ocr_par' dir='ltr' id='par_1_39' title="bbox 409 4234 3667 4317">
     <span class='ocr_line' id='line_1_40' title="bbox 409 4234 3667 4317; baseline 0.001 -17"><span class='ocrx_word' id='word_1_441' title='bbox 409 4236 860 4317; x_wconf 79' lang='lat' dir='ltr'>exponendum</span> <span class='ocrx_word' id='word_1_442' title='bbox 891 4241 1006 4298; x_wconf 89' lang='lat' dir='ltr'>est.</span> <span class='ocrx_word' id='word_1_443' title='bbox 1044 4238 1265 4316; x_wconf 84' lang='lat' dir='ltr'>Itaque</span> <span class='ocrx_word' id='word_1_444' title='bbox 1294 4235 1494 4297; x_wconf 86' lang='lat' dir='ltr'>varias</span> <span class='ocrx_word' id='word_1_445' title='bbox 1539 4234 1866 4307; x_wconf 90' lang='lat' dir='ltr'>lectiones,</span> <span class='ocrx_word' id='word_1_446' title='bbox 1912 4252 1995 4298; x_wconf 92' lang='lat' dir='ltr'>ne</span> <span class='ocrx_word' id='word_1_447' title='bbox 2029 4236 2242 4316; x_wconf 90' lang='lat' dir='ltr'>eperis</span> <span class='ocrx_word' id='word_1_448' title='bbox 2278 4254 2394 4316; x_wconf 91' lang='lat' dir='ltr'>per</span> <span class='ocrx_word' id='word_1_449' title='bbox 2448 4254 2517 4298; x_wconf 89' lang='lat' dir='ltr'>se</span> <span class='ocrx_word' id='word_1_450' title='bbox 2569 4236 2892 4301; x_wconf 87' lang='lat' dir='ltr'>crassioris</span> <span class='ocrx_word' id='word_1_451' title='bbox 2933 4234 3135 4298; x_wconf 92' lang='lat' dir='ltr'>moles</span> <span class='ocrx_word' id='word_1_452' title='bbox 3180 4254 3371 4317; x_wconf 88' lang='lat' dir='ltr'>supra</span> <span class='ocrx_word' id='word_1_453' title='bbox 3404 4239 3667 4303; x_wconf 90' lang='lat' dir='ltr'>modum</span> 
     </span>
    </p>
   </div>
   <div class='ocr_carea' id='block_1_40' title="bbox 412 4338 3661 4420">
    <p class='ocr_par' dir='ltr' id='par_1_40' title="bbox 412 4338 3661 4420">
     <span class='ocr_line' id='line_1_41' title="bbox 412 4338 3661 4420; baseline 0.001 -18"><span class='ocrx_word' id='word_1_454' title='bbox 412 4345 792 4416; x_wconf 78' lang='lat' dir='ltr'>excurreret,</span> <span class='ocrx_word' id='word_1_455' title='bbox 824 4357 969 4402; x_wconf 89' lang='lat' dir='ltr'>cum</span> <span class='ocrx_word' id='word_1_456' title='bbox 992 4338 1238 4402; x_wconf 90' lang='lat' dir='ltr'>delectu</span> <span class='ocrx_word' id='word_1_457' title='bbox 1253 4338 1559 4401; x_wconf 86' lang='lat' dir='ltr'>notandas</span> <span class='ocrx_word' id='word_1_458' title='bbox 1586 4338 1758 4400; x_wconf 82' lang='lat' dir='ltr'>duxi.</span> <span class='ocrx_word' id='word_1_459' title='bbox 1785 4340 1857 4400; x_wconf 94' lang='lat' dir='ltr'>In</span> <span class='ocrx_word' id='word_1_460' title='bbox 1888 4355 2017 4418; x_wconf 88' lang='lat' dir='ltr'>quo</span> <span class='ocrx_word' id='word_1_461' title='bbox 2043 4338 2427 4415; x_wconf 87' lang='lat' dir='ltr'>adhibendo,</span> <span class='ocrx_word' id='word_1_462' title='bbox 2451 4340 2678 4402; x_wconf 88' lang='lat' dir='ltr'>accidit</span> <span class='ocrx_word' id='word_1_463' title='bbox 2699 4338 2878 4414; x_wconf 92' lang='lat' dir='ltr'>mihi,</span> <span class='ocrx_word' id='word_1_464' title='bbox 2898 4338 3073 4420; x_wconf 90' lang='lat' dir='ltr'>quod</span> <span class='ocrx_word' id='word_1_465' title='bbox 3094 4340 3409 4415; x_wconf 88' lang='lat' dir='ltr'>omnibus,</span> <span class='ocrx_word' id='word_1_466' title='bbox 3445 4342 3661 4419; x_wconf 92' lang='lat' dir='ltr'>credo,</span> 
     </span>
    </p>
   </div>
   <div class='ocr_carea' id='block_1_41' title="bbox 411 4435 3663 4522">
    <p class='ocr_par' dir='ltr' id='par_1_41' title="bbox 411 4435 3663 4522">
     <span class='ocr_line' id='line_1_42' title="bbox 411 4435 3663 4522; baseline 0.001 -22"><span class='ocrx_word' id='word_1_467' title='bbox 411 4439 519 4520; x_wconf 87' lang='lat' dir='ltr'>qui</span> <span class='ocrx_word' id='word_1_468' title='bbox 553 4436 632 4499; x_wconf 91' lang='lat' dir='ltr'>ad</span> <span class='ocrx_word' id='word_1_469' title='bbox 663 4455 796 4507; x_wconf 87' lang='lat' dir='ltr'>rem</span> <span class='ocrx_word' id='word_1_470' title='bbox 819 4437 1095 4500; x_wconf 90' lang='lat' dir='ltr'>criticam</span> <span class='ocrx_word' id='word_1_471' title='bbox 1141 4438 1526 4500; x_wconf 86' lang='lat' dir='ltr'>tractandam</span> <span class='ocrx_word' id='word_1_472' title='bbox 1561 4435 1750 4516; x_wconf 90' lang='lat' dir='ltr'>paulo</span> <span class='ocrx_word' id='word_1_473' title='bbox 1781 4435 2068 4498; x_wconf 90' lang='lat' dir='ltr'>rudiores</span> <span class='ocrx_word' id='word_1_474' title='bbox 2095 4438 2498 4513; x_wconf 88' lang='lat' dir='ltr'>accesserint,</span> <span class='ocrx_word' id='word_1_475' title='bbox 2536 4444 2605 4499; x_wconf 92' lang='lat' dir='ltr'>ut</span> <span class='ocrx_word' id='word_1_476' title='bbox 2634 4437 2894 4500; x_wconf 89' lang='lat' dir='ltr'>ineunte</span> <span class='ocrx_word' id='word_1_477' title='bbox 2923 4454 3121 4517; x_wconf 90' lang='lat' dir='ltr'>opere</span> <span class='ocrx_word' id='word_1_478' title='bbox 3160 4439 3467 4502; x_wconf 90' lang='lat' dir='ltr'>nonnulla</span> <span class='ocrx_word' id='word_1_479' title='bbox 3497 4460 3663 4522; x_wconf 86' lang='lat' dir='ltr'>prae-</span> 
     </span>
    </p>
   </div>
   <div class='ocr_carea' id='block_1_42' title="bbox 411 4536 3662 4620">
    <p class='ocr_par' dir='ltr' id='par_1_42' title="bbox 411 4536 3662 4620">
     <span class='ocr_line' id='line_1_43' title="bbox 411 4536 3662 4620; baseline -0 -18"><span class='ocrx_word' id='word_1_480' title='bbox 411 4540 841 4615; x_wconf 84' lang='lat' dir='ltr'>termitterem,</span> <span class='ocrx_word' id='word_1_481' title='bbox 873 4556 1015 4620; x_wconf 61' lang='lat' dir='ltr'>quae</span> <span class='ocrx_word' id='word_1_482' title='bbox 1045 4544 1259 4619; x_wconf 85' lang='lat' dir='ltr'>postea</span> <span class='ocrx_word' id='word_1_483' title='bbox 1292 4537 1680 4619; x_wconf 70' lang='lat' dir='ltr'>experientia</span> <span class='ocrx_word' id='word_1_484' title='bbox 1703 4537 1925 4600; x_wconf 88' lang='lat' dir='ltr'>doctus</span> <span class='ocrx_word' id='word_1_485' title='bbox 1953 4536 2128 4600; x_wconf 91' lang='lat' dir='ltr'>nullo</span> <span class='ocrx_word' id='word_1_486' title='bbox 2158 4537 2352 4607; x_wconf 92' lang='lat' dir='ltr'>modo</span> <span class='ocrx_word' id='word_1_487' title='bbox 2390 4537 2857 4601; x_wconf 88' lang='lat' dir='ltr'>contemnenda</span> <span class='ocrx_word' id='word_1_488' title='bbox 2886 4553 3026 4601; x_wconf 89' lang='lat' dir='ltr'>esse</span> <span class='ocrx_word' id='word_1_489' title='bbox 3052 4537 3203 4600; x_wconf 91' lang='lat' dir='ltr'>vidi.</span> <span class='ocrx_word' id='word_1_490' title='bbox 3240 4539 3401 4602; x_wconf 87' lang='lat' dir='ltr'>Hinc</span> <span class='ocrx_word' id='word_1_491' title='bbox 3433 4538 3662 4602; x_wconf 86' lang='lat' dir='ltr'>factum</span> 
     </span>
    </p>
   </div>
   <div class='ocr_carea' id='block_1_43' title="bbox 411 4639 3664 4722">
    <p class='ocr_par' dir='ltr' id='par_1_43' title="bbox 411 4639 3664 4722">
     <span class='ocr_line' id='line_1_44' title="bbox 411 4639 3664 4722; baseline 0.001 -20"><span class='ocrx_word' id='word_1_492' title='bbox 411 4649 525 4716; x_wconf 79' lang='lat' dir='ltr'>est,</span> <span class='ocrx_word' id='word_1_493' title='bbox 553 4649 625 4704; x_wconf 91' lang='lat' dir='ltr'>ut</span> <span class='ocrx_word' id='word_1_494' title='bbox 645 4641 838 4704; x_wconf 90' lang='lat' dir='ltr'>altera</span> <span class='ocrx_word' id='word_1_495' title='bbox 868 4658 1010 4722; x_wconf 88' lang='lat' dir='ltr'>pars</span> <span class='ocrx_word' id='word_1_496' title='bbox 1033 4639 1447 4703; x_wconf 88' lang='lat' dir='ltr'>Homiliarum</span> <span class='ocrx_word' id='word_1_497' title='bbox 1476 4639 1836 4703; x_wconf 88' lang='lat' dir='ltr'>uberiorem</span> <span class='ocrx_word' id='word_1_498' title='bbox 1862 4641 2237 4703; x_wconf 89' lang='lat' dir='ltr'>variantium</span> <span class='ocrx_word' id='word_1_499' title='bbox 2267 4641 2615 4704; x_wconf 84' lang='lat' dir='ltr'>lectionum</span> <span class='ocrx_word' id='word_1_500' title='bbox 2649 4646 2927 4719; x_wconf 88' lang='lat' dir='ltr'>segetem</span> <span class='ocrx_word' id='word_1_501' title='bbox 2958 4641 3198 4721; x_wconf 88' lang='lat' dir='ltr'>jactare</span> <span class='ocrx_word' id='word_1_502' title='bbox 3221 4642 3533 4719; x_wconf 85' lang='lat' dir='ltr'>videatur;</span> <span class='ocrx_word' id='word_1_503' title='bbox 3564 4645 3664 4707; x_wconf 91' lang='lat' dir='ltr'>cui</span> 
     </span>
    </p>
   </div>
   <div class='ocr_carea' id='block_1_44' title="bbox 412 4740 3664 4826">
    <p class='ocr_par' dir='ltr' id='par_1_44' title="bbox 412 4740 3664 4826">
     <span class='ocr_line' id='line_1_45' title="bbox 412 4740 3664 4826; baseline 0.001 -20"><span class='ocrx_word' id='word_1_504' title='bbox 412 4751 620 4806; x_wconf 89' lang='lat' dir='ltr'>tamen</span> <span class='ocrx_word' id='word_1_505' title='bbox 642 4741 1073 4822; x_wconf 67' lang='lat' dir='ltr'>inmqualitati,</span> <span class='ocrx_word' id='word_1_506' title='bbox 1103 4742 1340 4817; x_wconf 87' lang='lat' dir='ltr'>multis,</span> <span class='ocrx_word' id='word_1_507' title='bbox 1372 4758 1515 4821; x_wconf 81' lang='lat' dir='ltr'>quae</span> <span class='ocrx_word' id='word_1_508' title='bbox 1537 4740 1713 4821; x_wconf 88' lang='lat' dir='ltr'>prius</span> <span class='ocrx_word' id='word_1_509' title='bbox 1743 4742 2101 4819; x_wconf 86' lang='lat' dir='ltr'>omiseram,</span> <span class='ocrx_word' id='word_1_510' title='bbox 2141 4743 2208 4805; x_wconf 92' lang='lat' dir='ltr'>in</span> <span class='ocrx_word' id='word_1_511' title='bbox 2231 4742 2675 4806; x_wconf 90' lang='lat' dir='ltr'>adnotationes</span> <span class='ocrx_word' id='word_1_512' title='bbox 2703 4741 2939 4818; x_wconf 89' lang='lat' dir='ltr'>relatis,</span> <span class='ocrx_word' id='word_1_513' title='bbox 2964 4744 3227 4809; x_wconf 84' lang='lat' dir='ltr'>remedii</span> <span class='ocrx_word' id='word_1_514' title='bbox 3246 4743 3482 4826; x_wconf 86' lang='lat' dir='ltr'>aliquid</span> <span class='ocrx_word' id='word_1_515' title='bbox 3511 4745 3664 4808; x_wconf 88' lang='lat' dir='ltr'>alla-</span> 
     </span>
    </p>
   </div>
   <div class='ocr_carea' id='block_1_45' title="bbox 411 4846 3664 4930">
    <p class='ocr_par' dir='ltr' id='par_1_45' title="bbox 411 4846 3664 4930">
     <span class='ocr_line' id='line_1_46' title="bbox 411 4846 3664 4930; baseline 0.002 -21"><span class='ocrx_word' id='word_1_516' title='bbox 411 4856 541 4910; x_wconf 89' lang='lat' dir='ltr'>tum</span> <span class='ocrx_word' id='word_1_517' title='bbox 575 4853 688 4911; x_wconf 81' lang='lat' dir='ltr'>est.</span> <span class='ocrx_word' id='word_1_518' title='bbox 720 4849 1030 4910; x_wconf 72' lang='lat' dir='ltr'>Praeterea</span> <span class='ocrx_word' id='word_1_519' title='bbox 1056 4847 1109 4909; x_wconf 91' lang='lat' dir='ltr'>si</span> <span class='ocrx_word' id='word_1_520' title='bbox 1132 4847 1295 4910; x_wconf 87' lang='lat' dir='ltr'>forte</span> <span class='ocrx_word' id='word_1_521' title='bbox 1321 4846 1626 4910; x_wconf 89' lang='lat' dir='ltr'>lectiones</span> <span class='ocrx_word' id='word_1_522' title='bbox 1652 4847 2045 4911; x_wconf 76' lang='lat' dir='ltr'>Oxonienses</span> <span class='ocrx_word' id='word_1_523' title='bbox 2067 4848 2267 4919; x_wconf 89' lang='lat' dir='ltr'>serius</span> <span class='ocrx_word' id='word_1_524' title='bbox 2299 4847 2702 4924; x_wconf 89' lang='lat' dir='ltr'>advenerant,</span> <span class='ocrx_word' id='word_1_525' title='bbox 2732 4865 2923 4930; x_wconf 89' lang='lat' dir='ltr'>quam</span> <span class='ocrx_word' id='word_1_526' title='bbox 2957 4855 3028 4910; x_wconf 93' lang='lat' dir='ltr'>ut</span> <span class='ocrx_word' id='word_1_527' title='bbox 3058 4865 3175 4917; x_wconf 85' lang='lat' dir='ltr'>suo</span> <span class='ocrx_word' id='word_1_528' title='bbox 3202 4865 3473 4929; x_wconf 65' lang='lat' dir='ltr'>quaeque</span> <span class='ocrx_word' id='word_1_529' title='bbox 3520 4848 3664 4913; x_wconf 90' lang='lat' dir='ltr'>loco</span> 
     </span>
    </p>
   </div>
   <div class='ocr_carea' id='block_1_46' title="bbox 411 4946 2679 5032">
    <p class='ocr_par' dir='ltr' id='par_1_46' title="bbox 411 4946 2679 5032">
     <span class='ocr_line' id='line_1_47' title="bbox 411 4946 2679 5032; baseline 0 -22"><span class='ocrx_word' id='word_1_530' title='bbox 411 4953 797 5022; x_wconf 89' lang='lat' dir='ltr'>notarentur,</span> <span class='ocrx_word' id='word_1_531' title='bbox 828 4949 908 5010; x_wconf 91' lang='lat' dir='ltr'>de</span> <span class='ocrx_word' id='word_1_532' title='bbox 938 4947 1037 5013; x_wconf 80' lang='lat' dir='ltr'>bis</span> <span class='ocrx_word' id='word_1_533' title='bbox 1058 4965 1316 5032; x_wconf 86' lang='lat' dir='ltr'>quoque</span> <span class='ocrx_word' id='word_1_534' title='bbox 1342 4948 1411 5010; x_wconf 92' lang='lat' dir='ltr'>in</span> <span class='ocrx_word' id='word_1_535' title='bbox 1438 4946 1952 5013; x_wconf 88' lang='lat' dir='ltr'>adnotationibus</span> <span class='ocrx_word' id='word_1_536' title='bbox 1977 4948 2197 5013; x_wconf 91' lang='lat' dir='ltr'>sedulo</span> <span class='ocrx_word' id='word_1_537' title='bbox 2224 4949 2538 5025; x_wconf 88' lang='lat' dir='ltr'>monitum</span> <span class='ocrx_word' id='word_1_538' title='bbox 2560 4956 2679 5013; x_wconf 90' lang='lat' dir='ltr'>est.</span> 
     </span>
    </p>
   </div>
   <div class='ocr_carea' id='block_1_47' title="bbox 482 5073 2657 5156">
    <p class='ocr_par' dir='ltr' id='par_1_47' title="bbox 482 5073 2657 5156">
     <span class='ocr_line' id='line_1_48' title="bbox 482 5073 2657 5156; baseline -0.002 -19"><span class='ocrx_word' id='word_1_539' title='bbox 482 5077 556 5137; x_wconf 90' lang='lat' dir='ltr'>In</span> <span class='ocrx_word' id='word_1_540' title='bbox 584 5075 767 5137; x_wconf 89' lang='lat' dir='ltr'>variis</span> <span class='ocrx_word' id='word_1_541' title='bbox 794 5074 1172 5138; x_wconf 89' lang='lat' dir='ltr'>lectionibus</span> <span class='ocrx_word' id='word_1_542' title='bbox 1204 5073 1562 5153; x_wconf 85' lang='lat' dir='ltr'>digerendis</span> <span class='ocrx_word' id='word_1_543' title='bbox 1581 5075 1695 5139; x_wconf 89' lang='lat' dir='ltr'>has</span> <span class='ocrx_word' id='word_1_544' title='bbox 1726 5075 1860 5138; x_wconf 89' lang='lat' dir='ltr'>fere</span> <span class='ocrx_word' id='word_1_545' title='bbox 1888 5076 2136 5156; x_wconf 87' lang='lat' dir='ltr'>regulas</span> <span class='ocrx_word' id='word_1_546' title='bbox 2174 5081 2428 5139; x_wconf 84' lang='lat' dir='ltr'>secutus</span> <span class='ocrx_word' id='word_1_547' title='bbox 2460 5090 2600 5137; x_wconf 92' lang='lat' dir='ltr'>sum</span> <span class='ocrx_word' id='word_1_548' title='bbox 2642 5090 2657 5134; x_wconf 92' lang='lat'>:</span> 
     </span>
    </p>
   </div>
   <div class='ocr_carea' id='block_1_48' title="bbox 485 5197 3666 5282">
    <p class='ocr_par' dir='ltr' id='par_1_48' title="bbox 485 5197 3666 5282">
     <span class='ocr_line' id='line_1_49' title="bbox 485 5197 3666 5282; baseline -0.001 -20"><span class='ocrx_word' id='word_1_549' title='bbox 485 5204 533 5263; x_wconf 92' lang='grc' dir='ltr'>Ι.</span> <span class='ocrx_word' id='word_1_550' title='bbox 573 5201 856 5277; x_wconf 89' lang='lat' dir='ltr'>Codices,</span> <span class='ocrx_word' id='word_1_551' title='bbox 884 5202 995 5282; x_wconf 93' lang='lat' dir='ltr'>qui</span> <span class='ocrx_word' id='word_1_552' title='bbox 1040 5220 1172 5265; x_wconf 90' lang='lat' dir='ltr'>non</span> <span class='ocrx_word' id='word_1_553' title='bbox 1201 5209 1651 5277; x_wconf 87' lang='lat' dir='ltr'>memorantur,</span> <span class='ocrx_word' id='word_1_554' title='bbox 1703 5201 1824 5264; x_wconf 90' lang='lat' dir='ltr'>nisi</span> <span class='ocrx_word' id='word_1_555' title='bbox 1856 5201 2018 5264; x_wconf 87' lang='lat' dir='ltr'>forte</span> <span class='ocrx_word' id='word_1_556' title='bbox 2062 5203 2285 5265; x_wconf 90' lang='lat' dir='ltr'>lacuna</span> <span class='ocrx_word' id='word_1_557' title='bbox 2311 5206 2533 5275; x_wconf 80' lang='lat' dir='ltr'>exstet,</span> <span class='ocrx_word' id='word_1_558' title='bbox 2565 5217 2714 5262; x_wconf 89' lang='lat' dir='ltr'>cum</span> <span class='ocrx_word' id='word_1_559' title='bbox 2751 5204 2935 5261; x_wconf 82' lang='lat' dir='ltr'>textu.</span> <span class='ocrx_word' id='word_1_560' title='bbox 2970 5201 3189 5258; x_wconf 90' lang='lat' dir='ltr'>nostro</span> <span class='ocrx_word' id='word_1_561' title='bbox 3226 5197 3666 5259; x_wconf 87' lang='lat' dir='ltr'>consentiunt.</span> 
     </span>
    </p>
   </div>
   <div class='ocr_carea' id='block_1_49' title="bbox 478 5429 3668 5510">
    <p class='ocr_par' dir='ltr' id='par_1_49' title="bbox 478 5429 3668 5510">
     <span class='ocr_line' id='line_1_50' title="bbox 478 5429 3668 5510; baseline -0.003 -15"><span class='ocrx_word' id='word_1_562' title='bbox 478 5441 554 5510; x_wconf 81' lang='grc' dir='ltr'>(α)</span> <span class='ocrx_word' id='word_1_563' title='bbox 592 5439 712 5495; x_wconf 87' lang='lat' dir='ltr'>Huc</span> <span class='ocrx_word' id='word_1_564' title='bbox 744 5438 1017 5510; x_wconf 79' lang='lat' dir='ltr'>pertinere</span> <span class='ocrx_word' id='word_1_565' title='bbox 1036 5437 1251 5510; x_wconf 72' lang='lat' dir='ltr'>videtur</span> <span class='ocrx_word' id='word_1_566' title='bbox 1269 5436 1574 5510; x_wconf 75' lang='lat' dir='ltr'>exemplum</span> <span class='ocrx_word' id='word_1_567' title='bbox 1598 5437 1652 5490; x_wconf 92' lang='lat' dir='ltr'>in</span> <span class='ocrx_word' id='word_1_568' title='bbox 1682 5435 1982 5510; x_wconf 65' lang='lat' dir='ltr'>Adnot._ad</span> <span class='ocrx_word' id='word_1_569' title='bbox 2088 5435 2365 5510; x_wconf 74' lang='lat' dir='ltr'>Cbrysost.</span> <span class='ocrx_word' id='word_1_570' title='bbox 2386 5435 2485 5489; x_wconf 86' lang='lat' dir='ltr'>ista</span> <span class='ocrx_word' id='word_1_571' title='bbox 2503 5434 2777 5510; x_wconf 73' lang='lat' dir='ltr'>leguntur.</span> <span class='ocrx_word' id='word_1_572' title='bbox 2806 5431 2982 5510; x_wconf 79' lang='lat' dir='ltr'>Hujus</span> <span class='ocrx_word' id='word_1_573' title='bbox 2997 5429 3161 5510; x_wconf 70' lang='lat' dir='ltr'>verba</span> <span class='ocrx_word' id='word_1_574' title='bbox 3178 5438 3307 5484; x_wconf 88' lang='lat' dir='ltr'>sunt</span> <span class='ocrx_word' id='word_1_575' title='bbox 3325 5432 3401 5510; x_wconf 66' lang='grc' dir='ltr'>(ρ.</span> <span class='ocrx_word' id='word_1_576' title='bbox 3424 5429 3668 5510; x_wconf 44' lang='lat' dir='ltr'>{exp-gat</span> 
     </span>
    </p>
   </div>
   <div class='ocr_carea' id='block_1_50' title="bbox 409 5499 2024 5582">
    <p class='ocr_par' dir='ltr' id='par_1_50' title="bbox 409 5499 1978 5582">
     <span class='ocr_line' id='line_1_51' title="bbox 409 5499 1978 5582; baseline -0.003 -18"><span class='ocrx_word' id='word_1_577' title='bbox 409 5499 603 5582; x_wconf 26' lang='lat'>[1.1634</span> <span class='ocrx_word' id='word_1_578' title='bbox 624 5499 871 5582; x_wconf 56' lang='lat' dir='ltr'>allatum.</span> <span class='ocrx_word' id='word_1_579' title='bbox 901 5508 1055 5563; x_wconf 78' lang='lat' dir='ltr'>Adde</span> <span class='ocrx_word' id='word_1_580' title='bbox 1084 5507 1274 5582; x_wconf 46' lang='lat' dir='ltr'>Pelav;</span> <span class='ocrx_word' id='word_1_581' title='bbox 1312 5507 1380 5582; x_wconf 77' lang='lat' dir='ltr'>ad</span> <span class='ocrx_word' id='word_1_582' title='bbox 1409 5499 1601 5582; x_wconf 73' lang='lat' dir='ltr'>Synes.</span> <span class='ocrx_word' id='word_1_583' title='bbox 1634 5515 1778 5582; x_wconf 58' lang='lat' dir='ltr'>nota;</span> <span class='ocrx_word' id='word_1_584' title='bbox 1808 5522 1861 5582; x_wconf 90' lang='lat' dir='ltr'>p_.</span> <span class='ocrx_word' id='word_1_585' title='bbox 1890 5508 1978 5561; x_wconf 80' lang='grc'>57.</span> 
     </span>
    </p>
   </div>
   <div class='ocr_carea' id='block_1_51' title="bbox 2048 5499 3663 5582">
    <p class='ocr_par' dir='ltr' id='par_1_51' title="bbox 2087 5499 3663 5582">
     <span class='ocr_line' id='line_1_52' title="bbox 2087 5499 3663 5582; baseline -0.003 -23"><span class='ocrx_word' id='word_1_586' title='bbox 2087 5508 2120 5576; x_wconf 84' lang='grc' dir='ltr'><strong>ή</strong></span> <span class='ocrx_word' id='word_1_587' title='bbox 2153 5499 2218 5558; x_wconf 79' lang='grc' dir='ltr'>ἐν’</span> <span class='ocrx_word' id='word_1_588' title='bbox 2265 5499 2584 5582; x_wconf 50' lang='grc' dir='ltr'>πρρταγείιέξ</span> <span class='ocrx_word' id='word_1_589' title='bbox 2626 5503 2855 5574; x_wconf 82' lang='grc' dir='ltr'>σίτησις.</span> <span class='ocrx_word' id='word_1_590' title='bbox 2894 5499 3156 5554; x_wconf 64' lang='grc' dir='ltr'>Ὰιιὶθῐιιιε</span> <span class='ocrx_word' id='word_1_591' title='bbox 3182 5499 3663 5582; x_wconf 41' lang='lat' dir='ltr'>vero-imﬂred&#39;di&#39;t,</span> 
     </span>
    </p>
   </div>
   <div class='ocr_carea' id='block_1_52' title="bbox 413 5557 3662 5647">
    <p class='ocr_par' dir='ltr' id='par_1_52' title="bbox 413 5557 3662 5647">
     <span class='ocr_line' id='line_1_53' title="bbox 413 5557 3662 5647; baseline -0.003 -13"><span class='ocrx_word' id='word_1_592' title='bbox 413 5557 1069 5636; x_wconf 64' lang='lat' dir='ltr'>6s].</span> <span class='ocrx_word' id='word_1_593' title='bbox 2086 5557 2500 5646; x_wconf 46' lang='lat' dir='ltr'>necpub&#39;licein</span> <span class='ocrx_word' id='word_1_594' title='bbox 2529 5557 2795 5647; x_wconf 53' lang='lat' dir='ltr'>Prytaneo</span> <span class='ocrx_word' id='word_1_595' title='bbox 2816 5557 3093 5647; x_wconf 51' lang='lat' dir='ltr'>apparata</span> <span class='ocrx_word' id='word_1_596' title='bbox 3128 5570 3387 5647; x_wconf 71' lang='lat' dir='ltr'>convivia.</span> <span class='ocrx_word' id='word_1_597' title='bbox 3418 5568 3510 5625; x_wconf 85' lang='lat' dir='ltr'>Sic</span> <span class='ocrx_word' id='word_1_598' title='bbox 3534 5557 3662 5625; x_wconf 56' lang='lat' dir='ltr'>ilict</span> 
     </span>
    </p>
   </div>
   <div class='ocr_carea' id='block_1_53' title="bbox 411 5640 3447 5732">
    <p class='ocr_par' dir='ltr' id='par_1_53' title="bbox 411 5640 3447 5732">
     <span class='ocr_line' id='line_1_54' title="bbox 411 5640 3447 5732; baseline -0.004 -26"><span class='ocrx_word' id='word_1_599' title='bbox 411 5651 579 5732; x_wconf 59' lang='lat' dir='ltr'>veteri</span> <span class='ocrx_word' id='word_1_600' title='bbox 617 5647 991 5732; x_wconf 59' lang='lat' dir='ltr'>Chrysostgrni</span> <span class='ocrx_word' id='word_1_601' title='bbox 1040 5648 1360 5732; x_wconf 77' lang='lat' dir='ltr'>interprete,</span> <span class='ocrx_word' id='word_1_602' title='bbox 1389 5640 1737 5732; x_wconf 61' lang='lat' dir='ltr'>&#39;eonjectatpr</span> <span class='ocrx_word' id='word_1_603' title='bbox 1759 5640 1977 5732; x_wconf 45' lang='lat' dir='ltr'>appear;</span> <span class='ocrx_word' id='word_1_604' title='bbox 2083 5640 2364 5732; x_wconf 55' lang='lat' dir='ltr'>neevi‘llgp</span> <span class='ocrx_word' id='word_1_605' title='bbox 2388 5654 2583 5732; x_wconf 46' lang='lat' dir='ltr'>eztsltat,</span> <span class='ocrx_word' id='word_1_606' title='bbox 2608 5640 2706 5732; x_wconf 54' lang='lat' dir='ltr'>nec</span> <span class='ocrx_word' id='word_1_607' title='bbox 2741 5643 2798 5695; x_wconf 77' lang='lat' dir='ltr'>in</span> <span class='ocrx_word' id='word_1_608' title='bbox 2828 5640 3091 5732; x_wconf 44' lang='lat'>1:211:13?!)</span> <span class='ocrx_word' id='word_1_609' title='bbox 3118 5640 3383 5732; x_wconf 44' lang='lat' dir='ltr'>sportula.</span> <span class='ocrx_word' id='word_1_610' title='bbox 3427 5657 3447 5690; x_wconf 76' lang='grc' dir='ltr'><strong><em>ι</em></strong></span> 
     </span>
    </p>
   </div>
   <div class='ocr_carea' id='block_1_54' title="bbox 413 5710 3509 5789">
    <p class='ocr_par' dir='ltr' id='par_1_54' title="bbox 413 5710 3509 5789">
     <span class='ocr_line' id='line_1_55' title="bbox 413 5710 3509 5789; baseline -0.004 -14"><span class='ocrx_word' id='word_1_611' title='bbox 413 5724 524 5775; x_wconf 63' lang='lat' dir='ltr'>vara</span> <span class='ocrx_word' id='word_1_612' title='bbox 546 5710 844 5789; x_wconf 86' lang='lat' dir='ltr'>sumpsisse</span> <span class='ocrx_word' id='word_1_613' title='bbox 871 5710 1317 5789; x_wconf 77' lang='lat' dir='ltr'>Chrysostomum</span> <span class='ocrx_word' id='word_1_614' title='bbox 1350 5732 1450 5787; x_wconf 87' lang='lat' dir='ltr'>pro</span> <span class='ocrx_word' id='word_1_615' title='bbox 1483 5710 1721 5786; x_wconf 67' lang='lat' dir='ltr'>sportula</span> <span class='ocrx_word' id='word_1_616' title='bbox 1749 5710 1977 5787; x_wconf 67' lang='lat' dir='ltr'>in&#39;Pry-</span> <span class='ocrx_word' id='word_1_617' title='bbox 2154 5719 2226 5787; x_wconf 73' lang='grc' dir='ltr'>(ὁ)</span> <span class='ocrx_word' id='word_1_618' title='bbox 2248 5710 2717 5789; x_wconf 10' lang='lat' dir='ltr'>\f’ii&#39;deAAdnotaad‘</span> <span class='ocrx_word' id='word_1_619' title='bbox 2733 5729 2823 5789; x_wconf 85' lang='lat' dir='ltr'>pp.</span> <span class='ocrx_word' id='word_1_620' title='bbox 2852 5710 2939 5775; x_wconf 74' lang='lat'>89,</span> <span class='ocrx_word' id='word_1_621' title='bbox 2964 5712 3090 5789; x_wconf 53' lang='lat'>316,</span> <span class='ocrx_word' id='word_1_622' title='bbox 3259 5781 3272 5789; x_wconf 90' lang='lat'>_</span> <span class='ocrx_word' id='word_1_623' title='bbox 3295 5780 3354 5789; x_wconf 90' lang='lat'><strong>__</strong></span> <span class='ocrx_word' id='word_1_624' title='bbox 3403 5780 3417 5789; x_wconf 83' lang='lat'><strong>_</strong></span> <span class='ocrx_word' id='word_1_625' title='bbox 3442 5780 3509 5789; x_wconf 14' lang='lat'>__7</span> 
     </span>
    </p>
   </div>
   <div class='ocr_carea' id='block_1_55' title="bbox 410 5780 3520 5868">
    <p class='ocr_par' dir='ltr' id='par_1_55' title="bbox 410 5780 3520 5868">
     <span class='ocr_line' id='line_1_56' title="bbox 410 5780 3520 5868; baseline -0.004 -22"><span class='ocrx_word' id='word_1_626' title='bbox 410 5801 584 5859; x_wconf 64' lang='lat' dir='ltr'>tuneo.</span> <span class='ocrx_word' id='word_1_627' title='bbox 634 5780 835 5854; x_wconf 61' lang='lat' dir='ltr'>Y&#39;erum</span> <span class='ocrx_word' id='word_1_628' title='bbox 871 5780 1049 5859; x_wconf 79' lang='lat' dir='ltr'>neque</span> <span class='ocrx_word' id='word_1_629' title='bbox 1100 5788 1242 5859; x_wconf 84' lang='lat' dir='ltr'>apud</span> <span class='ocrx_word' id='word_1_630' title='bbox 1276 5780 1567 5853; x_wconf 71' lang='lat' dir='ltr'>Attianum,</span> <span class='ocrx_word' id='word_1_631' title='bbox 1614 5803 1790 5858; x_wconf 83' lang='lat' dir='ltr'>neque</span> <span class='ocrx_word' id='word_1_632' title='bbox 1834 5780 1977 5861; x_wconf 75' lang='lat' dir='ltr'>apud</span> <span class='ocrx_word' id='word_1_633' title='bbox 2154 5780 2445 5853; x_wconf 59' lang='lat' dir='ltr'>(&#39;chidein</span> <span class='ocrx_word' id='word_1_634' title='bbox 2474 5785 2663 5868; x_wconf 79' lang='lat' dir='ltr'>primis</span> <span class='ocrx_word' id='word_1_635' title='bbox 2693 5780 2977 5845; x_wconf 27' lang='lat' dir='ltr'>Adnot.,ad</span> <span class='ocrx_word' id='word_1_636' title='bbox 2997 5781 3225 5852; x_wconf 37' lang='lat' dir='ltr'>pp.l‘15,</span> <span class='ocrx_word' id='word_1_637' title='bbox 3254 5780 3520 5847; x_wconf 45' lang='lat'>117,147&quot;.</span> 
     </span>
    </p>
   </div>
  </div>
