4090 6366
1598 424 1776 482 FltlD.
1820 425 2023 481 FIELD
2063 425 2459 485 PREFATIO.
3503 450 3562 492 ι(

320 545 439 608 [ibi
475 562 626 608 vero
669 547 940 622 emices,
987 548 1095 628 qui
1147 549 1569 623 nominantur,
1609 557 1924 632 receptam
1969 552 2309 616 lectionem
2357 551 2624 625 habent,‘
2657 557 2919 614 caeteros
2953 571 3066 626 pro
3107 551 3334 630 rejecta
3375 557 3552 622 stare

323 663 440 725 per
467 664 535 708 se
565 649 714 710 satis
741 649 1127 728 intelligitur.

409 771 479 829 Il.
526 771 766 834 Dealiis
789 773 1068 846 testibus,
1101 773 1208 853 qui
1262 775 1514 836 nonnisi
1543 777 1728 837 certis
1750 776 1907 838 locis
1925 775 2230 857 appellari
2253 782 2540 855 possunt,
2567 793 2624 837 e.
2659 793 2716 854 g.
2740 777 2854 856 Ep.
2878 773 3063 835 Euth.
3087 771 3374 852 Theoph.
3398 769 3540 831 Flor

327 876 390 927 et
418 871 698 949 Interpp.
731 871 850 932 nisi
879 871 1110 934 diserte
1141 875 1564 948 nominentur,
1597 874 1752 936 nihil
1788 893 1824 937 a
1855 878 2115 939 Lectore
2155 875 2362 954 colligi
2398 883 2626 954 potest.

410 998 514 1057 III.
544 997 864 1060 Editorum
893 999 1194 1062 librorum
1222 1001 1524 1064 lectiones
1557 1021 1812 1084 semper
1833 1011 1892 1065 et
1937 1005 2176 1084 ubique
2215 1020 2710 1067 commemorare
2753 1018 2883 1062 non
2911 998 3108 1060 nostri
3146 996 3260 1057 fuit
3307 994 3566 1074 incepti.

329 1096 549 1174 Itaque
582 1112 751 1175 smpe
782 1097 1027 1172 accidit,
1061 1106 1130 1158 ut
1161 1099 1349 1160 lectio
1385 1100 1592 1161 minus
1621 1101 1988 1180 probabilis,
2031 1119 2106 1163 ex
2137 1119 2265 1163 uno
2295 1109 2401 1162 aut
2429 1100 2715 1182 pluribus
2743 1099 2930 1163 codd.
2959 1098 3026 1158 in
3057 1096 3334 1173 margine
3360 1093 3566 1167 allata,

333 1216 404 1258 ea
433 1199 569 1276 ipsa
601 1197 699 1269 sit,
737 1215 877 1276 quae
905 1198 968 1258 in
998 1197 1143 1260 edd.
1173 1205 1276 1260 aut
1305 1199 1704 1278 quibusdam,
1743 1208 1849 1263 aut
1876 1202 2058 1264 etiam
2087 1202 2378 1263 omnibus
2414 1201 2776 1281 reperiatur.

419 1325 519 1383 IV.
552 1323 670 1383 Ubi
699 1340 815 1401 pro
845 1322 1037 1384 altera
1060 1322 1329 1388 lectione
1359 1342 1566 1383 omnes
1596 1323 1834 1403 scripti,
1868 1341 1982 1408 pro
2005 1323 2194 1386 altera
2217 1342 2360 1385 vero
2386 1343 2589 1386 omnes
2615 1322 2764 1387 editi
2793 1321 2937 1386 libri
2953 1325 3254 1402 pugnant,
3285 1318 3576 1382 codicum

335 1424 607 1486 lectione
639 1429 912 1501 recepta,
942 1423 1169 1484 editam
1204 1421 1270 1483 in
1309 1423 1586 1500 margine
1613 1424 1856 1502 scripsi,
1889 1442 2030 1484 cum
2065 1433 2233 1498 nota,
2272 1449 2302 1480 α
2333 1425 2486 1485 Edd.
2518 1448 2546 1480 ιο

429 1545 498 1604 ν.
547 1543 664 1605 Ubi
692 1543 758 1604 in
783 1542 990 1621 aliqua
1018 1542 1290 1607 lectione
1320 1543 1549 1606 tuenda
1584 1561 1729 1604 cum
1755 1549 1924 1604 textu
1955 1544 2264 1606 Saviliano
2301 1547 2700 1608 consentiunt
2732 1565 2937 1606 omnes
2965 1545 3236 1619 codices,
3267 1544 3427 1606 hanc
3471 1544 3577 1604 in-

338 1646 624 1711 numeris
661 1645 838 1717 locis,
875 1646 1102 1723 rejecta
1138 1643 1409 1706 lectione
1439 1645 2170 1720 ltlorello-Benedictina,
2204 1650 2388 1708 tacite
2424 1648 2671 1709 excudi.

422 1767 526 1828 VI.
570 1768 641 1827 In
673 1765 894 1827 ordine
923 1765 1252 1826 verborum
1290 1766 1730 1828 constituendo
1760 1766 2021 1846 singulis
2055 1768 2210 1830 locis
2232 1768 2444 1848 plures
2478 1775 2540 1831 et
2569 1769 2862 1833 meliores
2892 1769 3085 1831 libros
3127 1777 3378 1831 secutus
3413 1785 3574 1839 sum,

340 1865 538 1945 idque
567 1865 898 1927 maximam
943 1871 1180 1944 partem
1224 1880 1355 1924 non
1395 1865 1636 1928 monito
1681 1867 1972 1942 Lectore;
2006 1885 2148 1930 cum
2182 1867 2440 1937 inﬁnitaa
2475 1868 2657 1940 molis
2699 1868 2941 1941 fuisset,
2971 1886 3191 1931 omnes
3218 1864 3580 1951 hujusmodi

343 1968 722 2031 mutationes
750 1967 816 2028 in
843 1965 1096 2028 tabellas
1127 1965 1385 2029 referre.

428 2111 772 2172 Moralium
802 2111 973 2173 initia
993 2113 1121 2192 jam
1145 2119 1287 2174 ante
1321 2129 1436 2174 nos
1466 2112 1830 2176 distinxerat
1857 2114 2156 2189 Savilius;
2181 2115 2544 2177 eorumdem
2566 2130 2713 2175 vero
2735 2119 3096 2191 argumenta
3119 2127 3284 2172 nunc
3310 2109 3579 2188 primum

342 2234 380 2276 e
414 2217 744 2278 codicibus
780 2215 1020 2297 prolata
1044 2222 1211 2276 sunt.
1243 2215 1391 2276 Haec
1421 2215 1486 2276 in
1515 2215 1839 2277 codicibus
1869 2233 1998 2277 non
2029 2218 2322 2279 omnibus
2351 2217 2569 2280 eadem
2593 2215 2886 2294 leguntur
2910 2233 2922 2276 :
2947 2215 3064 2277 alia
3093 2233 3209 2277 nos
3238 2215 3572 2288 edidimus,

344 2319 468 2382 alia
503 2318 719 2378 Latine
747 2333 922 2377 versa
956 2317 1022 2376 in
1049 2315 1253 2376 fronte
1283 2317 1494 2394 operis
1521 2314 1691 2375 dedit
1719 2303 2034 2378 Morellus.
2072 2319 2155 2379 De
2177 2317 2274 2378 his
2305 2325 2502 2380 exstat
2531 2319 2834 2380 Monitum
2864 2319 2928 2382 in
2965 2317 3182 2380 codice
3208 2316 3455 2377 Coislin.
3482 2317 3580 2388 66,

345 2417 521 2497 quod
553 2415 652 2479 hic
684 2416 1037 2479 exscribere
1075 2415 1162 2476 nil
1203 2421 1381 2476 vetat.
1426 2415 1643 2486 Ἐπειδὴ
1676 2414 1795 2478 ἔθος
1824 2412 1891 2487 ἦν
1913 2420 1960 2470 τι

1966 2417 1994 2488 ῖ)
2020 2418 2420 2488 μακαριωτάτῳ
2444 2416 2658 2489 Ἰωάννῃ
2682 2417 2758 2487 τῷ
2792 2415 3156 2486 Χρυσοστόμῳ
3183 2415 3318 2485 μετὰ
3339 2415 3581 2485 τὸὲρμη-

346 2523 540 2575 νεῦσαι
572 2521 632 2573 τὸ
663 2521 790 2591 παρ’
820 2520 983 2574 αὑτοῦ
1015 2520 1274 2591 προτεθὲν
1303 2520 1655 2588 εὐαγγελικὸν
1684 2521 1846 2591 ῥητὸν
1871 2522 1952 2586 εἰς
1980 2521 2170 2593 ἠθικὸν
2205 2521 2541 2576 καταπαύειν
2576 2523 2665 2576 τὸν
2689 2521 2866 2587 λόγον,
2894 2522 3188 2588 ἀναγκαῖον
3235 2517 3456 2587 ἐνόμισα
3493 2517 3585 2569 καὶ

340 2619 414 2670 τὰ
449 2617 576 2686 παρ’
601 2617 764 2670 αὑτοῦ
795 2617 853 2668 ἐν
882 2616 958 2687 τῷ
1005 2615 1180 2686 ﬂeuit}
1217 2616 1358 2669 κατὰ
1384 2616 1585 2678 πλάτος
1615 2617 1884 2686 εἰρημένα
1909 2619 1967 2670 ἐν
1995 2618 2244 2687 συντόμῳ
2270 2617 2555 2687 προτάξαι,
2588 2617 2674 2670 ἵνα
2712 2616 2810 2686 ἔχῃ
2839 2618 2867 2668 ὁ
2891 2615 3207 2685 βουλόμενος
3241 2611 3340 2682 τὴν
3361 2611 3586 2679 δύναμιν

341 2714 441 2767 τοῦ
465 2711 666 2775 παντὸς
692 2710 886 2781 ἠθικοῦ
915 2711 1127 2774 ἀπόνως
1154 2712 1246 2764 καὶ
1278 2712 1336 2763 ὲν
1365 2710 1611 2780 συντόμῳ
1637 2711 1908 2781 εὑρίσκειν
1939 2710 1956 2790 (

1968 2711 2048 2790 α).
2080 2712 2460 2791 Plerumque
2482 2729 2628 2774 vero
2658 2728 2787 2773 non
2817 2711 2880 2771 in
2907 2709 3112 2771 fronte
3144 2708 3376 2788 Operis,
3417 2706 3583 2768 indi-

344 2818 440 2877 cis
483 2814 695 2887 modo,
733 2814 844 2875 sed
869 2813 995 2874 suis
1022 2811 1468 2891 quaeque-locis
1496 2812 1560 2872 in
1583 2811 1862 2888 margine
1890 2812 2054 2887 libri,
2087 2812 2258 2892 quod
2294 2829 2412 2873 nos
2447 2811 2732 2886 fecimus,
2765 2816 3131 2888 argumenta
3163 2814 3481 2870 notantur.

430 2941 495 3000 In
535 2939 1060 3012 adnotationibus,
1092 2945 1320 3018 praeter
1347 2955 1420 2998 ea
1449 2955 1591 3017 qua)
1619 2938 1711 2998 vel
1750 2937 1826 2998 ad
1857 2937 2115 2999 criticen
2139 2936 2232 2998 vel
2275 2936 2354 2998 ad
2398 2935 2982 3016 interpretationem
3031 2929 3376 2993 necessaria
3419 2926 3586 2987 vide-

347 3042 595 3113 bantur,
633 3042 929 3121 pauculas
952 3040 1341 3119 conjecturas
1371 3046 1613 3100 nostras
1645 3037 1725 3100 ad
1757 3037 1878 3100 alia
1916 3038 2350 3116 gratiosissimi
2397 3037 2684 3100 Auctoris
2715 3036 2946 3114 scripta
2993 3033 3404 3113 pertinentes,
3443 3045 3588 3089 cum

348 3147 606 3206 Lectore
629 3142 1247 3206 communicavimus.

430 3273 753 3332 Postremo
805 3269 880 3331 ad
916 3270 1162 3332 Indices
1217 3273 1551 3329 consuetos
1599 3267 1858 3328 accessit
1893 3267 2051 3328 alius
2085 3268 2369 3339 Graecus;
2409 3266 2474 3326 in
2504 3283 2629 3345 quo
2667 3263 3059 3326 conﬁciendo
3099 3261 3161 3322 id
3193 3258 3589 3340 potissimum

351 3371 506 3434 mihi
543 3371 931 3450 pr0positum
967 3376 1081 3442 est,
1113 3376 1181 3430 ut
1215 3385 1432 3430 eorum
1479 3367 1827 3429 commodis
1859 3367 2217 3439 inserviam,
2258 3367 2366 3446 qui
2395 3365 2655 3445 posthac
2695 3364 2813 3425 alia
2861 3363 3124 3425 fortasse
3167 3359 3590 3439 Chrysostomi

352 3492 548 3554 opera
586 3475 905 3553 purganda
943 3473 1322 3552 suscipient;
1371 3471 1544 3550 quod
1581 3472 1901 3548 negotium
1948 3477 2072 3532 tam
2123 3469 2510 3550 expeditum,
2549 3487 2737 3549 quam
2771 3467 3196 3530 necessarium
3239 3481 3398 3538 esse,
3449 3467 3593 3542 post

353 3594 567 3643 meum
593 3575 869 3637 laborem
909 3589 1118 3646 nemo,
1151 3572 1398 3651 Opinor,
1432 3571 1703 3648 negabit.

437 3697 796 3761 Scribebam
824 3692 1248 3770 Cantabrigire,
1295 3691 1396 3752 die
1425 3692 1560 3750 XIX
1585 3689 1810 3768 Aprilis
1839 3691 2345 3751 MDCCCXXXIX.

433 3914 510 3990 (α)
563 3917 687 3990 Haec
739 3917 852 3990 ipse
903 3935 969 3973 ex
992 3918 1198 3990 codice
1243 3918 1534 3990 exscripsi.
1571 3918 1723 3973 Nunc
1762 3919 1918 3974 video
2025 3920 2124 3974 alia
2150 3919 2311 3972 αὑτὸν
2337 3918 2658 3990 προτέροοεν
2682 3917 2852 3990 dedit.
2878 3916 2983 3972 Sed
3016 3919 3386 3987 apograplmm
3411 3927 3592 3967 meum

359 3988 550 4044 eadem
579 3987 1039 4068 aohiontel‘alconio
1060 3989 1268 4068 i_n_Bibl_.
1295 3987 1508 4068 Coislin.
1543 4006 1607 4068 p._
1641 3991 1743 4042 1⁸50
1772 3990 1915 4068 edita
2025 3990 2206 4045 verius
2236 3987 2388 4056 esse,
2410 3987 2585 4059 quivis
2611 3988 2774 4042 videt.

359 4071 506 4122 esse,
537 4057 625 4126 qui
654 4067 829 4113 tamen
864 4075 961 4130 pro
981 4060 1158 4115 verbis
1208 4059 1268 4111 τὸ
1294 4062 1418 4128 παρ’
1447 4057 1610 4112 αὑτοῦ
1634 4061 1913 4132 προτεθὲν,
