4078 6372
503 317 569 376 r’:
1229 317 1290 384 's.
1316 318 1596 384 JOANN‘IS
1627 325 2105 382 CllRYSOSTmtt

2215 325 2450 380 lClllEP.
2483 318 3025 381 CONSTANTINOP.
3723 323 3790 378 η

495 414 614 493 'q‘ui
652 413 735 474 ob
764 409 1052 493 divisam,
1083 412 1146 471 in
1176 412 1336 493 duas
1371 413 1684 474 decimam
1719 428 1986 493 nonam,
2020 413 2373 493 nonaginta
2401 419 2464 476 et
2495 431 2691 477 unam
2722 416 3020 478 homilias
3049 416 3379 480 numerari
3411 413 3686 493 videbat,
3721 425 3785 481 in

501 491 792 553 eamdem
812 491 1168 570 Epistolam
1196 491 1332 552 XCI
1361 511 1702 554 numerum
1727 492 2060 553 inductum
2089 491 2310 554 fuisse.

505 634 530 706 ξ
582 633 687 692 VI.
721 668 795 676 —-
822 633 912 692 De
942 633 1460 714 interpretatione
1487 634 1750 714 Georgii
1781 635 2227 714 Trapezuntii,
2290 643 2348 714 et
2377 634 2448 695 de
2476 653 2643 697 nova
2699 637 3126 700 Homiliarum
3163 632 3441 699 omnium
3489 639 3558 700 in
3597 637 3765 700 Mat-

1699 713 1924 774 thamm
1964 733 2003 773 a
2032 713 2212 775 nobis
2251 713 2585 776 adornata.

579 853 650 913 In
677 853 876 914 Editis
899 855 1143 916 Latinis
1171 873 1440 938 operum
1471 857 1936 938 Chrysostomi,
1991 858 2272 938 itemque
2315 859 2378 918 in
2411 859 2854 921 Graacolatinis
2885 859 3393 922 Commcliniano
3444 864 3506 920 et
3533 860 3778 921 Morel-

496 927 703 1003 liano,
739 941 885 1012 post
913 940 1058 995 octo
1105 927 1354 1020 priores
1380 927 1704 1020 homilias,
1737 953 2018 1020 quarum
2033 927 2366 1020 interpres
2393 939 2661 1020 Latinus
2691 940 3001 1020 _Aniantis
3037 946 3170 1020 est,
3202 941 3295 1000 uti
3314 940 3448 1020 jam
3477 940 3779 1014 diximus,

495 1020 746 1096 uetera}
773 1032 996 1074 omnes
1024 1033 1173 1096 cum
1215 1016 1751 1096 interpretatione
1782 1016 2048 1095 Georgii
2079 1017 2494 1094 Trapezuntii
2547 1018 2887 1096 prodiere;
2945 1019 3056 1080 sed
3113 1020 3181 1080 in
3212 1016 3594 1081 Morelliana
3649 1025 3780 1080 tam

501 1093 734 1152 Aniani
765 1112 964 1166 quam
1009 1094 1268 1162 Georgii
1294 1093 1711 1174 Trapezuntii
1739 1093 2074 1160 versioncs
2102 1093 2494 1163 retractatae.
2524 1093 2587 1158 εἰ
2614 1099 2678 1158 in
2709 1099 2927 1160 multis
2981 1104 3245 1160 mutata:
3283 1104 3678 1177 comparent.
3708 1103 3779 1158 ut

547 1502 3771 1553 MM

1319 1809 1799 1900 SANCTI
1909 1810 2392 1900 PATRIS

2494 1809 2993 1906 NOSTRI

678 2121 1716 2304 JOANNIS
1894 2124 3647 2309 CHRYSOSTOMI

1449 2506 1968 2565 ARCHIEPISCOPI
2021 2501 2866 2573 CONSTANTINOPOLITANI,

1636 2777 2092 2894 OPERA
2171 2775 2666 2889 OMNIA.

2035 3070 2294 3084 ῳ

801 3281 1490 3354 COMMENTARIUS
1531 3287 1632 3350 IN
1670 3285 2082 3350 SANCTUM

2215 3283 2644 3348 tTTHzEUM
2682 3281 3357 3345 ΕνΑΝθΕιιςΤΑΜ
3395 3283 3504 3363 (α).

2030 3542 2292 3555 .__————-

1879 3739 1888 3764 ³
1996 3781 2283 3845 HOM’lLlA
2309 3775 2351 3841 't.

603 4059 652 4116 l.
682 4058 816 4114 Libri
847 4058 1130 4128 Scriptum:
1148 4068 1238 4111 cur
1278 4055 1406 4110 dati.
1433 4049 1540 4110 Lex
1567 4049 1768 4126 quando
1790 4063 1838 4108 et
1862 4042 2114 4125 quomodo

521 4153 666 4208 data.
699 4151 752 4206 Ν
758 4168 899 4208 ovum
923 4149 1298 4206 Testamentum
1321 4152 1529 4222 quando
1568 4159 1613 4203 et
1639 4148 1890 4219 quomodo
1915 4147 2108 4200 datum.

525 4246 718 4300 —-Par
744 4253 888 4301 esset
911 4244 1124 4314 quidem
1164 4259 1260 4298 nos
1300 4243 1443 4296 nulla
1477 4257 1636 4312 egere
1680 4239 1955 4296 literarum
1985 4254 2109 4308 ope,

522 4337 620 4393 sed
663 4337 735 4390 ita
776 4351 962 4406 puram
1006 4336 1259 4391 exhibere
1292 4335 1479 4401 vitam,
1510 4341 1569 4387 ut
1594 4332 1822 4402 Spiritus
1847 4331 2012 4401 gratia
2042 4330 2110 4383 li—

526 4429 745 4486 brorum
781 4431 947 4502 instar
972 4430 1124 4484 nobis
1166 4439 1311 4484 esset
1343 4445 1357 4483 :
1386 4442 1450 4482 ac
1475 4427 1615 4483 sicut
1642 4425 1760 4480 libri
1789 4433 2108 4487 atramento,

522 4524 604 4578 sic
640 4523 801 4578 corda
841 4533 1019 4578 nostra
1058 4522 1258 4592 Spiritu
1304 4521 1420 4591 ipso
1449 4529 1632 4577 essent
1672 4519 1944 4588 inscripta.-
1977 4517 2110 4586 Quia

520 4625 655 4670 vero
681 4615 988 4684 huiusmodi
1029 4614 1256 4686 gratiam
1297 4613 1615 4683 depulimus,
1653 4627 1770 4684 age.
1817 4614 2108 4667 secundum

522 4707 872 4777 navigationis
893 4720 1109 4761 cursum
1133 4705 1504 4774 suscipiamus.
1527 4703 1684 4759 Certe
1704 4704 1936 4774 primum
1963 4702 2108 4756 illum

521 4813 739 4853 cursum
771 4797 1192 4866 praestantiorem
1237 4795 1423 4858 fuisse,
1455 4804 1511 4849 et
1552 4795 1731 4850 verbis
1767 4803 1821 4849 et
1860 4793 2111 4862 Operibus

527 4891 656 4959 ipsis
681 4889 915 4944 ostendit
944 4889 1102 4944 Deus.
1133 4887 1405 4959 Siquidem
1435 4886 1547 4940 Noe
1575 4895 1630 4941 et
1671 4885 1973 4940 Abrahamo
2011 4900 2108 4938 ne-

527 4983 844 5054 potihusque
870 4983 1007 5050 ejus,
1042 4996 1251 5037 necnon
1279 4980 1416 5036 Jolio
1446 4980 1650 5049 ipsique
1671 4977 1860 5050 Moysi,
1890 4993 1995 5031 non
2019 4992 2111 5045 per

525 5077 707 5131 literas
732 5074 1064 5144 loquebatur,
1098 5073 1190 5128 sed
1229 5088 1324 5142 per
1361 5087 1420 5127 se
1461 5072 1594 5140 ipse,
1639 5069 1779 5140 quod
1825 5083 2014 5138 purum
2056 5069 2107 5121 in

521 5168 652 5237 ipsis
691 5167 927 5221 animum
963 5165 1246 5233 reperiret.
1289 5164 1572 5232 Postquam
1611 5170 1789 5216 autem
1829 5161 2110 5214 universus

523 5258 870 5312 llebrteorum
907 5255 1131 5325 populus
1160 5256 1211 5307 in
1240 5253 1556 5323 profundum
1583 5253 1833 5322 nequitiae
1858 5253 2110 5322 delapsus

521 5357 624 5413 εει,
656 5362 876 5404 necesse
902 5347 1114 5402 demum
1142 5346 1238 5399 fuit
1262 5354 1319 5398 ut
1349 5345 1512 5398 literis
1539 5352 1592 5397 et
1618 5343 1812 5396 tabulis
1837 5342 1900 5396 ad
1923 5357 2107 5396 eorum

521 5441 992 5514 commonitionem
1014 5447 1284 5501 uteretur;
1309 5436 1466 5506 idque
1486 5451 1590 5488 non
1610 5435 1660 5489 in
1686 5433 1893 5489 Veteris
1911 5435 2104 5501 solum,

609 5599 661 5662 (ι)
687 5597 990 5669 Contulimus
1007 5593 1208 5646 Codices
1240 5599 1356 5701 ne?)
1384 5591 1524 5663 193},
1553 5591 1692 5649 1940,
1729 5591 1868 5668 1912,
1890 5589 2107 5643 Colbert.

609 5663 617 5701 ι
659 5661 772 5701 anu.
799 5657 1138 5701 t‘mslimanum
1161 5656 1238 5701 66.
1269 5653 1428 5701 Amm
1470 5661 1588 5701 item
1623 5652 1764 5701 Dom.
1793 5654 2030 5701 t'oucault.
2058 5662 2107 5701 et

524 5652 773 5727 163,306,
799 5657 1138 5727 Coisliniauum
1269 5652 1428 5727 Alium
1470 5652 1764 5727 iteInDom.
1793 5654 2030 5716 Foucault,
2058 5662 2110 5706 et,

521 5715 853 5780 tumentem
875 5727 941 5779 Ι).
961 5727 1024 5778 du
1048 5721 1231 5776 μοίτίοτ
1255 5717 1431 5772 medici
1454 5715 1783 5772 eruditissmi.

2219 4052 2315 4108 sed
2345 4052 2400 4108 in
2428 4051 2559 4108 Νονί
2586 4049 2745 4109 etiam
2772 4053 3101 4112 Testamenti
3127 4059 3327 4114 sanetis
3355 4056 3546 4114 factum
3575 4063 3800 4129 "compca

2219 4143 2404 4197 rimus.
2423 4143 2605 4214 Neque
2621 4145 2765 4200 enim
2790 4149 3042 4214 apostolis
3065 4149 3264 4217 scripto
3291 4149 3562 4220 quidpiam
3586 4151 3804 4207 tradidit

2221 4235 2382 4302 Deus,
2410 4235 2505 4290 sed
2536 4251 2633 4305 pro
2662 4237 2830 4292 literis
2858 4236 3084 4307 Spiritus
3113 4240 3334 4308 gratiam
3362 4255 3421 4295 se
3457 4240 3704 4295 daturum
3735 4242 3802 4295 il-

2217 4324 2284 4381 lis
2312 4326 2575 4395 pollicitus
2600 4337 2682 4382 est
2723 4347 2735 4380 :
2770 4345 2889 4383 nam
2921 4328 3036 4393 Ille,
3079 4332 3173 4395 ait,
3203 4340 3431 4402 suggeret
3467 4334 3606 4387 vobis
3633 4336 3804 4388 omnia

2217 4415 2400 4486 (Joan.
2431 4420 2516 4474 14.
2541 4419 2656 4491 26).
2675 4420 2744 4477 Ut
2764 4436 2892 4475 vero
2908 4421 3084 4476 discas
3102 4423 3204 4477 hoc
3224 4424 3380 4496 longe
3402 4426 3591 4481 melius
3614 4426 3796 4493 fuisse,

2212 4511 2339 4566 audi
2366 4513 2493 4584 quid
2519 4530 2613 4584 per
2639 4514 2954 4584 prOphetam
2979 4517 3121 4570 dicat
3145 4534 3157 4570 :
3186 4517 3462 4588 Disponam
3495 4520 3633 4575 vobis
3653 4530 3804 4574 testa-

2215 4615 2439 4658 mentum
2467 4622 2670 4672 novum,
2701 4608 2829 4660 dans
2859 4609 2990 4678 leges
3019 4625 3155 4664 meas
3183 4610 3235 4663 in
3268 4622 3429 4665 mente
3450 4627 3642 4678 eorum,
3672 4623 3717 4666 et
3747 4615 3802 4667 in

2213 4697 2448 4750 cordibus
2485 4714 2661 4751 eorum
2701 4699 2917 4752 scribam
2957 4715 3062 4766 eas,
3107 4708 3154 4754 et
3195 4710 3340 4755 erunt
3381 4718 3553 4758 omnes
3593 4702 3728 4756 docti
3766 4720 3802 4756 a

2216 4787 2324 4842 Deo
2350 4787 2484 4856 (Jer.
2513 4790 2602 4844 '51.
2636 4789 2723 4844 5|.
2755 4789 2870 4860 33).
2899 4789 3094 4846 Paulus
3119 4805 3332 4862 quoque
3361 4793 3499 4849 hanc
3524 4795 3802 4850 declarans

2216 4881 2596 4949 praestantiam.
2625 4880 2832 4936 dicebat
2862 4884 3132 4951 accepisse
3163 4899 3223 4938 se
3256 4884 3446 4954 legem,
3492 4885 3613 4939 Non
3641 4886 3691 4938 in
3719 4896 3802 4939 ta-

2217 4973 2346 5026 bulis
2375 4973 2608 5042 lapideis,
2641 4973 2728 5027 sed
2765 4973 2821 5028 in
2853 4973 3036 5028 tabulis
3065 4975 3232 5029 cordis
3256 4976 3543 5031 carnalibus
3571 4977 3646 5049 (9..
3677 4978 3798 5055 (lor.

2215 5068 2266 5121 5-
2297 5068 2372 5136 5).
2401 5067 2532 5132 Quia
2552 5083 2679 5122 vero
2702 5076 2822 5132 post
2848 5068 3068 5122 multum
3101 5070 3356 5138 temporis
3379 5069 3467 5123 alii
3495 5070 3639 5124 circa
3665 5069 3798 5142 dog-

2214 5169 2377 5224 mata,
2423 5159 2513 5214 alii
2539 5161 2678 5215 circa
2725 5161 2886 5215 vitam
2912 5170 2968 5216 et
3005 5176 3184 5216 mores
3227 5161 3580 5232 impegerunt,
3611 5179 3801 5220 neces-

2215 5253 2352 5306 saria
2392 5252 2568 5306 denuo
2611 5251 2707 5306 fuit
2734 5253 2820 5306 illa
2865 5268 2962 5323 per
3005 5255 3190 5308 literas
3232 5254 3512 5308 institutio.
3547 5255 3802 5310 Animad-

2213 5353 2390 5397 vertas
2409 5345 2591 5412 velim,
2617 5354 2870 5415 quantum
2895 5345 3023 5400 illud
3046 5345 3243 5399 malum
3270 5346 3366 5412 sit;
3392 5347 3530 5417 quod
3558 5348 3655 5402 etsi
3677 5364 3798 5403 cum

2215 5442 2355 5488 tanta
2397 5435 2624 5504 puritate
2662 5439 2824 5491 vitam
2874 5453 3034 5507 agere
3081 5439 3388 5504 debeamus,
3436 5448 3494 5492 ut
3535 5454 3604 5494 ne
3653 5439 3801 5494 libris

2213 5526 2427 5596 quidem
2459 5527 2528 5581 sit
2554 5543 2708 5596 Opus,
2753 5528 2848 5583 sed
2893 5529 3147 5583 librorum
3178 5529 3293 5584 vice
3323 5529 3485 5584 corda
3529 5529 3798 5586 oll’erenda

2214 5619 2320 5673 sint
2366 5618 2584 5687 Spiritui
2634 5627 2818 5674 sancto
2864 5619 3218 5686 instituenda;
3270 5631 3551 5692 postquam
3595 5631 3796 5678 tantum

2218 5712 2477 5764 honorem
2519 5709 2814 5778 amisimus,
2849 5720 3010 5784 atque
3049 5727 3114 5768 eo
3157 5713 3356 5770 redacti
3399 5727 3606 5783 sumus,
3637 5723 3696 5770 ut
3733 5714 3796 5768 li-
