4078 6372
434 261 500 315 lt;
1152 249 1210 305 ὃ.
1245 245 1534 306 JOANNIS
1571 244 2059 304 CHRYSOSTOMI
2095 244 2416 302 ARCHIEP.
2452 244 3000 303 CONSTANTINOP.
3644 243 3714 304 16

427 367 832 425 ἐπισπάσασθαι
857 367 879 398 "
919 366 1099 438 χάριν,
1141 366 1413 436 σκόπησον
1456 365 1616 437 ἡλίκη
1661 362 1999 435 κατηγορία,

424 464 488 517 τὸ
521 463 656 533 μηδὲ
698 460 835 532 μετά
861 460 961 531 τὴν
1001 457 1250 530 βοήθειαν
1294 457 1496 528 ταύτην
1538 456 1743 511 ἐθέλειν
1787 453 2003 526 κερδαί-

423 574 560 621 νειν,
601 553 716 609 ἀλλ’
739 552 817 617 ὡς
844 553 966 625 είκῆ
997 552 1092 606 καί⁵
1125 552 1301 624 μάτην
1337 551 1566 621 κείμενα
1592 547 1662 601 τά
1699 547 2006 618 γράμματα

430 647 713 719 περιὀρᾷν,
754 645 856 699 καὶ
909 643 1134 718 μείζονα
1180 640 1514 697 ἐπισπᾶσθαι
1545 641 1567 673 ⁸
1611 639 1712 711 τὴν
1760 639 2002 692 κόλασιν.

430 738 610 809 Ὅπερ
635 737 720 792 ἵνα
753 736 829 810 μὴ
861 736 1106 808 γένηται,
1138 732 1496 808 προσέχωμεν
1544 731 1683 802 μετά
1721 728 2007 801 ἀκριϐείας

433 833 542 892 τοῖς
577 827 1004 901 γεγραμμένοις,
1032 827 1126 882 καὶ
1161 825 1421 898 μάθωμεν
1456 821 1541 897 [5]
1564 821 1684 886 πῶς
1719 820 1818 892 μέν
1849 821 1876 873 6
1907 836 2008 872 πα-

431 920 582 984 λαιὸς
620 918 776 990 ἐδόθη
818 919 1008 990 νόμος,
1039 917 1158 982 πῶς
1195 917 1251 970 δέ
1289 917 1324 988 ἡ
1364 917 1542 985 Καινὴ
1576 912 1839 983 Διαθήκη.
1883 909 2009 972 Πῶς

431 1008 526 1065 οὖν
553 1012 580 1064 ὁ
612 1011 772 1080 νόμος
802 1011 1005 1072 ἐκεῖνος
1033 1007 1188 1078 ἐδόθη
1232 1005 1375 1072 τότε,
1419 1005 1515 1058 καὶ
1560 1002 1692 1056 πότε
1735 1000 1829 1054 καί
1867 998 2008 1063 ποῦς

435 1099 590 1155 Μετά
615 1099 707 1152 τὸν
732 1098 840 1152 τῶν
875 1097 1188 1166 Αἰγυπτίων
1223 1095 1462 1167 ὄλεθρον,
1509 1094 1602 1147 ἐπὶ
1643 1093 1743 1164 τῆς
1780 1091 2008 1162 ἐρήμου,

436 1193 494 1244 ἐν
523 1191 601 1262 τῷ
648 1189 765 1261 ὄρει
809 1190 962 1252 Σινᾶ,
1001 1186 1209 1242 καπνοῦ
1254 1186 1347 1240 καὶ
1382 1185 1594 1256 πυρὸς⁹
1628 1184 1870 1245 ἀνιόντος
1904 1179 2013 1234 ἀπὸ

435 1283 530 1336 τοῦ
567 1282 746 1354 ὅρους,
777 1281 1074 1350 σάλπιγγος
1099 1277 1356 1350 ἡχούσης,
1390 1276 1627 1349 βροντῶν
1671 1274 1767 1329 καὶ
1809 1274 2014 1343 ἀστρα-

439 1374 558 1428 πῶν
588 1372 887 1444 γινομένων
911 1372 977 1438 ¹⁰,
1011 1370 1106 1424 τοῦ
1136 1369 1413 1433 Μωῦσέως
1444 1371 1524 1431 είς
1557 1365 1718 1420 αὐτὸν
1758 1364 2014 1426 εἰσιόντος

437 1463 532 1516 τὸν
569 1462 788 1531 γνόφον.
832 1463 921 1516 Ἐν
961 1464 1028 1533 τῇ
1079 1463 1255 1532 Καινῇ
1305 1460 1363 1513 δὲ
1405 1459 1503 1530 οὐχ
1547 1457 1752 1522 οὕτως·
1783 1455 1907 1510 οῦτε
1957 1455 2016 1506 ἐν

440 1557 657 1627 ἐρήμῳ,
687 1553 808 1608 οῦτε
839 1556 897 1608 ἐν
929 1554 1065 1625 δρει,
1096 1552 1220 1606 οὔτε
1259 1551 1394 1623 μετά
1423 1549 1631 1604 καπνοῦ
1661 1548 1756 1602 καὶ
1791 1547 2017 1608 σκότους

442 1649 538 1702 καί
561 1647 759 1722 γνόφου
795 1646 892 1699 καὶ
925 1645 1151 1715 θυέλλης
1169 1661 1182 1674 ⁸
1214 1643 1326 1697 ἀλλ’
1349 1641 1658 1713 ἀρχομένης
1687 1639 1922 1710 ἡμέρας.
1959 1639 2018 1690 ἐν

442 1739 626 1809 οἰκίᾳο
685 1737 902 1790 πάντων
961 1734 1410 1805 συγκαθημένωνν
1459 1732 1599 1804 μετά
1654 1729 1856 1799 πολλῆς
1918 1729 2017 1799 τῆς

445 1829 782 1901 ἡμερότητος
825 1827 1002 1880 πάντα
1044 1826 1270 1896 ἐγίνετο.
1311 1825 1436 1888 Τοῖς
1483 1823 1581 1894 μὲν
1616 1825 1722 1893 γάρ
1751 1819 2021 1888 ἀλογωτέ-

450 1937 564 1990 ροις
603 1920 697 1972 καί
732 1918 1003 1987 δυσηνίοις
1044 1915 1360 1987 σωματικῆς
1404 1914 1510 1967 ἔδει
1557 1911 1876 1982 φαντασίας,
1908 1905 2020 1963 οἷον

449 2013 706 2082 ἐρημίας,
754 2010 934 2081 ὅρους,
981 2009 1212 2073 καπνοῦ,
1256 2005 1739 2076 σάλπιγγος-ἠχῆς,
1788 2004 1882 2057 καὶ
1911 2001 2021 2057 τῶν

449 2100 624 2155 ἄλλων
649 2101 758 2155 τῶν
787 2099 1071 2154 τοιούτων·
1101 2103 1214 2162 τοῖς
1243 2097 1301 2151 δέ
1330 2097 1681 2168 ὑψηλοτέροις
1719 2095 1813 2148 καί⁵
1854 2110 2023 2147 κατα-

451 2193 662 2246 πειθέσι
694 2193 790 2246 καὶ
831 2192 930 2264 τὴν
961 2191 1070 2245 τῶν
1117 2190 1385 2261 σωμάτων
1430 2187 1637 2240 ἐννοιαν
1683 2184 2022 2257 ὑπεραναεε·

453 2285 698 2356 6ηκόσιν,
727 2283 939 2347 οὐδενὸς
964 2278 1032 2355 ἦν
1062 2282 1265 2336 τούτων
1292 2280 1472 2352 χρεία.
1503 2279 1566 2332 Εἰ
1595 2277 1653 2331 δὲ
1687 2278 1782 2331 καὶ
1814 2277 1900 2328 ἐπ’
1928 2276 2024 2329 αὐ-

452 2378 561 2432 τῶν
588 2373 721 2450 ἦχος
749 2377 983 2446 ἐγένετο,
1008 2376 1068 2428 οὐ
1099 2373 1188 2427 διὰ
1215 2374 1343 2436 τούς
1390 2368 1740 2433 ἀποστόλους,
1774 2367 1909 2422 ἀλλά
1934 2367 2026 2420 διὰ

453 2471 582 2534 τοὺς
621 2469 892 2540 παρόντας
924 2466 1236 2529 Ἰουδαίους,
1285 2464 1353 2518 δι’
1380 2462 1474 2527 οὓς
1501 2461 1598 2516 καὶ
1627 2462 1683 2516 αἰ
1710 2460 1805 2514 τοῦ
1853 2459 2026 2524 πυρὸς

444 2560 712 2630 ὤφθησαν
749 2557 1010 2627 γλῶσσαι.
1053 2553 1117 2606 El
1157 2551 1267 2623 γὰρ
1307 2549 1402 2605 καλ.
1435 2549 1574 2622 μετά
1616 2547 1774 2603 τοῦτο
1824 2547 2033 2618 ἐλεγονο

443 2653 534 2705 ὅτι
563 2649 832 2712 Γλεύκους
875 2642 1286 2718 μεμεστωμένοι
1315 2641 1453 2708 είσὶ,
1501 2638 1682 2710 πολλῷ
1729 2639 1950 2710 μᾶλλον,
1985 2639 2036 2692 εἰ

457 2742 622 2814 μηδὲν
655 2739 860 2793 τούτων
911 2732 1070 2800 εἶδον,
1117 2734 1288 2790 ταῦτα
1319 2734 1388 2788 ἀν
1435 2729 1608 2788 εἷπον.
1647 2733 1758 2786 Kal
1778 2732 1889 2787 ’ἐπὶ
1939 2733 2037 2803 μὲν

451 2835 552 2902 τῆς
601 2831 881 2893 Παλαιᾶς,
927 2827 1208 2890 Μωῦσέως
1256 2825 1588 2891 ἀναϐάντος,
1619 2823 1800 2889 οὕτως
1833 2824 1862 2876 ό
1903 2823 2038 2889 Θεὸς

451 2923 688 2994 κατέῗη·
719 2920 950 2976 ἐνταῦθα
985 2919 1042 2972 δέ
1084 2919 1186 2986 τῆς
1219 2917 1436 2989 φύσεως
1481 2918 1583 2994 τῆς
1631 2915 1908 2988 ἡμετέρας
1955 2916 2035 2980 εἰ..

452 3015 543 3068 τὸν
570 2990 816 3084 οὐρανὸν,
851 3010 1049 3083 μᾶλλον
1079 3011 1135 3064 δέ
1167 3011 1247 3072 εἰς
1284 3009 1376 3063 τὸν
1405 2990 1596 3080 θρόνον
1633 3007 1724 3061 τὸν
1756 3005 2036 3078 βασιλικὸν

453 3109 864 3180 ἀνενεχθείσης,
905 3105 1047 3161 οὕτω
1082 3107 1145 3160 τὸ
1182 3104 1406 3175 Πνεῦμα
1451 3105 1718 3160 κάτεισιν.
1767 3105 1832 3158 Εἰ
1868 3103 1926 3157 δέ
1971 3102 2039 3157 τὸ

453 3199 683 3270 Πνεῦμα
724 3200 966 3263 ἔλαττον,
1002 3199 1103 3252 οὐκ
1139 3197 1206 3251 ἀν
1245 3195 1466 3268 μείζονα
1503 3193 1574 3269 ἦν
1605 3197 1676 3251 τά
1702 3195 1968 3268 γενόμενα
1992 3196 2035 3228 ίί

453 3294 550 3346 καὶ
575 3292 1008 3363 θαυμαστότερα.
1045 3290 1159 3344 Kal
1191 3289 1299 3362 γὰρ
1332 3290 1386 3344 αἰ
1414 3288 1619 3353 πλάκες
1663 3283 1820 3343 αῦται
1858 3285 2037 3358 πολλῷ

457 3383 698 3455 βελτίους
725 3385 790 3448 ⁸⁸,
837 3384 932 3436 καὶ
975 3383 1044 3435 τά
1092 3380 1491 3452 κατορθώματα
1525 3380 1904 3452 λαμπρότερα.
1956 3379 2034 3433 Οὐ

453 3479 563 3548 γάρ
591 3477 651 3542 ἐξ
680 3477 840 3548 ὅρους
876 3475 1145 3547 κατῄεσαν
1178 3473 1379 3545 στήλας
1412 3471 1670 3544 φέροντες
1700 3471 1908 3534 λιθίνας
1945 3470 2038 3524 ἐπὶ

455 3570 567 3622 τῶν
603 3568 800 3639 χειρῶν
840 3568 889 3620 οἰ
929 3565 1244 3630 ἀπόστολοι,
1279 3564 1530 3633 καθάπερ
1582 3562 1861 3633 Μωῦσῆς·
1903 3560 2040 3616 ἀλλὰ

455 3659 516 3712 τὸ
550 3658 772 3728 Πνεῦμα
798 3659 854 3709 ἐν
891 3658 974 3726 τῇν
1003 3655 1210 3726 διανοίᾳ
1257 3653 1667 3726 περιφέροντες,
1698 3653 1793 3705 καὶ
1826 3652 2030 3724 θησαυ-

459 3752 550 3822 ρόν
593 3765 714 3802 τινα
743 3747 837 3801 καὶ
866 3745 1046 3816 πηγὴν
1079 3743 1365 3814 δογμάτων
1406 3743 1500 3796 καί⁸
1546 3743 1906 3815 χαρισμάτων
1936 3742 2031 3797 καὶ⁴

458 3841 676 3892 πάντων
718 3835 825 3890 τῶν
861 3834 1078 3904 ἀγαθῶν
1116 3832 1541 3900 ἀναϐλύξοντες,
1575 3833 1718 3888 οὕτω
1761 3835 2037 3904 πανταχοῦ

459 3928 780 4001 περιῄεσαν,
828 3926 1008 3998 βιϐλία
1053 3924 1150 3978 καὶ
1182 3923 1337 3996 νόμοι
1382 3923 1657 3994 γινόμενοι
1691 3923 1780 3978 διὰ
1825 3921 2038 3996 τῆς

459 4024 679 4094 χάριτος
711 4018 964 4090 ἐμψυχοι.
992 4016 1150 4071 Οὕτω
1187 4016 1315 4080 τοὺς
1344 4016 1696 4087 τρισχιλίους,
1730 4014 1874 4070 οὕτω
1915 4016 2041 4078 τοὺς

459 4112 949 4183 πεντακισχιλίους,
976 4109 1117 4162 οῦτω
1147 4109 1277 4172 τοὺς
1307 4108 1410 4179 τῆς
1441 4107 1768 4179 οἰκουμένης
1798 4107 2042 4161 ἐπεσπά-

461 4222 623 4261 σαντο
657 4204 891 4274 δήμους,
923 4201 1017 4254 τοῦ
1052 4199 1187 4254 Θεοῦ
1234 4199 1322 4254 διά
1370 4201 1470 4272 τῆς
1518 4199 1743 4253 ἐκείνων
1795 4198 2042 4268 γλώττης

457 4299 571 4360 τοῖς
612 4293 926 4366 προσιοῦσιν
972 4291 1143 4346 ἆπασι
1187 4291 1591 4363 διαλεγομένου.
1631 4291 1750 4360 Ἀφ’
1783 4285 1846 4346 οῦ
1888 4291 1982 4343 καί
2015 4292 2044 4343 ό

459 4386 736 4449 Ματθαίος
775 4383 870 4437 τοῦ
902 4382 1222 4451 Πνεύματος
1251 4381 1586 4452 ἐμπλησθεὶς
1619 4380 1858 4452 ἔγραψεν
1893 4381 1999 4435 ἀπε
2011 4399 2040 4451 ρ

460 4476 701 4547 ἔγραψε·
748 4474 1090 4537 Ματθαῖοςιό
1128 4471 1396 4544 τελώνης·
1433 4473 1494 4525 οὐ
1551 4473 1661 4543 γὰρ
1716 4471 2045 4544 αἰσχύνομαι

462 4569 640 4623 καλῶν
669 4568 829 4622 αὐτὸν
856 4567 964 4622 ἀπὸ
990 4567 1088 4637 τῆς
1123 4564 1336 4635 τέχνης,
1364 4562 1488 4616 οὐτε
1517 4563 1726 4629 τοῦτον,
1753 4561 1881 4618 οὔτε
1917 4567 2044 4629 τούς

461 4661 677 4722 ἄλλους.
718 4658 890 4712 Τοῦτο
939 4660 1049 4730 γὰρ
1107 4657 1340 4729 μάλιστα
1387 4655 1626 4710 δείκνυσι
1667 4655 1762 4709 καὶ
1804 4655 1904 4728 τὴν
1948 4655 2042 4709 τοῦ

463 4751 780 4820 Πνεύματος
806 4751 986 4822 χάριν,
1019 4749 1113 4803 καί
1143 4749 1242 4817 τὴν
1282 4748 1503 4800 ἐκείνων
1543 4747 1768 4818 ἀρετήν.

537 4843 602 4913 β’.
630 4841 957 4910 Εὐαγγέλιον
983 4841 1039 4893 δέ
1061 4841 1222 4894 αὐτοῦ
1261 4840 1360 4909 τὴν
1394 4837 1782 4911 πραγματείαν
1822 4837 2045 4900 εἰκότως

463 4934 709 4988 ἐκάλεσε.
737 4933 848 4986 Kal
874 4932 982 5003 γάρ
1009 4932 1284 4993 κολάσεως
1320 4931 1624 4999 ἀναίρεσιν,
1657 4930 1756 4984 καὶ
1793 4930 2044 5001 άμαρτη-

468 5027 650 5096 μάτων
683 5025 856 5087 λύσιν,
897 5025 990 5076 καὶ
1035 5022 1400 5091 δικαιοσύνην,
1451 5022 1548 5074 καὶ
1608 5021 1900 5092 άγιασμὸν,
1949 5021 2046 5074 καὶ

465 5111 860 5182 ἀπολύτρωσιν,
915 5108 1009 5161 καὶ
1053 5106 1340 5169 υἱοθεσίαν,
1391 5109 1486 5160 καὶ
1530 5106 1892 5176 κληρονομίαν
1939 5123 2046 5156 τω)

465 5205 731 5270 οὐρανῶν,
779 5202 878 5256 καὶ
920 5199 1239 5269 συγγένειαν
1276 5197 1413 5269 πρὸς
1459 5198 1552 5249 τὸν
1585 5197 1713 5250 Υἰὸν
1745 5195 1840 5249 τοῦ
1889 5196 2046 5259 Θεοῦ,

468 5301 636 5353 πᾶσιν
679 5292 840 5367 ἦλθεν
882 5291 1274 5360 ἀπαγγέλλων
1309 5292 1420 5354 τοῖς
1460 5291 1697 5360 ἐχθροῖς,
1727 5292 1842 5353 τοῖς
1875 5289 2046 5357 ἀγνώ-

475 5407 637 5462 μοσι,
680 5389 792 5451 τοῖς
830 5386 888 5438 ἐν
935 5384 1111 5453 σκότῳ
1163 5381 1512 5452 καθημένοις.
1557 5382 1623 5432 Τί
1657 5382 1776 5434 ποτ’
1819 5375 1912 5434 οῦν
1944 5381 2048 5432 τῶκ.

473 5479 809 5550 εὐαγγελίων
852 5474 1056 5528 τούτων
1097 5469 1216 5527 ἴσον
1241 5472 1440 5540 γένοιτ’
1468 5471 1564 5536 av;
1606 5471 1738 5535 Θεὸς
1782 5472 1876 5524 ἐπὶ
1917 5472 2050 5540 γῆς,

475 5571 760 5638 ἄνθρωπος
799 5567 858 5618 ἐν
903 5561 1149 5633 οὐρανῷ·
1192 5559 1287 5613 καὶ
1339 5561 1516 5614 πάντα
1572 5560 1777 5630 ἀναμὶξ
1817 5560 2052 5628 ἐγένετο.

546 5779 570 5812 ⁷
603 5775 1056 5849 ἐπισπάσασθαι]
1085 5776 1411 5849 ἐφέλκεσθαι
1443 5781 1506 5849 ις.
1587 5771 2041 5849 1[ἐπισπάσασθαι

474 5916 635 5974 Λ.Ἐ.
723 5919 765 5949 ’⁵
806 5918 893 5972 Sic
927 5916 1116 5986 Steph.
1160 5919 1285 5974 Sav.
1323 5919 1543 5973 codices
1573 5916 1920 5988 φθέγγονται.

2124 353 2346 422 ἄγγελοι
2383 350 2737 424 συνεχόρευον
2762 353 3100 425 ἀνθρώποις,
3131 356 3410 428 ἄνθρωποι
3455 361 3571 431 τοῖς
3611 363 3708 430 ἀγ-

2137 445 2304 515 γέλοις
2347 443 2686 511 ἐκοινώνουν,
2714 444 2808 498 καὶ
2837 447 2958 510 ταῖς
2993 445 3190 512 άλλαις
3231 452 3353 514 ταῖς
3399 451 3514 506 ἀνω
3549 451 3710 509 δυνά-

2129 554 2284 610 μεσιο
2316 537 2409 592 καὶ
2436 532 2507 608 ἦν
2538 537 2669 592 ἰδεῖν
2697 537 2790 592 τὸν
2817 539 3032 610 χρόνιον
3061 540 3290 596 λυθέντα
3327 541 3583 615 πόλεμον,
3611 546 3710 601 καὶ

2125 628 2474 698 καταλλαγάς
2519 628 2654 682 Θεοῦ
2695 631 2831 701 πρὸς
2875 629 2976 702 τὴν
3010 631 3287 704 ἡμετέραν
3333 635 3710 706 γεγενημένας

2127 719 2311 789 φύσιν,
2339 719 2584 774 διάϐολον
2617 719 3026 792 αἰσχυνόμενον,
3055 723 3318 794 δαίμονας
3350 726 3712 796 δραπετεύον-

2126 827 2247 876 τας,
2278 810 2506 864 θάνατον
2546 810 2836 881 λελυμένον
2861 811 2927 879 ¹⁸,
2963 813 3292 883 παράδεισον
3335 815 3710 887 ἀνοιγόμενον,

2129 903 2375 974 κατάραν
2413 902 2812 974 ἡφανισμένην,
2861 903 3138 974 ἁμαρτίαν
3181 905 3430 960 ἐκποδὼν
3477 923 3712 978 γεγενη-

2133 994 2324 1066 μένην,
2369 993 2580 1064 πλάνην
2616 993 3057 1065 ἀπεληλαμένην,
3102 994 3359 1067 ἀλήθειαν
3388 998 3714 1053 ἐπανελθοῦ-

2133 1105 2254 1152 σαν,
2297 1090 2397 1159 τῆς
2428 1085 2710 1151 εὐσεϐείας
2739 1085 2832 1140 τὸν
2878 1085 3037 1156 λόγον
3082 1089 3357 1160 πανταχοῦ
3416 1107 3718 1146 κατάσπει-

2136 1179 2361 1250 ρόμενον
2399 1178 2494 1232 καὶ
2537 1177 2816 1248 κομῶντα,
2861 1178 2958 1249 τὴν
2987 1176 3094 1232 τῶν
3127 1179 3239 1234 ἄνω
3288 1180 3565 1236 πολιτείαν
3623 1182 3719 1235 ἐπὶ

2132 1271 2229 1341 τῆς
2263 1271 2366 1340 γῆς
2412 1269 2850 1341 πεφυτευμένην,
2898 1269 3038 1342 μετὰ
3080 1270 3263 1336 ἀδείας
3313 1273 3410 1338 τὰς
3461 1272 3720 1344 δυνάμεις

2133 1360 2346 1424 ἐκείνας
2370 1360 2664 1430 όμιλούσας
2689 1363 2843 1432 ἡμῖν,
2872 1361 2968 1414 καὶ
2993 1365 3060 1434 τῇ
3085 1365 3155 1434 γῇ
3182 1363 3423 1434 συνεχῶς
3450 1365 3719 1434 ἀγγέλους

2135 1452 2597 1526 ἐπιχωριάζοντας
2619 1492 2636 1518 ,
2681 1454 2776 1507 καὶ
2833 1453 3036 1525 πολλὴν
3076 1455 3220 1527 ὑπὲρ
3259 1455 3370 1509 τῶν
3418 1456 3720 1528 μελλόντων

2133 1546 2234 1618 τὴν
2269 1543 2460 1598 ἐλπίδα
2509 1539 2695 1599 οὖσαν.
2738 1543 2840 1598 Διὰ
2867 1545 3024 1598 τοῦτο
3055 1546 3389 1615 Εὐαγγέλιον
3425 1547 3526 1619 τὴν
3573 1549 3722 1602 ἰστο·

2137 1639 2259 1712 ρίαν
2292 1636 2571 1701 ἐκάλεσεν,
2603 1635 2680 1700 ώς
2716 1636 2786 1692 τά
2819 1653 2882 1705 γε
2915 1636 3051 1692 ἄλλα
3083 1638 3262 1693 πάντα
3299 1641 3520 1711 ῥήματα
3559 1642 3721 1713 μόνον

2137 1731 2254 1785 ἐστὶ
2290 1731 2632 1802 πραγμάτων
2668 1728 2872 1801 ἔρημα,
2912 1729 3023 1786 οἷον
3051 1733 3350 1804 χρημάτων
3389 1731 3468 1806 [5]
3501 1750 3723 1806 περιου-

2139 1826 2263 1890 σία,
2310 1822 2630 1886 δυναστείας
2667 1823 2916 1894 μέγεθος,
2960 1826 3056 1880 καὶ
3092 1827 3388 1898 ἀρχαὶκαὶ
3432 1826 3581 1895 δόξαι
3625 1830 3722 1882 κοιί⁹

2136 1920 2325 1990 τιμαὶ,
2371 1918 2466 1973 καὶ
2515 1919 2586 1974 τά
2644 1917 2780 1974 ἀλλα
2819 1918 2924 1973 ὅσα
2973 1919 3124 1991 παρὰ
3173 1918 3485 1990 ἀνθρώποις
3541 1923 3723 1990 ἀγαθά

2139 2007 2280 2067 εἶναι
2323 2011 2622 2084 νομίζεται.
2663 2011 2744 2066 Τά
2793 2010 2853 2066 δὲ
2885 2010 3037 2082 παρὰ
3079 2009 3189 2063 τῶν
3216 2010 3413 2065 ἀλιέων
3441 2012 3720 2081 ἀπαγγελ-

2142 2105 2304 2160 θέντα
2329 2105 2565 2176 γνησίως
2589 2122 2649 2159 τε
2679 2104 2774 2158 καὶ
2803 2103 3009 2175 κυρίως
3031 2101 3327 2171 εὐαγγέλια
3352 2099 3419 2155 ἂν
3442 2101 3690 2156 καλοῖντο
3706 2120 3721 2134 ο

2141 2197 2242 2252 οὐκ
2280 2197 2468 2270 ἐπειδὴ
2503 2196 2694 2269 βέϐαια
2727 2196 2824 2250 καὶ
2869 2194 3106 2265 ἀκίνητα
3142 2194 3301 2264 μόνον
3341 2194 3490 2247 ἐστὶν
3519 2193 3723 2263 ἀγαθὰ,

2143 2289 2238 2343 καὶ
2264 2289 2404 2361 ὐπέρ
2439 2289 2538 2357 τὴν
2566 2288 2722 2356 ἀξίαν
2761 2287 2860 2358 τὴν
2889 2286 3184 2358 ἡμετέραν,
3217 2285 3331 2339 ἀλλ’
3368 2285 3449 2339 ὅτι
3479 2284 3573 2338 καὶ
3607 2285 3724 2356 μετ’

2143 2379 2392 2444 εὐκολίας
2424 2380 2642 2452 ἀπάσης
2688 2382 2822 2451 ἡμῖν
2859 2378 3040 2450 ἐδόθη.
3077 2377 3212 2431 Οὐδὲ
3239 2376 3348 2448 γὰρ
3385 2377 3724 2449 πονήσαντες

2142 2473 2241 2528 καί¹
2280 2471 2628 2545 ἱδρώσαντες,
2653 2473 2717 2526 οὐ
2751 2471 3018 2543 καμόντες
3049 2470 3142 2524 καὶ
3181 2468 3722 2542 ταλαιπωρηθέντες,

2145 2565 2262 2622 ἀλλ’
2305 2565 2683 2638 ἀγαπηθέντες
2726 2563 2882 2636 παρά
2923 2561 3020 2617 τοῦ
3055 2559 3191 2616 Θεοῦ
3234 2561 3418 2632 μόνον,
3461 2561 3728 2633 ἐλάϐομεν

2145 2658 2292 2731 άπερ
2319 2658 2608 2731 ἐλάϐομεν.
2653 2657 2765 2712 Καὶ
2795 2657 2850 2711 τί
2889 2657 3089 2728 δήποτε
3117 2654 3387 2710 τοσούτων
3424 2653 3591 2709 ὄντων
3619 2654 3730 2706 τῶν

2156 2745 2452 2815 μαθητῶν,
2477 2742 2571 2796 δύο
2600 2743 2905 2812 γράφουσιν
2950 2739 3014 2792 ἐκ
3050 2741 3158 2791 των
3203 2739 3514 2790 ἀποστόλων
3546 2736 3726 2806 μόνοι,

2152 2835 2361 2891 καὶδύο
2389 2837 2454 2889 ἐκ
2484 2833 2592 2888 τῶν
2612 2832 2820 2898 τούτοις
2849 2830 3194 2895 ἀκολούθων;
3234 2829 3292 2881 Ὀ
3325 2829 3421 2899 μὲν
3449 2827 3558 2899 γάρ
3583 2827 3733 2881 Παύ-

2153 2928 2270 2994 λου,
2311 2929 2341 2981 ό
2376 2928 2434 2981 δέ
2466 2928 2674 3000 Πέτρου
2720 2923 2971 2998 μαθητὴς
3016 2922 3114 2989 ὢν,
3163 2921 3300 2993 μετά
3338 2921 3581 2975 Ἰωάννου
3638 2919 3731 2974 καὶ

2153 3019 2437 3075 Ματθαίου
2469 3018 2539 3072 τά
2583 3015 2894 3086 Εὐαγγέλια
2937 3012 3202 3087 ἔγραψαν.
3231 3013 3354 3065 Ὀτι
3397 3010 3549 3064 οὐδὲν
3595 3010 3732 3080 πρὸς

2155 3111 2466 3182 φιλοτιμίαν
2514 3109 2754 3173 ἐποίουν,
2801 3106 2937 3162 ἀλλά
2991 3105 3170 3160 πάντα
3223 3102 3361 3176 πρὸς
3407 3100 3616 3175 χρείαν.
3665 3101 3732 3154 Τί

2154 3198 2287 3267 οῦνς
2340 3203 2456 3256 Οὐκ
2507 3200 2669 3272 ἦρκει
2724 3193 2806 3262 εἷς
2853 3194 3240 3267 εὐαγγελιστὴς
3296 3196 3475 3249 πάντα
3525 3193 3733 3258 εἰπείν;

2160 3297 2359 3366 Ἤρκει
2393 3293 2518 3366 μέν·
2555 3291 2692 3347 ἀλλά
2725 3294 2829 3346 κᾶν
2861 3291 3122 3362 τέσσαρες
3161 3283 3295 3342 ὦσιν
3333 3290 3380 3341 οἰ
3411 3287 3734 3360 γράφοντες,

2161 3388 2300 3459 μήτε
2328 3385 2470 3440 κατά
2497 3385 2624 3447 τοὺς
2653 3383 2849 3446 αὐτοὺς
2875 3381 3120 3452 καιροὺς,
3155 3381 3291 3450 μήτε
3323 3380 3380 3431 ἐν
3408 3379 3522 3441 τοῖς
3550 3377 3737 3440 αὐτοῖς

2157 3479 2362 3541 τόποις,
2397 3477 2533 3549 μήτε
2565 3473 2906 3536 συνελθόντες
2933 3473 3027 3525 καὶ
3055 3470 3425 3541 διαλεχθέντες
3462 3467 3736 3540 ἀλλήλοις,

2157 3563 2276 3624 εἶτα
2303 3569 2493 3638 ὥσπερ
2520 3567 2614 3635 ἀφ’
2645 3565 2763 3630 ἐνὸς
2792 3565 3058 3634 στόματος
3085 3562 3262 3615 πάντα
3295 3559 3639 3628 φθέγγωνται
3671 3557 3737 3623 ⁸⁸,

2159 3661 2391 3734 μεγίστη
2427 3660 2527 3731 τῆς
2554 3657 2810 3730 ἀληθείας
2835 3655 3114 3722 ἀπόδειξις,
3139 3653 3297 3708 τοῦτο
3331 3653 3558 3722 γίνεται.

2229 3753 2342 3808 Kal
2374 3752 2479 3824 μὴν
2509 3749 2819 3804 τούναντίον
2846 3747 3066 3819 συνέϐη,
3110 3746 3276 3817 φησί·
3309 3743 3578 3816 πολλαχοῦ
3628 3744 3739 3815 γὰρ

2158 3843 2550 3914 διαφωνοῦντες
2594 3841 2926 3911 ἐλέγχονται.
2971 3838 3113 3892 Αὐτὸ
3163 3837 3262 3908 μὲν
3310 3830 3405 3890 οῦν
3449 3835 3608 3890 τοῦτο
3643 3837 3742 3907 μέ-

2159 3953 2347 4007 γιστον
2377 3935 2578 4006 δεῖγμα
2625 3933 2727 4004 τῆς
2775 3931 3035 4004 ἀληθείας
3082 3928 3251 3984 ἐστίν.
3303 3929 3367 3983 Εἰ
3415 3927 3525 4000 γάρ
3562 3929 3744 3983 πάντα

2165 4025 2550 4097 συνεφώνησαν
2585 4024 2724 4096 μετά
2751 4023 3059 4099 ἀκριϐείας,
3085 4020 3182 4076 καὶ
3213 4021 3374 4094 μέχρι
3402 4019 3619 4093 καιροῦ,
3648 4021 3744 4076 καὶ

2167 4120 2329 4192 μέχρι
2362 4119 2549 4182 τόπου,
2576 4117 2672 4170 καὶ
2706 4117 2868 4188 μέχρι
2911 4113 3172 4187 ῥημάτων
3193 4111 3415 4176 ,αὐτῶν,
3459 4112 3633 4177 οὐδεὶς
3678 4113 3744 4167 ἂν

2162 4213 2452 4268 ἐπίστευσε
2482 4209 2591 4265 τῶν
2625 4207 2857 4281 ἐχθρῶν,
2884 4207 2967 4261 ὅτι
3001 4205 3075 4278 μὴ
3111 4204 3455 4269 συνελθόντες
3483 4203 3590 4258 ἀπὸ
3624 4220 3744 4256 συν-

2164 4304 2338 4376 θήκης
2362 4301 2504 4365 τινὸς
2532 4298 2881 4371 ἀνθρωπίνης
2921 4296 3167 4368 ἔγραψαν
3198 4294 3340 4367 άπερ
3372 4292 3648 4364 ἔγραψανο
3681 4293 3741 4345 οὐ

2162 4395 2274 4466 γὰρ
2312 4389 2451 4447 εἶναι
2482 4392 2582 4462 τῆς
2613 4389 2914 4459 ἁπλότητος
2941 4386 3040 4458 τὴν
3083 4385 3352 4456 τοσαύτην
3403 4385 3740 4455 συμφωνίαν.

2163 4487 2300 4541 Nuvl
2348 4486 2404 4539 δὲ
2441 4484 2534 4538 καὶ
2577 4485 2609 4554 ἠ
2648 4480 2878 4534 δοκοῦσα
2926 4480 2983 4532 ἐν
3035 4480 3250 4549 μικροῖς
3295 4473 3438 4529 εἶναι
3482 4475 3744 4543 διαφωνία

2166 4581 2347 4650 πάσης
2399 4574 2730 4631 ἀπαλλάττει
2769 4571 2964 4633 αὐτοὺς
3009 4567 3277 4638 ὑποψίας,
3326 4567 3419 4621 καί⁵
3478 4565 3747 4640 λαμπρῶς

2165 4672 2306 4744 ὑπὲρ
2342 4669 2436 4724 τοῦ
2469 4668 2670 4738 τρόπου
2692 4665 2802 4718 τῶν
2827 4662 3156 4734 γραψάντων
3194 4660 3562 4726 ἀπολογεῖται.
3593 4659 3657 4711 Εἰ
3690 4657 3748 4711 δέ

2149 4782 2217 4818 ’τι
2245 4763 2373 4835 περὶ
2398 4758 2605 4830 καιρῶν
2635 4757 2668 4826 ἢ
2694 4755 2874 4809 τόπων
2903 4754 3174 4825 διαφόρως
3199 4750 3561 4824 ἀπήγγειλαν,
3588 4749 3749 4804 τοῦτο

2164 4854 2315 4910 οὐδὲν
2351 4851 2576 4923 βλάπτει
2604 4849 2713 4904 τῶν
2739 4845 3045 4921 εἰρημένων
3071 4843 3169 4915 τὴν
3213 4841 3490 4913 ἀλήθειαν.
3520 4839 3602 4913 [6]
3638 4841 3750 4894 Kal

2165 4945 2338 5001 ταῦτα
2381 4944 2437 4997 δέ
2463 4943 2530 5008 ¹⁵,
2571 4942 2646 5005 ὡς
2693 4941 2760 4996 ἂν
2798 4941 2828 4994 6
2879 4937 3011 5002 Θεὸς
3067 4936 3321 5010 παρέχῃ,
3372 4933 3751 5008 πειρασόμεθα

2169 5037 2447 5109 προϊόντες
2498 5034 2811 5101 ἀποδεῖξαι,
2864 5033 3040 5085 ἐκεῖνο
3095 5028 3235 5100 μετὰ
3283 5028 3393 5082 τῶν
3445 5027 3749 5100 εἰρημένων

2167 5127 2444 5194 ἀξιοῦντες
2473 5127 2617 5199 ὑμᾶς
2647 5124 3004 5196 παρατηρεῖν,
3037 5121 3118 5175 ὅτι
3147 5121 3205 5174 ἐν
3231 5120 3344 5182 τοῖς
3370 5118 3686 5188 κεφαλαίοις
3707 5118 3750 5148 ³⁸

2171 5219 2266 5273 καὶ
2298 5217 2608 5288 συνέχουσιν
2641 5215 2796 5287 ἡμῶν
2819 5213 2918 5285 τὴν
2949 5211 3093 5282 ζωὴν
3123 5211 3217 5266 καὶ
3241 5210 3303 5264 τὸ
3331 5210 3592 5281 κήρυγμα
3621 5225 3748 5277 συγ-

2171 5306 2477 5380 κροτοῦσιν,
2505 5305 2743 5376 οὐδαμοῦ
2773 5323 2857 5370 τις
2903 5303 3086 5358 αὐτῶν
3130 5302 3253 5357 οὐδέ
3301 5301 3499 5373 μικρὸν
3545 5302 3749 5370 διαφω-

2169 5404 2339 5471 νήσας
2371 5400 2702 5470 εὑρίσκεται.
2729 5397 2863 5450 Τίνα
2889 5396 2946 5450 δέ
2985 5394 3161 5450 ταῦτά
3206 5395 3389 5460 ἐστιν;
3423 5385 3568 5459 Οἰον,
3605 5393 3686 5446 ὅτι
3725 5395 3752 5444 6

2170 5493 2304 5557 Θεὸς
2344 5492 2628 5564 ἄνθρωπος
2659 5489 2899 5560 ἐγένετο,
2939 5489 3020 5543 ὅτι
3062 5485 3318 5557 θαύματα
3363 5484 3634 5556 ἐποίησεν,
3669 5483 3751 5537 ὅτι

2172 5583 2514 5657 ἐσταυρώθη,
2545 5585 2627 5638 ὅτι
2661 5582 2856 5656 ἐτάφη,
2885 5583 2968 5637 ὅτι
3001 5580 3222 5651 ἀνέστη,
3260 5580 3343 5633 ὅτι
3385 5578 3635 5650 ἀνῆλθεν,
3670 5577 3751 5629 ὅτι

2075 5797 2157 5848 pr.
2191 5780 2253 5833 ῐ).
2333 5782 2352 5813 ⁸
2378 5781 2472 5833 καὶ
2505 5779 2598 5832 τοῦ
2624 5781 2833 5834 καπνοῦ
2863 5781 2955 5834 καὶ
2984 5777 3081 5832 τοῦ
3121 5778 3290 5848 πυρός
3321 5777 3383 5834 C.
3416 5777 3483 5834 D.
3517 5847 3523 5848 γ
3568 5776 3614 5810 ¹⁶
3635 5792 3730 5846 γε·

475 5849 720 5920 νομένων
933 5916 959 5920 _
980 5845 1311 5920 ³²’γινόμενα
1592 5846 1634 5920 ¹ξ
1663 5845 1954 5920 βελτίους]
2003 5851 2029 5902 Α

2180 5851 2404 5903 ἐκείνοιν
2425 5851 2486 5904 Ι).

2003 5922 2043 5952 ¹⁵
2067 5923 2120 5975 δέ
2149 5937 2257 5976 om.
2285 5922 2348 5974 Α.

2566 5851 2612 5882 ³³
2639 5851 2932 5922 λελυμένον
2964 5849 2985 5922 1
3021 5849 3112 5922 Sic
3141 5847 3424 5922 Ah:_:\|jm.
3448 5847 3729 5921 δεδεμένον

2429 5923 2470 5954 ¹⁶
2505 5920 2845 5994 κεφαλαίοιῖ]
2881 5920 3111 5992 καιρίοις
3133 5921 3195 5974 Α.
3225 5920 3392 5974 Ειιῑιι.
