4078 6372
224 414 291 470 95
1398 412 1462 466 ΙΝ
1505 411 1804 468 ΜΑΤΤΙΙᾹ

1914 413 1926 466 ι
1991 411 2224 467 llOMIL.
2268 409 2307 463 Ι.
3419 402 3493 459 ιθ·

218 522 326 578 bris
349 535 489 590 opus
511 519 843 583 habeamus;
886 534 953 574 ne
982 517 1085 573 hoc
1122 518 1360 576 secundo
1385 519 1598 591 quidem
1626 535 1805 576 reme-

218 615 306 668 dio
334 622 391 665 ut
420 626 517 680 par
542 620 689 666 esset
710 622 942 665 utamur.
972 611 1105 666 Nam
1131 612 1176 666 si
1201 626 1306 666 non
1328 613 1481 683 culpa
1507 622 1661 668 vacat
1689 613 1806 669 lite-

217 706 290 761 ris
310 718 494 774 egere,
524 717 623 758 nec
648 718 744 772 per
767 717 828 758 se
854 702 1084 773 Spiritus
1111 704 1335 774 gratiam
1375 704 1677 773 attrahere;
1708 720 1807 760 co-

215 796 319 867 gita
346 804 610 868 quantum
634 796 844 851 crimen
881 797 951 851 sit
989 812 1058 851 ne
1096 796 1198 852 hoc
1232 796 1447 868 quidem
1487 797 1688 853 auxilio
1730 798 1807 853 uti

215 889 370 954 velle,
410 887 510 943 sed
539 888 722 943 literas
746 887 866 942 illas
896 888 1047 957 quasi
1070 887 1265 944 frustra
1294 898 1348 944 et
1373 899 1577 945 temere
1606 890 1809 960 positas

213 978 510 1047 despicere,
552 987 610 1033 et
640 976 902 1047 majorem
933 978 986 1032 in
1015 992 1075 1034 se
1098 979 1370 1035 attrahere
1389 994 1624 1049 poenam.
1653 979 1807 1047 Quod

215 1084 279 1124 ne
301 1068 533 1134 accidat,
562 1068 858 1138 Scripturis
897 1078 1144 1124 accurate
1170 1068 1519 1125 adhibeamus
1544 1072 1805 1140 animum,

213 1175 273 1214 ac
297 1159 573 1214 discamus
596 1158 866 1229 quomodo
884 1169 1042 1215 vetus
1071 1160 1157 1215 lex
1186 1161 1309 1217 data
1336 1150 1513 1228 fuerit,
1538 1164 1808 1234 quomodo

213 1261 394 1319 postea
428 1250 635 1305 Novum
659 1251 1084 1306 Testamentum.
1108 1252 1226 1319 Quo
1251 1254 1409 1323 igitur
1429 1255 1589 1310 modo
1612 1257 1698 1311 lex
1718 1256 1808 1311 illa

212 1343 330 1396 data
358 1352 472 1396 tum
501 1342 637 1396 fuit?
661 1342 876 1413 quando
900 1353 953 1397 et
985 1344 1237 1399 ubinam?
1282 1345 1409 1399 Post
1435 1345 1806 1417 Aigyptiorum

215 1434 527 1503 perniciem,
551 1434 606 1488 in
632 1433 868 1502 deserto,
898 1443 951 1489 et
978 1435 1031 1489 in
1059 1446 1240 1491 monte
1265 1435 1414 1504 Sina,
1442 1438 1588 1492 fumo
1611 1446 1667 1493 et
1689 1437 1808 1508 igne

211 1528 276 1582 de
325 1536 512 1583 monte
551 1536 891 1598 erumpente,
934 1527 1056 1582 tuba
1097 1528 1398 1598 clangente,
1439 1528 1809 1600 frequentibus

212 1617 510 1688 fulguribus
536 1626 698 1689 atque
729 1618 996 1684 tonitruis,
1029 1618 1317 1690 Moyseqtte
1345 1619 1395 1672 in
1426 1620 1596 1689 ipsam
1623 1620 1810 1691 caligi-

210 1726 329 1766 nem
366 1713 619 1766 intrante.
661 1712 719 1766 ln
752 1710 902 1767 Novo
929 1720 1104 1766 autem
1142 1727 1247 1765 non
1290 1712 1358 1765 ita
1386 1725 1485 1767 nec
1514 1712 1565 1766 in
1592 1711 1809 1767 deserto

211 1818 309 1858 nec
330 1803 385 1858 in
416 1812 620 1869 monte,
642 1819 749 1858 non
771 1818 893 1859 cum
923 1803 1088 1868 fumo,
1112 1803 1367 1868 tenebris,
1398 1806 1624 1873 caligine
1649 1814 1809 1875 atque

212 1895 471 1964 procella,
502 1895 600 1951 sed
627 1895 845 1951 ineunte
872 1895 977 1963 die,
1006 1896 1172 1962 domi,
1205 1896 1457 1951 omnibus
1488 1911 1587 1951 una
1617 1898 1812 1953 seden-

212 1987 374 2054 tibus,
418 2001 609 2056 magna
650 2002 774 2040 eum
819 1986 1200 2057 tranquillitate
1243 1999 1389 2057 geSIa
1434 1997 1559 2043 sunt
1605 1989 1804 2044 omnia.

210 2076 589 2132 Ferocioribus
624 2079 822 2147 quippe
849 2076 951 2132 illis
975 2085 1029 2132 et
1056 2076 1508 2144 effrenatioribus,
1550 2093 1808 2149 corporea

208 2168 387 2236 specie
434 2182 571 2237 opus
610 2177 758 2233 erat;
800 2181 992 2237 nempe
1028 2168 1348 2236 solitudine,
1392 2177 1594 2235 monte,
1638 2169 1807 2238 fumo,

210 2262 351 2316 tuba:
395 2261 655 2331 clangore
694 2271 751 2317 et
793 2261 1089 2329 similibus;
1137 2261 1538 2318 sublimioribus
1582 2278 1713 2319 vero
1754 2272 1810 2320 et

209 2352 738 2421 obsequentioribus,
782 2351 874 2422 qui
919 2366 1206 2423 corporeas
1250 2353 1602 2425 cogitationes
1653 2355 1811 2425 longe

208 2452 626 2522 exsuperabaut,
658 2448 960 2520 hujusmodi
986 2450 1147 2505 rebus
1172 2449 1308 2505 nihil
1336 2465 1470 2521 opus
1492 2459 1626 2506 erat.
1655 2450 1809 2519 Quod

208 2544 252 2598 si
296 2554 352 2599 et
407 2542 553 2614 apud
604 2542 726 2598 illos
778 2557 945 2598 sonus
990 2543 1222 2598 emissus
1271 2550 1388 2609 est,
1430 2541 1483 2597 id
1526 2557 1632 2597 non
1676 2557 1811 2612 apo-

208 2635 517 2702 stolorum,
572 2633 668 2689 sed
712 2633 1021 2689 Judtcorum
1065 2643 1190 2690 tunc
1251 2634 1595 2705 prmsentium
1647 2648 1809 2689 causa

213 2725 416 2780 factum
487 2734 593 2788 est,
672 2725 935 2795 simulque
999 2727 1171 2797 ignea:
1231 2727 1428 2796 linguae
1476 2728 1607 2781 visae
1661 2737 1806 2781 sunt.

202 2805 337 2860 Nam
410 2806 459 2860 si
506 2806 592 2860 his
648 2808 721 2860 ita
764 2806 931 2876 gestis
962 2845 981 2873 ,
1033 2806 1181 2878 ipsos
1226 2817 1407 2865 musto
1459 2807 1648 2879 plenos
1683 2823 1803 2866 esse

202 2897 458 2954 dicebant
481 2897 621 2967 (Act.
662 2898 719 2953 2.
760 2899 885 2970 1'5);
914 2900 1081 2956 multo
1106 2902 1276 2973 magis
1316 2902 1369 2959 id
1404 2901 1598 2959 dicturi
1625 2911 1805 2968 erant,

201 2990 246 3044 si
279 2991 416 3045 nihil
452 2990 648 3045 horum
675 2989 954 3046 vidissent.
996 2991 1066 3046 Et
1109 2994 1163 3048 in
1207 2994 1376 3049 veteri
1405 2992 1623 3066 quidem
1662 2992 1800 3064 lege,

198 3098 323 3138 cum
370 3082 585 3154 Moyses
623 3081 975 3147 ascendisset,
1018 3082 1297 3140 descendit
1338 3084 1478 3140 Deus
1509 3100 1526 3140 :
1552 3084 1643 3139 hic
1678 3097 1804 3139 vero

200 3186 489 3247 postquam
515 3185 707 3230 natura
738 3184 920 3230 nostra
950 3175 1004 3230 in
1036 3176 1250 3244 cazlum,
1282 3177 1391 3232 imo
1415 3176 1471 3232 in
1496 3174 1689 3232 solium
1716 3190 1800 3231 re-

200 3270 347 3339 gium
374 3278 569 3325 evecta
594 3279 761 3331 esset.
790 3270 1021 3340 Spiritus
1045 3270 1343 3328 descendit.
1374 3272 1431 3329 Si
1460 3281 1643 3328 autem
1676 3271 1799 3341 Spi-

203 3362 337 3415 ritus
363 3359 547 3414 minor
570 3371 733 3426 esset,
762 3360 877 3416 haec
905 3377 1011 3416 non
1041 3362 1146 3417 illis
1171 3362 1361 3432 priscis
1389 3362 1592 3433 majora
1633 3363 1801 3418 mira-

199 3450 505 3520 bilioraque
536 3449 783 3505 fuissent.
826 3451 958 3506 Nam
1004 3453 1086 3507 ha:
1126 3453 1322 3508 tabulre
1362 3454 1520 3525 longe
1550 3464 1783 3524 praestan

200 3542 371 3595 tiores
400 3549 530 3595 sunt
562 3541 693 3607 illis,
721 3551 780 3595 ut
808 3550 864 3597 et
888 3558 977 3597 res
999 3552 1165 3614 gestae
1189 3544 1600 3612 siilendidiores.
1625 3544 1807 3615 Neque

199 3632 345 3686 enim
374 3633 607 3702 apostoli
638 3647 704 3688 ex
741 3643 923 3688 monte
963 3633 1359 3689 descenderunt
1394 3635 1598 3690 tabulas
1636 3636 1807 3690 mani-

201 3722 303 3775 bu:
352 3731 667 3792 gestantes,
702 3732 763 3778 ut
797 3723 1043 3795 Moyses;
1085 3725 1181 3781 sed
1230 3725 1489 3795 Spiritum
1532 3726 1588 3780 in
1628 3736 1809 3782 mente

199 3814 674 3880 circumferentes,
719 3829 783 3870 ac
830 3816 1140 3871 thesaurum
1185 3816 1470 3887 quemdam
1510 3826 1567 3873 et
1602 3816 1807 3873 fontem

197 3904 519 3972 dogmatum
561 3914 617 3961 et
643 3903 910 3960 donorum
952 3906 1323 3977 bonorumque
1352 3908 1589 3963 omnium
1634 3908 1806 3964 eiiun-

197 3993 433 4060 dentes,
467 3995 547 4050 sic
570 4010 978 4066 quoquoversus
1017 3997 1336 4065 circuibant,
1368 3998 1469 4069 ipsi
1496 4014 1711 4070 quoque
1738 4000 1807 4054 li-

198 4086 282 4141 bri
314 4087 565 4143 viventes
592 4096 755 4159 atque
782 4090 929 4160 leges
955 4103 1055 4159 per
1078 4092 1301 4161 gratiam
1337 4090 1510 4148 eﬂ'ecti
1542 4110 1556 4148 :
1597 4093 1677 4149 sic
1707 4093 1808 4149 tria

199 4179 401 4245 millia,
428 4178 511 4234 sic
550 4180 785 4251 quinque
813 4180 1005 4247 millia,
1040 4182 1119 4237 sic
1146 4182 1426 4237 universos
1452 4182 1599 4238 orbis
1637 4199 1809 4253 popu-

199 4272 284 4325 los
317 4280 679 4338 attraxerunt,
716 4272 829 4327 Deo
859 4287 958 4343 per
986 4288 1172 4328 eorum
1214 4275 1449 4343 linguam
1489 4275 1806 4331 accedentes

198 4362 515 4432 alloquente
540 4362 678 4434 (Act.
711 4363 766 4417 2.
794 4364 885 4419 Μ.
925 4372 974 4419 et
998 4365 1050 4420 4.
1079 4364 1156 4437 4).
1186 4366 1303 4433 Quo
1327 4367 1462 4421 duce
1487 4369 1645 4422 etiam
1674 4368 1807 4422 Mat-

201 4455 381 4510 thmus
392 4456 593 4522 Spiritu
608 4457 841 4525 repletus
860 4455 974 4513 haec
987 4457 1198 4527 scripsit
1214 4476 1228 4521 ;
1243 4458 1541 4527 Matthaeus,
1565 4458 1802 4530 inquam,

203 4548 295 4602 ille
339 4547 660 4617 publicanus
693 4568 705 4603 :
737 4563 844 4603 non
888 4550 1030 4604 enim
1077 4549 1239 4619 pudet
1281 4567 1402 4605 eum
1444 4552 1513 4607 ab
1551 4560 1666 4605 arte
1708 4566 1805 4607 sua

202 4655 558 4711 nuncupare:
608 4656 786 4711 neque
832 4642 1012 4707 illum,
1066 4658 1240 4712 neque
1292 4643 1445 4698 alios.
1499 4643 1612 4698 lloc
1662 4643 1804 4698 enim

201 4737 444 4792 maxime
472 4744 528 4791 et
550 4737 780 4806 Spiritus
803 4736 1029 4806 gratiam
1058 4745 1111 4791 et
1138 4736 1347 4791 illorum
1381 4738 1631 4792 virtutem
1658 4751 1805 4793 com-

199 4831 446 4886 mendat.

264 5084 328 5136 ’2.
368 5082 520 5152 Opus
563 5091 741 5137 autem
783 5097 941 5137 suum
983 5083 1104 5151 jure
1134 5083 1477 5154 Evangeiium
1505 5084 1796 5155 inscripsit.

192 5174 482 5241 Siquidem
528 5174 789 5229 sublatam
844 5174 1101 5229 ultionem
1181 5185 1516 5243 peccatorum
1564 5178 1797 5245 veniam,

191 5264 491 5335 justitiam,
516 5268 1019 5339 sanctificationem,
1068 5261 1513 5342 redemptionem.
1550 5273 1801 5343 adoptio-

193 5372 352 5421 nem,
394 5357 652 5414 caelorum
684 5359 1034 5418 hereditatem
1064 5370 1120 5418 et
1147 5364 1517 5433 cognationem
1555 5379 1679 5419 cum
1707 5364 1802 5420 Fi-

195 5446 272 5504 lio
304 5451 430 5516 Dei,
459 5452 711 5508 omnibus
730 5456 1102 5510 annuntiatum
1129 5455 1295 5523 venit,
1326 5457 1575 5523 inimicis,
1605 5458 1801 5527 impro-

195 5537 305 5604 bis,
352 5543 667 5600 sedentibus
711 5546 764 5600 in
806 5547 1062 5603 tenebris.
1107 5547 1244 5614 Quid
1284 5556 1391 5602 tam
1428 5548 1570 5604 bono
1610 5549 1799 5604 nuntio

194 5638 377 5706 possit
412 5638 657 5707 aequari?
697 5639 837 5695 Deus
874 5643 927 5694 in
963 5649 1126 5707 terra,
1161 5642 1323 5697 homo
1345 5642 1395 5695 in
1423 5642 1557 5697 caelo
1588 5659 1601 5695 :
1628 5641 1797 5697 facta-

192 5746 305 5798 que
354 5730 599 5787 omnium
644 5733 1030 5789 commixtione
1080 5734 1256 5806 angeli
1311 5750 1435 5790 cum
1491 5736 1796 5792 hominibus

192 5821 430 5878 choreas
459 5824 711 5895 agebant,
753 5824 998 5883 homines
1039 5842 1159 5884 cum
1188 5829 1394 5899 angelis
1437 5829 1664 5902 aliisque
1702 5843 1798 5888 su-

1910 532 2091 589 pernis
2122 515 2474 589 potestatibus
2498 510 2850 569 versabantur
2880 531 2894 567 :
2920 505 3211 577 Videreque
3239 514 3355 559 erat
3378 504 3497 557 diu-

1909 620 2125 665 turnum
2149 608 2352 665 bellum
2396 606 2650 672 solutum,
2679 610 2733 659 et
2757 610 2911 674 pacta
2936 615 2964 653 a
2996 600 3105 655 Deo
3145 611 3266 653 cum
3307 605 3495 650 natura

1909 709 2090 756 nostra
2134 698 2302 766 inita;
2347 695 2619 753 diabolum
2666 693 2870 765 pudore
2913 689 3182 755 allectum,
3223 688 3497 742 daamonas

1912 792 2149 862 fugatos,
2198 797 2430 844 mortem
2462 783 2818 850 dissolutam,
2868 781 3174 854 paradisum
3219 787 3495 849 apertum,

1911 883 2340 940 maledictionem
2364 880 2620 945 ablatam,
2666 885 2943 946 peccatum
2987 874 3055 929 de
3098 870 3277 927 medio
3319 870 3498 925 subla-

1910 984 2043 1043 tum,
2067 988 2305 1030 errorem
2326 972 2628 1041 depulsum,
2651 969 2930 1024 veritatem
2960 980 3249 1027 reversam,
3276 963 3497 1017 verbum

1910 1067 2123 1138 pietatis
2156 1064 2354 1135 ubique
2379 1062 2783 1117 disseminatum
2814 1069 2868 1114 et
2891 1072 3162 1123 crescens,
3209 1070 3501 1125 supernam

1913 1162 2037 1216 vita:
2062 1160 2325 1215 rationem
2350 1158 2403 1213 in
2437 1165 2579 1211 terra
2608 1154 2841 1217 insitam,
2872 1150 3099 1206 virtutes
3124 1150 3243 1204 illas
3277 1147 3502 1202 familia-

1914 1253 2044 1307 riter
2083 1250 2362 1305 nobiscum
2404 1254 2641 1317 agentes,
2671 1243 2891 1314 angelos
2931 1240 3240 1311 frequenter
3268 1240 3319 1294 in
3360 1248 3499 1293 terra

1914 1352 2208 1407 versantes,
2236 1354 2591 1411 magnamque
2635 1352 2786 1408 spem
2817 1337 3134 1391 futurorum.
3170 1334 3296 1388 ideo
3334 1333 3503 1387 histo-

1915 1434 2046 1490 riam
2077 1433 2427 1504 Evangelium
2454 1430 2665 1485 vocavit
2708 1447 2722 1483 ε
2760 1428 2910 1499 quasi
2948 1427 3153 1482 scilicet
3179 1425 3280 1479 alia
3320 1424 3500 1478 omnia

1908 1528 2074 1584 verba
2100 1528 2262 1582 rebus
2291 1526 2398 1580 sint
2426 1538 2615 1588 vacua,
2646 1530 2703 1576 ut
2725 1535 2856 1591 opes
2883 1519 3085 1583 multae,
3118 1517 3200 1571 vis
3226 1516 3499 1586 potentim,

1913 1619 2262 1691 principatus,
2295 1617 2484 1687 gloria,
2516 1614 2769 1679 honores,
2798 1620 3100 1680 carteraque
3138 1608 3341 1673 omnia,
3382 1622 3502 1677 qua:

1911 1711 2054 1782 apud
2102 1710 2348 1766 homines
2392 1709 2530 1763 bona
2581 1720 2702 1761 esse
2748 1712 3037 1775 putantur;
3082 1715 3203 1771 qua:
3245 1706 3426 1755 autem
3471 1716 3501 1751 a

1915 1804 2268 1877 piscatoribus
2295 1802 2555 1873 promissa
2590 1798 2762 1864 fuere,
2794 1811 2923 1851 vere
2948 1809 3011 1849 ac
3040 1793 3254 1864 proprie
3274 1806 3502 1861 evange-

1915 1900 1985 1954 lia
2014 1897 2260 1954 dicantur
2312 1908 2465 1949 :non
2510 1891 2684 1947 solum
2732 1890 2856 1960 quia
2906 1888 3058 1942 iirma
3104 1883 3504 1953 immobiliaqun

1914 1990 2054 2045 bona
2084 1996 2231 2053 sunt,
2264 1993 2610 2054 nostramque
2639 1980 3015 2050 cxsuperantia
3044 1976 3376 2048 dignitatem,
3408 1974 3503 2028 sed

1914 2082 2076 2138 etiam
2103 2080 2226 2150 quia
2260 2092 2382 2133 eum
2412 2075 2557 2132 omni
2591 2073 2843 2129 facilitate
2878 2070 3034 2127 nobis
3058 2068 3183 2124 data
3211 2077 3354 2123 sunt.
3382 2066 3500 2120 Non

1914 2173 2060 2229 enim
2083 2187 2151 2226 ex
2180 2170 2364 2225 labore
2402 2176 2459 2222 et
2488 2166 2685 2221 sudore
2732 2172 2938 2227 nostro,
2971 2176 3077 2216 non
3115 2175 3182 2216 ex
3225 2158 3501 2221 atrumnis,

1914 2266 2011 2323 sed
2053 2281 2121 2321 ex
2164 2264 2256 2319 Dei
2299 2277 2425 2332 erga
2469 2276 2568 2316 nos
2610 2273 2795 2313 amore
2843 2256 2959 2311 haec
2998 2253 3352 2324 suscepimus.
3395 2250 3504 2304 Cur

1916 2368 2082 2429 porro
2117 2371 2237 2412 cum
2285 2365 2462 2410 tantus
2506 2353 2577 2408 sit
2616 2349 2997 2421 discipulorum
3041 2360 3301 2403 numerus
3328 2386 3344 2413 ,
3393 2344 3500 2399 duo

1919 2459 2121 2507 tantum
2169 2465 2234 2505 ex
2266 2447 2521 2519 apostolis
2548 2445 2807 2511 scribunt,
2855 2442 3057 2499 et.duo
3092 2457 3158 2497 ex
3203 2455 3391 2495 eorum
3416 2454 3506 2493 se-

1918 2543 2210 2616 quacibus?
2251 2542 2385 2597 Nam
2425 2541 2561 2596 alter
2603 2538 2774 2604 Pauli,
2820 2537 2960 2592 alter
3004 2534 3151 2590 Petri
3190 2533 3508 2603 discipulus,

1916 2652 2041 2693 cum
2064 2637 2269 2692 Joanne
2297 2646 2352 2693 et
2378 2637 2630 2693 Matthaco
2655 2638 2941 2709 Evangelia
2969 2638 3324 2709 scripserunt.
3366 2637 3499 2707 Quia

1915 2728 2046 2783 nihil
2073 2744 2167 2798 per
2194 2730 2611 2783 ostentationem
2639 2727 2925 2794 faciebant,
2954 2728 3050 2784 sed
3086 2730 3267 2784 omnia
3295 2729 3363 2784 ad
3394 2729 3501 2784 uti-

1915 2822 2141 2878 litatem.
2175 2821 2313 2890 Quid
2339 2822 2536 2892 igitur?
2561 2836 2744 2876 annon
2783 2821 3084 2877 sufficiebat
3110 2837 3249 2876 unus
3271 2836 3505 2890 evange-

1915 2913 2061 2981 lista,
2106 2914 2196 2984 qui
2237 2915 2416 2968 omnia
2469 2915 2752 2969 narraret?
2794 2913 3104 2969 Sufficiebat
3150 2913 3367 2984 quidem
3402 2927 3505 2966 :ac

1916 3005 2043 3061 licet
2097 3015 2327 3075 quatuor
2365 3005 2712 3076 scripserint,
2775 3020 2952 3076 neque
2995 3004 3187 3060 eodem
3238 3014 3501 3075 tempore,

1916 3112 2092 3167 neque
2119 3097 2312 3152 eodem
2338 3097 2554 3163 inloco,
2594 3112 2770 3167 neque
2812 3096 3120 3167 congregati
3165 3096 3323 3150 simul
3349 3104 3403 3150 et
3437 3111 3502 3149 ex

1918 3199 2104 3244 mutuo
2131 3204 2423 3260 congressu
2464 3206 2478 3243 Ζ
2523 3199 2577 3244 ει
2604 3198 2784 3245 tamen
2826 3205 2948 3244 cum
2976 3190 3127 3260 quasi
3166 3206 3229 3245 CX
3263 3205 3368 3243 uno
3409 3205 3503 3244 OI'C

1920 3284 2095 3337 omnia
2123 3282 2488 3352 pronuntient,
2517 3282 2644 3337 hinc
2669 3298 2860 3353 magna
2889 3283 3116 3344 emergit
3146 3282 3388 3338 veritatis
3410 3281 3505 3336 de-

1918 3375 2257 3430 monstratio.

1994 3603 2275 3677 EvangeLla
2300 3622 2393 3661 cur
2413 3606 2688 3679 aliquando
2714 3610 2844 3663 inter
2863 3626 2915 3663 se
2939 3608 3199 3665 dissentire
3222 3609 3505 3665 videantur.

1917 3698 2173 3768 —-Atqui,
2207 3700 2434 3771 inquies,
2456 3701 2676 3757 omnino
2712 3712 2895 3757 contra
2917 3702 3111 3758 accidit
3137 3720 3150 3757 :
3191 3717 3335 3774 smpe
3364 3704 3507 3758 enim

1919 3788 2059 3844 inter
2078 3805 2138 3845 se
2156 3790 2443 3847 dissentire
2471 3792 2966 3862 deprehenduntur.
2991 3792 3150 3851 Certe
3178 3795 3304 3850 illud
3333 3796 3509 3867 ipsum

1918 3897 2168 3953 maguum
2190 3892 2272 3938 cst
2294 3898 2392 3954 pro
2413 3885 2637 3941 veritate
2664 3897 3056 3957 argumentum.
3081 3882 3137 3941 Si
3162 3887 3304 3942 enim
3327 3889 3507 3942 omnia

1916 3986 2164 4032 accurate
2182 3986 2569 4033 consonassent
2585 3987 2637 4033 et
2656 3988 2913 4050 quantum
2933 3978 2998 4034 ad
3019 3989 3246 4050 tempus,
3270 3988 3503 4049 etquan-

1916 4077 2031 4124 tum
2058 4069 2127 4125 ad
2153 4070 2299 4136 loca,
2343 4078 2399 4126 et
2438 4079 2698 4141 quantum
2726 4070 2793 4126 ad
2822 4071 2934 4142 ipsa
2959 4071 3155 4139 verba,
3183 4087 3247 4127 ex
3278 4070 3504 4126 inimicis

1916 4175 2077 4216 nemo
2096 4160 2396 4216 crediturus
2416 4171 2533 4217 erat
2551 4204 2566 4230 ,
2593 4162 2688 4217 sed
2713 4177 2778 4218 ex
2799 4172 2984 4219 mutuo
3004 4163 3345 4234 humanoque
3370 4178 3507 4218 con-

1916 4274 2079 4315 sensu
2108 4258 2223 4313 haec
2248 4259 2445 4329 scripta
2477 4258 2643 4314 fuisse
2672 4266 2982 4329 putassent,
3014 4268 3171 4329 atque
3199 4257 3506 4328 hujusmodi

1915 4351 2323 4405 consonantiam
2348 4364 2453 4405 non
2473 4365 2540 4404 ex
2564 4348 2924 4420 simplicitate,
2949 4350 3360 4420 sinceritateque
3382 4365 3507 4421 pro-

1915 4440 2129 4496 cedere.
2150 4438 2269 4495 Jam
2291 4454 2421 4494 vero
2441 4440 2531 4494 illa
2553 4455 2671 4510 qua:
2692 4440 2746 4494 in
2767 4440 2969 4510 exiguis
2999 4440 3158 4495 rebus
3178 4440 3506 4509 deprehendi

1914 4534 2126 4589 videtur
2154 4534 2435 4588 diversitas
2455 4573 2470 4598 ,
2504 4548 2720 4588 omnem
2747 4532 2815 4588 ab
2844 4533 2973 4602 ipsis
3015 4534 3374 4603 suSpicionem
3405 4534 3503 4588 dc-

1912 4627 2094 4695 pellit,
2144 4626 2602 4695 scribentiumque
2636 4624 2796 4679 fidem
2823 4624 2967 4679 clare
2997 4625 3247 4679 vindicat.
3277 4625 3431 4693 Quod
3459 4626 3507 4681 si

1913 4720 2041 4788 quid
2072 4720 2217 4774 circa
2244 4728 2484 4789 tempora
2512 4726 2567 4772 et
2605 4718 2720 4772 loca
2749 4718 3021 4773 varietatis
3065 4718 3417 4788 protulerint,
3450 4719 3503 4773 id

1916 4812 2047 4866 nihil
2075 4810 2241 4867 ofﬁcit
2268 4810 2476 4866 veritati
2505 4810 2856 4876 narrationis;
2888 4809 2940 4864 id
2970 4809 3110 4879 quod
3132 4850 3146 4875 ,
3182 4811 3290 4865 Deo
3316 4810 3501 4878 dante,

1913 4906 1965 4961 in
1986 4905 2329 4976 sequentibus
2344 4904 2715 4960 demonstrare
2735 4902 3071 4957 conabimur.
3099 4903 3301 4959 Practer
3320 4914 3498 4959 autem

1912 5012 2070 5067 supra
2099 4996 2240 5052 dicta
2276 5038 2290 5062 ,
2324 4996 2454 5051 illud
2484 4996 2643 5050 etiam
2673 5009 2771 5049 vos
2799 4994 3090 5049 observare
3118 5010 3370 5065 rogamus
3390 5037 3405 5063 ,
3448 4996 3500 5050 in

1911 5093 2071 5148 rebus
2102 5091 2381 5161 praecipuis
2402 5130 2415 5154 ,
2447 5104 2566 5159 quas
2591 5088 2658 5143 ad
2685 5089 2849 5143 vitam
2876 5097 3113 5144 nostram
3144 5096 3199 5142 et
3231 5087 3297 5143 ad
3330 5088 3498 5156 ipsam

1911 5182 2342 5252 praedicationem
2369 5180 2620 5236 tuendam
2643 5180 2944 5250 pertinent,
2973 5178 3177 5234 nullum
3203 5194 3387 5234 eorum
3410 5193 3497 5233 us-

1911 5277 2052 5346 piam
2082 5275 2151 5330 ab
2195 5275 2317 5331 aliis
2357 5275 2442 5330 vel
2490 5273 2771 5330 minimum
2821 5272 3108 5328 dissentire
3148 5271 3500 5340 deprehendi.

1910 5365 2165 5433 Quaenam
2197 5375 2375 5420 autem
2405 5366 2494 5420 illa
2525 5364 2792 5436 praacipua
2823 5364 2985 5419 sunt?
3016 5362 3182 5418 Deum
3225 5362 3498 5419 hominem

1912 5459 2109 5513 factum
2141 5475 2279 5524 esse,
2322 5458 2580 5513 miracula
2611 5457 2861 5523 edidisse,
2893 5456 3203 5512 crucifixum
3224 5471 3288 5509 ac
3319 5459 3498 5525 sepul—

1918 5567 2031 5612 tum
2058 5554 2257 5621 fuisse,
2287 5554 2682 5619 resurrexisse,
2713 5553 2768 5608 in
2809 5553 2999 5609 ctelum
3045 5552 3349 5608 ascendisse
3370 5594 3385 5619 ,
3411 5552 3501 5623 ju-

1915 5649 2215 5705 dicaturum
2242 5662 2397 5713 esse,
2439 5646 2690 5701 salutaria
2735 5644 2950 5700 dedisse
2994 5653 3258 5715 praecepta
3284 5685 3299 5709 ,
3331 5646 3501 5715 legem

1912 5743 2080 5797 veteri
2110 5755 2217 5795 non
2245 5726 2568 5794 contrariam
2601 5736 2871 5791 induxisse
2895 5752 2908 5789 :
2940 5735 3112 5804 ipsum
3135 5734 3326 5789 Filium
3345 5749 3495 5798 esse,

1914 5832 2273 5907 Unigenitum,
2310 5832 2619 5904 genuinum,
2650 5829 2890 5900 ejusdem
2916 5844 3037 5885 cum
3068 5828 3225 5887 Patre
3251 5828 3501 5888 substan-
