  <div class='ocr_page' id='page_1' title='image "/cluster/home/n/w/nwhite01/storage/ocr_20150623/57/nnc1.0046980075/029.png"; bbox 0 0 4078 6372; ppageno 0'>
   <div class='ocr_carea' id='block_1_1' title="bbox 559 375 3823 470">
    <p class='ocr_par' dir='ltr' id='par_1_1' title="bbox 559 375 3823 470">
     <span class='ocr_line' id='line_1_1' title="bbox 559 375 3823 470; baseline 0.012 -38"><span class='ocrx_word' id='word_1_1' title='bbox 559 375 628 432; x_wconf 76' lang='lat' dir='ltr'><strong>l7</strong></span> <span class='ocrx_word' id='word_1_2' title='bbox 1251 387 1309 442; x_wconf 90' lang='lat' dir='ltr'><strong>S.</strong></span> <span class='ocrx_word' id='word_1_3' title='bbox 1345 389 1632 448; x_wconf 78' lang='lat' dir='ltr'><strong>JOANNIS</strong></span> <span class='ocrx_word' id='word_1_4' title='bbox 1670 393 2166 459; x_wconf 78' lang='lat' dir='ltr'><strong>CHRYSOSTOMI</strong></span> <span class='ocrx_word' id='word_1_5' title='bbox 2205 404 2528 462; x_wconf 77' lang='lat' dir='ltr'><strong>ARCHIEP.</strong></span> <span class='ocrx_word' id='word_1_6' title='bbox 2568 403 3118 464; x_wconf 80' lang='lat' dir='ltr'><strong>CONSTANTINOP.</strong></span> <span class='ocrx_word' id='word_1_7' title='bbox 3747 416 3823 470; x_wconf 73' lang='grc'><strong>18</strong></span> 
     </span>
    </p>
   </div>
   <div class='ocr_carea' id='block_1_2' title="bbox 551 470 2138 549">
    <p class='ocr_par' dir='ltr' id='par_1_2' title="bbox 551 470 2138 549">
     <span class='ocr_line' id='line_1_2' title="bbox 551 470 2138 549; baseline 0.008 -25"><span class='ocrx_word' id='word_1_8' title='bbox 551 473 637 524; x_wconf 70' lang='lat' dir='ltr'><strong>tite</strong></span> <span class='ocrx_word' id='word_1_9' title='bbox 665 489 681 526; x_wconf 89' lang='lat'><strong>:</strong></span> <span class='ocrx_word' id='word_1_10' title='bbox 705 480 762 527; x_wconf 88' lang='lat' dir='ltr'><strong>et</strong></span> <span class='ocrx_word' id='word_1_11' title='bbox 792 470 876 527; x_wconf 85' lang='lat' dir='ltr'><strong>his</strong></span> <span class='ocrx_word' id='word_1_12' title='bbox 901 471 1116 528; x_wconf 79' lang='lat' dir='ltr'><strong>similia.</strong></span> <span class='ocrx_word' id='word_1_13' title='bbox 1143 471 1299 530; x_wconf 87' lang='lat' dir='ltr'><strong>Circa</strong></span> <span class='ocrx_word' id='word_1_14' title='bbox 1328 472 1517 530; x_wconf 69' lang='lat' dir='ltr'><strong>isthmc</strong></span> <span class='ocrx_word' id='word_1_15' title='bbox 1540 477 1683 532; x_wconf 90' lang='lat' dir='ltr'><strong>enim</strong></span> <span class='ocrx_word' id='word_1_16' title='bbox 1713 495 1957 549; x_wconf 84' lang='lat' dir='ltr'><strong>magnam</strong></span> <span class='ocrx_word' id='word_1_17' title='bbox 1991 484 2138 538; x_wconf 85' lang='lat' dir='ltr'><strong>inve-</strong></span> 
     </span>
    </p>
   </div>
   <div class='ocr_carea' id='block_1_3' title="bbox 549 561 2136 633">
    <p class='ocr_par' dir='ltr' id='par_1_3' title="bbox 549 561 2136 633">
     <span class='ocr_line' id='line_1_3' title="bbox 549 561 2136 633; baseline 0.009 -18"><span class='ocrx_word' id='word_1_18' title='bbox 549 561 757 617; x_wconf 90' lang='lat' dir='ltr'><strong>niemus</strong></span> <span class='ocrx_word' id='word_1_19' title='bbox 778 562 917 617; x_wconf 88' lang='lat' dir='ltr'><strong>inter</strong></span> <span class='ocrx_word' id='word_1_20' title='bbox 943 563 1088 633; x_wconf 92' lang='lat' dir='ltr'><strong>ipsos</strong></span> <span class='ocrx_word' id='word_1_21' title='bbox 1107 565 1534 621; x_wconf 77' lang='lat' dir='ltr'><strong>consonantiam.</strong></span> <span class='ocrx_word' id='word_1_22' title='bbox 1557 567 1614 623; x_wconf 90' lang='lat' dir='ltr'><strong>Si</strong></span> <span class='ocrx_word' id='word_1_23' title='bbox 1640 584 1766 624; x_wconf 86' lang='lat' dir='ltr'><strong>vero</strong></span> <span class='ocrx_word' id='word_1_24' title='bbox 1788 571 1840 624; x_wconf 93' lang='lat' dir='ltr'><strong>in</strong></span> <span class='ocrx_word' id='word_1_25' title='bbox 1864 571 2136 629; x_wconf 78' lang='lat' dir='ltr'><strong>miraculis</strong></span> 
     </span>
    </p>
   </div>
   <div class='ocr_carea' id='block_1_4' title="bbox 547 655 2132 734">
    <p class='ocr_par' dir='ltr' id='par_1_4' title="bbox 547 655 2132 734">
     <span class='ocr_line' id='line_1_4' title="bbox 547 655 2132 734; baseline 0.009 -28"><span class='ocrx_word' id='word_1_26' title='bbox 547 670 653 709; x_wconf 89' lang='lat' dir='ltr'><strong>non</strong></span> <span class='ocrx_word' id='word_1_27' title='bbox 675 669 862 710; x_wconf 86' lang='lat' dir='ltr'><strong>omnes</strong></span> <span class='ocrx_word' id='word_1_28' title='bbox 883 657 1062 711; x_wconf 87' lang='lat' dir='ltr'><strong>omnia</strong></span> <span class='ocrx_word' id='word_1_29' title='bbox 1086 655 1373 726; x_wconf 80' lang='lat' dir='ltr'><strong>dixerunt,</strong></span> <span class='ocrx_word' id='word_1_30' title='bbox 1397 659 1491 716; x_wconf 90' lang='lat' dir='ltr'><strong>sed</strong></span> <span class='ocrx_word' id='word_1_31' title='bbox 1515 659 1651 715; x_wconf 88' lang='lat' dir='ltr'><strong>alius</strong></span> <span class='ocrx_word' id='word_1_32' title='bbox 1679 660 1793 716; x_wconf 78' lang='lat' dir='ltr'><strong>lucc</strong></span> <span class='ocrx_word' id='word_1_33' title='bbox 1816 702 1834 730; x_wconf 91' lang='lat'><strong>,</strong></span> <span class='ocrx_word' id='word_1_34' title='bbox 1861 663 1996 720; x_wconf 89' lang='lat' dir='ltr'><strong>alius</strong></span> <span class='ocrx_word' id='word_1_35' title='bbox 2023 666 2132 734; x_wconf 88' lang='lat' dir='ltr'><strong>illa,</strong></span> 
     </span>
    </p>
   </div>
   <div class='ocr_carea' id='block_1_5' title="bbox 546 745 2132 818">
    <p class='ocr_par' dir='ltr' id='par_1_5' title="bbox 546 745 2132 818">
     <span class='ocr_line' id='line_1_5' title="bbox 546 745 2132 818; baseline 0.008 -20"><span class='ocrx_word' id='word_1_36' title='bbox 546 759 613 800; x_wconf 90' lang='lat' dir='ltr'><strong>ue</strong></span> <span class='ocrx_word' id='word_1_37' title='bbox 656 745 776 800; x_wconf 88' lang='lat' dir='ltr'><strong>ideo</strong></span> <span class='ocrx_word' id='word_1_38' title='bbox 821 745 1084 814; x_wconf 86' lang='lat' dir='ltr'><strong>turberis;</strong></span> <span class='ocrx_word' id='word_1_39' title='bbox 1135 763 1261 803; x_wconf 90' lang='lat' dir='ltr'><strong>nam</strong></span> <span class='ocrx_word' id='word_1_40' title='bbox 1285 749 1330 804; x_wconf 89' lang='lat' dir='ltr'><strong>si</strong></span> <span class='ocrx_word' id='word_1_41' title='bbox 1361 765 1501 806; x_wconf 89' lang='lat' dir='ltr'><strong>unus</strong></span> <span class='ocrx_word' id='word_1_42' title='bbox 1531 752 1707 806; x_wconf 87' lang='lat' dir='ltr'><strong>omnia</strong></span> <span class='ocrx_word' id='word_1_43' title='bbox 1752 751 2010 818; x_wconf 82' lang='lat' dir='ltr'><strong>dixisset,</strong></span> <span class='ocrx_word' id='word_1_44' title='bbox 2037 771 2132 811; x_wconf 83' lang='lat' dir='ltr'><strong>su-</strong></span> 
     </span>
    </p>
   </div>
   <div class='ocr_carea' id='block_1_6' title="bbox 545 835 2136 910">
    <p class='ocr_par' dir='ltr' id='par_1_6' title="bbox 545 835 2136 910">
     <span class='ocr_line' id='line_1_6' title="bbox 545 835 2136 910; baseline 0.008 -20"><span class='ocrx_word' id='word_1_45' title='bbox 545 835 780 906; x_wconf 79' lang='lat' dir='ltr'><strong>pcrﬂuus</strong></span> <span class='ocrx_word' id='word_1_46' title='bbox 801 847 948 892; x_wconf 90' lang='lat' dir='ltr'><strong>esset</strong></span> <span class='ocrx_word' id='word_1_47' title='bbox 969 839 1296 908; x_wconf 91' lang='lat' dir='ltr'><strong>reliquorum</strong></span> <span class='ocrx_word' id='word_1_48' title='bbox 1327 857 1614 910; x_wconf 87' lang='lat' dir='ltr'><strong>numerus;</strong></span> <span class='ocrx_word' id='word_1_49' title='bbox 1641 843 1727 898; x_wconf 86' lang='lat' dir='ltr'><strong>sin</strong></span> <span class='ocrx_word' id='word_1_50' title='bbox 1750 859 1936 901; x_wconf 68' lang='lat' dir='ltr'><strong>omnes</strong></span> <span class='ocrx_word' id='word_1_51' title='bbox 1959 847 2136 902; x_wconf 83' lang='lat' dir='ltr'><strong>diver-</strong></span> 
     </span>
    </p>
   </div>
   <div class='ocr_carea' id='block_1_7' title="bbox 540 927 2134 1005">
    <p class='ocr_par' dir='ltr' id='par_1_7' title="bbox 540 927 2134 1005">
     <span class='ocr_line' id='line_1_7' title="bbox 540 927 2134 1005; baseline 0.007 -23"><span class='ocrx_word' id='word_1_52' title='bbox 540 942 598 982; x_wconf 90' lang='lat' dir='ltr'><strong>sa</strong></span> <span class='ocrx_word' id='word_1_53' title='bbox 624 927 642 960; x_wconf 74' lang='grc'>³</span> <span class='ocrx_word' id='word_1_54' title='bbox 667 936 724 983; x_wconf 88' lang='lat' dir='ltr'><strong>et</strong></span> <span class='ocrx_word' id='word_1_55' title='bbox 765 943 903 984; x_wconf 90' lang='lat' dir='ltr'><strong>nova</strong></span> <span class='ocrx_word' id='word_1_56' title='bbox 931 931 1306 1000; x_wconf 85' lang='lat' dir='ltr'><strong>scripsissent,</strong></span> <span class='ocrx_word' id='word_1_57' title='bbox 1352 933 1558 988; x_wconf 91' lang='lat' dir='ltr'><strong>nullum</strong></span> <span class='ocrx_word' id='word_1_58' title='bbox 1604 947 1914 1005; x_wconf 79' lang='lat' dir='ltr'><strong>suppeteret</strong></span> <span class='ocrx_word' id='word_1_59' title='bbox 1941 953 2134 992; x_wconf 82' lang='lat' dir='ltr'><strong>rouso—</strong></span> 
     </span>
    </p>
   </div>
   <div class='ocr_carea' id='block_1_8' title="bbox 537 1020 2129 1096">
    <p class='ocr_par' dir='ltr' id='par_1_8' title="bbox 537 1020 2129 1096">
     <span class='ocr_line' id='line_1_8' title="bbox 537 1020 2129 1096; baseline 0.006 -22"><span class='ocrx_word' id='word_1_60' title='bbox 537 1020 737 1075; x_wconf 69' lang='lat' dir='ltr'><strong>nantiae</strong></span> <span class='ocrx_word' id='word_1_61' title='bbox 769 1033 1164 1091; x_wconf 81' lang='lat' dir='ltr'><strong>argumentum.</strong></span> <span class='ocrx_word' id='word_1_62' title='bbox 1208 1023 1333 1079; x_wconf 90' lang='lat' dir='ltr'><strong>Ideo</strong></span> <span class='ocrx_word' id='word_1_63' title='bbox 1361 1025 1529 1079; x_wconf 90' lang='lat' dir='ltr'><strong>multa</strong></span> <span class='ocrx_word' id='word_1_64' title='bbox 1555 1027 1576 1058; x_wconf 81' lang='grc'>²</span> <span class='ocrx_word' id='word_1_65' title='bbox 1605 1026 1787 1096; x_wconf 82' lang='lat' dir='ltr'><strong>plures</strong></span> <span class='ocrx_word' id='word_1_66' title='bbox 1814 1026 1970 1083; x_wconf 87' lang='lat' dir='ltr'><strong>simul</strong></span> <span class='ocrx_word' id='word_1_67' title='bbox 2003 1046 2129 1084; x_wconf 90' lang='lat' dir='ltr'><strong>nar-</strong></span> 
     </span>
    </p>
   </div>
   <div class='ocr_carea' id='block_1_9' title="bbox 536 1113 2123 1188">
    <p class='ocr_par' dir='ltr' id='par_1_9' title="bbox 536 1113 2123 1188">
     <span class='ocr_line' id='line_1_9' title="bbox 536 1113 2123 1188; baseline 0.008 -25"><span class='ocrx_word' id='word_1_68' title='bbox 536 1119 743 1179; x_wconf 89' lang='lat' dir='ltr'><strong>rarunt,</strong></span> <span class='ocrx_word' id='word_1_69' title='bbox 767 1120 823 1167; x_wconf 89' lang='lat' dir='ltr'><strong>et</strong></span> <span class='ocrx_word' id='word_1_70' title='bbox 845 1113 1036 1183; x_wconf 84' lang='lat' dir='ltr'><strong>singuli</strong></span> <span class='ocrx_word' id='word_1_71' title='bbox 1058 1115 1327 1185; x_wconf 88' lang='lat' dir='ltr'><strong>quidpiam</strong></span> <span class='ocrx_word' id='word_1_72' title='bbox 1356 1115 1456 1170; x_wconf 91' lang='lat' dir='ltr'><strong>sibi</strong></span> <span class='ocrx_word' id='word_1_73' title='bbox 1479 1117 1754 1188; x_wconf 90' lang='lat' dir='ltr'><strong>proprium</strong></span> <span class='ocrx_word' id='word_1_74' title='bbox 1781 1119 2123 1176; x_wconf 90' lang='lat' dir='ltr'><strong>scribendum</strong></span> 
     </span>
    </p>
   </div>
   <div class='ocr_carea' id='block_1_10' title="bbox 540 1205 2125 1284">
    <p class='ocr_par' dir='ltr' id='par_1_10' title="bbox 540 1205 2125 1284">
     <span class='ocr_line' id='line_1_10' title="bbox 540 1205 2125 1284; baseline 0.008 -30"><span class='ocrx_word' id='word_1_75' title='bbox 540 1213 927 1272; x_wconf 87' lang='lat' dir='ltr'><strong>susceperunt,</strong></span> <span class='ocrx_word' id='word_1_76' title='bbox 971 1220 1040 1260; x_wconf 90' lang='lat' dir='ltr'><strong>ne</strong></span> <span class='ocrx_word' id='word_1_77' title='bbox 1068 1205 1194 1276; x_wconf 86' lang='lat' dir='ltr'><strong>quid</strong></span> <span class='ocrx_word' id='word_1_78' title='bbox 1235 1207 1564 1277; x_wconf 85' lang='lat' dir='ltr'><strong>superﬂuum</strong></span> <span class='ocrx_word' id='word_1_79' title='bbox 1594 1209 1679 1264; x_wconf 86' lang='lat' dir='ltr'><strong>vel</strong></span> <span class='ocrx_word' id='word_1_80' title='bbox 1709 1218 1912 1266; x_wconf 80' lang='lat' dir='ltr'><strong>temere</strong></span> <span class='ocrx_word' id='word_1_81' title='bbox 1941 1213 2125 1284; x_wconf 84' lang='lat' dir='ltr'><strong>proje-</strong></span> 
     </span>
    </p>
   </div>
   <div class='ocr_carea' id='block_1_11' title="bbox 534 1293 2124 1368">
    <p class='ocr_par' dir='ltr' id='par_1_11' title="bbox 534 1293 2124 1368">
     <span class='ocr_line' id='line_1_11' title="bbox 534 1293 2124 1368; baseline 0.011 -24"><span class='ocrx_word' id='word_1_82' title='bbox 534 1301 680 1346; x_wconf 87' lang='lat' dir='ltr'><strong>ctum</strong></span> <span class='ocrx_word' id='word_1_83' title='bbox 704 1293 905 1349; x_wconf 81' lang='lat' dir='ltr'><strong>dixisse</strong></span> <span class='ocrx_word' id='word_1_84' title='bbox 926 1296 1224 1361; x_wconf 87' lang='lat' dir='ltr'><strong>videantur,</strong></span> <span class='ocrx_word' id='word_1_85' title='bbox 1253 1307 1416 1368; x_wconf 91' lang='lat' dir='ltr'><strong>utque</strong></span> <span class='ocrx_word' id='word_1_86' title='bbox 1437 1300 1675 1356; x_wconf 81' lang='lat' dir='ltr'><strong>veritatis</strong></span> <span class='ocrx_word' id='word_1_87' title='bbox 1698 1313 2004 1358; x_wconf 89' lang='lat' dir='ltr'><strong>accuratam</strong></span> <span class='ocrx_word' id='word_1_88' title='bbox 2030 1322 2124 1360; x_wconf 86' lang='lat' dir='ltr'><strong>uo-</strong></span> 
     </span>
    </p>
   </div>
   <div class='ocr_carea' id='block_1_12' title="bbox 535 1381 1302 1452">
    <p class='ocr_par' dir='ltr' id='par_1_12' title="bbox 535 1381 1302 1452">
     <span class='ocr_line' id='line_1_12' title="bbox 535 1381 1302 1452; baseline 0.008 -16"><span class='ocrx_word' id='word_1_89' title='bbox 535 1381 618 1438; x_wconf 93' lang='lat' dir='ltr'><strong>bis</strong></span> <span class='ocrx_word' id='word_1_90' title='bbox 637 1384 1002 1452; x_wconf 88' lang='lat' dir='ltr'><strong>probationem</strong></span> <span class='ocrx_word' id='word_1_91' title='bbox 1029 1387 1302 1443; x_wconf 80' lang='lat' dir='ltr'><strong>offerrent.</strong></span> 
     </span>
    </p>
   </div>
   <div class='ocr_carea' id='block_1_13' title="bbox 601 1595 2118 1669">
    <p class='ocr_par' dir='ltr' id='par_1_13' title="bbox 601 1595 2118 1669">
     <span class='ocr_line' id='line_1_13' title="bbox 601 1595 2118 1669; baseline -0.001 -16"><span class='ocrx_word' id='word_1_92' title='bbox 601 1597 657 1653; x_wconf 76' lang='lat'><strong>5.</strong></span> <span class='ocrx_word' id='word_1_93' title='bbox 686 1595 860 1661; x_wconf 84' lang='lat' dir='ltr'><strong>Lucas</strong></span> <span class='ocrx_word' id='word_1_94' title='bbox 879 1597 1041 1669; x_wconf 90' lang='lat' dir='ltr'><strong>igitur</strong></span> <span class='ocrx_word' id='word_1_95' title='bbox 1059 1599 1220 1654; x_wconf 87' lang='lat' dir='ltr'><strong>etiam</strong></span> <span class='ocrx_word' id='word_1_96' title='bbox 1246 1611 1464 1653; x_wconf 84' lang='lat' dir='ltr'><strong>causam</strong></span> <span class='ocrx_word' id='word_1_97' title='bbox 1492 1596 1648 1652; x_wconf 90' lang='lat' dir='ltr'><strong>nobis</strong></span> <span class='ocrx_word' id='word_1_98' title='bbox 1675 1597 1898 1668; x_wconf 90' lang='lat' dir='ltr'><strong>profert,</strong></span> <span class='ocrx_word' id='word_1_99' title='bbox 1923 1613 2031 1668; x_wconf 73' lang='lat' dir='ltr'><strong>qua</strong></span> <span class='ocrx_word' id='word_1_100' title='bbox 2050 1599 2118 1653; x_wconf 88' lang='lat' dir='ltr'><strong>ad</strong></span> 
     </span>
    </p>
   </div>
   <div class='ocr_carea' id='block_1_14' title="bbox 527 1688 2117 1760">
    <p class='ocr_par' dir='ltr' id='par_1_14' title="bbox 527 1688 2117 1760">
     <span class='ocr_line' id='line_1_14' title="bbox 527 1688 2117 1760; baseline 0.001 -17"><span class='ocrx_word' id='word_1_101' title='bbox 527 1688 868 1745; x_wconf 90' lang='lat' dir='ltr'><strong>scribendum</strong></span> <span class='ocrx_word' id='word_1_102' title='bbox 896 1689 1148 1745; x_wconf 89' lang='lat' dir='ltr'><strong>inductus</strong></span> <span class='ocrx_word' id='word_1_103' title='bbox 1173 1698 1292 1755; x_wconf 91' lang='lat' dir='ltr'><strong>est;</strong></span> <span class='ocrx_word' id='word_1_104' title='bbox 1347 1688 1416 1744; x_wconf 86' lang='lat' dir='ltr'><strong>Ut</strong></span> <span class='ocrx_word' id='word_1_105' title='bbox 1443 1689 1630 1744; x_wconf 77' lang='lat' dir='ltr'><strong>habeas</strong></span> <span class='ocrx_word' id='word_1_106' title='bbox 1650 1730 1666 1755; x_wconf 89' lang='lat'><strong>,</strong></span> <span class='ocrx_word' id='word_1_107' title='bbox 1699 1688 1906 1760; x_wconf 88' lang='lat' dir='ltr'><strong>inquit,</strong></span> <span class='ocrx_word' id='word_1_108' title='bbox 1943 1705 2117 1744; x_wconf 87' lang='lat' dir='ltr'><strong>eorum</strong></span> 
     </span>
    </p>
   </div>
   <div class='ocr_carea' id='block_1_15' title="bbox 527 1763 2115 1853">
    <p class='ocr_par' dir='ltr' id='par_1_15' title="bbox 527 1763 2115 1853">
     <span class='ocr_line' id='line_1_15' title="bbox 527 1763 2115 1853; baseline 0.002 -19"><span class='ocrx_word' id='word_1_109' title='bbox 527 1779 787 1834; x_wconf 70' lang='lat' dir='ltr'><strong>verborum</strong></span> <span class='ocrx_word' id='word_1_110' title='bbox 807 1821 823 1848; x_wconf 94' lang='lat'><strong>,</strong></span> <span class='ocrx_word' id='word_1_111' title='bbox 847 1763 919 1835; x_wconf 22' lang='lat' dir='ltr'><strong>“de</strong></span> <span class='ocrx_word' id='word_1_112' title='bbox 953 1782 1134 1852; x_wconf 79' lang='lat' dir='ltr'><strong>quibus</strong></span> <span class='ocrx_word' id='word_1_113' title='bbox 1171 1781 1425 1836; x_wconf 84' lang='lat' dir='ltr'><strong>institutus</strong></span> <span class='ocrx_word' id='word_1_114' title='bbox 1462 1797 1547 1847; x_wconf 91' lang='lat' dir='ltr'><strong>es,</strong></span> <span class='ocrx_word' id='word_1_115' title='bbox 1593 1781 1853 1836; x_wconf 82' lang='lat' dir='ltr'><strong>veritatem</strong></span> <span class='ocrx_word' id='word_1_116' title='bbox 1875 1781 2037 1853; x_wconf 81' lang='lat' dir='ltr'><strong>(Luc.</strong></span> <span class='ocrx_word' id='word_1_117' title='bbox 2061 1783 2115 1837; x_wconf 83' lang='lat' dir='ltr'><strong>l.</strong></span> 
     </span>
    </p>
   </div>
   <div class='ocr_carea' id='block_1_16' title="bbox 525 1869 2115 1945">
    <p class='ocr_par' dir='ltr' id='par_1_16' title="bbox 525 1869 2115 1945">
     <span class='ocr_line' id='line_1_16' title="bbox 525 1869 2115 1945; baseline 0.002 -19"><span class='ocrx_word' id='word_1_118' title='bbox 525 1871 636 1942; x_wconf 69' lang='lat'><strong>4);</strong></span> <span class='ocrx_word' id='word_1_119' title='bbox 663 1869 718 1926; x_wconf 92' lang='lat' dir='ltr'><strong>id</strong></span> <span class='ocrx_word' id='word_1_120' title='bbox 746 1880 831 1927; x_wconf 91' lang='lat' dir='ltr'><strong>est</strong></span> <span class='ocrx_word' id='word_1_121' title='bbox 849 1913 864 1938; x_wconf 92' lang='lat'><strong>,</strong></span> <span class='ocrx_word' id='word_1_122' title='bbox 893 1871 961 1928; x_wconf 87' lang='lat' dir='ltr'><strong>Ut</strong></span> <span class='ocrx_word' id='word_1_123' title='bbox 989 1887 1134 1944; x_wconf 67' lang='lat' dir='ltr'><strong>stupe</strong></span> <span class='ocrx_word' id='word_1_124' title='bbox 1160 1872 1518 1930; x_wconf 91' lang='lat' dir='ltr'><strong>commonitus</strong></span> <span class='ocrx_word' id='word_1_125' title='bbox 1544 1884 1724 1929; x_wconf 91' lang='lat' dir='ltr'><strong>certus</strong></span> <span class='ocrx_word' id='word_1_126' title='bbox 1746 1873 1822 1929; x_wconf 87' lang='lat' dir='ltr'><strong>sis</strong></span> <span class='ocrx_word' id='word_1_127' title='bbox 1843 1915 1860 1942; x_wconf 92' lang='lat'><strong>,</strong></span> <span class='ocrx_word' id='word_1_128' title='bbox 1893 1889 2115 1945; x_wconf 84' lang='lat' dir='ltr'><strong>persua-</strong></span> 
     </span>
    </p>
   </div>
   <div class='ocr_carea' id='block_1_17' title="bbox 524 1965 2112 2035">
    <p class='ocr_par' dir='ltr' id='par_1_17' title="bbox 524 1965 2112 2035">
     <span class='ocr_line' id='line_1_17' title="bbox 524 1965 2112 2035; baseline 0.004 -17"><span class='ocrx_word' id='word_1_129' title='bbox 524 1979 724 2034; x_wconf 90' lang='lat' dir='ltr'><strong>susque</strong></span> <span class='ocrx_word' id='word_1_130' title='bbox 740 1979 980 2021; x_wconf 89' lang='lat' dir='ltr'><strong>maneas.</strong></span> <span class='ocrx_word' id='word_1_131' title='bbox 1003 1965 1238 2022; x_wconf 85' lang='lat' dir='ltr'><strong>Joannes</strong></span> <span class='ocrx_word' id='word_1_132' title='bbox 1253 1981 1380 2021; x_wconf 82' lang='lat' dir='ltr'><strong>vero</strong></span> <span class='ocrx_word' id='word_1_133' title='bbox 1395 1981 1609 2022; x_wconf 87' lang='lat' dir='ltr'><strong>causam</strong></span> <span class='ocrx_word' id='word_1_134' title='bbox 1631 1967 1899 2023; x_wconf 89' lang='lat' dir='ltr'><strong>scribendi</strong></span> <span class='ocrx_word' id='word_1_135' title='bbox 1919 1969 2112 2035; x_wconf 87' lang='lat' dir='ltr'><strong>tacuit;</strong></span> 
     </span>
    </p>
   </div>
   <div class='ocr_carea' id='block_1_18' title="bbox 524 2058 2116 2132">
    <p class='ocr_par' dir='ltr' id='par_1_18' title="bbox 524 2058 2116 2132">
     <span class='ocr_line' id='line_1_18' title="bbox 524 2058 2116 2132; baseline 0.005 -22"><span class='ocrx_word' id='word_1_136' title='bbox 524 2066 584 2112; x_wconf 89' lang='lat' dir='ltr'><strong>ut</strong></span> <span class='ocrx_word' id='word_1_137' title='bbox 621 2065 800 2113; x_wconf 85' lang='lat' dir='ltr'><strong>autem</strong></span> <span class='ocrx_word' id='word_1_138' title='bbox 826 2058 936 2128; x_wconf 87' lang='lat' dir='ltr'><strong>jam</strong></span> <span class='ocrx_word' id='word_1_139' title='bbox 965 2059 1094 2114; x_wconf 91' lang='lat' dir='ltr'><strong>olim</strong></span> <span class='ocrx_word' id='word_1_140' title='bbox 1118 2074 1150 2114; x_wconf 89' lang='lat' dir='ltr'><strong>a</strong></span> <span class='ocrx_word' id='word_1_141' title='bbox 1195 2059 1486 2130; x_wconf 83' lang='lat' dir='ltr'><strong>majoribus</strong></span> <span class='ocrx_word' id='word_1_142' title='bbox 1515 2070 1572 2116; x_wconf 90' lang='lat' dir='ltr'><strong>et</strong></span> <span class='ocrx_word' id='word_1_143' title='bbox 1613 2062 1854 2131; x_wconf 87' lang='lat' dir='ltr'><strong>patribus</strong></span> <span class='ocrx_word' id='word_1_144' title='bbox 1898 2063 2116 2132; x_wconf 90' lang='lat' dir='ltr'><strong>accepi-</strong></span> 
     </span>
    </p>
   </div>
   <div class='ocr_carea' id='block_1_19' title="bbox 524 2147 2110 2225">
    <p class='ocr_par' dir='ltr' id='par_1_19' title="bbox 524 2147 2110 2225">
     <span class='ocr_line' id='line_1_19' title="bbox 524 2147 2110 2225; baseline 0.005 -23"><span class='ocrx_word' id='word_1_145' title='bbox 524 2163 643 2203; x_wconf 89' lang='lat' dir='ltr'><strong>mus</strong></span> <span class='ocrx_word' id='word_1_146' title='bbox 661 2189 678 2215; x_wconf 92' lang='lat'><strong>,</strong></span> <span class='ocrx_word' id='word_1_147' title='bbox 703 2163 810 2205; x_wconf 93' lang='lat' dir='ltr'><strong>non</strong></span> <span class='ocrx_word' id='word_1_148' title='bbox 831 2151 950 2206; x_wconf 90' lang='lat' dir='ltr'><strong>sine</strong></span> <span class='ocrx_word' id='word_1_149' title='bbox 973 2165 1130 2206; x_wconf 90' lang='lat' dir='ltr'><strong>causa</strong></span> <span class='ocrx_word' id='word_1_150' title='bbox 1150 2151 1218 2206; x_wconf 91' lang='lat' dir='ltr'><strong>ad</strong></span> <span class='ocrx_word' id='word_1_151' title='bbox 1239 2147 1581 2207; x_wconf 86' lang='lat' dir='ltr'><strong>scribendum</strong></span> <span class='ocrx_word' id='word_1_152' title='bbox 1609 2154 1845 2207; x_wconf 88' lang='lat' dir='ltr'><strong>animum</strong></span> <span class='ocrx_word' id='word_1_153' title='bbox 1865 2155 2072 2225; x_wconf 86' lang='lat' dir='ltr'><strong>appulit</strong></span> <span class='ocrx_word' id='word_1_154' title='bbox 2095 2172 2110 2210; x_wconf 89' lang='lat'><strong>:</strong></span> 
     </span>
    </p>
   </div>
   <div class='ocr_carea' id='block_1_20' title="bbox 521 2240 2112 2315">
    <p class='ocr_par' dir='ltr' id='par_1_20' title="bbox 521 2240 2112 2315">
     <span class='ocr_line' id='line_1_20' title="bbox 521 2240 2112 2315; baseline 0.004 -20"><span class='ocrx_word' id='word_1_155' title='bbox 521 2240 616 2296; x_wconf 83' lang='lat' dir='ltr'><strong>sed</strong></span> <span class='ocrx_word' id='word_1_156' title='bbox 645 2241 768 2311; x_wconf 89' lang='lat' dir='ltr'><strong>quia</strong></span> <span class='ocrx_word' id='word_1_157' title='bbox 794 2242 1032 2312; x_wconf 89' lang='lat' dir='ltr'><strong>priorum</strong></span> <span class='ocrx_word' id='word_1_158' title='bbox 1059 2243 1218 2297; x_wconf 91' lang='lat' dir='ltr'><strong>trium</strong></span> <span class='ocrx_word' id='word_1_159' title='bbox 1249 2242 1334 2299; x_wconf 91' lang='lat' dir='ltr'><strong>hic</strong></span> <span class='ocrx_word' id='word_1_160' title='bbox 1364 2258 1558 2315; x_wconf 91' lang='lat' dir='ltr'><strong>scopus</strong></span> <span class='ocrx_word' id='word_1_161' title='bbox 1604 2243 1814 2312; x_wconf 91' lang='lat' dir='ltr'><strong>fuerat,</strong></span> <span class='ocrx_word' id='word_1_162' title='bbox 1845 2256 1905 2301; x_wconf 89' lang='lat' dir='ltr'><strong>ut</strong></span> <span class='ocrx_word' id='word_1_163' title='bbox 1929 2245 1998 2303; x_wconf 88' lang='lat' dir='ltr'><strong>de</strong></span> <span class='ocrx_word' id='word_1_164' title='bbox 2023 2262 2112 2302; x_wconf 91' lang='lat' dir='ltr'><strong>as-</strong></span> 
     </span>
    </p>
   </div>
   <div class='ocr_carea' id='block_1_21' title="bbox 522 2335 2112 2410">
    <p class='ocr_par' dir='ltr' id='par_1_21' title="bbox 522 2335 2112 2410">
     <span class='ocr_line' id='line_1_21' title="bbox 522 2335 2112 2410; baseline 0.006 -24"><span class='ocrx_word' id='word_1_165' title='bbox 522 2343 733 2403; x_wconf 86' lang='lat' dir='ltr'><strong>sumpta</strong></span> <span class='ocrx_word' id='word_1_166' title='bbox 753 2348 916 2390; x_wconf 90' lang='lat' dir='ltr'><strong>carne</strong></span> <span class='ocrx_word' id='word_1_167' title='bbox 934 2335 1174 2405; x_wconf 82' lang='lat' dir='ltr'><strong>pluribus</strong></span> <span class='ocrx_word' id='word_1_168' title='bbox 1193 2344 1433 2407; x_wconf 82' lang='lat' dir='ltr'><strong>agerent,</strong></span> <span class='ocrx_word' id='word_1_169' title='bbox 1457 2338 1864 2409; x_wconf 88' lang='lat' dir='ltr'><strong>periculumque</strong></span> <span class='ocrx_word' id='word_1_170' title='bbox 1883 2349 2021 2410; x_wconf 87' lang='lat' dir='ltr'><strong>erat,</strong></span> <span class='ocrx_word' id='word_1_171' title='bbox 2044 2356 2112 2396; x_wconf 91' lang='lat' dir='ltr'><strong>ne</strong></span> 
     </span>
    </p>
   </div>
   <div class='ocr_carea' id='block_1_22' title="bbox 523 2424 2110 2496">
    <p class='ocr_par' dir='ltr' id='par_1_22' title="bbox 523 2424 2110 2496">
     <span class='ocr_line' id='line_1_22' title="bbox 523 2424 2110 2496; baseline 0.007 -20"><span class='ocrx_word' id='word_1_172' title='bbox 523 2424 816 2480; x_wconf 83' lang='lat' dir='ltr'><strong>divinitatis</strong></span> <span class='ocrx_word' id='word_1_173' title='bbox 857 2425 1104 2496; x_wconf 75' lang='lat' dir='ltr'><strong>dogmata</strong></span> <span class='ocrx_word' id='word_1_174' title='bbox 1137 2435 1438 2484; x_wconf 90' lang='lat' dir='ltr'><strong>tacerentur</strong></span> <span class='ocrx_word' id='word_1_175' title='bbox 1461 2469 1478 2496; x_wconf 95' lang='lat'><strong>,</strong></span> <span class='ocrx_word' id='word_1_176' title='bbox 1504 2428 1721 2484; x_wconf 89' lang='lat' dir='ltr'><strong>Christo</strong></span> <span class='ocrx_word' id='word_1_177' title='bbox 1747 2429 1962 2486; x_wconf 90' lang='lat' dir='ltr'><strong>denmm</strong></span> <span class='ocrx_word' id='word_1_178' title='bbox 1989 2448 2110 2486; x_wconf 91' lang='lat' dir='ltr'><strong>mo-</strong></span> 
     </span>
    </p>
   </div>
   <div class='ocr_carea' id='block_1_23' title="bbox 520 2515 2110 2588">
    <p class='ocr_par' dir='ltr' id='par_1_23' title="bbox 520 2515 2110 2588">
     <span class='ocr_line' id='line_1_23' title="bbox 520 2515 2110 2588; baseline 0.007 -21"><span class='ocrx_word' id='word_1_179' title='bbox 520 2525 676 2570; x_wconf 80' lang='lat' dir='ltr'><strong>vente</strong></span> <span class='ocrx_word' id='word_1_180' title='bbox 711 2515 778 2570; x_wconf 91' lang='lat' dir='ltr'><strong>ad</strong></span> <span class='ocrx_word' id='word_1_181' title='bbox 808 2516 1157 2588; x_wconf 87' lang='lat' dir='ltr'><strong>Evangelium</strong></span> <span class='ocrx_word' id='word_1_182' title='bbox 1183 2519 1524 2574; x_wconf 90' lang='lat' dir='ltr'><strong>scribendum</strong></span> <span class='ocrx_word' id='word_1_183' title='bbox 1568 2520 1817 2576; x_wconf 90' lang='lat' dir='ltr'><strong>inductus</strong></span> <span class='ocrx_word' id='word_1_184' title='bbox 1841 2533 1944 2578; x_wconf 86' lang='lat' dir='ltr'><strong>est.</strong></span> <span class='ocrx_word' id='word_1_185' title='bbox 1977 2521 2110 2578; x_wconf 86' lang='lat' dir='ltr'><strong>Illud</strong></span> 
     </span>
    </p>
   </div>
   <div class='ocr_carea' id='block_1_24' title="bbox 521 2607 2110 2684">
    <p class='ocr_par' dir='ltr' id='par_1_24' title="bbox 521 2607 2110 2684">
     <span class='ocr_line' id='line_1_24' title="bbox 521 2607 2110 2684; baseline 0.006 -25"><span class='ocrx_word' id='word_1_186' title='bbox 521 2621 651 2662; x_wconf 81' lang='lat' dir='ltr'><strong>vero</strong></span> <span class='ocrx_word' id='word_1_187' title='bbox 677 2607 852 2677; x_wconf 84' lang='lat' dir='ltr'><strong>palam</strong></span> <span class='ocrx_word' id='word_1_188' title='bbox 869 2618 961 2667; x_wconf 84' lang='lat' dir='ltr'><strong>est</strong></span> <span class='ocrx_word' id='word_1_189' title='bbox 988 2624 1056 2666; x_wconf 80' lang='lat' dir='ltr'><strong>ex</strong></span> <span class='ocrx_word' id='word_1_190' title='bbox 1083 2609 1198 2681; x_wconf 72' lang='lat' dir='ltr'><strong>ipsa</strong></span> <span class='ocrx_word' id='word_1_191' title='bbox 1225 2609 1449 2666; x_wconf 85' lang='lat' dir='ltr'><strong>historia</strong></span> <span class='ocrx_word' id='word_1_192' title='bbox 1477 2620 1533 2668; x_wconf 91' lang='lat' dir='ltr'><strong>et</strong></span> <span class='ocrx_word' id='word_1_193' title='bbox 1557 2627 1620 2668; x_wconf 81' lang='lat' dir='ltr'><strong>ex</strong></span> <span class='ocrx_word' id='word_1_194' title='bbox 1652 2613 1928 2684; x_wconf 79' lang='lat' dir='ltr'><strong>Evangelii</strong></span> <span class='ocrx_word' id='word_1_195' title='bbox 1955 2629 2110 2669; x_wconf 79' lang='lat' dir='ltr'><strong>exor-</strong></span> 
     </span>
    </p>
   </div>
   <div class='ocr_carea' id='block_1_25' title="bbox 521 2704 2106 2777">
    <p class='ocr_par' dir='ltr' id='par_1_25' title="bbox 521 2704 2106 2777">
     <span class='ocr_line' id='line_1_25' title="bbox 521 2704 2106 2777; baseline 0.006 -22"><span class='ocrx_word' id='word_1_196' title='bbox 521 2704 630 2756; x_wconf 88' lang='lat' dir='ltr'><strong>dio.</strong></span> <span class='ocrx_word' id='word_1_197' title='bbox 677 2705 858 2775; x_wconf 87' lang='lat' dir='ltr'><strong>Neque</strong></span> <span class='ocrx_word' id='word_1_198' title='bbox 901 2706 1044 2762; x_wconf 89' lang='lat' dir='ltr'><strong>enim</strong></span> <span class='ocrx_word' id='word_1_199' title='bbox 1091 2707 1313 2776; x_wconf 88' lang='lat' dir='ltr'><strong>perinde</strong></span> <span class='ocrx_word' id='word_1_200' title='bbox 1339 2716 1501 2777; x_wconf 88' lang='lat' dir='ltr'><strong>atque</strong></span> <span class='ocrx_word' id='word_1_201' title='bbox 1527 2708 1616 2761; x_wconf 90' lang='lat' dir='ltr'><strong>alii</strong></span> <span class='ocrx_word' id='word_1_202' title='bbox 1657 2707 1727 2762; x_wconf 88' lang='lat' dir='ltr'><strong>ab</strong></span> <span class='ocrx_word' id='word_1_203' title='bbox 1769 2707 2106 2764; x_wconf 89' lang='lat' dir='ltr'><strong>inferioribus</strong></span> 
     </span>
    </p>
   </div>
   <div class='ocr_carea' id='block_1_26' title="bbox 518 2796 2099 2872">
    <p class='ocr_par' dir='ltr' id='par_1_26' title="bbox 518 2796 2099 2872">
     <span class='ocr_line' id='line_1_26' title="bbox 518 2796 2099 2872; baseline 0.006 -23"><span class='ocrx_word' id='word_1_204' title='bbox 518 2796 710 2865; x_wconf 69' lang='lat' dir='ltr'><strong>erepit;</strong></span> <span class='ocrx_word' id='word_1_205' title='bbox 733 2797 829 2852; x_wconf 91' lang='lat' dir='ltr'><strong>sed</strong></span> <span class='ocrx_word' id='word_1_206' title='bbox 850 2814 879 2852; x_wconf 90' lang='lat' dir='ltr'><strong>a</strong></span> <span class='ocrx_word' id='word_1_207' title='bbox 901 2799 1266 2868; x_wconf 89' lang='lat' dir='ltr'><strong>superioribus</strong></span> <span class='ocrx_word' id='word_1_208' title='bbox 1282 2843 1299 2868; x_wconf 96' lang='lat'><strong>,</strong></span> <span class='ocrx_word' id='word_1_209' title='bbox 1329 2799 1380 2855; x_wconf 88' lang='lat' dir='ltr'><strong>id</strong></span> <span class='ocrx_word' id='word_1_210' title='bbox 1401 2800 1543 2871; x_wconf 92' lang='lat' dir='ltr'><strong>quod</strong></span> <span class='ocrx_word' id='word_1_211' title='bbox 1567 2800 1670 2857; x_wconf 90' lang='lat' dir='ltr'><strong>sibi</strong></span> <span class='ocrx_word' id='word_1_212' title='bbox 1693 2803 1745 2857; x_wconf 94' lang='lat' dir='ltr'><strong>in</strong></span> <span class='ocrx_word' id='word_1_213' title='bbox 1771 2817 1937 2872; x_wconf 90' lang='lat' dir='ltr'><strong>scopo</strong></span> <span class='ocrx_word' id='word_1_214' title='bbox 1966 2813 2099 2859; x_wconf 88' lang='lat' dir='ltr'><strong>erat.</strong></span> 
     </span>
    </p>
   </div>
   <div class='ocr_carea' id='block_1_27' title="bbox 516 2887 2097 2965">
    <p class='ocr_par' dir='ltr' id='par_1_27' title="bbox 516 2887 2097 2965">
     <span class='ocr_line' id='line_1_27' title="bbox 516 2887 2097 2965; baseline 0.004 -22"><span class='ocrx_word' id='word_1_215' title='bbox 516 2887 749 2961; x_wconf 71' lang='lat' dir='ltr'><strong>ideoque</strong></span> <span class='ocrx_word' id='word_1_216' title='bbox 765 2899 930 2946; x_wconf 91' lang='lat' dir='ltr'><strong>totum</strong></span> <span class='ocrx_word' id='word_1_217' title='bbox 945 2892 1139 2948; x_wconf 89' lang='lat' dir='ltr'><strong>librum</strong></span> <span class='ocrx_word' id='word_1_218' title='bbox 1156 2893 1340 2949; x_wconf 84' lang='lat' dir='ltr'><strong>edidit.</strong></span> <span class='ocrx_word' id='word_1_219' title='bbox 1358 2893 1542 2965; x_wconf 87' lang='lat' dir='ltr'><strong>Neque</strong></span> <span class='ocrx_word' id='word_1_220' title='bbox 1559 2903 1762 2950; x_wconf 88' lang='lat' dir='ltr'><strong>tantum</strong></span> <span class='ocrx_word' id='word_1_221' title='bbox 1787 2896 1840 2951; x_wconf 93' lang='lat' dir='ltr'><strong>in</strong></span> <span class='ocrx_word' id='word_1_222' title='bbox 1858 2897 2097 2962; x_wconf 78' lang='lat' dir='ltr'><strong>exordio,</strong></span> 
     </span>
    </p>
   </div>
   <div class='ocr_carea' id='block_1_28' title="bbox 517 2983 2102 3056">
    <p class='ocr_par' dir='ltr' id='par_1_28' title="bbox 517 2983 2102 3056">
     <span class='ocr_line' id='line_1_28' title="bbox 517 2983 2102 3056; baseline 0.004 -18"><span class='ocrx_word' id='word_1_223' title='bbox 517 2983 611 3038; x_wconf 83' lang='lat' dir='ltr'><strong>sed</strong></span> <span class='ocrx_word' id='word_1_224' title='bbox 637 2985 798 3040; x_wconf 90' lang='lat' dir='ltr'><strong>etiam</strong></span> <span class='ocrx_word' id='word_1_225' title='bbox 821 2986 871 3038; x_wconf 85' lang='lat' dir='ltr'><strong>in</strong></span> <span class='ocrx_word' id='word_1_226' title='bbox 899 2994 1011 3040; x_wconf 88' lang='lat' dir='ltr'><strong>toto</strong></span> <span class='ocrx_word' id='word_1_227' title='bbox 1042 2985 1316 3056; x_wconf 82' lang='lat' dir='ltr'><strong>Evangelii</strong></span> <span class='ocrx_word' id='word_1_228' title='bbox 1338 2986 1564 3042; x_wconf 86' lang='lat' dir='ltr'><strong>decursu</strong></span> <span class='ocrx_word' id='word_1_229' title='bbox 1588 2989 1802 3044; x_wconf 83' lang='lat' dir='ltr'><strong>caeteris</strong></span> <span class='ocrx_word' id='word_1_230' title='bbox 1824 2989 2102 3044; x_wconf 89' lang='lat' dir='ltr'><strong>sublimior</strong></span> 
     </span>
    </p>
   </div>
   <div class='ocr_carea' id='block_1_29' title="bbox 513 3076 2098 3151">
    <p class='ocr_par' dir='ltr' id='par_1_29' title="bbox 513 3076 2098 3151">
     <span class='ocr_line' id='line_1_29' title="bbox 513 3076 2098 3151; baseline 0.002 -20"><span class='ocrx_word' id='word_1_231' title='bbox 513 3087 614 3132; x_wconf 88' lang='lat' dir='ltr'><strong>est.</strong></span> <span class='ocrx_word' id='word_1_232' title='bbox 645 3076 904 3134; x_wconf 86' lang='lat' dir='ltr'><strong>Narratur</strong></span> <span class='ocrx_word' id='word_1_233' title='bbox 930 3093 1090 3150; x_wconf 91' lang='lat' dir='ltr'><strong>porro</strong></span> <span class='ocrx_word' id='word_1_234' title='bbox 1115 3079 1422 3134; x_wconf 79' lang='lat' dir='ltr'><strong>Matthteum</strong></span> <span class='ocrx_word' id='word_1_235' title='bbox 1445 3121 1461 3148; x_wconf 95' lang='lat'><strong>,</strong></span> <span class='ocrx_word' id='word_1_236' title='bbox 1491 3080 1873 3135; x_wconf 85' lang='lat' dir='ltr'><strong>accedentibus</strong></span> <span class='ocrx_word' id='word_1_237' title='bbox 1899 3096 2098 3151; x_wconf 85' lang='lat' dir='ltr'><strong>rogan-</strong></span> 
     </span>
    </p>
   </div>
   <div class='ocr_carea' id='block_1_30' title="bbox 514 3170 2103 3242">
    <p class='ocr_par' dir='ltr' id='par_1_30' title="bbox 514 3170 2103 3242">
     <span class='ocr_line' id='line_1_30' title="bbox 514 3170 2103 3242; baseline 0.002 -19"><span class='ocrx_word' id='word_1_238' title='bbox 514 3170 763 3240; x_wconf 90' lang='lat' dir='ltr'><strong>tibusque</strong></span> <span class='ocrx_word' id='word_1_239' title='bbox 786 3170 986 3228; x_wconf 70' lang='lat' dir='ltr'><strong>Judaeis</strong></span> <span class='ocrx_word' id='word_1_240' title='bbox 1009 3171 1098 3241; x_wconf 91' lang='lat' dir='ltr'><strong>qui</strong></span> <span class='ocrx_word' id='word_1_241' title='bbox 1130 3171 1505 3238; x_wconf 87' lang='lat' dir='ltr'><strong>crediderant,</strong></span> <span class='ocrx_word' id='word_1_242' title='bbox 1537 3187 1599 3227; x_wconf 87' lang='lat' dir='ltr'><strong>ea</strong></span> <span class='ocrx_word' id='word_1_243' title='bbox 1621 3188 1742 3242; x_wconf 69' lang='lat' dir='ltr'><strong>quae</strong></span> <span class='ocrx_word' id='word_1_244' title='bbox 1773 3172 1948 3228; x_wconf 84' lang='lat' dir='ltr'><strong>verbis</strong></span> <span class='ocrx_word' id='word_1_245' title='bbox 1980 3187 2103 3242; x_wconf 84' lang='lat' dir='ltr'><strong>pro-</strong></span> 
     </span>
    </p>
   </div>
   <div class='ocr_carea' id='block_1_31' title="bbox 510 3261 2098 3334">
    <p class='ocr_par' dir='ltr' id='par_1_31' title="bbox 510 3261 2098 3334">
     <span class='ocr_line' id='line_1_31' title="bbox 510 3261 2098 3334; baseline 0.003 -19"><span class='ocrx_word' id='word_1_246' title='bbox 510 3261 708 3317; x_wconf 85' lang='lat' dir='ltr'><strong>tulerat</strong></span> <span class='ocrx_word' id='word_1_247' title='bbox 731 3263 898 3317; x_wconf 83' lang='lat' dir='ltr'><strong>literis</strong></span> <span class='ocrx_word' id='word_1_248' title='bbox 915 3263 1180 3334; x_wconf 91' lang='lat' dir='ltr'><strong>descripta</strong></span> <span class='ocrx_word' id='word_1_249' title='bbox 1209 3264 1400 3320; x_wconf 89' lang='lat' dir='ltr'><strong>iisdem</strong></span> <span class='ocrx_word' id='word_1_250' title='bbox 1424 3264 1704 3334; x_wconf 87' lang='lat' dir='ltr'><strong>reliquisse</strong></span> <span class='ocrx_word' id='word_1_251' title='bbox 1723 3306 1738 3331; x_wconf 92' lang='lat'><strong>,</strong></span> <span class='ocrx_word' id='word_1_252' title='bbox 1761 3274 1815 3320; x_wconf 90' lang='lat' dir='ltr'><strong>et</strong></span> <span class='ocrx_word' id='word_1_253' title='bbox 1838 3263 2098 3320; x_wconf 83' lang='lat' dir='ltr'><strong>Hebraice</strong></span> 
     </span>
    </p>
   </div>
   <div class='ocr_carea' id='block_1_32' title="bbox 511 3353 2099 3427">
    <p class='ocr_par' dir='ltr' id='par_1_32' title="bbox 511 3353 2099 3427">
     <span class='ocr_line' id='line_1_32' title="bbox 511 3353 2099 3427; baseline 0.004 -22"><span class='ocrx_word' id='word_1_254' title='bbox 511 3353 862 3422; x_wconf 87' lang='lat' dir='ltr'><strong>Evangelium</strong></span> <span class='ocrx_word' id='word_1_255' title='bbox 893 3355 1174 3426; x_wconf 78' lang='lat' dir='ltr'><strong>scripsisse</strong></span> <span class='ocrx_word' id='word_1_256' title='bbox 1194 3373 1214 3409; x_wconf 79' lang='lat'><strong>:</strong></span> <span class='ocrx_word' id='word_1_257' title='bbox 1247 3355 1478 3411; x_wconf 85' lang='lat' dir='ltr'><strong>Marcum</strong></span> <span class='ocrx_word' id='word_1_258' title='bbox 1501 3356 1628 3411; x_wconf 89' lang='lat' dir='ltr'><strong>item</strong></span> <span class='ocrx_word' id='word_1_259' title='bbox 1656 3357 1706 3410; x_wconf 93' lang='lat' dir='ltr'><strong>in</strong></span> <span class='ocrx_word' id='word_1_260' title='bbox 1729 3355 1964 3427; x_wconf 68' lang='lat' dir='ltr'><strong>Egypto</strong></span> <span class='ocrx_word' id='word_1_261' title='bbox 2004 3372 2099 3411; x_wconf 84' lang='lat' dir='ltr'><strong>ro-</strong></span> 
     </span>
    </p>
   </div>
   <div class='ocr_carea' id='block_1_33' title="bbox 507 3444 2095 3518">
    <p class='ocr_par' dir='ltr' id='par_1_33' title="bbox 507 3444 2095 3518">
     <span class='ocr_line' id='line_1_33' title="bbox 507 3444 2095 3518; baseline 0.004 -20"><span class='ocrx_word' id='word_1_262' title='bbox 507 3454 634 3515; x_wconf 84' lang='lat' dir='ltr'><strong>gatu</strong></span> <span class='ocrx_word' id='word_1_263' title='bbox 659 3444 1044 3515; x_wconf 90' lang='lat' dir='ltr'><strong>discipulorum</strong></span> <span class='ocrx_word' id='word_1_264' title='bbox 1067 3447 1296 3517; x_wconf 89' lang='lat' dir='ltr'><strong>idipsum</strong></span> <span class='ocrx_word' id='word_1_265' title='bbox 1326 3446 1536 3504; x_wconf 86' lang='lat' dir='ltr'><strong>fecisse.</strong></span> <span class='ocrx_word' id='word_1_266' title='bbox 1563 3447 1766 3504; x_wconf 90' lang='lat' dir='ltr'><strong>Idcirco</strong></span> <span class='ocrx_word' id='word_1_267' title='bbox 1791 3448 2095 3518; x_wconf 70' lang='lat' dir='ltr'><strong>Matthzeus,</strong></span> 
     </span>
    </p>
   </div>
   <div class='ocr_carea' id='block_1_34' title="bbox 510 3538 2097 3609">
    <p class='ocr_par' dir='ltr' id='par_1_34' title="bbox 510 3538 2097 3609">
     <span class='ocr_line' id='line_1_34' title="bbox 510 3538 2097 3609; baseline 0.004 -21"><span class='ocrx_word' id='word_1_268' title='bbox 510 3547 692 3606; x_wconf 87' lang='lat' dir='ltr'><strong>utpote</strong></span> <span class='ocrx_word' id='word_1_269' title='bbox 720 3538 811 3609; x_wconf 90' lang='lat' dir='ltr'><strong>qui</strong></span> <span class='ocrx_word' id='word_1_270' title='bbox 840 3538 1083 3594; x_wconf 63' lang='lat' dir='ltr'><strong>Hebraeis</strong></span> <span class='ocrx_word' id='word_1_271' title='bbox 1119 3539 1410 3604; x_wconf 87' lang='lat' dir='ltr'><strong>scriberet,</strong></span> <span class='ocrx_word' id='word_1_272' title='bbox 1443 3538 1575 3594; x_wconf 88' lang='lat' dir='ltr'><strong>nihil</strong></span> <span class='ocrx_word' id='word_1_273' title='bbox 1620 3539 1764 3594; x_wconf 84' lang='lat' dir='ltr'><strong>aliud</strong></span> <span class='ocrx_word' id='word_1_274' title='bbox 1811 3539 2097 3596; x_wconf 89' lang='lat' dir='ltr'><strong>ostendere</strong></span> 
     </span>
    </p>
   </div>
   <div class='ocr_carea' id='block_1_35' title="bbox 508 3629 2095 3702">
    <p class='ocr_par' dir='ltr' id='par_1_35' title="bbox 508 3629 2095 3702">
     <span class='ocr_line' id='line_1_35' title="bbox 508 3629 2095 3702; baseline 0.004 -20"><span class='ocrx_word' id='word_1_275' title='bbox 508 3629 740 3696; x_wconf 88' lang='lat' dir='ltr'><strong>studuit,</strong></span> <span class='ocrx_word' id='word_1_276' title='bbox 786 3646 947 3701; x_wconf 88' lang='lat' dir='ltr'><strong>quam</strong></span> <span class='ocrx_word' id='word_1_277' title='bbox 975 3631 1116 3702; x_wconf 91' lang='lat' dir='ltr'><strong>quod</strong></span> <span class='ocrx_word' id='word_1_278' title='bbox 1144 3631 1212 3686; x_wconf 88' lang='lat' dir='ltr'><strong>ab</strong></span> <span class='ocrx_word' id='word_1_279' title='bbox 1241 3631 1546 3688; x_wconf 88' lang='lat' dir='ltr'><strong>Abrahamo</strong></span> <span class='ocrx_word' id='word_1_280' title='bbox 1572 3641 1628 3688; x_wconf 91' lang='lat' dir='ltr'><strong>et</strong></span> <span class='ocrx_word' id='word_1_281' title='bbox 1671 3631 1869 3689; x_wconf 89' lang='lat' dir='ltr'><strong>Davide</strong></span> <span class='ocrx_word' id='word_1_282' title='bbox 1918 3643 2095 3688; x_wconf 91' lang='lat' dir='ltr'><strong>ortum</strong></span> 
     </span>
    </p>
   </div>
   <div class='ocr_carea' id='block_1_36' title="bbox 506 3719 2096 3793">
    <p class='ocr_par' dir='ltr' id='par_1_36' title="bbox 506 3719 2096 3793">
     <span class='ocr_line' id='line_1_36' title="bbox 506 3719 2096 3793; baseline 0.002 -19"><span class='ocrx_word' id='word_1_283' title='bbox 506 3719 728 3775; x_wconf 89' lang='lat' dir='ltr'><strong>duceret</strong></span> <span class='ocrx_word' id='word_1_284' title='bbox 753 3739 764 3774; x_wconf 93' lang='lat'>:</span> <span class='ocrx_word' id='word_1_285' title='bbox 812 3721 984 3776; x_wconf 89' lang='lat' dir='ltr'><strong>Lucas</strong></span> <span class='ocrx_word' id='word_1_286' title='bbox 1011 3737 1142 3776; x_wconf 87' lang='lat' dir='ltr'><strong>vero</strong></span> <span class='ocrx_word' id='word_1_287' title='bbox 1163 3765 1178 3787; x_wconf 96' lang='lat'><strong>,</strong></span> <span class='ocrx_word' id='word_1_288' title='bbox 1207 3723 1404 3792; x_wconf 78' lang='lat' dir='ltr'><strong>quippe</strong></span> <span class='ocrx_word' id='word_1_289' title='bbox 1431 3723 1521 3793; x_wconf 89' lang='lat' dir='ltr'><strong>qui</strong></span> <span class='ocrx_word' id='word_1_290' title='bbox 1552 3725 1800 3778; x_wconf 90' lang='lat' dir='ltr'><strong>omnibus</strong></span> <span class='ocrx_word' id='word_1_291' title='bbox 1830 3724 1988 3779; x_wconf 91' lang='lat' dir='ltr'><strong>simul</strong></span> <span class='ocrx_word' id='word_1_292' title='bbox 2015 3724 2096 3778; x_wconf 77' lang='lat' dir='ltr'><strong>lo-</strong></span> 
     </span>
    </p>
   </div>
   <div class='ocr_carea' id='block_1_37' title="bbox 507 3813 2094 3882">
    <p class='ocr_par' dir='ltr' id='par_1_37' title="bbox 507 3813 2094 3882">
     <span class='ocr_line' id='line_1_37' title="bbox 507 3813 2094 3882; baseline 0.003 -16"><span class='ocrx_word' id='word_1_293' title='bbox 507 3822 800 3882; x_wconf 83' lang='lat' dir='ltr'><strong>queretur,</strong></span> <span class='ocrx_word' id='word_1_294' title='bbox 830 3813 990 3868; x_wconf 84' lang='lat' dir='ltr'><strong>altius</strong></span> <span class='ocrx_word' id='word_1_295' title='bbox 1016 3827 1318 3869; x_wconf 83' lang='lat' dir='ltr'><strong>sermonem</strong></span> <span class='ocrx_word' id='word_1_296' title='bbox 1349 3815 1587 3869; x_wconf 82' lang='lat' dir='ltr'><strong>exteudit</strong></span> <span class='ocrx_word' id='word_1_297' title='bbox 1607 3857 1621 3879; x_wconf 93' lang='lat'><strong>,</strong></span> <span class='ocrx_word' id='word_1_298' title='bbox 1653 3826 1706 3869; x_wconf 93' lang='lat' dir='ltr'><strong>et</strong></span> <span class='ocrx_word' id='word_1_299' title='bbox 1735 3815 1801 3870; x_wconf 85' lang='lat' dir='ltr'><strong>ad</strong></span> <span class='ocrx_word' id='word_1_300' title='bbox 1831 3815 2094 3871; x_wconf 83' lang='lat' dir='ltr'><strong>Adamttm</strong></span> 
     </span>
    </p>
   </div>
   <div class='ocr_carea' id='block_1_38' title="bbox 509 3905 2094 3977">
    <p class='ocr_par' dir='ltr' id='par_1_38' title="bbox 509 3905 2094 3977">
     <span class='ocr_line' id='line_1_38' title="bbox 509 3905 2094 3977; baseline 0.002 -18"><span class='ocrx_word' id='word_1_301' title='bbox 509 3920 675 3976; x_wconf 88' lang='lat' dir='ltr'><strong>usque</strong></span> <span class='ocrx_word' id='word_1_302' title='bbox 717 3905 1074 3977; x_wconf 83' lang='lat' dir='ltr'><strong>progreditur.</strong></span> <span class='ocrx_word' id='word_1_303' title='bbox 1128 3906 1220 3961; x_wconf 86' lang='lat' dir='ltr'><strong>Ille</strong></span> <span class='ocrx_word' id='word_1_304' title='bbox 1263 3906 1478 3976; x_wconf 84' lang='lat' dir='ltr'><strong>quidem</strong></span> <span class='ocrx_word' id='word_1_305' title='bbox 1507 3925 1534 3960; x_wconf 88' lang='lat' dir='ltr'><strong>a</strong></span> <span class='ocrx_word' id='word_1_306' title='bbox 1563 3908 1907 3977; x_wconf 86' lang='lat' dir='ltr'><strong>generatione</strong></span> <span class='ocrx_word' id='word_1_307' title='bbox 1948 3908 2094 3962; x_wconf 87' lang='lat' dir='ltr'><strong>ducit</strong></span> 
     </span>
    </p>
   </div>
   <div class='ocr_carea' id='block_1_39' title="bbox 506 3996 2090 4069">
    <p class='ocr_par' dir='ltr' id='par_1_39' title="bbox 506 3996 2090 4069">
     <span class='ocr_line' id='line_1_39' title="bbox 506 3996 2090 4069; baseline 0.001 -17"><span class='ocrx_word' id='word_1_308' title='bbox 506 3997 784 4052; x_wconf 81' lang='lat' dir='ltr'><strong>exordium</strong></span> <span class='ocrx_word' id='word_1_309' title='bbox 818 4015 831 4050; x_wconf 92' lang='lat'><strong>:</strong></span> <span class='ocrx_word' id='word_1_310' title='bbox 873 3996 1005 4052; x_wconf 89' lang='lat' dir='ltr'><strong>nihil</strong></span> <span class='ocrx_word' id='word_1_311' title='bbox 1032 3998 1230 4068; x_wconf 79' lang='lat' dir='ltr'><strong>quippe</strong></span> <span class='ocrx_word' id='word_1_312' title='bbox 1258 4007 1363 4052; x_wconf 87' lang='lat' dir='ltr'><strong>tam</strong></span> <span class='ocrx_word' id='word_1_313' title='bbox 1395 3997 1581 4053; x_wconf 73' lang='lat' dir='ltr'><strong>Judmo</strong></span> <span class='ocrx_word' id='word_1_314' title='bbox 1610 3998 1820 4067; x_wconf 89' lang='lat' dir='ltr'><strong>placere</strong></span> <span class='ocrx_word' id='word_1_315' title='bbox 1845 4007 2090 4069; x_wconf 88' lang='lat' dir='ltr'><strong>poterat,</strong></span> 
     </span>
    </p>
   </div>
   <div class='ocr_carea' id='block_1_40' title="bbox 504 4084 2093 4160">
    <p class='ocr_par' dir='ltr' id='par_1_40' title="bbox 504 4084 2093 4160">
     <span class='ocr_line' id='line_1_40' title="bbox 504 4084 2093 4160; baseline 0.002 -18"><span class='ocrx_word' id='word_1_316' title='bbox 504 4105 662 4160; x_wconf 88' lang='lat' dir='ltr'><strong>quam</strong></span> <span class='ocrx_word' id='word_1_317' title='bbox 695 4089 738 4144; x_wconf 89' lang='lat' dir='ltr'><strong>si</strong></span> <span class='ocrx_word' id='word_1_318' title='bbox 782 4087 1056 4144; x_wconf 85' lang='lat' dir='ltr'><strong>Christum</strong></span> <span class='ocrx_word' id='word_1_319' title='bbox 1103 4088 1335 4143; x_wconf 67' lang='lat' dir='ltr'><strong>Abrahte</strong></span> <span class='ocrx_word' id='word_1_320' title='bbox 1361 4097 1421 4144; x_wconf 91' lang='lat' dir='ltr'><strong>et</strong></span> <span class='ocrx_word' id='word_1_321' title='bbox 1461 4084 1672 4145; x_wconf 79' lang='lat' dir='ltr'><strong>Davidis</strong></span> <span class='ocrx_word' id='word_1_322' title='bbox 1715 4089 1945 4145; x_wconf 90' lang='lat' dir='ltr'><strong>disceret</strong></span> <span class='ocrx_word' id='word_1_323' title='bbox 1972 4105 2093 4146; x_wconf 90' lang='lat' dir='ltr'><strong>esse</strong></span> 
     </span>
    </p>
   </div>
   <div class='ocr_carea' id='block_1_41' title="bbox 504 4180 2092 4251">
    <p class='ocr_par' dir='ltr' id='par_1_41' title="bbox 504 4180 2092 4251">
     <span class='ocr_line' id='line_1_41' title="bbox 504 4180 2092 4251; baseline 0.001 -16"><span class='ocrx_word' id='word_1_324' title='bbox 504 4189 753 4251; x_wconf 80' lang='lat' dir='ltr'><strong>nepotem</strong></span> <span class='ocrx_word' id='word_1_325' title='bbox 778 4197 793 4246; x_wconf 90' lang='lat'><strong>;</strong></span> <span class='ocrx_word' id='word_1_326' title='bbox 823 4181 909 4236; x_wconf 90' lang='lat' dir='ltr'><strong>hic</strong></span> <span class='ocrx_word' id='word_1_327' title='bbox 937 4195 1065 4235; x_wconf 89' lang='lat' dir='ltr'><strong>vero</strong></span> <span class='ocrx_word' id='word_1_328' title='bbox 1090 4194 1286 4246; x_wconf 90' lang='lat' dir='ltr'><strong>secus;</strong></span> <span class='ocrx_word' id='word_1_329' title='bbox 1320 4196 1443 4235; x_wconf 88' lang='lat' dir='ltr'><strong>nam</strong></span> <span class='ocrx_word' id='word_1_330' title='bbox 1472 4180 1651 4234; x_wconf 92' lang='lat' dir='ltr'><strong>multis</strong></span> <span class='ocrx_word' id='word_1_331' title='bbox 1681 4182 1828 4250; x_wconf 93' lang='lat' dir='ltr'><strong>prius</strong></span> <span class='ocrx_word' id='word_1_332' title='bbox 1855 4197 2092 4237; x_wconf 88' lang='lat' dir='ltr'><strong>comme-</strong></span> 
     </span>
    </p>
   </div>
   <div class='ocr_carea' id='block_1_42' title="bbox 501 4271 2090 4344">
    <p class='ocr_par' dir='ltr' id='par_1_42' title="bbox 501 4271 2090 4344">
     <span class='ocr_line' id='line_1_42' title="bbox 501 4271 2090 4344; baseline 0.001 -18"><span class='ocrx_word' id='word_1_333' title='bbox 501 4273 745 4339; x_wconf 81' lang='lat' dir='ltr'><strong>moratis,</strong></span> <span class='ocrx_word' id='word_1_334' title='bbox 769 4271 833 4327; x_wconf 89' lang='lat' dir='ltr'><strong>ad</strong></span> <span class='ocrx_word' id='word_1_335' title='bbox 852 4271 1220 4342; x_wconf 81' lang='lat' dir='ltr'><strong>genealogiam</strong></span> <span class='ocrx_word' id='word_1_336' title='bbox 1241 4272 1432 4326; x_wconf 85' lang='lat' dir='ltr'><strong>deinde</strong></span> <span class='ocrx_word' id='word_1_337' title='bbox 1455 4271 1708 4341; x_wconf 81' lang='lat' dir='ltr'><strong>procedit.</strong></span> <span class='ocrx_word' id='word_1_338' title='bbox 1733 4272 1948 4328; x_wconf 87' lang='lat' dir='ltr'><strong>Illorum</strong></span> <span class='ocrx_word' id='word_1_339' title='bbox 1967 4288 2090 4344; x_wconf 82' lang='lat' dir='ltr'><strong>por-</strong></span> 
     </span>
    </p>
   </div>
   <div class='ocr_carea' id='block_1_43' title="bbox 500 4364 2089 4435">
    <p class='ocr_par' dir='ltr' id='par_1_43' title="bbox 500 4364 2089 4435">
     <span class='ocr_line' id='line_1_43' title="bbox 500 4364 2089 4435; baseline 0.001 -17"><span class='ocrx_word' id='word_1_340' title='bbox 500 4381 563 4418; x_wconf 86' lang='lat' dir='ltr'><strong>ro</strong></span> <span class='ocrx_word' id='word_1_341' title='bbox 592 4365 936 4421; x_wconf 87' lang='lat' dir='ltr'><strong>concordiam</strong></span> <span class='ocrx_word' id='word_1_342' title='bbox 961 4406 978 4432; x_wconf 93' lang='lat'><strong>,</strong></span> <span class='ocrx_word' id='word_1_343' title='bbox 1009 4365 1140 4419; x_wconf 89' lang='lat' dir='ltr'><strong>urbe</strong></span> <span class='ocrx_word' id='word_1_344' title='bbox 1173 4373 1284 4418; x_wconf 90' lang='lat' dir='ltr'><strong>toto</strong></span> <span class='ocrx_word' id='word_1_345' title='bbox 1313 4373 1448 4419; x_wconf 88' lang='lat' dir='ltr'><strong>teste</strong></span> <span class='ocrx_word' id='word_1_346' title='bbox 1480 4364 1853 4434; x_wconf 80' lang='lat' dir='ltr'><strong>probabimus,</strong></span> <span class='ocrx_word' id='word_1_347' title='bbox 1885 4365 1975 4435; x_wconf 93' lang='lat' dir='ltr'><strong>qui</strong></span> <span class='ocrx_word' id='word_1_348' title='bbox 2002 4365 2089 4420; x_wconf 91' lang='lat' dir='ltr'><strong>illa</strong></span> 
     </span>
    </p>
   </div>
   <div class='ocr_carea' id='block_1_44' title="bbox 501 4456 2089 4527">
    <p class='ocr_par' dir='ltr' id='par_1_44' title="bbox 501 4456 2089 4527">
     <span class='ocr_line' id='line_1_44' title="bbox 501 4456 2089 4527; baseline 0.001 -16"><span class='ocrx_word' id='word_1_349' title='bbox 501 4458 768 4527; x_wconf 86' lang='lat' dir='ltr'><strong>suscepit;</strong></span> <span class='ocrx_word' id='word_1_350' title='bbox 800 4459 907 4513; x_wconf 92' lang='lat' dir='ltr'><strong>imo</strong></span> <span class='ocrx_word' id='word_1_351' title='bbox 929 4464 1094 4513; x_wconf 89' lang='lat' dir='ltr'><strong>testes</strong></span> <span class='ocrx_word' id='word_1_352' title='bbox 1115 4456 1342 4512; x_wconf 90' lang='lat' dir='ltr'><strong>aderunt</strong></span> <span class='ocrx_word' id='word_1_353' title='bbox 1365 4456 1462 4525; x_wconf 90' lang='lat' dir='ltr'><strong>ipsi</strong></span> <span class='ocrx_word' id='word_1_354' title='bbox 1493 4458 1732 4513; x_wconf 87' lang='lat' dir='ltr'><strong>veritatis</strong></span> <span class='ocrx_word' id='word_1_355' title='bbox 1756 4458 1975 4513; x_wconf 84' lang='lat' dir='ltr'><strong>inimici.</strong></span> <span class='ocrx_word' id='word_1_356' title='bbox 2002 4457 2089 4513; x_wconf 85' lang='lat' dir='ltr'><strong>Si-</strong></span> 
     </span>
    </p>
   </div>
   <div class='ocr_carea' id='block_1_45' title="bbox 499 4549 2087 4622">
    <p class='ocr_par' dir='ltr' id='par_1_45' title="bbox 499 4549 2087 4622">
     <span class='ocr_line' id='line_1_45' title="bbox 499 4549 2087 4622; baseline 0.001 -18"><span class='ocrx_word' id='word_1_357' title='bbox 499 4551 714 4622; x_wconf 89' lang='lat' dir='ltr'><strong>quidem</strong></span> <span class='ocrx_word' id='word_1_358' title='bbox 746 4551 927 4605; x_wconf 70' lang='lat' dir='ltr'><strong>multte</strong></span> <span class='ocrx_word' id='word_1_359' title='bbox 966 4559 1084 4620; x_wconf 88' lang='lat' dir='ltr'><strong>post</strong></span> <span class='ocrx_word' id='word_1_360' title='bbox 1122 4550 1241 4605; x_wconf 85' lang='lat' dir='ltr'><strong>illos</strong></span> <span class='ocrx_word' id='word_1_361' title='bbox 1278 4549 1514 4605; x_wconf 70' lang='lat' dir='ltr'><strong>haereses</strong></span> <span class='ocrx_word' id='word_1_362' title='bbox 1558 4550 1926 4621; x_wconf 85' lang='lat' dir='ltr'><strong>pullularunt,</strong></span> <span class='ocrx_word' id='word_1_363' title='bbox 1954 4565 2087 4606; x_wconf 87' lang='lat' dir='ltr'><strong>con-</strong></span> 
     </span>
    </p>
   </div>
   <div class='ocr_carea' id='block_1_46' title="bbox 500 4642 2088 4712">
    <p class='ocr_par' dir='ltr' id='par_1_46' title="bbox 500 4642 2088 4712">
     <span class='ocr_line' id='line_1_46' title="bbox 500 4642 2088 4712; baseline 0.001 -16"><span class='ocrx_word' id='word_1_364' title='bbox 500 4643 661 4697; x_wconf 86' lang='lat' dir='ltr'><strong>traria</strong></span> <span class='ocrx_word' id='word_1_365' title='bbox 683 4644 748 4696; x_wconf 88' lang='lat' dir='ltr'><strong>iis</strong></span> <span class='ocrx_word' id='word_1_366' title='bbox 768 4657 887 4712; x_wconf 78' lang='lat' dir='ltr'><strong>qua:</strong></span> <span class='ocrx_word' id='word_1_367' title='bbox 912 4642 1049 4697; x_wconf 88' lang='lat' dir='ltr'><strong>dicta</strong></span> <span class='ocrx_word' id='word_1_368' title='bbox 1076 4651 1202 4697; x_wconf 92' lang='lat' dir='ltr'><strong>sunt</strong></span> <span class='ocrx_word' id='word_1_369' title='bbox 1225 4643 1506 4712; x_wconf 87' lang='lat' dir='ltr'><strong>opinantes</strong></span> <span class='ocrx_word' id='word_1_370' title='bbox 1531 4684 1548 4708; x_wconf 93' lang='lat'><strong>,</strong></span> <span class='ocrx_word' id='word_1_371' title='bbox 1586 4658 1812 4712; x_wconf 89' lang='lat' dir='ltr'><strong>quarum</strong></span> <span class='ocrx_word' id='word_1_372' title='bbox 1834 4643 1951 4697; x_wconf 71' lang='lat' dir='ltr'><strong>alia:</strong></span> <span class='ocrx_word' id='word_1_373' title='bbox 1970 4657 2088 4698; x_wconf 83' lang='lat' dir='ltr'><strong>om-</strong></span> 
     </span>
    </p>
   </div>
   <div class='ocr_carea' id='block_1_47' title="bbox 497 4734 2088 4806">
    <p class='ocr_par' dir='ltr' id='par_1_47' title="bbox 497 4734 2088 4806">
     <span class='ocr_line' id='line_1_47' title="bbox 497 4734 2088 4806; baseline -0.001 -17"><span class='ocrx_word' id='word_1_374' title='bbox 497 4736 585 4790; x_wconf 90' lang='lat' dir='ltr'><strong>nia</strong></span> <span class='ocrx_word' id='word_1_375' title='bbox 625 4751 743 4806; x_wconf 69' lang='lat' dir='ltr'><strong>qua!</strong></span> <span class='ocrx_word' id='word_1_376' title='bbox 783 4735 976 4805; x_wconf 88' lang='lat' dir='ltr'><strong>scripta</strong></span> <span class='ocrx_word' id='word_1_377' title='bbox 1014 4742 1141 4790; x_wconf 85' lang='lat' dir='ltr'><strong>sunt</strong></span> <span class='ocrx_word' id='word_1_378' title='bbox 1175 4741 1544 4804; x_wconf 86' lang='lat' dir='ltr'><strong>acceperunt;</strong></span> <span class='ocrx_word' id='word_1_379' title='bbox 1583 4734 1704 4789; x_wconf 71' lang='lat' dir='ltr'><strong>alia:</strong></span> <span class='ocrx_word' id='word_1_380' title='bbox 1741 4750 1870 4788; x_wconf 86' lang='lat' dir='ltr'><strong>vero</strong></span> <span class='ocrx_word' id='word_1_381' title='bbox 1908 4745 2088 4805; x_wconf 87' lang='lat' dir='ltr'><strong>partes</strong></span> 
     </span>
    </p>
   </div>
   <div class='ocr_carea' id='block_1_48' title="bbox 497 4825 2082 4899">
    <p class='ocr_par' dir='ltr' id='par_1_48' title="bbox 497 4825 2082 4899">
     <span class='ocr_line' id='line_1_48' title="bbox 497 4825 2082 4899; baseline -0.002 -15"><span class='ocrx_word' id='word_1_382' title='bbox 497 4838 702 4884; x_wconf 88' lang='lat' dir='ltr'><strong>tantum</strong></span> <span class='ocrx_word' id='word_1_383' title='bbox 743 4828 997 4899; x_wconf 87' lang='lat' dir='ltr'><strong>quasdam</strong></span> <span class='ocrx_word' id='word_1_384' title='bbox 1020 4827 1386 4896; x_wconf 89' lang='lat' dir='ltr'><strong>admiserunt,</strong></span> <span class='ocrx_word' id='word_1_385' title='bbox 1415 4835 1470 4882; x_wconf 90' lang='lat' dir='ltr'><strong>et</strong></span> <span class='ocrx_word' id='word_1_386' title='bbox 1489 4825 1631 4897; x_wconf 78' lang='lat' dir='ltr'><strong>apud</strong></span> <span class='ocrx_word' id='word_1_387' title='bbox 1651 4841 1711 4882; x_wconf 89' lang='lat' dir='ltr'><strong>se</strong></span> <span class='ocrx_word' id='word_1_388' title='bbox 1733 4826 1946 4881; x_wconf 86' lang='lat' dir='ltr'><strong>mutilas</strong></span> <span class='ocrx_word' id='word_1_389' title='bbox 1967 4841 2082 4881; x_wconf 91' lang='lat' dir='ltr'><strong>ser-</strong></span> 
     </span>
    </p>
   </div>
   <div class='ocr_carea' id='block_1_49' title="bbox 495 4919 2083 4992">
    <p class='ocr_par' dir='ltr' id='par_1_49' title="bbox 495 4919 2083 4992">
     <span class='ocr_line' id='line_1_49' title="bbox 495 4919 2083 4992; baseline -0.001 -16"><span class='ocrx_word' id='word_1_390' title='bbox 495 4931 640 4978; x_wconf 87' lang='lat' dir='ltr'><strong>vant.</strong></span> <span class='ocrx_word' id='word_1_391' title='bbox 683 4921 835 4989; x_wconf 85' lang='lat' dir='ltr'><strong>Quod</strong></span> <span class='ocrx_word' id='word_1_392' title='bbox 865 4922 910 4976; x_wconf 92' lang='lat' dir='ltr'><strong>si</strong></span> <span class='ocrx_word' id='word_1_393' title='bbox 942 4936 1114 4992; x_wconf 84' lang='lat' dir='ltr'><strong>pugna</strong></span> <span class='ocrx_word' id='word_1_394' title='bbox 1156 4920 1333 4990; x_wconf 92' lang='lat' dir='ltr'><strong>aliqua</strong></span> <span class='ocrx_word' id='word_1_395' title='bbox 1359 4921 1412 4976; x_wconf 91' lang='lat' dir='ltr'><strong>in</strong></span> <span class='ocrx_word' id='word_1_396' title='bbox 1443 4920 1598 4976; x_wconf 90' lang='lat' dir='ltr'><strong>dictis</strong></span> <span class='ocrx_word' id='word_1_397' title='bbox 1627 4929 1807 4985; x_wconf 89' lang='lat' dir='ltr'><strong>esset,</strong></span> <span class='ocrx_word' id='word_1_398' title='bbox 1837 4919 1942 4975; x_wconf 69' lang='lat' dir='ltr'><strong>illa:</strong></span> <span class='ocrx_word' id='word_1_399' title='bbox 1966 4936 2083 4990; x_wconf 76' lang='lat' dir='ltr'><strong>qua:</strong></span> 
     </span>
    </p>
   </div>
   <div class='ocr_carea' id='block_1_50' title="bbox 494 5013 2079 5086">
    <p class='ocr_par' dir='ltr' id='par_1_50' title="bbox 494 5013 2079 5086">
     <span class='ocr_line' id='line_1_50' title="bbox 494 5013 2079 5086; baseline 0 -15"><span class='ocrx_word' id='word_1_400' title='bbox 494 5031 560 5072; x_wconf 83' lang='lat' dir='ltr'><strong>ex</strong></span> <span class='ocrx_word' id='word_1_401' title='bbox 585 5015 811 5070; x_wconf 85' lang='lat' dir='ltr'><strong>adverso</strong></span> <span class='ocrx_word' id='word_1_402' title='bbox 837 5014 1126 5083; x_wconf 82' lang='lat' dir='ltr'><strong>loquuntur</strong></span> <span class='ocrx_word' id='word_1_403' title='bbox 1145 5013 1379 5069; x_wconf 72' lang='lat' dir='ltr'><strong>haereses</strong></span> <span class='ocrx_word' id='word_1_404' title='bbox 1401 5028 1505 5068; x_wconf 90' lang='lat' dir='ltr'><strong>non</strong></span> <span class='ocrx_word' id='word_1_405' title='bbox 1528 5014 1706 5069; x_wconf 90' lang='lat' dir='ltr'><strong>omnia</strong></span> <span class='ocrx_word' id='word_1_406' title='bbox 1728 5015 2079 5086; x_wconf 84' lang='lat' dir='ltr'><strong>recepissent,</strong></span> 
     </span>
    </p>
   </div>
   <div class='ocr_carea' id='block_1_51' title="bbox 492 5105 2076 5178">
    <p class='ocr_par' dir='ltr' id='par_1_51' title="bbox 492 5105 2076 5178">
     <span class='ocr_line' id='line_1_51' title="bbox 492 5105 2076 5178; baseline -0.001 -14"><span class='ocrx_word' id='word_1_407' title='bbox 492 5108 588 5164; x_wconf 84' lang='lat' dir='ltr'><strong>sed</strong></span> <span class='ocrx_word' id='word_1_408' title='bbox 635 5107 776 5164; x_wconf 79' lang='lat' dir='ltr'><strong>illam</strong></span> <span class='ocrx_word' id='word_1_409' title='bbox 816 5115 1021 5162; x_wconf 90' lang='lat' dir='ltr'><strong>tantum</strong></span> <span class='ocrx_word' id='word_1_410' title='bbox 1052 5114 1255 5178; x_wconf 90' lang='lat' dir='ltr'><strong>partem</strong></span> <span class='ocrx_word' id='word_1_411' title='bbox 1283 5121 1402 5178; x_wconf 65' lang='lat' dir='ltr'><strong>qua:</strong></span> <span class='ocrx_word' id='word_1_412' title='bbox 1433 5105 1530 5162; x_wconf 88' lang='lat' dir='ltr'><strong>sibi</strong></span> <span class='ocrx_word' id='word_1_413' title='bbox 1563 5105 1742 5162; x_wconf 88' lang='lat' dir='ltr'><strong>favere</strong></span> <span class='ocrx_word' id='word_1_414' title='bbox 1770 5107 2076 5176; x_wconf 87' lang='lat' dir='ltr'><strong>videretur;</strong></span> 
     </span>
    </p>
   </div>
   <div class='ocr_carea' id='block_1_52' title="bbox 496 5193 2080 5269">
    <p class='ocr_par' dir='ltr' id='par_1_52' title="bbox 496 5193 2080 5269">
     <span class='ocr_line' id='line_1_52' title="bbox 496 5193 2080 5269; baseline -0.007 -15"><span class='ocrx_word' id='word_1_415' title='bbox 496 5215 675 5269; x_wconf 87' lang='lat' dir='ltr'><strong>neque</strong></span> <span class='ocrx_word' id='word_1_416' title='bbox 691 5199 797 5255; x_wconf 62' lang='lat' dir='ltr'><strong>illa;</strong></span> <span class='ocrx_word' id='word_1_417' title='bbox 821 5215 942 5269; x_wconf 75' lang='lat' dir='ltr'><strong>qua:</strong></span> <span class='ocrx_word' id='word_1_418' title='bbox 961 5207 1168 5267; x_wconf 89' lang='lat' dir='ltr'><strong>partem</strong></span> <span class='ocrx_word' id='word_1_419' title='bbox 1197 5201 1545 5264; x_wconf 90' lang='lat' dir='ltr'><strong>acceperunt,</strong></span> <span class='ocrx_word' id='word_1_420' title='bbox 1565 5193 1634 5247; x_wconf 90' lang='lat' dir='ltr'><strong>ab</strong></span> <span class='ocrx_word' id='word_1_421' title='bbox 1659 5193 1749 5246; x_wconf 90' lang='lat' dir='ltr'><strong>illa</strong></span> <span class='ocrx_word' id='word_1_422' title='bbox 1773 5201 1924 5262; x_wconf 89' lang='lat' dir='ltr'><strong>parte</strong></span> <span class='ocrx_word' id='word_1_423' title='bbox 1948 5204 2080 5245; x_wconf 85' lang='lat' dir='ltr'><strong>con-</strong></span> 
     </span>
    </p>
   </div>
   <div class='ocr_carea' id='block_1_53' title="bbox 495 5279 2078 5354">
    <p class='ocr_par' dir='ltr' id='par_1_53' title="bbox 495 5279 2078 5354">
     <span class='ocr_line' id='line_1_53' title="bbox 495 5279 2078 5354; baseline -0.003 -16"><span class='ocrx_word' id='word_1_424' title='bbox 495 5287 878 5350; x_wconf 88' lang='lat' dir='ltr'><strong>vincerentur,</strong></span> <span class='ocrx_word' id='word_1_425' title='bbox 906 5293 1128 5354; x_wconf 89' lang='lat' dir='ltr'><strong>propter</strong></span> <span class='ocrx_word' id='word_1_426' title='bbox 1171 5283 1418 5354; x_wconf 89' lang='lat' dir='ltr'><strong>ipsorum</strong></span> <span class='ocrx_word' id='word_1_427' title='bbox 1465 5280 1893 5352; x_wconf 87' lang='lat' dir='ltr'><strong>fragmentorum</strong></span> <span class='ocrx_word' id='word_1_428' title='bbox 1934 5279 2078 5334; x_wconf 90' lang='lat' dir='ltr'><strong>noti-</strong></span> 
     </span>
    </p>
   </div>
   <div class='ocr_carea' id='block_1_54' title="bbox 499 5370 2080 5447">
    <p class='ocr_par' dir='ltr' id='par_1_54' title="bbox 499 5370 2080 5447">
     <span class='ocr_line' id='line_1_54' title="bbox 499 5370 2080 5447; baseline -0.004 -17"><span class='ocrx_word' id='word_1_429' title='bbox 499 5376 813 5447; x_wconf 89' lang='lat' dir='ltr'><strong>tiam,quasi</strong></span> <span class='ocrx_word' id='word_1_430' title='bbox 831 5374 1230 5432; x_wconf 89' lang='lat' dir='ltr'><strong>clamitantium</strong></span> <span class='ocrx_word' id='word_1_431' title='bbox 1257 5388 1414 5431; x_wconf 87' lang='lat' dir='ltr'><strong>suam</strong></span> <span class='ocrx_word' id='word_1_432' title='bbox 1439 5387 1562 5428; x_wconf 92' lang='lat' dir='ltr'><strong>cum</strong></span> <span class='ocrx_word' id='word_1_433' title='bbox 1587 5379 1697 5426; x_wconf 92' lang='lat' dir='ltr'><strong>toto</strong></span> <span class='ocrx_word' id='word_1_434' title='bbox 1713 5370 1833 5426; x_wconf 89' lang='lat' dir='ltr'><strong>libri</strong></span> <span class='ocrx_word' id='word_1_435' title='bbox 1851 5384 2080 5440; x_wconf 88' lang='lat' dir='ltr'><strong>corpore</strong></span> 
     </span>
    </p>
   </div>
   <div class='ocr_carea' id='block_1_55' title="bbox 557 5611 2072 5678">
    <p class='ocr_par' dir='ltr' id='par_1_55' title="bbox 557 5611 2072 5678">
     <span class='ocr_line' id='line_1_55' title="bbox 557 5611 2072 5678; baseline 0.003 -14"><span class='ocrx_word' id='word_1_436' title='bbox 557 5621 571 5649; x_wconf 78' lang='grc' dir='ltr'>ί</span> <span class='ocrx_word' id='word_1_437' title='bbox 595 5616 679 5666; x_wconf 86' lang='lat' dir='ltr'><strong>Sic</strong></span> <span class='ocrx_word' id='word_1_438' title='bbox 700 5613 854 5665; x_wconf 83' lang='lat' dir='ltr'><strong>Savil.</strong></span> <span class='ocrx_word' id='word_1_439' title='bbox 877 5618 1126 5678; x_wconf 88' lang='lat' dir='ltr'><strong>et_omnes_</strong></span> <span class='ocrx_word' id='word_1_440' title='bbox 1141 5625 1273 5678; x_wconf 78' lang='lat' dir='ltr'><strong>pene</strong></span> <span class='ocrx_word' id='word_1_441' title='bbox 1309 5613 1419 5662; x_wconf 78' lang='lat' dir='ltr'><strong>Mss.</strong></span> <span class='ocrx_word' id='word_1_442' title='bbox 1443 5619 1592 5678; x_wconf 83' lang='lat' dir='ltr'><strong>atque</strong></span> <span class='ocrx_word' id='word_1_443' title='bbox 1617 5611 1682 5664; x_wconf 90' lang='lat' dir='ltr'><strong>ita</strong></span> <span class='ocrx_word' id='word_1_444' title='bbox 1707 5616 1831 5678; x_wconf 83' lang='lat' dir='ltr'><strong>legit</strong></span> <span class='ocrx_word' id='word_1_445' title='bbox 1856 5615 2072 5668; x_wconf 74' lang='lat' dir='ltr'><strong>Atrianus</strong></span> 
     </span>
    </p>
   </div>
   <div class='ocr_carea' id='block_1_56' title="bbox 494 5673 1393 5732">
    <p class='ocr_par' dir='ltr' id='par_1_56' title="bbox 494 5673 1393 5732">
     <span class='ocr_line' id='line_1_56' title="bbox 494 5673 1393 5732; baseline -0.003 -5"><span class='ocrx_word' id='word_1_446' title='bbox 494 5688 650 5727; x_wconf 86' lang='lat' dir='ltr'><strong>recte.</strong></span> <span class='ocrx_word' id='word_1_447' title='bbox 680 5679 875 5732; x_wconf 74' lang='lat' dir='ltr'><strong>Morel.,</strong></span> <span class='ocrx_word' id='word_1_448' title='bbox 898 5674 974 5726; x_wconf 84' lang='lat' dir='ltr'><strong>sin</strong></span> <span class='ocrx_word' id='word_1_449' title='bbox 994 5673 1156 5723; x_wconf 81' lang='lat' dir='ltr'><strong>omnid</strong></span> <span class='ocrx_word' id='word_1_450' title='bbox 1177 5674 1393 5724; x_wconf 80' lang='lat' dir='ltr'><strong>diversa.</strong></span> 
     </span>
    </p>
   </div>
   <div class='ocr_carea' id='block_1_57' title="bbox 555 5736 2072 5805">
    <p class='ocr_par' dir='ltr' id='par_1_57' title="bbox 555 5736 2072 5805">
     <span class='ocr_line' id='line_1_57' title="bbox 555 5736 2072 5805; baseline 0.003 -19"><span class='ocrx_word' id='word_1_451' title='bbox 555 5743 582 5805; x_wconf 65' lang='lat'><strong>*_</strong></span> <span class='ocrx_word' id='word_1_452' title='bbox 602 5739 673 5787; x_wconf 86' lang='lat' dir='ltr'><strong>lla</strong></span> <span class='ocrx_word' id='word_1_453' title='bbox 695 5747 830 5805; x_wconf 67' lang='lat' dir='ltr'><strong>recte</strong></span> <span class='ocrx_word' id='word_1_454' title='bbox 853 5736 1004 5805; x_wconf 80' lang='lat' dir='ltr'><strong>Savil.</strong></span> <span class='ocrx_word' id='word_1_455' title='bbox 1030 5736 1422 5805; x_wconf 80' lang='lat' dir='ltr'><strong>et_manusrrip_ti</strong></span> <span class='ocrx_word' id='word_1_456' title='bbox 1442 5750 1647 5797; x_wconf 87' lang='lat' dir='ltr'><strong>omnes;</strong></span> <span class='ocrx_word' id='word_1_457' title='bbox 1675 5746 1824 5805; x_wconf 80' lang='lat' dir='ltr'><strong>atque</strong></span> <span class='ocrx_word' id='word_1_458' title='bbox 1849 5737 1916 5789; x_wconf 87' lang='lat' dir='ltr'><strong>ita</strong></span> <span class='ocrx_word' id='word_1_459' title='bbox 1943 5739 2072 5805; x_wconf 83' lang='lat' dir='ltr'><strong>legit</strong></span> 
     </span>
    </p>
   </div>
   <div class='ocr_carea' id='block_1_58' title="bbox 491 5795 1954 5861">
    <p class='ocr_par' dir='ltr' id='par_1_58' title="bbox 491 5795 1954 5861">
     <span class='ocr_line' id='line_1_58' title="bbox 491 5795 1954 5861; baseline -0.001 -9"><span class='ocrx_word' id='word_1_460' title='bbox 491 5801 730 5852; x_wconf 66' lang='lat' dir='ltr'><strong>Annianus.</strong></span> <span class='ocrx_word' id='word_1_461' title='bbox 760 5799 933 5849; x_wconf 80' lang='lat' dir='ltr'><strong>Morel.</strong></span> <span class='ocrx_word' id='word_1_462' title='bbox 959 5811 1079 5848; x_wconf 88' lang='lat' dir='ltr'><strong>vero</strong></span> <span class='ocrx_word' id='word_1_463' title='bbox 1095 5795 1240 5860; x_wconf 82' lang='lat' dir='ltr'><strong>legit,</strong></span> <span class='ocrx_word' id='word_1_464' title='bbox 1262 5795 1445 5860; x_wconf 79' lang='lat' dir='ltr'><strong>omnia,</strong></span> <span class='ocrx_word' id='word_1_465' title='bbox 1471 5813 1579 5861; x_wconf 89' lang='lat' dir='ltr'><strong>pro,</strong></span> <span class='ocrx_word' id='word_1_466' title='bbox 1603 5795 1756 5850; x_wconf 72' lang='lat' dir='ltr'><strong>multa</strong></span> <span class='ocrx_word' id='word_1_467' title='bbox 1777 5815 1790 5859; x_wconf 83' lang='lat'><strong>;</strong></span> <span class='ocrx_word' id='word_1_468' title='bbox 1813 5805 1954 5853; x_wconf 84' lang='lat' dir='ltr'><strong>male.</strong></span> 
     </span>
    </p>
   </div>
   <div class='ocr_carea' id='block_1_59' title="bbox 2261 501 3842 584">
    <p class='ocr_par' dir='ltr' id='par_1_59' title="bbox 2261 501 3842 584">
     <span class='ocr_line' id='line_1_59' title="bbox 2261 501 3842 584; baseline 0.011 -29"><span class='ocrx_word' id='word_1_469' title='bbox 2261 501 2697 556; x_wconf 88' lang='lat' dir='ltr'><strong>consensionem.</strong></span> <span class='ocrx_word' id='word_1_470' title='bbox 2732 501 3198 568; x_wconf 87' lang='lat' dir='ltr'><strong>Quemadmodum</strong></span> <span class='ocrx_word' id='word_1_471' title='bbox 3227 503 3272 560; x_wconf 93' lang='lat' dir='ltr'><strong>si</strong></span> <span class='ocrx_word' id='word_1_472' title='bbox 3311 517 3380 561; x_wconf 78' lang='lat' dir='ltr'><strong>ex</strong></span> <span class='ocrx_word' id='word_1_473' title='bbox 3408 506 3576 565; x_wconf 88' lang='lat' dir='ltr'><strong>latere</strong></span> <span class='ocrx_word' id='word_1_474' title='bbox 3604 510 3842 584; x_wconf 85' lang='lat' dir='ltr'><strong>aliquam</strong></span> 
     </span>
    </p>
   </div>
   <div class='ocr_carea' id='block_1_60' title="bbox 2260 594 3841 677">
    <p class='ocr_par' dir='ltr' id='par_1_60' title="bbox 2260 594 3841 677">
     <span class='ocr_line' id='line_1_60' title="bbox 2260 594 3841 677; baseline 0.009 -29"><span class='ocrx_word' id='word_1_475' title='bbox 2260 602 2470 662; x_wconf 90' lang='lat' dir='ltr'><strong>partem</strong></span> <span class='ocrx_word' id='word_1_476' title='bbox 2493 608 2701 661; x_wconf 90' lang='lat' dir='ltr'><strong>sumas,</strong></span> <span class='ocrx_word' id='word_1_477' title='bbox 2729 595 2784 648; x_wconf 90' lang='lat' dir='ltr'><strong>in</strong></span> <span class='ocrx_word' id='word_1_478' title='bbox 2807 594 2894 648; x_wconf 91' lang='lat' dir='ltr'><strong>illa</strong></span> <span class='ocrx_word' id='word_1_479' title='bbox 2913 603 3069 664; x_wconf 90' lang='lat' dir='ltr'><strong>parte</strong></span> <span class='ocrx_word' id='word_1_480' title='bbox 3089 611 3150 648; x_wconf 86' lang='lat' dir='ltr'><strong>ea</strong></span> <span class='ocrx_word' id='word_1_481' title='bbox 3171 597 3357 652; x_wconf 89' lang='lat' dir='ltr'><strong>omnia</strong></span> <span class='ocrx_word' id='word_1_482' title='bbox 3379 599 3623 658; x_wconf 87' lang='lat' dir='ltr'><strong>invenies</strong></span> <span class='ocrx_word' id='word_1_483' title='bbox 3643 621 3703 660; x_wconf 80' lang='lat' dir='ltr'><strong>ex</strong></span> <span class='ocrx_word' id='word_1_484' title='bbox 3729 609 3841 677; x_wconf 89' lang='lat' dir='ltr'><strong>qui-</strong></span> 
     </span>
    </p>
   </div>
   <div class='ocr_carea' id='block_1_61' title="bbox 2260 686 3839 765">
    <p class='ocr_par' dir='ltr' id='par_1_61' title="bbox 2260 686 3839 765">
     <span class='ocr_line' id='line_1_61' title="bbox 2260 686 3839 765; baseline 0.01 -24"><span class='ocrx_word' id='word_1_485' title='bbox 2260 686 2363 741; x_wconf 92' lang='lat' dir='ltr'><strong>bus</strong></span> <span class='ocrx_word' id='word_1_486' title='bbox 2373 695 2587 742; x_wconf 89' lang='lat' dir='ltr'><strong>constat</strong></span> <span class='ocrx_word' id='word_1_487' title='bbox 2606 696 2776 742; x_wconf 90' lang='lat' dir='ltr'><strong>totum</strong></span> <span class='ocrx_word' id='word_1_488' title='bbox 2792 688 3839 765; x_wconf 86' lang='lat' dir='ltr'><strong>animal,nervos,venas,ossa,arterias,</strong></span> 
     </span>
    </p>
   </div>
   <div class='ocr_carea' id='block_1_62' title="bbox 2258 777 3838 852">
    <p class='ocr_par' dir='ltr' id='par_1_62' title="bbox 2258 777 3838 852">
     <span class='ocr_line' id='line_1_62' title="bbox 2258 777 3838 852; baseline 0.011 -22"><span class='ocrx_word' id='word_1_489' title='bbox 2258 777 2599 848; x_wconf 83' lang='lat' dir='ltr'><strong>sanguinem,</strong></span> <span class='ocrx_word' id='word_1_490' title='bbox 2622 787 2678 833; x_wconf 86' lang='lat' dir='ltr'><strong>et</strong></span> <span class='ocrx_word' id='word_1_491' title='bbox 2708 779 2896 845; x_wconf 90' lang='lat' dir='ltr'><strong>totius,</strong></span> <span class='ocrx_word' id='word_1_492' title='bbox 2921 789 2980 833; x_wconf 89' lang='lat' dir='ltr'><strong>ut</strong></span> <span class='ocrx_word' id='word_1_493' title='bbox 3015 781 3087 836; x_wconf 90' lang='lat' dir='ltr'><strong>ita</strong></span> <span class='ocrx_word' id='word_1_494' title='bbox 3129 781 3329 852; x_wconf 89' lang='lat' dir='ltr'><strong>dicam,</strong></span> <span class='ocrx_word' id='word_1_495' title='bbox 3354 799 3553 842; x_wconf 63' lang='lat' dir='ltr'><strong>massae</strong></span> <span class='ocrx_word' id='word_1_496' title='bbox 3574 787 3838 848; x_wconf 90' lang='lat' dir='ltr'><strong>iudicium</strong></span> 
     </span>
    </p>
   </div>
   <div class='ocr_carea' id='block_1_63' title="bbox 2256 866 3836 950">
    <p class='ocr_par' dir='ltr' id='par_1_63' title="bbox 2256 866 3836 950">
     <span class='ocr_line' id='line_1_63' title="bbox 2256 866 3836 950; baseline 0.011 -29"><span class='ocrx_word' id='word_1_497' title='bbox 2256 875 2312 921; x_wconf 91' lang='lat' dir='ltr'><strong>et</strong></span> <span class='ocrx_word' id='word_1_498' title='bbox 2327 866 2716 924; x_wconf 90' lang='lat' dir='ltr'><strong>documentum</strong></span> <span class='ocrx_word' id='word_1_499' title='bbox 2746 887 2760 924; x_wconf 93' lang='lat'>:</span> <span class='ocrx_word' id='word_1_500' title='bbox 2789 870 2869 924; x_wconf 86' lang='lat' dir='ltr'><strong>sic</strong></span> <span class='ocrx_word' id='word_1_501' title='bbox 2901 871 3067 926; x_wconf 90' lang='lat' dir='ltr'><strong>etiam</strong></span> <span class='ocrx_word' id='word_1_502' title='bbox 3104 873 3157 928; x_wconf 92' lang='lat' dir='ltr'><strong>in</strong></span> <span class='ocrx_word' id='word_1_503' title='bbox 3193 871 3492 946; x_wconf 89' lang='lat' dir='ltr'><strong>Scripturis</strong></span> <span class='ocrx_word' id='word_1_504' title='bbox 3513 878 3694 936; x_wconf 88' lang='lat' dir='ltr'><strong>videre</strong></span> <span class='ocrx_word' id='word_1_505' title='bbox 3714 892 3836 950; x_wconf 88' lang='lat' dir='ltr'><strong>est;</strong></span> 
     </span>
    </p>
   </div>
   <div class='ocr_carea' id='block_1_64' title="bbox 2256 956 3838 1031">
    <p class='ocr_par' dir='ltr' id='par_1_64' title="bbox 2256 956 3838 1031">
     <span class='ocr_line' id='line_1_64' title="bbox 2256 956 3838 1031; baseline 0.011 -21"><span class='ocrx_word' id='word_1_506' title='bbox 2256 956 2610 1026; x_wconf 89' lang='lat' dir='ltr'><strong>conspicuam</strong></span> <span class='ocrx_word' id='word_1_507' title='bbox 2639 958 2886 1013; x_wconf 89' lang='lat' dir='ltr'><strong>videlicet</strong></span> <span class='ocrx_word' id='word_1_508' title='bbox 2906 960 3245 1031; x_wconf 89' lang='lat' dir='ltr'><strong>singulorum</strong></span> <span class='ocrx_word' id='word_1_509' title='bbox 3279 963 3549 1019; x_wconf 88' lang='lat' dir='ltr'><strong>dictorum</strong></span> <span class='ocrx_word' id='word_1_510' title='bbox 3571 983 3696 1022; x_wconf 89' lang='lat' dir='ltr'><strong>cum</strong></span> <span class='ocrx_word' id='word_1_511' title='bbox 3723 980 3838 1026; x_wconf 87' lang='lat' dir='ltr'><strong>toto</strong></span> 
     </span>
    </p>
   </div>
   <div class='ocr_carea' id='block_1_65' title="bbox 2254 1047 3836 1128">
    <p class='ocr_par' dir='ltr' id='par_1_65' title="bbox 2254 1047 3836 1128">
     <span class='ocr_line' id='line_1_65' title="bbox 2254 1047 3836 1128; baseline 0.01 -26"><span class='ocrx_word' id='word_1_512' title='bbox 2254 1047 2593 1106; x_wconf 81' lang='lat' dir='ltr'><strong>aliinitatem.</strong></span> <span class='ocrx_word' id='word_1_513' title='bbox 2620 1048 2676 1104; x_wconf 92' lang='lat' dir='ltr'><strong>Si</strong></span> <span class='ocrx_word' id='word_1_514' title='bbox 2693 1061 2874 1105; x_wconf 88' lang='lat' dir='ltr'><strong>autem</strong></span> <span class='ocrx_word' id='word_1_515' title='bbox 2901 1053 3382 1120; x_wconf 88' lang='lat' dir='ltr'><strong>dissonarent,non</strong></span> <span class='ocrx_word' id='word_1_516' title='bbox 3407 1057 3836 1128; x_wconf 90' lang='lat' dir='ltr'><strong>deprehendere-</strong></span> 
     </span>
    </p>
   </div>
   <div class='ocr_carea' id='block_1_66' title="bbox 2254 1136 3836 1220">
    <p class='ocr_par' dir='ltr' id='par_1_66' title="bbox 2254 1136 3836 1220">
     <span class='ocr_line' id='line_1_66' title="bbox 2254 1136 3836 1220; baseline 0.01 -27"><span class='ocrx_word' id='word_1_517' title='bbox 2254 1148 2402 1194; x_wconf 85' lang='lat' dir='ltr'><strong>retur</strong></span> <span class='ocrx_word' id='word_1_518' title='bbox 2423 1141 2536 1197; x_wconf 67' lang='lat' dir='ltr'><strong>haec</strong></span> <span class='ocrx_word' id='word_1_519' title='bbox 2553 1136 3096 1214; x_wconf 72' lang='lat' dir='ltr'><strong>aliiuiias,totumque</strong></span> <span class='ocrx_word' id='word_1_520' title='bbox 3103 1145 3218 1215; x_wconf 89' lang='lat' dir='ltr'><strong>jam</strong></span> <span class='ocrx_word' id='word_1_521' title='bbox 3237 1147 3366 1202; x_wconf 90' lang='lat' dir='ltr'><strong>olim</strong></span> <span class='ocrx_word' id='word_1_522' title='bbox 3387 1148 3581 1220; x_wconf 87' lang='lat' dir='ltr'><strong>dogma</strong></span> <span class='ocrx_word' id='word_1_523' title='bbox 3596 1153 3836 1208; x_wconf 87' lang='lat' dir='ltr'><strong>solutum</strong></span> 
     </span>
    </p>
   </div>
   <div class='ocr_carea' id='block_1_67' title="bbox 2255 1230 3836 1309">
    <p class='ocr_par' dir='ltr' id='par_1_67' title="bbox 2255 1230 3836 1309">
     <span class='ocr_line' id='line_1_67' title="bbox 2255 1230 3836 1309; baseline 0.011 -25"><span class='ocrx_word' id='word_1_524' title='bbox 2255 1230 2468 1299; x_wconf 79' lang='lat' dir='ltr'><strong>fuisset;</strong></span> <span class='ocrx_word' id='word_1_525' title='bbox 2495 1249 2620 1288; x_wconf 90' lang='lat' dir='ltr'><strong>nam</strong></span> <span class='ocrx_word' id='word_1_526' title='bbox 2649 1233 2813 1290; x_wconf 87' lang='lat' dir='ltr'><strong>Omne</strong></span> <span class='ocrx_word' id='word_1_527' title='bbox 2835 1252 3076 1306; x_wconf 86' lang='lat' dir='ltr'><strong>regnum,</strong></span> <span class='ocrx_word' id='word_1_528' title='bbox 3102 1238 3297 1309; x_wconf 91' lang='lat' dir='ltr'><strong>inquit,</strong></span> <span class='ocrx_word' id='word_1_529' title='bbox 3322 1241 3377 1294; x_wconf 86' lang='lat' dir='ltr'><strong>in</strong></span> <span class='ocrx_word' id='word_1_530' title='bbox 3401 1258 3458 1295; x_wconf 71' lang='lat' dir='ltr'><strong>se</strong></span> <span class='ocrx_word' id='word_1_531' title='bbox 3473 1241 3704 1299; x_wconf 83' lang='lat' dir='ltr'><strong>divisum</strong></span> <span class='ocrx_word' id='word_1_532' title='bbox 3730 1263 3836 1302; x_wconf 89' lang='lat' dir='ltr'><strong>non</strong></span> 
     </span>
    </p>
   </div>
   <div class='ocr_carea' id='block_1_68' title="bbox 2252 1322 3834 1407">
    <p class='ocr_par' dir='ltr' id='par_1_68' title="bbox 2252 1322 3834 1407">
     <span class='ocr_line' id='line_1_68' title="bbox 2252 1322 3834 1407; baseline 0.011 -31"><span class='ocrx_word' id='word_1_533' title='bbox 2252 1323 2413 1377; x_wconf 80' lang='lat' dir='ltr'><strong>stabit</strong></span> <span class='ocrx_word' id='word_1_534' title='bbox 2428 1322 2580 1392; x_wconf 85' lang='lat' dir='ltr'><strong>(Luc.</strong></span> <span class='ocrx_word' id='word_1_535' title='bbox 2597 1326 2712 1382; x_wconf 70' lang='grc' dir='ltr'><strong>ΗΛ</strong></span> <span class='ocrx_word' id='word_1_536' title='bbox 2726 1327 2802 1399; x_wconf 88' lang='grc'><strong>7).</strong></span> <span class='ocrx_word' id='word_1_537' title='bbox 2824 1327 2978 1384; x_wconf 92' lang='lat' dir='ltr'><strong>Nunc</strong></span> <span class='ocrx_word' id='word_1_538' title='bbox 2994 1339 3172 1385; x_wconf 87' lang='lat' dir='ltr'><strong>autem</strong></span> <span class='ocrx_word' id='word_1_539' title='bbox 3199 1331 3253 1385; x_wconf 95' lang='lat' dir='ltr'><strong>in</strong></span> <span class='ocrx_word' id='word_1_540' title='bbox 3274 1332 3375 1387; x_wconf 91' lang='lat' dir='ltr'><strong>hac</strong></span> <span class='ocrx_word' id='word_1_541' title='bbox 3392 1333 3508 1403; x_wconf 89' lang='lat' dir='ltr'><strong>ipsa</strong></span> <span class='ocrx_word' id='word_1_542' title='bbox 3525 1351 3585 1390; x_wconf 91' lang='lat' dir='ltr'><strong>re</strong></span> <span class='ocrx_word' id='word_1_543' title='bbox 3609 1338 3834 1407; x_wconf 85' lang='lat' dir='ltr'><strong>spiritus</strong></span> 
     </span>
    </p>
   </div>
   <div class='ocr_carea' id='block_1_69' title="bbox 2249 1412 3834 1488">
    <p class='ocr_par' dir='ltr' id='par_1_69' title="bbox 2249 1412 3834 1488">
     <span class='ocr_line' id='line_1_69' title="bbox 2249 1412 3834 1488; baseline 0.012 -23"><span class='ocrx_word' id='word_1_544' title='bbox 2249 1412 2424 1468; x_wconf 90' lang='lat' dir='ltr'><strong>virtus</strong></span> <span class='ocrx_word' id='word_1_545' title='bbox 2452 1417 2650 1482; x_wconf 88' lang='lat' dir='ltr'><strong>elucet,</strong></span> <span class='ocrx_word' id='word_1_546' title='bbox 2684 1420 2923 1476; x_wconf 89' lang='lat' dir='ltr'><strong>suadens</strong></span> <span class='ocrx_word' id='word_1_547' title='bbox 2951 1420 3284 1488; x_wconf 91' lang='lat' dir='ltr'><strong>hominibus,</strong></span> <span class='ocrx_word' id='word_1_548' title='bbox 3315 1435 3371 1478; x_wconf 91' lang='lat' dir='ltr'><strong>ut</strong></span> <span class='ocrx_word' id='word_1_549' title='bbox 3408 1425 3556 1482; x_wconf 90' lang='lat' dir='ltr'><strong>circa</strong></span> <span class='ocrx_word' id='word_1_550' title='bbox 3597 1429 3685 1482; x_wconf 89' lang='lat' dir='ltr'><strong>illa</strong></span> <span class='ocrx_word' id='word_1_551' title='bbox 3717 1445 3834 1482; x_wconf 45' lang='lat' dir='ltr'><strong>ma.</strong></span> 
     </span>
    </p>
   </div>
   <div class='ocr_carea' id='block_1_70' title="bbox 2248 1502 3832 1583">
    <p class='ocr_par' dir='ltr' id='par_1_70' title="bbox 2248 1502 3832 1583">
     <span class='ocr_line' id='line_1_70' title="bbox 2248 1502 3832 1583; baseline 0.013 -26"><span class='ocrx_word' id='word_1_552' title='bbox 2248 1502 2333 1574; x_wconf 88' lang='lat' dir='ltr'><strong>gis</strong></span> <span class='ocrx_word' id='word_1_553' title='bbox 2367 1508 2678 1562; x_wconf 82' lang='lat' dir='ltr'><strong>necessaria</strong></span> <span class='ocrx_word' id='word_1_554' title='bbox 2713 1519 2767 1562; x_wconf 91' lang='lat' dir='ltr'><strong>et</strong></span> <span class='ocrx_word' id='word_1_555' title='bbox 2803 1512 3050 1582; x_wconf 86' lang='lat' dir='ltr'><strong>urgentia</strong></span> <span class='ocrx_word' id='word_1_556' title='bbox 3100 1524 3416 1583; x_wconf 88' lang='lat' dir='ltr'><strong>versantes,</strong></span> <span class='ocrx_word' id='word_1_557' title='bbox 3461 1519 3596 1573; x_wconf 88' lang='lat' dir='ltr'><strong>nihil</strong></span> <span class='ocrx_word' id='word_1_558' title='bbox 3637 1521 3704 1574; x_wconf 89' lang='lat' dir='ltr'><strong>ab</strong></span> <span class='ocrx_word' id='word_1_559' title='bbox 3746 1521 3832 1578; x_wconf 88' lang='lat' dir='ltr'><strong>his</strong></span> 
     </span>
    </p>
   </div>
   <div class='ocr_carea' id='block_1_71' title="bbox 2247 1592 2908 1672">
    <p class='ocr_par' dir='ltr' id='par_1_71' title="bbox 2247 1592 2908 1672">
     <span class='ocr_line' id='line_1_71' title="bbox 2247 1592 2908 1672; baseline 0.014 -25"><span class='ocrx_word' id='word_1_560' title='bbox 2247 1592 2477 1650; x_wconf 87' lang='lat' dir='ltr'><strong>minutis</strong></span> <span class='ocrx_word' id='word_1_561' title='bbox 2508 1597 2773 1652; x_wconf 55' lang='lat' dir='ltr'><strong>laedantur</strong></span> <span class='ocrx_word' id='word_1_562' title='bbox 2806 1601 2908 1672; x_wconf 89' lang='lat' dir='ltr'><strong>(a).</strong></span> 
     </span>
    </p>
   </div>
   <div class='ocr_carea' id='block_1_72' title="bbox 2309 1764 3826 1836">
    <p class='ocr_par' dir='ltr' id='par_1_72' title="bbox 2309 1764 3826 1836">
     <span class='ocr_line' id='line_1_72' title="bbox 2309 1764 3826 1836; baseline 0.003 -17"><span class='ocrx_word' id='word_1_563' title='bbox 2309 1765 2362 1820; x_wconf 78' lang='grc'><strong>4.</strong></span> <span class='ocrx_word' id='word_1_564' title='bbox 2397 1764 2832 1836; x_wconf 80' lang='lat' dir='ltr'><strong>Euangelistarum</strong></span> <span class='ocrx_word' id='word_1_565' title='bbox 2876 1767 3138 1821; x_wconf 78' lang='lat' dir='ltr'><strong>consensio</strong></span> <span class='ocrx_word' id='word_1_566' title='bbox 3191 1766 3496 1820; x_wconf 79' lang='lat' dir='ltr'><strong>vindicatur.</strong></span> <span class='ocrx_word' id='word_1_567' title='bbox 3536 1766 3826 1824; x_wconf 76' lang='lat' dir='ltr'><strong>Piscatores</strong></span> 
     </span>
    </p>
   </div>
   <div class='ocr_carea' id='block_1_73' title="bbox 2236 1856 3822 1930">
    <p class='ocr_par' dir='ltr' id='par_1_73' title="bbox 2236 1856 3822 1930">
     <span class='ocr_line' id='line_1_73' title="bbox 2236 1856 3822 1930; baseline 0.003 -19"><span class='ocrx_word' id='word_1_568' title='bbox 2236 1865 2286 1911; x_wconf 81' lang='lat' dir='ltr'><strong>et</strong></span> <span class='ocrx_word' id='word_1_569' title='bbox 2306 1856 2537 1911; x_wconf 83' lang='lat' dir='ltr'><strong>illiterati</strong></span> <span class='ocrx_word' id='word_1_570' title='bbox 2565 1873 2666 1910; x_wconf 89' lang='lat' dir='ltr'><strong>non</strong></span> <span class='ocrx_word' id='word_1_571' title='bbox 2691 1858 2793 1912; x_wconf 80' lang='lat' dir='ltr'><strong>nisi</strong></span> <span class='ocrx_word' id='word_1_572' title='bbox 2819 1858 3000 1912; x_wconf 77' lang='lat' dir='ltr'><strong>virtute</strong></span> <span class='ocrx_word' id='word_1_573' title='bbox 3017 1857 3190 1912; x_wconf 82' lang='lat' dir='ltr'><strong>divina</strong></span> <span class='ocrx_word' id='word_1_574' title='bbox 3219 1871 3427 1929; x_wconf 83' lang='lat' dir='ltr'><strong>potuere</strong></span> <span class='ocrx_word' id='word_1_575' title='bbox 3449 1861 3822 1930; x_wconf 82' lang='lat' dir='ltr'><strong>philosophari.</strong></span> 
     </span>
    </p>
   </div>
   <div class='ocr_carea' id='block_1_74' title="bbox 2235 1943 3824 2017">
    <p class='ocr_par' dir='ltr' id='par_1_74' title="bbox 2235 1943 3824 2017">
     <span class='ocr_line' id='line_1_74' title="bbox 2235 1943 3824 2017; baseline 0.004 -18"><span class='ocrx_word' id='word_1_576' title='bbox 2235 1943 2470 2002; x_wconf 83' lang='lat' dir='ltr'><strong>Platonis</strong></span> <span class='ocrx_word' id='word_1_577' title='bbox 2492 1947 2710 2002; x_wconf 85' lang='lat' dir='ltr'><strong>ridicula</strong></span> <span class='ocrx_word' id='word_1_578' title='bbox 2728 1948 3029 2017; x_wconf 79' lang='lat' dir='ltr'><strong>respublica.</strong></span> <span class='ocrx_word' id='word_1_579' title='bbox 3059 1979 3132 1989; x_wconf 95' lang='lat'><strong>—</strong></span> <span class='ocrx_word' id='word_1_580' title='bbox 3152 1948 3379 2005; x_wconf 89' lang='lat' dir='ltr'><strong>Ubinam</strong></span> <span class='ocrx_word' id='word_1_581' title='bbox 3404 1959 3581 2006; x_wconf 89' lang='lat' dir='ltr'><strong>autem</strong></span> <span class='ocrx_word' id='word_1_582' title='bbox 3612 1951 3824 2008; x_wconf 88' lang='lat' dir='ltr'><strong>illorum</strong></span> 
     </span>
    </p>
   </div>
   <div class='ocr_carea' id='block_1_75' title="bbox 2232 2037 3824 2116">
    <p class='ocr_par' dir='ltr' id='par_1_75' title="bbox 2232 2037 3824 2116">
     <span class='ocr_line' id='line_1_75' title="bbox 2232 2037 3824 2116; baseline 0.005 -24"><span class='ocrx_word' id='word_1_583' title='bbox 2232 2037 2426 2108; x_wconf 88' lang='lat' dir='ltr'><strong>singuli</strong></span> <span class='ocrx_word' id='word_1_584' title='bbox 2476 2039 2822 2109; x_wconf 89' lang='lat' dir='ltr'><strong>scripserint,</strong></span> <span class='ocrx_word' id='word_1_585' title='bbox 2855 2055 2961 2094; x_wconf 92' lang='lat' dir='ltr'><strong>non</strong></span> <span class='ocrx_word' id='word_1_586' title='bbox 2997 2051 3081 2095; x_wconf 90' lang='lat' dir='ltr'><strong>est</strong></span> <span class='ocrx_word' id='word_1_587' title='bbox 3114 2041 3256 2111; x_wconf 91' lang='lat' dir='ltr'><strong>quod</strong></span> <span class='ocrx_word' id='word_1_588' title='bbox 3285 2041 3510 2096; x_wconf 91' lang='lat' dir='ltr'><strong>multum</strong></span> <span class='ocrx_word' id='word_1_589' title='bbox 3553 2042 3824 2116; x_wconf 84' lang='lat' dir='ltr'><strong>disquira-</strong></span> 
     </span>
    </p>
   </div>
   <div class='ocr_carea' id='block_1_76' title="bbox 2233 2131 3821 2202">
    <p class='ocr_par' dir='ltr' id='par_1_76' title="bbox 2233 2131 3821 2202">
     <span class='ocr_line' id='line_1_76' title="bbox 2233 2131 3821 2202; baseline 0.009 -20"><span class='ocrx_word' id='word_1_590' title='bbox 2233 2145 2390 2185; x_wconf 91' lang='lat' dir='ltr'><strong>mus:</strong></span> <span class='ocrx_word' id='word_1_591' title='bbox 2422 2131 2564 2202; x_wconf 91' lang='lat' dir='ltr'><strong>quod</strong></span> <span class='ocrx_word' id='word_1_592' title='bbox 2617 2141 2795 2187; x_wconf 90' lang='lat' dir='ltr'><strong>autem</strong></span> <span class='ocrx_word' id='word_1_593' title='bbox 2838 2149 2944 2188; x_wconf 93' lang='lat' dir='ltr'><strong>non</strong></span> <span class='ocrx_word' id='word_1_594' title='bbox 2987 2135 3125 2190; x_wconf 89' lang='lat' dir='ltr'><strong>alius</strong></span> <span class='ocrx_word' id='word_1_595' title='bbox 3173 2134 3431 2193; x_wconf 89' lang='lat' dir='ltr'><strong>adversus</strong></span> <span class='ocrx_word' id='word_1_596' title='bbox 3475 2139 3638 2194; x_wconf 88' lang='lat' dir='ltr'><strong>alium</strong></span> <span class='ocrx_word' id='word_1_597' title='bbox 3679 2141 3821 2196; x_wconf 90' lang='lat' dir='ltr'><strong>scri-</strong></span> 
     </span>
    </p>
   </div>
   <div class='ocr_carea' id='block_1_77' title="bbox 2231 2223 3826 2297">
    <p class='ocr_par' dir='ltr' id='par_1_77' title="bbox 2231 2223 3826 2297">
     <span class='ocr_line' id='line_1_77' title="bbox 2231 2223 3826 2297; baseline 0.007 -20"><span class='ocrx_word' id='word_1_598' title='bbox 2231 2223 2418 2292; x_wconf 88' lang='lat' dir='ltr'><strong>pserit,</strong></span> <span class='ocrx_word' id='word_1_599' title='bbox 2453 2223 2504 2278; x_wconf 92' lang='lat' dir='ltr'><strong>id</strong></span> <span class='ocrx_word' id='word_1_600' title='bbox 2542 2240 2639 2295; x_wconf 90' lang='lat' dir='ltr'><strong>per</strong></span> <span class='ocrx_word' id='word_1_601' title='bbox 2682 2235 2850 2280; x_wconf 89' lang='lat' dir='ltr'><strong>totum</strong></span> <span class='ocrx_word' id='word_1_602' title='bbox 2893 2226 3072 2297; x_wconf 87' lang='lat' dir='ltr'><strong>operis</strong></span> <span class='ocrx_word' id='word_1_603' title='bbox 3117 2226 3402 2284; x_wconf 90' lang='lat' dir='ltr'><strong>decursum</strong></span> <span class='ocrx_word' id='word_1_604' title='bbox 3451 2229 3826 2288; x_wconf 87' lang='lat' dir='ltr'><strong>demonstrare</strong></span> 
     </span>
    </p>
   </div>
   <div class='ocr_carea' id='block_1_78' title="bbox 2227 2317 3819 2394">
    <p class='ocr_par' dir='ltr' id='par_1_78' title="bbox 2227 2317 3819 2394">
     <span class='ocr_line' id='line_1_78' title="bbox 2227 2317 3819 2394; baseline 0.005 -23"><span class='ocrx_word' id='word_1_605' title='bbox 2227 2317 2559 2373; x_wconf 88' lang='lat' dir='ltr'><strong>conabimur.</strong></span> <span class='ocrx_word' id='word_1_606' title='bbox 2593 2319 2672 2374; x_wconf 90' lang='lat' dir='ltr'><strong>Tu</strong></span> <span class='ocrx_word' id='word_1_607' title='bbox 2703 2336 2832 2374; x_wconf 89' lang='lat' dir='ltr'><strong>vero</strong></span> <span class='ocrx_word' id='word_1_608' title='bbox 2861 2321 2949 2390; x_wconf 90' lang='lat' dir='ltr'><strong>qui</strong></span> <span class='ocrx_word' id='word_1_609' title='bbox 2995 2320 3378 2376; x_wconf 88' lang='lat' dir='ltr'><strong>dissonantiam</strong></span> <span class='ocrx_word' id='word_1_610' title='bbox 3416 2322 3561 2378; x_wconf 90' lang='lat' dir='ltr'><strong>illam</strong></span> <span class='ocrx_word' id='word_1_611' title='bbox 3588 2324 3776 2394; x_wconf 87' lang='lat' dir='ltr'><strong>objicis</strong></span> <span class='ocrx_word' id='word_1_612' title='bbox 3802 2368 3819 2388; x_wconf 86' lang='lat'><strong>.</strong></span> 
     </span>
    </p>
   </div>
   <div class='ocr_carea' id='block_1_79' title="bbox 2229 2410 3818 2487">
    <p class='ocr_par' dir='ltr' id='par_1_79' title="bbox 2229 2410 3818 2487">
     <span class='ocr_line' id='line_1_79' title="bbox 2229 2410 3818 2487; baseline 0.003 -22"><span class='ocrx_word' id='word_1_613' title='bbox 2229 2410 2448 2480; x_wconf 89' lang='lat' dir='ltr'><strong>perinde</strong></span> <span class='ocrx_word' id='word_1_614' title='bbox 2469 2412 2596 2466; x_wconf 85' lang='lat' dir='ltr'><strong>facis</strong></span> <span class='ocrx_word' id='word_1_615' title='bbox 2609 2427 2670 2467; x_wconf 92' lang='lat' dir='ltr'><strong>ac</strong></span> <span class='ocrx_word' id='word_1_616' title='bbox 2686 2413 2729 2467; x_wconf 91' lang='lat' dir='ltr'><strong>si</strong></span> <span class='ocrx_word' id='word_1_617' title='bbox 2751 2413 2942 2468; x_wconf 88' lang='lat' dir='ltr'><strong>eadem</strong></span> <span class='ocrx_word' id='word_1_618' title='bbox 2967 2412 3079 2482; x_wconf 81' lang='lat' dir='ltr'><strong>ipsa</strong></span> <span class='ocrx_word' id='word_1_619' title='bbox 3105 2415 3287 2476; x_wconf 82' lang='lat' dir='ltr'><strong>verba,</strong></span> <span class='ocrx_word' id='word_1_620' title='bbox 3311 2414 3534 2470; x_wconf 90' lang='lat' dir='ltr'><strong>eosdem</strong></span> <span class='ocrx_word' id='word_1_621' title='bbox 3562 2415 3818 2487; x_wconf 82' lang='lat' dir='ltr'><strong>loquendi</strong></span> 
     </span>
    </p>
   </div>
   <div class='ocr_carea' id='block_1_80' title="bbox 2227 2500 3820 2578">
    <p class='ocr_par' dir='ltr' id='par_1_80' title="bbox 2227 2500 3820 2578">
     <span class='ocr_line' id='line_1_80' title="bbox 2227 2500 3820 2578; baseline 0.005 -23"><span class='ocrx_word' id='word_1_622' title='bbox 2227 2500 2416 2555; x_wconf 90' lang='lat' dir='ltr'><strong>modos</strong></span> <span class='ocrx_word' id='word_1_623' title='bbox 2452 2501 2694 2570; x_wconf 87' lang='lat' dir='ltr'><strong>proferre</strong></span> <span class='ocrx_word' id='word_1_624' title='bbox 2732 2502 2970 2571; x_wconf 88' lang='lat' dir='ltr'><strong>juberes.</strong></span> <span class='ocrx_word' id='word_1_625' title='bbox 3002 2503 3238 2559; x_wconf 89' lang='lat' dir='ltr'><strong>Necdum</strong></span> <span class='ocrx_word' id='word_1_626' title='bbox 3266 2504 3461 2569; x_wconf 87' lang='lat' dir='ltr'><strong>dieam,</strong></span> <span class='ocrx_word' id='word_1_627' title='bbox 3513 2521 3606 2561; x_wconf 92' lang='lat' dir='ltr'><strong>eos</strong></span> <span class='ocrx_word' id='word_1_628' title='bbox 3630 2509 3724 2578; x_wconf 93' lang='lat' dir='ltr'><strong>qui</strong></span> <span class='ocrx_word' id='word_1_629' title='bbox 3751 2509 3820 2563; x_wconf 90' lang='lat' dir='ltr'><strong>de</strong></span> 
     </span>
    </p>
   </div>
   <div class='ocr_carea' id='block_1_81' title="bbox 2226 2592 3818 2671">
    <p class='ocr_par' dir='ltr' id='par_1_81' title="bbox 2226 2592 3818 2671">
     <span class='ocr_line' id='line_1_81' title="bbox 2226 2592 3818 2671; baseline 0.006 -24"><span class='ocrx_word' id='word_1_630' title='bbox 2226 2592 2492 2648; x_wconf 90' lang='lat' dir='ltr'><strong>rhetorica</strong></span> <span class='ocrx_word' id='word_1_631' title='bbox 2519 2602 2574 2649; x_wconf 91' lang='lat' dir='ltr'><strong>et</strong></span> <span class='ocrx_word' id='word_1_632' title='bbox 2597 2594 2666 2650; x_wconf 90' lang='lat' dir='ltr'><strong>de</strong></span> <span class='ocrx_word' id='word_1_633' title='bbox 2692 2595 3025 2666; x_wconf 86' lang='lat' dir='ltr'><strong>philosophia</strong></span> <span class='ocrx_word' id='word_1_634' title='bbox 3043 2596 3329 2652; x_wconf 89' lang='lat' dir='ltr'><strong>admodum</strong></span> <span class='ocrx_word' id='word_1_635' title='bbox 3352 2598 3664 2666; x_wconf 84' lang='lat' dir='ltr'><strong>gloriantur,</strong></span> <span class='ocrx_word' id='word_1_636' title='bbox 3697 2602 3818 2671; x_wconf 88' lang='lat' dir='ltr'><strong>qui-</strong></span> 
     </span>
    </p>
   </div>
   <div class='ocr_carea' id='block_1_82' title="bbox 2223 2687 3816 2761">
    <p class='ocr_par' dir='ltr' id='par_1_82' title="bbox 2223 2687 3816 2761">
     <span class='ocr_line' id='line_1_82' title="bbox 2223 2687 3816 2761; baseline 0.007 -22"><span class='ocrx_word' id='word_1_637' title='bbox 2223 2700 2328 2756; x_wconf 89' lang='lat' dir='ltr'><strong>que</strong></span> <span class='ocrx_word' id='word_1_638' title='bbox 2359 2687 2554 2742; x_wconf 88' lang='lat' dir='ltr'><strong>multos</strong></span> <span class='ocrx_word' id='word_1_639' title='bbox 2585 2687 2749 2742; x_wconf 90' lang='lat' dir='ltr'><strong>libros</strong></span> <span class='ocrx_word' id='word_1_640' title='bbox 2791 2688 2977 2743; x_wconf 89' lang='lat' dir='ltr'><strong>iisdem</strong></span> <span class='ocrx_word' id='word_1_641' title='bbox 3005 2690 3073 2744; x_wconf 92' lang='lat' dir='ltr'><strong>de</strong></span> <span class='ocrx_word' id='word_1_642' title='bbox 3100 2689 3262 2744; x_wconf 91' lang='lat' dir='ltr'><strong>rebus</strong></span> <span class='ocrx_word' id='word_1_643' title='bbox 3310 2691 3637 2761; x_wconf 86' lang='lat' dir='ltr'><strong>scripserunt</strong></span> <span class='ocrx_word' id='word_1_644' title='bbox 3657 2735 3673 2759; x_wconf 92' lang='lat'><strong>,</strong></span> <span class='ocrx_word' id='word_1_645' title='bbox 3707 2711 3816 2750; x_wconf 93' lang='lat' dir='ltr'><strong>non</strong></span> 
     </span>
    </p>
   </div>
   <div class='ocr_carea' id='block_1_83' title="bbox 2225 2775 3806 2848">
    <p class='ocr_par' dir='ltr' id='par_1_83' title="bbox 2225 2775 3806 2848">
     <span class='ocr_line' id='line_1_83' title="bbox 2225 2775 3806 2848; baseline 0.008 -20"><span class='ocrx_word' id='word_1_646' title='bbox 2225 2775 2385 2831; x_wconf 90' lang='lat' dir='ltr'><strong>modo</strong></span> <span class='ocrx_word' id='word_1_647' title='bbox 2401 2789 2586 2833; x_wconf 88' lang='lat' dir='ltr'><strong>mutuo</strong></span> <span class='ocrx_word' id='word_1_648' title='bbox 2614 2778 2968 2848; x_wconf 84' lang='lat' dir='ltr'><strong>discrepasse,</strong></span> <span class='ocrx_word' id='word_1_649' title='bbox 2995 2779 3091 2835; x_wconf 87' lang='lat' dir='ltr'><strong>sed</strong></span> <span class='ocrx_word' id='word_1_650' title='bbox 3117 2781 3278 2835; x_wconf 86' lang='lat' dir='ltr'><strong>etiam</strong></span> <span class='ocrx_word' id='word_1_651' title='bbox 3299 2784 3567 2838; x_wconf 89' lang='lat' dir='ltr'><strong>contraria</strong></span> <span class='ocrx_word' id='word_1_652' title='bbox 3583 2783 3806 2841; x_wconf 79' lang='lat' dir='ltr'><strong>dixisse.</strong></span> 
     </span>
    </p>
   </div>
   <div class='ocr_carea' id='block_1_84' title="bbox 2222 2865 3809 2944">
    <p class='ocr_par' dir='ltr' id='par_1_84' title="bbox 2222 2865 3809 2944">
     <span class='ocr_line' id='line_1_84' title="bbox 2222 2865 3809 2944; baseline 0.009 -23"><span class='ocrx_word' id='word_1_653' title='bbox 2222 2865 2353 2921; x_wconf 89' lang='lat' dir='ltr'><strong>Nam</strong></span> <span class='ocrx_word' id='word_1_654' title='bbox 2381 2867 2524 2923; x_wconf 89' lang='lat' dir='ltr'><strong>aliud</strong></span> <span class='ocrx_word' id='word_1_655' title='bbox 2554 2878 2638 2924; x_wconf 89' lang='lat' dir='ltr'><strong>est</strong></span> <span class='ocrx_word' id='word_1_656' title='bbox 2663 2869 2874 2926; x_wconf 87' lang='lat' dir='ltr'><strong>diverse</strong></span> <span class='ocrx_word' id='word_1_657' title='bbox 2915 2871 3082 2941; x_wconf 89' lang='lat' dir='ltr'><strong>loqui,</strong></span> <span class='ocrx_word' id='word_1_658' title='bbox 3108 2872 3252 2926; x_wconf 87' lang='lat' dir='ltr'><strong>aliud</strong></span> <span class='ocrx_word' id='word_1_659' title='bbox 3283 2875 3568 2944; x_wconf 89' lang='lat' dir='ltr'><strong>pugnantia</strong></span> <span class='ocrx_word' id='word_1_660' title='bbox 3602 2876 3809 2934; x_wconf 86' lang='lat' dir='ltr'><strong>dicere.</strong></span> 
     </span>
    </p>
   </div>
   <div class='ocr_carea' id='block_1_85' title="bbox 2221 2958 3814 3040">
    <p class='ocr_par' dir='ltr' id='par_1_85' title="bbox 2221 2958 3814 3040">
     <span class='ocr_line' id='line_1_85' title="bbox 2221 2958 3814 3040; baseline 0.01 -30"><span class='ocrx_word' id='word_1_661' title='bbox 2221 2958 2290 3011; x_wconf 87' lang='lat' dir='ltr'><strong>At</strong></span> <span class='ocrx_word' id='word_1_662' title='bbox 2318 2958 2450 3013; x_wconf 90' lang='lat' dir='ltr'><strong>nihil</strong></span> <span class='ocrx_word' id='word_1_663' title='bbox 2476 2959 2665 3014; x_wconf 89' lang='lat' dir='ltr'><strong>horum</strong></span> <span class='ocrx_word' id='word_1_664' title='bbox 2693 2961 2816 3017; x_wconf 93' lang='lat' dir='ltr'><strong>dico</strong></span> <span class='ocrx_word' id='word_1_665' title='bbox 2846 2979 2859 3015; x_wconf 90' lang='lat'><strong>:</strong></span> <span class='ocrx_word' id='word_1_666' title='bbox 2891 2962 3031 3019; x_wconf 88' lang='lat' dir='ltr'><strong>absit</strong></span> <span class='ocrx_word' id='word_1_667' title='bbox 3050 2965 3192 3018; x_wconf 91' lang='lat' dir='ltr'><strong>enim</strong></span> <span class='ocrx_word' id='word_1_668' title='bbox 3225 2979 3293 3020; x_wconf 92' lang='lat' dir='ltr'><strong>ne</strong></span> <span class='ocrx_word' id='word_1_669' title='bbox 3315 2965 3527 3022; x_wconf 92' lang='lat' dir='ltr'><strong>illorum</strong></span> <span class='ocrx_word' id='word_1_670' title='bbox 3549 2968 3814 3040; x_wconf 84' lang='lat' dir='ltr'><strong>insipien-</strong></span> 
     </span>
    </p>
   </div>
   <div class='ocr_carea' id='block_1_86' title="bbox 2220 3051 3817 3128">
    <p class='ocr_par' dir='ltr' id='par_1_86' title="bbox 2220 3051 3817 3128">
     <span class='ocr_line' id='line_1_86' title="bbox 2220 3051 3817 3128; baseline 0.012 -28"><span class='ocrx_word' id='word_1_671' title='bbox 2220 3051 2293 3102; x_wconf 87' lang='lat' dir='ltr'><strong>tia</strong></span> <span class='ocrx_word' id='word_1_672' title='bbox 2323 3057 2442 3104; x_wconf 84' lang='lat' dir='ltr'><strong>utar</strong></span> <span class='ocrx_word' id='word_1_673' title='bbox 2469 3051 2536 3104; x_wconf 89' lang='lat' dir='ltr'><strong>ad</strong></span> <span class='ocrx_word' id='word_1_674' title='bbox 2581 3053 2871 3120; x_wconf 91' lang='lat' dir='ltr'><strong>parandam</strong></span> <span class='ocrx_word' id='word_1_675' title='bbox 2916 3052 3326 3123; x_wconf 89' lang='lat' dir='ltr'><strong>defensionem;</strong></span> <span class='ocrx_word' id='word_1_676' title='bbox 3349 3073 3523 3128; x_wconf 90' lang='lat' dir='ltr'><strong>neque</strong></span> <span class='ocrx_word' id='word_1_677' title='bbox 3547 3061 3688 3116; x_wconf 90' lang='lat' dir='ltr'><strong>enim</strong></span> <span class='ocrx_word' id='word_1_678' title='bbox 3721 3079 3817 3119; x_wconf 87' lang='lat' dir='ltr'><strong>ve-</strong></span> 
     </span>
    </p>
   </div>
   <div class='ocr_carea' id='block_1_87' title="bbox 2217 3139 3814 3221">
    <p class='ocr_par' dir='ltr' id='par_1_87' title="bbox 2217 3139 3814 3221">
     <span class='ocr_line' id='line_1_87' title="bbox 2217 3139 3814 3221; baseline 0.011 -27"><span class='ocrx_word' id='word_1_679' title='bbox 2217 3139 2308 3194; x_wconf 91' lang='lat' dir='ltr'><strong>lim</strong></span> <span class='ocrx_word' id='word_1_680' title='bbox 2327 3157 2390 3196; x_wconf 80' lang='lat' dir='ltr'><strong>ex</strong></span> <span class='ocrx_word' id='word_1_681' title='bbox 2421 3142 2700 3199; x_wconf 89' lang='lat' dir='ltr'><strong>mendacio</strong></span> <span class='ocrx_word' id='word_1_682' title='bbox 2728 3146 3005 3201; x_wconf 87' lang='lat' dir='ltr'><strong>veritatem</strong></span> <span class='ocrx_word' id='word_1_683' title='bbox 3041 3147 3254 3204; x_wconf 80' lang='lat' dir='ltr'><strong>ﬁrmare</strong></span> <span class='ocrx_word' id='word_1_684' title='bbox 3283 3167 3297 3204; x_wconf 90' lang='lat'><strong>:</strong></span> <span class='ocrx_word' id='word_1_685' title='bbox 3333 3151 3427 3206; x_wconf 90' lang='lat' dir='ltr'><strong>sed</strong></span> <span class='ocrx_word' id='word_1_686' title='bbox 3457 3151 3586 3207; x_wconf 92' lang='lat' dir='ltr'><strong>illud</strong></span> <span class='ocrx_word' id='word_1_687' title='bbox 3617 3169 3814 3221; x_wconf 80' lang='lat' dir='ltr'><strong>rogare</strong></span> 
     </span>
    </p>
   </div>
   <div class='ocr_carea' id='block_1_88' title="bbox 2219 3232 3816 3315">
    <p class='ocr_par' dir='ltr' id='par_1_88' title="bbox 2219 3232 3816 3315">
     <span class='ocr_line' id='line_1_88' title="bbox 2219 3232 3816 3315; baseline 0.018 -37"><span class='ocrx_word' id='word_1_688' title='bbox 2219 3232 2399 3296; x_wconf 79' lang='lat' dir='ltr'><strong>velim,</strong></span> <span class='ocrx_word' id='word_1_689' title='bbox 2433 3235 2702 3301; x_wconf 87' lang='lat' dir='ltr'><strong>quomodo</strong></span> <span class='ocrx_word' id='word_1_690' title='bbox 2747 3237 2902 3291; x_wconf 82' lang='lat' dir='ltr'><strong>fidem</strong></span> <span class='ocrx_word' id='word_1_691' title='bbox 2949 3241 3270 3296; x_wconf 88' lang='lat' dir='ltr'><strong>meruissent</strong></span> <span class='ocrx_word' id='word_1_692' title='bbox 3296 3257 3358 3299; x_wconf 84' lang='lat' dir='ltr'><strong>ea</strong></span> <span class='ocrx_word' id='word_1_693' title='bbox 3402 3261 3522 3315; x_wconf 70' lang='lat' dir='ltr'><strong>quae</strong></span> <span class='ocrx_word' id='word_1_694' title='bbox 3561 3248 3816 3305; x_wconf 84' lang='lat' dir='ltr'><strong>dissona-</strong></span> 
     </span>
    </p>
   </div>
   <div class='ocr_carea' id='block_1_89' title="bbox 2217 3322 3810 3410">
    <p class='ocr_par' dir='ltr' id='par_1_89' title="bbox 2217 3322 3810 3410">
     <span class='ocr_line' id='line_1_89' title="bbox 2217 3322 3810 3410; baseline 0.017 -37"><span class='ocrx_word' id='word_1_695' title='bbox 2217 3322 2373 3375; x_wconf 83' lang='lat' dir='ltr'><strong>rent?</strong></span> <span class='ocrx_word' id='word_1_696' title='bbox 2409 3339 2516 3392; x_wconf 94' lang='lat' dir='ltr'><strong>quo</strong></span> <span class='ocrx_word' id='word_1_697' title='bbox 2544 3336 2700 3394; x_wconf 90' lang='lat' dir='ltr'><strong>pacto</strong></span> <span class='ocrx_word' id='word_1_698' title='bbox 2735 3333 3117 3398; x_wconf 85' lang='lat' dir='ltr'><strong>superassent?</strong></span> <span class='ocrx_word' id='word_1_699' title='bbox 3146 3335 3418 3403; x_wconf 88' lang='lat' dir='ltr'><strong>quomodo</strong></span> <span class='ocrx_word' id='word_1_700' title='bbox 3441 3337 3486 3392; x_wconf 92' lang='lat' dir='ltr'><strong>si</strong></span> <span class='ocrx_word' id='word_1_701' title='bbox 3515 3343 3810 3410; x_wconf 83' lang='lat' dir='ltr'><strong>pugnantia</strong></span> 
     </span>
    </p>
   </div>
   <div class='ocr_carea' id='block_1_90' title="bbox 2215 3410 3808 3490">
    <p class='ocr_par' dir='ltr' id='par_1_90' title="bbox 2215 3410 3808 3490">
     <span class='ocr_line' id='line_1_90' title="bbox 2215 3410 3808 3490; baseline 0.014 -26"><span class='ocrx_word' id='word_1_702' title='bbox 2215 3410 2416 3480; x_wconf 91' lang='lat' dir='ltr'><strong>loquuti</strong></span> <span class='ocrx_word' id='word_1_703' title='bbox 2447 3413 2687 3483; x_wconf 81' lang='lat' dir='ltr'><strong>fuissent,</strong></span> <span class='ocrx_word' id='word_1_704' title='bbox 2717 3418 3146 3490; x_wconf 85' lang='lat' dir='ltr'><strong>admirationem,</strong></span> <span class='ocrx_word' id='word_1_705' title='bbox 3173 3423 3332 3480; x_wconf 82' lang='lat' dir='ltr'><strong>ﬁdem</strong></span> <span class='ocrx_word' id='word_1_706' title='bbox 3353 3436 3408 3481; x_wconf 91' lang='lat' dir='ltr'><strong>et</strong></span> <span class='ocrx_word' id='word_1_707' title='bbox 3435 3427 3808 3486; x_wconf 86' lang='lat' dir='ltr'><strong>celebritatem</strong></span> 
     </span>
    </p>
   </div>
   <div class='ocr_carea' id='block_1_91' title="bbox 2215 3507 3810 3589">
    <p class='ocr_par' dir='ltr' id='par_1_91' title="bbox 2215 3507 3810 3589">
     <span class='ocr_line' id='line_1_91' title="bbox 2215 3507 3810 3589; baseline 0.014 -35"><span class='ocrx_word' id='word_1_708' title='bbox 2215 3507 2418 3556; x_wconf 88' lang='lat' dir='ltr'><strong>tantam</strong></span> <span class='ocrx_word' id='word_1_709' title='bbox 2459 3519 2556 3574; x_wconf 86' lang='lat' dir='ltr'><strong>per</strong></span> <span class='ocrx_word' id='word_1_710' title='bbox 2601 3515 2772 3562; x_wconf 88' lang='lat' dir='ltr'><strong>totum</strong></span> <span class='ocrx_word' id='word_1_711' title='bbox 2815 3509 3000 3565; x_wconf 87' lang='lat' dir='ltr'><strong>orbem</strong></span> <span class='ocrx_word' id='word_1_712' title='bbox 3041 3511 3622 3589; x_wconf 68' lang='lat' dir='ltr'><strong>obtinuissentiAtqui</strong></span> <span class='ocrx_word' id='word_1_713' title='bbox 3653 3523 3810 3577; x_wconf 86' lang='lat' dir='ltr'><strong>multi</strong></span> 
     </span>
    </p>
   </div>
   <div class='ocr_carea' id='block_1_92' title="bbox 2212 3594 3809 3669">
    <p class='ocr_par' dir='ltr' id='par_1_92' title="bbox 2212 3594 3809 3669">
     <span class='ocr_line' id='line_1_92' title="bbox 2212 3594 3809 3669; baseline 0.015 -23"><span class='ocrx_word' id='word_1_714' title='bbox 2212 3604 2368 3650; x_wconf 89' lang='lat' dir='ltr'><strong>erant</strong></span> <span class='ocrx_word' id='word_1_715' title='bbox 2393 3594 2659 3654; x_wconf 91' lang='lat' dir='ltr'><strong>dictorum</strong></span> <span class='ocrx_word' id='word_1_716' title='bbox 2692 3609 2878 3669; x_wconf 88' lang='lat' dir='ltr'><strong>testes,</strong></span> <span class='ocrx_word' id='word_1_717' title='bbox 2907 3612 2967 3658; x_wconf 92' lang='lat' dir='ltr'><strong>ut</strong></span> <span class='ocrx_word' id='word_1_718' title='bbox 2983 3611 3038 3658; x_wconf 93' lang='lat' dir='ltr'><strong>et</strong></span> <span class='ocrx_word' id='word_1_719' title='bbox 3066 3605 3215 3660; x_wconf 90' lang='lat' dir='ltr'><strong>multi</strong></span> <span class='ocrx_word' id='word_1_720' title='bbox 3247 3607 3448 3664; x_wconf 84' lang='lat' dir='ltr'><strong>inimici</strong></span> <span class='ocrx_word' id='word_1_721' title='bbox 3467 3619 3522 3665; x_wconf 92' lang='lat' dir='ltr'><strong>et</strong></span> <span class='ocrx_word' id='word_1_722' title='bbox 3549 3611 3809 3669; x_wconf 86' lang='lat' dir='ltr'><strong>adversa-</strong></span> 
     </span>
    </p>
   </div>
   <div class='ocr_carea' id='block_1_93' title="bbox 2213 3685 3804 3770">
    <p class='ocr_par' dir='ltr' id='par_1_93' title="bbox 2213 3685 3804 3770">
     <span class='ocr_line' id='line_1_93' title="bbox 2213 3685 3804 3770; baseline 0.014 -31"><span class='ocrx_word' id='word_1_723' title='bbox 2213 3685 2300 3740; x_wconf 90' lang='lat' dir='ltr'><strong>rii.</strong></span> <span class='ocrx_word' id='word_1_724' title='bbox 2333 3686 2517 3760; x_wconf 88' lang='lat' dir='ltr'><strong>Neque</strong></span> <span class='ocrx_word' id='word_1_725' title='bbox 2544 3692 2690 3747; x_wconf 89' lang='lat' dir='ltr'><strong>enim</strong></span> <span class='ocrx_word' id='word_1_726' title='bbox 2731 3694 2847 3750; x_wconf 65' lang='lat' dir='ltr'><strong>haec</strong></span> <span class='ocrx_word' id='word_1_727' title='bbox 2885 3695 2942 3749; x_wconf 91' lang='lat' dir='ltr'><strong>in</strong></span> <span class='ocrx_word' id='word_1_728' title='bbox 2988 3698 3183 3768; x_wconf 90' lang='lat' dir='ltr'><strong>angulo</strong></span> <span class='ocrx_word' id='word_1_729' title='bbox 3221 3698 3420 3769; x_wconf 86' lang='lat' dir='ltr'><strong>scripta</strong></span> <span class='ocrx_word' id='word_1_730' title='bbox 3461 3701 3804 3770; x_wconf 88' lang='lat' dir='ltr'><strong>defoderunt,</strong></span> 
     </span>
    </p>
   </div>
   <div class='ocr_carea' id='block_1_94' title="bbox 2211 3776 3809 3854">
    <p class='ocr_par' dir='ltr' id='par_1_94' title="bbox 2211 3776 3809 3854">
     <span class='ocr_line' id='line_1_94' title="bbox 2211 3776 3809 3854; baseline 0.016 -25"><span class='ocrx_word' id='word_1_731' title='bbox 2211 3776 2309 3832; x_wconf 86' lang='lat' dir='ltr'><strong>sed</strong></span> <span class='ocrx_word' id='word_1_732' title='bbox 2337 3778 2533 3850; x_wconf 92' lang='lat' dir='ltr'><strong>ubique</strong></span> <span class='ocrx_word' id='word_1_733' title='bbox 2553 3791 2817 3839; x_wconf 88' lang='lat' dir='ltr'><strong>terrarum</strong></span> <span class='ocrx_word' id='word_1_734' title='bbox 2841 3796 2896 3840; x_wconf 92' lang='lat' dir='ltr'><strong>et</strong></span> <span class='ocrx_word' id='word_1_735' title='bbox 2917 3788 3143 3843; x_wconf 88' lang='lat' dir='ltr'><strong>marium</strong></span> <span class='ocrx_word' id='word_1_736' title='bbox 3189 3793 3440 3847; x_wconf 89' lang='lat' dir='ltr'><strong>omnibus</strong></span> <span class='ocrx_word' id='word_1_737' title='bbox 3465 3795 3809 3854; x_wconf 88' lang='lat' dir='ltr'><strong>audientilms</strong></span> 
     </span>
    </p>
   </div>
   <div class='ocr_carea' id='block_1_95' title="bbox 2211 3869 3802 3958">
    <p class='ocr_par' dir='ltr' id='par_1_95' title="bbox 2211 3869 3802 3958">
     <span class='ocr_line' id='line_1_95' title="bbox 2211 3869 3802 3958; baseline 0.015 -36"><span class='ocrx_word' id='word_1_738' title='bbox 2211 3869 2550 3937; x_wconf 89' lang='lat' dir='ltr'><strong>publicarunt</strong></span> <span class='ocrx_word' id='word_1_739' title='bbox 2594 3877 2872 3934; x_wconf 91' lang='lat' dir='ltr'><strong>:inimicis</strong></span> <span class='ocrx_word' id='word_1_740' title='bbox 2906 3883 3258 3949; x_wconf 70' lang='lat' dir='ltr'><strong>prmsetitibus</strong></span> <span class='ocrx_word' id='word_1_741' title='bbox 3306 3885 3422 3941; x_wconf 83' lang='lat' dir='ltr'><strong>ha-c</strong></span> <span class='ocrx_word' id='word_1_742' title='bbox 3469 3889 3802 3958; x_wconf 87' lang='lat' dir='ltr'><strong>legebantur,</strong></span> 
     </span>
    </p>
   </div>
   <div class='ocr_carea' id='block_1_96' title="bbox 2209 3963 3808 4049">
    <p class='ocr_par' dir='ltr' id='par_1_96' title="bbox 2209 3963 3808 4049">
     <span class='ocr_line' id='line_1_96' title="bbox 2209 3963 3808 4049; baseline 0.016 -36"><span class='ocrx_word' id='word_1_743' title='bbox 2209 3963 2654 4029; x_wconf 88' lang='lat' dir='ltr'><strong>quemadmodum</strong></span> <span class='ocrx_word' id='word_1_744' title='bbox 2681 3976 2734 4023; x_wconf 90' lang='lat' dir='ltr'><strong>et</strong></span> <span class='ocrx_word' id='word_1_745' title='bbox 2761 3969 2952 4034; x_wconf 90' lang='lat' dir='ltr'><strong>hodie;</strong></span> <span class='ocrx_word' id='word_1_746' title='bbox 2981 3981 3035 4027; x_wconf 86' lang='lat' dir='ltr'><strong>et</strong></span> <span class='ocrx_word' id='word_1_747' title='bbox 3065 3975 3332 4031; x_wconf 90' lang='lat' dir='ltr'><strong>neminem</strong></span> <span class='ocrx_word' id='word_1_748' title='bbox 3355 3994 3603 4049; x_wconf 83' lang='lat' dir='ltr'><strong>umquam</strong></span> <span class='ocrx_word' id='word_1_749' title='bbox 3631 3982 3808 4037; x_wconf 74' lang='lat' dir='ltr'><strong>offen—</strong></span> 
     </span>
    </p>
   </div>
   <div class='ocr_carea' id='block_1_97' title="bbox 2207 4050 3804 4138">
    <p class='ocr_par' dir='ltr' id='par_1_97' title="bbox 2207 4050 3804 4138">
     <span class='ocr_line' id='line_1_97' title="bbox 2207 4050 3804 4138; baseline 0.016 -34"><span class='ocrx_word' id='word_1_750' title='bbox 2207 4050 2432 4120; x_wconf 89' lang='lat' dir='ltr'><strong>derunt,</strong></span> <span class='ocrx_word' id='word_1_751' title='bbox 2459 4055 2620 4128; x_wconf 89' lang='lat' dir='ltr'><strong>idque</strong></span> <span class='ocrx_word' id='word_1_752' title='bbox 2654 4058 2778 4128; x_wconf 90' lang='lat' dir='ltr'><strong>jure</strong></span> <span class='ocrx_word' id='word_1_753' title='bbox 2801 4062 3013 4117; x_wconf 88' lang='lat' dir='ltr'><strong>merito.</strong></span> <span class='ocrx_word' id='word_1_754' title='bbox 3048 4063 3235 4118; x_wconf 86' lang='lat' dir='ltr'><strong>Divina</strong></span> <span class='ocrx_word' id='word_1_755' title='bbox 3264 4067 3460 4138; x_wconf 87' lang='lat' dir='ltr'><strong>quippe</strong></span> <span class='ocrx_word' id='word_1_756' title='bbox 3487 4071 3655 4127; x_wconf 92' lang='lat' dir='ltr'><strong>virtus</strong></span> <span class='ocrx_word' id='word_1_757' title='bbox 3681 4086 3804 4129; x_wconf 80' lang='lat' dir='ltr'><strong>erat</strong></span> 
     </span>
    </p>
   </div>
   <div class='ocr_carea' id='block_1_98' title="bbox 2209 4143 3805 4222">
    <p class='ocr_par' dir='ltr' id='par_1_98' title="bbox 2209 4143 3805 4222">
     <span class='ocr_line' id='line_1_98' title="bbox 2209 4143 3805 4222; baseline 0.014 -26"><span class='ocrx_word' id='word_1_758' title='bbox 2209 4156 2331 4210; x_wconf 75' lang='lat' dir='ltr'><strong>qua:</strong></span> <span class='ocrx_word' id='word_1_759' title='bbox 2363 4143 2480 4200; x_wconf 63' lang='lat' dir='ltr'><strong>haec</strong></span> <span class='ocrx_word' id='word_1_760' title='bbox 2513 4149 2691 4203; x_wconf 90' lang='lat' dir='ltr'><strong>omnia</strong></span> <span class='ocrx_word' id='word_1_761' title='bbox 2715 4152 3038 4221; x_wconf 89' lang='lat' dir='ltr'><strong>operabatur</strong></span> <span class='ocrx_word' id='word_1_762' title='bbox 3065 4155 3204 4222; x_wconf 88' lang='lat' dir='ltr'><strong>apud</strong></span> <span class='ocrx_word' id='word_1_763' title='bbox 3251 4173 3554 4215; x_wconf 72' lang='lat' dir='ltr'><strong>IllltVt‘l&#39;Stts.</strong></span> <span class='ocrx_word' id='word_1_764' title='bbox 3587 4160 3805 4219; x_wconf 85' lang='lat' dir='ltr'><strong>Etenim</strong></span> 
     </span>
    </p>
   </div>
   <div class='ocr_carea' id='block_1_99' title="bbox 2207 4233 3802 4320">
    <p class='ocr_par' dir='ltr' id='par_1_99' title="bbox 2207 4233 3802 4320">
     <span class='ocr_line' id='line_1_99' title="bbox 2207 4233 3802 4320; baseline 0.015 -34"><span class='ocrx_word' id='word_1_765' title='bbox 2207 4233 2252 4287; x_wconf 86' lang='lat' dir='ltr'><strong>si</strong></span> <span class='ocrx_word' id='word_1_766' title='bbox 2298 4250 2404 4290; x_wconf 91' lang='lat' dir='ltr'><strong>non</strong></span> <span class='ocrx_word' id='word_1_767' title='bbox 2447 4237 2519 4293; x_wconf 88' lang='lat' dir='ltr'><strong>ita</strong></span> <span class='ocrx_word' id='word_1_768' title='bbox 2548 4253 2608 4295; x_wconf 90' lang='lat' dir='ltr'><strong>se</strong></span> <span class='ocrx_word' id='word_1_769' title='bbox 2654 4256 2742 4296; x_wconf 91' lang='lat' dir='ltr'><strong>res</strong></span> <span class='ocrx_word' id='word_1_770' title='bbox 2790 4242 3085 4309; x_wconf 90' lang='lat' dir='ltr'><strong>habuisset,</strong></span> <span class='ocrx_word' id='word_1_771' title='bbox 3135 4249 3406 4316; x_wconf 89' lang='lat' dir='ltr'><strong>quomodo</strong></span> <span class='ocrx_word' id='word_1_772' title='bbox 3464 4252 3802 4320; x_wconf 81' lang='lat' dir='ltr'><strong>publicanus,</strong></span> 
     </span>
    </p>
   </div>
   <div class='ocr_carea' id='block_1_100' title="bbox 2211 4327 3803 4414">
    <p class='ocr_par' dir='ltr' id='par_1_100' title="bbox 2211 4327 3803 4414">
     <span class='ocr_line' id='line_1_100' title="bbox 2211 4327 3803 4414; baseline 0.011 -36"><span class='ocrx_word' id='word_1_773' title='bbox 2211 4327 2444 4394; x_wconf 85' lang='lat' dir='ltr'><strong>piscator</strong></span> <span class='ocrx_word' id='word_1_774' title='bbox 2470 4339 2526 4385; x_wconf 93' lang='lat' dir='ltr'><strong>et</strong></span> <span class='ocrx_word' id='word_1_775' title='bbox 2566 4331 2849 4389; x_wconf 82' lang='lat' dir='ltr'><strong>illiteratus</strong></span> <span class='ocrx_word' id='word_1_776' title='bbox 2891 4336 3006 4391; x_wconf 60' lang='lat' dir='ltr'><strong>haec</strong></span> <span class='ocrx_word' id='word_1_777' title='bbox 3050 4339 3348 4407; x_wconf 88' lang='lat' dir='ltr'><strong>potuissent</strong></span> <span class='ocrx_word' id='word_1_778' title='bbox 3391 4342 3803 4414; x_wconf 75' lang='lat' dir='ltr'><strong>philosophari?</strong></span> 
     </span>
    </p>
   </div>
   <div class='ocr_carea' id='block_1_101' title="bbox 2205 4418 3802 4506">
    <p class='ocr_par' dir='ltr' id='par_1_101' title="bbox 2205 4418 3802 4506">
     <span class='ocr_line' id='line_1_101' title="bbox 2205 4418 3802 4506; baseline 0.013 -33"><span class='ocrx_word' id='word_1_779' title='bbox 2205 4418 2336 4484; x_wconf 76' lang='lat' dir='ltr'><strong>Qua:</strong></span> <span class='ocrx_word' id='word_1_780' title='bbox 2365 4422 2508 4476; x_wconf 92' lang='lat' dir='ltr'><strong>enim</strong></span> <span class='ocrx_word' id='word_1_781' title='bbox 2552 4439 2619 4479; x_wconf 92' lang='lat' dir='ltr'><strong>ne</strong></span> <span class='ocrx_word' id='word_1_782' title='bbox 2647 4440 2745 4495; x_wconf 91' lang='lat' dir='ltr'><strong>per</strong></span> <span class='ocrx_word' id='word_1_783' title='bbox 2771 4430 3035 4482; x_wconf 89' lang='lat' dir='ltr'><strong>somnium</strong></span> <span class='ocrx_word' id='word_1_784' title='bbox 3066 4430 3280 4500; x_wconf 88' lang='lat' dir='ltr'><strong>quidem</strong></span> <span class='ocrx_word' id='word_1_785' title='bbox 3319 4435 3488 4488; x_wconf 80' lang='lat' dir='ltr'><strong>exteri</strong></span> <span class='ocrx_word' id='word_1_786' title='bbox 3519 4435 3802 4506; x_wconf 85' lang='lat' dir='ltr'><strong>imaginari</strong></span> 
     </span>
    </p>
   </div>
   <div class='ocr_carea' id='block_1_102' title="bbox 2205 4517 3801 4592">
    <p class='ocr_par' dir='ltr' id='par_1_102' title="bbox 2205 4517 3801 4592">
     <span class='ocr_line' id='line_1_102' title="bbox 2205 4517 3801 4592; baseline 0.013 -29"><span class='ocrx_word' id='word_1_787' title='bbox 2205 4521 2509 4579; x_wconf 88' lang='lat' dir='ltr'><strong>potuerant,</strong></span> <span class='ocrx_word' id='word_1_788' title='bbox 2542 4517 2657 4570; x_wconf 71' lang='lat' dir='ltr'><strong>tunc</strong></span> <span class='ocrx_word' id='word_1_789' title='bbox 2684 4533 2804 4572; x_wconf 91' lang='lat' dir='ltr'><strong>cum</strong></span> <span class='ocrx_word' id='word_1_790' title='bbox 2831 4521 3148 4576; x_wconf 87' lang='lat' dir='ltr'><strong>auctoritate</strong></span> <span class='ocrx_word' id='word_1_791' title='bbox 3180 4538 3366 4592; x_wconf 90' lang='lat' dir='ltr'><strong>magna</strong></span> <span class='ocrx_word' id='word_1_792' title='bbox 3398 4525 3450 4578; x_wconf 94' lang='lat' dir='ltr'><strong>hi</strong></span> <span class='ocrx_word' id='word_1_793' title='bbox 3480 4529 3801 4584; x_wconf 89' lang='lat' dir='ltr'><strong>annuntiaut</strong></span> 
     </span>
    </p>
   </div>
   <div class='ocr_carea' id='block_1_103' title="bbox 2203 4606 3801 4688">
    <p class='ocr_par' dir='ltr' id='par_1_103' title="bbox 2203 4606 3801 4688">
     <span class='ocr_line' id='line_1_103' title="bbox 2203 4606 3801 4688; baseline 0.013 -31"><span class='ocrx_word' id='word_1_794' title='bbox 2203 4612 2262 4658; x_wconf 89' lang='lat' dir='ltr'><strong>et</strong></span> <span class='ocrx_word' id='word_1_795' title='bbox 2305 4606 2554 4675; x_wconf 90' lang='lat' dir='ltr'><strong>suadent,</strong></span> <span class='ocrx_word' id='word_1_796' title='bbox 2601 4608 2762 4678; x_wconf 88' lang='lat' dir='ltr'><strong>idque</strong></span> <span class='ocrx_word' id='word_1_797' title='bbox 2806 4627 2913 4668; x_wconf 90' lang='lat' dir='ltr'><strong>non</strong></span> <span class='ocrx_word' id='word_1_798' title='bbox 2949 4613 3109 4669; x_wconf 93' lang='lat' dir='ltr'><strong>modo</strong></span> <span class='ocrx_word' id='word_1_799' title='bbox 3134 4616 3190 4669; x_wconf 91' lang='lat' dir='ltr'><strong>in</strong></span> <span class='ocrx_word' id='word_1_800' title='bbox 3227 4617 3364 4670; x_wconf 88' lang='lat' dir='ltr'><strong>vivis</strong></span> <span class='ocrx_word' id='word_1_801' title='bbox 3409 4632 3649 4688; x_wconf 84' lang='lat' dir='ltr'><strong>agentes,</strong></span> <span class='ocrx_word' id='word_1_802' title='bbox 3701 4623 3801 4678; x_wconf 88' lang='lat' dir='ltr'><strong>sed</strong></span> 
     </span>
    </p>
   </div>
   <div class='ocr_carea' id='block_1_104' title="bbox 2205 4694 3797 4782">
    <p class='ocr_par' dir='ltr' id='par_1_104' title="bbox 2205 4694 3797 4782">
     <span class='ocr_line' id='line_1_104' title="bbox 2205 4694 3797 4782; baseline 0.013 -35"><span class='ocrx_word' id='word_1_803' title='bbox 2205 4694 2365 4750; x_wconf 91' lang='lat' dir='ltr'><strong>etiam</strong></span> <span class='ocrx_word' id='word_1_804' title='bbox 2413 4695 2648 4754; x_wconf 88' lang='lat' dir='ltr'><strong>defuncti</strong></span> <span class='ocrx_word' id='word_1_805' title='bbox 2682 4716 2828 4756; x_wconf 90' lang='lat' dir='ltr'><strong>:non</strong></span> <span class='ocrx_word' id='word_1_806' title='bbox 2858 4702 3065 4759; x_wconf 88' lang='lat' dir='ltr'><strong>duobus</strong></span> <span class='ocrx_word' id='word_1_807' title='bbox 3105 4706 3185 4761; x_wconf 87' lang='lat' dir='ltr'><strong>vel</strong></span> <span class='ocrx_word' id='word_1_808' title='bbox 3228 4708 3414 4777; x_wconf 88' lang='lat' dir='ltr'><strong>viginti</strong></span> <span class='ocrx_word' id='word_1_809' title='bbox 3464 4710 3797 4782; x_wconf 84' lang='lat' dir='ltr'><strong>hominibus,</strong></span> 
     </span>
    </p>
   </div>
   <div class='ocr_carea' id='block_1_105' title="bbox 2202 4791 3800 4868">
    <p class='ocr_par' dir='ltr' id='par_1_105' title="bbox 2202 4791 3800 4868">
     <span class='ocr_line' id='line_1_105' title="bbox 2202 4791 3800 4868; baseline 0.014 -30"><span class='ocrx_word' id='word_1_810' title='bbox 2202 4801 2311 4840; x_wconf 91' lang='lat' dir='ltr'><strong>non</strong></span> <span class='ocrx_word' id='word_1_811' title='bbox 2359 4791 2601 4846; x_wconf 90' lang='lat' dir='ltr'><strong>centenis</strong></span> <span class='ocrx_word' id='word_1_812' title='bbox 2630 4793 2712 4848; x_wconf 90' lang='lat' dir='ltr'><strong>vel</strong></span> <span class='ocrx_word' id='word_1_813' title='bbox 2771 4794 3031 4863; x_wconf 89' lang='lat' dir='ltr'><strong>millenis,</strong></span> <span class='ocrx_word' id='word_1_814' title='bbox 3061 4796 3144 4851; x_wconf 87' lang='lat' dir='ltr'><strong>vel</strong></span> <span class='ocrx_word' id='word_1_815' title='bbox 3183 4797 3363 4855; x_wconf 88' lang='lat' dir='ltr'><strong>decies</strong></span> <span class='ocrx_word' id='word_1_816' title='bbox 3409 4802 3668 4868; x_wconf 90' lang='lat' dir='ltr'><strong>millenis;</strong></span> <span class='ocrx_word' id='word_1_817' title='bbox 3701 4805 3800 4860; x_wconf 90' lang='lat' dir='ltr'><strong>sed</strong></span> 
     </span>
    </p>
   </div>
   <div class='ocr_carea' id='block_1_106' title="bbox 2200 4877 3794 4960">
    <p class='ocr_par' dir='ltr' id='par_1_106' title="bbox 2200 4877 3794 4960">
     <span class='ocr_line' id='line_1_106' title="bbox 2200 4877 3794 4960; baseline 0.013 -32"><span class='ocrx_word' id='word_1_818' title='bbox 2200 4877 2440 4946; x_wconf 89' lang='lat' dir='ltr'><strong>urbibus,</strong></span> <span class='ocrx_word' id='word_1_819' title='bbox 2488 4881 2758 4952; x_wconf 81' lang='lat' dir='ltr'><strong>gentibus,</strong></span> <span class='ocrx_word' id='word_1_820' title='bbox 2799 4885 3045 4956; x_wconf 87' lang='lat' dir='ltr'><strong>populis,</strong></span> <span class='ocrx_word' id='word_1_821' title='bbox 3100 4895 3278 4953; x_wconf 74' lang='lat' dir='ltr'><strong>terrm,</strong></span> <span class='ocrx_word' id='word_1_822' title='bbox 3334 4891 3490 4956; x_wconf 88' lang='lat' dir='ltr'><strong>mari,</strong></span> <span class='ocrx_word' id='word_1_823' title='bbox 3543 4891 3794 4960; x_wconf 66' lang='lat' dir='ltr'><strong>Grmcim,</strong></span> 
     </span>
    </p>
   </div>
   <div class='ocr_carea' id='block_1_107' title="bbox 2201 4968 3800 5053">
    <p class='ocr_par' dir='ltr' id='par_1_107' title="bbox 2201 4968 3800 5053">
     <span class='ocr_line' id='line_1_107' title="bbox 2201 4968 3800 5053; baseline 0.013 -31"><span class='ocrx_word' id='word_1_824' title='bbox 2201 4968 2557 5026; x_wconf 87' lang='lat' dir='ltr'><strong>barbarorum</strong></span> <span class='ocrx_word' id='word_1_825' title='bbox 2595 4976 2926 5045; x_wconf 90' lang='lat' dir='ltr'><strong>regionibus,</strong></span> <span class='ocrx_word' id='word_1_826' title='bbox 2956 4978 3074 5033; x_wconf 90' lang='lat' dir='ltr'><strong>orbi</strong></span> <span class='ocrx_word' id='word_1_827' title='bbox 3113 4990 3168 5034; x_wconf 91' lang='lat' dir='ltr'><strong>et</strong></span> <span class='ocrx_word' id='word_1_828' title='bbox 3191 4980 3454 5047; x_wconf 87' lang='lat' dir='ltr'><strong>desertis;</strong></span> <span class='ocrx_word' id='word_1_829' title='bbox 3489 4983 3649 5053; x_wconf 86' lang='lat' dir='ltr'><strong>idque</strong></span> <span class='ocrx_word' id='word_1_830' title='bbox 3668 5002 3800 5043; x_wconf 85' lang='lat' dir='ltr'><strong>cum</strong></span> 
     </span>
    </p>
   </div>
   <div class='ocr_carea' id='block_1_108' title="bbox 2199 5061 3798 5136">
    <p class='ocr_par' dir='ltr' id='par_1_108' title="bbox 2199 5061 3798 5136">
     <span class='ocr_line' id='line_1_108' title="bbox 2199 5061 3798 5136; baseline 0.014 -22"><span class='ocrx_word' id='word_1_831' title='bbox 2199 5061 2269 5116; x_wconf 93' lang='lat' dir='ltr'><strong>de</strong></span> <span class='ocrx_word' id='word_1_832' title='bbox 2293 5063 2507 5132; x_wconf 91' lang='lat' dir='ltr'><strong>scriptis</strong></span> <span class='ocrx_word' id='word_1_833' title='bbox 2533 5079 2780 5136; x_wconf 88' lang='lat' dir='ltr'><strong>ageretur</strong></span> <span class='ocrx_word' id='word_1_834' title='bbox 2802 5080 3044 5126; x_wconf 87' lang='lat' dir='ltr'><strong>naturam</strong></span> <span class='ocrx_word' id='word_1_835' title='bbox 3064 5082 3300 5128; x_wconf 87' lang='lat' dir='ltr'><strong>nostram</strong></span> <span class='ocrx_word' id='word_1_836' title='bbox 3323 5075 3608 5132; x_wconf 86' lang='lat' dir='ltr'><strong>adtnodum</strong></span> <span class='ocrx_word' id='word_1_837' title='bbox 3631 5092 3798 5136; x_wconf 78' lang='lat' dir='ltr'><strong>exsu-</strong></span> 
     </span>
    </p>
   </div>
   <div class='ocr_carea' id='block_1_109' title="bbox 2199 5156 3799 5232">
    <p class='ocr_par' dir='ltr' id='par_1_109' title="bbox 2199 5156 3799 5232">
     <span class='ocr_line' id='line_1_109' title="bbox 2199 5156 3799 5232; baseline 0.013 -24"><span class='ocrx_word' id='word_1_838' title='bbox 2199 5156 2528 5223; x_wconf 88' lang='lat' dir='ltr'><strong>perantibus.</strong></span> <span class='ocrx_word' id='word_1_839' title='bbox 2565 5159 2700 5215; x_wconf 88' lang='lat' dir='ltr'><strong>Nam</strong></span> <span class='ocrx_word' id='word_1_840' title='bbox 2747 5162 2908 5218; x_wconf 89' lang='lat' dir='ltr'><strong>missa</strong></span> <span class='ocrx_word' id='word_1_841' title='bbox 2959 5173 3124 5232; x_wconf 90' lang='lat' dir='ltr'><strong>terra,</strong></span> <span class='ocrx_word' id='word_1_842' title='bbox 3165 5165 3235 5220; x_wconf 92' lang='lat' dir='ltr'><strong>de</strong></span> <span class='ocrx_word' id='word_1_843' title='bbox 3260 5167 3567 5225; x_wconf 71' lang='lat' dir='ltr'><strong>caelestibus</strong></span> <span class='ocrx_word' id='word_1_844' title='bbox 3612 5173 3799 5228; x_wconf 86' lang='lat' dir='ltr'><strong>omnia</strong></span> 
     </span>
    </p>
   </div>
   <div class='ocr_carea' id='block_1_110' title="bbox 2196 5245 3799 5324">
    <p class='ocr_par' dir='ltr' id='par_1_110' title="bbox 2196 5245 3799 5324">
     <span class='ocr_line' id='line_1_110' title="bbox 2196 5245 3799 5324; baseline 0.016 -25"><span class='ocrx_word' id='word_1_845' title='bbox 2196 5245 2496 5305; x_wconf 89' lang='lat' dir='ltr'><strong>edisserunt</strong></span> <span class='ocrx_word' id='word_1_846' title='bbox 2525 5267 2539 5304; x_wconf 88' lang='lat'><strong>:</strong></span> <span class='ocrx_word' id='word_1_847' title='bbox 2571 5252 2730 5307; x_wconf 89' lang='lat' dir='ltr'><strong>aliam</strong></span> <span class='ocrx_word' id='word_1_848' title='bbox 2779 5254 2934 5310; x_wconf 91' lang='lat' dir='ltr'><strong>nobis</strong></span> <span class='ocrx_word' id='word_1_849' title='bbox 2963 5255 3278 5314; x_wconf 89' lang='lat' dir='ltr'><strong>inducentes</strong></span> <span class='ocrx_word' id='word_1_850' title='bbox 3311 5261 3474 5316; x_wconf 87' lang='lat' dir='ltr'><strong>vitam</strong></span> <span class='ocrx_word' id='word_1_851' title='bbox 3499 5273 3554 5318; x_wconf 89' lang='lat' dir='ltr'><strong>et</strong></span> <span class='ocrx_word' id='word_1_852' title='bbox 3577 5265 3799 5324; x_wconf 89' lang='lat' dir='ltr'><strong>vivendi</strong></span> 
     </span>
    </p>
   </div>
   <div class='ocr_carea' id='block_1_111' title="bbox 2195 5337 3796 5421">
    <p class='ocr_par' dir='ltr' id='par_1_111' title="bbox 2195 5337 3796 5421">
     <span class='ocr_line' id='line_1_111' title="bbox 2195 5337 3796 5421; baseline 0.016 -32"><span class='ocrx_word' id='word_1_853' title='bbox 2195 5337 2480 5407; x_wconf 85' lang='lat' dir='ltr'><strong>rationem,</strong></span> <span class='ocrx_word' id='word_1_854' title='bbox 2509 5343 2642 5396; x_wconf 90' lang='lat' dir='ltr'><strong>alias</strong></span> <span class='ocrx_word' id='word_1_855' title='bbox 2662 5344 2894 5410; x_wconf 90' lang='lat' dir='ltr'><strong>divitias,</strong></span> <span class='ocrx_word' id='word_1_856' title='bbox 2921 5347 3080 5402; x_wconf 89' lang='lat' dir='ltr'><strong>aliam</strong></span> <span class='ocrx_word' id='word_1_857' title='bbox 3112 5361 3480 5420; x_wconf 88' lang='lat' dir='ltr'><strong>paupertatem</strong></span> <span class='ocrx_word' id='word_1_858' title='bbox 3507 5397 3522 5421; x_wconf 95' lang='lat'><strong>,</strong></span> <span class='ocrx_word' id='word_1_859' title='bbox 3558 5357 3796 5414; x_wconf 87' lang='lat' dir='ltr'><strong>liberta-</strong></span> 
     </span>
    </p>
   </div>
   <div class='ocr_carea' id='block_1_112' title="bbox 2197 5433 3799 5512">
    <p class='ocr_par' dir='ltr' id='par_1_112' title="bbox 2197 5433 3799 5512">
     <span class='ocr_line' id='line_1_112' title="bbox 2197 5433 3799 5512; baseline 0.016 -32"><span class='ocrx_word' id='word_1_860' title='bbox 2197 5437 2324 5493; x_wconf 74' lang='lat' dir='ltr'><strong>tem,</strong></span> <span class='ocrx_word' id='word_1_861' title='bbox 2358 5433 2694 5501; x_wconf 90' lang='lat' dir='ltr'><strong>servitutem,</strong></span> <span class='ocrx_word' id='word_1_862' title='bbox 2723 5438 2880 5492; x_wconf 86' lang='lat' dir='ltr'><strong>aliam</strong></span> <span class='ocrx_word' id='word_1_863' title='bbox 2910 5439 3075 5496; x_wconf 91' lang='lat' dir='ltr'><strong>vitam</strong></span> <span class='ocrx_word' id='word_1_864' title='bbox 3104 5449 3264 5512; x_wconf 89' lang='lat' dir='ltr'><strong>atque</strong></span> <span class='ocrx_word' id='word_1_865' title='bbox 3309 5455 3538 5502; x_wconf 88' lang='lat' dir='ltr'><strong>mortem</strong></span> <span class='ocrx_word' id='word_1_866' title='bbox 3561 5489 3578 5510; x_wconf 89' lang='lat'><em>.</em></span> <span class='ocrx_word' id='word_1_867' title='bbox 3625 5449 3799 5507; x_wconf 85' lang='lat' dir='ltr'><strong>alium</strong></span> 
     </span>
    </p>
   </div>
   <div class='ocr_carea' id='block_1_113' title="bbox 2225 5729 3772 5808">
    <p class='ocr_par' dir='ltr' id='par_1_113' title="bbox 2225 5729 3772 5808">
     <span class='ocr_line' id='line_1_113' title="bbox 2225 5729 3772 5808; baseline 0.017 -29"><span class='ocrx_word' id='word_1_868' title='bbox 2371 5729 2724 5808; x_wconf 38' lang='lat' dir='ltr'><strong>argumentum</strong></span> <span class='ocrx_word' id='word_1_869' title='bbox 2747 5737 2824 5790; x_wconf 87' lang='lat' dir='ltr'><strong>btc</strong></span> <span class='ocrx_word' id='word_1_870' title='bbox 2849 5739 3100 5794; x_wconf 88' lang='lat' dir='ltr'><strong>evolutum</strong></span> <span class='ocrx_word' id='word_1_871' title='bbox 3135 5744 3299 5796; x_wconf 87' lang='lat' dir='ltr'><strong>multis</strong></span> <span class='ocrx_word' id='word_1_872' title='bbox 3324 5748 3517 5800; x_wconf 86' lang='lat' dir='ltr'><strong>videtur</strong></span> <span class='ocrx_word' id='word_1_873' title='bbox 3536 5751 3772 5808; x_wconf 82' lang='lat' dir='ltr'><strong>difliculta</strong></span> 
     </span>
    </p>
   </div>
   <div class='ocr_carea' id='block_1_114' title="bbox 2202 5791 2633 5846">
    <p class='ocr_par' dir='ltr' id='par_1_114' title="bbox 2202 5791 2633 5846">
     <span class='ocr_line' id='line_1_114' title="bbox 2202 5791 2633 5846; baseline 0.009 -5"><span class='ocrx_word' id='word_1_874' title='bbox 2202 5791 2333 5842; x_wconf 84' lang='lat' dir='ltr'><strong>tibus</strong></span> <span class='ocrx_word' id='word_1_875' title='bbox 2354 5791 2633 5846; x_wconf 75' lang='lat' dir='ltr'><strong>obnoxium.</strong></span> 
     </span>
    </p>
   </div>
  </div>
