4090 6366
285 419 354 473 i7
1468 419 1534 476 ΙΝ
1573 419 1863 481 ΜΑΤἸῊΔ

1974 425 1992 482 l
2064 427 2299 485 IIOMIL.
2342 430 2383 485 Ι.

288 533 482 603 μέλλει
517 532 741 603 κρίνειν,
780 533 861 585 ὅτι
900 532 1064 585 ἔδωκε
1103 530 1461 602 σωτηριώδεις
1507 534 1751 596 ἐντολάς,
1780 534 1862 586 ὃτι

286 626 393 677 οὐκ
435 624 678 677 ἐναντίον
706 626 771 694 τῇ
802 624 1016 694 Παλαιᾷ
1040 624 1204 694 νόμον
1244 624 1580 696 εἰσήνεγκεν,
1606 626 1689 678 ὅτι
1714 624 1861 688 Υίδς,

286 718 376 769 ὅτι
399 714 730 785 Μονογενὴς,
758 715 842 767 ὅτι
873 716 1109 784 γνήσιος,
1134 716 1216 768 ὅτι
1247 715 1346 785 τῆς
1379 715 1549 785 αὐτῆς
1572 715 1758 778 οὐσίας
1788 713 1866 785 τῷ

288 810 495 878 Πατρὶ,
527 808 621 861 καὶ
647 808 745 860 ὅσα
770 804 1021 859 τοιαῦταο
1048 807 1176 876 περὶ
1207 806 1316 877 γάρ
1338 805 1511 860 ταῦτα
1544 805 1743 876 πολλὴν
1776 806 1867 859 εύ-

293 902 548 972 ρησομευ
567 895 733 952 οὖσαν
758 900 937 961 αὐτοῖς
977 897 1312 968 συμφωνίαν.
1334 898 1397 949 Εἰ
1424 897 1479 950 δὲ
1509 897 1566 949 ἐν
1596 899 1707 961 τοῖς
1742 896 1868 950 θαύ-

292 1010 431 1063 μασι
474 992 549 1062 μὴ
580 992 777 1054 πάντες
809 991 986 1044 πάντα
1010 986 1183 1055 εἷπον,
1210 989 1324 1043 ἀλλ’
1353 991 1381 1042 6
1410 989 1507 1058 μὲν
1536 989 1730 1054 ταῦτα,
1759 991 1787 1042 6
1810 990 1867 1042 66

288 1086 504 1145 ἐκεῖνα,
533 1082 691 1137 τοῦτό
734 1099 792 1135 σε
826 1081 899 1153 μὴ
930 1080 1256 1152 θορυϐείτω’
1294 1080 1402 1133 εἴτε
1434 1081 1541 1151 γάρ
1568 1075 1648 1143 εἷς
1689 1081 1866 1133 πάντα

289 1170 435 1237 εἷπε,
471 1173 729 1244 περισσὸς
754 1168 822 1243 ἦν
849 1174 878 1224 6
912 1171 1021 1224 τῶν
1049 1171 1251 1224 λοιπιῖιν
1280 1170 1541 1241 ἀριθμός⁸
1582 1173 1689 1225 εἴτε
1731 1172 1866 1225 πάν-

288 1282 384 1327 τες
411 1263 787 1333 ἐξηλλαγμένα
816 1263 910 1316 καὶ
933 1261 1093 1315 καινά
1139 1260 1276 1332 πρὸς
1306 1261 1569 1331 ἀλλήλους
1592 1260 1861 1331 ἔγραψαν,

288 1356 395 1407 οὐκ
422 1354 492 1407 ἂν
523 1354 695 1423 ἐφάνη
728 1353 828 1423 τῆς
860 1352 1175 1421 συμφωνίας
1206 1352 1240 1422 ή
1272 1351 1561 1416 ἀπόδειξις.
1588 1353 1686 1405 Διά
1711 1350 1867 1404 τοῦτο

291 1446 389 1497 καὶ
435 1447 591 1514 κοινῇ
646 1443 818 1495 πολλά
865 1441 1236 1512 διελέχθησαν,
1278 1442 1373 1494 καὶ
1408 1442 1637 1502 ἕκαστος
1686 1439 1867 1494 αὐτῶν

290 1536 425 1588 ῖδιόν
468 1552 523 1587 τι
577 1533 756 1586 λαϐὼν
814 1528 986 1597 εἶπεν,
1026 1532 1113 1585 ἰνα
1162 1533 1299 1603 μήτε
1342 1532 1383 1563 ⁸⁷
1428 1531 1684 1603 περισσὸς
1729 1527 1866 1584 εἰναι

290 1628 419 1697 δόξῃ
469 1629 563 1680 καὶ
603 1625 997 1697 προσερριῖφθαι
1043 1624 1265 1687 ἁπλῶς,
1318 1625 1412 1677 καὶ
1460 1624 1557 1694 τῆς
1610 1622 1865 1693 ἀληθείας

290 1719 400 1771 τῶν
448 1720 755 1789 λεγομένων
809 1716 1011 1787 ἀκριϐῆ
1076 1718 1424 1790 παράσχηται
1478 1717 1577 1787 τὴν
1635 1716 1864 1786 βάσανον

290 1812 323 1879 ἡ
332 1813 437 1879 μῖνν

364 1909 436 1970 τ.
454 1903 512 1955 '0
538 1902 635 1971 μὲν
661 1896 753 1954 οῦν
772 1901 985 1964 Λουκᾶς
1011 1900 1105 1954 καὶ
1126 1900 1222 1971 τήν
1239 1900 1418 1953 αἰτίαν
1439 1899 1591 1970 φησί,
1608 1898 1675 1952 δι’
1690 1898 1757 1969 ἣν
1774 1898 1866 1952 ἐπὶ

291 1993 351 2045 :6
382 1993 617 2062 γράφειν
651 1991 866 2063 ἔρχεται
888 2007 901 2019 ·
935 1991 1071 2047 Ἵνα
1098 1992 1246 2061 ἔχῃς
1277 1992 1405 2061 γὰρ,
1435 1991 1589 2061 φησί,
1616 1990 1744 2058 περὶ
1779 1983 1867 2043 ὧν

291 2085 640 2155 κατηχήθης
660 2085 856 2154 λόγων
887 2084 1002 2152 τὴν
1028 2083 1400 2152 ἀσφάλειαν
1434 2081 1727 2145 τουτέστιν,
1749 2080 1867 2134 Ἵνα

290 2177 536 2248 συνεχῶς
568 2176 1114 2247 ὑπομιμνησκόμενος
1148 2174 1247 2246 τὴν
1274 2174 1570 2241 ἀσφάλειαν
1594 2173 1745 2245 ἔχῃς,
1774 2174 1868 2227 καὶ

291 2274 349 2324 ἐν
369 2269 646 2340 ἀσφαλείᾳ
669 2270 853 2343 μένῃς.
884 2270 941 2322 '0
960 2269 1019 2321 66
1046 2268 1295 2336 Ἰωάννης
1337 2266 1497 2329 αὐτὸς
1524 2266 1619 2334 μὲν
1644 2266 1867 2336 ἐσίγησε

289 2363 390 2434 τὴν
440 2360 654 2416 αἰτίαν·
687 2362 762 2426 ὼς
807 2362 915 2433 γάρ
952 2361 1108 2429 λόγος
1153 2359 1317 2430 φησὶν
1346 2360 1387 2390 ⁸⁸
1415 2358 1617 2413 ἀνωθεν
1661 2360 1752 2411 καί
1802 2360 1868 2412 ἐκ

290 2458 566 2529 πατέρων
589 2460 669 2521 εἰς
715 2458 862 2528 ἡμᾶς
895 2455 1158 2519 καταϐὰς,
1200 2453 1321 2506 0666
1355 2453 1515 2516 αὐτὸς
1545 2452 1734 2515 ἁπλῶς
1776 2453 1868 2506 ἐπὶ

288 2551 350 2603 :6
382 2552 621 2621 γράφειν
646 2547 837 2621 ἦλθεν·
869 2549 983 2603 ἀλλ’
1010 2548 1197 2618 ἐπειδὴ
1234 2550 1345 2611 τοῖς
1383 2549 1562 2618 τρισὶν
1596 2548 1630 2618 ή
1665 2546 1868 2617 σπουδὴ

291 2640 487 2707 γέγονε
516 2641 593 2710 τῷ
631 2642 729 2711 τῆς
757 2640 1063 2710 οἰκονομίας
1102 2639 1434 2710 ἐνδιατρῖψαι
1463 2638 1627 2708 λόγῳ,
1665 2639 1759 2691 καὶ
1789 2637 1864 2711 [7]

292 2730 358 2782 :6
390 2730 496 2799 τῆς
525 2731 770 2801 θεότητος
801 2730 1135 2784 ἐκινδύνευεν
1163 2730 1579 2783 άποσιωπᾶσθαι
1604 2730 1865 2799 δόγματα,

293 2821 387 2873 τοῦ
436 2822 670 2893 Χριστοῦ
704 2824 1025 2893 κινήσαντος
1070 2822 1229 2876 αὐτὸν
1271 2821 1477 2883 λοιπὸν,
1504 2820 1676 2884 οὕτως
1705 2817 1868 2892 ἦλθεν

291 2915 391 2966 ἐπὶ
438 2916 540 2983 τὴν
572 2915 927 2986 εὐαγγελικὴν
970 2914 1312 2985 συγγραφήν.
1354 2914 1463 2966 K61
1508 2913 1663 2965 τοῦτο
1710 2912 1868 2981 δῆλον

294 3005 395 3056 καὶ
431 3003 493 3069 ἐξ
525 3006 691 3074 αὐτῆς
720 3007 819 3075 τῆς
848 3006 1108 3076 ἱστορίας,
1146 3005 1238 3057 καὶ
1267 3003 1376 3055 τῶν
1406 3001 1498 3055 τοῦ
1540 3002 1864 3070 Εὑαγγελίου

294 3094 620 3164 προοιμίων.
667 3096 802 3149 Οὐδὲ
832 3095 940 3166 γάρ
980 3095 1181 3166 ὁμοίως
1233 3096 1346 3155 τοῖς
1384 3092 1591 3154 λοιποῖς
1624 3090 1866 3144 κάτωθεν

298 3183 552 3253 ἄρχεται,
579 3185 693 3238 ἀλλ’
722 3186 946 3247 ἄνωθεν,
984 3187 1119 3257 πρὸς
1150 3187 1286 3256 ὅπερ
1331 3182 1609 3254 ἠπείγετο,
1645 3181 1741 3236 καὶ
1780 3183 1871 3236 διὰ

288 3271 453 3321 τοῦτο
480 3273 544 3322 :6
570 3270 681 3323 πᾶν
726 3268 927 3338 βιϐλίον
957 3269 1272 3340 συνέθηκεν.
1303 3272 1417 3325 Οὐκ
1454 3274 1513 3324 ἐν
1541 3275 1652 3337 τοῖς
1684 3292 1863 3345 προοι-

295 3361 442 3430 μίοις
474 3359 533 3412 66
570 3361 747 3431 μόνον,
794 3360 933 3414 ἀλλὰ
967 3363 1059 3416 καὶ
1095 3363 1184 3416 διὰ
1236 3365 1436 3427 παντὸς
1478 3365 1575 3418 τοῦ
1620 3367 1865 3435 Εὐάγγε-

289 3451 410 3504 λίου
438 3451 551 3504 τῶν
594 3451 771 3506 ἄλλων
815 3454 963 3505 ἐστὶν
1007 3453 1353 3525 ὑψηλότερος.
1396 3455 1625 3523 Λέγεται
1668 3459 1726 3511 δέ
1772 3446 1881 3513 καῖ

289 3541 593 3605 Ματθαῖος,
624 3543 735 3596 τῶν
779 3542 841 3607 ἐξ
873 3543 1140 3598 Ἰουδαίων
1186 3547 1588 3601 πιστευσάντων
1638 3548 1865 3618 προσελ-

289 3634 496 3687 θόντων
530 3633 679 3705 αύτῷ
725 3636 822 3688 καὶ
869 3636 1389 3707 παρακαλεσάντων,
1430 3637 1573 3710 άπερ
1617 3636 1737 3691 εἷπε
1776 3640 1866 3694 διὰ

292 3727 580 3797 ῥημάτων,
629 3727 801 3782 ταῦτα
865 3729 1080 3798 ἀφεῖναι
1126 3729 1216 3782 διά
1272 3731 1616 3801 γραμμάτων
1661 3732 1863 3799 αὐτοῖς,

292 3823 391 3871 καὶ
425 3823 492 3890 τῇ
548 3820 658 3873 τῶν
693 3820 960 3892 Ἐϐραίων
1009 3825 1159 3893 φωνῇ
1196 3823 1465 3877 συνθεῖναι
1507 3824 1571 3877 :6
1617 3826 1865 3895 Εὐαγγέ-

289 3909 439 3963 110v-
496 3911 594 3965 καὶ
632 3912 855 3982 Μάρκος
901 3913 959 3965 δὲ
1009 3914 1068 3967 ἐν
1114 3914 1392 3985 Αἰγύπτῳ,
1443 3916 1552 3969 τῶν
1605 3918 1863 3988 μαθητῶν

288 4001 810 4071 παρακαλεσάντων,
869 4003 999 4056 66:6
1045 4006 1087 4036 ¹⁹
1136 4005 1293 4058 τοῦτο
1348 4007 1590 4077 ποιῆσαι,
1653 4009 1751 4063 Διὰ
1799 4010 1863 4082 δή

285 4094 452 4147 τοῦτο
497 4096 527 4147 6
580 4094 680 4165 μὲν
711 4094 1008 4159 Ματθαῖος.
1039 4096 1136 4151 άτε
1170 4097 1441 4169 Ἑϐραίοις
1481 4100 1727 4171 γράφων,
1775 4104 1865 4155 06-

286 4185 378 4237 δέν
406 4186 572 4238 πλέον
621 4185 850 4256 ἐζήτησε
894 4186 1098 4252 δεῖξαι,
1140 4188 1172 4257 ἢ
1213 4189 1294 4242 ὅτι
1337 4190 1444 4243 ἀπὸ
1478 4191 1727 4263 Ἀϐραάμ
1769 4194 1863 4247 καὶ

288 4275 458 4329 Δαυῖδ
501 4272 588 4346 ἦν.
629 4277 687 4330 '0
714 4278 771 4331 δὲ
800 4279 1032 4341 Λουκᾶς.
1064 4279 1159 4333 ἀτε
1188 4283 1337 4352 κοινῇ
1375 4283 1508 4335 πᾶσι
1545 4283 1856 4354 διαλεγόμε-

286 4385 400 4430 νος,
435 4368 530 4420 καὶ
557 4370 812 4440 ἀνωτέρω
834 4369 925 4423 τὸν
953 4370 1108 4438 λόγον
1130 4372 1340 4441 ἀνάγει,
1376 4373 1537 4445 μέχρι
1562 4375 1656 4428 τοῦ
1693 4378 1863 4448 Ἀδὰμ

288 4460 518 4528 προϊών.
547 4460 656 4512 Καὶ
676 4462 705 4512 6
736 4461 834 4531 μὲν
861 4461 969 4514 61:6
998 4464 1096 4533 τῆς
1122 4462 1386 4530 γενέσεως
1419 4466 1641 4536 ἄρχεται
1659 4483 1671 4497 ·
1705 4469 1858 4522 οὐδὲν

284 4551 397 4621 γάρ
426 4550 598 4614 οὕτως
637 4552 870 4606 ἀνέπαυε
910 4553 1001 4607 τὸν
1041 4554 1310 4621 Ἰουδαῖον,
1348 4556 1423 4619 ὡς
1449 4558 1510 4610 :6
1548 4560 1737 4629 μαθεῖν
1765 4563 1863 4615 66-

284 4640 402 4703 τὺν,
446 4643 533 4694 ὅτι
576 4641 671 4694 τοῦ
720 4642 970 4715 Ἀϐραάμ
1002 4644 1097 4697 καὶ
1139 4644 1234 4697 τοῦ
1274 4646 1437 4700 Δαυῒδ
1468 4647 1688 4723 ἔγγονος
1724 4647 1790 4721 ἦν
1831 4652 1860 4703 6

284 4732 526 4803 Χριστός
544 4749 557 4761 ·
585 4733 615 4785 6
644 4732 701 4785 66
727 4734 826 4804 οὐχ
862 4734 1054 4800 οὕτως,
1096 4735 1212 4788 ἀλλ’
1234 4737 1442 4807 ἐτέρων
1473 4738 1732 4794 πλειόνων
1770 4744 1860 4813 μέ-

288 4839 489 4892 μνηται
535 4823 895 4893 πραγμάτων,
937 4824 1034 4876 καὶ
1080 4825 1203 4879 τότε
1242 4827 1336 4880 ἐπὶ
1379 4827 1479 4900 τὴν
1510 4831 1858 4901 γενεαλογίαν

284 4914 530 4985 πρόεισι.
562 4913 672 4985 Τὴν
700 4914 759 4968 δέ
792 4916 1113 4985 συμφωνίαν
1155 4917 1334 4973 αὐτῶν
1384 4921 1480 4974 καὶ
1510 4922 1617 4976 61:6
1648 4922 1748 4994 τῆς
1784 4928 1859 4978 οἰ-

282 5009 560 5080 κουμένης
588 5011 1012 5082 παραστήσομεν
1029 5012 1128 5083 τῆς
1149 5013 1447 5085 δεξαμένης
1474 5014 1542 5069 :6
1570 5018 1854 5089 εἰρημένα,

282 5102 380 5154 καὶ
406 5100 505 5154 ἀπ’
543 5100 721 5154 αὐτῶν
756 5100 873 5154 τῶν
905 5102 1004 5172 τῆς
1035 5102 1292 5173 ἀληθείας
1323 5104 1553 5175 ἐχθρῶν.
1597 5109 1709 5162 Καὶ
1752 5112 1859 5180 γὰρ

282 5192 482 5247 πολλαὶ
543 5192 661 5263 μετ’
708 5192 947 5255 ἐκείνους
983 5195 1226 5264 αἱρέσεις
1277 5196 1593 5268 ἐτέχθησαν,
1643 5203 1858 5255 ἐναντία

280 5283 606 5349 δοξάζουσαι
639 5286 751 5347 τοῖς
785 5284 1123 5357 εἰρημένοιςο
1159 5286 1256 5340 καὶ
1292 5288 1349 5349 αἰ
1389 5288 1487 5358 μὲν
1515 5291 1691 5344 πάντα
1728 5310 1858 5346 κατ-

280 5375 541 5442 εδέξαντο
581 5374 651 5428 :6
693 5374 977 5445 λεχθέντα,
1023 5377 1081 5431 αἰ
1126 5376 1183 5431 δὲ
1218 5377 1359 5449 μέρη
1407 5378 1516 5433 τῶν
1556 5382 1859 5453 εἰρημένων

282 5465 633 5535 ἀποκόψασαι
660 5465 770 5520 τῶν
799 5466 1018 5532 λοιπῶν,
1043 5466 1186 5521 οὓτω
1212 5472 1340 5539 παρ’
1368 5470 1588 5535 ἐαυταῖς
1615 5471 1853 5544 ἔχουσιν.

283 5559 349 5612 Εἰ
372 5557 432 5609 δὲ
465 5557 612 5627 μάχη
628 5573 713 5620 τις
727 5552 793 5627 ἦν
811 5558 869 5610 ἐν
887 5558 999 5621 τοῖς
1016 5557 1345 5629 εἰρημένοις,
1369 5559 1483 5613 οὔτ’
1510 5561 1575 5615 ἂν
1590 5563 1645 5614 αἰ
1672 5563 1859 5618 τάναν-

280 5648 375 5701 τία
404 5648 660 5716 λέγουσαι
684 5646 898 5701 ἅπαντα
932 5647 999 5701 ἂν
1033 5648 1301 5715 ἐδέξαντο,
1327 5649 1465 5705 ἀλλά
1500 5652 1662 5725 μέρος
1694 5654 1756 5707 :6
1781 5655 1860 5708 60-

284 5739 419 5793 κοῦν
467 5739 659 5803 αὐταῖς
705 5736 784 5809 [8]
818 5739 1056 5810 συνᾴδειν
1077 5756 1097 5769 ι
1121 5739 1233 5794 οὔτ’
1263 5741 1331 5796 ἂν
1358 5743 1421 5796 αἰΔ
1461 5744 1623 5815 μέρος
1655 5746 1857 5803 ἀπολα-

366 5961 421 6042 1"
436 5960 510 6029 μή
539 5978 591 6015 τι
621 5962 761 6018 Edd.
825 5964 867 6042 ’ξ
887 5966 1178 6042 γὰρ-λόγος
1208 5967 1398 6042 φησίν]
1425 5971 1479 6025 66
1503 5972 1659 6034 λόγος
1686 5973 1797 6042 ἔχει
1821 5972 1883 6026 Ε.

288 6032 459 6107 "_§ic
477 6047 632 6107 imp.
663 6032 923 6107 etdcodd’.
968 6032 1158 6107 ἐδέχθη
1190 6032 1293 6093 A'n',
1331 6032 1471 6094 md,

285 6104 443 6155 οὐδέν
468 6101 530 6156 C.
566 6103 629 6157 Ι).
709 6105 755 6136 ³⁸
791 6107 860 6159 τά
881 6123 991 6162 om.
1028 6101 1088 6162 Ᾱξ
1124 6101 1184 6163 C.
1220 6110 1282 6163 Ι).

1561 6046 1605 6123 ’ξ
1627 6044 1709 6096 δεῖ
1748 6043 1902 6123 ’ἰσχκιι
1937 6045 2367 6123 διισχυρίσασθαι
2413 6043 2928 6123 (Ζ.“δυνατὲιν’διισχ.
2977 6052 3041 6107 D.

1362 6113 1405 6143 ³³
1443 6112 1634 6182 Incipit
1663 6114 1832 6167 codex
1867 6116 1922 6167 Β.

3488 434 3554 491 18

1976 540 2171 595 ϐοῦσαι
2204 538 2601 610 διηλέγχθησαν
2621 538 2666 570 ³⁸
2696 535 2803 591 61:6
2838 536 2933 590 :06
2973 538 3193 609 μέρους,
3216 542 3289 605 ώς
3308 544 3443 612 μηδὲ
3476 545 3544 597 τά

1988 632 2249 703 κόμματα
2293 631 2431 683 αύτά
2476 628 2775 692 λανθάνειν,
2821 628 2956 683 ἀλλά
3006 630 3135 702 βοᾷν
3171 630 3270 703 τὴν
3313 635 3448 706 πρὸς
3482 637 3546 692 :6

1976 724 2097 779 ὅλον
2143 724 2301 795 σῶμα
2331 723 2670 792 συγγένειαν.
2723 725 2832 777 K61
2864 722 3117 794 καθάπερ
3149 722 3215 778 ἂν
3251 722 3359 776 ἀπὸ
3386 723 3555 775 πλευ·-

1979 820 2081 891 ράς
2120 816 2291 888 λάϐῃς
2317 832 2371 869 τι
2413 815 2597 887 μέρος,
2625 814 2723 869 καὶ
2750 817 2809 868 ἐν
2842 814 2922 886 τῷ
2953 814 3110 887 μέρει
3141 814 3215 869 :6
3244 814 3424 870 πάντα
3468 815 3558 870 εύ-

1980 909 2186 981 ρήσιις,
2216 906 2308 976 ἀφ’
2345 898 2420 961 ὧν
2450 906 2511 960 :6
2546 906 2668 959 ὅλον
2700 904 2843 969 ζῶον
2888 905 3213 977 συνέστηκε,
3243 906 3339 961 καὶ
3364 904 3554 977 νεῦρα,

1978 1000 2072 1053 x61
2099 998 2326 1068 φλέϐας,
2364 997 2459 1051 καὶ
2496 999 2651 1063 ὀστᾶ,
2679 998 2775 1053 καὶ
2821 998 3108 1069 ἀρτηρίας,
3140 998 3237 1052 καῖ
3268 992 3426 1068 αἷμα,
3462 999 3559 1053 καὶ

1975 1091 2298 1162 ὁλοκλήρου,
2325 1090 2402 1155 ὼς
2432 1089 2500 1144 ἀν
2527 1091 2674 1144 εἴποι
2708 1107 2815 1157 τις,
2845 1089 2939 1143 τοῦ
2972 1090 3290 1163 φυράματος
3327 1091 3553 1161 δεῖγμα·

1976 1182 2118 1237 οὕτω
2155 1182 2251 1238 καὶ
2278 1183 2373 1236 ἐπὶ
2402 1183 2511 1237 τῶν
2552 1180 2788 1253 Γραφῶν
2827 1182 2976 1236 ἐστιν
3026 1182 3155 1236 ἰδεῖν
3194 1182 3411 1253 ἑκάστῳ
3448 1182 3557 1234 τῶν

1977 1274 2283 1347 εἰρημένων
2318 1275 2473 1346 μέρει
2502 1274 2603 1347 τήν
2634 1274 2728 1329 τοῦ
2760 1275 2962 1340 παντὸς
2995 1274 3314 1344 συγγένειαν
3339 1274 3559 1344 διαφαι-

1976 1369 2231 1440 νομένην.
2257 1368 2321 1421 Εἰ
2350 1368 2407 1420 δὲ
2434 1366 2751 1436 διεφώνουν,
2780 1366 2894 1421 οὔτ’
2935 1368 3001 1422 ἀν
3044 1367 3202 1421 τοῦτο
3253 1365 3465 1436 ἐδείχθη
3488 1366 3555 1428 ’⁸,

1978 1464 2071 1514 καὶ
2129 1460 2261 1514 66:6
2319 1459 2489 1513 πάλαι
2550 1460 2617 1514 ἂν
2678 1459 2896 1530 διελύθη
2962 1461 3024 1513 :6
3089 1459 3268 1529 δόγμα
3295 1475 3308 1489 ⁸
3382 1456 3559 1512 Πᾶσα

1978 1553 2087 1622 γὰρ
2120 1552 2431 1616 βασιλεία,
2466 1551 2651 1621 φησὶν,
2690 1550 2782 1621 ἐφ’
2818 1550 3040 1621 ἑαυτῆς
3079 1549 3432 1619 μερισθεῖσα
3468 1550 3541 1601 οὐ

1977 1643 2365 1710 σταθήσεται.
2400 1642 2515 1696 Νῦν
2563 1642 2620 1695 δὲ
2660 1641 2764 1696 κᾶν
2797 1642 2973 1713 τούτῳ
3020 1641 3114 1694 τοῦ
3162 1639 3477 1711 Πνεύματος
3521 1640 3554 1707 ἡ

1981 1734 2135 1803 ἰσχὺς
2175 1734 2418 1804 λάμπει,
2470 1732 2708 1787 πείσασα
2756 1733 2882 1796 τοὺς
2929 1731 3285 1802 ἀνθρώπους,
3337 1730 3464 1801 περὶ
3491 1731 3560 1782 τὰ

1978 1822 2378 1894 ἀναγκαιότερα
2421 1823 2514 1876 καὶ
2555 1822 2950 1890 κατεπείγοντα
2989 1822 3345 1892 γενομένους,
3393 1818 3558 1890 μηδὲν

1976 1916 2086 1969 ἀπὸ
2111 1916 2221 1968 τῶν
2250 1915 2458 1986 μικρῶν
2482 1914 2686 1967 τούτων
2717 1915 3222 1986 παραϐλάπτεσθαι.
3352 1899 3395 1960 δ’

2046 2007 2107 2061 6'.
2148 2007 2315 2059 Ἔνθα
2359 2008 2455 2077 μὲν
2488 2002 2580 2060 οῦν
2611 2007 2840 2070 ἕκαστος
2876 2007 3166 2078 διατρίϐων
3200 2007 3457 2077 ἔγραψεν,
3492 2009 3552 2061 06

1977 2098 2185 2169 σφόδρα
2212 2100 2344 2169 ήμῖν
2368 2099 2448 2152 δεῖ
2472 2099 2848 2169 ἰσχυρίσασθαι
2869 2100 2936 2131 ¹¹·
2959 2099 3041 2151 ὅτι
3069 2098 3125 2151 66
3154 2100 3213 2151 οὐ
3244 2100 3363 2152 κατ’
3390 2100 3556 2171 ἀλλή-

1970 2190 2081 2245 λων
2110 2191 2364 2260 ἔστησαν,
2396 2190 2554 2244 τοῦτο
2577 2190 2665 2243 διὰ
2692 2190 2871 2261 πάσης
2902 2191 2998 2260 τῆς
3025 2191 3408 2260 πραγματείας
3440 2210 3556 2245 πει-

1979 2281 2255 2354 ρασόμεθα
2281 2281 2577 2348 ἀποδεῖξαι.
2610 2282 2681 2333 Σὺ
2722 2281 2779 2334 δὲ
2807 2281 3004 2334 ταύτὸν
3034 2284 3225 2346 ποιεῖς,
3258 2281 3555 2351 διαφωνίαν

1974 2374 2319 2445 αἰτιώμενος,
2340 2374 2527 2445 ὥσπερ
2545 2373 2610 2427 ἂν
2629 2374 2677 2426 εἰ
2696 2372 2789 2427 καὶ
2806 2374 2874 2445 ρή
2884 2391 3028 2444 ματα
3054 2373 3123 2426 :6
3152 2374 3290 2426 66:6
3307 2374 3555 2439 ἐκέλευες

1974 2466 2169 2528 εἰπεῖν,
2200 2464 2294 2518 καὶ
2323 2464 2560 2535 τρόπους
2583 2462 2803 2528 λέξεων.
2849 2464 2959 2518 K61
2987 2465 3140 2518 ούπω
3179 2465 3324 2530 λέγω
3353 2466 3435 2518 ὅτι
3460 2467 3555 2519 καὶ

1972 2558 2024 2609 οἰ
2074 2558 2217 2625 μέγα
2249 2555 2342 2607 ἐπὶ
2379 2556 2642 2626 ῥητορικῇ
2687 2557 2781 2607 καί
2810 2554 3097 2627 φιλοσοφίᾳ
3146 2555 3549 2626 κομπάζοντες,

1974 2645 2160 2698 πολλοί
2191 2643 2360 2697 πολλά
2390 2643 2568 2714 βιϐλία
2588 2644 2897 2713 γράψαντες
2918 2643 3045 2714 περί
3071 2643 3180 2696 τῶν
3209 2643 3388 2697 αὐτῶν
3416 2661 3553 2715 πρα-

1973 2734 2221 2805 γμάτων,
2244 2733 2306 2787 06
2339 2732 2498 2804 μόνον
2525 2732 2710 2796 ἁπλῶς
2738 2733 3093 2805 διεφώνησαν,
3124 2733 3257 2787 άλλά
3284 2734 3377 2786 καὶ
3399 2736 3551 2788 ἐναν-

1972 2824 2105 2888 τίως
2149 2822 2399 2895 ἀλλήλοις
2435 2818 2610 2877 εἷπον.
2644 2824 2753 2877 K61
2778 2824 2887 2897 γὰρ
2923 2825 3110 2897 ἕτερόν
3137 2826 3252 2879 ἐστι
3280 2825 3550 2897 διαφόρως

1974 2917 2169 2982 εἰπεῖν,
2202 2917 2295 2969 καὶ
2322 2916 2664 2987 μαχομένους
2689 2918 2882 2970 εἰπεῖν.
2905 2918 3069 2971 Οὐδὲν
3085 2919 3132 2950 ’³
3157 2919 3359 2974 τούτων
3384 2919 3545 2989 λέγω’

1977 3008 2050 3079 μή
2079 3024 2169 3079 μοι
2189 3006 2399 3078 γένοιτο
2435 3008 2499 3060 ἐκ
2541 3007 2641 3077 τῆς
2690 3008 2913 3061 ἐκείνων
2938 3010 3235 3081 παρανοίας
3276 3012 3548 3065 συνθεῖναι

1971 3097 2071 3169 τὴν
2114 3098 2408 3167 ἀπολογίαν
2445 3116 2459 3131 ο
2515 3098 2636 3151 0666
2688 3100 2798 3170 γὰρ
2850 3100 2960 3153 ἀπὸ
3023 3101 3115 3153 τοῦ
3172 3100 3398 3170 ψεύδους
3448 3104 3548 3174 τὴν

1973 3191 2228 3263 ἀλήθειαν
2261 3191 2629 3260 συστήσασθαι
2670 3192 2948 3262 βούλομαι.
3005 3193 3142 3246 Ἀλλ’
3166 3195 3340 3248 ἐκεῖνο
3379 3197 3548 3266 ἡδέως

1976 3268 2041 3321 ἂν
2074 3270 2324 3340 ἐροίμην,
2356 3269 2480 3331 Πῶς
2512 3268 2804 3337 ἐπιστεύθη
2844 3271 2913 3322 τὰ
2937 3270 2981 3299 ⁸⁵
3007 3270 3409 3337 διαφωνοῦντας
3442 3288 3547 3331 πως,

1975 3360 2250 3428 ἐκράτησε
2274 3374 2290 3424 ;
2318 3357 2437 3421 πῶς
2478 3358 2695 3411 ἐναντία
2744 3357 2991 3426 λέγοντες
3028 3357 3415 3427 ἐθαυμάζοντο,
3470 3358 3548 3431 [9]

1976 3448 2337 3511 ἐπιστεύοντο,
2398 3446 2827 3516 ἀνεκηρύττοντο
2882 3444 3159 3517 πανταχοῦ
3215 3448 3316 3515 τῆς
3368 3448 3543 3501 οἰκου-

1978 3539 2147 3609 μένης
2174 3556 2188 3605 ;
2214 3539 2402 3593 Καίτοι
2439 3538 2624 3592 πολλοὶ
2648 3539 2696 3590 οἰ
2734 3538 3007 3609 μάρτυρες
3035 3539 3081 3571 ³⁸
3108 3538 3217 3591 τῶν
3246 3539 3546 3609 λεγομένων

1971 3625 2131 3700 ἦσαν,
2164 3631 2349 3683 πολλοὶ
2376 3630 2433 3684 66
2465 3630 2560 3684 καὶ
2597 3630 2650 3683 οἱ
2678 3629 2861 3701 ἐχθροὶ
2899 3630 2993 3683 καὶ
3031 3629 3299 3700 πολέμιοι.
3328 3632 3403 3684 Οὐ
3443 3633 3547 3702 γὰρ

1973 3724 2031 3776 ἐν
2078 3722 2253 3793 γωνίᾳ
2304 3724 2403 3794 μιᾷ
2452 3723 2768 3794 γράψαντες
2821 3722 2959 3776 66:6
3008 3722 3357 3793 κατώρυξαν,
3414 3724 3547 3778 ἀλλά

1974 3814 2248 3885 πανταχοῦ
2275 3815 2379 3885 γῆς
2403 3814 2497 3868 καὶ
2519 3814 2789 3884 θαλάττης
2806 3815 3066 3885 ἦπλωσαν
3082 3815 3185 3869 61:6
3199 3817 3318 3879 ταῖς
3333 3815 3548 3870 πάντων

1972 3905 2166 3968 ἀκοαῖς
2186 3921 2198 3933 ’
2232 3906 2326 3959 καί¹
2351 3905 2563 3976 ἐχθρῶν
2602 3907 2885 3978 παρόντων
2921 3906 3095 3960 ταῦτα
3131 3907 3547 3976 ἀνεγινώσκετο,

1973 3996 2223 4066 καθάπερ
2264 3997 2358 4051 καὶ
2402 3996 2517 4064 νῦν,
2553 3998 2648 4051 καὶ
2696 3998 2886 4051 ούδένα
2910 3998 3061 4053 οὐδὲν
3095 3998 3205 4053 τῶν
3244 3999 3547 4070 εἰρημένων

1974 4089 2343 4144 ἐσκανδάλισε.
2364 4089 2473 4144 Καὶ
2496 4090 2642 4161 μάλα
2663 4090 2908 4152 εἰκότωςο
2948 4089 3069 4144 θεία
3094 4089 3203 4160 γάρ
3221 4089 3450 4160 δύναμις
3481 4085 3547 4160 ἦν

1972 4183 2007 4253 ή
2029 4182 2202 4235 πάντα
2223 4181 2449 4236 ἐπιοῦσα
2464 4183 2558 4235 1:61
2578 4180 2915 4254 κατορθοῦσα
2927 4181 3077 4254 παρά
3105 4183 3285 4235 πᾶσιν.
3327 4182 3478 4235 Ἐπεὶ
3501 4183 3547 4233 εἰ

1975 4270 2052 4343 μὴ
2089 4272 2247 4327 τοῦτο
2277 4268 2344 4342 ἦν
2365 4312 2378 4335 ,
2418 4272 2535 4337 πῶς
2564 4273 2594 4325 6
2622 4271 2878 4343 τελώνης,
2911 4273 3006 4327 καὶ
3052 4272 3082 4325 6
3118 4270 3302 4335 ἁλιεὺς
3324 4309 3339 4333 ,
3388 4273 3484 4326 καὶ
3518 4271 3548 4322 6

1972 4362 2337 4433 ἀγράμματος
2368 4365 2590 4418 τοιαῦτα
2623 4364 2971 4433 ἐφιλοσόφει;
3011 4364 3079 4415 ’Δ
3121 4363 3229 4435 γάρ
3266 4362 3388 4415 0666
3415 4361 3547 4434 δναρ

1972 4455 2023 4508 οἱ
2044 4454 2242 4519 ἔξωθεν
2274 4455 3002 4527 φαντασθῆναιὴδυνήθησάν
3035 4472 3188 4520 ποτε,
3209 4454 3385 4509 ταῦτα
3403 4448 3547 4508 οὗτοι

1979 4545 2117 4617 μετά
2146 4544 2347 4615 πολλῆς
2367 4546 2466 4616 τῆς
2506 4548 2877 4619 πληροφορίας
2909 4547 3003 4601 καὶ
3025 4546 3423 4616 ἀπαγγέλλουσι
3455 4546 3545 4599 καὶ

1975 4636 2251 4690 πείθουσι·
2283 4637 2377 4690 καὶ
2396 4637 2515 4707 οὐχὶ
2546 4636 2746 4702 ζῶντες
2774 4638 2951 4708 μόνον,
2995 4637 3131 4691 ἀλλά
3170 4639 3265 4691 καὶ
3294 4636 3541 4707 τελευτή-

1974 4746 2165 4792 σαντες
2184 4744 2197 4758 ο
2226 4727 2453 4781 0666660
2480 4730 2571 4782 καὶ
2600 4730 2803 4781 εἴκοσιν
2831 4727 3169 4799 ἀνθρώπους,
3199 4728 3320 4780 0666
3351 4725 3545 4780 ἑκατὸν

1973 4820 2068 4874 καί⁵
2102 4819 2306 4890 χιλίους
2335 4819 2429 4873 καὶ
2465 4820 2693 4892 μυρίους
2717 4861 2734 4885 ,
2769 4819 2905 4874 ἀλλὰ
2944 4819 3128 4883 πόλεις
3165 4820 3258 4872 καὶ
3290 4817 3418 4891 ἐθνη
3454 4817 3545 4871 καὶ

1971 4912 2176 4983 δήμους
2204 4950 2219 4974 ,
2280 4911 2374 4965 καὶ
2414 4911 2517 4981 γῆν
2563 4911 2657 4965 καὶ
2688 4910 2995 4974 θάλασσαν,
3044 4908 3138 4962 καί⁸
3185 4908 3408 4962 Ἐλλάδα
3450 4909 3544 4962 καὶ

1975 5005 2246 5076 βάρϐαρον
2264 5044 2279 5069 ,
2302 5005 2395 5058 καὶ
2431 5004 2529 5075 τὴν
2546 5004 2870 5076 οἰκουμένην
2892 5004 2986 5058 καὶ
3018 5002 3116 5075 τὴν
3131 5003 3384 5073 ἀοίκητον
3406 5021 3418 5033 ·
3448 5002 3543 5054 καὶ

1972 5100 2101 5172 περὶ
2150 5101 2490 5172 πραγμάτων
2512 5102 2559 5132 ’⁸
2590 5099 2794 5172 σφόδρα
2821 5100 2920 5171 τὴν
2956 5099 3229 5172 ήμετέραν
3281 5097 3543 5169 ὑπερϐαι-

1969 5191 2169 5245 νόντων
2216 5192 2397 5261 φύσιν.
2443 5191 2552 5263 Τὴν
2593 5193 2702 5262 γάρ
2739 5193 2841 5263 γῆν
2880 5192 3142 5261 ἀφέντες,
3192 5190 3369 5245 πάντα
3414 5190 3541 5260 περὶ

1967 5284 2075 5337 τῶν
2124 5284 2181 5337 ἐν
2232 5285 2478 5356 οὐρανοῖς
2533 5283 2908 5352 διαλέγονται,
2968 5283 3159 5355 ἐτέραν
3212 5284 3343 5353 ἡμῖν
3395 5281 3539 5351 ζωὴν

1967 5376 2278 5444 εἰσάγοντες
2308 5376 2409 5431 καὶ
2444 5376 2558 5447 βίον
2600 5375 2778 5441 ἄλλον,
2827 5376 2924 5430 καὶ
2957 5375 3185 5429 πλοῦτον
3210 5375 3302 5428 καὶ
3325 5373 3536 5436 πενίαν,

1968 5469 2063 5523 καὶ
2088 5468 2399 5541 ἐλευθερίαν
2421 5469 2516 5523 καὶ
2542 5469 2806 5536 δουλείαν,
2848 5468 2944 5522 καὶ
2983 5467 3127 5539 ζωὴν
3158 5467 3252 5520 καὶ
3285 5465 3536 5522 θάνατον,

1967 5561 2059 5614 καὶ
2087 5560 2291 5631 κόσμον
2337 5560 2432 5613 καὶ
2476 5560 2773 5625 πολιτείαν,
2804 5561 2979 5615 πάντα
3021 5557 3411 5629 ἐξηλλαγμένα.
3462 5556 3537 5608 06

1966 5651 2217 5722 καθάπερ
2247 5652 2489 5716 Πλάτων,
2524 5654 2552 5706 6
2580 5652 2677 5725 τὴν
2711 5652 3111 5721 καταγέλαστον
3149 5651 3361 5722 ἐκείνην
3390 5649 3541 5705 πολι-

1964 5744 2113 5799 τείαν
2150 5744 2379 5810 συνθεὶς,
2405 5745 2497 5799 καὶ
2522 5746 2728 5819 Ζήνων,
2762 5746 2858 5800 καὶ
2875 5744 2932 5798 εῖ
2951 5763 3033 5810 τις
3049 5745 3232 5817 ἐτερος
3265 5744 3538 5799 πολιτείαν

1965 5972 2178 6061 ¹⁹αύτό]
2207 5975 2388 6069 αύξόν.
2414 5976 2551 6069 66:6
2588 5977 3069 6069 διηλέγχθησανῆῐζ.
3216 5981 3542 6069 νξιίκιιξίηρξς

2030 6052 2367 6147 ἰχυρίσασθαι
2413 6052 2729 6171 (λιξυνατὲιν
2765 6052 2928 6123 διισχ.
2977 6052 3041 6107 D.
3146 6053 3192 6084 ²³
3227 6052 3401 6125 οὐδέν]
3429 6052 3537 6107 ἀλλῖ

2099 6132 2438 6185 γραμμάτων
