4078 6372
550 379 618 437 19
1242 380 1300 440 S.
1336 383 1625 441 JOANNIS
1661 383 2149 442 CHRYSOSTOMI
2187 384 2510 443 ARCHIEP.
2549 381 3101 442 CONSTANTINOP.
3733 377 3808 432 20

543 497 780 570 ἐγραψεν
807 540 821 564 ,
871 496 904 568 ἢ
960 495 1158 568 νόμους
1211 495 1530 566 συνέθηκεν.
1580 495 1692 549 Kal
1738 493 1842 564 γὰρ
1891 491 2116 547 αὐτόθεν

544 591 780 651 ἅπαντες
823 585 1127 640 ἐδείκνυντο
1171 581 1337 648 οῦτοι,
1369 585 1452 638 ὅτι
1487 582 1704 654 πνεῦμα
1729 581 1981 654 πονηρὸν,
2024 580 2120 635 ml

543 680 754 751 δαίμων
787 694 872 741 τις
923 676 1115 749 ἄγριος
1165 675 1418 746 πολεμῶν
1463 675 1621 745 ήμῶν
1667 677 1736 745 τῇ
1791 673 1971 742 φύσει,
2023 672 2119 726 ml

547 768 902 842 σωφροσύνης
953 767 1168 839 ἐχθρὸς,
1211 767 1306 820 καὶ
1349 765 1602 830 εὐταξίας
1647 762 1776 836 [10]
1824 764 2117 834 πολέμιος,

545 860 727 916 πάντα
745 861 856 916 ἄνω
872 860 966 915 ml
989 861 1138 914 κάτω
1164 858 1353 922 ποιῶν,
1382 859 1643 930 ἐνήχησεν
1664 855 1840 909 αὐτῶν
1861 858 1928 925 τῇ
1948 855 2117 926 ψυχῇ.

549 954 717 1006 Ὅταν
763 951 870 1022 γάρ
914 949 1098 1013 κοινάς
1143 951 1277 1003 πᾶσι
1321 951 1420 1012 τὰς
1461 949 1730 1017 γυναῖκας
1769 945 1986 1008 ποιῶσι,
2026 945 2122 998 ml

546 1042 850 1114 παρθένους
892 1041 1276 1113 γυμνώσαντες
1304 1040 1397 1092 ἐπὶ
1424 1039 1523 1110 τῆς
1545 1037 1881 1107 παλαίστρας
1916 1036 2122 1105 άγωσιν

547 1138 640 1191 ἐπὶ
669 1137 798 1190 θέαν
829 1134 1152 1207 ἀνθρώπων,
1184 1135 1280 1189 καὶ
1323 1133 1618 1204 λαθραίους
1669 1130 2122 1194 κατασκευάζωσι

545 1229 779 1300 γάμους,
815 1228 994 1282 πάντα
1022 1227 1158 1298 ὁμοῦ
1186 1228 1231 1259 ’⁷
1267 1225 1554 1298 μιγνύντες
1593 1224 1688 1278 καὶ⁹
1731 1223 2122 1295 συνταράττον-

545 1334 661 1382 τες,
691 1319 739 1349 ’⁸
759 1316 852 1370 ml
883 1318 1010 1380 τούς
1039 1318 1198 1388 ὄρους
1225 1316 1325 1385 τῆς
1367 1313 1581 1384 φύσεως
1621 1313 2037 1385 ἀνατρέποντες,
2070 1313 2124 1366 τί

548 1407 734 1477 ἕτερον
791 1405 941 1459 ἔστιν
999 1407 1223 1468 εἰπεῖν;
1278 1405 1403 1458 Ὅτι
1455 1403 1564 1474 γὰρ
1615 1403 1886 1472 δαιμόνων
1941 1403 2125 1456 ἐκεῖνα

550 1497 765 1550 ἅπαντα
798 1496 1084 1567 εὑρήματα
1113 1497 1208 1549 ml
1240 1493 1393 1564 παρά
1421 1492 1582 1563 φύσιν
1611 1491 1680 1546 τά
1705 1492 1994 1562 λεγόμενα,
2030 1490 2126 1543 ml

550 1588 688 1660 αὑτὴ
715 1589 1113 1659 μαρτυρήσειεν
1131 1586 1196 1640 ἂν
1225 1587 1356 1656 ἡμῖν
1382 1587 1414 1656 ή
1446 1583 1627 1653 φύσις,
1656 1584 1756 1638 οὐκ
1781 1581 2123 1653 ἀνασχομένη

553 1684 661 1737 τῶν
679 1684 984 1756 εἰρημένων
1000 1697 1017 1714 ⁸
1045 1683 1139 1736 καὶ
1165 1681 1338 1736 ταῦτα
1361 1665 1420 1734 δύ
1450 1681 1589 1752 μετά
1609 1680 1884 1752 διωγμῶν,
1900 1681 1960 1732 οὐ
1988 1676 2126 1750 μετά

557 1777 839 1840 κινδύνων,
872 1778 933 1830 οὐ
971 1775 1110 1847 μετά
1154 1774 1426 1845 πολέμων,
1461 1771 1598 1828 ἀλλά
1627 1773 1763 1844 μετὰ
1803 1772 1985 1835 ἀδείας
2031 1770 2126 1824 καὶ

552 1867 865 1938 ἐλευθερίας
898 1865 1112 1936 ἀπάσης
1148 1857 1488 1937 γραφόντων,
1535 1863 1630 1918 ml
1665 1862 1880 1927 πολλοῖς
1925 1861 2124 1915 πολλα·
2155 1881 2158 1884 ’

551 1957 712 2028 χόθεν
762 1957 1234 2022 καλλωπιζόντων.
1271 1957 1353 2013 Τά
1382 1957 1440 2011 δὲ
1481 1957 1591 2010 τῶν
1633 1956 1848 2021 ἀλιέων,
1903 1957 2124 2011 ἐλαυνο-

555 2049 732 2118 μένων
755 2089 770 2114 ,
819 2037 1260 2122 μαστιζομένῶν,
1294 2049 1710 2103 κινδυνευόντων
1729 2088 1745 2113 ,
1777 2049 1874 2102 καὶ
1919 2048 2126 2103 ἰδιῶται

553 2138 649 2193 καὶ
673 2139 846 2209 σοφοὶ,
883 2139 978 2196 ml
993 2139 1169 2194 δοῦλοι
1190 2141 1284 2192 ml
1313 2139 1608 2210 ἐλεύθεροι,
1643 2139 1738 2192 ml
1765 2139 2002 2210 βασιλεῖς
2031 2139 2126 2194 ml

555 2231 905 2301 στρατιῶται,
945 2230 1042 2285 ml
1072 2230 1334 2303 βάρϐαροι
1357 2231 1452 2285 ml
1475 2230 1754 2303 Ἕλληνες,
1783 2230 1922 2302 μετὰ
1947 2230 2127 2302 πάσης

552 2320 800 2385 ἐδέξαντο
829 2321 928 2393 τῆς
959 2321 1192 2385 εὐνοίας.

625 2412 688 2465 ε’.
711 2413 821 2468 Kal
845 2413 947 2467 οὐκ
971 2413 1036 2468 ἂν
1067 2414 1212 2484 ἔχοις
1236 2414 1437 2479 εἰπεῖν,
1479 2415 1562 2468 ὅτι
1591 2413 1679 2468 διά
1713 2412 1774 2468 τὸ
1805 2413 1975 2487 μικρά
1990 2409 2128 2470 εἶναι

552 2503 832 2558 ταῦτακαὶ
865 2505 1204 2576 χαμαίζηλα,
1243 2505 1620 2576 εὐπαράδεκτα
1654 2505 1876 2574 γέγονεν
1914 2507 2085 2562 ἅπασι
2113 2526 2126 2538 ·

555 2596 650 2647 ml
673 2595 780 2664 γὰρ
796 2595 974 2666 πολλῷ
993 2597 1167 2652 ταῦτα
1191 2596 1413 2650 ἐκείνων
1434 2596 1759 2667 ὑψηλότερα.
1795 2598 2128 2668 Παρθενείας

560 2690 661 2762 μέν
685 2690 815 2762 γὰρ,
850 2691 1050 2744 ἐκεῖνοι
1073 2691 1194 2745 οὐδὲ
1225 2693 1358 2763 δναρ
1385 2695 1505 2749 οὐδέ
1520 2696 1564 2729 ⁸⁸
1595 2696 1764 2767 ὄνομα
1791 2697 2131 2770 ἐφαντάσθη-

559 2798 681 2846 σαν,
715 2781 839 2836 οὐδὲ
883 2782 1290 2854 ἀκτημοσύνης,
1324 2785 1444 2838 οὐδὲ
1488 2787 1762 2856 νηστείας.
1816 2787 1938 2840 οὐδέ
1991 2805 2136 2854 τινος

555 2874 715 2931 ἄλλου
760 2873 868 2928 τῶν
899 2874 1134 2944 ὑψηλῶν.
1167 2875 1232 2928 Οἱ
1274 2875 1331 2929 δὲ
1368 2880 1497 2949 παρ’
1525 2879 1653 2948 ἡμῖν
1697 2879 1797 2932 οὐκ
1843 2879 2136 2951 ἐπιθυμίαν

555 2963 860 3036 ἐξορίζουσι
905 2965 1085 3036 μόνον,
1121 2966 1242 3019 οὐδέ
1273 2968 1472 3038 πρᾶξιν
1504 2969 1842 3036 κολάζουσιν,
1876 2970 2013 3024 ἀλλά
2042 2973 2136 3025 ml

556 3056 678 3125 δψιν
705 3056 1022 3121 ἀκόλαστον,
1046 3057 1141 3111 καὶ
1178 3058 1397 3127 ῥήματα
1441 3059 1730 3130 ὑϐριστικά
1755 3101 1769 3125 ,
1807 3061 1902 3114 ml
1925 3061 2137 3129 γέλωτα

557 3148 814 3210 ἄτακτον,
846 3147 938 3201 ml
967 3150 1173 3218 σχῆμα,
1213 3150 1307 3201 ml
1342 3149 1601 3220 βάδισμα,
1635 3153 1727 3205 ml
1750 3153 2017 3224 κραυγὴν,
2042 3154 2138 3207 καὶ

560 3241 721 3310 μέχρι
746 3239 856 3293 τῶν
880 3240 1220 3310 μικροτάτων
1249 3243 1550 3313 προάγουσι
1577 3243 1676 3314 τὴν
1709 3243 2012 3316 ἀκρίϐειαν,
2043 3247 2137 3298 καὶ

555 3331 656 3402 τὴν
681 3334 1004 3404 οἰκουμένην
1035 3333 1253 3387 ἃπασαν
1281 3335 1373 3387 τοῦ
1395 3338 1494 3408 τῆς
1521 3336 1818 3408 παρθενίας
1835 3338 2136 3409 ἐνέπλησαν

558 3423 748 3490 φυτοῦ.
785 3425 894 3477 Kal
925 3425 1051 3496 περὶ
1081 3425 1214 3478 Θεοῦ
1239 3426 1296 3479 δὲ
1319 3426 1492 3481 ταῦτα
1523 3430 1831 3497 φιλοσοφεῖν
1853 3430 2133 3495 πείθουσι,

557 3515 652 3567 καὶ
683 3515 791 3568 τῶν
817 3516 876 3570 ἐν
904 3515 1151 3587 οὐρανοῖς
1188 3519 1549 3589 πραγμάτων,
1583 3519 1620 3573 ἃ
1652 3519 2136 3596 μηδεὶςιμηδέποτε

558 3607 786 3658 ἐκείνων
821 3606 956 3675 μηδὲ
982 3609 1063 3670 εἰς
1083 3607 1208 3662 νοῦν
1236 3609 1420 3662 λαϐεῖν
1455 3610 1660 3679 ι’σχυσε.
1696 3611 1819 3673 Πῶς
1850 3609 1964 3683 [Η]
1988 3611 2098 3683 γὰρ
2119 3652 2133 3677 ,

558 3698 608 3749 οἰ
643 3696 930 3750 κνωδάλων
961 3697 1056 3751 ml
1086 3698 1289 3770 θηρίων
1311 3700 1486 3770 χαμαὶ
1504 3701 1778 3770 ἑρπόντων
1804 3703 1899 3756 καὶ
1936 3703 2137 3774 ἐτέρων

560 3788 901 3859 ἀτιμοτέρων
945 3789 1158 3852 εἰκόνας
1207 3791 1654 3862 θεοποιήσαντες;
1698 3795 1836 3848 Ἀλλ’
1869 3797 2018 3866 ὅμως
2043 3797 2138 3850 καὶ

561 3879 754 3951 ἐδέχθη
795 3883 890 3935 καὶ
918 3882 1212 3950 ἐπιστεύθη
1251 3883 1320 3936 τά
1347 3884 1527 3956 ὑψηλά
1556 3885 1730 3940 ταῦτα
1749 3887 2012 3958 δόγματα,
2041 3891 2138 3943 ml

561 3973 684 4026 καθ’
718 3973 954 4045 ἑκάστην
1005 3975 1157 4030 ἀνθεῖ
1194 3976 1292 4048 τὴν
1319 3978 1550 4049 ἡμέραν,
1583 3981 1678 4034 καὶ
1710 3981 2020 4038 ἐπιδίδωσι.
2057 3983 2138 4036 Τὰ

558 4065 616 4119 δέ
643 4065 868 4120 ἐκείνων
892 4069 1098 4138 οῐχεται
1139 4070 1232 4123 ml
1275 4069 1576 4138 ἀπόλωλεν,
1601 4073 1874 4144 ἀραχνίων
1906 4074 2137 4128 εὐκολώ-

559 4174 716 4228 τερον
733 4159 1116 4227 ἀφανισθέντα.
1149 4161 1260 4216 Kal
1291 4161 1435 4231 μάλα
1465 4165 1686 4228 εἰκότως
1705 4180 1720 4196 ⁸
1747 4165 1998 4236 δαίμονες
2029 4165 2137 4237 γάρ

556 4249 730 4302 ταῦτα
781 4249 1117 4322 διηγόρευον,
1169 4252 1261 4306 Δίὸ
1301 4254 1346 4286 ³⁰
1389 4255 1526 4326 μετά
1572 4257 1673 4327 τῆς
1717 4258 2004 4326 ἀσελγείας
2045 4260 2138 4311 καὶ

556 4340 725 4395 πολὺν
754 4340 868 4410 ἔχει
902 4341 993 4396 τὸν
1018 4343 1199 4412 ζόφον,
1223 4345 1316 4398 καὶ
1340 4345 1509 4400 πλείω
1534 4347 1625 4402 τὸν
1661 4349 1820 4403 πόνον
1841 4349 1910 4404 ³³.
1942 4349 2009 4402 Τί
2029 4349 2135 4420 γάρ

556 4431 624 4484 ἂν
661 4431 871 4500 γένοιτο
909 4434 1442 4508 καταγελαστότερον
1471 4439 1573 4508 τῆς
1599 4438 1874 4503 πολιτείας
1897 4439 2134 4510 ἐκείνης,

556 4526 614 4575 ἐν
701 4523 838 4593 μετά
868 4524 978 4577 τῶν
1007 4526 1315 4596 εἰρημένων
1351 4529 1577 4600 μυρίους
1609 4529 1889 4594 ἀναλώσας
1919 4529 2134 4600 στίχους

555 4619 585 4670 ό
615 4618 921 4688 φιλόσοφος,
958 4620 1098 4674 ῶστε
1129 4621 1420 4696 δυνηθῆναι
1464 4626 1634 4693 δεῖξαι
1675 4627 1729 4680 τί
1769 4627 1900 4681 ποτέ
1934 4629 2048 4680 ἐστι
2077 4629 2138 4681 τὸ

555 4711 782 4776 δίκαιον,
819 4713 955 4783 μετά
977 4716 1078 4783 τῆς
1101 4718 1500 4789 μακρηγορίας,
1522 4719 1617 4772 ml
1641 4719 1906 4790 ἀσαφείας
1935 4721 2136 4789 πολλῆς

559 4799 626 4852 τὰ
653 4801 920 4872 εἰρημένα
951 4803 1276 4876 ἐνέπλησεν;
1309 4807 1485 4882 Ὅπερ
1517 4813 1566 4864 εί
1615 4811 1710 4865 καί
1752 4829 1806 4865 τι
1859 4813 2134 4881 συμφέρον

560 4889 695 4964 εἶχε,
730 4895 931 4966 σφόδρα
958 4895 1228 4968 ἄχρηστον
1259 4895 1482 4968 ἔμελλεν
1513 4894 1654 4952 εἶναι
1680 4899 1759 4968 τῷ
1781 4899 1888 4953 τῶν
1925 4897 2134 4970 ἀνθρὼ-

563 5003 679 5038 πων
702 4985 820 5056 βίῳ.
849 4987 913 5041 Εί
935 4988 1044 5056 γάρ
1080 4989 1109 5040 ό
1138 4988 1404 5059 γεωργὸς,
1429 4990 1524 5044 ml
1551 4992 1579 5043 ὁ
1610 4991 1967 5061 χαλκοτύπος,
1993 4993 2086 5045 ml
2104 4992 2133 5043 ὁ

559 5077 862 5146 οἰκοδόμος,
897 5080 992 5132 καὶ
1015 5081 1044 5132 ὁ
1072 5080 1431 5151 κυϐερνήτης,
1470 5081 1566 5135 ml
1597 5082 1844 5148 ἕκαστος,
1885 5083 1992 5138 ἀπὺ
2033 5085 2134 5154 τῆς

560 5167 669 5221 τῶν
699 5170 897 5240 χειρῶν
923 5173 1249 5243 τρεφόμενος
1282 5174 1557 5244 ἐργασίας,
1594 5174 1772 5246 μέλλοι
1799 5174 1901 5245 τῆς
1937 5174 2134 5244 τέχνης

565 5259 664 5328 μὲν
707 5260 1038 5329 ἀφίστασθαι
1067 5265 1162 5317 ml
1186 5263 1296 5317 τῶν
1331 5264 1557 5319 δικαίων
1591 5266 1790 5329 πόνων,
1823 5265 2134 5320 ἀναλίσκειν

560 5347 619 5400 δὲ
649 5347 742 5419 ἐτη
777 5350 908 5404 τόσα
939 5353 1033 5405 ml
1068 5353 1219 5418 τὸσα,
1247 5353 1387 5408 ὥστε
1429 5356 1619 5426 μαθεῖν
1648 5356 1703 5410 τί
1749 5357 1878 5410 ποτέ
1921 5357 2037 5410 ἐστι
2073 5355 2134 5409 τὸ

562 5438 772 5492 δίκαιον
791 5456 804 5470 °
836 5441 932 5495 ml
959 5441 1090 5512 πρὶν
1118 5442 1150 5514 ἢ
1195 5443 1386 5515 μαθεῖν
1410 5446 1669 5510 πολλάκις
1702 5446 1896 5516 φθάσει
1928 5448 1974 5480 ³⁸
1995 5446 2136 5519 λιμῷ

563 5528 904 5601 διαφθαρεὶς,
942 5533 1037 5586 ml
1062 5533 1421 5591 ἀπελεύσεται
1459 5536 1550 5589 διά
1591 5537 1654 5589 τὸ
1706 5536 1914 5590 δίκαιον
1954 5537 2134 5602 τοῦτο,

568 5619 706 5687 μήτε
741 5619 851 5671 τῶν
880 5620 1052 5676 ἀλλων
1083 5621 1192 5675 τῶν
1224 5623 1506 5694 χρησίμων
1542 5625 1713 5696 μηδὲν
1769 5626 1956 5697 μαθὼν
1979 5667 1994 5692 ,
2041 5629 2137 5683 ml

569 5707 726 5778 βιαίῳ
788 5708 1005 5783 θανάτῳ
1049 5713 1359 5780 καταλύσας
1419 5715 1510 5769 τὸν
1569 5715 1704 5786 βίον.
1771 5717 1908 5772 Ἀλλ’
1960 5719 2020 5774 οὑ
2068 5720 2137 5773 τά

2231 499 2477 571 ἡμέτερα
2502 497 2731 553 τοιαῦτα
2748 515 2761 530 ο
2795 497 2933 552 ἀλλά
2963 499 3060 553 καὶ
3087 497 3149 554 τὸ
3175 497 3418 563 δίκαιον,
3463 497 3558 559 ml
3585 497 3645 552 τδ
3669 498 3805 571 πρέ-

2233 613 2370 662 πον,
2422 595 2519 649 καὶ
2558 595 2618 648 τὸ
2655 595 2933 667 συμφέρον
2955 635 2973 663 ,
3025 595 3124 649 ml
3170 595 3352 650 πᾶσαν
3395 593 3584 658 ἅπλῶς
3626 593 3726 666 τὴν
3757 593 3807 626 ³³

2235 687 2435 756 ἀρετὴν
2473 687 2533 739 ἐν
2577 685 2804 757 βραχέσι
2856 686 2952 740 καὶ
2994 685 3190 755 σαφέσι
3226 683 3506 739 συλλαϐὼν
3537 685 3805 757 ῥήμασιν,

2235 776 2468 842 ἐδίδαξεν
2499 778 2647 848 ἡμᾶς
2677 779 2706 831 ὁ
2731 777 2963 850 Χριστός
2984 794 2999 808 ·
3027 777 3159 830 ποτὲ
3215 776 3315 848 μὲν
3345 776 3539 844 λέγων,
3589 777 3672 829 ὅτι
3713 775 3812 827 Ἐν

2236 865 2418 920 δυσὶν
2431 865 2707 932 ἐντολαῖς
2727 870 2760 920 ό
2778 867 2962 935 νόμος
2976 865 3074 921 καί
3102 869 3155 920 οί
3173 864 3472 934 προφῆται
3492 863 3812 933 κρέμανται

2236 957 2504 1020 τουτέστι,
2532 959 2599 1029 τῇ
2633 957 2727 1011 τοῦ
2775 957 2911 1011 Θεοῦ
2948 957 3157 1029 ἀγάπῃ,
3202 956 3295 1010 ml
3325 959 3394 1028 τῇ
3422 956 3515 1010 τοῦ
3546 957 3767 1027 πλησίον
3794 971 3810 985 ⁶

2239 1046 2370 1099 ποτὲ
2395 1046 2451 1100 δὲ
2481 1045 2676 1116 λέγων,
2707 1047 2864 1103 Ὅσα
2894 1046 2973 1102 ἂν
2987 1046 3199 1116 θέλητε
3227 1048 3329 1102 ἳνα
3366 1045 3622 1102 ποιῶσιν
3669 1045 3816 1116 ὑμῖν

2238 1139 2292 1191 οί
2315 1135 2634 1206 ἅνθρωποι,
2668 1138 2767 1193 καί
2800 1138 2970 1208 ὑμεῖς
3004 1137 3224 1193 ποιεῖτε
3243 1136 3465 1204 αὐτοῖς.
3485 1133 3673 1204 Οὗτος
3701 1136 3818 1206 γάρ

2241 1228 2410 1283 ἐστιν
2439 1230 2672 1300 ὀνόμος
2694 1229 2794 1285 καί
2822 1233 2875 1286 oi
2907 1227 3225 1300 προφῆται.
3239 1229 3422 1300 Ἀπερ
3448 1228 3546 1282 καὶ
3571 1228 3816 1299 γηπόνῳ,

2243 1321 2337 1373 ml
2363 1319 2570 1392 οἰκέτῃ,
2620 1321 2718 1374 καὶ
2752 1321 2971 1391 γυναικὶ
3001 1321 3164 1393 χήρᾳ,
3196 1320 3292 1374 ml
3322 1319 3474 1373 παιδὶ
3523 1318 3691 1390 αὐτῷ,
3723 1319 3822 1372 καὶ

2245 1411 2320 1480 τῷ
2351 1411 2554 1481 σφόδρα
2603 1412 2814 1484 ἀνοήτῳ
2837 1412 3079 1466 δοκοῦντι
3117 1409 3278 1478 εἶναι,
3313 1411 3489 1467 πάντα
3515 1409 3820 1464 εὐσύνοπτα

2247 1504 2341 1555 ml
2373 1504 2530 1574 ῥᾴδια
2556 1505 2916 1576 καταμαθεῖν.
2936 1504 3173 1558 Τοιαῦτα
3191 1503 3299 1576 γάρ
3318 1502 3388 1556 τά
3416 1504 3515 1574 τῆς
3538 1501 3818 1573 ἀληθείαςο

2249 1590 2362 1664 [12]
2387 1596 2480 1646 ml
2513 1599 2780 1668 μαρτυρεῖ
2797 1597 2907 1651 τῶν
2936 1596 3278 1670 πραγμάτων
3314 1593 3378 1647 τὸ
3401 1593 3578 1657 τέλος.
3609 1593 3821 1656 Πάντες

2242 1683 2374 1754 γοῦν
2399 1684 2601 1754 ἔμαθον
2623 1685 2692 1738 τά
2717 1685 2984 1757 πρακτέα·
3015 1686 3110 1739 καὶ⁵
3133 1689 3233 1738 οὐκ
3253 1685 3454 1755 ἔμαθον
3475 1686 3652 1754 μόνον,
3679 1683 3813 1738 ἀλλὰ

2243 1775 2336 1828 ml
2364 1773 2671 1846 ἐζήλωσαν·
2707 1776 2801 1830 ml
2827 1775 2928 1830 οὐκ
2961 1776 3022 1829 ἐν
3044 1777 3164 1840 ταῖς
3193 1776 3377 1829 πόλεσι
3402 1777 3582 1846 μόνον,
3615 1779 3735 1833 οὐδὲ
3755 1780 3814 1834 ἐν

2247 1865 2441 1936 μέσαις
2462 1868 2582 1930 ταῖς
2610 1867 2857 1938 ἀγοραῖς,
2889 1865 3026 1920 ἀλλά
3055 1867 3151 1922 ml
3173 1869 3230 1920 ἐν
3266 1870 3387 1931 ταῖς
3417 1869 3682 1939 κορυφαῖς
3706 1869 3814 1922 τῶν

2242 1954 2406 2027 ὀρῶν.
2449 1957 2560 2010 Kal
2613 1957 2723 2028 γάρ
2765 1957 2884 2009 ἐκεῖ
2921 1956 3122 2030 πολλὴν
3169 1957 3292 2028 δψει
3340 1959 3441 2028 τὴν
3495 1960 3813 2029 φιλοσοφίαν

2243 2043 2428 2112 οὖσαν,
2457 2049 2552 2102 καὶ
2585 2049 2776 2120 χοροὺς
2817 2047 3064 2117 ἀγγέλων
3119 2050 3178 2102 ἐν
3233 2049 3556 2122 ἀνθρωπίνῳ
3600 2050 3812 2121 σώματι

2244 2135 2578 2207 λάμποντας,
2613 2140 2708 2192 καὶ
2737 2139 2836 2211 την
2871 2139 2980 2194 τῶν
2998 2139 3241 2211 οὐρανῶν
3274 2141 3548 2196 πολιτείαν
3581 2141 3812 2195 ἐνταῦθα

2247 2229 2598 2300 φαινομένην.
2653 2231 2764 2284 Kal
2817 2231 2928 2302 γὰρ
2974 2230 3246 2284 πολιτείαν
3293 2231 3536 2303 ἔγραψαν
3579 2235 3713 2304 ἡμῖν
3763 2233 3812 2287 οί

2249 2318 2438 2384 ἁλιεῖς,
2487 2321 2589 2374 οὐκ
2625 2320 2734 2374 ἀπὸ
2766 2321 2972 2374 παίδων
3023 2321 3374 2386 κελεύσαντες
3421 2323 3813 2394 λαμϐάνεσθαι,

2247 2411 2502 2483 καθάπερ
2533 2414 2752 2479 ἐκεῖνοι,
2782 2414 2903 2467 οὐδὲ
2939 2413 3113 2468 τόσων
3165 2415 3259 2468 ml
3289 2415 3460 2469 τόσων
3486 2415 3623 2469 ἐτῶν
3656 2434 3813 2487 νομο-

2248 2503 2530 2568 θετοῦντες
2577 2501 2716 2560 εἶναι
2760 2506 2852 2559 τὸν
2885 2506 2933 2539 ³⁸
2959 2507 3213 2578 ἐνάρετον
3241 2523 3255 2538 ο
3293 2508 3408 2561 ἀλλ’
3451 2508 3636 2572 ἀπλῶς
3666 2508 3816 2576 πάσῃ

2249 2594 2621 2666 διαλεγόμενοι
2651 2597 2856 2669 ἡλικίᾳ.
2890 2596 3102 2651 Ἐκεῖνα
3137 2597 3235 2668 μὲν
3259 2598 3366 2669 γάρ
3385 2639 3402 2663 ,
3449 2599 3656 2654 παίδων
3688 2601 3804 2652 παί-

2249 2703 2404 2756 γνια’
2434 2687 2608 2741 ταῦτα
2653 2688 2740 2754 δέ,
2788 2691 3126 2762 πραγμάτων
3157 2691 3404 2763 ἀλήθεια.
3439 2690 3545 2745 Kal
3568 2692 3732 2746 τόπον
3761 2689 3825 2744 δὲ

2250 2781 2538 2836 ἀπέδωκαν
2595 2784 2662 2852 τῇ
2721 2783 2964 2856 πολιτείᾳ
3018 2784 3191 2858 ταύτῃ
3253 2786 3344 2838 τὸν
3395 2784 3625 2856 οὐρανὸν
3649 2824 3665 2849 ,
3721 2783 3819 2839 καὶ

2251 2872 2499 2943 τεχνίτην
2541 2874 2711 2944 αὐτῆς
2735 2874 2827 2927 τὸν
2854 2875 2988 2929 Θεὸν
3011 2877 3334 2947 εἰσήγαγον,
3379 2876 3474 2930 καὶ
3522 2874 3822 2948 νομοθέτην

2251 2963 2361 3016 τῶν
2382 2965 2497 3015 ἐκεῖ
2524 2965 2790 3034 κειμένων
2811 2966 2858 2997 ³⁸
2890 2967 3070 3037 νόμων
3090 2983 3104 2996 ·
3139 2967 3328 3040 ὥσπερ
3357 2963 3450 3022 οῦν
3491 2968 3586 3021 ml
3629 2968 3814 3039 ἐχρῆν.

2254 3053 2334 3106 Τά
2361 3054 2418 3106 δὲ
2448 3053 2658 3109 ἔπαθλα
2685 3056 2784 3125 τῆς
2812 3055 3104 3123 πολιτείας,
3154 3058 3214 3111 οὐ
3247 3058 3420 3128 φύλλα
3448 3057 3673 3130 δάφνης,
3700 3054 3825 3111 οὐδὲ

2255 3144 2493 3208 κότινος,
2529 3146 2650 3200 οὐδὲ
2687 3148 2720 3217 ή
2755 3148 2815 3200 ἐν
2843 3151 3150 3220 πρυτανείῳ
3176 3149 3422 3216 σίτησις,
3462 3147 3814 3210 οὐδὲείκόνες

2255 3237 2473 3306 χαλκαῖ,
2504 3238 2573 3292 τά
2613 3239 2799 3310 ψυχρά
2817 3238 2988 3293 ταῦτα
3007 3241 3101 3294 καὶ
3129 3239 3350 3310 εὐτελῆ·
3374 3239 3508 3293 ἀλλά
3531 3237 3646 3309 ζωὴ
3670 3238 3824 3300 τέλος

2260 3329 2360 3380 οὐκ
2384 3327 2603 3400 ἔχουσα,
2627 3331 2724 3382 ml
2741 3331 2803 3385 τὸ
2817 3329 2954 3384 Θεοῦ
2981 3331 3232 3399 γενέσθαι
3258 3330 3472 3394 παῖδας,
3499 3330 3595 3384 ml
3624 3329 3685 3383 τὸ
3706 3329 3824 3399 μετ’

2259 3415 2508 3484 ἀγγέλων
2525 3416 2790 3488 χορεύειν,
2825 3418 2920 3474 ml
2944 3418 3023 3490 τῷ
3045 3419 3218 3490 θρόνῳ
3245 3420 3580 3491 παρεστάναι
3627 3419 3706 3490 τῷ
3729 3418 3826 3489 βα-

2260 3505 2474 3576 σιλικῷ,
2494 3509 2588 3562 καὶ
2611 3507 2875 3579 διηνεκῶς
2901 3505 3040 3566 εἰναι
3077 3511 3218 3581 μετὰ
3248 3511 3507 3583 Χριστοῦ.

2311 3601 2386 3660 ς’.
2401 3598 2732 3669 Δημαγωγοὶ
2747 3599 2805 3654 δὲ
2824 3600 2926 3671 τῆς
2940 3601 3212 3665 πολιτείας
3232 3603 3339 3656 εἰσὶ
3359 3601 3561 3673 ταύτης
3577 3601 3825 3666 τελῶναι,

2259 3687 2356 3742 καὶ
2386 3687 2580 3752 ἀλιεῖς,
2613 3691 2707 3744 ml
2755 3693 3088 3764 σκηνοποιοὶ,
3139 3693 3240 3748 οὐκ
3271 3696 3330 3749 ἐν
3354 3695 3531 3766 χρόνῳ
3565 3693 3828 3764 ζήσαντες

2251 3792 2438 3865 ὀλίγῳ,
2476 3793 2614 3848 άλλά
2648 3792 2737 3848 διά
2761 3793 2962 3858 παντὸς
2995 3793 3213 3860 ζῶντες.
3243 3796 3342 3850 Διά
3367 3796 3526 3849 τοῦτο
3562 3798 3658 3850 ml
3689 3797 3832 3868 μετά

2251 3882 2509 3955 τελευτὴν
2560 3883 2687 3946 τοὺς
2746 3883 3195 3954 πολιτευομένους
3241 3885 3312 3938 τὰ
3365 3885 3600 3956 μέγιστα
3636 3886 3831 3956 ὀνῆσαι

2251 3967 2485 4021 δύναιντ’
2515 3969 2600 4024 ἀν.
2635 3968 2818 4040 Ταύτῃ
2856 3972 2922 4040 τῇ
2957 3969 3200 4043 πολιτείᾳ
3214 3972 3448 4043 πόλεμος
3467 3974 3529 4028 οὑ
3568 3973 3705 4043 πρὸς
3732 3975 3832 4028 ἀν-

2253 4056 2526 4128 θρώπους,
2577 4059 2713 4112 ἀλλά
2758 4059 2894 4132 πρὸς
2933 4059 3197 4132 δαίμονας
3241 4064 3336 4116 ml
3378 4064 3478 4128 τάς
3503 4065 3832 4136 ἀσωμάτους

2251 4148 2514 4220 δυνάμεις
2549 4150 2770 4214 ἐκείνας
2819 4152 2957 4205 ἐστί.
3007 4153 3100 4206 Διὸ
3153 4154 3248 4208 ml
3305 4155 3609 4226 στρατηγὸς
3645 4156 3834 4220 αὐτοῖς

2252 4241 2352 4294 οὐκ
2412 4241 2508 4296 ἀνθ
2518 4241 2735 4311 ρώπων,
2761 4243 2884 4298 οὐδὲ
2909 4243 3156 4313 ἀγγέλων
3192 4245 3366 4309 οὐδεὶς
3389 4286 3405 4311 ,
3455 4246 3570 4302 ἀλλ’
3605 4247 3770 4310 αὐτὸς
3803 4249 3836 4301 ὁ

2252 4335 2405 4396 Θεός.
2441 4337 2550 4388 Kal
2568 4335 2636 4390 τά
2659 4335 2801 4389 ὅπλα
2825 4336 2882 4389 δὲ
2909 4335 3017 4389 τῶν
3041 4339 3389 4408 στρατιωτῶν
3414 4338 3618 4392 τούτων
3650 4342 3835 4410 μιμεῖ-

2252 4444 2342 4481 ται
2375 4426 2467 4479 τοῦ
2497 4425 2735 4500 πολέμου
2765 4428 2864 4498 τὴν
2889 4427 3051 4497 φύσιν
3071 4444 3085 4460 ο
3113 4429 3173 4482 οὑ
3199 4429 3245 4461 ³⁸
3272 4428 3384 4502 γὰρ
3423 4431 3532 4484 ἀπὸ
3564 4430 3836 4502 δέρματος

2253 4521 2351 4574 ml
2403 4520 2623 4591 σιδήρου
2667 4519 3158 4592 κατεσκευασμένα
3211 4522 3351 4575 εἰσὶν
3376 4560 3392 4585 ,
3459 4521 3574 4594 [15]
3614 4523 3728 4577 ἀλλ’
3774 4523 3837 4588 ἐξ

2253 4611 2512 4680 ἀληθείας
2539 4612 2634 4684 καὶ
2661 4610 3006 4683 δικαιοσύνης
3031 4612 3127 4666 ml
3144 4613 3380 4677 πίστεως
3401 4614 3494 4667 ml
3517 4613 3838 4684 φιλοσοφίας

2253 4704 2492 4773 ἀπάσης.
2535 4681 2689 4756 ’ἐπεὶ
2709 4698 2803 4756 οὖν
2831 4681 3090 4774 περὶτῆς
3113 4704 3389 4767 πολιτείας
3417 4681 3623 4776 ταύτης
3653 4681 3751 4758 ml
3775 4706 3839 4758 τὸ

2257 4793 2462 4864 βιϐλίον
2509 4792 2670 4846 τοῦτο
2704 4793 3038 4863 γέγραπται,
3088 4795 3187 4849 καὶ
3223 4796 3357 4866 ἡμῖν
3410 4796 3697 4868 πρόκειται
3738 4796 3838 4850 νῦν

2255 4885 2449 4948 εἰπεῖν,
2490 4881 2848 4953 προσέχωμεν
2876 4883 3123 4955 ἀκριϐῶς
3154 4884 3233 4955 τῷ
3260 4884 3526 4958 Ματθαίῳ
3555 4887 3684 4957 περὶ
3702 4887 3840 4940 ταύ-

2254 4991 2354 5046 της
2373 4974 2585 5046 τρανῶς
2605 4973 2650 5006 "
2687 4973 3074 5047 διαλεγομένῳ.
3105 4977 3180 5030 00
3215 4975 3326 5048 γὰρ
3369 4977 3554 5044 αὐτοῦ,
3586 4977 3722 5033 ἀλλά
3739 4978 3838 5032 τοῦ

2259 5065 2357 5138 τὴν
2386 5063 2670 5121 πολιτείαν
2716 5062 3179 5137 νομοθετήσαντος
3232 5065 3472 5137 Χριστοῦ
3507 5067 3686 5121 πάντα
3718 5068 3841 5122 ἐστὶ

2255 5157 2324 5211 τά
2374 5155 2660 5227 λεγόμενα.
2712 5155 3080 5228 Προσέχωμεν
3106 5157 3186 5220 δὲ,
3227 5157 3316 5211 ἴνα
3364 5159 3458 5212 ml
3489 5159 3842 5233 ἐγγραφῆναι

2259 5247 2580 5320 δυνηθῶμεν
2620 5248 2702 5311 είς
2731 5248 2925 5319 αὐτὴν,
2962 5249 3060 5303 ml
3113 5247 3327 5321 λάμψαι
3379 5251 3520 5322 μετὰ
3567 5251 3680 5306 τῶν
3731 5253 3836 5325 ήδη

2259 5338 2760 5410 πολιτευσαμένων,
2807 5341 2904 5394 ml
2928 5341 3057 5404 τοὺς
3093 5340 3444 5413 ἀμαράντους
3472 5343 3715 5408 ἐκείνους
3739 5346 3839 5398 ἐκ·

2255 5432 2559 5504 δεχομένων
2603 5433 2922 5503 στεφάνους.
2978 5433 3240 5504 Καίτοιγε
3274 5435 3491 5500 πολλοῖς
3541 5435 3764 5501 εὐκολος
3809 5440 3840 5492 ό

2258 5527 2416 5596 λόγος
2437 5522 2593 5591 οὗτος
2621 5523 2760 5581 εἶναι
2784 5526 2949 5594 δοκεῖ,
2974 5526 3044 5581 τά
3067 5527 3124 5581 δὲ
3157 5527 3268 5581 τῶν
3313 5527 3610 5600 προφητῶν
3647 5529 3839 5583 δυσκο-

2256 5620 2376 5674 λίαν
2407 5618 2568 5690 έχειν.
2613 5617 2773 5672 Ἀλλά
2796 5619 2892 5671 ml
2913 5615 3072 5670 τοῦτο
3094 5617 3430 5687 ἀγνοούντων
3451 5619 3567 5672 ἐστὶ
3589 5619 3650 5672 τὸ
3676 5617 3839 5689 βάθος

2255 5713 2364 5768 τῶν
2389 5715 2644 5769 ἐναποκει
2651 5713 2825 5785 μένων
2845 5708 2997 5782 αὐτῷ
3013 5711 3058 5744 ³⁸
3076 5712 3383 5784 νοημάτων.
3404 5712 3493 5766 Διὸ
3512 5711 3837 5784 παρακαλῶ,

649 5843 880 5917 ¹⁷Αὸμοῦ1
909 5846 1046 5900 Add.
1065 5845 1322 5917 χρήματα
1353 5843 1446 5917 Β.Δ
1488 5845 1534 5875 ’⁸
1560 5841 2033 5917 συνταράττοντες]
2060 5844 2444 5917 συντάττοντες
2676 5840 3003 5917 συγχέοντες
3027 5842 3120 5917 Δ.-
3169 5842 3217 5917 ’ξ
3231 5841 3352 5894 οὐδέ
3373 5857 3482 5917 om.

587 5915 730 5974 Add.
760 5915 876 5969 καῖ
899 5917 1040 5969 Edd.
1070 5915 1073 5916 ν
1117 5917 1157 5946 ⁵¹

1204 5915 1370 5966 πλείω
1403 5914 1492 5967 τὸν
1527 5912 1707 5984 πόνον]
1729 5914 1820 5968 Sic
1850 5914 1954 5968 An.
1995 5911 2126 5968 Al'm

2261 5913 2432 5984 codd:
2456 5913 2618 5984 πλέον
2649 5912 2708 5984 τὸ
2737 5913 2953 5984 ἀτοπον
2972 5911 3164 5984 Steph.
3185 5914 3312 5968 Sav.

3408 5914 3453 5946 ⁸³
3484 5913 3666 5984 φθάσῃ
3689 5912 3831 5984 Edd.

588 5987 634 6018 ³³
667 5989 848 6038 πᾶσαν
877 5985 1069 6048 ἀπλῶς
1091 5984 1214 6055 τήν]
1243 5985 1333 6038 Sic
1371 5985 1474 6055 An.
1501 5994 1558 6040 el
1586 5981 1758 6038 Cod-1|.
1779 5988 1959 6038 πᾶσαν
1997 5985 2096 6055 τὴν

2249 6003 2321 6052 ,ην
2357 5983 2512 6055 Εὰίί.
2644 5982 2760 6055 τόν]
2793 5983 2853 6055 τό
2880 5982 3019 6055 EddA.
3058 5981 3258 6055 praeter
3284 5983 3418 6055 Mor.
3498 5981 3544 6016 ³⁵
3567 5981 3836 6055 κειμένων

582 6073 696 6114 om.
727 6055 956 6114 eandem.
1033 6057 1078 6088 ³⁸
1104 6052 1340 6121 οὐΙόὐδέ
1380 6054 1520 6111 Edd.
1599 6057 1640 6088 ³⁷
1661 6055 1871 6131 τρανῶς
1896 6071 2006 6111 om.
2035 6053 2099 6112 Α.

2273 6057 2316 6088 ³³
2344 6053 2516 6120 αὐτῷι
2549 6053 2638 6110 Sic
2669 6052 2952 6111 Ε.”αὐτῶν
2979 6052 3041 6109 Δ.
3075 6054 3258 6109 czctcri
3290 6054 3491 6117 αὐτοῖς.
