4078 6372
298 476 363 531 r9
1052 418 1055 423 V
1475 461 1540 515 IN
1583 456 1996 515 nuru/nun
2062 455 2295 510 nomn
2335 461 2377 521 ι,

290 580 747 645 nmudmu,.aliud
801 580 1103 633 institutum
1133 620 1147 643 ,
1183 574 1359 629 omnia
1402 572 1633 639 denique
1664 580 1883 623 mntntn.

290 674 403 729 Non
432 674 573 728 sicut
624 674 797 734 Plato,
851 671 941 743 qui
993 669 1269 724 ridiculam
1329 666 1469 719 illam
1502 663 1886 731 rempublicam

302 766 555 831 instituit,
596 781 700 820 non
737 766 875 819 sicut
901 762 1048 817 Zeno
1073 759 1182 832 (a),
1212 767 1265 813 et
1303 757 1346 811 si
1383 755 1471 825 qui
1502 752 1593 808 alii
1633 752 1701 807 de
1733 766 1889 820 repu-

292 858 429 913 blica
461 858 751 923 scripsere,
786 857 1035 924 legesque
1062 850 1301 906 edidere.
1331 845 1606 917 Siquidem
1633 843 1715 905 vel
1744 858 1809 897 ex
1836 856 1894 896 re

293 946 402 1008 ipsa
430 940 782 1008 conspicuum
804 939 919 1001 fuit,
948 928 1235 1005 malignum
1266 935 1530 1004 spiritum,
1560 934 1887 997 daemonem-

292 1049 394 1102 que
423 1031 735 1103 quempiam
767 1028 960 1093 ferum,
991 1037 1194 1080 naturae
1219 1035 1413 1079 nostrm
1440 1024 1650 1077 hostem
1672 1064 1687 1080 .
1725 1024 1886 1076 casti-

293 1123 416 1176 tatis
445 1120 747 1185 inimicum,
778 1116 1073 1172 honestatis
1103 1114 1472 1169 adversarium
1496 1155 1510 1178 ,
1555 1114 1731 1193 omnia
1765 1128 1888 1165 sus-

294 1220 467 1282 deque
515 1218 816 1265 vertentem
847 1251 864 1275 ,
914 1210 1029 1261 lucc
1078 1206 1291 1261 illorum
1336 1204 1529 1258 animis
1572 1203 1882 1258 inseruisse.

292 1306 429 1360 Cum
456 1304 602 1358 enim
624 1315 820 1357 uxores
851 1298 1100 1354 omnibus
1125 1309 1437 1351 communes
1467 1293 1683 1359 faciant,
1717 1293 1889 1348 nudas

296 1397 531 1466 virgines
560 1394 628 1447 ad
674 1391 1040 1463 spectaculum
1085 1389 1321 1442 virorqu
1368 1386 1420 1439 in
1459 1385 1763 1456 palaestram
1788 1383 1888 1437 du-

293 1499 442 1555 cant,
495 1483 863 1540 clandestinas
906 1480 1117 1549 nuptias
1173 1486 1455 1549 apparent,
1504 1477 1682 1530 omnia
1734 1472 1889 1529 simul

293 1581 713 1635 commiscentes
740 1584 797 1631 et
824 1574 1245 1635 conturbantes,
1282 1578 1589 1638 naturaeque
1633 1567 1891 1622 terminos

293 1681 621 1735 cvertentes,
655 1667 784 1739 quid
813 1665 955 1721 aliud
980 1664 1049 1720 de
1078 1663 1185 1717 illis
1214 1662 1319 1716 dici
1339 1660 1547 1731 possit?
1569 1657 1721 1725 Quod
1746 1657 1888 1711 cnim

295 1767 414 1817 inec
441 1761 626 1816 omnia
668 1759 779 1814 sint
818 1758 1120 1814 dtemouum
1152 1756 1365 1809 iuventa
1412 1764 1467 1808 et
1496 1760 1699 1806 naturae
1729 1765 1891 1821 repu-

292 1855 538 1924 gnantia,
568 1853 681 1923 ipsa
709 1860 857 1907 certe
887 1859 1074 1906 natura
1107 1848 1425 1904 testiﬁcatur
1446 1887 1462 1912 ,
1492 1861 1612 1917 quae
1640 1853 1695 1900 et
1722 1859 1885 1915 supra

294 1948 453 2001 dictis
478 1944 740 2001 abhorret
780 1950 881 1998 :et
925 1942 1013 1997 illa
1043 1956 1149 1995 non
1201 1955 1321 1995 cum
1362 1936 1891 2008 persequutionibus,

295 2055 404 2094 non
422 2053 546 2093 cum
576 2035 831 2110 periculis
849 2035 934 2090 vel
964 2033 1184 2104 prmliis,
1214 2029 1305 2085 sed
1328 2045 1447 2084 cum
1481 2029 1728 2084 libertate
1746 2029 1892 2083 omni

294 2140 349 2186 et
377 2130 672 2186 securitate
696 2126 1067 2189 scribentium,
1116 2132 1170 2178 et
1196 2131 1385 2176 ornatu
1428 2121 1694 2175 sermonis
1720 2119 1891 2173 multo

297 2236 444 2291 saepe
499 2220 760 2274 utentium
796 2258 811 2284 ,
859 2215 1078 2290 [emissa
1132 2211 1302 2285 sunt.]
1357 2210 1555 2266 Contra
1591 2225 1716 2264 vero
1764 2209 1881 2266 haec

293 2330 413 2383 qua:
443 2312 736 2384 prmdicata
761 2318 886 2363 sunt
910 2323 939 2362 a
963 2305 1336 2377 piscatoribus,
1364 2304 1548 2374 pulsis,
1577 2302 1893 2357 verberibus

293 2404 473 2469 cresis,
504 2403 643 2457 inter
669 2399 903 2471 pericula
935 2396 1277 2453 versantibus
1298 2437 1313 2460 ,
1344 2395 1596 2451 ineruditi
1630 2435 1644 2456 ,
1678 2397 1891 2465 sapien-

297 2506 398 2560 tes,
428 2494 595 2560 servi,
624 2492 797 2560 liberi,
818 2505 993 2563 reges,
1016 2490 1234 2559 milites,
1266 2489 1501 2558 barbari,
1530 2490 1724 2559 Graeci,
1762 2509 1885 2548 cum

296 2587 443 2641 omni
467 2585 840 2642 benevolentia
862 2598 1141 2651 excepere.

358 2807 417 2860 5.
446 2805 635 2875 Neque
659 2817 789 2859 vero
807 2802 989 2860 dicere
1017 2804 1192 2874 possis
1214 2844 1229 2868 ,
1255 2803 1372 2861 haec
1389 2846 1404 2873 ,
1431 2807 1575 2878 quod
1604 2824 1768 2879 parva
1795 2826 1882 2867 es-

286 2906 411 2951 sent
440 2905 500 2953 et
532 2895 755 2951 humilia
777 2935 795 2961 ,
823 2893 980 2952 facile
1002 2909 1033 2950 a
1058 2897 1268 2952 cunctis
1309 2908 1557 2969 suscepta
1589 2899 1772 2956 fuisse.
1792 2902 1882 2958 Si-

287 2989 510 3059 quidem
541 2990 658 3044 htec
686 2988 858 3044 multo
902 2987 1215 3044 sublimiora
1243 3000 1367 3045 sunt
1395 2992 1522 3046 illis.
1551 2991 1880 3062 Virginitatis

288 3083 437 3142 enim
466 3080 543 3136 illi
569 3095 640 3136 ne
669 3094 866 3136 nomen
891 3079 1109 3151 quidem
1144 3082 1229 3138 vel
1273 3098 1372 3153 per
1394 3084 1661 3139 somnium
1688 3085 1873 3156 imagi-

291 3173 404 3227 nati
442 3181 589 3238 sunt,
630 3186 740 3227 non
783 3181 1151 3243 paupertatem
1177 3215 1193 3239 ,
1240 3190 1349 3230 non
1388 3174 1672 3245 jejunium,
1707 3193 1879 3248 neque

288 3265 603 3335 quampiam
656 3265 818 3319 aliam
868 3279 1050 3321 rerum
1096 3266 1431 3322 sublimium.
1468 3267 1711 3339 Magistri
1754 3285 1881 3326 vero

291 3358 465 3411 nostri
516 3371 626 3411 non
668 3357 831 3412 modo
874 3358 1366 3428 concupiscentiam
1422 3360 1724 3426 eliminant,
1772 3378 1879 3417 non

290 3448 456 3503 modo
506 3449 707 3502 malum
757 3462 893 3518 opus
931 3448 1218 3520 castigant,
1264 3450 1359 3507 sed
1403 3450 1565 3506 etiam
1608 3460 1881 3520 aspectum

295 3541 649 3611 impudicum,
676 3542 838 3597 verba
858 3541 1269 3608 contumeliosa,
1294 3543 1881 3615 risum-immodestum,

290 3636 562 3701 habitum,
595 3635 885 3700 incessum,
916 3635 1234 3703 clamorem,
1264 3645 1321 3691 et
1345 3650 1517 3707 usque
1554 3637 1623 3692 ad
1664 3639 1883 3695 minima

288 3735 601 3783 accuratam
631 3726 972 3795 disciplinam
1017 3726 1315 3781 extendunt
1340 3767 1356 3791 ,
1384 3735 1545 3799 atque
1574 3729 1883 3784 universum

289 3820 479 3875 orbem
510 3818 831 3889 virginitatis
875 3819 1119 3888 germine
1145 3818 1509 3888 repleverunt.
1542 3820 1617 3875 De
1648 3821 1757 3875 Deo
1794 3836 1887 3876 au-

292 3911 605 3981 temdeqne
651 3910 955 3966 caelestibus
983 3924 1061 3966 ea-
1087 3910 1455 3981 philosOphari
1492 3912 1739 3979 suadent,
1769 3928 1886 3982 qua»

294 4004 429 4059 nulli
460 4019 659 4060 eorum
690 4017 940 4071 umquam
968 4003 1021 4056 in
1066 4011 1304 4058 mentem
1353 4004 1540 4060 venire
1578 4012 1885 4074 potuerunt.

293 4086 581 4157 Quomodo
602 4086 748 4143 enim
774 4086 890 4141 [nec
917 4087 1241 4156 cogitassent
1265 4088 1355 4156 qui
1375 4086 1634 4154 ferarum,
1663 4104 1887 4158 serpen-

297 4184 429 4237 tium
459 4181 799 4249 aliorumque
821 4178 1069 4235 viliorum
1092 4180 1349 4249 imagines
1378 4180 1431 4234 in
1452 4180 1675 4235 deorum
1698 4196 1887 4235 nume-

294 4289 413 4328 rum
438 4269 718 4326 retulere?
745 4270 995 4325 Attamen
1027 4268 1145 4324 haec
1170 4268 1416 4323 sublimia
1437 4270 1685 4342 dogmata
1709 4285 1888 4327 susce-

298 4385 385 4444 pta
413 4381 475 4427 et
507 4369 711 4426 credita
730 4378 855 4424 sunt
879 4369 931 4423 in
952 4367 1177 4439 diesque
1216 4365 1583 4437 ﬂorentatque
1598 4376 1847 4422 crescunt
1870 4384 1886 4433 ;

296 4467 515 4520 illorum
541 4477 673 4516 vero
710 4461 885 4515 cultus
918 4459 1029 4514 abit
1065 4468 1121 4514 et
1166 4459 1341 4529 perit,
1367 4467 1529 4529 atque
1572 4473 1888 4514 aranearum

298 4557 427 4611 telis
464 4553 677 4608 facilius
722 4550 1013 4606 evanescit.
1055 4549 1295 4620 Illudque
1334 4550 1571 4605 merito:
1618 4548 1892 4606 daemones

298 4650 448 4704 enim
503 4647 621 4701 haec
664 4643 1027 4715 przedicarunt
1068 4661 1082 4698 :
1131 4651 1456 4713 quapropter
1502 4657 1624 4698 cum
1668 4643 1888 4699 lascivia

298 4740 526 4794 multam
549 4734 748 4792 habent
768 4733 1047 4804 caliginem
1070 4732 1435 4803 maioremque
1461 4733 1722 4789 laborem.
1751 4734 1890 4803 Quid

297 4831 446 4885 enim
491 4828 664 4898 magis
711 4825 999 4882 ridiculum
1033 4824 1236 4890 fuerit,
1265 4840 1425 4896 quam
1468 4824 1749 4895 disciplina
1779 4828 1890 4892 illa,

296 4923 413 4987 ubi,
444 4930 645 4993 przeter
691 4934 756 4975 ea
799 4933 922 4989 qua:
966 4918 1109 4973 dicta
1156 4927 1303 4984 sunt,
1330 4918 1625 4975 innumeris
1673 4920 1893 4990 prolatis

301 5012 557 5065 vet-siluis
585 5009 971 5077 phiIOSOphus,
1010 5018 1070 5063 ut
1094 5008 1222 5078 quid
1251 5008 1323 5064 sit
1349 5009 1556 5078 justum
1603 5011 1892 5077 ostendat,

293 5114 457 5161 tanta.
471 5104 798 5174 loquacitate
825 5113 880 5159 et
904 5104 1229 5160 obscuritate
1250 5104 1393 5159 dicta
1414 5120 1509 5159 sua
1534 5121 1591 5161 re
1601 5108 1745 5176 plet,.
1765 5119 1823 5163 ut
1850 5109 1895 5164 si

295 5196 425 5266 quid
455 5195 620 5250 etiam
650 5197 775 5249 boui
826 5195 1089 5250 haberent
1111 5237 1127 5261 ,
1157 5195 1444 5250 admodum
1476 5207 1657 5252 tamen
1689 5200 1894 5255 inutilia

292 5298 480 5343 essent
527 5289 803 5342 hominum
825 5289 988 5343 vitat?
1010 5288 1065 5343 Si
1092 5290 1237 5343 enim
1273 5289 1528 5359 agricola,
1562 5292 1645 5346 vel
1673 5295 1893 5347 mrarins

293 5379 451 5435 faber
490 5379 576 5434 vel
620 5380 966 5445 architectus,
1014 5390 1108 5435 aut
1147 5382 1497 5451 gubernator,
1547 5392 1650 5438 aut.
1681 5385 1724 5439 si
1773 5389 1891 5456 quis

290 5472 436 5526 alius
463 5486 687 5537 eorum,
705 5472 796 5542 qui
841 5471 1036 5527 diurno
1065 5488 1321 5529 manuum
1357 5489 1524 5546 opere
1550 5477 1748 5531 victmu
1793 5495 1888 5547 pa.-

294 5576 440 5632 rant,
463 5565 626 5620 vellet
651 5565 719 5619 ab
748 5575 862 5620 arte
887 5580 981 5620 sua
1005 5566 1259 5636 justoque
1290 5566 1477 5623 labore
1518 5568 1813 5635 abstinere,
1836 5573 1886 5625 in

366 5801 446 5864 (α)
479 5801 688 5864 Platonis
708 5796 1048 5864 deitepuhlica
1072 5811 1195 5860 opus
1216 5798 1407 5864 ignorat
1427 5810 1588 5850 nemo.
1603 5795 1679 5849 De
1704 5805 1894 5850 Zenone
1963 5796 1972 5803 “

304 5860 437 5914 tet-0'
457 5862 624 5913 Eleate
650 5862 759 5913 vide
781 5860 1054 5924 Didgeuem
1078 5860 1333 5911 Laertiuut.

3491 440 3577 508 ao'

1982 589 2154 641 caque
2200 587 2257 627 re
2301 572 2497 625 multus
2518 585 2689 624 annos
2716 570 3022 636 absumere,
3054 578 3111 623 ut
3133 568 3258 639 quid
3286 569 3570 639 sitjusttmt

1981 665 2248 717 edisceret
2279 682 2291 717 :
2327 677 2481 732 saepe
2525 662 2834 732 priusquam
2870 660 3002 715 illud
3053 659 3398 728 edidicisset,
3434 662 3573 718 fame

1981 764 2351 824 consumptus,
2398 752 2574 808 abiret
2626 753 2756 822 justi
2812 750 3052 806 discendi
3089 766 3271 817 causa,
3322 761 3378 808 et
3427 754 3571 808 nulla

1980 856 2286 918 comparata
2316 845 2431 900 utili
2461 844 2766 915 disciplina,
2800 843 3090 899 violentam
3112 853 3339 898 mortem
3373 845 3568 899 obiret.

1983 938 2174 994 Nostra
2205 953 2335 994 vero
2361 953 2467 993 non
2496 935 2803 1007 hujusmodi
2825 944 2982 1002 sunt;
3011 935 3105 991 sed
3131 935 3333 1005 justum
3356 979 3371 1002 ,
3400 938 3573 990 hone-

1981 1044 2144 1098 stum,
2176 1032 2327 1096 utile,
2353 1032 2686 1101 virtutesque
2724 1044 2932 1097 onmes,
2963 1029 3146 1099 paucis
3175 1028 3345 1099 iisque
3363 1029 3575 1098 perspi-

1982 1126 2096 1180 cuis
2124 1124 2301 1180 verbis
2322 1123 2566 1180 Christus
2588 1138 2686 1178 nos
2708 1121 2917 1177 edocuit
2938 1120 3099 1176 modo
3114 1120 3298 1177 dicens
3320 1138 3332 1174 :
3358 1119 3424 1174 In
3441 1121 3573 1173 duo-

1982 1218 2069 1270 bus
2097 1216 2351 1270 mandatis
2378 1216 2461 1270 lea:
2485 1224 2530 1269 et
2560 1214 2821 1285 propheta:
2845 1212 3061 1285 pendent
3087 1213 3301 1284 (Matth.
3323 1212 3417 1268 22.
3436 1213 3527 1282 40)
3553 1231 3567 1279 ;

1983 1308 2033 1362 id
2051 1317 2151 1374 est,
2190 1308 2242 1362 iu
2265 1308 2355 1362 Dei
2387 1316 2443 1362 et
2464 1307 2691 1377 proximi
2729 1306 2993 1367 caritate;
3027 1304 3315 1375 aliquando
3355 1316 3569 1361 autem:

1986 1399 2325 1469 Quaecumque
2352 1399 2503 1453 vultis
2543 1408 2597 1451 ut
2643 1399 2833 1469 faciant
2861 1397 2999 1452 vobis
3028 1397 3277 1464 homines,
3309 1408 3354 1452 et
3380 1413 3466 1453 vos
3491 1402 3573 1469 fa-

1982 1492 2077 1545 cite
2096 1490 2219 1546 illis.
2245 1489 2375 1544 Haec
2399 1499 2471 1545 est
2496 1489 2629 1543 enim
2654 1488 2738 1543 (ex
2771 1498 2822 1544 et
2858 1487 3119 1558 prapheta:
3142 1486 3353 1559 (Matth.
3380 1490 3433 1542 7.
3458 1488 3571 1560 12).

1980 1582 2110 1650 Qua:
2135 1592 2189 1639 et
2229 1582 2495 1655 agricolae,
2538 1591 2594 1637 et
2618 1597 2796 1647 servo,
2826 1590 2880 1636 et
2902 1581 3108 1645 viduze,
3136 1589 3193 1637 et
3221 1597 3410 1652 puero,
3462 1584 3572 1639 imo

1982 1673 2140 1726 etiam
2165 1688 2213 1727 et
2238 1673 2329 1743 qui
2358 1671 2647 1727 admodum
2682 1670 2880 1726 bardus
2905 1685 3026 1725 esse
3056 1672 3318 1735 videatur,
3353 1672 3569 1729 intelle-

1983 1774 2071 1817 ctu
2102 1762 2277 1818 facilia
2309 1763 2527 1818 omnino
2567 1771 2711 1818 sunt.
2744 1762 2870 1817 Hice
2896 1771 2978 1818 est
2998 1764 3141 1817 enim
3172 1764 3413 1819 veritatis
3441 1779 3572 1818 con-

1982 1853 2135 1909 ditio.
2186 1852 2315 1909 ιιιυά
2370 1863 2547 1909 autem
2600 1854 2913 1909 testificatur
2963 1855 3077 1924 ipse
3139 1869 3320 1909 rerum
3372 1856 3570 1912 exitus.

1982 1944 2255 2014 Siquidem
2287 1959 2475 2001 omnes
2501 1961 2621 2016 quae
2652 1944 2855 2015 agenda
2898 1955 3056 2001 erant
3095 1944 3419 2011 didicerunt,
3456 1962 3557 2003 uec

1981 2040 2479 2106 didiceruntmodo,
2506 2040 2599 2094 sed
2625 2041 2785 2094 etiam
2816 2039 3035 2106 exsequi
3063 2038 3383 2092 studuerunt
3406 2051 3420 2088 :
3451 2051 3557 2089 non

1975 2136 2025 2189 iu
2056 2134 2276 2188 urbibus
2299 2139 2527 2199 tantum,
2550 2146 2649 2186 nec
2673 2131 2724 2185 in
2750 2130 2928 2185 medio
2958 2128 3074 2183 foro
3099 2145 3112 2194 ;
3139 2127 3234 2183 sed
3261 2138 3317 2183 et
3338 2128 3389 2181 in
3411 2142 3567 2180 mon-

1978 2228 2113 2282 tium
2139 2226 2432 2283 verticibus
2466 2225 2565 2296 (a).
2612 2223 2685 2278 Ibi
2737 2223 2880 2277 enim
2924 2221 3145 2276 multam
3177 2220 3357 2275 videas
3387 2220 3560 2290 philo-

1978 2317 2244 2387 sophiam,
2274 2315 2470 2370 choros
2498 2314 2810 2385 angelorum
2838 2314 2892 2368 in
2920 2312 3154 2367 humano
3184 2326 3410 2380 corpore
3457 2310 3566 2364 ful-

1973 2426 2133 2481 gere,
2168 2418 2224 2465 et
2251 2408 2552 2471 institutum
2581 2408 2796 2461 catleste
2835 2406 3056 2461 micare.
3100 2402 3234 2459 Nam
3265 2403 3564 2457 inStitutum

1975 2501 2100 2555 vitae
2147 2498 2303 2554 nobis
2337 2499 2637 2567 piscatores
2683 2496 2947 2566 scripsere
2978 2512 2994 2552 :
3028 2509 3136 2549 non
3165 2509 3192 2546 a
3224 2508 3389 2563 puero
3416 2492 3573 2547 insti-

1977 2593 2051 2647 tui
2103 2592 2356 2662 jubentes
2404 2600 2461 2644 ut
2489 2590 2560 2644 illi
2592 2587 2934 2659 philosophi,
2967 2602 3073 2642 non
3101 2596 3303 2642 certam
3354 2596 3567 2640 aetatem

1978 2685 2188 2739 virtutis
2216 2682 2461 2738 studioso
2492 2682 2928 2753 prtescribentes,
2955 2681 3051 2735 sed
3076 2681 3319 2750 quamvis
3349 2688 3559 2734 mtatem

1976 2776 2338 2830 iustitueutes.
2392 2773 2484 2827 illa
2529 2773 2674 2829 enim
2719 2786 3011 2843 puerorum
3054 2770 3212 2826 ludus
3243 2778 3403 2836 sunt;
3453 2769 3570 2825 ha-c

1976 2874 2377 2931 autem,rerum
2419 2863 2637 2918 veritas.
2665 2862 2799 2917 Huic
2834 2861 3081 2916 instituto
3113 2860 3288 2917 locum
3336 2862 3575 2931 assigna-

1977 2972 2104 3012 vere
2134 2957 2361 3023 crelum,
2395 2957 2672 3027 Deumque
2702 2956 3026 3010 induxerunt
3072 2954 3189 3026 ejus
3216 2955 3466 3024 opificem
3509 2969 3573 3009 ac

1980 3047 2154 3118 legum
2183 3048 2411 3103 latorem
2435 3090 2451 3113 ,
2484 3056 2543 3102 ut
2587 3063 2684 3117 par
2712 3047 2931 3103 omnino
2964 3056 3099 3101 erat.
3152 3046 3388 3102 lnstituti
3440 3061 3572 3102 vero

1980 3143 2197 3211 praemia
2222 3181 2236 3203 ,
2269 3154 2375 3194 non
2407 3139 2546 3193 lauri
2593 3138 2739 3204 folia,
2770 3153 2875 3194 non
2920 3138 3138 3194 oleastri
3185 3153 3406 3204 corona,
3458 3154 3565 3192 nou

1980 3233 2281 3287 convivium
2318 3232 2371 3285 in
2424 3231 2690 3302 Prytaneo
2715 3230 2828 3301 (b),
2870 3246 2975 3285 non
3016 3245 3173 3285 aereae
3203 3238 3414 3295 statuae,
3466 3245 3573 3284 non

1982 3323 2171 3394 frigida
2199 3323 2388 3378 isthtec
2413 3333 2469 3378 et
2492 3323 2670 3377 inania
2700 3340 2715 3376 :
2742 3321 2838 3377 sed
2864 3322 2970 3375 vita
2992 3321 3151 3376 finem
3179 3336 3285 3375 non
3306 3321 3573 3387 habitura,

1982 3419 2171 3474 collata
2218 3417 2449 3471 ﬁliorum
2481 3416 2576 3471 Dei
2625 3414 2880 3481 conditio,
2929 3414 3144 3469 choreae
3190 3428 3313 3469 cum
3370 3415 3577 3484 angelis

1984 3518 2138 3575 actre,
2168 3518 2294 3564 ante
2335 3507 2526 3563 solium
2558 3506 2759 3578 regium
2789 3504 3092 3577 praesentia,
3112 3500 3429 3576 perpetuum
3451 3519 3575 3560 cum

1983 3601 2196 3657 Christo
2225 3601 2578 3657 consortium.
2826 3620 2829 3625 ν

2059 3803 2113 3862 6.
2146 3800 2314 3871 Hujus
2344 3812 2508 3873 porro
2544 3793 2772 3852 instituti
2808 3792 3061 3849 doctores
3101 3800 3233 3847 sunt
3271 3789 3577 3859 publicani,

1988 3902 2283 3974 piscatores
2324 3902 2379 3949 et
2404 3893 2755 3948 tentoriorum
2792 3888 3045 3959 opiﬁces,
3086 3903 3191 3943 non
3232 3890 3321 3958 qui
3367 3889 3576 3944 modico

1990 4002 2230 4060 tempore
2254 3985 2504 4050 vixerint,
2527 3981 2623 4038 sed
2643 3980 2733 4051 qui
2756 3988 3009 4035 aeternam
3032 3986 3194 4049 agant
3216 3981 3401 4033 vitam.
3426 3978 3578 4034 ldeo-
3645 3987 3648 3990 ’

1987 4096 2090 4152 que
2108 4080 2270 4135 etiam
2288 4084 2409 4147 post
2427 4081 2655 4130 mortem
2675 4070 2901 4126 instituti
2929 4079 3219 4124 sectatores
3235 4070 3423 4139 juvare
3447 4084 3577 4140 pos-

1989 4173 2114 4225 sint.
2163 4168 2299 4224 Huic
2338 4166 2587 4221 instituto
2632 4162 2831 4219 bellum
2874 4169 2973 4226 est,
3027 4175 3132 4216 non
3176 4159 3433 4216 adversus
3475 4160 3578 4216 ho-

1987 4258 2197 4329 mines,
2243 4260 2339 4317 sed
2385 4258 2641 4314 adversus
2677 4253 2949 4310 daamones
2988 4260 3042 4307 et
3087 4252 3431 4321 incorporeas
3460 4252 3580 4307 illas

1997 4360 2309 4424 potestates.
2341 4348 2575 4419 Ideoque
2598 4346 2707 4401 dux
2738 4344 2843 4399 illis
2864 4352 2969 4409 est,
3001 4358 3105 4397 non
3135 4342 3318 4408 homo,
3353 4358 3457 4396 non
3479 4357 3578 4396 an-

1999 4450 2269 4523 gelus,setl
2288 4450 2402 4519 ipse
2413 4446 2576 4503 Deus.
2588 4447 2755 4500 Arma
2766 4457 2895 4499 vero
2908 4441 3126 4497 illorum
3146 4438 3378 4495 militum
3390 4439 3457 4493 ad
3472 4439 3548 4494 hu
3562 4467 3578 4476 -

1993 4546 2086 4616 jus
2136 4543 2261 4598 belli
2298 4540 2566 4596 rationem
2606 4537 2881 4609 quadrant
2917 4553 2931 4589 :
2970 4548 3147 4603 neque
3185 4533 3332 4588 enim
3366 4547 3429 4587 ex
3466 4532 3577 4602 pel-

1990 4657 2125 4705 nbus
2142 4656 2398 4720 parantur
2418 4653 2511 4701 aut
2536 4643 2701 4708 ferro,
2725 4641 2820 4703 sed
2844 4655 2912 4696 ex
2934 4638 3177 4704 veritate,
3190 4636 3429 4705 'justitia',
3451 4632 3579 4702 fide,

1992 4739 2433 4812 philosophiaque
2470 4736 2637 4791 omni.
2667 4733 2929 4801 Quoniam
2978 4731 3138 4800 igitur
3163 4728 3233 4784 de
3277 4725 3582 4798 huiusmodi

1994 4834 2277 4907 disciplina
2289 4832 2377 4888 hic
2396 4831 2529 4886 liber
2545 4838 2625 4884 est
2643 4826 3003 4896 conscriptus,
3026 4824 3091 4878 de
3107 4838 3210 4893 qua
3228 4821 3382 4875 nobis
3402 4820 3584 4874 dicere

1994 4926 2327 4998 propositum
2357 4930 2475 4988 est,
2504 4918 2811 4976 Matthacum
2839 4926 3044 4972 attente
3075 4914 3356 4969 audiamus
3393 4913 3461 4968 de
3487 4912 3583 4967 illa

1993 5018 2271 5091 perspicue
2295 5017 2649 5073 disserentem
2676 5026 2819 5067 :nou
2840 5009 2982 5065 enim
3008 5007 3124 5079 ejus
3145 5014 3271 5062 sunt
3295 5005 3457 5074 dicta,
3484 5004 3582 5059 sed

1991 5111 2211 5178 Christi,
2239 5110 2330 5181 qui
2354 5108 2495 5163 hanc
2518 5104 2853 5176 disciplinam
2888 5100 3140 5157 instituit.
3173 5100 3425 5154 Animum
3449 5112 3581 5166 ergo

1993 5206 2363 5269 adhibeamus,
2394 5211 2453 5258 ut
2478 5200 2533 5256 in
2562 5198 2654 5255 illa
2675 5210 2978 5252 mereamur
3003 5193 3258 5260 adscribi,
3287 5206 3351 5246 ac
3378 5190 3583 5259 fulgere

1994 5316 2115 5355 cum
2149 5299 2215 5354 iis
2244 5297 2334 5368 qui
2362 5296 2464 5350 hoc
2491 5292 2793 5348 institutum
2835 5287 3054 5344 emensi.
3091 5284 3421 5342 immortales
3463 5283 3583 5337 illas

1993 5404 2253 5462 accepere
2294 5400 2546 5444 coronas.
2591 5383 2771 5439 Multis
2799 5390 2946 5436 certe
2973 5379 3092 5434 haec
3134 5376 3307 5434 facilia
3337 5374 3585 5429 videntur

1995 5498 2146 5549 esse,
2175 5479 2557 5552 prophetarum
2588 5488 2723 5531 vero
2762 5473 2904 5528 dicta
2941 5469 3171 5526 multum
3210 5466 3407 5521 habere
3444 5465 3585 5519 difﬁ-

1996 5571 2229 5630 cultatis.
2261 5570 2461 5627 Verum
2491 5566 2564 5622 ita
2602 5564 2911 5622 existltnaut
2956 5561 3027 5628 ii,
3064 5559 3154 5630 qui
3198 5556 3585 5613 sententiarum

2047 5728 2122 5852 go;
2153 5727 2234 5779 De
2248 5727 2495 5779 monachis
2515 5727 2568 5777 in
2587 5730 2755 5776 monte
2776 5723 3074 5797 degentibus
3098 5723 3331 5785 loquitur.

2072 5790 2100 5840 b
2155 5798 2439 5852 Prytaneum
2452 5788 2587 5852 locus
2604 5795 2710 5838 erat
2732 5787 2815 5835 ubt
2839 5798 3123 5835 communes
3149 5784 3309 5850 epulte

2072 5784 2122 5852 ὁ)
2155 5798 2439 5854 Prytaneum
2452 5788 2587 5854 locus
2604 5795 2710 5838 erat
2732 5786 2815 5835 ubi
2839 5784 3123 5854 communes
3149 5784 3309 5850 epulte
3333 5787 3581 5837 dabantur.

1988 5852 2047 5902 iis
2065 5851 2151 5917 qui
2174 5851 2240 5904 de
2262 5852 2459 5916 publico
2479 5851 2609 5901 bene
2633 5853 2934 5899 meruerant.
