4078 6372
488 398 553 452 Si
1190 393 1250 446 δ.
1285 390 1570 446 JOANNIS
1604 389 1786 446 CER!
1801 388 2073 446 SOS'IOM

2180 385 2456 446 .R-CHIEP.
2493 376 3042 444 ροΝετΑΝτικοι).
3680 379 3757 443 ⁸.ἱῖ

475 517 547 572 ibi
574 511 967 568 reconditarum
995 507 1413 579 profunditatem
1435 504 1704 576 ignorant.
1733 502 2071 572 Quapropter

475 621 627 678 rogo,
642 618 741 660 nos
755 617 877 659 cum
890 615 1084 672 magno
1100 598 1278 654 studio
1291 594 1612 667 sequamini.
1627 600 1689 649 ut
1699 589 1915 648 Christo
1927 591 2064 647 duce

473 701 528 755 in
555 700 658 754 hoc
680 698 1003 768 scriptorum
1027 693 1245 764 pelagus
1264 687 1468 762 ingredi
1491 690 1790 745 valeamus.
1812 685 1885 744 Ut
1903 701 2065 758 porro

475 790 685 847 facilius
714 788 830 844 haec
853 785 1132 842 addiscere
1162 783 1378 855 possitis
1399 822 1415 846 ,
1444 795 1699 852 rogamus
1726 788 1782 834 et
1806 771 2064 834 obsecra-

476 898 618 949 mus,
634 881 685 936 id
702 878 845 952 quod
857 879 1018 934 etiam
1034 877 1088 932 in
1104 876 1226 930 aliis
1241 873 1642 944 Scripturarum
1658 869 1809 935 libris
1821 868 2071 938 fecimus,

476 983 540 1032 ut
553 974 699 1030 illam
719 971 1008 1042 Scriptura:
1023 966 1318 1024 clausulam
1333 1005 1350 1032 ,
1370 979 1531 1037 quam
1548 961 1950 1034 interpretaturi
1979 975 2040 1015 su
2059 993 2069 1002 -

477 1075 620 1127 mus,
645 1059 962 1132 praelibetis,
985 1069 1044 1114 ut
1071 1059 1232 1114 lectio
1257 1058 1614 1128 cognitionem
1637 1055 1905 1126 pramedat
1933 1057 1985 1118 ις
2009 1055 2064 1111 id

474 1152 618 1222 quod
650 1153 703 1207 in
731 1151 981 1208 eunucho
1006 1150 1264 1222 contigit,
1296 1152 1545 1221 quodque
1579 1150 1800 1204 multam
1831 1150 2067 1220 praebeat

478 1247 809 1303 facilitatem.
839 1245 1176 1315 Quaestiones
1216 1245 1359 1301 enim
1404 1245 1646 1315 plurima:
1681 1253 1735 1298 et
1765 1244 2068 1315 frequentes

476 1347 794 1394 occurrunt.
810 1337 1190 1394 Animadverte
1212 1351 1340 1406 ergo
1367 1337 1545 1390 statim
1576 1335 1626 1388 in
1653 1335 1769 1404 ipso
1791 1335 2066 1406 Evangelii

479 1429 724 1495 exordio,
756 1439 887 1501 quot
911 1437 968 1486 et
993 1437 1188 1501 quanta
1219 1426 1503 1498 qumrenda
1530 1436 1835 1481 occurrant.
1863 1425 2064 1491 Primo,

477 1535 575 1576 cur
593 1519 813 1590 Josepbi
835 1514 1148 1591 genealogia
1176 1517 1424 1586 ducatur,
1453 1517 1543 1590 qui
1565 1516 1759 1573 Christi
1791 1527 1940 1587 pater
1963 1532 2068 1572 non

479 1621 618 1667 erat.
644 1611 917 1678 Secundo,
939 1610 1208 1682 quomodo
1227 1611 1442 1681 planum
1471 1610 1574 1666 erit
1595 1609 1764 1680 ipsum
1789 1625 1852 1662 ex
1873 1610 2070 1665 Davide

480 1702 746 1773 originem
775 1702 992 1769 ducere,
1021 1717 1142 1757 cum
1181 1701 1456 1771 ignoretur
1484 1698 1702 1771 quinam
1745 1700 1925 1754 Maria:
1953 1717 2068 1753 ma-

483 1795 587 1850 tris
608 1795 727 1866 eius
764 1795 996 1865 majores
1023 1794 1224 1850 fuerint
1256 1811 1269 1848 :
1310 1807 1487 1864 neque
1530 1793 1674 1849 enim
1719 1793 1946 1864 Virginis
1972 1808 2070 1864 ge-

481 1888 721 1960 nealogia
749 1888 1018 1959 descripta
1042 1886 1162 1944 fuit.
1191 1886 1395 1954 Tertio,
1423 1901 1520 1941 cur
1543 1884 1786 1956 Iosephi,
1815 1885 1905 1956 qui
1937 1885 2070 1941 nihil

480 1981 547 2036 ad
572 1980 973 2052 generationem
1004 1978 1251 2045 contulit,
1279 1979 1593 2050 genealogis
1617 1981 1843 2034 ducatur
1863 2019 1880 2047 ,
1907 1977 2071 2049 Virgo

481 2082 659 2128 autem
686 2087 807 2143 quae
833 2079 1007 2128 mater
1034 2080 1138 2136 est,
1169 2085 1276 2142 quo
1305 2079 1480 2141 patre,
1512 2085 1612 2124 avo
1641 2080 1694 2125 et
1739 2069 1910 2124 abavo
1954 2078 2069 2125 orta

483 2166 552 2220 sit
593 2179 701 2220 non
731 2172 1000 2220 narretur.
1030 2163 1113 2218 Ad
1143 2165 1258 2218 hate
1287 2162 1418 2218 illud
1456 2163 1618 2218 etiam
1668 2163 1938 2232 inquirere
1978 2177 2074 2233 par

481 2265 587 2324 est,
636 2271 734 2313 cur
761 2256 996 2312 virorum
1034 2254 1400 2327 genealogiam
1441 2268 1788 2325 persequens,
1821 2253 2074 2310 mulieres

484 2358 662 2404 tamen
707 2347 1194 2404 commemoravit:
1229 2355 1286 2402 et
1309 2346 1523 2416 quando
1549 2345 1600 2401 id
1643 2347 1714 2401 ita
1759 2348 1861 2418 ipsi
1901 2347 2072 2402 visum

486 2449 592 2505 est,
621 2453 718 2494 cur
746 2453 858 2495 non
881 2452 1073 2494 omnes
1112 2438 1369 2494 mulieres.
1395 2431 1851 2506 nominavit,‘sed
1898 2438 2074 2494 missis

489 2531 558 2587 iis
584 2546 704 2601 qua:
731 2530 802 2586 ob
828 2530 1147 2601 probitatem
1171 2530 1414 2586 celebres
1431 2538 1619 2601 erant,
1644 2539 1704 2586 nt
1727 2530 1858 2587 Sara
1883 2539 1941 2588 et
1966 2531 2070 2589 Rev

490 2625 674 2690 becea,
707 2633 764 2680 et
788 2623 1076 2692 similibus,
1107 2623 1225 2679 illas
1254 2630 1458 2680 tantum
1487 2624 1542 2679 in
1570 2623 1804 2680 medium
1831 2625 2073 2696 protulit,

487 2733 608 2788 qua:
632 2719 813 2788 aliquo
838 2717 969 2773 vitio
991 2717 1240 2784 celebres
1267 2725 1424 2772 erant
1452 2732 1469 2770 :
1492 2717 1537 2772 si
1561 2732 1667 2788 qua
1696 2702 1945 2775 videlicet
1966 2717 2069 2774 for-

485 2811 692 2865 nicaria
718 2817 812 2865 aut
837 2809 1076 2866 adultera
1099 2818 1265 2878 esset,
1289 2817 1345 2865 et
1363 2811 1406 2866 si
1435 2824 1539 2881 qua
1563 2820 1818 2866 extranea
1842 2821 1935 2866 aut
1955 2811 2077 2868 bar-

487 2897 790 2954 bara.Nam
822 2916 1046 2956 uxorem
1071 2899 1213 2966 Urite
1242 2911 1298 2957 et
1317 2899 1620 2956 Thamaret
1641 2903 1898 2957 ltababet
1919 2901 2067 2956 Ruth

486 2991 936 3046 commemoravit
956 3009 972 3059 ;
992 3007 1224 3062 quarum
1243 2992 1348 3047 alia
1362 2992 1666 3063 alienigena
1683 2992 1935 3059 erat,alia
1955 3007 2062 3047 me-

490 3079 679 3146 retrix,
693 3079 802 3139 alia
813 3096 844 3136 a
857 3095 1051 3138 socero
1067 3083 1256 3138 vitiata
1268 3081 1293 3138 l‘
1293 3083 1396 3150 uit,
1419 3097 1526 3137 non
1542 3083 1660 3154 lege
1675 3082 1958 3146 connubii,
1976 3080 2072 3138 sed

490 3171 669 3227 furata
695 3172 1047 3229 concubitum
1081 3181 1138 3228 et
1191 3174 1498 3231 meretricis
1535 3183 1817 3244 assumpta
1853 3172 2070 3244 specie:

487 3262 632 3334 quod
656 3272 867 3335 spectat
883 3273 1061 3320 autem
1082 3262 1225 3321 Urite
1246 3265 1714 3336 uxorem,i'gnorat
1730 3276 1890 3318 nemo
1905 3262 1975 3318 ob
1997 3261 2077 3316 fa-

484 3354 693 3411 cinoris
702 3353 1180 3426 conspicuitatem.
1193 3355 1451 3410 Attamen
1464 3355 1648 3411 missis
1662 3353 1786 3410 aliis
1795 3352 2074 3420 omnibus,

490 3463 653 3505 hasce
683 3459 892 3505 tantum
917 3449 973 3505 in
998 3450 1308 3522 genealogis
1335 3452 1532 3524 posuit.
1563 3456 1724 3525 Atqui
1751 3453 1796 3510 si
1825 3455 2083 3510 mulieres

488 3554 925 3598 commemorare
952 3543 1231 3613 oportuit,
1253 3558 1441 3599 omnes
1471 3560 1758 3603 recensere
1793 3561 1892 3617 par
1922 3555 2081 3612 erat;

484 3631 530 3685 si
561 3646 670 3686 non
695 3647 912 3699 omnes,
939 3641 1087 3690 certe
1110 3635 1302 3704 aliqua:
1325 3650 1510 3691 earum
1540 3637 1880 3708 proferenda)
1906 3648 2082 3705 erant,

485 3737 607 3792 qua:
634 3721 835 3779 virtute
877 3721 1209 3790 ﬂoruerant,
1239 3741 1345 3781 non
1376 3741 1562 3782 earum
1605 3743 1833 3798 quarum
1867 3739 2083 3799 peccata

485 3821 614 3869 sunt
643 3814 949 3870 manifesta.
978 3815 1170 3872 Videte
1197 3827 1392 3887 quanta
1424 3819 1582 3875 nobis
1605 3819 1902 3877 attentione
1919 3823 2002 3878 vel
2029 3825 2083 3879 in

487 3903 715 3961 exordio
731 3906 804 3962 sit
816 3921 976 3978 opus,
996 3908 1206 3964 etiamsi
1224 3908 1328 3964 hoc
1342 3911 1622 3966 exordium
1635 3912 1847 3970 caeteris
1861 3913 2081 3983 clarius,

485 3994 594 4050 imo
623 3995 851 4053 fortasse
872 3996 1114 4068 plurimis
1142 3999 1471 4070 superﬂuum
1494 4016 1618 4058 esse
1657 4003 1924 4074 videatur,
1957 3992 2083 4078 quia

486 4089 702 4145 nomina
717 4099 922 4147 tantum
949 4092 1177 4163 plurima
1197 4095 1593 4164 complectitur.
1617 4096 1746 4152 Post
1768 4097 1884 4154 haec
1902 4107 2080 4155 autem

492 4178 619 4235 illud
648 4180 921 4252 inquirere
947 4198 1044 4253 par
1070 4193 1175 4252 est,
1203 4199 1300 4241 cur
1328 4194 1440 4241 tres
1470 4201 1625 4258 reges
1652 4188 1920 4245 omiserit.
1948 4189 2081 4246 Nam

484 4269 530 4325 si
573 4285 763 4328 eorum
811 4281 999 4345 utpote
1043 4273 1330 4332 admodum
1385 4277 1670 4348 impiorum
1722 4279 1940 4336 nomina
1996 4290 2080 4336 ta-

484 4363 828 4435 cuit,neque
862 4364 1000 4422 alios
1028 4367 1158 4437 ipsis
1205 4369 1410 4425 similes
1454 4384 1879 4427 commemorare
1921 4387 2082 4442 opor-

489 4452 608 4508 tuit.
638 4453 756 4509 Alia
787 4454 916 4510 item
955 4458 1182 4527 quzestio
1210 4458 1471 4530 exsurgit.
1498 4458 1634 4515 Cum
1673 4462 2079 4532 quatuordecim

483 4559 606 4601 esse
630 4547 1008 4618 generationes
1031 4548 1277 4618 dixisset,
1309 4550 1365 4606 in
1409 4553 1565 4608 tertia
1592 4554 1766 4610 classe
1807 4554 1951 4610 hunc
1979 4571 2079 4611 nu-

484 4653 688 4694 merum
717 4655 822 4695 non
853 4643 1106 4698 servavit.
1138 4641 1378 4716 Itemque
1405 4660 1502 4701 cur
1527 4645 1700 4703 Lucas
1727 4647 1832 4704 alia
1859 4649 2076 4704 nomina

482 4733 778 4802 recensuit,
807 4741 863 4790 et
885 4749 984 4790 cur
1011 4751 1119 4792 non
1149 4737 1324 4792 solum
1354 4753 1462 4793 non
1490 4737 1709 4796 eosdem
1741 4755 1950 4808 omnes,
1980 4743 2076 4798 sed

481 4823 646 4879 etiam
676 4826 846 4882 multo
875 4827 1057 4898 plures
1091 4831 1538 4887 commemoravit
1565 4849 1580 4887 :
1624 4830 1907 4889 Mattheus
1945 4847 2075 4890 vero

487 4925 542 4971 et
569 4916 705 4972 alios
731 4924 788 4974 et
811 4917 1084 4985 diversos,
1111 4919 1321 4976 etiamsi
1365 4920 1481 4992 ipse
1516 4921 1569 4977 in
1609 4922 1902 4993 Josephum
1943 4923 2072 4980 des-

481 5007 631 5074 ierit,
664 5007 720 5063 in
772 5023 880 5080 quo
927 5020 982 5066 et
1026 5011 1198 5068 Lucas
1247 5011 1409 5068 linem
1456 5011 1600 5069 fecit.
1632 5013 1824 5072 Videte
1861 5015 2075 5086 quantis

480 5097 634 5153 nobis
673 5097 748 5153 sit
771 5113 908 5170 opus
936 5100 1133 5172 vigiliis
1160 5117 1267 5158 non
1296 5100 1364 5158 ad
1395 5103 1718 5160 solvendum
1747 5104 1910 5162 modo
1928 5145 1945 5172 ,
1977 5104 2073 5162 sed

478 5189 638 5244 etiam
679 5189 747 5246 ad
786 5189 1102 5248 discendum
1143 5208 1387 5265 quasnam
1427 5193 1536 5250 sint
1571 5195 1846 5253 solvenda.
1887 5197 2073 5270 Neque

478 5297 670 5351 parum
710 5292 886 5340 estea
915 5285 1158 5344 invenire
1197 5301 1318 5358 quae
1347 5297 1572 5358 possunt
1624 5288 1678 5344 in
1724 5289 1944 5346 dubium
1979 5306 2072 5346 vo-

477 5375 625 5442 rari;
658 5391 781 5431 nam
810 5376 942 5433 illud
987 5393 1200 5449 quoque
1225 5378 1281 5434 in
1326 5378 1505 5434 dubiis
1549 5390 1895 5446 numeratur,
1937 5396 2072 5452 quo-

477 5465 637 5522 modo
659 5466 898 5525 Elisabet
924 5485 988 5524 ex
1016 5468 1246 5525 Levitica
1271 5470 1433 5538 tribu,
1461 5482 1684 5543 cognata
1709 5472 1778 5528 sit
1797 5473 1994 5528 Marire.

545 5801 563 5831 ί
596 5796 784 5860 Morel.,
811 5807 859 5850 ut
886 5797 1021 5850 lcctio
1046 5795 1292 5850 lectionem
1314 5805 1580 5863 pra’ccdat.

2257 498 2311 551 7.
2339 497 2611 551 Conclusio
2638 496 2844 552 moralis
2869 512 2888 550 :
2913 495 3173 550 auditores
3209 510 3242 548 a
3269 493 3572 565 spectaculis
3606 505 3781 558 arcet;

2184 593 2412 645 studium
2455 591 2594 646 verbi
2639 591 2799 645 divini
2839 590 2896 645 in
2929 590 3003 644 eis
3043 590 3268 643 excitare
3309 599 3540 642 conatur.
3571 617 3644 626 —
3672 586 3779 642 Sed

2183 699 2251 739 ne
2268 685 2432 738 multa
2456 683 2615 738 simul
2637 691 2990 754 congerentes
3006 681 3320 736 memoriam
3337 691 3573 736 veStram
3595 679 3782 734 obrua-

2181 791 2303 830 mus
2349 776 2437 831 hic
2454 774 2706 846 loquendi
2727 773 2892 831 ﬁnem
2919 773 3197 830 faciemus.
3223 771 3433 829 Sufﬁcit
3456 771 3601 827 enim
3624 769 3778 825 vobis

2187 875 2244 922 ut
2274 866 2580 921 exettemini
2602 907 2619 932 ,
2651 865 2696 920 si
2725 865 3052 936 quastiones
3099 865 3218 920 illas
3242 864 3515 921 ediscatis.
3545 863 3602 920 Si
3639 878 3769 922 vero

2181 957 2502 1013 solutionem
2527 957 2866 1024 desideratis,
2889 967 2945 1015 et
2973 955 3106 1013 illud
3134 970 3350 1028 quoque
3371 956 3456 1013 vel
3485 966 3770 1028 antequam

2182 1047 2486 1120 loquamur,
2518 1049 2571 1104 in
2598 1057 2776 1104 vestra
2806 1049 2910 1104 erit
2939 1057 3206 1120 potestate
3238 1049 3424 1104 situm.
3454 1047 3513 1104 Si
3543 1063 3773 1119 namque

2180 1154 2278 1195 vos
2298 1140 2560 1196 excitatos
2583 1149 2638 1196 et
2657 1139 2903 1196 discendi
2923 1139 3148 1210 cupidos
3175 1139 3424 1206 viderim,
3447 1140 3770 1195 solutionem

2180 1230 2334 1286 vobis
2363 1229 2558 1286 afferre
2581 1231 2836 1297 tentabo;
2865 1230 2948 1286 sin
2987 1229 3284 1286 oscitantes
3312 1236 3371 1286 et
3399 1244 3505 1284 non
3536 1237 3773 1285 attentos

2182 1337 2550 1393 conspexero,
2577 1331 2633 1378 et
2657 1323 2983 1394 quaestiones
3007 1329 3064 1378 et
3087 1321 3410 1376 solutionem
3439 1319 3650 1375 illarum
3677 1334 3774 1374 oc-

2181 1415 2431 1482 cultabo,
2459 1415 2653 1470 divinae
2675 1415 2982 1484 obsequens
3009 1413 3110 1484 legi
3139 1429 3156 1469 :
3187 1411 3384 1476 Nolite,
3416 1411 3623 1481 inquit,
3654 1427 3776 1466 san-

2183 1515 2320 1560 ctum
2345 1505 2469 1559 dare
2497 1505 2728 1570 canibus,
2757 1520 2918 1574 neque
2942 1503 3224 1575 projiciatis
3252 1503 3556 1574 margaritas
3583 1510 3775 1556 vestras

2181 1606 2298 1650 ante
2317 1612 2516 1666 porcos,
2535 1612 2598 1650 ne
2625 1600 2758 1666 forte
2776 1594 3072 1650 conculcent
3091 1611 3175 1649 eas
3192 1594 3402 1663 pedibus
3428 1595 3531 1648 suis
3555 1592 3772 1662 (Matth.

2182 1688 2233 1742 7.
2268 1686 2343 1759 6).
2387 1687 2519 1755 Quis
2545 1695 2628 1742 est
2654 1697 2833 1742 autem
2873 1686 2964 1756 qui
3004 1685 3324 1742 conculcet?
3361 1685 3463 1753 Qui
3504 1686 3620 1740 hate
3667 1701 3773 1740 non

2184 1781 2416 1850 pretiosa
2444 1791 2498 1835 et
2523 1779 2729 1836 honore
2755 1778 2914 1850 digna
2936 1793 3057 1834 esse
3077 1787 3282 1834 censet.
3307 1777 3522 1848 Ecquis,
3545 1778 3773 1848 inquies,

2184 1872 2254 1926 ita
2285 1872 2450 1926 miser
2476 1879 2581 1938 est,
2611 1881 2669 1927 ut
2697 1871 2813 1926 haec
2840 1886 2947 1925 non
2979 1870 3185 1926 honore
3209 1869 3388 1941 digna,
3419 1886 3519 1927 nec
3536 1871 3774 1926 omnium

2183 1963 2566 2033 pretiosissima
2594 1977 2718 2020 esse
2739 1961 2901 2018 ducat
2919 1961 2946 2015 ἲ
2972 1961 3021 2018 is
3043 1962 3133 2032 qui
3162 1975 3268 2016 non
3293 1961 3402 2016 illis
3425 1970 3634 2016 tantum
3659 1972 3776 2016 stu—

2181 2055 2328 2110 dium
2355 2054 2599 2133 adhibet,
2649 2063 2910 2127 quantum
2959 2053 3336 2110 meretricibus
3379 2054 3694 2111 mulieribus
3719 2055 3772 2108 in

2182 2147 2434 2202 satanicis
2468 2146 2714 2202 theatris.
2757 2145 2837 2201 lbi
2863 2146 3008 2202 enim
3037 2145 3255 2217 plurimi
3287 2154 3428 2201 totos
3453 2145 3568 2202 dies
3595 2155 3778 2212 trans-

2183 2239 2361 2312 i’gunt,
2415 2240 2691 2310 multaque
2737 2241 2790 2295 in
2821 2255 2881 2295 re
2909 2239 3208 2295 domestica
3251 2239 3546 2310 negligunt,
3585 2239 3660 2294 ob
3691 2240 3778 2293 in-

2183 2334 2554 2405 tempestivam
2584 2334 2728 2388 illam
2770 2333 3176 2404 occupationem
3199 2374 3215 2400 ,
3248 2331 3642 2403 diligenterque
3683 2331 3778 2386 illa

2183 2429 2442 2495 retinent,
2474 2443 2595 2498 qua:
2623 2426 2817 2483 ibidem
2845 2425 3108 2493 audiunt,
3139 2426 3335 2496 illaque
3362 2426 3415 2480 in
3446 2426 3638 2480 anima:
3667 2440 3781 2480 sua:

2183 2520 2474 2592 perniciem
2498 2529 2845 2576 conservant.
2875 2517 2974 2575 Hic
2999 2526 3179 2573 autem
3213 2518 3329 2588 ipso
3359 2516 3474 2573 Deo
3503 2517 3778 2587 loquente,

2183 2628 2253 2669 ne
2283 2612 2562 2667 minimum
2591 2610 2808 2682 quidem
2836 2610 3097 2680 temporis
3132 2623 3354 2664 manere
3384 2608 3590 2663 volunt.
3624 2607 3780 2663 Ideo-

2183 2719 2288 2775 que
2336 2702 2471 2758 nihil
2497 2717 2786 2758 commune
2826 2701 3087 2757 habemus
3114 2716 3239 2755 cum
3278 2700 3413 2756 cazlo
3443 2717 3459 2755 :
3487 2700 3583 2756 sed
3611 2700 3779 2757 verbo

2190 2805 2348 2851 tenus
2384 2795 2508 2849 vita:
2537 2794 2840 2849 institutum
2887 2800 3132 2848 nostrum
3166 2792 3460 2863 peragitur.
3501 2791 3662 2848 Certe
3687 2806 3780 2862 ge-

2188 2885 2421 2942 hennam
2449 2885 2655 2941 idcirco
2681 2885 2824 2940 Deus
2847 2883 3208 2940 comminatus
3227 2891 3333 2948 est,
3355 2897 3466 2938 non
3489 2891 3548 2938 ut
3576 2883 3629 2938 in
3656 2898 3776 2939 eam

2190 2992 2292 3033 nos
2311 2975 2608 3046 conjiciat;
2647 2979 2740 3032 sed
2762 2986 2821 3030 ut
2854 2978 3013 3034 nobis
3046 2981 3372 3048 persuadeat
3409 2984 3771 3052 perniciosam

2191 3068 2338 3122 illam
2391 3067 2732 3140 tyrannidem
2769 3071 2792 3103 ³
2835 3069 3043 3142 lugere.
3089 3070 3199 3128 Nos
3239 3089 3372 3130 vero
3410 3089 3442 3130 e
3493 3078 3772 3134 contrario

2188 3161 2430 3231 agimus;
2478 3160 2755 3226 audimus,
2798 3173 2856 3218 et
2894 3163 3138 3234 quotidie
3181 3166 3247 3220 ad
3293 3167 3433 3222 viam
3477 3183 3600 3240 quae
3639 3169 3772 3226 illuc

2187 3251 2338 3306 ducit
2367 3251 2710 3308 accurrimns
2738 3270 2752 3307 :
2784 3253 3001 3325 Deoque
3035 3255 3265 3326 iubente
3300 3272 3414 3313 non
3451 3260 3631 3315 solum
3669 3277 3771 3315 au-

2187 3339 2326 3403 dire,
2347 3340 2442 3395 sed
2463 3340 2627 3395 etiam
2650 3341 2796 3396 dicta
2820 3345 3068 3414 exsequi,
3096 3359 3199 3401 nos
3237 3361 3306 3402 ne
3326 3348 3544 3418 quidem
3579 3351 3770 3410 audire

2187 3431 2541 3486 sustinemus.
2582 3430 2938 3498 Quandouam
2983 3434 3152 3505 igitur
3189 3451 3274 3504 ea,
3305 3454 3429 3508 quas
3463 3441 3724 3510 jubemur
3747 3484 3765 3510 ,

2186 3547 2407 3593 acernus
2428 3574 2445 3601 ,
2471 3546 2526 3591 et
2564 3537 2820 3607 operibus
2863 3553 3083 3596 manum
3113 3540 3538 3612 admovebimus,
3567 3549 3776 3619 quandc

2186 3641 2329 3696 :ugre
2355 3637 2411 3684 et
2441 3627 2660 3700 indigne
2689 3630 2914 3688 ferimus
2941 3647 3142 3698 moras.
3179 3635 3266 3691 hic
3295 3638 3362 3693 ad
3399 3637 3777 3697 brevissimum

2188 3719 2448 3790 temporis
2471 3723 2704 3792 spatium
2736 3726 3018 3795 prolatas?
3041 3727 3202 3799 Atqui
3232 3745 3334 3786 nos
3375 3747 3498 3788 cum
3526 3733 3594 3790 de
3617 3734 3776 3792 rebus

2184 3808 2386 3867 frivolis
2411 3813 2574 3869 verba
2601 3815 2882 3887 facientes,
2911 3833 3008 3876 eos
3031 3823 3122 3892 qui
3154 3823 3432 3881 nobiscum
3461 3827 3648 3884 sedent
3669 3845 3776 3886 non

2181 3904 2461 3961 attendere
2524 3907 2889 3980 advertimus,
2940 3911 2995 3967 id
3038 3917 3381 3973 contumeliae
3438 3919 3556 3975 loco
3609 3921 3774 3978 babe—

2183 4010 2353 4062 mus;
2405 3997 2572 4052 Deum
2627 4015 2758 4056 vero
2810 4017 2920 4058 non
2987 4013 3239 4075 putamus
3309 4023 3410 4065 nos
3459 4010 3774 4082 oﬂ‘endere,

2183 4090 2399 4159 quando
2444 4093 2593 4148 illum
2642 4095 2709 4150 de
2764 4097 2926 4153 tantis
2975 4099 3136 4155 rebus
3186 4100 3496 4171 loquentem
3548 4105 3775 4177 despici-

2183 4195 2302 4235 mus
2347 4183 2537 4238 etalio
2581 4185 2770 4241 oculos
2804 4189 3210 4246 convertimus?
3247 4191 3409 4249 Certe
3454 4210 3620 4251 senex
3659 4199 3776 4268 qui-

2177 4274 2258 4328 vis
2303 4289 2550 4346 magnam
2596 4292 2847 4334 emensus
2886 4289 3043 4336 teme
3088 4292 3316 4353 partem,
3345 4286 3640 4344 stadiorum
3669 4305 3772 4346 nu-

2177 4380 2408 4429 merum,
2454 4368 2667 4424 urhium
2714 4370 3036 4440 positionem
3075 4381 3131 4429 et
3179 4372 3430 4443 formam,
3483 4389 3670 4449 portus
3707 4396 3772 4438 ac

2175 4455 2349 4512 forum
2375 4457 2786 4530 diligentissime
2814 4463 2968 4518 nobis
2987 4464 3244 4523 describit
3268 4485 3282 4522 :
3309 4479 3364 4523 at
3391 4485 3490 4525 nos
3514 4487 3583 4527 ne
3602 4489 3772 4543 quan-

2174 4556 2287 4604 tum
2315 4549 2533 4619 quidem
2565 4553 2748 4622 procul
2780 4553 2950 4610 simus
2995 4555 3064 4610 ab
3094 4557 3182 4612 illa
3212 4561 3412 4616 caelesti
3456 4563 3590 4620 urbe
3619 4567 3772 4621 novi-

2172 4653 2322 4705 mus;
2350 4640 2585 4712 alioquin
2612 4652 2792 4699 autem
2816 4645 2916 4701 vite
2937 4646 3321 4719 longitudinem
3347 4654 3592 4711 minuere
3615 4671 3770 4712 cura-

2171 4731 2457 4799 vissemus,
2483 4733 2528 4788 si
2557 4749 2749 4804 nempe
2778 4735 2926 4792 illam
2955 4737 3262 4796 distantiam
3287 4753 3614 4803 teneremus.
3647 4748 3768 4805 Non

2170 4821 2314 4878 enim
2363 4832 2567 4879 tantum
2616 4826 2896 4884 dumtaxat
2938 4844 2968 4885 a
2996 4831 3155 4888 nobis
3195 4833 3360 4890 distat
3400 4837 3594 4894 civitas
3638 4839 3764 4908 illa,

2167 4925 2428 4986 quantum
2454 4926 2537 4973 cst
2566 4917 2708 4975 inter
2727 4920 2918 4976 czelum
2943 4931 2998 4979 et
3019 4932 3215 4980 terram
3249 4927 3595 4986 interstitium
3616 4949 3632 4999 ;
3657 4931 3769 4989 imo

2167 5008 2340 5063 inulto
2381 5008 2572 5080 magis,
2603 5010 2648 5066 si
2680 5012 3048 5084 negligamus;
3075 5024 3136 5071 ut
3163 5032 3194 5073 e
3236 5022 3545 5090 contrario,
3571 5023 3616 5078 si
3646 5035 3764 5080 stu-

2165 5099 2301 5155 diosi
2323 5099 2515 5170 simus,
2545 5102 2598 5156 in
2622 5114 2896 5162 momento
2921 5109 3178 5178 temporis
3202 5109 3268 5165 ad
3291 5111 3407 5182 ejus
3423 5111 3614 5182 januas
3639 5132 3761 5185 per—

2163 5194 2348 5249 venire
2370 5193 2684 5264 poterimus.
2707 5196 2823 5252 Non
2847 5199 2992 5254 cnim
3021 5200 3259 5258 locorum
3284 5203 3638 5277 longitudine,
3665 5211 3761 5266 sed

2161 5287 2404 5344 instituto
2425 5305 2631 5346 morum
2664 5291 2780 5348 haec
2804 5295 2974 5364 spatia
3005 5296 3273 5352 metienda
3305 5308 3451 5355 sunt.

2231 5380 2285 5435 8.
2313 5379 2394 5436 Tu
2424 5397 2552 5438 vero
2581 5386 2861 5454 praesentis
2889 5387 3014 5444 vitae
3045 5403 3132 5445 res
3161 5388 3448 5462 diligenter
3495 5394 3667 5462 nosti,
3703 5407 3757 5451 et

2159 5488 2294 5530 nova
2347 5485 2401 5530 ct
2427 5477 2643 5548 antiqua
2687 5487 2743 5535 et
2777 5488 2998 5548 vetera,
3045 5481 3423 5555 principesque
3467 5503 3756 5545 numerare

2242 5812 2258 5842 ²
2293 5806 2519 5871 Quidam,
2539 5807 2944 5862 consuetudinem.
