4090 6366
324 409 390 463 ει
1484 391 1550 446 IN
1589 385 2011 446 MATTHEUM
2076 385 2303 441 IIOMIL.
2350 384 2388 438 Ι.
3514 376 3587 430 23

318 501 462 572 μετά
510 494 710 565 πολλῆς
755 493 886 563 ἡμῖν
931 488 1162 545 ἔπεσθαι
1206 486 1305 558 τῆς
1336 484 1593 554 σπουδῆς,
1641 483 1780 535 ὥστε
1815 482 1893 543 είς

316 569 456 646 αὐτὸ
500 588 561 641 τὸ
597 588 832 654 πέλαγος
860 583 971 636 τῶν
1013 577 1413 650 γεγραμμένων
1464 573 1754 633 εἰσελθεῖν,
1800 569 1894 623 τοῦ

318 681 563 755 Χριστοῦ
616 675 1027 751 προηγουμένου
1082 672 1289 742 ταύτης
1340 670 1471 740 ἡμῖν
1512 670 1612 739 τῆς
1663 665 1893 718 εἰσόδου.

322 780 490 830 Ὥστε
524 774 583 829 δὲ
616 772 1014 843 εὐμαθέστερον
1046 764 1297 835 γενέσθαι
1337 763 1432 817 τὸν
1459 762 1636 829 λόγον,
1666 757 1898 828 δεόμεθα

319 871 418 924 καὶ
447 863 874 937 παρακαλοῦμεν
924 862 1080 930 (ὅπερ
1109 858 1205 911 καὶ
1228 856 1321 909 ἐπὶ
1348 854 1455 908 τῶν
1476 852 1649 908 ἀλλων
1668 847 1899 921 Γραφῶν

327 1062 573 1133 Γραφῆς,
607 1062 675 1129 ήν
704 1058 771 1113 ἂν
802 1056 1082 1129 μέλλωμεν
1114 1041 1446 1123 ἐξηγεῖσθαι,
1485 1049 1571 1102 ἵνα
1602 1053 1665 1120 τῇ
1697 1044 1898 1117 γνῶσει

324 1154 361 1222 ή
410 1152 719 1218 ἀνάγνωσις
762 1145 1187 1220 προοδοποιοῦσα
1220 1140 1346 1216 ﬁ",
1395 1142 1423 1194 ὃ
1453 1142 1546 1195 καὶ
1582 1141 1675 1193 ἐπὶ
1699 1139 1792 1194 τοῦ
1821 1138 1895 1192 εὐ-

323 1241 522 1310 νούχου
551 1240 762 1308 γέγονε,
798 1238 893 1291 καὶ
925 1235 1125 1306 πολλὴν
1165 1233 1423 1304 παράσχῃ
1447 1231 1492 1263 ⁵ο
1526 1229 1625 1302 τὴν
1654 1229 1903 1283 εὐκολίαν

323 1331 484 1398 ἡμῖν.
520 1330 629 1381 Kal
660 1327 771 1399 7&9
812 1327 880 1380 τά
924 1325 1232 1396 ζητούμενα
1285 1323 1454 1375 πολλὰ
1482 1319 1577 1373 καὶ
1606 1317 1898 1388 ἐπάλληλα.

326 1419 479 1490 Ὀρα
513 1418 643 1486 γοῦν
672 1418 871 1480 εὐθέως
912 1418 969 1470 ἐν
994 1413 1298 1486 προοιμίοις
1331 1410 1423 1465 τοῦ
1455 1409 1785 1478 Εὐαγγελίου
1810 1407 1905 1460 αὐ-

323 1511 446 1572 τοῦ,
507 1510 648 1563 πόσα
697 1510 763 1563 ἀν
791 1526 877 1571 τις
907 1506 1299 1578 έπαπορήσειε.
1334 1504 1555 1575 Πρῶτον
1589 1500 1710 1571 μὲν,
1762 1498 1902 1561 τίνος

325 1605 520 1657 ἕνεκεν
554 1605 583 1655 ὁ
622 1601 818 1674 Ἰωσὴφ
846 1600 1266 1669 γενεαλογεῖται,
1311 1598 1411 1651 οὐκ
1438 1595 1512 1648 ὢν
1550 1593 1643 1647 τοῦ
1670 1589 1905 1664 Χριστοῦ

327 1696 539 1767 πατήρ.
565 1693 825 1765 Δεύτερον
844 1693 922 1755 δὲ,
957 1692 1120 1745 πόθεν
1153 1690 1305 1743 ἔσται
1342 1688 1498 1757 δῆλος
1524 1686 1656 1756 ἡμῖν
1682 1682 1789 1737 ἀπὸ
1813 1680 1905 1733 τοῦ

327 1790 501 1843 Δαυῒδ
536 1789 789 1857 κατάγων
814 1786 873 1840 τὸ
894 1785 1069 1856 γένος,
1089 1785 1188 1855 τῆς
1214 1782 1450 1853 Μαρίας,
1482 1780 1572 1849 ἀφ’
1603 1773 1671 1849 ἦς
1692 1775 1905 1844 ἐτέχθη.

328 1882 445 1935 τῶν
478 1882 756 1952 προγόνων
776 1876 1157 1947 ἀγνοουμένων
1179 1894 1192 1907 ·
1224 1872 1345 1926 οὐδὲ
1379 1871 1486 1942 γὰρ
1508 1865 1906 1939 ὲγενεαλογήθη

330 1976 369 2045 ἡ
409 1974 707 2045 Παρθένος.
746 1969 962 2042 Τρίτον,
1014 1968 1157 2032 τίνος
1190 1967 1377 2020 ἕνεκεν
1409 1966 1438 2018 ὁ
1485 1964 1583 2034 μὲν
1621 1960 1839 2030 Ἰωσὴφ,
1883 1960 1912 2011 ὁ

334 2067 509 2135 μηδὲν
532 2063 799 2119 συντελῶν
827 2062 963 2134 πρὸς
988 2059 1084 2132 τὴν
1103 2060 1375 2130 γέννησιν.
1406 2054 1829 2125 γενεαλογεῖται·
1873 2051 1908 2120 ἡ

330 2157 391 2209 δὲ
425 2156 720 2228 Παρθένος,
752 2157 786 2226 ὴ
824 2155 918 2208 καὶ
948 2154 1129 2225 μήτηρ
1166 2150 1433 2221 γενομένη
1467 2189 1482 2213 ,
1528 2147 1589 2200 οὐ
1638 2145 1912 2199 δείκνυται

330 2247 499 2300 τίνων
544 2247 797 2316 πατέρων
841 2245 936 2299 καὶ
978 2244 1217 2298 πάππων
1251 2242 1347 2295 καὶ
1390 2239 1670 2311 προγόνων
1696 2237 1739 2267 ⁵⁸
1775 2234 1909 2287 ἔστί.

336 2337 498 2391 Μετά
521 2336 728 2389 τούτων
748 2336 896 2402 ἀξιον
930 2336 1151 2389 κάκεῖνο
1193 2331 1307 2405 [ll]
1340 2332 1591 2402 ζητῆσαι,
1627 2328 1678 2382 τί
1715 2326 1913 2395 δήποτε

332 2428 422 2480 διά
448 2427 558 2480 τῶν
590 2426 799 2497 ἀνδρῶν
826 2428 1082 2497 προάγων
1114 2426 1213 2495 τὴν
1242 2422 1616 2492 γενεαλογίαν,
1666 2416 1913 2488 ἐμνήσθη

335 2520 432 2572 καὶ
467 2518 762 2587 γυναικῶν.
794 2520 902 2572 Kal
939 2517 1124 2586 ἐπειδὴ
1155 2514 1312 2570 τοῦτο
1342 2516 1386 2546 δ’
1417 2512 1565 2583 αὐτῷ
1586 2506 1917 2578 έδοξεν,οὐδὲ

336 2612 523 2672 πάσας
553 2610 764 2663 τέθεικε
788 2610 887 2673 τὰς
930 2613 1214 2677 γυναῖκας,
1263 2605 1400 2660 άλλά
1446 2605 1544 2668 τάς
1602 2602 1917 2672 εὐδοκίμους

337 2700 739 2771 παραδραμὼν,
774 2694 886 2753 οἷον
918 2700 1016 2769 τὴν
1046 2699 1283 2769 Σάρραν,
1330 2698 1428 2766 τὴν
1463 2693 1782 2756 Ῥεόέκκαν,
1825 2689 1919 2743 καὶ

336 2792 464 2843 ὅσαι
488 2789 759 2853 τοιαῦται,
807 2788 906 2852 τάς
945 2788 1039 2842 ἐπὶ
1093 2786 1262 2858 κακία
1319 2785 1675 2857 βεϐοημένας,
1712 2781 1917 2845 ταύτας

338 2883 422 2943 εἰς
460 2880 626 2951 μέσον
663 2882 837 2951 ἦγαγε
866 2879 1025 2951 μόνον
1046 2896 1058 2908 ·
1092 2873 1206 2933 οἷον
1237 2870 1402 2941 εἴτις
1430 2877 1603 2948 πόρνη
1652 2876 1745 2929 καὶ
1798 2891 1919 2945 μοι·

340 2972 520 3041 χαλὶς,
555 2970 609 3024 εῖ
625 2988 710 3035 τις
738 2973 802 3024 ὲκ
834 2971 1164 3041 παρανόμων
1186 2971 1401 3038 γάμων,
1434 2966 1487 3020 εί
1511 2984 1593 3029 τις
1627 2964 1921 3033 ἀλλόφυλος

344 3062 441 3115 καὶ
479 3060 753 3131 βάρϐαρος
778 3055 867 3131 ἦν.
901 3060 1011 3112 Kal
1044 3058 1153 3130 7&9
1178 3060 1276 3129 τῆς
1304 3056 1396 3110 τοῦ
1437 3056 1656 3127 Οὐρίου,
1702 3056 1794 3108 καὶ
1821 3054 1919 3124 τῆς

343 3155 565 3225 Θάμαρ,
596 3155 686 3207 καὶ
714 3155 812 3223 τῆς
844 3152 1011 3205 Ῥαάὂ
1033 3152 1101 3216 ⁸⁸,
1144 3152 1237 3205 καὶ
1267 3150 1365 3218 τῆς
1408 3148 1563 3203 Ῥοὐο
1593 3147 1923 3219 ἐμνημόνευο

346 3264 467 3298 σεν·
520 3240 594 3297 ὧν
632 3246 798 3317 ἡμὲν
827 3242 1119 3314 ἀλλογενὴς
1151 3238 1240 3313 ἦν,
1277 3244 1310 3311 ἡ
1353 3242 1410 3294 δὲ
1463 3241 1658 3310 πόρνη,
1693 3242 1726 3309 ἡ
1757 3238 1813 3293 δὲ
1847 3237 1925 3307 τῷ

346 3336 584 3407 κηδεστῇ
644 3334 1003 3405 προσεφθάρη
1038 3351 1052 3363 ο
1128 3333 1222 3386 καὶ
1275 3332 1394 3385 οὐδὲ
1446 3330 1623 3402 τούτῳ
1670 3330 1717 3361 ⁸⁵
1776 3329 1927 3399 νόμῳ

346 3426 552 3493 γάμου,
594 3424 732 3479 ἀλλά
770 3426 1016 3495 κλέψασα
1052 3425 1153 3495 τὴν
1207 3426 1374 3494 μίξιν,
1424 3424 1518 3478 καὶ
1572 3422 1777 3494 πόρνης
1831 3439 1928 3475 πε-

351 3518 611 3589 οιθεμένη
663 3520 1003 3590 προσωπεῖον
1055 3518 1252 3587 ἑαυτῇ·
1291 3515 1387 3568 καὶ
1434 3515 1533 3583 τὴν
1579 3512 1673 3567 τοῦ
1728 3512 1928 3583 Οὐρίου

346 3626 408 3678 δὲ
437 3624 617 3686 οὐδεὶς
668 3622 856 3689 ἀγνοεῖ
901 3619 993 3683 διὰ
1048 3618 1146 3688 τὴν
1200 3614 1558 3686 περιφάνειαν
1596 3610 1688 3663 τοῦ
1718 3610 1908 3679 τολμή·

351 3733 544 3786 ματος.
612 3713 748 3766 Ἀλλ’
804 3713 953 3781 ὅμως
1013 3708 1190 3770 πάσας
1270 3706 1370 3769 τάς
1443 3703 1607 3765 ἀλλας
1677 3702 1837 3770 ἀφεὶς
1895 3700 1925 3752 ὀ

348 3800 766 3872 εὐαγγελιστὴς,
797 3798 997 3862 ταύτας
1026 3796 1250 3865 ἐνέθηκε
1273 3797 1340 3864 τῇ
1375 3791 1691 3863 γενεαλογίᾳ
1737 3790 1922 3861 μόνας.

350 3897 547 3951 Καίτοι
572 3897 621 3948 εί
658 3892 963 3965 μνησθῆναι
1003 3887 1280 3959 γυναικῶν
1315 3886 1441 3947 ἔδει,
1496 3881 1684 3937 πασῶν
1718 3882 1884 3952 ἐχρῆν
1907 3897 1923 3913 ο

351 3990 405 4041 εί
435 3987 495 4041 δὲ
531 3986 606 4057 μὴ
628 3983 840 4047 πασῶν,
865 3981 980 4036 ἀλλ’
1001 3980 1178 4044 ένίων,
1197 3978 1305 4031 τῶν
1331 3979 1388 4031 έν
1410 3977 1603 4047 ἀρετῇ,
1633 3974 1692 4027 οὐ
1727 3972 1835 4024 τῶν
1868 3973 1928 4023 ὲν

352 4081 715 4152 ἁμαρτήμασι
771 4073 1140 4146 βεϐοημένων.
1195 4070 1378 4123 Είδετε
1446 4067 1621 4137 πόσης
1670 4066 1803 4135 ἡμῖν
1849 4062 1930 4115 δεῖ

354 4170 630 4242 προσοχῆς
676 4169 735 4220 ὲν
760 4167 873 4229 τοῖς
905 4162 1211 4235 προοιμίοις
1251 4157 1470 4221 εὐθέως.
1500 4156 1767 4239 ΚαίτοιγεὊ
1785 4153 1931 4207 δοκεῖ

359 4262 694 4331 σαφέστερον
720 4255 858 4310 εἶναι
889 4254 997 4308 τῶν
1049 4253 1224 4308 ἀλλων
1261 4250 1323 4303 τὸ
1362 4248 1665 4319 προοίμιον,
1709 4245 1849 4314 τάχα
1874 4244 1931 4296 δὲ

356 4355 574 4417 πολλοῖς
608 4351 705 4405 καὶ
732 4348 1009 4420 περισσὸν,
1042 4343 1129 4398 διὰ
1156 4343 1216 4396 τὸ
1240 4341 1515 4411 ὀνομάτων
1539 4337 1770 4409 ἀριθμὸν
1793 4331 1932 4388 εἶναι

360 4445 545 4515 μόνον.
598 4439 756 4496 Μετὰ
786 4438 944 4491 τοῦτο
994 4436 1213 4489 κάκεῖνο
1268 4432 1417 4498 ἀξιον
1473 4429 1738 4499 ζητῆσαι,
1791 4424 1935 4486 τίνος

354 4538 543 4589 ἕνεκεν
566 4534 717 4603 τρεῖς
748 4528 1065 4600 παρέδραμε
1105 4523 1359 4594 βασιλεῖς.
1386 4522 1451 4576 Εἰ
1474 4521 1582 4591 7&9
1606 4520 1681 4581 ὡς
1732 4515 1935 4586 σφόδρα

356 4626 574 4683 ἀσεϐῶν
636 4620 992 4691 ἀπεσιώπησε
1041 4619 1141 4687 τὴν
1190 4612 1562 4685 προσηγορίαν
1588 4654 1602 4675 ,
1663 4609 1781 4662 οὐδὲ
1827 4605 1937 4659 τῶν

356 4718 535 4773 ἀλλων
578 4714 689 4767 τῶν
728 4709 987 4764 τοιούτων
1035 4704 1341 4778 μνησθῆναι
1392 4702 1518 4754 ἔδει.
1568 4699 1679 4754 Kal
1703 4697 1811 4767 7&9
1842 4694 1937 4748 καὶ

354 4809 521 4863 τοῦτο
552 4803 739 4876 ἔτερόν
769 4803 886 4854 ἐστι
918 4798 1156 4870 ζήτημα.
1187 4792 1600 4862 Δεκατέσσαρας
1632 4790 1739 4859 7&9
1768 4784 1937 4839 εἰπὼν

360 4901 578 4971 γενεάς,
604 4899 663 4951 ὲν
704 4897 771 4966 τῇ
810 4892 965 4967 τρίτῃ
1001 4889 1177 4961 μερίδι
1206 4887 1298 4940 τὸν
1327 4883 1559 4955 ἀριθμὸν
1602 4881 1663 4934 οὐ
1689 4878 1936 4933 διέσωσε.

360 4994 475 5049 Kal
503 4993 646 5053 τίνος
673 4989 861 5042 ἕνεκεν
890 4987 920 5039 ό
950 4982 1049 5056 μὲν
1073 4981 1284 5042 Λουκᾶς
1308 4977 1509 5049 ἐτέρων
1540 4972 1942 5044 ἐμνημόνευσεν

358 5082 664 5153 ὀνομάτων,
722 5079 818 5131 καὶ
850 5075 913 5129 οὐ
964 5073 1123 5145 μόνον
1174 5071 1235 5123 οὐ
1288 5069 1397 5122 τῶν
1440 5065 1622 5121 αὐτῶν
1661 5062 1939 5125 ἁπάντων,

361 5174 501 5229 ἀλλά
529 5172 627 5227 καὶ
657 5166 837 5239 πολλῷ
868 5165 1155 5220 πλειόνων·
1188 5162 1217 5215 ὁ
1243 5161 1299 5214 δὲ
1327 5157 1599 5220 Ματθαῖος
1621 5198 1634 5217 ,
1671 5154 1766 5209 καὶ
1788 5154 1945 5207 ὲλατ-

362 5266 535 5320 τόνων
560 5303 577 5329 ,
626 5261 721 5316 καὶ
758 5258 981 5329 ἐτέρων,
1028 5255 1273 5321 καίτοιγε
1328 5253 1409 5314 είς
1464 5249 1556 5303 τὸν
1614 5244 1810 5316 Ἰωσὴφ
1851 5246 1947 5298 καὶ

364 5358 530 5421 αὐτὸς
566 5352 921 5423 τελευτήσας,
954 5348 1035 5411 είς
1075 5346 1135 5399 ὃν
1184 5345 1279 5398 καὶ
1310 5342 1339 5394 ὁ
1376 5341 1590 5402 Λουκᾶς
1628 5336 1943 5407 κατέληξεν.

368 5448 488 5522 [15]
537 5446 734 5517 Ὁρᾶτε
763 5444 895 5512 ὅσης
918 5437 1225 5509 ἀγρυπνίας
1256 5436 1387 5506 ἡμῖν
1422 5431 1610 5503 χρεία,
1642 5430 1744 5522 οὐκ
1767 5430 1853 5522 είς
1888 5427 1950 5481 τὸ

368 5520 533 5597 λῦσαι
563 5540 745 5611 μόνον,
766 5533 904 5589 ἀλλά
930 5532 1025 5587 καὶ
1043 5531 1123 5595 είς
1154 5528 1218 5582 τὸ
1241 5527 1451 5599 μαθεῖν,
1478 5523 1599 5577 τίνα
1630 5521 1736 5593 χρὴ
1764 5520 1947 5575 λῦσαι.

466 5662 511 5691 ’⁸
542 5655 579 5730 ἦ
616 5666 826 5730 εῑ-ῐηοχ
852 5652 948 5730 καί
980 5658 1107 5730 οηξθ
1131 5648 1334 5730 πολλήν
1362 5640 1771 5730 om.nAn.uSav.‘
1803 5636 1906 5730 nil
1934 5654 1941 5685 ι

2053 5632 2221 5718 pr.B.
2245 5629 2307 5685 C.
2398 5629 2462 5709 ,⁸ο
2492 5629 2768 5705 παράσχοι
2867 5629 3004 5699 Edd..

2052 5702 2114 5730 ..ε
2163 5702 2360 5730 ,λκιο-...ρ
2397 5714 2451 5730 ιη
2478 5695 2737 5730 ηηπιιὶιιια
2836 5690 2883 5721 ⁸⁸
2914 5706 3004 5730 omn

1610 5685 1778 5763 δῖ
1941 5685 2136 5758 ῖίίὲιᾶοέ
2161 5702 2363 5775 desum}
2397 5696 2451 5775 il]
2478 5685 2789 5775 omﬁibﬁsn
2836 5690 2883 5721 “
2905 5688 3071 5775 ἰξοῦτο
3100 5685 3162 5741 C.

396 5755 639 5787 πατεπων
666 5755 805 5781 Duu.
981 5755 1164 5790 'UUVUUJ
1211 5755 1219 5763 -
1261 5755 1433 5787 VIII-vv
1477 5755 1542 5768 μ.
1621 5780 1632 5799 ε
1685 5755 1777 5763 .-.η
1820 5755 1904 5775 FP
1962 5755 1986 5758 ν
2054 5755 2079 5756 η
2116 5755 2136 5788 ς
2330 5770 2357 5781 ~
2563 5766 2574 5783 ο
2904 5758 2948 5788 ιῦ
3015 5759 3027 5772 0

396 5802 535 5870 nem
562 5796 656 5870 τρῡ
681 5792 1071 5870 parum;
1105 5784 1559 5870 mmemwas
1582 5799 1681 5870 τιν
1709 5762 2842 5870 “9950:7051$°:::Pif‘m:::fiHA;
2898 5828 2939 5870 π
2970 5771 3171 5870 τὲἓω·

1786 5827 2185 5967 δτυραννίδαὲ
2200 5840 2292 5895 Sic
2321 5827 2459 5891 a'r'm.
2486 5827 2773 5904 συνήθειαν
2804 5829 2868 5883 Α.
2898 5828 2961 5881 Ε.
3000 5827 3108 5906 ΑηΖ

1786 5925 1931 5967 rsum
1962 5914 2105 5967 in'B.
2196 5954 2206 5964 .
2256 5910 2318 5964 D.
2349 5908 2452 5963 An.
2481 5906 2633 5961 Arm.
2666 5916 2791 5957 mox
2813 5906 2942 5967 post
2963 5914 3108 5952 ποιοι

395 5714 639 5787 πάττπῖυν
666 5726 805 5781 Edd.
903 5725 950 5755 "
981 5718 1164 5790 τοῦτο]
1193 5723 1234 5763 +
1261 5714 1433 5787 δήπου

401 5851 541 5940 μόύα
577 5868 642 5940 Ε.
677 5851 1081 5940 ἐνταῦθα’βόςῖ.
1136 5929 1149 5940 _
1184 5860 1230 5891 ⁸⁸
1257 5851 1375 5911 δότε
1406 5851 1479 5908 Β.

398 5914 802 6007 ﬁlioli-ciui;
820 5914 893 5986 διί
921 5914 1353 6007 ἆνίάκούμομεν,
1384 5941 1506 5997 quae
1531 5921 1699 5980 verba
1732 5918 1931 5975 desum
1962 5914 2105 5971 in'B.

401 6000 537 6079 ομεῖδ
560 6000 753 6062 οωῖιεε
786 6014 983 6075 praeter
1016 6002 1080 6057 A.
1110 6000 1218 6055 An.

2016 497 2151 551 Οὐδὲ
2176 495 2284 567 γὰρ
2310 493 2468 548 τοῦτο
2504 491 2718 563 μικρὸν,
2764 491 2828 544 τὸ
2870 490 2937 544 τά
2981 488 3386 561 διαπορούμενα
3427 490 3592 560 δυνη-

2018 590 2177 660 θῆναι
2220 588 2427 656 εὐρεῖν’
2477 586 2569 638 καὶ
2616 584 2725 655 7&9
2772 584 2867 637 καὶ
2918 584 3094 636 έκεῖνο
3141 582 3365 651 ἄπορον,
3407 580 3525 643 πῶς
3558 582 3594 651 ή

2028 677 2310 731 Ἐλισάϐετ
2351 675 2459 728 ἀπὸ
2499 674 2598 744 τῆς
2639 672 2927 744 Λευῖτικῆς
2948 672 3120 744 φυλῆς
3141 667 3296 735 οῦσα,
3329 666 3594 741 συγγενὴς

2016 764 2084 841 ἦν
2118 768 2215 839 τῆς
2247 766 2481 838 Μαρίας.

2092 860 2154 924 ζ’.
2180 860 2227 891 ⁸⁵
2265 859 2401 911 Ἀλλ’
2420 858 2510 911 ἵνα
2534 857 2608 929 μὴ
2633 854 3037 927 καταχὼσωμεν
3060 852 3214 925 ὐμῶν
3239 852 3339 925 τὴν
3370 853 3597 926 μνήμην

2019 952 2187 1005 πολλά
2210 950 2565 1019 συνείροντες,
2584 946 2815 1002 ἐνταῦθα
2830 946 2966 1009 τέως
2983 945 3073 999 τὸν
3097 945 3252 1014 λόγον
3282 946 3590 1015 στήσωμεν.

2032 1044 2216 1117 Ἀρκεῖ
2264 1043 2371 1113 γὰρ
2407 1042 2533 1111 ὑμῖν
2567 1041 2647 1104 είς
2691 1038 2753 1092 τὺ
2801 1037 3145 1109 διεγερθῆναι
3205 1037 3301 1091 καὶ
3349 1037 3409 1090 τὸ
3431 1037 3479 1068 ⁸⁸
3522 1038 3593 1093 τά

2020 1133 2325 1205 ζητούμενα
2376 1130 2535 1202 μόνον
2558 1129 2601 1163 ⁸⁷
2637 1129 2850 1201 μαθεῖν.
2904 1129 2967 1182 Εἰ
3005 1128 3062 1181 δὲ
3093 1126 3189 1183 καὶ
3235 1126 3336 1197 τῆς
3383 1126 3590 1191 λύσεως

2026 1217 2188 1287 ἐρᾶτε
2212 1254 2226 1278 ,
2285 1217 2378 1266 καὶ
2438 1212 2629 1265 τούτου
2664 1212 2770 1283 πρὸ
2804 1211 2914 1264 τῶν
2946 1211 3119 1279 λόγων
3161 1209 3269 1263 τῶν
3318 1207 3604 1278 ἡμετέρων

2027 1307 2185 1375 ὑμεῖς
2217 1303 2415 1374 κύριοι.
2440 1304 2536 1355 ’Ἂν
2571 1304 2668 1372 μὲν
2692 1302 2803 1372 7&9
2836 1303 2933 1356 ἴδω
2962 1300 3337 1372 διεγερθέντας
3361 1299 3455 1353 καὶ
3478 1302 3602 1354 ἑπι-

2027 1394 2329 1465 θυμοῦντας
2355 1393 2567 1464 μαθεῖν,
2604 1393 2935 1464 πειράσομαι
2974 1392 3068 1445 καὶ
3094 1392 3192 1462 τὴν
3220 1390 3372 1442 λύσιν
3402 1390 3607 1459 ἐπαγα-

2026 1487 2173 1553 γεῖν’
2208 1485 2273 1539 ἂν
2300 1484 2355 1537 δὲ
2375 1484 2770 1555 χασμωμένους
2803 1485 2898 1536 καὶ
2934 1483 3009 1554 μὴ
3043 1482 3431 1554 προσέχοντας,
3460 1481 3600 1533 ἀπο-

2028 1575 2304 1647 κρύψομαι
2335 1576 2429 1628 καὶ
2460 1575 2527 1627 τά
2560 1572 2847 1645 ζητήματα
2877 1573 2970 1627 καὶ
2987 1573 3084 1645 τὴν
3115 1571 3290 1635 λύσιν,
3315 1571 3441 1642 θείῳ
3456 1570 3601 1641 νόμῳ

2028 1668 2346 1739 πειθόμενος
2370 1685 2382 1697 '
2433 1667 2531 1736 Μὴ
2575 1665 2722 1720 δῶτε
2749 1666 2797 1699 ⁸⁸
2825 1664 2955 1737 7&9,
2996 1666 3153 1736 φησὶ,
3201 1664 3275 1717 τὰ
3301 1664 3438 1731 ἅγια
3482 1663 3601 1729 τοῖς

2029 1760 2196 1823 κυσί,
2227 1759 2381 1830 μηδὲ
2399 1759 2621 1827 ρίψητε
2649 1757 2796 1823 τοὺς
2817 1760 3187 1835 μαργαρίτας
3206 1756 3373 1826 ὑμῶν
3393 1757 3609 1825 ἔμπρο-

2030 1857 2178 1908 σθεν
2207 1851 2326 1906 τῶν
2369 1852 2622 1921 χοίρων,
2670 1851 2773 1906 ἵνα
2824 1851 2909 1920 μὴ
2964 1849 3435 1916 καταπατήσωσι
3483 1848 3612 1912 τοῖς

2031 1944 2218 1998 ποσίν
2234 1942 2563 2007 αὐτῶν-,Τίς
2588 1943 2644 1995 δέ
2664 1944 2852 1997 ὲστινό
2880 1942 3239 2005 καταπατῶν;
3272 1942 3329 1995 'O
3356 1941 3429 2011 μὴ
3454 1941 3610 2011 τίμια

2030 2034 2203 2089 ταῦτα
2226 2033 2527 2105 ἡγούμενος
2572 2033 2665 2087 καὶ
2701 2035 2894 2103 σεμνά.
2928 2035 3040 2088 Kal
3068 2034 3151 2098 τίς
3185 2033 3359 2097 οὕτως
3398 2033 3603 2097 ἄθλιος,

2034 2127 2217 2197 φησὶν,
2267 2125 2341 2190 ὡς
2379 2125 2455 2197 μὴ
2507 2125 2680 2196 σεμνὰ
2721 2125 2897 2179 ταῦτα
2943 2125 3038 2179 καὶ
3090 2125 3308 2179 πάντων
3356 2124 3611 2196 ἡγεῖσθαι

2032 2216 2367 2289 τιμιώτερα;
2435 2219 2494 2270 Ὀ
2554 2218 2688 2289 μηδὲ
2763 2217 3030 2287 τοσαύτην
3108 2217 3364 2288 παρέχων
3421 2216 3610 2280 αὐτοῖς

2039 2310 2254 2382 σχολὴν,
2288 2312 2420 2382 ὅσην
2466 2313 2584 2374 ταῖς
2615 2311 2842 2383 πόρναις
2883 2308 3127 2378 γυναιξὶν
3171 2310 3229 2361 έν
3258 2311 3371 2372 τοῖς
3402 2326 3613 2362 σατανι-

2036 2403 2155 2463 κοῖς
2174 2400 2442 2470 θεάτροις.
2479 2400 2629 2453 Ἐκεῖ
2683 2401 2784 2471 μὲν
2830 2400 2936 2471 γὰρ
2980 2400 3075 2453 καὶ
3124 2399 3538 2471 διημερεύουσιν
3562 2399 3613 2452 οί

2036 2491 2243 2555 πολλοὶ,
2279 2492 2374 2545 καὶ
2399 2490 2568 2544 πολλά
2594 2490 2704 2544 τῶν
2730 2492 2823 2543 έπὶ
2863 2492 2961 2562 τῆς
2993 2490 3169 2553 οἰκίας
3189 2490 3495 2561 προδιδόασι
3526 2490 3615 2543 διά

2033 2582 2131 2653 τὴν
2178 2582 2405 2652 ἄκαιρον
2457 2582 2714 2651 ἀσχολίαν
2743 2580 2968 2652 ταύτην,
3026 2582 3120 2635 καὶ
3156 2582 3291 2651 μετά
3328 2581 3615 2651 ἀκριϐείας

2037 2676 2174 2745 ὅπερ
2194 2674 2260 2728 ἂν
2289 2673 2564 2727 ἀκούσωσι
2587 2673 2895 2744 κατέχουσι,
2922 2672 3205 2727 καὶταῦτα
3222 2672 3314 2725 ἐπὶ
3346 2673 3491 2745 λύμῃ
3516 2674 3614 2742 τῆς

2038 2764 2245 2819 ἑαυτῶν
2284 2766 2463 2836 ψυχῆς
2502 2764 2876 2833 φυλάττοντες.
2935 2764 3199 2818 Ἐνταῦθα
3244 2764 3300 2817 δὲ
3331 2765 3426 2819 τοῦ
3476 2765 3612 2818 Θεοῦ

2039 2855 2431 2925 φθεγγομένου,
2455 2854 2576 2907 οὐδὲ
2608 2853 2802 2926 μικρὸν
2826 2853 3106 2924 ἀνέχονται
3128 2857 3461 2925 παραμεῖναι
3488 2855 3615 2925 χρό-

2038 2963 2146 2999 νον.
2178 2946 2276 2999 Διά
2298 2962 2379 2998 τοι
2395 2944 2551 2999 τοῦτο
2565 2945 2716 2999 οὐδὲν
2743 2945 2919 3000 κοινὸν
2951 2944 3146 3017 ἔχομεν
3175 2945 3312 3016 πρὸς
3328 2946 3419 2999 τὸν
3447 2946 3614 3017 οὐρα-

2040 3040 2152 3105 νὸν,
2184 3040 2318 3093 ἀλλά
2354 3038 2514 3111 μέχρι
2549 3038 2808 3111 ῥημάτων
2842 3040 3031 3111 ήμῖνή
3061 3039 3321 3092 πολιτεία.
3355 3039 3615 3107 Καίτοιγε

2040 3134 2135 3186 καὶ
2149 3132 2373 3200 γέενναν
2402 3131 2491 3184 διὰ
2507 3130 2663 3185 τοῦτο
2707 3129 3000 3200 ἠπείλησεν
3042 3132 3072 3183 ὁ
3104 3130 3254 3193 Θεὸς,
3284 3130 3382 3200 οὐχ
3416 3130 3503 3183 ῖνα
3519 3132 3618 3200 εμ-

2042 3223 2204 3293 6άλη,
2234 3221 2352 3294 [16]
2376 3221 2491 3274 ἀλλ’
2541 3222 2626 3275 ἵνα
2651 3220 2811 3291 πείσῃ
2834 3222 3021 3289 φυγεῖν
3036 3219 3132 3289 τὴν
3159 3218 3399 3289 χαλεπὴν
3421 3236 3617 3288 τυραν-

2042 3317 2156 3372 νίδα
2171 3316 2215 3349 ’δυ
2247 3317 2450 3387 ταύτην
2473 3317 2539 3371 ⁸ο.
2574 3317 2764 3386 Ἡμεῖς
2792 3316 2844 3368 δὲ
2886 3316 3185 3369 τούναντίον
3214 3316 3493 3385 ποιοῦμεν,
3523 3316 3617 3371 καὶ

2044 3410 2164 3462 καθ’
2195 3409 2429 3480 ἑκάστην
2475 3407 2687 3479 ἡμέραν
2727 3406 2862 3478 πρὸς
2905 3406 3004 3477 τὴν
3038 3408 3153 3459 ἐκεῖ
3198 3406 3467 3475 φέρουσαν
3499 3406 3619 3458 ὁδὸν

2044 3500 2329 3572 τρέχομεν·
2358 3500 2453 3553 καὶ
2478 3498 2572 3551 τοῦ
2594 3498 2727 3551 Θεοῦ
2756 3497 3069 3559 κελεύοντος
3104 3497 3176 3568 μὴ
3202 3497 3359 3567 μόνον
3377 3497 3616 3561 ἀκούειν,

2047 3592 2183 3645 ἀλλά
2215 3592 2308 3644 καὶ
2338 3593 2509 3644 ποιεῖν
2556 3589 2627 3642 τά
2670 3589 2958 3660 λεγόμενα,
3008 3590 3129 3642 οὐδὲ
3171 3588 3402 3643 ἀκοῦσαι
3436 3590 3622 3660 ἀνεχό-

2050 3681 2210 3753 μεθα.
2247 3682 2385 3735 Πότε
2413 3676 2507 3734 οὖν
2538 3680 2838 3753 πράξομεν,
2878 3679 3001 3733 εἰπέ
3040 3697 3150 3750 μοι,
3179 3679 3245 3733 τά
3270 3680 3618 3750 κελευόμενα,

2043 3774 2257 3827 καὶτῶν
2286 3773 2462 3844 ἔργων
2487 3772 2757 3844 ἀψόμεθα,
2782 3772 2911 3825 ὅταν
2941 3771 3075 3843 μηδὲ
3099 3772 3225 3835 τούς
3257 3771 3398 3843 ὑπὲρ
3417 3773 3621 3824 τούτων

2040 3866 2233 3933 λόγους
2278 3864 2497 3919 ἀκούειν
2548 3863 2892 3934 ἀπχὼμεθα,
2942 3861 3079 3918 ἀλλά
3132 3862 3486 3932 ἀσχάλλωμεν
3529 3863 3623 3915 καὶ

2051 3956 2304 4028 ἀλύωμεν
2346 3955 2483 4027 πρὸς
2525 3951 2637 4024 τὴν
2680 3953 2914 4009 ἐνταῦθα
2958 3953 3462 4025 διατριῦὴν,καίτοι
3494 3952 3629 4025 βρα-

2049 4048 2202 4117 χεῖαν
2238 4041 2403 4100 οὖσαν
2453 4045 2696 4117 σφόδρα;
2730 4043 2863 4098 Εἶτα
2915 4046 3075 4116 ἡμεῖς
3108 4044 3206 4115 μὲν
3236 4045 3366 4115 περὶ
3406 4043 3633 4115 ψυχρῶν

2052 4140 2421 4209 διαλεγόμενοι
2442 4140 2802 4210 πραγμάτων,
2838 4139 2904 4193 ἂν
2935 4139 3059 4201 τοὺς
3082 4136 3526 4207 συγκαθημένους
3556 4136 3634 4206 μὴ

2056 4230 2420 4302 προσέχοντας
2452 4229 2671 4299 ἴδωμεν,
2701 4228 2859 4300 ὕϐριν
2900 4229 2961 4282 τὸ
2991 4228 3226 4300 πρᾶγμά
3268 4243 3468 4297 φαμεν.
3526 4227 3635 4280 Τὸν

2002 4342 2011 4347 ·
2055 4324 2189 4377 Θεὸν
2219 4322 2277 4376 δὲ
2310 4323 2408 4392 οὐχ
2444 4321 2725 4392 ἡγούμεθα
2753 4320 3096 4392 παροξύνειν,
3123 4321 3251 4373 ὃταν
3280 4317 3445 4373 αὐτοῦ
3506 4318 3638 4388 περὶ

2054 4412 2310 4469 τοιούτων
2355 4412 2762 4481 διαλεγομένου,
2806 4408 3315 4479 καταφρονήσαντες
3342 4405 3451 4459 τῶν
3475 4405 3633 4473 λεγο-

2059 4505 2257 4576 μένων,
2293 4504 2529 4574 ἑτέρωσε
2566 4502 2888 4571 βλέπωμεν;
2942 4499 3081 4552 Ἀλλ’
3119 4501 3147 4552 ὁ
3177 4499 3276 4569 μὲν
3308 4496 3638 4569 γεγηρακὼς

2056 4598 2150 4651 καὶ
2198 4596 2399 4667 πολλὴν
2422 4593 2667 4648 ἐπελθὼν
2699 4595 2824 4665 γῆν,
2857 4592 2952 4646 καὶ
2996 4590 3225 4644 σταδίων
3245 4589 3498 4661 ἀριθμὸν,
3542 4587 3640 4641 καὶ

2056 4690 2267 4744 πόλεων
2290 4688 2487 4750 θέσεις,
2514 4687 2609 4740 καὶ
2641 4686 2897 4756 σχήματα
2926 4685 3019 4739 καὶ
3063 4682 3286 4753 λιμένας
3316 4682 3410 4735 καὶ
3432 4680 3637 4752 ἀγοράς

2061 4783 2198 4854 μετά
2219 4781 2505 4853 ἀκριϐείας
2528 4782 2659 4850 ήμῖν
2689 4777 3024 4845 ἀπαγγέλλει
3061 4776 3260 4847 πάσης
3292 4774 3445 4828 αὐτοὶ
3470 4774 3525 4827 δὲ
3548 4774 3640 4827 οὐ-

2056 4874 2115 4927 δὲ
2139 4874 2262 4927 ὅσον
2284 4872 2561 4943 ἀπέχομεν
2592 4871 2692 4941 τῆς
2713 4871 2773 4923 ὲν
2800 4872 2914 4932 τοῖς
2938 4870 3186 4936 οὐρανοῖς
3222 4867 3426 4929 πόλεως
3460 4866 3636 4935 ἴσμενο

2057 4960 2095 5035 ἦ
2129 4964 2238 5034 γὰρ
2262 4963 2328 5017 ἂν
2352 4964 2447 5017 καὶ
2470 4960 2885 5030 ἐσπουδάσαμεν
2928 4959 3210 5028 ἐπιτεμεῖν
3248 4955 3307 5009 τὸ
3344 4956 3540 5023 μῆκος,
3591 4956 3641 5008 εί

2059 5060 2122 5112 τὸ
2158 5057 2433 5128 διάστημα
2478 5054 2747 5125 ἔγνωμεν.
2795 5054 2871 5107 Οὐ
2910 5052 3020 5123 7&9
3051 5048 3303 5104 τοσοῦτον
3333 5046 3490 5118 ήμῶν
3532 5047 3640 5116 ἀφ-

2063 5150 2292 5219 έστηκεν
2317 5150 2351 5220 ή
2378 5147 2532 5210 πόλις
2561 5146 2764 5216 ἐκείνη,
2798 5145 2920 5198 ὅσον
2970 5140 3200 5213 οὐρανοῦ
3235 5140 3375 5212 πρὸς
3400 5140 3499 5209 τὴν
3536 5138 3641 5207 γῆν

2060 5241 2121 5295 τὸ
2152 5242 2335 5313 μέσον,
2388 5239 2526 5295 ἀλλά
2569 5238 2668 5293 καὶ
2719 5236 2900 5308 πολλῷ
2948 5235 3131 5301 πλέον,
3182 5234 3277 5287 ὲάν
3327 5231 3636 5302 ἀμελῶμεν·

2060 5333 2253 5405 ῶσπερ
2277 5327 2371 5387 οῦν
2411 5331 2505 5385 έάν
2540 5328 2951 5399 σπουδάζωμεν,
2988 5329 3083 5382 καὶ
3131 5328 3191 5379 έν
3236 5326 3434 5395 ἀκαρεῖ
3465 5323 3642 5393 χρόνῳ

2062 5428 2156 5481 ἐπὶ
2186 5426 2286 5490 τὰς
2314 5424 2488 5489 πύλας
2528 5424 2698 5494 αὐτῆς
2737 5422 2960 5493 ἥξομεν.
2990 5420 3066 5474 Οὐ
3090 5418 3202 5490 7&9
3247 5417 3410 5487 μήκει
3437 5414 3641 5476 τόπων,

2060 5517 2198 5574 ἀλλά
2225 5514 2421 5586 γνώμῃ
2454 5511 2673 5585 τρόπων
2696 5508 2766 5563 τά
2793 5506 3142 5577 διαστήματα
3173 5500 3345 5554 ταῦτα
3377 5498 3629 5569 ὥρισται.

2414 5626 2462 5660 ⁸ο
2492 5623 2768 5695 παράσχοι
2839 5619 3008 5695 .Edd;
3090 5617 3139 5695 ‘1
3170 5612 3632 5695 πρτίῖόγέθχλέξε·

3268 5685 3312 5715 ⁸⁸
3344 5683 3627 5737 ΗΘΙΚΟΝ.

3363 5754 3407 5784 ⁸⁷
3448 5751 3631 5822 μόνονὶ
3662 5750 3669 5758 ’

2256 5889 2454 5964 ῧίᾸίι.
2481 5889 2633 5961 Αωὶ.
2666 5916 2791 5957 mox
2813 5906 2942 5970 post
2963 5896 3224 5967 ποιοῦμεν
3249 5893 3458 5949 addunt
3477 5889 3641 5946 ἀκού-

3207 5826 3252 5856 ³⁰
3284 5823 3414 5878 Post
3432 5823 3638 5888 ταύτην
3754 5855 3759 5860 -
