4090 6366
428 405 499 461 εκ
1201 401 1260 460 s.
1300 399 1575 459 JOANNIS
1610 388 2083 459 chmsosrom
2129 402 2441 480 AHCHIEP.
2483 403 3018 460 comsnmmnv.
3627 406 3702 464 ει

498 487 566 582 η’.
599 507 670 564 Σῦ
692 505 744 562 δέ
773 508 840 562 τὰ
866 508 963 580 μὲν
985 507 1079 562 τοῦ
1105 506 1218 579 βίου
1241 506 1540 578 πράγματα
1569 506 1704 578 μετά
1725 505 2008 578 ἀκριϐείας

425 597 595 666 οἶδας,
628 601 721 655 καὶ
751 601 818 656 τά
863 601 961 654 νέα
992 601 1170 655 καὶτά
1217 601 1420 672 ἀρχαῖα
1465 601 1560 654 καὶ
1600 598 1668 653 τά
1703 598 1745 631 ⁸⁸
1777 597 2006 663 παλαιὰ,

429 696 524 748 καὶ
555 695 819 765 ἄρχοντας
851 692 1102 765 ἀριθμεῖν
1142 691 1385 756 δύνασαι,
1428 686 1508 755 οἷς
1537 691 1886 762 ἐστρατεύσω
1916 689 2008 744 τὸν

429 785 737 856 ἔμπροσθεν
761 785 969 856 χρόνον,
996 785 1089 839 καὶ
1112 783 1473 853 ἀγωνοθέτην,
1488 782 1582 835 καὶ
1597 781 2002 852 ἀθλοφόρους⁵²,

429 877 524 930 καὶ
545 875 905 949 στρατηγοὺς,
928 875 998 928 τά
1023 874 1188 945 μηδέν
1212 873 1326 945 [-17]
1355 891 1436 927 σοι
1466 871 1812 943 διαφέροντα’
1843 872 1929 935 τίς
1952 871 2008 924 δὲ

429 965 613 1042 ἄρχων
646 967 706 1020 ἐν
735 969 801 1038 τῇ
841 965 992 1020 πόλει
1017 965 1187 1036 ταύτῃ
1217 963 1521 1036 γέγονεν,,ἢ
1555 962 1792 1034 πρῶτος,
1823 962 1861 1032 ἢ
1888 961 2012 1016 δεύ-

427 1074 607 1128 τερος,
633 1059 665 1127 ἢ
700 1055 900 1126 τρίτος,
928 1054 960 1124 ἢ
999 1055 1161 1109 πόσον
1178 1054 1404 1117 ἕκαστος
1427 1054 1634 1125 χρόνον,
1674 1052 1774 1122 ἢτί
1803 1068 2002 1123 κατορ-

429 1145 610 1210 θώσας
635 1147 730 1201 καὶ
762 1144 1293 1216 ἐργασάμενος,οὐδὲ
1324 1144 1457 1215 ὄναρ
1479 1143 1820 1214 ἐφαντάσθης
1851 1141 2000 1198 ποτέ.

427 1237 628 1306 Νόμων
652 1236 708 1289 δέ
739 1235 848 1288 τῶν
878 1236 936 1287 ἐν
958 1237 1024 1306 τῇ
1051 1234 1201 1287 πόλει
1225 1232 1394 1305 ταύτῃ
1412 1232 1697 1302 κειμένων,
1731 1233 1851 1286 ούδέ
1886 1232 2004 1286 ἐτέ-

340 1322 344 1326 ’
430 1345 540 1401 ρων
555 1327 821 1396 λεγόντων
849 1326 1079 1381 ἀκοῦσαι
1114 1327 1208 1380 καὶ
1237 1326 1522 1398 προσέχειν
1553 1323 1862 1394 ὑπομένεις.
1880 1324 2007 1386 Πῶς

427 1417 543 1487 οὖν,
579 1419 701 1474 είπέ
729 1437 843 1490 μοι,
883 1419 1186 1491 προσδοκᾷς
1217 1416 1504 1485 τεύξασθαι
1533 1417 1581 1449 ⁸³
1600 1416 1709 1471 τῶν
1739 1415 2008 1488 ἐπηγγελ-

429 1507 609 1582 μένων
630 1508 870 1578 ἀγαθῶν,
895 1510 1031 1581 μηδὲ
1045 1511 1155 1573 τοῖς
1182 1508 1491 1580 λεγομένοις
1511 1506 1823 1580 προσέχων;
1866 1506 2005 1562 Ἀλλ’

426 1602 478 1654 εί
517 1602 610 1655 καὶ
641 1601 720 1672 μὴ
755 1603 1040 1674 πρότερον,
1073 1601 1170 1656 νῦν
1208 1602 1340 1671 γοῦν
1384 1601 1543 1656 τοῦτο
1586 1602 1851 1673 ποιῶμεν.
1893 1603 2007 1655 Καὶ

428 1690 537 1765 γάρ
558 1695 638 1759 είς
662 1693 817 1746 πόλιν
841 1692 1104 1764 μέλλομεν
1129 1693 1375 1756 είσιέναι,
1395 1692 1489 1746 ἐὰν
1513 1693 1689 1756 όΘεδς
1714 1695 2009 1766 ἐπιτρέπῃ,

429 1785 657 1857 χρυσῆν,
692 1785 786 1840 καὶ
814 1784 1016 1856 χρυσοῦ
1047 1785 1248 1849 παντὸς
1273 1784 1626 1858 τιμιωτέραν.
1658 1785 2007 1856 Καταμάθω-

433 1889 534 1945 μεν
584 1869 680 1927 οὖν
735 1873 907 1944 αὐτῆς
955 1873 1025 1928 τά
1076 1873 1322 1945 θεμέλια,
1368 1872 1466 1938 τάς
1523 1872 1702 1937 πύλας
1753 1873 1854 1938 τὰς
1901 1874 2008 1928 ἀπὸ

432 1964 736 2037 σαπφείρου
781 1966 877 2020 καὶ
924 1963 1279 2037 μαργαριτῶν
1322 1964 1705 2034 συγκειμέναςο
1751 1965 1856 2018 καὶ
1899 1966 2012 2038 γάρ

432 2057 628 2132 ἔχομεν
660 2057 882 2128 ἄριστον
911 2057 1252 2129 χειραγωγὸν
1285 2056 1376 2110 τὸν
1414 2055 1713 2111 Ματθαῖον.
1749 2057 1848 2110 Διά
1899 2060 2010 2127 γὰρ

431 2150 530 2221 τῆς
579 2148 743 2202 αὐτοῦ
777 2148 952 2219 πύλης
1006 2148 1216 2216 εἴσιμεν
1257 2147 1374 2212 νῦν,
1409 2148 1502 2202 καὶ
1535 2148 1615 2199 δεῖ
1649 2146 1848 2218 πολλῆς
1877 2150 2008 2218 ἡμῖν

431 2241 530 2312 τῆς
556 2240 811 2310 σπουδῆς.
847 2241 944 2292 Ἂν
977 2238 1085 2310 γὰρ
1121 2239 1204 2310 ἴδη
1239 2237 1363 2292 τινὰ
1417 2239 1491 2311 μὴ
1531 2241 1887 2310 προσέχοντα,
1917 2239 2010 2292 ἐκ·

435 2331 622 2386 ϐάλλει
652 2332 752 2400 τῆς
798 2330 1025 2394 πόλεως.
1079 2330 1188 2384 Kal
1221 2330 1330 2401 γάρ
1359 2331 1477 2384 ἐστι
1517 2329 1917 2403 βασιλικωτάτη
1974 2333 2012 2402 ἡ

435 2423 590 2489 πόλις
619 2422 713 2476 καὶ
758 2422 1082 2494 περιφανής
1112 2420 1210 2492 οὐχ
1245 2420 1434 2493 ὥσπερ
1463 2422 1520 2476 al
1568 2423 1699 2495 παρ’
1735 2423 1886 2494 ἡμῖν,
1930 2425 2010 2486 εἰς

436 2513 645 2584 ἀγορὰν
675 2513 771 2566 καὶ
814 2511 1058 2583 βασίλεια
1085 2512 1410 2586 διῃρημένη·
1458 2512 1596 2570 ἀλλά
1639 2513 1820 2568 πάντα
1852 2513 2007 2585 βασί-

435 2606 555 2660 λεια
581 2604 649 2658 τά
680 2604 816 2658 ἐκεῖ.
857 2603 1311 2675 ’Δναπετάσωμεν
1349 2603 1530 2659 τοίνυν
1565 2604 1666 2669 τὰς
1714 2604 1886 2670 πύλας
1911 2607 2012 2676 τῆς

437 2696 694 2759 διανοίας,
725 2695 1155 2767 ἀναπετάσωμεν
1181 2697 1283 2767 τὴν
1316 2695 1506 2768 ἀκοὴν,
1531 2697 1626 2752 καὶ
1645 2698 1784 2768 μετὰ
1809 2698 2012 2769 φρίκης

438 2787 640 2860 πολλῆς
673 2786 957 2860 μέλλοντες
977 2784 1278 2842 ἐπιϐαίνειν
1305 2785 1416 2842 τῶν
1435 2785 1744 2858 προθύρων,
1774 2804 2013 2858 προσκυ-

439 2880 690 2951 νήσωμεν
740 2879 835 2933 τὸν
876 2880 934 2933 ἐν
983 2879 1122 2950 αὐτῇ
1165 2877 1410 2948 βασιλέα·
1461 2879 1555 2932 καὶ
1598 2879 1708 2949 γὰρ
1752 2878 2010 2950 εύθέωςή

439 2969 636 3043 πριὶιτη
668 2968 944 3043 προσϐολὴ
998 2968 1346 3040 καταπλῆξαι
1398 2968 1619 3024 δύναται
1647 2971 1737 3024 τὸν
1791 2971 2010 3035 θεατήν.

2134 509 2534 580 Κεκλεισμέναι
2572 511 2668 580 μὲν
2693 511 2787 564 νῦν
2819 511 2866 543 ⁵⁸
2891 513 3026 566 εἰσιν
3050 513 3180 584 ἡμῖν
3206 513 3266 566 αξ
3286 512 3469 566 πύλαι”
3503 514 3628 568 ὅταν
3645 515 3703 568 δέ

2133 602 2331 672 ῖδωμεν
2354 601 2524 666 αὐτάς
2545 603 3012 669 ἀναπετασθείσας
3045 602 3222 670 (τοῦτο
3241 604 3348 676 γάρ
3376 606 3522 658 ἐστιν
3546 605 3704 676 ἡτῶν

2131 691 2459 764 ζητημάτων
2494 693 2692 766 λύσις),
2729 695 2849 748 τότε
2879 695 3123 766 ὀψόμεθα
3173 692 3370 769 πολλὴν
3402 693 3550 752 ἔνδον
3604 694 3704 760 τὴν

2130 787 2432 857 ἀστραπήν.
2467 789 2576 841 Καὶ
2605 789 2709 856 γάρ
2739 789 2850 850 τοῖς
2879 787 2972 838 τοῦ
3006 787 3312 856 πνεύματος
3349 788 3709 858 ὁδηγούμενος

2130 876 2446 948 ὀφθαλμοῖς,
2470 877 2646 930 πάντα
2663 895 2744 930 σοι
2773 876 3164 944 ἐπαγγέλλεται
3193 876 3462 930 δεικνῦναι
3488 880 3516 930 ό
3537 879 3704 931 τελώ-

2130 985 2229 1039 νης
2260 959 2570 1035 οὗτοςέποῦ
2614 969 2712 1038 μὲν
2755 971 2787 1022 ὁ
2817 967 3068 1037 βασιλεὺς
3089 968 3340 1039 κάθηται·
3367 969 3463 1022 καὶ
3481 970 3626 1033 τινες
3656 971 3702 1002 u

2130 1059 2280 1130 αύτῷ
2309 1059 2417 1114 τῶν
2455 1060 2877 1131 στρατευμάτων
2898 1060 3293 1131 παρεστήκασι·
3323 1060 3417 1114 καὶ
3447 1061 3549 1114 ποῦ
3607 1063 3709 1131 μὲν

2131 1147 2369 1216 ἄγγελοι,
2401 1147 2506 1201 ποῦ
2533 1148 2589 1201 δέ
2617 1148 2942 1219 ἀρχάγγελοι
2961 1165 2974 1178 ·
3007 1149 3100 1201 καῖ⁵
3144 1149 3228 1212 τίς
3247 1152 3358 1214 τοῖς
3383 1151 3523 1214 νέοις
3564 1153 3713 1204 πολί-

2129 1254 2250 1300 ταις
2284 1237 2342 1290 ἐν
2367 1239 2431 1308 τῇ
2463 1237 2614 1289 πόλει
2651 1236 2822 1308 ταύτῃ
2867 1235 2984 1308 [18]
3016 1237 3180 1300 τόπος
3236 1236 3576 1309 ἀφώρισται,
3613 1240 3708 1292 καὶ

2133 1327 2262 1381 ποία
2291 1328 2324 1398 ὴ
2358 1329 2474 1380 ἐκεῖ
2493 1327 2734 1398 φέρουσα
2786 1327 2923 1390 ὁδός·
2981 1327 3076 1380 καὶ
3104 1327 3228 1382 τίνα
3256 1328 3445 1382 ἔλαϐον
3470 1328 3620 1398 λῆξιν
3657 1331 3706 1382 οῖ

2133 1419 2347 1489 πρῶτον
2370 1418 2813 1488 πολιτευσάμενοι
2836 1420 2970 1480 ἐκεῖ,
3005 1419 3160 1473 καῖοὶ
3186 1420 3301 1490 μετ’
3322 1420 3580 1484 ἐκείνους,
3613 1421 3708 1474 καὶ

2131 1511 2180 1563 οί
2216 1509 2355 1581 μετά
2397 1509 2636 1573 τούτους*
2678 1510 2773 1563 καὶ
2824 1511 2923 1564 ὅσα
2970 1509 3080 1564 τῶν
3137 1511 3325 1582 δήμων
3372 1513 3596 1566 ἐκείνων
3643 1512 3711 1566 τά

2131 1602 2404 1672 τάγματα,
2439 1601 2533 1654 καὶ
2554 1601 2650 1653 ὅσα
2678 1601 2778 1670 τῆς
2818 1601 3034 1672 βουλῆς,
3059 1601 3156 1654 καὶ
3184 1603 3345 1656 πόσαι
3383 1603 3710 1673 ἀξιωμάτων

2133 1693 2402 1762 διαφοραί.
2440 1694 2531 1764 Μὴ
2562 1693 2741 1745 τοίνυν
2781 1695 2917 1764 μετά
2943 1692 3171 1765 θορύϐου
3206 1693 3298 1747 καὶ
3325 1694 3568 1765 ταραχῆς
3607 1696 3714 1746 εἰσ-

2136 1781 2323 1853 ίωμεν,
2363 1783 2498 1836 ἀλλά
2541 1784 2679 1854 μετὰ
2715 1785 2871 1854 σιγῆς
2902 1786 3186 1856 μυστικῆς.
3220 1785 3283 1838 Εί
3314 1783 3424 1855 γὰρ
3453 1784 3546 1836 ἐπὶ
3583 1783 3712 1837 θεά-

2134 1892 2261 1947 τρου
2294 1877 2448 1948 σιγῆς
2481 1876 2680 1948 πολλῆς
2709 1877 3028 1948 γενομένης,
3056 1877 3176 1930 τότε
3206 1877 3273 1931 τά
3313 1877 3406 1930 τοῦ
3450 1877 3712 1947 βασιλέως

2134 1964 2564 2031 αναγινώσκεται
2585 1965 2910 2036 γράμματα,
2932 1963 3108 2034 πολλῷ
3147 1965 3344 2036 μᾶλλον
3373 1965 3464 2017 ἐπί
3493 1965 3590 2032 τῆς
3614 1964 3700 2018 πό-

2136 2053 2270 2116 λεως
2302 2053 2504 2124 ταύτης
2535 2054 2779 2118 ἅπαντας
2807 2056 2887 2109 δεῖ
2911 2055 3406 2119 ammeme
3437 2055 3624 2128 ὀρθαῖς
3655 2056 3708 2088 ἰ

2134 2147 2252 2208 ταῖς
2271 2144 2467 2215 ψυχαῖς
2498 2147 2592 2198 καῖ⁵
2605 2148 2722 2212 ταῖς
2742 2146 2932 2210 ἀκοαῖς
2959 2146 3196 2200 ἑστάναι.
3228 2146 3302 2200 Ού
3324 2145 3430 2218 7&9
3460 2141 3712 2214 ἐπιγείου.

2135 2236 2297 2301 τινὸς,
2337 2235 2472 2289 ἀλλά
2487 2236 2580 2289 τοῦ
2602 2235 2708 2289 τῶν
2731 2236 2986 2306 ἀγγέλων
3005 2237 3288 2290 Δεσπότου
3305 2237 3373 2292 τά
3404 2237 3702 2308 γράμματα

2131 2324 2599 2395 ἀναγινώσκεσθαι
2637 2325 2838 2397 μέλλει.
2883 2328 2980 2380 "Av
3032 2325 3205 2390 οὕτως
3239 2327 3464 2391 ἑαυτοὺς
3505 2326 3704 2398 ῥυθμί-

2133 2435 2335 2488 σωμεν,
2369 2419 2470 2472 καὶ
2501 2417 2643 2489 αὑτὴ
2690 2415 2783 2471 τοῦ
2824 2417 3142 2489 Πνεύματος
3184 2420 3217 2490 ή
3251 2419 3406 2490 χάρις
3451 2418 3704 2489 ὁδηγήσει

2132 2510 2270 2584 μετά
2300 2509 2498 2582 πολλῆς
2526 2509 2809 2582 ἀκριϐείας
2829 2510 2997 2583 ἡμᾶς,
3021 2510 3116 2564 καὶ
3147 2509 3282 2582 πρὸς
3307 2508 3468 2562 αὐτὸν
3503 2507 3704 2579 ἥξομεν

2125 2604 2220 2659 τὸν
2255 2604 2443 2676 θρόνον
2467 2605 2571 2658 τὸν
2612 2603 2908 2676 βασιλικὸν,
2943 2603 3035 2658 καὶ
3070 2605 3286 2657 πάντων
3314 2600 3713 2672 ἐπιτευξόμεθα.

2131 2702 2241 2756 τῶν
2297 2700 2536 2768 ἀγαθῶν,
2571 2700 2754 2772 χάριτι
2805 2697 2901 2752 καὶ
2942 2695 3318 2768 φιλανθρωπία
3360 2693 3452 2748 τοῦ
3494 2693 3704 2763 Κυρίου

2132 2792 2290 2864 ἡμῶν
2334 2791 2510 2862 Ἰησοῦ
2543 2790 2798 2864 Χριστοῦ,
2826 2783 2872 2858 ᾧ
2903 2791 2936 2862 ή
2969 2789 3095 2854 δόξα
3126 2790 3221 2844 καὶ
3247 2786 3555 2858 τδκράτος,
3585 2786 3714 2856 ἅμα.

2129 2883 2208 2954 τῷ
2229 2885 2405 2954 Πατρὶ
2419 2884 2512 2937 καὶ
2529 2882 2606 2952 τῷ
2644 2881 2781 2952 ἁγίῳ
2808 2881 3101 2952 Πνεύματι,
3127 2879 3222 2933 νῦν
3251 2879 3344 2933 καὶ
3373 2877 3460 2931 ἀεὶ
3497 2875 3592 2930 καὶ
3614 2876 3695 2936 είς

2133 2977 2256 3039 τοὺς
2279 2976 2481 3039 αἰῶνας
2507 2975 2616 3029 τῶν
2641 2973 2872 3029 αίώνων.
2907 2973 3098 3042 Ἀμήν.

515 3099 562 3133 ιι
589 3101 658 3176 id
689 3115 800 3176 9m,
950 3099 1014 3176 -"
1042 3099 1399 3176 ἀθλοφόρους]
1435 3091 1885 3176 θᾎαλλοφόρουςΒ.
1913 3107 1976 3161 C.
2005 3106 2016 3160 1

2145 3108 2193 3140 ⁸³
2220 3105 2508 3172 τεύξεσθαι
2543 3106 2608 3162 Ε.
2636 3113 2691 3176 et
2713 3118 2860 3176 corr.
2881 3099 3092 3176 _C._D.h
3135 3097 3183 3131 ”
3221 3095 3320 3168 μέν
3347 3111 3457 3176 σξη.
3492 3095 3560 3150 Α.
3588 3094 3695 3149 νῦν

447 3183 559 3226 om.
590 3169 651 3225 Β.
691 3171 756 3228 C.
830 3172 877 3203 "
909 3170 1030 3224 τίνα
1063 3166 1202 3226 Ειιᾱ.
1230 3166 1425 3242 {male}
1455 3172 1590 3229 Mor.
1610 3166 1748 3230 ’Μ’οχ
1781 3166 2014 3246 στρατευ

2136 3194 2225 3232 ρων
2247 3166 2393 3231 ροιῖτ.
2424 3177 2487 3232 C.
2562 3176 2610 3208 ⁸⁸
2644 3173 2844 3246 ὀρθούς
2865 3173 2930 3225 Α.
2962 3171 3026 3225 Β.
3059 3169 3130 3224 ι).
3158 3166 3326 3238 σι’ρτ.
3358 3166 3422 3234 (1.

1351 3335 1734 3342 Μ

472 3335 797 3344 .....--

1900 3436 2141 3489 ΟΜῙΛΙΑ
2180 3436 2252 3490 B'.

451 3578 668 3641 Βίϐλος
716 3569 1006 3642 γενέσεως
1061 3563 1286 3642 -Ἵῃεζοῦ
1321 3559 1599 3642 Χριστοῦ,
1650 3556 1783 3611 υἱοῦ
1827 3556 2026 3616 Δαυῖδ,

1011 3636 1147 3690 υἱοῦ
1193 3634 1463 3702 Ἀϐραάμ.

520 3754 594 3811 a'.
623 3749 770 3823 'Apa
808 3748 1084 3820 μέμνησθε
1115 3748 1215 3818 τῆς
1251 3741 1641 3816 παραγγελίας,
1680 3739 1746 3810 ἢν
1768 3739 1811 3771 ⁸⁷
1841 3735 2030 3808 πρώην

457 3842 834 3917 ἐποιησάμεθα
857 3841 994 3914 πρὸς
1021 3841 1186 3910 ὑμᾶς,
1219 3835 1664 3909 παρακαλοῦντες
1704 3829 1842 3903 μετὰ
1872 3829 2031 3898 σιγῆς

455 3937 675 4007 ἁπάσης
707 3933 803 3988 καὶ
849 3929 1118 4003 μυστικῆς
1146 3928 1376 4000 ἡσυχίας
1417 3923 1634 3981 ἀκούειν
1655 3922 1765 3976 τῶν
1800 3919 2030 3991 λεγομέ-

455 4045 565 4085 νων
598 4026 873 4091 ἀπάντων;
891 4022 1003 4077 Kal
1030 4022 1139 4094 7&9
1173 4020 1218 4053 ⁸⁸
1238 4019 1500 4091 μέλλομεν
1530 4015 1640 4070 τῶν
1667 4013 1828 4087 ῖερῶν
1861 4012 2032 4083 σήμε-

459 4137 554 4193 ρον
588 4117 889 4172 ἐπιϐαίνειν
918 4111 1243 4186 προθύρωνο
1277 4109 1358 4164 διὸ
1385 4109 1482 4163 καὶ
1521 4107 1621 4179 τῆς
1655 4102 2031 4176 παραγγελίας

457 4209 756 4282 ἀνέμνησα.
785 4208 852 4262 El
873 4205 982 4278 7&9
1032 4203 1275 4259 Ἰουδαῖοι
1297 4200 1620 4271 κεκαυμένῳ
1638 4198 1775 4268 ὄρει,
1802 4196 1897 4250 καὶ
1923 4212 2027 4250 πυ-

459 4300 538 4375 ρὶ.
566 4301 661 4355 καὶ
689 4299 895 4370 γνόφῳ,
916 4297 1010 4351 καὶ⁸
1048 4295 1242 4366 σκότῳ,
1274 4294 1369 4348 καὶ
1388 4291 1580 4363 θυέλλῃ
1610 4287 1889 4361 προσιέναι
1913 4285 2027 4360 [19]

462 4391 766 4468 μέλλοντες,
802 4390 1000 4462 μᾶλλον
1024 4389 1080 4443 δέ
1103 4388 1223 4442 οὐδὲ
1253 4384 1553 4458 προσιέναι,
1582 4381 1719 4436 ἀλλά
1747 4379 2029 4454 πόρρωθεν

457 4484 631 4539 ταῦτα
657 4483 753 4538 καὶ⁸
787 4483 920 4554 ὁρᾷν
967 4481 1060 4535 καὶ
1086 4477 1324 4538 ἀκούειν,
1347 4474 1454 4546 πρὸ
1475 4472 1639 4546 τριῶν
1655 4469 1874 4544 ἡμερῶν
1909 4470 2032 4523 ἐκε-

460 4575 677 4630 λεύοντο
687 4573 940 4644 γυναικὸς
959 4567 1277 4640 ἀπέχεσθαι,
1296 4564 1466 4620 καὶτὰ
1482 4564 1671 4636 ἱμάτια
1699 4558 2025 4624 ἀποπλῦναι,

461 4667 556 4722 καὶ
592 4669 650 4720 ἐν
670 4665 858 4738 τρόμῳ
900 4659 1042 4735 ἦσαν
1067 4661 1160 4715 καὶ
1205 4659 1374 4731 φόϐῳ,
1427 4655 1522 4712 xal
1554 4653 1729 4720 αὐτοὶ,
1768 4653 1862 4705 καὶ
1911 4650 2029 4722 μετ’

460 4760 685 4815 ἐκείνων
710 4756 970 4827 Μωῦσῆςο
1006 4751 1188 4824 πολλῷ
1231 4750 1428 4824 μᾶλλον
1449 4749 1596 4820 ἡμᾶς
1616 4746 1872 4800 τοιούτων
1898 4741 2030 4814 μέλ-

344 4884 350 4890 -
458 4850 650 4914 λοντας
697 4846 1025 4902 ἀκούσεσθαι
1053 4846 1100 4879 ’θ
1160 4844 1354 4912 λόγων,
1390 4841 1485 4895 καὶ
1530 4839 1592 4893 ού
1634 4837 1822 4907 πόρῤω
1867 4835 2028 4902 ὅρους

455 4932 677 4986 ἑστάναι
709 4927 1128 5000 καπνιζομένου,
1185 4924 1301 4981 ἀλλ’
1347 4925 1428 4988 είς
1475 4922 1636 4978 αὐτὸν
1665 4923 1887 4978 εἰσιέναι
1931 4926 2023 4978 τὸν

454 5023 705 5095 οὐρανὸν,
751 5020 971 5075 πλείονα
990 5020 1097 5090 χρὴ
1130 5014 1530 5071 ἐπιδείκνυσθαι
1559 5014 1892 5084 φιλοσοφίαν,
1923 5017 2022 5088 οὐχ

458 5115 650 5186 ἱμάτια
679 5111 1107 5176 ἀποπλύνοντας,
1142 5108 1277 5163 ἀλλά
1322 5107 1420 5176 τὴν
1467 5106 1658 5178 στολὴν
1700 5106 1802 5175 τῆς
1846 5106 2025 5179 ψυχῆς

454 5208 893 5280 ἀποσμήχοντας,
928 5203 1023 5257 καὶ
1077 5202 1256 5272 πάσης
1304 5199 1562 5270 βιωτικῆς
1613 5199 2022 5271 ἀπαλλαττομέ-

453 5317 579 5364 νους
609 5298 829 5370 μίξεως.
881 5295 958 5349 Οὐ
995 5294 1104 5366 7&9
1131 5292 1328 5362 γνόφον
1358 5290 1573 5361 ὄψεσθε,
1612 5291 1734 5345 οὐδὲ
1793 5291 2022 5356 καπνὸν,

452 5391 576 5447 οὐδὲ
607 5389 856 5444 θύελλανο
890 5386 1004 5442 ἀλλ’
1034 5384 1196 5440 αὐτὸν
1221 5383 1314 5438 τὸν
1335 5381 1567 5437 Βασιλέα
1597 5382 1906 5454 καθήμενον
1932 5383 2024 5436 ἐπὶ

453 5482 548 5538 τοῦ
578 5481 769 5554 θρόνου
794 5480 896 5552 τῆς
937 5477 1246 5552 ἀπορρήτου
1283 5473 1440 5543 δόξης
1472 5472 1704 5545 ἐκείνης,
1739 5475 1833 5528 καὶ
1860 5473 2028 5543 ἀγγέ-

451 5573 578 5636 λους
631 5571 725 5625 καὶ
769 5567 1142 5642 ἀρχαγγέλους
1173 5565 1522 5636 παρεστῶτας
1549 5563 1719 5630 αὑτῶ,
1760 5564 1854 5617 καὶ
1898 5564 2025 5628 τοὺς

451 5664 515 5732 δή
525 5678 657 5732 μους
678 5659 786 5714 τῶν
810 5659 979 5729 ἁγίων
1004 5658 1140 5729 μετὰ
1171 5657 1280 5711 τῶν
1315 5656 1556 5729 ἀπείρων
1585 5655 1857 5728 μυριάδων
1878 5654 2020 5708 ἐκεί-

451 5773 578 5808 νων.
610 5753 843 5829 Τοιαύτη
865 5751 974 5823 γάρ
997 5752 1031 5822 ἡ
1066 5748 1160 5804 τοῦ
1183 5748 1316 5803 Θεοῦ
1351 5749 1526 5814 πόλις,
1557 5753 1655 5822 τὴν
1704 5757 2023 5819 Ἐκκλησίαν

452 5847 650 5921 ἔχουσα
681 5845 788 5903 τῶν
826 5844 1207 5918 πρωτοτόκων,
1230 5842 1301 5900 τὰ
1340 5841 1618 5913 πνεύματα
1644 5838 1753 5897 τῶν
1777 5839 2020 5911 δικαίων,

2261 3554 2492 3645 απανήγυ
2501 3573 2590 3627 ριν
2609 3559 2722 3614 τῶν
2740 3561 3010 3630 ἀγγέλων,
3039 3564 3101 3617 τδ
3118 3558 3256 3636 αἷμα
3280 3568 3373 3622 τοῦ
3389 3570 3712 3645 ῥαντισμοῦ,

2139 3642 2204 3696 δι’
2231 3635 2293 3696 οὗ
2321 3644 2390 3697 τά
2413 3645 2588 3700 πάντα
2621 3651 2886 3722 συνήφθη,
2910 3655 3004 3708 καὶ
3029 3658 3057 3709 ὁ
3083 3657 3128 3689 ⁵⁸
3163 3635 3400 3730 οὐρανὸς
3416 3635 3630 3730 ἐδέξατο
3647 3635 3718 3723 τά

2138 3733 2247 3826 ἀπο
2269 3734 2380 3826 γῆς
2407 3735 2474 3802 ⁶¹,
2502 3738 2596 3790 καὶ
2618 3739 2691 3810 γῆ
2719 3741 2786 3794 τά
2809 3743 2917 3797 ἀπὸ
2953 3744 3047 3800 τοῦ
3069 3746 3322 3819 ούρανοῦ,
3354 3755 3450 3808 καὶ
3476 3759 3509 3826 ὴ
3544 3757 3710 3814 πάλαι

2142 3822 2452 3922 ποθουμένη
2472 3826 2570 3922 καὶ
2597 3828 2848 3922 ἀγγέλοις
2867 3837 2961 3889 καὶ
2985 3836 3160 3904 ἁγίοις
3183 3822 3553 3913 παραγέγονεν
3568 3849 3721 3922 είρήᾴι

2145 3927 2240 4010 v11.-
2267 3911 2356 3966 Ἐν
2386 3914 2554 4010 ταύτῃ
2577 3917 2638 3972 τὸ
2663 3921 2921 3991 τρόπαιον
2950 3925 3080 4000 ἔστη
3111 3929 3205 3983 τοῦ
3237 3911 3471 4003 σταυροῦ
3498 3935 3559 3989 τὸ
3577 3911 3724 4010 Kay-.-

2147 4004 2302 4098 arpbvi
2328 4006 2430 4098 καὶ
2483 4014 2798 4080 περιφανὲς,
2850 4017 2921 4072 τά
2970 4019 3186 4093 λάφυρα
3222 4023 3316 4078 τοῦ
3352 4027 3616 4098 Χριστοῦ,
3651 4004 3724 4084 τὰ

2144 4095 2428 4168 ἀκροθίνια
2478 4100 2581 4172 τῆς
2611 4104 2827 4173 φύσεως
2865 4112 2964 4182 τῆς
2991 4113 3282 4186 ἡμετέρας,
3325 4095 3599 4174 τὰ-σκῦλα
3625 4122 3726 4176 τοῦ

2144 4188 2416 4284 Βασιλέως
2447 4195 2628 4284 ήμῶν·
2660 4197 2833 4254 ταῦτα
2859 4201 2968 4273 γὰρ
3011 4204 3226 4260 ἅπαντα
3255 4209 3362 4263 ἀπὸ
3395 4212 3506 4267 τῶν
3543 4214 3724 4284 Εὐαγ-

2143 4275 2338 4374 γελίων
2364 4281 2618 4374 εἰσόμεθα
2642 4287 2781 4356 μετὰ
2800 4291 3100 4362 ἀκριϐείας.
3121 4296 3237 4350 Κᾶν
3263 4298 3562 4373 ἀκολουθῇς
3585 4275 3722 4374 μετά

2144 4369 2372 4464 ἡσυχίας
2397 4373 2496 4445 τῆς
2521 4378 2922 4451 προσηκούσης,
2961 4384 3302 4458 δυνησόμεθά
3349 4407 3408 4443 σε
3451 4369 3722 4464 περιαγα-

2143 4461 2261 4527 γεῖν
2300 4465 2598 4536 πανταχοῦ,
2651 4470 2746 4523 καὶ
2790 4470 2981 4540 δεῖξαι,
3034 4475 3138 4529 ποῦ
3177 4479 3275 4548 μὲν
3305 4482 3334 4532 ὁ
3365 4461 3592 4546 θάνατος
3629 4461 3722 4539 ἀν-

2147 4551 2603 4646 εσκολοπισμένος
2628 4562 2826 4616 κεῖται·
2849 4563 2955 4618 ποῦ
2981 4566 3039 4620 δὲ
3059 4569 3092 4639 ή
3115 4571 3354 4642 ἁμαρτία
3372 4575 3718 4646 κρεμαμένη’

2146 4637 2249 4692 ποῦ
2279 4639 2336 4734 ει
2360 4642 2427 4734 τὰ
2449 4645 2617 4700 πολλά
2639 4649 2734 4702 καὶ
2773 4654 3051 4724 παράδοξα
3082 4637 3194 4712 mea,
3217 4637 3309 4714 τοῦ
3341 4637 3576 4734 πολέμου
3599 4637 3723 4717 τού-

2143 4743 2262 4827 του,
2283 4730 2393 4827 ἀπὸ
2422 4734 2468 4827 ’ξ
2513 4737 2616 4808 τῆς
2663 4740 2842 4815 μάχης
2867 4746 3072 4820 ταύτης
3101 4751 3421 4823 ἀναθήματα
3464 4730 3530 4809 δ.
3561 4757 3724 4827 Ὄψει

2145 4819 2242 4920 καῖ
2277 4822 2371 4878 τὸν
2398 4826 2661 4920 τύραννον
2691 4833 2923 4891 ἐνταῦθα
2951 4819 3387 4912 δεδεμένονξ-καὶ
3417 4846 3526 4900 τῶν
3553 4819 3720 4920 αἰχμ-

2140 4911 2364 5012 αλῶτων
2392 4919 2454 5012 τδ
2485 4920 2688 4992 πλῆθος
2717 4926 3001 5000 ἑπόμενον,
3026 4911 3120 4987 καὶ
3153 4934 3251 5008 τὴν
3276 4937 3594 5010 ἀκρόπολιν,
3615 4911 3726 5012 ’ἀφ’

2139 4998 2210 5106 ᾗς
2232 5008 2262 5060 ό
2294 5011 2490 5106 μιαρὸς
2519 5014 2727 5088 δαίμων
2755 4998 2959 5089 ἐκεῖνος
2989 4998 3226 5084 ἅπαντα
3279 4998 3593 5106 κατέδραμε
3629 4998 3730 5091 τόν

2139 5094 2449 5192 ἔμπροσθεν
2479 5106 2690 5175 χρόνον·
2720 5110 2841 5181 ὄψει
2895 5115 2986 5168 τοῦ
3020 5116 3216 5192 λῃστοῦ
3260 5120 3354 5186 τάς
3397 5094 3720 5189 κάταδύσεις

2139 5188 2237 5243 καὶ
2287 5191 2356 5247 τά
2386 5196 2645 5286 σπήλαια,
2697 5202 3030 5275 διερρωγότα
3058 5188 3261 5266 ⁷λοιπὸν
3310 5212 3426 5286 [‘20]
3453 5217 3545 5270 καὶ
3582 5188 3716 5270 ἀναέ

2139 5285 2483 5373 πεπταμέναο
2503 5291 2597 5344 καὶ
2621 5292 2729 5366 γὰρ
2749 5297 2842 5349 καὶ
2873 5299 2993 5354 ἐκεῖ
3025 5303 3356 5373 παρεγένετο
3383 5285 3713 5372 όίΒασιλεύς.

2152 5371 2315 5468 Ἀλλά
2340 5376 2412 5468 μὴ
2441 5379 2756 5456 ἀποκάμῃς,
2807 5387 3078 5462 ἀγαπητέ·
3107 5371 3246 5447 οὐδὲ
3271 5395 3381 5467 γάρ
3407 5397 3454 5449 εί
3479 5397 3726 5468 πόλεμόν·

2139 5479 2223 5563 τις
2241 5465 2496 5563 αἰσθητόν
2523 5471 2783 5543 διηγεῖτο,
2819 5481 2914 5534 καὶ
2941 5482 3200 5554 τρόπαια,
3230 5487 3325 5540 καὶ
3345 5465 3520 5553 νίκας,
3553 5465 3717 5563 κόρον

2139 5553 2328 5652 ἔλαϐες
2355 5557 2421 5612 ἄν
2438 5560 2484 5592 ⁸⁵
2505 5577 2519 5591 ⁸
2559 5563 2678 5618 ἀλλ’
2698 5567 2819 5622 οὐδὲ
2850 5553 3016 5626 σιτίον
3040 5573 3159 5628 οὐδὲ
3189 5576 3351 5631 ποτὸν
3384 5579 3490 5650 πρὸ
3511 5553 3714 5652 ταύτης

2139 5645 2206 5700 ἂν
2229 5649 2356 5749 ἔθου
2373 5653 2476 5749 της
2501 5655 2760 5749 ἱστορίας.
2800 5663 2865 5717 Et
2897 5664 2956 5718 δέ
2988 5668 3169 5742 ἐκείνη
3210 5645 3439 5743 ποθητὴν
3461 5673 3494 5744 ή
3517 5645 3714 5749 διήγη-

2141 5740 2451 5842 σις,.πολλιῖ›
2471 5747 2679 5842 μᾶλλον
2697 5751 2857 5827 αῦτη.
2907 5740 3190 5832 Ἐννόησον
3217 5740 3534 5835 γάρ-ἡλίκον
3565 5740 3714 5821 ἐστίν

2139 5830 2388 5905 ἀκοῦσαι,
2418 5839 2535 5906 πῶς
2566 5842 2667 5914 μέν
2718 5847 2784 5901 ἐκ
2815 5848 2922 5906 τῶν
2961 5852 3205 5926 οὐρανῶν
3247 5844 3339 5911 καὶ
3377 5855 3484 5913 τῶν
3505 5856 3716 5928 θρόνων
