4078 6372
351 399 424 454 g3
1515 399 1582 453 IN
1622 398 2047 455 MATTIUEUM
2080 398 2317 456 HOMIL.
2381 398 2446 454 ιι.
3589 416 3660 472 Si

357 523 536 584 potes,
554 513 655 569 sub
677 513 869 584 quibus
891 513 1164 584 prmterito
1191 522 1432 584 tempore
1459 517 1698 570 militasti
1730 536 1744 572 :
1771 519 1963 572 etiam-

357 621 466 676 que
487 606 890 678 agonothetam,
925 620 1245 660 coronarum
1275 606 1674 671 distributores,
1699 618 1752 662 et
1772 609 1958 673 duces,

356 715 480 769 quae
511 714 601 753 res
633 697 764 752 nihil
799 697 891 752 tibi
929 697 1183 766 prodesse
1211 698 1406 752 valent.
1441 699 1570 766 Quis
1599 715 1727 754 vero
1753 701 1859 754 dux
1892 701 1962 754 sit

355 791 408 843 in
440 790 540 843 hac
567 789 633 843 de
659 804 758 858 qua
785 788 1055 858 loquimur
1074 789 1308 856 civitate,
1336 789 1456 860 quis
1479 791 1703 859 prinms,
1727 791 1846 861 quis
1873 806 1958 846 se-

349 877 582 940 cundus,
611 879 730 946 quis
757 878 967 944 tertius,
999 878 1084 932 vel
1105 887 1302 948 quanto
1324 882 1547 950 quisque
1569 892 1810 952 tempore
1836 901 1949 940 me-

351 971 542 1036 ruerit,
588 970 782 1040 quidve
829 971 1087 1040 prteclare
1131 975 1379 1042 gesserit,
1426 991 1494 1030 ne
1538 991 1633 1045 per
1679 979 1946 1032 somnium

349 1062 576 1131 quidem
606 1063 874 1132 cogitasti.
907 1064 980 1118 De
1016 1063 1225 1134 legibus
1267 1081 1400 1120 vero
1440 1065 1596 1136 hujus
1622 1069 1851 1124 civitatis
1882 1087 1950 1126 ne

350 1159 490 1212 alios
536 1158 750 1229 quidem
801 1158 1080 1229 loquentes
1129 1160 1364 1214 sustines
1411 1161 1618 1216 audire.
1669 1163 1948 1231 Quomodo

350 1253 538 1321 igitur,
588 1251 673 1305 dic
720 1251 872 1312 mihi,
921 1252 1185 1322 promissa
1229 1252 1370 1306 bona
1403 1261 1454 1306 te
1492 1266 1948 1323 consequuturum

348 1360 562 1413 speras,
594 1344 682 1413 qui
717 1359 815 1397 nec
841 1345 1001 1398 dictis
1046 1343 1111 1398 ad
1141 1345 1226 1398 illa
1255 1345 1620 1413 spectantibus
1665 1349 1952 1402 attendas?

350 1435 557 1489 Verum
585 1435 628 1488 si
677 1435 728 1487 id
761 1450 866 1488 non
895 1445 1020 1488 ante
1069 1435 1418 1504 pra‘stitinms
1440 1477 1454 1500 ,
1487 1436 1570 1489 vel
1600 1453 1742 1491 nunc
1776 1439 1950 1494 facere

348 1545 625 1583 curemus.
657 1528 870 1582 Etenim
902 1529 944 1582 si
973 1528 1113 1582 Deus
1146 1527 1196 1581 id
1223 1529 1582 1596 concesserit,
1616 1529 1802 1584 urbem
1831 1532 1949 1586 adi-

353 1618 462 1672 turi
513 1634 700 1672 sumus
749 1634 999 1684 auream,
1030 1627 1084 1672 et
1128 1619 1320 1687 quovis
1369 1632 1502 1673 auro
1554 1621 1946 1688 pretiosiorem.

350 1714 484 1782 Ejus
512 1728 641 1782 ergo
667 1711 1013 1767 fundamenta
1044 1712 1316 1767 discamus
1337 1753 1352 1778 ,
1385 1713 1500 1782 ejus
1525 1724 1708 1785 portas
1736 1731 1801 1770 ex
1828 1732 1949 1787 sap-

350 1805 511 1875 phiro
539 1813 595 1858 et
623 1805 930 1874 margaritis
958 1813 1192 1858 structas
1223 1804 1540 1860 :ductorem
1580 1806 1778 1877 quippe
1809 1809 1950 1877 opti-

349 1913 501 1951 mum
532 1897 796 1952 habemus
819 1895 1148 1950 Mattbmum.
1179 1895 1281 1949 Per
1306 1897 1470 1965 ipsius
1492 1912 1720 1967 namque
1743 1909 1948 1967 portam

345 2007 500 2046 nunc
531 1992 814 2052 intramus,
845 1991 1125 2059 multoque
1151 1989 1308 2044 nobis
1336 1989 1514 2043 studio
1536 1999 1620 2044 est
1640 2005 1793 2060 opus.
1817 1991 1949 2046 Nam

347 2087 396 2139 si
427 2085 734 2154 quempiam
778 2083 972 2136 viderit
1013 2097 1120 2137 non
1174 2090 1434 2136 attentmn
1459 2123 1472 2146 ,
1503 2083 1681 2152 ejiciet
1725 2099 1790 2138 ex
1819 2085 1953 2138 civi-

350 2186 490 2230 tate.
522 2175 618 2230 Est
659 2175 858 2245 quippe
890 2173 1016 2228 urbs
1042 2174 1131 2227 illa
1174 2175 1407 2228 maxime
1435 2175 1580 2243 regia
1608 2183 1662 2229 et
1691 2175 1910 2230 illustris
1932 2217 1948 2242 ,

348 2283 534 2336 neque
567 2278 624 2321 ut
672 2267 833 2321 urbes
864 2275 1062 2321 nostra:
1082 2308 1097 2332 ,
1128 2266 1181 2320 in
1211 2266 1384 2320 forum
1428 2275 1483 2321 et
1513 2268 1710 2337 regiam
1757 2269 1949 2323 distin-

347 2363 538 2431 guitur
568 2383 582 2415 :
615 2361 710 2414 sed
744 2361 814 2414 ibi
846 2361 1024 2415 omnia
1056 2361 1203 2431 regia
1253 2370 1395 2415 sunt.
1430 2363 1747 2431 Aperiamus
1776 2364 1954 2434 itaque

347 2453 555 2506 mentis
593 2452 824 2520 januas,
869 2452 1174 2520 aperiamus
1219 2467 1414 2515 aures,
1457 2461 1512 2506 et
1548 2469 1670 2507 cum
1720 2462 1954 2510 tremore

348 2545 790 2616 plurimolimina
806 2544 1214 2614 transgressuri,
1241 2544 1440 2614 Regem
1465 2545 1613 2598 illum
1635 2544 1953 2602 adoremus:

349 2653 485 2693 nam
531 2637 616 2692 vel
661 2637 865 2706 primus
907 2650 1234 2706 congressus
1277 2637 1528 2691 sectatori
1566 2645 1826 2692 terrorem
1876 2639 1955 2692 in-

347 2742 545 2788 cutere
576 2731 739 2786 valet.
770 2730 927 2786 Modo
955 2729 1170 2802 quidem
1197 2739 1366 2801 porta
1397 2731 1512 2785 istae
1541 2730 1697 2786 nobis
1726 2731 1955 2786 occlusa

2075 521 2230 565 sunt:
2253 513 2468 579 quando
2494 521 2672 568 autem
2700 514 2828 568 istas
2850 524 3060 586 apertas
3089 518 3388 578 videbimus
3419 523 3557 595 (hzcc
3579 538 3664 582 est

2072 602 2216 654 enim
2262 604 2615 671 qumstionum
2665 607 2922 678 solutio),
2961 619 3083 663 tunc
3113 613 3336 666 multum
3387 616 3528 670 intus
3555 617 3661 672 ful-

2070 707 2252 760 gorem
2286 693 2697 762 conspiciemus.
2730 696 2961 766 Spiritus
2985 702 3126 755 enim
3155 705 3325 758 oculis
3346 705 3536 762 ductus
3560 726 3660 778 pn-

2072 784 2316 838 blicanus
2345 785 2452 852 hic,
2482 788 2662 841 omnia
2692 803 2750 843 se
2783 791 2872 844 tibi
2917 801 3256 848 ostensurum
3287 812 3407 852 esse
3438 801 3660 867 pollice-

2070 884 2156 929 tur
2187 894 2199 929 :
2229 876 2444 930 ubinam
2474 878 2584 932 Rex
2612 881 2795 933 sedi-at
2815 924 2828 944 ,
2856 884 3074 950 quinam
3107 886 3172 940 de
3199 891 3554 946 excercitibus
3585 894 3658 947 illi

2074 970 2284 1036 adsint;
2315 971 2528 1027 ubinam
2561 974 2667 1026 sint
2699 976 2895 1044 angeli,
2924 975 3015 1028 ubi
3044 979 3349 1048 archangeli
3375 997 3390 1034 :
3416 980 3535 1048 quis
3566 995 3662 1035 no-

2073 1067 2153 1118 vis
2197 1067 2348 1120 istius
2383 1067 2529 1120 urbis
2561 1069 2764 1122 civibus
2803 1071 2872 1122 sit
2914 1071 3202 1141 deputatus
3242 1061 3418 1137 locus;
3446 1089 3564 1143 qua:
3590 1075 3661 1128 sit

2075 1159 2158 1211 via
2179 1159 2314 1212 istuc
2340 1159 2576 1224 ducens;
2606 1177 2762 1229 quam
2786 1173 2983 1216 sortem
3009 1164 3314 1231 acceperint
3343 1164 3399 1230 ii,
3423 1165 3510 1232 qui
3535 1175 3661 1220 sunt

2073 1248 2303 1318 primum
2335 1249 2454 1303 istic
2487 1251 2630 1304 cives
2657 1251 2911 1316 admissi,
2945 1263 2998 1306 et
3043 1263 3162 1322 post
3205 1253 3302 1308 hos
3326 1257 3566 1322 secundi,
3595 1271 3659 1310 ac

2070 1337 2262 1392 deinde
2293 1340 2432 1392 tertii
2460 1357 2472 1391 :
2505 1350 2636 1409 quot
2661 1341 2767 1393 sint
2799 1342 3010 1394 illorum
3041 1345 3233 1397 civium
3265 1346 3502 1412 ordines,
3527 1354 3660 1415 quot

2069 1438 2314 1482 senatum
2342 1431 2693 1493 constituant,
2719 1433 3183 1502 quotdignitatdm
3213 1434 3545 1490 discrimina.
3577 1437 3656 1493 Ne

2071 1520 2248 1584 itaque
2274 1535 2392 1574 cum
2423 1523 2649 1575 tumultu
2674 1533 2725 1576 et
2751 1526 2977 1592 strepitu
3008 1525 3389 1595 ingrediamur,
3417 1528 3511 1582 sed
3533 1544 3654 1583 cum

2067 1610 2282 1666 silentio
2309 1615 2558 1683 mystico.
2589 1615 2643 1667 Si
2682 1616 2824 1668 enim
2859 1617 2908 1670 in
2938 1617 3150 1673 theatro
3190 1634 3311 1672 cum
3357 1635 3550 1691 magno
3578 1623 3654 1676 si-

2069 1702 2236 1756 lentio
2264 1704 2605 1772 Imperatoris
2647 1707 2817 1760 litera:
2862 1708 3115 1777 leguntur
3145 1727 3160 1763 :
3194 1713 3362 1767 multo
3405 1715 3574 1785 magis
3603 1719 3653 1771 in

2069 1792 2167 1848 hac
2199 1794 2326 1848 urbe
2351 1798 2528 1849 omnia
2564 1798 2738 1852 sedari
2765 1810 2992 1868 Oportet,
3022 1811 3186 1871 atque
3211 1805 3432 1860 arrectis
3460 1808 3654 1864 animis

2059 1889 2115 1931 et
2136 1882 2352 1936 auribus
2377 1887 2626 1942 standum
2653 1899 2737 1944 est
2755 1892 2794 1944 ί.
2817 1891 2934 1947 Νοη
2954 1895 3095 1950 enim
3119 1899 3318 1955 terreni
3344 1900 3640 1971 cujuspiam

2059 1971 2222 2040 regis,
2251 1975 2345 2028 sed
2372 1979 2680 2047 angelorum
2707 1981 2916 2039 Domini
2940 1988 3134 2058 scripta
3162 1989 3386 2060 legenda
3414 2005 3555 2047 sunt.
3585 1993 3641 2049 Si

2061 2060 2130 2114 ita
2177 2079 2274 2118 nos
2298 2082 2624 2136 componere
2670 2073 3026 2144 voluerimus,
3061 2080 3175 2148 ipsa
3203 2080 3434 2150 Spiritus
3472 2086 3641 2154 gratia

2057 2168 2177 2207 cum
2207 2172 2393 2226 magna
2421 2159 2694 2231 diligentia
2723 2181 2820 2221 nos
2850 2167 3120 2236 deducet,
3150 2173 3214 2225 ad
3247 2173 3527 2244 ipsumque
3557 2192 3644 2231 re-

2055 2247 2198 2315 gium
2230 2251 2422 2304 solium
2463 2255 2801 2324 accedemus,
2832 2259 3075 2330 bonaque
3113 2265 3291 2318 omnia
3338 2281 3641 2336 conseque-

2057 2351 2195 2401 mur,
2221 2341 2387 2406 gratia
2411 2352 2464 2396 et
2486 2342 2814 2414 benignitate
2843 2351 3050 2405 Domini
3078 2355 3242 2408 nostri
3267 2355 3392 2410 Jesu
3416 2357 3639 2427 Christi,

2055 2430 2138 2481 cui
2165 2431 2334 2498 gloria
2379 2443 2432 2488 et
2469 2437 2749 2506 imperium
2779 2457 2899 2495 cum
2933 2444 3087 2498 Patre
3115 2457 3169 2501 et
3197 2460 3382 2504 sancto
3413 2450 3636 2521 Spiritu,

2056 2535 2196 2576 nunc
2222 2533 2274 2577 et
2301 2541 2531 2606 semper,
2565 2539 2620 2585 et
2645 2532 2694 2584 in
2722 2536 2914 2588 saecula
2947 2539 3285 2595 surculorum.
3315 2544 3509 2599 Amen.

2119 2721 2134 2750 ι
2171 2722 2356 2784 Morel.,
2382 2727 2586 2778 arrectis
2608 2730 2807 2784 auribus
2829 2739 3053 2788 stmulum
3076 2747 3162 2794 est.

1763 3229 2115 3291 HOMILIA
2159 3232 2242 3294 ll.

351 3467 477 3519 (ΞΑΡ.
516 3467 553 3518 1.
581 3470 706 3521 v.1.
734 3466 882 3519 Liber
907 3468 1240 3536 generationis
1268 3467 1392 3521 Jesu
1417 3469 1603 3522 Christi
1633 3472 1727 3539 ﬁlii
1754 3471 1938 3536 David,

951 3555 1048 3622 ﬁlii
1071 3556 1343 3609 Abraham.

435 3689 477 3740 Ι.
527 3687 812 3740 Attentione
881 3689 1194 3742 audientium
1254 3691 1505 3757 excitata,
1556 3691 1942 3757 descriptionem

347 3781 493 3849 regni
507 3780 718 3832 cwlestis
739 3779 988 3831 adoritur.
1006 3781 1171 3833 —An
1185 3780 1500 3834 meministis
1525 3781 1899 3837 admonitionis
1923 3825 1938 3848 ,

350 3885 456 3939 qua
484 3885 654 3938 nuper
679 3885 775 3923 vos
802 3871 995 3924 hortati
1026 3885 1232 3936 sumus,
1260 3881 1314 3924 ut
1343 3886 1462 3925 cum
1487 3874 1629 3925 omni
1656 3873 1867 3927 silentio
1889 3885 1943 3931 et

348 3963 577 4032 mystica
594 3962 774 4031 quiete
798 3962 936 4016 dicta
963 3963 1140 4018 omnia
1167 3963 1455 4018 audiretis?
1483 3964 1631 4019 Nunc
1660 3979 1837 4020 autem
1861 3982 1945 4020 sa-

347 4069 443 4108 cra
475 4055 657 4108 limina
687 4055 843 4110 hodie
864 4055 1053 4110 adituri
1083 4071 1301 4120 sumus;
1329 4056 1555 4124 ideoque
1579 4059 1729 4112 vobis
1749 4059 1942 4113 adhor-

350 4145 611 4199 tationem
645 4146 786 4199 illam
820 4147 873 4200 in
897 4155 1132 4202 mentem
1157 4149 1422 4203 revocavi.
1453 4148 1583 4202 Nam
1613 4150 1656 4203 si
1679 4150 1845 4205 Judzei
1876 4152 1939 4206 ad

350 4246 593 4291 montem
621 4238 920 4303 ardentem,
946 4239 1011 4292 ad
1042 4239 1238 4308 ignem,
1279 4239 1345 4293 ad
1367 4240 1665 4310 caliginem,
1689 4242 1755 4295 ad
1788 4251 1938 4298 tene-

350 4329 478 4382 bras
507 4339 563 4381 et
584 4329 867 4397 procellam
898 4331 1163 4384 accessuri
1189 4348 1204 4396 ;
1236 4331 1343 4384 imo
1366 4347 1469 4385 non
1499 4333 1767 4386 accessuri
1792 4374 1807 4395 ,
1844 4335 1935 4386 sed

350 4435 417 4474 ea
447 4419 680 4473 audituri
713 4420 921 4474 eminus
957 4429 1012 4474 et
1055 4421 1219 4476 visuri
1248 4462 1264 4487 ,
1297 4423 1466 4476 tribus
1501 4432 1623 4476 ante
1653 4423 1840 4476 diebus
1875 4424 1946 4479 ab

353 4510 612 4563 uxoribus
651 4510 918 4564 abstinere
951 4510 1310 4578 jubebantur,
1357 4522 1638 4580 vestesque
1681 4513 1941 4580 abluere;

351 4610 515 4670 atque
544 4618 595 4656 in
630 4602 820 4657 timore
846 4617 908 4655 ac
937 4611 1170 4658 tremore
1193 4602 1474 4672 degebant,
1493 4604 1808 4677 Moysesque
1825 4622 1943 4661 cum

354 4692 487 4761 ipsis
513 4710 526 4745 :
561 4694 729 4748 multo
756 4694 922 4763 magis
948 4707 1045 4748 nos
1073 4694 1198 4749 talia
1223 4695 1452 4749 audituri
1479 4696 1663 4760 verba,
1686 4712 1792 4752 non
1822 4712 1943 4767 pro-

351 4781 444 4835 cul
483 4799 513 4836 a
553 4793 734 4836 monte
773 4783 1008 4839 fumante
1035 4793 1273 4850 stantes,
1316 4785 1410 4840 sed
1451 4787 1621 4855 ipsum
1650 4788 1943 4858 ingressuri

351 4873 544 4927 celum
570 4913 588 4937 ,
641 4873 898 4943 majorem
938 4875 1194 4933 debemus
1227 4879 1481 4936 exhibere
1511 4882 1897 4954 philosophiam
1919 4928 1937 4954 ,

350 4979 460 5017 non
493 4965 809 5020 vestimenta
839 4967 1137 5035 abluentes,
1165 4971 1260 5025 sed
1289 4975 1483 5028 anima:
1514 4977 1701 5030 stolam
1729 4979 1939 5033 abster-

346 5067 540 5126 gentes
560 5097 576 5121 ,
625 5069 680 5112 et
719 5059 785 5113 ab
811 5062 954 5115 omni
985 5063 1321 5118 saecularium
1363 5082 1540 5122 rerum
1568 5071 1944 5129 commixtione

354 5148 530 5203 liberi.
577 5147 696 5203 Non
725 5151 866 5205 enim
895 5153 1176 5223 caliginem
1219 5156 1508 5225 videbitis,
1552 5176 1658 5215 non
1702 5162 1937 5232 fumum,

354 5258 463 5296 non
505 5243 835 5311 procellam;
863 5246 959 5300 sed
985 5246 1158 5316 ipsum
1187 5247 1384 5319 Regem
1415 5252 1690 5310 sedentem
1720 5259 1774 5310 in
1811 5258 1946 5314 solio

354 5335 644 5392 ineﬁ‘abilis
668 5337 809 5392 illius
833 5339 1034 5407 gloriae,
1053 5341 1377 5412 angelosque
1396 5353 1447 5397 et
1469 5346 1814 5415 arehangelos
1845 5350 1945 5418 ipsi

358 5428 656 5496 adstantes,
688 5440 1099 5501 sanctorumque
1143 5434 1367 5504 populos
1410 5451 1529 5490 cum
1571 5439 1942 5496 innumerabili

359 5519 573 5573 illorum
604 5530 766 5576 ccetu.
792 5521 938 5578 Talis
966 5524 1160 5595 quippe
1186 5534 1270 5580 est
1298 5526 1483 5582 civitas
1509 5528 1622 5595 Dei,
1656 5530 1942 5587 Ecclesiam

356 5611 762 5680 primitivorum
795 5614 995 5670 habens
1015 5657 1032 5682 ,
1061 5617 1277 5686 spiritus
1299 5617 1560 5688 justorum
1583 5661 1600 5686 ,
1639 5622 1944 5691 angelorum

360 5704 750 5774 frequentiam,
779 5707 1089 5776 sanguinem
1119 5710 1443 5778 aspersionis
1466 5749 1482 5775 ,
1510 5725 1618 5780 quo
1645 5713 1822 5766 omnia
1852 5729 1945 5769 co-

369 5797 638 5866 pulantur,
670 5799 860 5854 ca-lum
893 5809 1100 5858 terrena
1129 5802 1384 5872 suscepit,
1412 5811 1468 5858 et
1497 5810 1637 5859 terra
1662 5804 1893 5862 caelestia
1929 5825 1943 5860 :

2047 3503 2102 3548 et
2128 3494 2233 3562 jam
2267 3490 2394 3547 olim
2425 3491 2722 3547 desiderata
2751 3506 2850 3563 pax
2873 3491 3075 3561 angelis
3118 3499 3277 3562 atque
3303 3490 3501 3545 sanctis
3526 3489 3628 3544 do-

2051 3595 2172 3640 nata
2204 3595 2304 3640 est.
2335 3586 2392 3640 ln
2422 3587 2520 3640 hac
2548 3585 2679 3640 urbe
2705 3585 2879 3640 crucis
2907 3593 3162 3654 tropaaum
3189 3585 3398 3640 illustre
3424 3584 3552 3640 illud
3577 3593 3634 3640 et

2049 3681 2392 3748 conspicuum
2423 3688 2660 3734 erectum
2692 3689 2776 3734 est
2811 3697 2824 3734 :
2853 3680 3018 3750 spolia
3045 3679 3257 3733 Christo
3285 3689 3430 3748 parta
3453 3718 3466 3741 ,
3499 3693 3630 3733 exu-

2052 3774 2147 3824 vi:e
2179 3783 2382 3823 naturre
2406 3779 2622 3836 nostrm,
2656 3771 2918 3823 manubim
2946 3771 3105 3835 Regis
3133 3769 3298 3822 nostri
3334 3786 3347 3822 :
3374 3783 3493 3838 qua:
3518 3783 3634 3822 om-

2059 3867 2142 3918 nla
2172 3880 2238 3919 ex
2273 3863 2561 3934 evangeliis
2604 3874 2852 3920 accurate
2894 3863 3180 3918 discemus.
3228 3863 3285 3920 Si
3333 3879 3455 3920 cum
3505 3879 3638 3920 con-

2056 3959 2264 4025 gruenti
2294 3959 2470 4028 quiete
2496 3958 2757 4028 sequaris,
2793 3957 3088 4027 poterimus
3116 3969 3166 4013 te
3198 3975 3290 4028 per
3315 3968 3506 4013 cuncta
3529 3959 3638 4014 cir-

2058 4049 2416 4115 cumducere,
2468 4049 2859 4119 ostendereque
2901 4048 2994 4103 tibi
3036 4051 3249 4103 ubinam
3299 4064 3443 4104 mors
3486 4049 3642 4103 afﬁxa

2052 4141 2260 4210 jaceat,
2291 4143 2377 4196 ubi
2420 4151 2696 4212 peccatum
2724 4157 3041 4210 suSpensum
3073 4143 3162 4209 sit,
3195 4143 3281 4196 ubi
3314 4143 3554 4211 plurima:
3581 4159 3645 4198 ac

2057 4233 2330 4288 mirabiles
2357 4249 2423 4287 ex
2455 4232 2556 4288 hoc
2598 4232 2739 4286 bello
2760 4273 2773 4298 ,
2803 4249 2865 4286 ex
2909 4233 3007 4287 hac
3038 4247 3208 4302 pugna
3236 4233 3518 4287 manubim.
3549 4233 3645 4288 Vi-

2055 4324 2209 4380 debis
2236 4335 2289 4381 et
2316 4335 2599 4396 tyrannum
2631 4326 2864 4380 vinctum
2891 4340 3010 4378 cum
3045 4326 3380 4380 multitudine
3405 4327 3645 4396 captivo-

2057 4432 2174 4470 rum
2205 4428 2484 4486 sequente,
2504 4426 2559 4472 et
2584 4432 2786 4483 arcem,
2815 4432 2881 4471 ex
2908 4431 3010 4485 qua
3041 4416 3277 4486 impurus
3299 4418 3386 4473 ille
3409 4418 3643 4486 daamon,

2057 4509 2326 4578 pr:cterito
2349 4519 2610 4578 tempore,
2644 4510 2888 4564 incursus
2914 4511 2966 4564 in
2997 4512 3176 4574 omnia
3205 4511 3431 4567 faciebat
3460 4530 3473 4566 :
3502 4512 3647 4566 vide-

2056 4599 2140 4655 bis
2161 4601 2320 4655 etiam
2349 4600 2480 4656 furis
2511 4601 2729 4656 latibula
2759 4608 2813 4655 et
2840 4600 3144 4670 speluncas,
3168 4601 3408 4673 diruptas
3430 4603 3647 4673 quidem

2055 4700 2110 4744 et
2138 4692 2422 4760 patel'actas
2452 4709 2464 4744 :
2495 4706 2618 4745 nam
2649 4691 2721 4744 ibi
2749 4705 2962 4761 quoque
2989 4692 3100 4747 Rex
3126 4693 3313 4747 adfuit.
3349 4693 3545 4750 Verum
3577 4712 3646 4750 ne

2055 4781 2289 4847 l'atiscas,
2313 4781 2506 4837 dilecte
2536 4800 2549 4835 :
2585 4797 2761 4852 neque
2786 4783 2930 4837 enim
2959 4783 3002 4838 si
3025 4785 3142 4853 quis
3171 4785 3371 4840 bellum
3399 4787 3500 4841 sub
3521 4804 3644 4842 sen-

2054 4888 2174 4930 sum
2200 4877 2397 4932 cadens
2423 4885 2731 4942 enarraret,
2781 4878 2824 4931 si
2858 4886 3056 4946 tropaza
3085 4919 3099 4942 ,
3141 4879 3183 4931 si
3215 4879 3461 4934 victorias
3484 4921 3499 4947 ,
3533 4880 3648 4935 lucc

2055 4983 2176 5022 cum
2204 4967 2415 5023 fastidio
2439 4969 2751 5038 exciperes;
2782 4969 2890 5023 imo
2917 4984 3017 5024 nec
3056 4970 3233 5025 cibum
3259 5010 3274 5036 ,
3326 4986 3424 5026 nec
3464 4982 3646 5040 potum

2056 5059 2182 5115 huic
2209 5062 2498 5116 narrationi
2528 5072 2905 5130 anteponeres.
2937 5061 3092 5128 Quod
3119 5063 3163 5116 si
3195 5062 3284 5116 illa
3309 5063 3544 5132 jucunda
3567 5074 3650 5120 est

2057 5152 2317 5217 narratio,
2346 5151 2513 5206 multo
2536 5151 2704 5222 magis
2731 5150 2845 5205 haac
2871 5151 2994 5207 erit.
3016 5151 3292 5221 Perpende
3312 5157 3454 5208 enim
3475 5168 3649 5222 quan-

2059 5251 2170 5297 tum
2198 5243 2328 5297 illud
2359 5243 2428 5298 sit
2450 5241 2672 5309 audire,
2709 5242 2980 5312 quomodo
3018 5241 3160 5297 Deus
3187 5242 3253 5298 de
3274 5243 3441 5307 caelo,
3473 5243 3648 5314 deque

2056 5335 2204 5405 regio
2230 5335 2365 5389 solio
2393 5349 2634 5404 surgens,
2669 5334 2719 5388 in
2744 5343 2963 5402 terram,
2990 5334 3148 5404 inque
3171 5335 3343 5404 ipsum
3371 5335 3642 5392 infernum

2057 5426 2313 5493 eruperit,
2355 5432 2410 5479 et
2439 5425 2491 5478 in
2512 5425 2626 5479 acie
2651 5425 2859 5479 steterit
2878 5441 2893 5481 ι
2915 5424 3182 5493 quomodo
3204 5424 3448 5480 diabolus
3476 5427 3647 5483 aciem

2057 5527 2113 5572 et
2142 5519 2254 5587 ipse
2282 5533 2431 5571 suam
2461 5527 2646 5572 contra
2675 5518 2840 5572 Deum
2873 5516 3207 5580 instruxerit;
3234 5516 3344 5571 imo
3383 5533 3491 5572 non
3518 5533 3646 5574 con-

2059 5619 2143 5665 tra
2185 5612 2348 5667 Deum
2379 5611 2578 5666 nudum
2599 5652 2615 5678 ,
2645 5611 2741 5667 sed
2770 5611 2934 5665 Deum
2967 5611 3019 5664 in
3059 5617 3245 5663 natura
3272 5609 3645 5668 absconditum

2059 5703 2308 5757 humana.
2337 5703 2597 5773 Quodque
2626 5703 2869 5757 mirabile
2891 5711 2991 5767 est,
3022 5710 3248 5756 mortem
3291 5715 3467 5759 morte
3493 5705 3644 5760 solu-

2057 5805 2166 5854 tam
2189 5797 2427 5866 videbis,
2467 5806 2523 5855 et
2550 5795 2898 5852 maledictum
2937 5795 3220 5851 maledicto
3245 5797 3545 5864 sublatum;
3591 5807 3644 5856 et
