4078 6372
401 348 478 402 9.5
1103 343 1162 400 8.
1197 342 1485 401 JOANNIS
1521 340 2012 400 CHRYSOSTOMI
2052 334 2373 395 ARCHIEP.
2410 331 2952 391 CONSTANTINOP.
3587 332 3660 384 26

385 472 481 525 per
503 467 620 525 qua:
647 451 892 507 diabolus
914 460 1040 507 ante
1062 450 1302 517 valebat,
1337 466 1432 521 per
1457 451 1642 506 eadem
1669 452 1785 524 ejus
1821 458 1970 510 solu-

391 564 499 606 tam
525 549 884 624 tyrannidem.
910 549 1273 622 Exsurgamus
1297 547 1490 620 igitur,
1521 557 1577 605 et
1604 563 1854 605 somnum
1896 548 1990 606 de-

389 647 701 715 pellamus:
726 659 850 700 ecce
875 653 1058 715 portas
1082 643 1238 699 video
1263 643 1420 698 nobis
1456 650 1710 712 apertas;
1737 641 1835 698 sed
1864 657 1986 698 cum

387 741 537 795 omni
583 738 848 794 modestia
885 752 950 793 ac
989 747 1228 794 tremore
1258 735 1625 808 ingrediamur
1650 777 1666 804 ,
1708 735 1890 792 statim
1922 734 1987 788 li-

389 830 534 884 mina
564 838 830 900 petentes.
860 829 990 897 Qua:
1030 838 1156 884 sunt
1183 829 1369 883 istltzec
1413 827 1630 883 limina?
1659 827 1810 882 Liber
1836 844 1990 898 gene-

389 925 602 978 rationis
625 922 751 978 Jesu
776 921 962 978 Christi
1004 921 1102 982 ﬁlii
1135 921 1304 976 David
1334 963 1350 989 ,
1394 921 1490 990 ﬁlii
1533 919 1812 976 Abraham.
1855 919 1993 988 Quid

390 1017 572 1073 dicis?
596 1015 666 1073 de
695 1017 968 1086 unigenito
994 1015 1089 1071 Dei
1118 1015 1258 1070 Filio
1284 1022 1337 1070 te
1363 1013 1705 1085 loquuturum
1732 1028 1852 1069 esse
1883 1011 1996 1084 pol-

394 1108 664 1176 licebaris,
697 1116 752 1162 et
781 1106 1038 1162 Davidem
1066 1121 1334 1162 memoras
1358 1146 1374 1171 ,
1403 1105 1676 1161 hominem
1703 1113 1827 1176 post
1846 1104 1992 1162 mille

394 1201 778 1271 generationes
800 1207 1005 1264 natum,
1034 1198 1314 1268 ipsumque
1339 1196 1474 1252 dicis
1495 1211 1614 1251 esse
1634 1203 1688 1252 et
1705 1183 1912 1266 patrem
1939 1203 1995 1249 et

398 1291 694 1361 proavum?
720 1291 1002 1359 Exspecta,
1019 1303 1089 1344 ne
1112 1288 1272 1344 simul
1297 1288 1475 1342 omnia
1493 1287 1733 1342 ediscere
1751 1299 1962 1357 quaeras
1981 1301 1997 1351 ;

397 1382 498 1438 sed
544 1383 743 1437 sensim
791 1391 950 1452 atque
978 1381 1253 1450 paulatim.
1296 1379 1356 1434 In
1402 1378 1586 1433 limine
1643 1377 1818 1432 solum
1847 1384 1997 1443 stas,

398 1476 574 1531 adhuc
603 1475 654 1530 in
682 1475 799 1542 ipso
826 1474 998 1537 ostio;
1031 1472 1155 1542 quid
1185 1471 1405 1527 festinas
1433 1471 1498 1525 ad
1521 1468 1820 1526 interiora?
1849 1468 1999 1524 Non-

399 1567 526 1620 dum
554 1566 818 1620 exteriora
848 1565 1025 1618 omnia
1069 1563 1238 1633 probe
1262 1562 1552 1631 explorasti
1588 1578 1602 1614 :
1637 1575 1811 1630 neque
1853 1561 1996 1614 enim

402 1657 547 1710 illam
579 1655 672 1710 tibi
700 1655 1097 1725 generationem
1150 1652 1323 1707 adhuc
1361 1665 1651 1716 recenseo;
1687 1651 1793 1704 imo
1831 1665 2004 1718 neque

405 1749 548 1802 illam
577 1763 695 1819 qua:
737 1755 855 1813 post
882 1748 1162 1815 sequitur,
1210 1760 1327 1815 qua:
1375 1743 1662 1798 inetl‘abilis
1701 1753 1754 1798 et
1802 1757 1997 1797 arcana

403 1847 507 1894 est.
544 1837 760 1908 Homine
788 1837 881 1892 tibi
911 1845 1037 1890 ante
1067 1849 1156 1891 me
1183 1835 1346 1890 Isaias
1385 1833 1647 1904 propheta
1677 1833 1957 1889 denuntiat
1985 1847 2003 1887 :

410 1928 675 2000 siquidem
719 1929 834 1998 ejus
863 1927 1167 1998 paSsionem
1195 1925 1494 1996 praediatus
1514 1969 1527 1991 ,
1561 1926 1834 1995 ipsiuSque
1862 1925 2004 1978 circa

404 2022 589 2076 orbem
624 2029 890 2076 terrarum
919 2019 1311 2090 providentiam
1339 2021 1355 2051 ¹
1395 2039 1408 2073 :
1438 2019 1708 2074 admirans
1737 2018 1858 2087 quis
1881 2033 2002 2075 cum

405 2122 550 2168 esset
577 2111 704 2183 quid
750 2112 920 2167 factus
939 2113 1046 2176 sit,
1100 2126 1275 2182 quove
1315 2109 1685 2175 descenderit,
1731 2124 1920 2179 magna
1951 2116 2008 2164 et

405 2204 547 2259 clara
578 2219 712 2261 voce
739 2203 1089 2258 exclamando
1115 2203 1250 2258 dixit
1282 2220 1295 2256 :
1331 2200 1718 2256 Generationem
1758 2202 1870 2260 eius
1893 2201 2007 2271 quis

407 2296 658 2351 enarrabit
684 2295 844 2366 (lsai.
867 2294 956 2349 53.
984 2292 1040 2357 8)
1067 2293 1091 2348 i

477 2485 535 2540 2.
570 2484 865 2540 Incarnatio
888 2493 1133 2554 quantum
1160 2483 1444 2552 stupenda;
1473 2481 1725 2549 quomodo
1745 2497 1838 2537 nos
1864 2482 2006 2537 erai-

412 2587 500 2633 ιιι.
523 2575 752 2632 Christus
777 2575 929 2630 Vetus
957 2574 1331 2629 Testamentum
1359 2573 1504 2628 Novo
1525 2574 1782 2644 adjunxit.
1811 2572 1878 2626 In
1917 2573 2011 2628 Ve-

413 2680 508 2729 ωτι
537 2673 852 2727 Testamento
879 2671 1068 2742 ﬁgura,
1085 2669 1139 2724 in
1158 2667 1306 2723 Novo
1333 2669 1616 2723 ueritas.——
1643 2665 1762 2721 Non
1791 2681 1921 2736 ergo
1939 2664 2008 2721 de

414 2766 503 2820 illa
530 2762 877 2836 generatione
902 2761 1060 2816 nobis
1079 2775 1260 2816 sermo
1285 2768 1388 2823 est,
1414 2758 1509 2814 sed
1534 2757 1601 2813 de
1629 2757 1731 2812 hac
1753 2756 2008 2812 inferiore

413 2864 469 2911 et
499 2865 706 2910 terrena
728 2894 745 2922 ,
785 2867 904 2924 qua:
933 2853 1245 2926 innumeros
1270 2850 1356 2906 sui
1389 2859 1554 2905 testes
1582 2847 1764 2904 habet.
1809 2847 1886 2902 De
1911 2847 2011 2901 hac

416 2962 578 3020 porro
604 2963 701 3019 pro
735 2946 877 3002 virili
907 2955 1092 3001 nostra
1122 2944 1420 3001 secundum
1463 2953 1738 3014 acceptam
1781 2942 2011 3014 Spiritus

419 3041 689 3111 gratiam,
733 3039 812 3096 sic
857 3053 1164 3094 sermonem
1209 3037 1572 3092 instituemus.
1611 3035 1796 3106 Neque
1833 3045 2010 3090 tamen

420 3131 558 3187 hanc
584 3147 706 3187 cum
751 3131 896 3187 omni
938 3129 1318 3200 perSpicuitate
1360 3129 1629 3198 explicare
1675 3141 1960 3198 possumus
1994 3144 2008 3180 :

420 3239 543 3278 nam
586 3231 640 3278 et
673 3222 787 3294 ipsa
818 3236 1032 3293 quoque
1060 3220 1348 3276 admodum
1379 3218 1641 3290 stupenda
1670 3227 1772 3275 est.
1801 3217 1880 3274 Ne
1908 3219 2011 3274 ita-

418 3330 524 3386 que
550 3315 739 3386 exigua
768 3321 822 3368 te
847 3311 1035 3368 audire
1062 3321 1217 3383 putes
1240 3354 1256 3379 ,
1289 3311 1415 3366 dum
1442 3311 1581 3366 hanc
1607 3310 1760 3365 audis
1783 3324 2014 3381 genera-

420 3410 655 3475 tionem;
687 3405 782 3463 sed
821 3416 1057 3463 mentem
1102 3406 1297 3471 excita,
1345 3412 1404 3460 et
1431 3405 1610 3460 statim
1639 3403 1970 3460 exhorresce
1993 3444 2010 3470 ,

421 3501 592 3557 Deum
621 3500 674 3555 in
703 3508 902 3555 terram
929 3499 1139 3554 venisse
1165 3497 1409 3552 audiens.
1443 3495 1574 3550 Illud
1619 3495 1766 3551 enim
1810 3496 1890 3550 sic
1916 3493 2014 3549 ad-

420 3589 725 3646 mirandum
744 3630 760 3656 ,
792 3589 872 3644 sic
902 3589 1325 3657 inexspectatum
1351 3595 1500 3654 erat,
1532 3593 1590 3640 ut
1608 3584 1779 3656 angeli
1807 3585 1860 3638 in
1884 3583 2016 3639 cho-

425 3697 544 3738 rum
573 3680 783 3737 collecti
808 3694 972 3748 super
997 3679 1098 3735 hac
1125 3694 1185 3734 re
1209 3693 1307 3749 pro
1336 3685 1451 3732 toto
1491 3676 1622 3734 orbe
1663 3677 1872 3732 laudem
1901 3677 2016 3746 glo-

423 3775 665 3842 riamque
691 3771 1070 3837 concinerent,
1116 3778 1171 3825 et
1208 3769 1488 3839 propheta:
1511 3768 1622 3840 jam
1652 3769 1785 3824 olim
1813 3767 1881 3824 de
1917 3767 2019 3823 hac

425 3879 485 3920 re
511 3863 951 3934 obstupescerent
971 3904 988 3928 ,
1015 3861 1158 3932 quod
1185 3861 1237 3916 in
1271 3871 1414 3916 terra
1431 3861 1578 3916 visus
1607 3871 1662 3917 et
1688 3875 1808 3917 cum
1839 3859 2018 3914 homi-

427 3957 582 4012 nibus
598 3963 943 4013 conversatus
957 3953 1285 4025 sit(Baruclt.
1302 3954 1356 4009 5.
1379 3951 1496 4023 58).
1508 3951 1720 4008 Etenim
1732 3951 2019 4008 admodum

427 4045 749 4117 stupendum
777 4055 861 4102 est
887 4045 1104 4114 audire,
1138 4045 1308 4100 Deum
1354 4043 1674 4100 ineffabilem
1698 4085 1715 4113 ,
1747 4042 2022 4098 inenarra-

428 4139 608 4204 bilem,
639 4136 1256 4209 incomprehensibilem,
1289 4135 1433 4192 Patri
1457 4135 1716 4207 aequalem
1741 4176 1758 4201 ,
1784 4149 1881 4205 per
1909 4135 2021 4191 vir-

427 4244 641 4302 gineam
668 4228 884 4286 venisse
906 4229 1142 4296 vulvam,
1165 4235 1221 4283 et
1242 4242 1313 4282 ex
1344 4225 1568 4282 muliere
1585 4227 1732 4282 nasci
1747 4225 2021 4296 dignatum

430 4336 573 4389 esse,
599 4335 836 4392 avosque
849 4321 1049 4376 habere
1070 4319 1322 4374 Davidem
1334 4327 1389 4374 et
1407 4317 1791 4374 Abrahamum.
1813 4317 1879 4373 Et
1896 4318 2022 4389 quid

432 4413 553 4469 dico
583 4411 841 4469 Davidem
861 4420 918 4467 et
938 4409 1336 4467 Abrahamum?
1363 4409 1496 4466 Nam
1521 4409 1665 4482 quod
1695 4409 2020 4477 horribilius,

433 4503 594 4560 etiam
631 4503 886 4560 mulieres
913 4502 1032 4559 illas
1073 4503 1389 4558 meretrices
1419 4502 1472 4570 ’,
1521 4515 1654 4573 quas
1696 4501 1856 4572 paulo
1901 4510 2025 4556 ante

435 4597 748 4654 memoravi.
777 4595 902 4652 Haec
931 4595 1180 4663 audiens,
1211 4596 1448 4650 animum
1470 4595 1617 4665 erige
1635 4635 1650 4659 ,
1682 4603 1736 4650 et
1761 4593 1891 4649 nihil
1919 4593 2026 4649 vile

436 4688 726 4760 suspiceris
753 4704 768 4741 :
800 4686 1037 4758 illudque
1065 4687 1299 4742 maxime
1319 4687 1538 4754 mirare,
1563 4686 1704 4757 quod
1735 4687 1901 4743 Filius
1924 4728 1942 4754 ,
1971 4697 2027 4742 et

437 4778 703 4850 genuinus
724 4777 891 4834 Filius
913 4779 1006 4833 Dei
1022 4778 1141 4834 sine
1161 4777 1422 4848 principio
1441 4778 1749 4834 exsistentis
1779 4793 1840 4834 se
1860 4779 2027 4834 filium

440 4871 656 4929 Davidis
681 4871 870 4928 audire
908 4886 1098 4943 passus
1139 4871 1248 4940 sit,
1293 4880 1352 4926 ut
1379 4879 1430 4929 te
1460 4871 1661 4928 faceret
1689 4873 1783 4929 Dei
1809 4871 1978 4928 filium
2011 4890 2024 4928 :

440 4980 632 5037 passus
655 4972 739 5020 est
765 4979 825 5020 se
848 4975 1052 5036 patrem
1075 4964 1272 5020 habere
1296 4979 1532 5030 servum,
1555 4974 1614 5019 ut
1640 4964 1737 5020 tibi
1761 4979 1918 5020 servo
1937 4979 2033 5035 pa-

443 5067 580 5112 trem
625 5055 827 5128 faceret
868 5055 1173 5112 Dominum.
1228 5054 1412 5111 Viden’
1456 5056 1640 5111 statim
1684 5071 1715 5111 a
1762 5057 2030 5128 principio

442 5163 687 5220 quamam
716 5147 825 5204 sint
847 5147 1164 5216 evangelia?
1192 5145 1343 5215 Quod
1371 5146 1418 5202 si
1447 5145 1516 5202 de
1545 5146 1649 5201 tuis
1676 5147 1891 5203 dubitas
1914 5188 1929 5213 ,
1963 5147 2032 5203 ab

445 5240 511 5295 iis
539 5255 657 5312 quae
697 5238 768 5295 ad
807 5239 980 5309 ipsum
1008 5247 1254 5310 spectant
1288 5238 1405 5294 haec
1441 5247 1500 5294 ut
1526 5238 1714 5295 credas
1739 5239 2030 5295 inducaris.

447 5333 628 5406 Longe
651 5334 794 5390 enim
823 5331 1097 5389 difficilius
1123 5341 1228 5400 est,
1255 5341 1514 5403 quantum
1537 5332 1606 5388 ad
1629 5333 1920 5388 humanum
1949 5332 2033 5388 in-

450 5429 717 5485 teilcclum
743 5429 992 5500 pertinet,
1023 5427 1192 5485 Deum
1223 5426 1496 5486 hominem
1517 5427 1657 5497 fieri,
1683 5442 1840 5500 quam
1858 5426 2033 5484 homi-

517 5618 1112 5682 ‘Alii,misericordiam.
1209 5679 1219 5682 _
1282 5680 1321 5682 __
1509 5673 1520 5682 ,
1584 5669 1595 5681 ,
1662 5655 1695 5682 ι,
1767 5671 1775 5680 .
1834 5668 1846 5680 .

519 5682 542 5715 ³
572 5672 692 5742 lor,
717 5681 1009 5744 meretrices,
1036 5684 1184 5733 deest
1206 5679 1257 5731 in
1281 5672 1624 5738 Manuscriptis
1651 5672 1891 5736 plurimis.

2093 476 2214 514 nem
2263 459 2359 515 Dei
2400 459 2569 514 filium
2606 473 2747 515 esse.
2785 458 2920 514 Cum
2967 458 3125 531 igitur
3152 459 3307 515 sudis
3341 458 3534 515 Filium
3583 461 3681 524 Dei

2089 554 2259 608 lilium
2285 567 2406 608 esse
2455 551 2671 606 Davidis
2699 561 2754 608 et
2777 551 3028 620 Abrahae,
3056 552 3301 610 dubitare
3322 552 3436 625 jam
3459 553 3645 611 desine
3663 596 3680 620 ,

2090 655 2141 699 te.
2170 645 2336 698 filium
2368 643 2497 698 Adze
2540 643 2709 698 tilium
2740 642 2838 700 Dei
2879 643 3116 700 futurum
3143 660 3282 716 esse.
3313 645 3498 716 Neque
3535 647 3678 702 enim

2091 735 2284 789 frustra
2306 742 2362 790 et
2383 735 2649 789 incassum
2677 735 2913 806 seipsum
2942 737 3013 790 ita
3045 734 3382 793 humiliasset
3400 778 3415 803 ,
3447 737 3551 793 nisi
3581 753 3680 794 nos

2092 827 2422 884 exaltaturus
2449 837 2612 882 esset.
2643 826 2808 883 Natus
2835 837 2920 884 est
2945 828 3090 884 enim
3120 828 3413 885 secundum
3440 845 3682 896 carnem,

2095 928 2152 972 ut
2178 930 2230 973 tu
2258 918 2555 975 nascereris
2581 918 2872 975 secundum
2886 920 3131 991 spiritum
3160 937 3174 974 :
3205 929 3357 974 natus
3371 929 3535 977 estex
3561 938 3684 976 mu-

2095 1011 2246 1077 liere,
2299 1021 2358 1067 ut
2404 1019 2460 1066 tu
2497 1011 2775 1068 desineres
2821 1010 2961 1067 ﬁlius
2989 1027 3110 1068 esse
3154 1013 3420 1070 mulieris.
3460 1013 3693 1084 Ideoque

2095 1101 2290 1174 duplex
2314 1101 2588 1173 generatio
2609 1101 2726 1167 iuit,
2757 1110 2812 1158 et
2839 1119 2959 1174 qua:
2987 1103 3178 1159 similis
3206 1114 3406 1160 nostras
3433 1114 3600 1170 esset,
3635 1113 3692 1161 et

2096 1209 2217 1265 qua:
2247 1203 2486 1249 nostram
2515 1193 2538 1225 ³
2562 1201 2930 1264 exsuperaret.
2951 1194 3164 1250 Etenim
3197 1212 3260 1252 ex
3293 1197 3520 1253 muliere
3544 1197 3692 1251 nasci

2101 1286 2258 1342 nobis
2286 1285 2562 1356 competit;
2593 1287 2736 1342 nasci
2758 1296 2935 1343 autem
2960 1303 3068 1343 non
3093 1303 3159 1344 ex
3187 1288 3468 1360 sanguine,
3495 1304 3605 1346 non
3627 1306 3696 1346 ex

2100 1381 2372 1435 voluntate
2398 1379 2497 1434 viri
2527 1387 2582 1435 et
2603 1381 2805 1448 carnis,
2833 1380 2927 1436 sed
2949 1397 3017 1437 ex
3045 1380 3248 1452 Spiritu
3275 1392 3464 1439 sancto
3482 1425 3498 1451 ,
3525 1399 3693 1454 gene-

2104 1475 2366 1530 rationem
2394 1489 2493 1530 nos
2533 1485 2945 1544 exsuperantem
2975 1484 3031 1530 et
3076 1474 3308 1531 futuram
3338 1476 3698 1546 praenuntiat,

2101 1583 2223 1638 quae
2245 1582 2312 1624 ex
2339 1565 2543 1637 Spiritu
2586 1567 2740 1623 nobis
2766 1566 3108 1623 concedenda
3139 1579 3275 1623 erat.
3304 1566 3443 1633 Quin
3484 1575 3539 1624 et
3583 1584 3695 1622 ca:-

2104 1671 2220 1717 tera
2256 1675 2474 1732 quoque
2527 1658 2707 1715 omnia
2755 1658 3064 1730 huiusmodi
3111 1667 3284 1714 erant.
3329 1658 3541 1714 Etenim
3590 1660 3697 1714 tale

2104 1763 2220 1811 erat
2247 1762 2301 1810 et
2329 1754 2601 1809 lavacrum
2621 1771 2634 1808 :
2654 1753 2925 1823 quidpiam
2955 1753 3100 1808 enim
3125 1767 3193 1809 ex
3215 1753 3405 1818 veteri,
3427 1752 3698 1823 quidpiam

2104 1846 2267 1902 etiam
2296 1860 2370 1901 ex
2408 1859 2548 1900 novo
2577 1843 2830 1901 habebat.
2861 1842 2993 1919 Nam
3037 1858 3070 1899 a
3112 1844 3371 1915 propheta
3397 1843 3703 1914 baptizari,

2104 1953 2204 2010 per
2230 1936 2362 1994 illud
2386 1944 2542 1993 vetus
2569 1935 2972 2008 exprimebatur
2996 1953 3010 1990 :
3039 1935 3298 2005 Spiritum
3346 1945 3524 1991 autem
3573 1950 3702 1989 san-

2106 2042 2252 2088 ctum
2269 2029 2617 2096 descendere,
2638 2043 2832 2084 novum
2851 2026 3237 2083 subindicabat.
3257 2030 3334 2084 Ac
3349 2026 3701 2098 quemadmo-

2109 2124 2236 2179 dum
2263 2124 2308 2177 si
2334 2123 2454 2192 quis
2484 2122 2535 2174 in
2585 2119 2762 2176 medio
2801 2129 2984 2186 stans,
3027 2119 3161 2173 duos
3209 2120 3343 2174 alios
3390 2118 3695 2188 sejunctos,

2110 2213 2360 2286 expansis
2387 2213 2499 2266 suis
2528 2212 2867 2282 arreptisque
2894 2211 3108 2265 illorum
3155 2212 3401 2280 utrinque
3423 2210 3668 2268 manibus
3690 2250 3706 2273 ,

2111 2305 2455 2375 conjunxerit
2491 2321 2503 2356 :
2533 2305 2605 2358 ita
2655 2313 2710 2359 et
2757 2304 2849 2358 ille
2893 2303 3052 2367 fecit,
3099 2302 3264 2357 Vetus
3303 2302 3709 2358 Testamentum

2112 2399 2262 2455 Novo
2302 2395 2637 2467 adiungens,
2687 2403 2930 2450 naturam
2983 2393 3216 2449 divinam
3267 2393 3558 2460 humanae,
3607 2406 3704 2446 sua

2113 2489 2334 2547 nostris.
2364 2487 2550 2543 Viden’
2573 2486 2718 2542 urbis
2765 2485 2987 2556 hujusce
3015 2484 3274 2556 fulgorem
3297 2527 3314 2553 ,
3341 2493 3707 2555 quantumque

2119 2593 2171 2639 te
2212 2597 2244 2636 a
2281 2580 2546 2652 principio
2594 2577 3023 2634 collustraverit?
3074 2577 3343 2646 quomodo
3390 2576 3484 2631 tibi
3529 2591 3709 2646 regem

2119 2676 2298 2732 statim
2325 2673 2561 2731 ostendit
2586 2674 2639 2727 in
2674 2682 2764 2726 tua
2794 2671 2974 2741 specie
2997 2710 3015 2738 ,
3044 2671 3196 2741 quasi
3223 2670 3274 2724 in
3305 2669 3483 2724 medio
3511 2668 3716 2724 exerci-

2121 2771 2212 2826 tu?
2240 2769 2423 2838 Neque
2451 2766 2594 2822 enim
2634 2764 2709 2821 ibi
2735 2779 2830 2820 rex
2860 2779 3078 2834 semper
3103 2763 3414 2834 dignitatem
3436 2777 3589 2817 suam
3620 2776 3713 2817 os-

2123 2862 2312 2929 tendit,
2339 2859 2436 2917 sed
2472 2858 2635 2915 missa
2674 2871 2908 2929 purpura
2936 2865 2992 2912 et
3032 2855 3334 2912 diademate
3364 2894 3380 2920 ,
3426 2853 3714 2909 militarem

2125 2969 2268 3025 saepe
2292 2960 2498 3008 vestem
2528 2949 2722 3005 induit.
2761 2947 2868 3004 Sed
2896 2947 2968 3002 ibi
2996 2945 3210 3017 quidem
3232 2986 3249 3013 ,
3281 2959 3350 3001 ne
3393 2951 3551 2999 notus
3591 2958 3717 2997 cum

2125 3047 2216 3114 sit,
2247 3045 2431 3100 hostes
2456 3041 2524 3098 ad
2551 3056 2612 3098 se
2635 3038 2906 3105 attrahat;
2942 3037 3031 3094 hic
3055 3045 3243 3093 contra
3265 3077 3281 3100 ,
3312 3051 3381 3091 ne
3406 3043 3564 3089 notus
3591 3048 3715 3088 cum

2133 3146 2222 3211 sit,
2243 3143 2454 3199 hostem
2475 3157 2541 3197 ex
2569 3139 2850 3198 conflictus
2868 3137 3060 3193 timore
3086 3135 3140 3189 in
3167 3131 3344 3203 fugam
3363 3137 3558 3196 vertat,
3582 3141 3718 3183 neve

2133 3251 2260 3292 suos
2283 3236 2568 3291 conturbet
2594 3233 2857 3289 :salutem
2902 3230 3048 3284 enim
3089 3226 3218 3296 ipsis
3241 3265 3258 3293 ,
3298 3239 3405 3279 non
3453 3231 3715 3277 terrorem

2135 3327 2326 3383 afferre
2353 3327 2553 3383 studet.
2585 3325 2710 3381 ideo
2733 3321 2911 3397 statim
2934 3321 3107 3392 ipsum
3126 3319 3219 3372 illo
3239 3315 3457 3371 nomine
3485 3312 3714 3378 vocavit,

2136 3420 2328 3489 nempe
2352 3417 2554 3474 Jesum.
2582 3417 2692 3472 Hoc
2710 3415 2907 3487 quippe
2928 3425 3123 3468 nomen
3151 3409 3315 3464 Jesus
3333 3421 3440 3461 non
3465 3414 3549 3461 est
3570 3403 3724 3460 Grae-

2133 3525 2279 3578 cum;
2301 3508 2398 3566 sed
2419 3508 2676 3566 Hebraica
2699 3507 2874 3578 lingua
2892 3503 2971 3560 sic
2983 3501 3282 3574 appellatur
3304 3498 3480 3562 Jesus;
3508 3496 3562 3552 id
3577 3495 3719 3570 quod

2134 3601 2322 3657 Graece
2340 3600 2626 3670 signiﬁcat,
2652 3608 2835 3669 Σωτὴρ,
2863 3595 3110 3653 Salvator
3135 3610 3150 3648 :
3179 3591 3422 3646 Salvator
3445 3604 3607 3660 porro
3638 3589 3724 3644 di-

2132 3693 2294 3763 citur,
2315 3695 2456 3762 quod
2483 3695 2696 3752 salvum
2724 3691 2884 3747 faciat
2906 3689 3159 3760 populum
3181 3699 3334 3741 suum
3348 3723 3362 3736 .

2215 3875 2266 3931 3.
2285 3873 2446 3930 Vides
2471 3873 2737 3944 quomodo
2756 3875 3054 3930 auditorem
3077 3874 3268 3939 erexit,
3289 3883 3548 3930 consueto
3575 3888 3729 3930 more

2143 3964 2304 4021 verba
2331 3963 2552 4033 faciens,
2579 3981 2643 4023 ac
2665 3980 2762 4036 per
2785 3979 2849 4022 ea
2876 3981 2998 4037 qua
3024 3965 3180 4033 dicit,
3201 3965 3292 4033 illa
3318 3981 3438 4036 qum
3461 3979 3610 4035 spem
3637 3980 3726 4019 su-

2141 4067 2332 4128 perant
2354 4059 2511 4116 nobis
2538 4059 2785 4115 omnibus
2815 4058 3056 4116 indicat?
3082 4058 3216 4113 Nam
3245 4059 3522 4128 utriusque
3550 4059 3726 4112 nomi-

2139 4149 2223 4204 nis
2256 4163 2448 4221 magna
2471 4159 2588 4206 erat
2615 4149 2756 4221 apud
2778 4149 2993 4207 Judaios
3029 4149 3282 4222 cognitio.
3316 4149 3447 4218 Quia
3473 4148 3619 4205 enim
3649 4150 3731 4203 in-

2137 4250 2442 4310 eXSpectata
2497 4241 2742 4312 quaedam
2793 4241 2998 4313 agenda
3043 4250 3196 4297 erant
3223 4281 3239 4307 ,
3267 4230 3276 4239 ”
3287 4242 3399 4311 jam
3451 4241 3726 4296 nominum

2139 4331 2323 4403 figurae
2347 4343 2771 4404 prmcesserant;
2799 4334 2872 4390 ita
2901 4344 2958 4389 ut
2980 4335 3092 4404 jam
3116 4334 3244 4389 olim
3273 4334 3452 4390 omnis
3477 4334 3728 4389 novitatis

2125 4447 2183 4492 tu
2190 4444 2393 4493 multus
2405 4443 2704 4506 praereptus
2718 4441 2881 4490 esset.
2894 4431 3054 4488 Iesus
3067 4447 3213 4488 enim
3227 4440 3452 4488 vocatur
3461 4430 3705 4502 qui,post

2127 4529 2389 4601 Moysem,
2409 4527 2669 4598 populum
2687 4525 2740 4580 in
2761 4532 2964 4580 terram
2985 4522 3363 4595 promissionis
3380 4523 3703 4578 introduxit.

2133 4619 2332 4675 Vidisti
2373 4618 2627 4689 ﬁguram,
2663 4613 2787 4671 vide
2826 4621 2882 4670 et
2925 4614 3228 4670 veritatem.
3271 4613 3366 4668 llle
3404 4612 3460 4667 in
3502 4622 3703 4667 terram

2129 4709 2551 4782 promissionis,
2600 4707 2692 4764 hic
2732 4707 2788 4762 in
2825 4706 3018 4762 caelum
3059 4714 3115 4761 et
3154 4705 3209 4761 in
3247 4705 3484 4761 caelestia
3524 4705 3703 4760 bona:

2131 4803 2221 4858 ille
2265 4809 2388 4872 post
2445 4809 2675 4855 mortem
2715 4798 2916 4870 Moysis
2941 4837 2958 4864 ,
3001 4798 3094 4854 hie
3133 4803 3425 4869 postquam
3469 4797 3554 4852 lex
3593 4811 3714 4851 ces-

2134 4897 2277 4953 savit
2319 4914 2334 4952 :
2379 4895 2470 4950 ille
2500 4904 2563 4950 ut
2600 4895 2786 4968 populi
2831 4894 2964 4959 dux,
3011 4893 3102 4949 hic
3137 4902 3197 4948 ut
3218 4908 3337 4949 rex.
3386 4890 3492 4947 Sed
3533 4906 3602 4946 ne
3620 4889 3714 4946 Je-

2135 5003 2256 5044 sum
2294 4986 2518 5042 audiens
2556 5000 2622 5041 ex
2659 4985 2946 5042 nominum
2984 4983 3342 5040 similitudine
3376 4981 3669 5053 decipiaris
3692 5023 3717 5048 ν

2137 5076 2285 5136 aliud
2303 5077 2547 5132 subdidit
2571 5075 2745 5145 :desu
2760 5075 2964 5132 Christi
2986 5074 3090 5145 ﬁt-ii
3113 5072 3321 5129 David.
3338 5073 3432 5136 Ille
3453 5087 3586 5128 vero
3605 5086 3713 5126 non

2136 5157 2455 5234 ex'Davide,
2481 5168 2576 5225 sed
2598 5185 2666 5226 ex
2685 5169 2792 5224 alia
2814 5169 2962 5224 tribu
2985 5174 3126 5224 erat.
3153 5166 3261 5222 Sed
3281 5180 3382 5220 cur
3401 5165 3604 5219 librum
3631 5176 3718 5217 vo-

2142 5269 2233 5316 cat
2256 5261 2626 5333 generationis
2647 5258 2776 5317 lesu
2801 5260 3032 5325 Christi,
3053 5273 3179 5314 cum
3206 5268 3390 5312 tamen
3416 5272 3525 5311 non
3542 5255 3722 5311 solam

2202 5487 2226 5519 ³
2248 5493 2397 5544 Savil.
2423 5501 2477 5544 et
2505 5494 2694 5555 Morel.,
2710 5500 2936 5545 naturam
2961 5501 3193 5555 nostram.
3219 5493 3326 5544 Sed.
3345 5495 3726 5555 vox._mtturlm!.

2144 5557 2292 5604 deest
2327 5561 2377 5605 In
2409 5556 2636 5605 omnibus
2658 5549 2794 5618 pene
2825 5554 3191 5618 Mauuscriptis,
3222 5568 3316 5604 nec
3335 5549 3638 5615 exprimitur
3657 5551 3727 5618 ab

2146 5619 2357 5742 :qilano.
2386 5617 2508 5669 Nam
2533 5611 2910 5682 voxfnostmm,
2929 5611 3148 5670 reici-{ur
3165 5611 3226 5669 ad
3249 5611 3438 5674 vocem,
3456 5611 3729 5680 generatio,

2175 5694 2202 5728 υ
2224 5694 2239 5724 l
2265 5694 2310 5729 ἃ.

2175 5694 2310 5729 υιπει.
