4078 6372
371 346 451 400 23
1542 353 1606 409 ΙΝ
1645 356 1967 416 ΜΑΤΤΙΙΙΕΙ

2087 361 2319 421 HomL.
2357 366 2424 425 ιι.
2632 338 2641 345 ’
3611 374 3683 430 εδ

384 455 633 519 ἀναστὰς
678 456 791 511 τῶν
846 458 1166 529 βασιλικῶν,
1226 462 1322 518 καὶ
1363 463 1444 528 εἰς
1483 462 1583 535 τὴν
1614 461 1742 533 γῆν,
1779 462 1874 515 καὶ
1903 464 1985 527 εἰς

386 546 555 601 αὐτὸν
587 548 679 601 τὸν
858 552 1024 617 ἥλατο
1045 556 1073 608 6
1101 554 1254 619 Θεὸς,
1281 556 1374 609 καὶ
1396 556 1489 610 ἐπὶ
1502 556 1601 626 τῆς
1625 555 1985 628 παρατάξεως

383 635 546 709 ἔστη·
580 640 695 706 πῶς
724 643 783 697 δὲ
830 643 879 677 ⁸⁸
908 647 1382 718 ἀντιπαρετάξατο
1408 649 1437 703 6
1462 647 1727 716 διάϐολος,
1777 649 1979 721 μᾶλλον

382 729 446 784 δὲ
468 733 530 785 οὐ
552 733 670 806 Θεῷ
701 737 913 809 γυμνῷ,
950 740 1084 795 ἀλλὰ
1118 741 1239 812 Θεῷ
1276 742 1593 814 ἀνθρωπίνῃ
1622 744 1984 814 κρυπτομένῳ

386 821 577 891 φύσει.
628 828 739 881 Καὶ
776 829 837 883 τὸ
884 831 949 903 δὴ
995 831 1325 904 θαυμαστὸν,
1363 833 1445 887 ὅτι
1492 833 1709 906 θανάτῳ
1755 834 1984 889 θάνατον

385 914 509 981 ὄψει
548 915 827 986 λυόμενον,
860 922 950 971 καὶ
993 923 1237 991 κατάραν
1286 921 1688 993 ἀφανιζομένην
1740 924 1971 996 κατάρᾳ,

386 1004 484 1057 καὶ
505 1005 578 1057 δι’
600 1000 675 1059 ὧν
713 1009 934 1079 ίσχυσεν
971 1013 999 1064 6
1035 1011 1303 1076 διάϐολος,
1334 1011 1422 1065 διά
1450 1013 1655 1067 τούτων
1682 1012 1848 1066 αὐτοῦ
1880 1031 1963 1066 κα-

382 1093 726 1168 ταλυομένην
754 1102 854 1170 τὴν
882 1102 1192 1172 τυραννίδα.
1239 1102 1627 1175 Διαναστῶμεν
1656 1105 1854 1170 τοίνυν,
1884 1105 1979 1158 καὶ

386 1186 468 1255 μὴ
496 1187 867 1261 καθεύδωμεν·
908 1192 1018 1247 ἰδοὺ
1062 1194 1171 1265 γάρ
1198 1194 1309 1265 όρῶ
1343 1195 1442 1257 τὰς
1475 1194 1649 1260 πύλας
1670 1198 1803 1266 ἡμῖν
1831 1197 1949 1250 ἀνοι

378 1279 647 1348 γομένας·
674 1280 792 1334 ἀλλ’
830 1282 1089 1353 εἰσίωμεν
1134 1284 1274 1355 μετὰ
1312 1283 1567 1350 εὐταξίας
1606 1285 1825 1356 ἀπάσης
1881 1285 1976 1340 καὶ

374 1370 611 1441 τρόμου,
658 1374 769 1427 τῶν
807 1376 1093 1447 προθύρων
1121 1376 1301 1432 αὐτῶν
1339 1378 1545 1441 εὐθέως
1585 1378 1974 1443 ἐπιϐαίνοντες.

379 1461 524 1516 Τίνα
548 1463 607 1517 δέ
637 1465 757 1519 ἐστι
784 1466 959 1522 ταῦτα
987 1468 1057 1521 τά
1097 1468 1378 1541 πρόθυρα;
1430 1471 1648 1537 Βίϐλος
1685 1471 1977 1541 γενέσεως

399 1554 601 1623 Ἰησοῦ
648 1558 933 1626 Χριστοῦ.
980 1561 1116 1616 υίοῦ
1172 1562 1372 1629 Δαυῒδ,
1409 1562 1546 1617 υἱοῦ
1605 1562 1877 1633 Ἀϐραάμ.
1910 1564 1976 1617 Τί

376 1642 603 1713 λέγεις;
639 1648 772 1718 περὶ
808 1647 905 1702 τοῦ
930 1651 1254 1721 μονογενοῦς
1282 1651 1414 1707 Υἰοῦ
1451 1652 1548 1708 τοῦ
1579 1653 1714 1708 Θεοῦ
1742 1654 1977 1720 διαλέξε-

380 1735 512 1789 σθαι
542 1738 589 1769 ⁸⁸
618 1739 953 1810 ἐπηγγείλω,
997 1742 1209 1797 καὶτοῦ
1255 1744 1419 1800 Δαυῒδ
1456 1746 1843 1817 μνημονεύεις,
1877 1748 1976 1802 ἀν-

377 1824 607 1896 θρώπου
642 1830 779 1899 μετά
834 1832 1036 1903 μυρίας
1084 1835 1280 1904 γενεὰς
1316 1838 1635 1908 γενομένου,
1664 1840 1759 1893 καὶ
1812 1839 1977 1893 αὐτὸν

377 1912 526 1970 εἷναι
563 1920 670 1990 φῂς
697 1921 795 1975 καὶ
834 1922 1048 1993 πατέρα
1077 1925 1173 1978 καὶ
1210 1927 1509 1997 πρόγονον;
1572 1928 1851 2001 Ἐπίσχες,
1880 1929 1977 1984 καί⁸

379 2009 466 2080 μὴ
518 2012 699 2066 πάντα
746 2013 959 2084 ἀθρόως
1011 2013 1166 2087 ζήτει
1220 2018 1431 2088 μαθεῖν,
1472 2019 1587 2074 ἀλλ’
1650 2021 1835 2093 ήρέμα
1880 2022 1977 2076 καὶ

375 2098 527 2152 κατά
571 2103 789 2173 μικρόν.
830 2104 920 2157 Ἐν
968 2106 1078 2178 γὰρ
1110 2108 1225 2172 τοῖς
1274 2109 1569 2183 προθύροις
1613 2111 1851 2183 ἕστηκας
1891 2113 1974 2166 ἔτι

378 2190 516 2260 παρ’
568 2192 711 2248 αὐτά
756 2194 826 2248 τά
862 2196 1196 2267 προπύλαια·
1229 2200 1283 2255 τί
1330 2201 1510 2257 τοίνυν
1556 2202 1805 2269 σπεύδεις
1836 2205 1975 2277 πρὸς

374 2283 452 2335 τά
478 2283 647 2338 ἄδυτα
670 2302 684 2351 ;
715 2286 883 2342 Οὐπω
909 2289 979 2343 τὰ
1001 2288 1105 2355 ἔξω
1122 2292 1303 2358 καλῶς
1318 2294 1711 2361 κατώπτευσας
1735 2296 1969 2354 ἅπαντα.

376 2374 519 2427 Οὐδέ
555 2377 665 2446 γὰρ
694 2379 910 2449 ἐκείνην
938 2398 1023 2434 σοι
1064 2383 1206 2447 τέως
1243 2384 1537 2458 διηγοῦμαι
1572 2389 1671 2460 τὴν
1697 2389 1968 2459 γέννησιν·

380 2465 591 2535 μᾶλλον
617 2467 676 2521 δὲ
698 2469 820 2523 οὐδὲ
843 2470 943 2542 τὴν
970 2473 1108 2542 μετά
1134 2474 1325 2531 ταῦτα·
1354 2478 1726 2550 ἀνέκφραστος
1747 2482 1855 2553 γάρ
1877 2485 1972 2536 καὶ

377 2559 719 2631 ἀπόρρητος.
755 2563 867 2616 Καὶ
913 2564 1018 2635 πρὸ
1051 2566 1188 2637 ἐμοῦ
1228 2585 1310 2622 σοι
1336 2569 1495 2625 τοῦτο
1522 2573 1551 2625 ό
1572 2574 1861 2645 προφήτης
1896 2572 1973 2627 εἷ-

376 2669 486 2705 πεν
523 2653 776 2720 Ἡσαΐας·
812 2657 1208 2732 ἀνακηρύττων
1238 2663 1349 2737 γὰρ
1387 2664 1552 2720 αὐτοῦ
1581 2666 1641 2720 τὸ
1673 2668 1845 2730 πάθος
1876 2668 1972 2721 καὶ

374 2742 481 2814 τὴν
523 2746 724 2819 πολλὴν
754 2750 897 2823 ὐπέρ
943 2756 1042 2824 τῆς
1092 2756 1422 2829 οἰκουμένης
1476 2759 1823 2831 κηδεμονίαν,
1877 2763 1970 2815 καὶ

374 2836 818 2909 ἐκπληττόμενος
844 2844 931 2910 τίς
978 2846 1054 2899 ὣν
1102 2848 1156 2900 τί
1206 2849 1419 2918 γέγονε,
1453 2852 1548 2905 καὶ
1584 2852 1689 2907 ποῦ
1738 2854 1965 2925 κατέϐη,

373 2926 494 3002 [21]
527 2931 791 3003 ἀνεϐόησε
837 2938 979 3008 μέγα
1012 2940 1108 2994 καὶ
1150 2940 1404 3016 λαμπρὸν
1433 2944 1577 2999 οὕτω
1616 2946 1812 3016 λέγων·
1848 2949 1969 3018 Τὴν

368 3023 592 3088 γενεὰν
610 3026 800 3081 αὑτοῦ
815 3029 909 3095 τίς
944 3030 1293 3101 διηγήσεται
1313 3050 1331 3099 ;

450 3112 514 3181 β’.
534 3116 611 3169 Οὐ
628 3118 806 3173 τοίνυν
828 3122 957 3193 περί⁵
972 3124 1185 3195 ἐκείνης
1198 3128 1331 3197 ἡμῖν
1345 3130 1372 3181 6
1386 3128 1541 3197 λόγος
1556 3128 1675 3194 νῦν,
1691 3130 1827 3184 ἀλλά
1841 3132 1967 3203 περὶ

372 3206 580 3276 ταύτης
610 3210 711 3280 τῆς
743 3212 914 3279 κάτω,
941 3216 1041 3285 τῆς
1070 3217 1128 3270 ἐν
1160 3220 1225 3289 τῇ
1247 3222 1318 3291 γῇ
1358 3220 1674 3292 γενομένης,
1695 3223 1793 3294 τῆς
1830 3223 1966 3293 μετά

375 3299 591 3369 μυρίων
625 3303 939 3376 μαρτύρων.
970 3308 1079 3361 Καὶ
1112 3309 1242 3381 περὶ
1264 3309 1470 3381 ταύτης
1488 3312 1565 3378 δὲ,
1602 3312 1679 3377 ὡς
1709 3315 1843 3385 ἡμῖν
1870 3313 1965 3369 δυ-

375 3403 541 3457 νατὸν
574 3406 749 3457 εἰπεῖν
786 3403 1101 3475 δεξαμένοις
1147 3404 1246 3476 τήν
1298 3404 1393 3459 τοῦ
1439 3406 1754 3477 Πνεύματος
1784 3406 1962 3476 χάριν,

376 3494 523 3547 οὕτω
548 3494 940 3567 διηγησόμεθα.
963 3494 1098 3549 Οὐδέ
1130 3495 1239 3566 γάρ
1264 3495 1470 3568 ταύτην
1506 3495 1645 3567 μετὰ
1668 3495 1965 3565 σαφηνείας

377 3585 567 3655 πάσης
594 3585 945 3656 παραστῆσαι
976 3585 1074 3640 ενι·
1100 3586 1221 3640 ἐπεὶ
1241 3588 1338 3641 καὶ
1361 3586 1499 3659 αὕτη
1529 3587 1959 3658 φρικωδεστάτη.

376 3677 473 3747 Μὴ
503 3675 681 3728 τοίνυν
736 3676 909 3748 μικρά
956 3677 1187 3750 νομίσῃς
1240 3675 1480 3743 ἀκούειν,
1522 3677 1728 3747 ταύτην
1750 3674 1963 3728 ἀκούων

378 3769 478 3838 τὴν
503 3768 779 3837 γέννησιν·
830 3768 945 3823 ἀλλ’
977 3769 1281 3839 άνάστησόν
1321 3787 1417 3823 σου
1439 3770 1538 3841 τὴν
1564 3769 1821 3832 διάνοιαν,
1869 3768 1964 3821 καὶ

376 3857 583 3921 εὐθέως
607 3857 817 3929 φρίξον,
847 3859 1087 3924 ἀκούσας
1116 3860 1197 3914 ὅτι
1219 3859 1351 3924 Θεὸς
1371 3860 1463 3913 ἐπὶ
1485 3860 1588 3930 γῆς
1626 3854 1811 3931 ἦλθεν.
1853 3856 1961 3912 Οὓ-

376 3966 457 4002 τω
485 3950 596 4021 γὰρ
623 3950 781 4004 τοῦτο
827 3950 1138 4021 θαυμαστὸν
1182 3952 1275 4006 καὶ
1303 3952 1605 4023 παράδοξον
1649 3946 1739 4022 ῆν,
1760 3952 1835 4014 ὡς
1869 3951 1963 4003 καὶ

374 4040 504 4103 τοὺς
560 4042 828 4111 ἀγγέλους
870 4043 1031 4115 χορὸν
1077 4042 1219 4114 ὑπὲρ
1261 4042 1468 4097 τούτων
1518 4043 1821 4113 στήσαντας
1862 4040 1961 4109 τήν

376 4131 522 4203 ὑπὲρ
568 4132 672 4202 τῆς
722 4134 1049 4204 οἰκουμένης
1080 4134 1171 4187 ἐπὶ
1216 4131 1425 4197 τούτοις
1461 4131 1754 4202 ἀναφέρειν
1790 4130 1961 4200 εὐφη-

379 4222 532 4292 μίαν,
572 4224 667 4277 καὶ
703 4225 829 4288 τούς
866 4225 1153 4296 προφήτας
1197 4222 1403 4279 ἄνωθεν
1455 4222 1614 4277 τοῦτο
1661 4221 1960 4292 ἐκπλήττε-

379 4315 527 4379 σθαι,
561 4315 645 4369 ὅτι
690 4314 817 4369 Ἑπί
842 4314 953 4383 τῆς
976 4314 1091 4385 τῆς
1128 4314 1316 4384 ὤφθη,
1350 4314 1449 4369 καὶ
1477 4312 1603 4382 τοῖς
1630 4311 1961 4380 ἀνθρώποις

372 4407 871 4477 συνανεστράςρη.
905 4409 1015 4462 Καὶ
1035 4409 1142 4480 γάρ
1175 4409 1219 4442 ⁸⁷
1241 4409 1448 4479 σφόδρα
1478 4405 1776 4479 παράδοξον
1796 4404 1960 4460 ἀκοῦ-

375 4514 491 4561 σαι,
528 4500 612 4554 ὅτι
633 4502 661 4552 ὁ
690 4499 734 4531 ⁸⁸
766 4499 900 4563 Θεὸς
937 4502 967 4554 6
999 4501 1310 4571 ἀπόρρητος
1343 4501 1409 4565 ⁸⁸,
1444 4500 1538 4553 καὶ
1566 4499 1957 4571 ἀνέκφραστος,

374 4590 475 4640 καὶ
492 4589 871 4660 άπερινόητος,
906 4591 1001 4644 καὶ
1032 4589 1111 4661 τῷ
1140 4592 1314 4663 Πατρὶ
1337 4590 1464 4655 ἶσος.
1491 4591 1579 4644 διὰ
1597 4592 1810 4662 μήτρας
1828 4585 1957 4660 ἦλθε

375 4678 737 4750 παρθενικῆς,
772 4682 869 4735 καὶ
894 4681 1151 4751 γενέσθαι
1197 4684 1262 4735 ἐκ
1302 4682 1561 4752 γυναικὸς
1610 4680 1957 4747 κατεδέξατο,

376 4773 471 4826 καὶ
499 4775 649 4842 σχεῖν
676 4774 977 4845 προγόνους
1002 4774 1094 4828 τὸν
1116 4773 1279 4829 Δαυῒδ
1299 4775 1395 4828 καὶ
1428 4774 1517 4829 τὸν
1559 4771 1829 4845 Ἀϐραάμ.
1848 4774 1960 4827 Καὶ

376 4863 429 4916 τί
468 4863 614 4932 λέγω
660 4863 753 4919 τὸν
802 4864 965 4919 Δαυῒδ
1004 4866 1098 4919 καὶ
1148 4866 1241 4919 τὸν
1296 4865 1579 4938 Ἀϐραάμ,
1628 4865 1704 4919 T6
1749 4865 1860 4939 γάρ
1895 4866 1958 4938 δή

374 4957 831 5029 φρικωδέστερον,
859 4958 958 5021 τὰς
988 4960 1254 5028 γυναῖκας
1296 4959 1509 5019 ἐκείνας
1548 4958 1616 5023 ⁷⁰,
1647 4950 1722 5011 ὧν
1755 4958 1959 5030 ἀρτίως

374 5048 750 5120 ἐμνήσθημεν.
801 5049 985 5103 Ταῦτα
1034 5052 1267 5116 ἀκούων,
1311 5049 1595 5122 ἀνάστηθι,
1641 5049 1737 5104 καὶ
1794 5050 1959 5121 μηδὲν

371 5141 629 5193 ταπεινὸν
661 5140 1031 5214 ὑποπτεύσῃς,
1062 5141 1200 5195 ἀλλὰ
1244 5142 1340 5195 καὶ
1373 5140 1462 5194 διὰ
1490 5140 1647 5194 τοῦτο
1686 5140 1818 5193 αὐτὸ
1850 5140 1956 5209 μά-

374 5230 535 5283 λιστα
564 5231 863 5302 θαύμασον,
891 5232 972 5285 ὅτι
1004 5232 1134 5297 Υἱὸς
1164 5231 1239 5287 ὣν
1269 5231 1363 5285 τοῦ
1403 5232 1642 5303 ἀνάρχου
1670 5230 1828 5295 Θεοῦ,
1864 5232 1956 5284 καὶ

376 5323 602 5394 γνήσιος
630 5322 778 5389 Υἱὸς,
805 5323 1066 5394 ἠνέσχετο
1114 5323 1346 5379 ἀκοῦσαι
1379 5322 1475 5377 καί⁸
1507 5322 1671 5377 Δαυτδ
1696 5322 1841 5387 υίὸς,
1870 5323 1958 5376 ἵνα

381 5414 441 5467 σέ
467 5416 666 5487 ποιήσῃ
697 5415 811 5469 υἱὸν
832 5414 989 5469 Θεοῦ·
1015 5415 1272 5487 ἠνέσχετο
1296 5416 1510 5487 πατέρα
1536 5413 1684 5486 αὐτῷ
1704 5413 1956 5483 γενέσθαι

375 5506 583 5569 δοῦλον,
607 5507 697 5560 ἴνα
729 5506 813 5560 σοὶ
840 5506 919 5578 τῷ
958 5507 1129 5580 δούλῳ
1163 5507 1383 5578 Πατέρα
1401 5506 1604 5578 ποιήσῃ
1633 5505 1724 5560 τὸν
1751 5505 1957 5558 Δεσπό-

374 5615 498 5670 την.
525 5595 676 5665 Εἶδες
730 5601 795 5654 ἐκ
840 5600 1143 5673 προοιμίων
1174 5599 1376 5665 εὐθέως
1403 5595 1493 5654 οἷα
1532 5600 1601 5654 τά
1629 5599 1953 5669 εὐαγγέλια;

456 5815 505 5847 ⁵⁵
536 5813 618 5885 δέ]
638 5813 680 5863 Ἰ·
705 5813 825 5937 Θεέ)
855 5812 917 5867 Ε.
995 5814 1041 5848 ⁸⁸
1061 5814 1411 5895 διαλέξασθαι

456 5886 528 5937 Id.
607 5887 653 5917 ⁶⁹
693 5886 772 5937 ἀπ
808 5885 1030 5937 ὸόῇτοςῖ
1056 5887 1351 5937 ἀπρόσιτος
1382 5888 1411 5937 l1

391 5881 528 5937 Edd.
561 5954 572 5957 _
601 5881 658 5957 ﬁ‘"
682 5881 1030 5957 ἀπόρρητος]
1056 5881 1351 5957 ἀπρόσιτος
1382 5886 1440 5939 Ε.

388 5954 574 6009 caeleri
608 5955 764 6021 ἀλλά.
808 5954 818 5957 ’
843 5956 889 5986 ⁷³
918 5954 1303 6021 προαναφωνεῖ
1333 5955 1389 6007 Β.
1415 5957 1519 6010 An.

1446 5829 1527 5886 pr.
1568 5814 1627 5867 ῐ).
1660 5812 2003 5886 διαλέγεσθαι
2033 5811 2096 5869 Ε.

1521 5886 1565 5917 ⁷ο
1595 5882 1832 5953 ἐκείναςῖ
1853 5885 1893 5933 +
1923 5883 2019 5954 τάς
2044 5882 2252 5954 πόρνας

1618 5948 2020 6034 ⁷⁸εριρῦτεὶνῌ
2041 5948 2224 6034 ἦν’Βο.
2269 5952 2327 6034 '1
2342 5948 2425 6034 τί]
2461 5949 2639 6034 mihi?

2100 468 2169 526 Εἰ
2209 472 2266 526 οὲ
2318 470 2435 546 [22]
2486 470 2847 543 ἀμφιϐάλλεις
2900 472 3028 541 περί
3074 468 3182 523 τῶν
3238 470 3367 529 σῶν,
3412 467 3518 519 ἀπὸ
3565 484 3674 520 των

2098 568 2309 623 ἐκείνου
2333 568 2427 621 καὶ
2460 567 2634 619 ταῦτα
2681 565 2921 618 πίστευε.
2953 562 3091 617 Πολὺ
3118 562 3226 634 γάρ
3253 558 3672 629 δυσκολώτερον,

2099 663 2222 717 ὅσον
2248 664 2326 725 εἰς
2354 660 2690 733 ἀνθρώπινον
2719 658 2997 729 λογισμὸν,
3028 657 3161 711 Θεὸν
3204 653 3485 726 ἄνθρωπον
3516 652 3673 721 γενέ-

2102 754 2246 817 σθαι,
2291 751 2325 823 ἦ
2371 751 2655 823 ἄνθρωπον
2680 750 2792 805 υἱὸν
2821 748 2956 803 Θεοῦ
3002 745 3353 820 χρηματίσαι.
3383 745 3550 798 Ὀταν
3580 738 3675 797 οὐν

2100 844 2358 916 ἀκούσῃς,
2388 845 2475 897 ὅτι
2505 845 2534 896 6
2562 843 2688 907 Υἰδς
2707 840 2802 896 τοῦ
2826 841 2961 895 Θεοῦ
2992 840 3103 904 υίὸς
3130 837 3224 892 τοῦ
3251 837 3414 891 Δαυῖδ
3444 837 3557 889 ἐστ-ι
3583 835 3677 888 καὶ

2100 934 2194 989 τοῦ
2224 934 2425 1004 ’Δϐραά
2435 952 2494 1003 μ,
2522 933 2595 1004 μὴ
2617 931 2920 1003 ἀμφίϐαλλε
2946 929 3149 994 λοιπὸν,
3178 929 3259 981 ὃτι
3280 927 3371 980 καὶ
3401 927 3487 987 σὺ,
3514 928 3542 979 6
3562 925 3677 987 υἰὸς

2092 1025 2187 1078 τοῦ
2233 1028 2425 1097 ’Λδὰμ,
2460 1029 2576 1090 υἱὸς
2613 1026 2712 1099 έσῃ
2739 1025 2833 1077 τοῦ
2881 1022 3036 1077 Θεοῦ.
3080 1020 3216 1076 Οὐδέ
3250 1020 3357 1091 γάρ
3394 1018 3516 1088 εἰκῆ
3575 1016 3669 1072 καὶ

2092 1113 2269 1183 μάτην
2301 1115 2550 1169 τοσοῦτον
2587 1113 2780 1166 ἑαυτὸν
2824 1110 3208 1171 ἐταπείνωσεν,
3245 1109 3293 1159 εἰ
3338 1105 3412 1177 μὴ
3445 1104 3669 1175 ἔμελλεν

2089 1201 2236 1272 ἡμᾶς
2258 1200 2515 1271 ἀνυψοῦν.
2556 1198 2850 1269 Ἐγεννήθη
2877 1198 2983 1266 γὰρ
3014 1197 3057 1225 '”
3090 1194 3233 1247 κατὰ
3263 1194 3460 1262 σάρκα.
3491 1191 3577 1244 ῖνα
3601 1190 3666 1243 σὺ

2087 1291 2354 1362 γεννηθῇς
2399 1292 2543 1346 κατὰ
2587 1290 2827 1359 πνεῦμα·
2881 1287 3142 1358 ἐγεννήθη
3177 1286 3241 1337 ἐκ
3273 1282 3552 1353 γυναικὸς,
3581 1280 3667 1333 ἵνα

2087 1384 2152 1436 σύ
2177 1382 2361 1456 παύσῃ
2393 1381 2649 1451 γυναικδς
2678 1379 2753 1433 ὢν
2780 1381 2909 1443 υἱός.
2954 1379 3052 1432 Διά
3074 1376 3230 1430 τοῦτο
3254 1375 3418 1445 διπλῆ
3443 1374 3665 1442 γέγονεν

2084 1474 2119 1543 ἡ
2147 1474 2418 1545 γέννησις,
2452 1473 2548 1527 καὶ
2575 1473 2786 1525 ἐοικυῖα
2808 1473 2961 1540 ἡμῖν,
2992 1469 3087 1521 καὶ
3116 1466 3518 1539 ὑπερϐαίνουσα
3563 1463 3665 1535 τὴν

2085 1562 2379 1636 ἡμετέραν.
2411 1564 2485 1616 Τὸ
2516 1563 2614 1634 μὲν
2647 1562 2757 1632 γάρ
2782 1563 2845 1613 ἐκ
2882 1559 3141 1629 γυναικὸς
3181 1556 3506 1627 γεννηθῆναι
3533 1556 3665 1625 ἡμῖν

2085 1656 2383 1710 συνέϐαινε·
2420 1655 2483 1709 τὸ
2510 1655 2569 1709 δὲ
2625 1654 2700 1725 μὴ
2724 1653 2783 1718 ἐξ
2814 1653 3065 1724 αἵματος,
3115 1650 3247 1722 μηδὲ
3274 1652 3339 1702 ἐκ
3364 1648 3662 1719 θελήματος

2085 1749 2286 1817 σαρκὸς
2314 1749 2347 1819 ἢ
2379 1749 2589 1819 ἀνδρὸς,
2627 1748 2741 1801 ἀλλ’
2788 1750 2854 1801 ἐκ
2902 1747 2948 1777 ⁷⁸
2995 1743 3309 1814 Πνεύματος
3349 1741 3524 1809 ἁγίου,
3562 1739 3661 1810 τὴν

2083 1839 2519 1910 ὐπερϐαίνουσαν
2555 1842 2701 1910 ἡμᾶς
2750 1839 2844 1893 καί
2867 1838 2965 1907 τὴν
3006 1837 3301 1907 μέλλουσαν
3343 1830 3661 1905 προανεφώ-

2081 1947 2163 1985 νει
2191 1932 2236 1963 ⁷³
2261 1931 2531 2002 γέννησιν,
2554 1932 2622 2001 ἢν
2643 1933 2776 2001 ἡμῖν
2809 1928 3030 2000 ἔμελλεν
3057 1930 3122 1981 ἐκ
3150 1925 3466 1996 Πνεύματος
3499 1922 3659 1994 χαρί-

2080 2021 2287 2088 ζεσθαι.
2306 2023 2417 2077 Καὶ
2462 2023 2638 2077 πάντα
2664 2023 2721 2076 δὲ
2755 2022 2823 2076 τά
2854 2021 2991 2077 ἀλλα
3021 2018 3247 2075 τοιαῦτα
3286 2013 3378 2089 ἦν.
3416 2016 3525 2070 Καὶ
3547 2015 3656 2086 γὰρ

2077 2113 2138 2167 τὸ
2159 2112 2382 2185 λουτρὸν
2410 2112 2654 2167 τοιοῦτον
2673 2113 2742 2144 ⁷⁸·
2766 2107 2879 2181 εἶχε
2920 2112 3030 2182 γάρ
3054 2128 3107 2163 τι
3130 2109 3223 2163 τοῦ
3256 2104 3510 2167 παλαιοῦ,
3542 2098 3657 2173 εῐχέ

2076 2220 2129 2259 τι
2159 2205 2254 2259 καὶ
2286 2203 2379 2257 τοῦ
2426 2203 2637 2257 καινοῦ.
2690 2202 2765 2257 T6
2824 2205 2923 2276 μὲν
2955 2202 3063 2276 γάρ
3089 2200 3194 2253 ὐπὸ
3242 2197 3336 2252 τοῦ
3377 2196 3655 2268 προφήτου

2078 2297 2460 2369 βαπτισθῆναι,
2483 2297 2545 2350 τὸ
2573 2297 2620 2329 ⁷⁵
2651 2297 2875 2351 παλαιὸν
2924 2295 3152 2349 ἐδείκνυ·
3179 2291 3240 2345 τὸ
3261 2290 3317 2344 δὲ
3357 2287 3581 2358 Πνεῦμα
3606 2285 3655 2316 ⁷⁸

2075 2390 2377 2452 κατελθεῖν,
2409 2389 2470 2442 τὸ
2495 2390 2614 2443 νέον
2649 2387 2934 2460 ὑπέγραψε
2959 2389 3025 2441 ⁷⁷.
3066 2386 3177 2440 Καὶ
3197 2383 3448 2452 καθάπερ
3468 2398 3553 2444 τις
3595 2378 3655 2431 ἐν

2077 2482 2385 2553 μεταιχμίῳ
2408 2481 2559 2547 στάς,
2577 2481 2669 2534 δύο
2684 2481 2845 2534 τινῶν
2871 2479 3114 2549 ἀλλήλων
3146 2473 3525 2545 διεστηκότων,
3548 2473 3655 2539 ἀμ·

2075 2576 2309 2647 φοτέρας
2343 2574 2601 2639 ἀπλώσας
2623 2574 2720 2636 τάς
2764 2576 2950 2645 χεῖρας
2970 2568 3306 2641 ἑκατέρωθεν
3322 2565 3501 2619 λαϐὼν
3528 2580 3654 2617 συν-

2073 2667 2279 2737 άψειεν·
2313 2666 2454 2720 οὕτω
2480 2667 2574 2720 καί⁵
2600 2665 2763 2729 αὐτὸς
2783 2665 3026 2736 ἐποίησε,
3053 2662 3153 2734 τὴν
3174 2659 3406 2714 παλαιὰν
3431 2660 3499 2727 τῇ
3527 2673 3651 2709 και-

2072 2761 2135 2830 νῇ
2165 2759 2470 2825 συνάπτων,
2489 2760 2586 2830 τὴν
2617 2758 2767 2813 θείαν
2794 2758 2953 2828 φύσιν
2984 2758 3049 2829 τῇ
3082 2753 3417 2825 ἀνθρωπίνῃ,
3454 2752 3523 2805 τά
3550 2749 3650 2803 αὑ-

2070 2850 2165 2905 τοῦ
2193 2853 2304 2914 τοῖς
2328 2852 2637 2923 ἡμετέροις.
2679 2848 2831 2914 Εἶδες
2854 2850 2955 2920 τὴν
2982 2847 3272 2921 ἀστραπὴν
3298 2847 3395 2915 τῆς
3420 2842 3647 2909 πόλεως,

2070 2946 2171 3021 ὅσῃ
2207 2964 2268 3001 σε
2303 2948 2367 3001 ἐκ
2404 2948 2705 3020 προοιμίων
2731 2949 3042 3019 κατηύγασε
3068 2948 3133 3017 τῇ
3164 2942 3500 3017 λαμπηδόνι;
3532 2939 3650 3002 πῶς

2072 3055 2154 3092 σοι
2180 3039 2271 3092 τὸν
2314 3039 2548 3093 Βασιλέα
2604 3040 2805 3103 εὐθέως
2833 3039 3034 3104 ἔδειξεν
3063 3039 3121 3091 ἐν
3149 3034 3227 3107 τῷ
3278 3034 3355 3105 σῷ
3381 3033 3644 3104 σχήματι,

2069 3131 2268 3185 ὡσανεὶ
2325 3132 2382 3184 ἐν
2413 3132 2788 3203 στρατοπέδῳ;
2840 3130 2974 3185 Οὐδὲ
3026 3130 3135 3200 γάρ
3180 3129 3297 3181 ἐκεῖ
3318 3126 3416 3196 τὴν
3442 3124 3649 3177 οἰκείαν

2068 3222 2224 3287 ἀξίαν
2257 3224 2508 3293 φαίνεται
2536 3223 2674 3294 ἔχων
2708 3221 2971 3293 διηνεκῶς
3003 3224 3031 3275 6
3075 3219 3346 3291 βασιλεὺς,
3377 3216 3514 3270 ἀλλὰ
3545 3215 3645 3285 τὴν

2068 3314 2361 3383 ἁλουργίδα
2386 3314 2546 3384 ἀφεὶς
2568 3315 2662 3367 καὶ
2693 3312 2755 3365 τὺ
2781 3313 3040 3383 διάδημα,
3084 3307 3412 3383 στρατιώτου
3458 3305 3645 3376 σχῆμα

2068 3407 2235 3461 ὑπέδυ
2278 3407 2558 3470 πολλάκις.
2590 3405 2726 3459 Ἀλλ’
2763 3406 2878 3458 ἐκεῖ
2912 3404 3032 3475 μὲν,
3068 3403 3156 3457 ἵνα
3189 3402 3262 3473 μὴ
3443 3395 3644 3469 γνώρι-

2072 3514 2170 3568 μος
2187 3496 2473 3567 γενόμενος
2502 3496 2588 3564 ἐφ’
2623 3495 2813 3549 ἐαυτὸν
2843 3494 3047 3566 ἐλκύσῃ
3067 3493 3192 3555 τοὺς
3224 3490 3535 3561 πολεμίους·
3560 3490 3647 3540 ἐν·

2066 3589 2242 3644 ταῦθα
2291 3588 2347 3643 δὲ
2402 3588 2730 3651 τούναντίον,
2770 3588 2856 3640 ἵνα
2902 3586 2975 3658 μὴ
3030 3586 3305 3657 γνώριμος
3337 3583 3643 3652 γενόμενος.

2068 3682 2256 3750 φυγεῖν
2280 3677 2671 3751 παρασκευάσῃ
2709 3677 2809 3746 τῆς
2843 3678 2978 3747 πρὸς
3016 3674 3175 3729 αὐτὸν
3206 3670 3525 3744 συμπλοκῆς
3554 3670 3644 3722 τὸν

2065 3770 2280 3843 ἐχθρὸν,
2319 3772 2412 3824 καὶ
2448 3772 2573 3835 τοὺς
2607 3770 2839 3833 οἰκείους
2868 3767 3165 3839 διαταράξῃ
3208 3765 3437 3841 πάντας·
3474 3761 3644 3815 σῶσαι

2073 3862 2204 3932 γάρ,
2243 3862 2343 3914 οὐκ
2368 3861 2654 3932 ἐκπλῆξαι,
2676 3859 2998 3914 ἐσπούδασε.
3017 3860 3117 3915 Διά
3139 3860 3297 3915 τοῦτο
3325 3863 3420 3915 καὶ
3451 3859 3655 3922 εὐθέως

2074 3953 2235 4006 αὐτὸν
2285 3951 2394 4005 ἀπὸ
2415 3950 2620 4021 ταύτης
2651 3950 2876 4004 ἐκάλεσε
2906 3951 3007 4021 τῆς
3036 3951 3426 4023 προσηγορίας,
3445 3951 3653 4023 Ἰησοῦν

2076 4042 2404 4114 προσειπών.
2437 4042 2509 4095 T6
2552 4041 2659 4113 γάρ
2699 4040 2903 4109 Ἰησοῦς
2931 4041 3089 4095 τοῦτο
3134 4042 3305 4113 δνομα
3356 4042 3456 4095 οὐκ
3505 4041 3653 4095 ἐστιν

2087 4135 2419 4206 Ἑλληνικὸν,
2476 4134 2612 4189 ἀλλά
2660 4137 2727 4206 τῇ
2764 4134 3031 4207 Ἐϐραίων
3084 4136 3234 4205 φωνῇ
3266 4132 3407 4186 οὕτω
3433 4132 3651 4201 λέγεται

2087 4226 2313 4298 Ἰησοῦς·
2350 4227 2379 4280 ὅ
2429 4228 2576 4283 ἐστιν
2630 4228 2711 4291 εἰς
2766 4227 2866 4297 τὴν
2929 4225 3155 4279 Ἑλλάδα
3198 4224 3446 4295 γλῶτταν
3479 4223 3655 4296 ἑρμη-

2075 4319 2379 4388 νευόμενον,
2413 4318 2624 4389 Σωτήρ·
2650 4318 2842 4391 Σωτὴρ
2872 4317 2950 4384 δέ,
2982 4317 3092 4372 ἀπὸ
3110 4314 3202 4370 τοῦ
3227 4315 3398 4369 σῶσαι
3418 4316 3508 4370 τὸν
3525 4315 3652 4368 λαὸν

2076 4426 2263 4462 αυτου.

2146 4507 2215 4567 γ’.
2259 4495 2411 4563 Εἶδες
2450 4498 2567 4562 πῶς
2599 4498 2942 4570 ἀνεπτέρωσε
2967 4498 3058 4553 τὸν
3085 4497 3382 4570 ἀκροατὴν,
3408 4495 3477 4550 τά
3504 4511 3562 4548 τε
3594 4494 3653 4547 ἐν

2079 4589 2337 4660 συνηθείᾳ
2367 4588 2754 4658 φθεγξάμενος,
2780 4588 2874 4643 καί
2900 4588 2966 4642 δι’
2992 4588 3169 4641 αὐτῶν
3195 4587 3265 4641 τά
3293 4586 3434 4658 ὐπέρ
3462 4586 3651 4639 ἐλπίδα

2082 4678 2244 4731 πᾶσιν
2276 4679 2408 4749 ἡμῖν
2442 4678 2730 4749 ἐμφήνας;
2760 4678 2872 4733 Καὶ
2903 4678 3012 4750 γὰρ
3039 4678 3365 4750 ἀμφοτέρων
3397 4677 3507 4731 τῶν
3531 4678 3651 4729 ὀνο-

2083 4770 2266 4837 μάτων
2299 4767 2503 4822 τούτων
2543 4768 2713 4840 πολλὴ
2747 4769 3008 4839 ήγνῶσις
3041 4769 3194 4840 παρὰ
3230 4771 3342 4833 τοῖς
3376 4768 3653 4832 Ἰουδαίοις

2076 4858 2143 4932 ῆν
2176 4862 2240 4913 ⁷⁸.
2286 4859 2500 4931 Ἐπειδὴ
2532 4860 2640 4931 γάρ
2673 4861 2953 4932 παράδοξα
2991 4857 3060 4933 ἦν
3089 4861 3160 4916 τὰ
3204 4861 3463 4933 μέλλοντα
3502 4860 3651 4929 γίνε-

2081 4953 2223 5014 σθαι,
2253 4953 2348 5006 καί
2379 4954 2429 5005 οἰ
2452 4952 2562 5007 τῶν
2593 4952 2872 5023 ὀνομάτων
2901 4954 3244 5026 προέδραμον
3271 4953 3461 5007 τύποι·
3509 4952 3649 5005 ὥστε

2078 5045 2283 5100 ἀνωθεν
2316 5045 2494 5099 πάντα
2523 5047 2871 5116 καινοτομίας
2900 5046 3366 5118 προαναιρεθῆναι
3394 5044 3645 5116 θόρυϐον.

2081 5137 2185 5189 Καὶ
2222 5135 2331 5207 γάρ
2366 5136 2573 5208 Ἰησοῦς
2598 5138 2644 5169 ⁷⁸
2677 5137 2706 5188 6
2757 5137 2894 5207 μετὰ
2934 5136 3175 5190 Μωῦσέα
3222 5135 3531 5204 εἰσαγαγὼν
3562 5136 3656 5187 τὸν

2080 5225 2205 5279 λαὸν
2231 5228 2311 5288 εἰς
2338 5224 2437 5297 τὴν
2464 5225 2568 5296 γῆν
2594 5226 2695 5295 τῆς
2728 5223 3062 5292 ἐπαγγελίας
3106 5223 3343 5292 λέγεται.
3382 5217 3534 5283 Εἶδες
3565 5220 3656 5273 τὸν

2082 5316 2284 5379 τύπονς
2316 5314 2479 5386 βλέπε
2507 5314 2605 5387 τὴν
2639 5315 2685 5347 ⁸⁸
2716 5313 2997 5385 ἀλήθειαν·
3038 5314 3276 5375 Ἐκεῖνος
3317 5311 3397 5374 εἰς
3424 5311 3522 5380 τὴν
3553 5311 3657 5376 γῆν

2081 5405 2178 5475 τῆς
2227 5403 2577 5473 ἐπαγγελίας,
2630 5394 2785 5467 οὗτος
2821 5404 2901 5466 εἰς
2948 5401 3041 5455 τὸν
3072 5401 3301 5473 οὐρανὸν
3333 5399 3428 5453 καὶ
3480 5397 3551 5449 τὰ
3597 5399 3655 5450 ἐν

2081 5498 2192 5558 τοῖς
2223 5497 2471 5566 οὐρανοῖς
2527 5494 2741 5564 ἀγαθά·
2794 5494 3002 5557 ἐκεῖνος
3051 5492 3192 5563 μετὰ
3229 5492 3290 5545 τὸ
3333 5489 3655 5558 τελευτῆσαι

2084 5585 2341 5652 Μωῦσέα,
2375 5580 2528 5651 οὗτος
2556 5585 2699 5659 μετά
2726 5586 2790 5641 τὸ
2818 5583 3132 5640 παύσασθαι
3155 5581 3248 5637 τὸν
3286 5580 3471 5653 νόμον·
3513 5582 3656 5634 ἐκεῖ·

2196 5811 2243 5846 ⁸⁷
2279 5810 2393 5882 Καὶ
2420 5808 2552 5882 γάρ]
2578 5809 2734 5882 +39!
2903 5806 2975 5882 ,⁸⁸
2995 5806 3038 5882 ἑ
3066 5820 3181 5882 om:
3396 5804 3635 5882 ῘΞῘΞΡἮ·

2574 5878 2717 6001 γάρὲ
2730 5876 2965 5999 μὲντγάρ
2995 5877 3057 5930 Ε.
3137 5878 3185 5911 ⁷⁸
3209 5875 3324 5958 ἀλλ’
3345 5874 3431 5946 ἐκ]
3452 5875 3544 5929 Sic
3576 5875 3634 5932 Ιί.

2498 5969 2551 6004 αι
2579 5949 2639 6002 τό
2722 5988 2735 6003 .
2903 5964 2932 6000 τ
2988 5948 3046 6001 δέ
3080 5946 3203 6011 ην.)
3228 5964 3306 6011 τῳ
3344 5945 3400 5997 δὲ
3444 5962 3538 6001 πν.
3569 5943 3632 6004 C.

2722 5988 2735 6003 .
2836 5962 2877 5980 ὐ
2903 5962 2964 6000 το
2988 5962 3046 6001 οε
3082 5962 3203 6011 Iw.)
3228 5964 3306 6015 τῳ
3344 5962 3400 5997 οε
3444 5962 3538 6001 πν.
3569 5962 3632 6004 υ.

395 6025 453 6076 Ι).
491 6025 552 6077 τὸ
579 6036 685 6095 (ρι’.
719 6016 818 6097 τῷ)
849 6024 903 6079 δὲ
937 6016 998 6079 τὶ
1025 6043 1116 6081 πν.
1145 6016 1211 6093 Ε,
1285 6027 1328 6059 ’⁷
1360 6026 1645 6096 ὑπέγραφε
1672 6024 1807 6081 Edd.
1884 6025 1929 6056 ⁷⁸
1944 6016 1967 6077 ’ἱ

2080 6040 2165 6078 ma.
2196 6022 2258 6076 A.
2288 6022 2349 6076 C.
2387 6016 2448 6075 Ε.
2524 6022 2568 6054 τ’
2602 6020 2808 6086 Ἰησοῦς
2834 6027 2960 6075 ante
2983 6019 3200 6088 λέγεται
3231 6016 3462 6073 collocat
3486 6016 3549 6069 Α.
