4078 6372
368 343 472 398 ’27
1108 324 1168 382 S.
1205 325 1484 384 JOANNIS
1519 321 1994 380 CHRYSOSTOMI
2035 323 2350 382 ARCHIEP.
2391 324 2926 383 CONSTANTINOP.
3613 331 3683 389 93

408 449 499 496 νος
522 430 598 495 ὥς
629 428 975 502 δημαγωγδς,
1003 422 1160 493 οὗτος
1189 428 1267 492 ὡς
1302 424 1574 500 βασιλεύς.
1609 422 1750 475 Ἀλλ’
1781 421 1870 475 ἵνα
1901 422 1976 491 μὴ

420 520 632 594 Ἰησοῦν
663 521 905 585 ἀκούσας
933 519 1023 576 διὰ
1059 519 1160 590 τὴν
1199 517 1517 591 ὁμωνυμίαν
1562 512 1862 585 πλανηθῇς,
1886 513 1981 564 ἐπ-

407 615 616 686 ήγαγεν
638 615 676 645 ⁶¹
699 613 904 681 Ἰησοῦ
928 612 1206 683 Χριστοῦ,
1243 611 1376 667 υἱοῦ
1406 609 1608 665 Δαυτδ.
1642 608 1879 669 Ἐκεῖνος
1921 604 1978 657 δὲ

374 735 377 740 -
406 705 508 757 οὐκ
533 699 605 775 ἦν
622 703 718 758 τοῦ
743 703 925 770 A0016,
948 702 1063 758 ἀλλ’
1086 703 1278 775 ἐτέρας
1307 701 1501 773 φυλῆς.
1525 699 1681 764 Τίνος
1708 698 1764 752 δὲ
1792 698 1978 751 ἓνεκεν

409 796 598 850 Βίϐλον
639 796 810 866 αὐτὴν
838 795 1102 865 γενέσεως
1132 793 1289 848 καλεῖ
1320 789 1496 863 Ἰησοῦ
1540 787 1808 862 Χριστοῦς
1861 787 1984 842 καί·

407 904 558 957 τοιγε
589 888 651 940 ού
681 886 839 940 τοῦτο
860 886 971 956 ἔχει
1007 885 1165 957 μόνον
1191 884 1289 957 τὴν
1315 884 1590 954 γέννησιν,
1638 879 1775 935 ἀλλὰ
1800 880 1982 932 πᾶσαν

408 977 509 1046 τὴν
536 979 864 1047 οἰκονομίαν.
893 978 1016 1032 Ὀτι
1048 977 1230 1046 πάσης
1259 977 1360 1046 τῆς
1390 971 1700 1037 οἰκονομίας
1725 971 1787 1025 16
1810 968 1983 1040 κεφά-

413 1067 563 1120 λαιον
611 1066 786 1126 τοῦτο,
825 1066 921 1116 καί
964 1066 1106 1134 ἀρχὴ
1154 1065 1244 1116 καὶ
1295 1065 1418 1135 ῥίζα
1464 1066 1680 1118 πάντων
1715 1068 1846 1137 ἡμῖν
1874 1063 1986 1118 τῶν

410 1154 630 1225 ἀγαθῶν
655 1154 882 1222 γίνεται.
914 1155 1122 1225 Ὥσπερ
1144 1150 1238 1208 οὖν
1268 1155 1470 1224 βιϐλίον
1494 1156 1722 1227 οὐρανοῦ
1757 1158 1853 1210 καὶ
1880 1156 1986 1225 γῆς

410 1250 568 1304 καλεῖ
597 1249 858 1319 Μωῦσῆς,
909 1249 1150 1318 καίτοιγε
1188 1250 1248 1302 ού
1283 1251 1414 1322 περὶ
1455 1253 1686 1324 ούρανοῦ
1730 1251 1847 1324 [24]
1891 1252 1985 1306 καὶ

407 1341 513 1409 γῆς
544 1339 848 1410 διαλεχθεὶς
900 1340 1078 1410 μόνον,
1120 1340 1256 1394 ἀλλά
1287 1343 1380 1395 καὶ
1431 1345 1560 1414 περὶ
1592 1343 1701 1397 τῶν
1746 1345 1803 1396 ἐν
1835 1344 1984 1414 μέσῳ

409 1433 652 1486 πάντων·
713 1429 858 1484 οὕτω
903 1431 1000 1486 καὶ
1051 1427 1205 1496 οὗτος
1261 1432 1369 1486 ἀπὸ
1413 1434 1509 1488 τοῦ
1541 1435 1836 1504 κεφαλαίου
1874 1434 1985 1488 τῶν

406 1521 851 1593 κατορθωμάτων
894 1521 955 1574 16
994 1521 1195 1591 βιϐλίον
1225 1523 1470 1580 ἐκάλεσε.
1505 1525 1578 1578 Τὸ
1622 1525 1730 1596 γὰρ
1778 1523 1984 1595 ἐκπλή-

406 1614 544 1678 ξεως
579 1613 750 1682 γέμον
781 1613 877 1667 καὶ
912 1613 1054 1684 ὑπὲρ
1097 1612 1286 1668 ἐλπίδα
1319 1615 1415 1669 καὶ
1464 1617 1790 1689 προσδοκίαν
1840 1618 1984 1672 άπα-

407 1721 530 1770 σαν,
563 1703 847 1776 ἄνθρωπον
875 1703 1125 1773 γενέσθαι
1168 1704 1322 1758 Θεόν⁹
1353 1705 1543 1760 τούτου
1573 1708 1631 1761 δὲ
1665 1708 1980 1777 γενομένου,

401 1796 475 1848 τά
509 1795 646 1866 μετά
680 1794 856 1850 ταῦτα
886 1795 1101 1849 ἅπαντα
1131 1795 1276 1850 κατὰ
1319 1796 1477 1866 λόγον
1521 1799 1617 1853 καὶ
1661 1797 1981 1852 ἀκολουθίαν

324 1923 328 1928 κ
402 1886 620 1942 ἕπεται.

471 1978 628 2040 Τίνος
675 1977 731 2032 δὲ
775 1977 962 2032 ἕνεκεν
1007 1978 1109 2032 οὐκ
1154 1975 1327 2044 εἶπεν,
1370 1977 1502 2034 Υίοῢ
1543 1979 1827 2051 Ἀϐραὰμ,
1882 1980 1983 2035 καὶ

399 2068 546 2133 τότε,
583 2067 718 2121 Υἱοῦ
772 2069 965 2133 A0016;
1017 2071 1130 2141 Οὐχ
1176 2071 1253 2134 ῶς
1286 2089 1431 2135 τινες
1461 2071 1684 2136 οἴονται,
1732 2073 1983 2128 κάτωθεν

397 2159 511 2212 ἄνω
537 2159 856 2230 βουλόμενος
879 2161 1075 2215 ἐλθεῖν·
1112 2161 1234 2215 ἐπεὶ
1259 2162 1512 2234 ἐποίησεν
1537 2161 1624 2228 ἂν,
1659 2164 1798 2234 ὅπερ
1821 2164 1976 2218 1101"

395 2252 425 2302 6
472 2251 704 2314 Λουκᾶς·
763 2251 861 2306 νῦν
906 2251 964 2306 δὲ
1003 2253 1310 2307 τούναντίον
1350 2255 1514 2307 ποιεῖ.
1561 2254 1718 2318 Τίνος
1746 2250 1839 2308 οὖν
1873 2255 1986 2308 ἓνε-

402 2358 500 2394 κεν
549 2341 644 2395 τοῦ
690 2341 854 2397 Δαυῖδ
903 2343 1349 2415 ἐμνημόνευσεν;
1396 2345 1484 2398 Ἐν
1513 2347 1559 2378 ⁸³
1598 2349 1712 2411 τοῖς
1762 2347 1982 2402 πάντων

402 2433 671 2504 στόμασιν
712 2435 744 2487 6
773 2433 1060 2504 ἄνθρωπος
1100 2430 1189 2508 ἦν,
1234 2435 1342 2489 ἀπό
1380 2453 1442 2489 τε
1472 2437 1570 2508 τῆς
1602 2438 1979 2509 περιφανείας,

400 2523 513 2576 ἀπό
538 2541 599 2577 τε
628 2523 724 2579 τοῦ
773 2524 987 2596 χρόνου·
1018 2526 1078 2579 οὐ
1120 2526 1229 2599 γὰρ
1259 2526 1426 2580 πάλαι
1458 2522 1528 2600 ῆν
1554 2526 1978 2598 τετελευτηκὼς,

401 2613 597 2688 ῶσπερ
624 2617 654 2669 6
693 2616 964 2688 Ἀϐραάμ.
1013 2617 1078 2672 Εί
1107 2618 1164 2671 δὲ
1195 2617 1525 2692 ἀμφοτέροις
1559 2619 1921 2690 ἐπηγγείλατο
1953 2622 1982 2674 6

398 2707 554 2771 Θεὸς,
578 2709 695 2762 ἀλλ’
723 2710 876 2780 ὅμως
913 2711 1090 2764 ἐκεῖνο
1143 2709 1263 2782 μὲν,
1315 2711 1394 2775 ὼς
1424 2711 1678 2776 παλαιὸν,
1721 2712 1943 2780 ἐσιγᾶτο
1963 2729 1976 2743 ο

396 2798 555 2852 τοῦτο
573 2798 652 2863 δὲ,
678 2799 757 2864 ὡς
788 2799 1100 2873 πρόσφατον
1139 2801 1231 2854 καὶ
1252 2799 1392 2866 νέον,
1429 2801 1537 2854 ὑπὸ
1574 2801 1791 2856 πάντων
1822 2819 1980 2872 περι-

398 2887 644 2958 εφέρετο.
669 2890 830 2943 Αὐτοὶ
854 2889 984 2959 γοῦν
1009 2890 1257 2960 λέγουσιν
1280 2905 1295 2922 ·
1329 2891 1453 2945 Οὐκ
1483 2891 1553 2945 ἐκ
1579 2889 1687 2944 τοῦ
1716 2889 1980 2960 σπέρμα-

397 2999 497 3047 τος
535 2983 718 3038 Δαυῒδ
749 2985 848 3038 καὶ
871 2985 990 3040 ἀπὸ
1016 2986 1288 3056 Βηθλεὲμ
1318 2985 1431 3056 τῆς
1458 2985 1680 3054 κώμης,
1707 2987 1861 3041 ὅπου
1898 2984 1980 3057 ἦν

399 3072 600 3138 Δαυῒδ,
633 3073 867 3142 ἔρχεται
907 3079 940 3130 ὁ
983 3077 1258 3145 Χριστός.
1305 3077 1416 3130 Καὶ
1467 3077 1642 3140 οὐδεὶς
1669 3077 1832 3131 αὐτὸν
1863 3077 1977 3132 υἱὸν

412 3164 686 3236 Ἁϐραάμ,
720 3167 854 3220 ἀλλὰ
885 3167 1083 3232 πάντες
1109 3169 1225 3222 υἱὸν
1258 3167 1422 3222 A0016
1456 3169 1707 3223 ἐκάλουν
1741 3169 1836 3222 καὶ
1865 3169 1975 3243 γάρ

399 3255 494 3308 καὶ
517 3254 606 3308 διὰ
629 3255 721 3309 τὸν
748 3257 957 3327 χρόνον,
984 3258 1060 3322 ὡς
1100 3257 1270 3330 ἔφθην
1299 3258 1496 3323 εῑπὼν,
1519 3259 1613 3313 καὶ
1634 3259 1723 3314 διὰ
1749 3260 1848 3331 τὴν
1875 3259 1975 3329 βα-

398 3345 624 3411 σιλείαν,
677 3349 875 3418 μᾶλλον
920 3350 978 3402 ἐν
1019 3351 1208 3420 μνήμῃ
1253 3350 1421 3404 πᾶσιν
1469 3343 1624 3414 οὗτος
1673 3345 1764 3422 ῆν.
1815 3349 1975 3404 Οὕτω

394 3434 526 3498 γοῦν
563 3437 656 3489 καὶ
691 3437 785 3502 οὓς
818 3439 1020 3507 ἐτίμων
1055 3438 1309 3508 βασιλέας
1343 3440 1460 3511 μετ’
1493 3441 1699 3493 ἐκεῖνον
1729 3439 1787 3504 ἐξ
1825 3439 1972 3492 ἐκεί-

402 3541 496 3580 νου
528 3525 772 3588 ἅπαντας
801 3527 1046 3591 ἐκάλουν,
1073 3528 1169 3581 καὶ
1193 3527 1343 3582 αὐτοὶ
1369 3530 1464 3583 καὶ
1488 3532 1518 3584 6
1541 3530 1692 3594 Θεός.
1725 3531 1834 3584 Καὶ
1861 3532 1970 3602 γὰρ

402 3616 498 3671 καὶ
533 3616 808 3686 Ἰεζεκιὴλ,
840 3617 936 3670 καὶ
972 3618 1150 3687 ἕτεροι
1173 3618 1229 3671 δὲ
1259 3621 1552 3693 προφῆται,
1580 3621 1830 3690 λέγουσιν
1872 3624 1972 3676 αὺ-

402 3707 515 3768 τοῖς
545 3705 940 3776 παραγίνεσθαι
997 3706 1162 3760 Δαυῒδ
1209 3707 1307 3760 καὶ
1359 3708 1704 3775 ἀνίστασθαι,
1744 3711 1806 3764 οὐ
1843 3710 1974 3782 περὶ

403 3797 610 3849 ἐκείνου
643 3795 891 3864 λέγοντες
920 3795 1015 3849 τοῦ
1055 3796 1523 3868 τετελευτηκότος,
1559 3798 1698 3853 ἀλλά
1738 3799 1846 3853 τῶν
1874 3799 1975 3872 ζη-

401 3887 636 3940 λούντων
668 3889 769 3957 τήν
793 3886 991 3958 ἀρετὴν
1022 3887 1120 3960 τήν
1159 3887 1390 3948 ἐκείνου.
1425 3891 1536 3945 Καὶ
1560 3891 1606 3924 ⁸⁸
1644 3890 1722 3962 τῷ
1755 3891 1974 3964 Ἐζεκίᾳ

405 3979 590 4050 φησίν·
635 3977 1000 4047 Ὑπερασπιῶ
1053 3977 1165 4046 τῆς
1215 3981 1447 4046 πόλεως
1495 3981 1718 4051 ταύτης
1763 3982 1837 4035 δι’
1869 3983 1975 4052 ἐμὲ

407 4070 504 4122 καὶ
534 4068 632 4122 διὰ
667 4069 849 4123 Δαυῒδ
872 4070 979 4123 τὸν
1007 4070 1190 4124 παῖδά
1221 4088 1362 4140 μου.
1393 4069 1498 4125 Καὶ
1522 4070 1600 4141 τῷ
1621 4071 1894 4142 Σολομῶνι
1916 4072 1974 4125 δὲ

405 4160 587 4228 ἔλεγεν
627 4161 714 4225 ⁸⁸,
762 4162 846 4216 611
899 4161 988 4216 διὰ
1036 4163 1197 4216 A0016
1252 4163 1313 4216 οὐ
1375 4162 1622 4233 διέρρηξε
1670 4163 1717 4195 ⁸⁵
1776 4161 1976 4227 ζῶντος

404 4250 569 4304 αὑτοῦ
628 4252 730 4323 τὴν
777 4251 1070 4323 βασιλείαν.
1123 4253 1300 4324 Πολλὴ
1353 4253 1461 4325 γὰρ
1506 4255 1540 4325 ἡ
1587 4253 1714 4320 δόξα
1745 4253 1840 4307 τοῦ
1879 4255 1976 4307 ἀν-

405 4343 531 4416 δρὸς
558 4339 628 4414 ἦν
679 4344 774 4398 καὶ
822 4345 972 4417 παρά
1018 4343 1135 4417 [25]
1172 4344 1292 4416 Θεῷ
1321 4345 1414 4399 καὶ
1451 4345 1602 4418 παρὰ
1647 4345 1972 4416 ἀνθρώποις.

403 4435 504 4490 Διὰ
529 4433 687 4490 τοῦτο
733 4435 938 4500 εὐθέως
978 4438 1042 4490 ἐκ
1064 4435 1159 4490 τοῦ
1197 4437 1620 4509 γνωριμιιγτέρου
1660 4438 1761 4510 τὴν
1800 4439 1975 4511 ἀρχὴν

405 4532 658 4593 ποιεῖται,
692 4530 786 4583 καὶ
819 4529 940 4583 τότε
965 4529 1060 4582 ἐπὶ
1089 4529 1181 4583 τὸν
1211 4530 1420 4601 πατέρα
1447 4528 1760 4600 ἀνατρέχει,
1789 4547 1976 4601 περιτ-

404 4621 502 4676 τὸν
537 4620 858 4692 ἡγούμενος,
902 4623 1026 4676 ὅσον
1059 4621 1199 4695 πρὸς
1233 4622 1538 4685 Ἰουδαίους,
1583 4623 1840 4694 ἀνωτέρω
1885 4623 1976 4677 τὸν

405 4712 562 4780 λόγον
598 4713 846 4781 ἀγαγεῖν.
881 4706 1041 4766 Οὗτοι
1068 4713 1179 4782 γὰρ
1229 4712 1462 4783 μάλιστα
1492 4709 1633 4785 ἦσαν
1679 4716 1728 4768 οί
1765 4715 1976 4785 θαυμα-

405 4803 624 4876 ζόμενοι
647 4818 661 4835 ⁶
693 4804 722 4858 6
753 4803 876 4875 μὲν,
919 4803 995 4866 ὠς
1041 4803 1327 4875 προφήτης
1370 4804 1464 4858 καὶ
1515 4804 1797 4874 βασιλεύς·
1834 4807 1862 4857 6
1891 4805 1974 4870 δὲ,

403 4895 482 4959 ὡς
509 4896 851 4966 πατριάρχης
881 4897 978 4949 καὶ
1010 4896 1314 4966 προφήτης.
1359 4897 1470 4949 Καὶ
1501 4895 1664 4950 πόθεν
1704 4895 1863 4965 δῆλον
1893 4897 1975 4950 ὅτι

407 4988 473 5040 ἐκ
496 4987 588 5041 τοῦ
619 4987 781 5040 Δαυῖδ
802 4988 950 5052 ἐστις
981 4987 1165 5056 φησίν.
1190 4987 1252 5040 Et
1274 4986 1382 5057 γὰρ
1406 4987 1464 5052 ἐξ
1491 4987 1681 5058 ἀνδρὸς
1707 4987 1806 5040 οὐκ
1834 4989 1979 5056 ἐγεν-

409 5079 563 5150 νήθη,
587 5079 700 5132 ἀλλ’
752 5079 860 5134 ἀπὸ
899 5079 1152 5148 γυναικὸς
1189 5079 1368 5149 μόνον,
1417 5081 1450 5150 ἡ
1502 5079 1559 5132 δὲ
1612 5080 1885 5151 Παρθένος
1914 5080 1976 5133 οὐ

404 5167 825 5236 γενεαλογεῖται,
865 5167 982 5233 πῶς
1019 5168 1277 5239 εἰσόμεθα
1307 5170 1390 5222 ὅτι
1431 5168 1526 5222 τοῦ
1554 5169 1716 5222 A0016
1757 5169 1978 5238 ἔκγονος

405 5254 504 5331 ῆν;
538 5259 643 5313 Δύο
682 5259 792 5330 γάρ
819 5261 934 5313 ἐστι
971 5259 1038 5314 τά
1075 5259 1380 5332 ζητούμενα
1400 5275 1415 5290 ·
1461 5261 1606 5324 τίνος
1631 5277 1690 5313 τε
1722 5261 1908 5314 ἐνεκεν
1939 5264 1972 5333 ή

409 5353 592 5423 μήτηρ
629 5352 690 5406 ού
723 5351 1146 5421 γενεαλογεῖται,
1181 5353 1278 5406 καὶ·
1314 5351 1368 5406 τί
1409 5351 1608 5422 δήποτε
1633 5354 1662 5405 6
1695 5353 1918 5424 Ἰωσὴφ,
1948 5355 1978 5406 6

409 5443 577 5513 μηδὲν
608 5442 876 5497 συντελῶν
919 5443 1056 5515 πρὸς
1099 5443 1200 5514 τὴν
1250 5443 1522 5513 γέννησιν,
1577 5444 1974 5514 μνημονεύεται

405 5533 537 5603 παρ’
570 5533 770 5587 αὐτῶν·
804 5534 951 5588 δοκεῖ
981 5533 1089 5604 γάρ
1116 5533 1178 5587 16
1203 5532 1303 5604 μὲν
1334 5533 1584 5604 περιττὸν
1612 5529 1770 5597 εἶναι,
1808 5535 1869 5587 16
1917 5534 1976 5588 δὲ

404 5626 605 5689 ἐνδεές.
649 5627 806 5680 Ποῖον
844 5623 938 5681 οὖν
982 5626 1245 5698 πρότερον
1277 5625 1572 5693 ἀναγκαῖον
1608 5625 1812 5686 είπεῖν;
1851 5624 1974 5688 Πῶς

501 5759 557 5837 '1
577 5755 701 5828 τήν]
721 5756 818 5810 καὶ¹
841 5755 944 5837 τῆ]
970 5756 1132 5837 E1111.”
1199 5758 1244 5791 ⁸⁸
1270 5761 1410 5837 ϐπερ
1440 5759 1557 5832 καί]
1587 5759 1677 5837 _Sic
1799 5761 1978 5837 (δειεςί

2105 5801 2121 5837 ε
2152 5763 2297 5837 ιαμ
2343 5763 2390 5837 τ’
2408 5764 2536 5837 ξεν]
2558 5765 2764 5837 ηρτιιν
2795 5764 2893 5837 Ερ-
2919 5765 3020 5820 Απ-

2111 429 2176 481 ὲκ
2201 429 2295 482 τοῦ
2323 425 2485 482 A0016
2510 427 2544 496 ἡ
2572 424 2866 496 Παρθένος.
2913 422 3037 487 Πῶς
3064 417 3156 479 οὖν
3182 422 3442 494 εἰσόμεθα
3482 423 3564 478 611
3618 427 3683 478 ἐκ

2109 519 2205 574 τοῦ
2236 519 2438 585 A0016;
2463 519 2730 573 Ἄκουσον
2749 516 2844 571 τοῦ
2875 515 3009 570 Θεοῦ
3037 516 3287 586 λέγοντος
3313 515 3392 587 τῷ
3420 515 3683 588 Γαϐριὴλ,

2105 609 2357 664 ἀπελθεῖν
2402 611 2562 680 Πρὸς
2605 611 2907 681 παρθένον
2932 612 2980 645 ⁸⁸
3005 611 3539 683 μεμνηστευμένην
3570 610 3679 666 ἀν-

2102 700 2216 768 δρὶ,
2244 693 2294 768 ᾧ
2323 701 2510 772 ὄνομα
2536 702 2768 772 Ἰωσὴφ,
2793 701 2865 767 ἐξ
2887 702 3056 757 οἵκου
3087 703 3186 756 καὶ
3212 704 3448 775 πατριᾶς
3476 699 3678 756 Δαυΐδ.

2103 798 2169 851 Τί
2196 799 2375 853 τοίνυν
2411 797 2586 868 βούλει
2618 798 2664 830 ⁸⁷
2708 796 2899 851 τούτου
2950 797 3306 869 σαφέστερον,
3341 797 3470 850 ὅταν
3511 793 3680 849 ἀκού-

2104 904 2205 962 σῃς
2241 889 2323 942 611
2352 888 2414 954 ἐξ
2445 889 2594 943 οῐκου
2619 887 2715 944 καὶ
2746 889 2979 960 πατριᾶς
3008 888 3172 943 Δαυῒδ
3203 883 3272 959 ἦν
3295 891 3330 958 ἡ
3367 886 3678 957 Παρθένος;

2171 978 2237 1034 6'.
2291 979 2453 1032 Ὅθεν
2488 978 2666 1050 δῆλον,
2701 979 2784 1033 ὃτι
2815 980 2906 1032 καὶ
2931 979 2960 1030 6
3003 979 3200 1049 Ἰωσὴφ
3228 979 3434 1032 ἐκεῖθεν
3461 973 3544 1047 ἦν.
3569 977 3681 1029 Καὶ

2102 1067 2212 1142 γὰρ
2225 1069 2357 1139 νόμο
2375 1065 2472 1141 ςῆν
2489 1068 2518 1120 ὁ
2533 1068 2768 1124 κελεύων
2786 1069 2860 1141 μὴ
2881 1068 3080 1135 ἐξεῖναι
3091 1053 3288 1140 γαμεῖν
3305 1067 3545 1128 άλλοθεν,
3564 1066 3679 1120 ἀλλ’

2103 1156 2138 1229 ἢ
2174 1160 2238 1212 ἐκ
2262 1158 2362 1229 τῆς
2385 1158 2558 1229 αὐτῆς
2581 1159 2773 1230 φυλῆς.
2815 1157 2919 1212 Καὶ
2954 1159 2984 1212 ὁ
3013 1159 3356 1231 πατριάρχης
3393 1158 3450 1210 δὲ
3485 1155 3680 1211 Ἰακὼϐ

2102 1247 2210 1301 ἀπὸ
2231 1249 2330 1318 τῆς
2361 1248 2534 1304 ’ἰούδα
2554 1250 2725 1321 φυλῆς
2753 1250 3153 1323 ἀναστήσεσθαι
3181 1251 3341 1303 αὑτὸν
3360 1247 3678 1322 προῦλεγεν,

2101 1337 2246 1392 οὕτω
2273 1339 2466 1408 λέγων·
2496 1343 2618 1395 Οὐκ
2660 1342 2931 1410 ἐκλείψει
2959 1341 3162 1410 ἄρχων
3193 1341 3263 1406 ἐξ
3293 1339 3508 1404 Ἰούδα,
3538 1337 3683 1393 οὐδὲ

2101 1430 2434 1499 ἡγούμενος
2458 1430 2528 1484 ἐκ
2576 1431 2697 1485 τῶν
2718 1431 2930 1501 μηρῶν
2955 1431 3163 1498 αὐτοῦ,
3188 1432 3301 1498 ἕως
3335 1430 3414 1485 ἂν
3451 1432 3600 1498 ἔλθῃ
3632 1421 3682 1494 ᾧ

2101 1520 2429 1574 ἀπόκειταιο
2465 1521 2566 1576 καί
2603 1523 2789 1587 αὐτὸς
2841 1521 3178 1591 προσδοκία
3210 1520 3422 1576 ἐθνῶν.
3456 1520 3521 1573 Ἦ
3569 1519 3681 1590 γὰρ

2104 1609 2410 1680 προφητεία
2434 1608 2598 1680 αὓτη,
2620 1610 2702 1663 ὅτι
2734 1611 2834 1680 μὲν
2861 1613 2927 1665 ἐκ
2946 1614 3046 1682 τῆς
3070 1610 3244 1682 φυλῆς
3276 1610 3449 1664 Ἰούδα
3467 1609 3678 1678 γέγονε,

2101 1699 2269 1769 δηλοῖ·
2311 1701 2392 1755 ὅτι
2417 1701 2474 1755 δὲ
2499 1702 2593 1756 καὶ
2626 1701 2722 1756 τοῦ
2763 1704 2954 1772 γένους
2981 1704 3163 1768 A0016,
3193 1704 3399 1758 οὐκέτι.
3419 1699 3568 1774 ’Λρα
3587 1698 3681 1755 οὖν

2103 1795 2172 1863 τῇ
2198 1792 2337 1864 φυλῇ
2371 1793 2540 1846 Ἰούδα
2575 1793 2696 1865 οὐχὶ
2723 1795 2879 1863 γένος
2912 1795 2969 1848 ἓν
2994 1791 3063 1866 ῆν
3099 1796 3257 1866 μόνον
3289 1795 3352 1847 16
3381 1793 3472 1848 τοῦ
3497 1793 3678 1856 Δαυῒδ,

2107 1883 2244 1938 ἀλλά
2269 1885 2364 1937 καὶ
2393 1882 2566 1937 πολλά
2599 1883 2782 1955 ἐτερα·
2812 1886 2908 1939 καὶ
2941 1885 3221 1940 συνέϐαινε
3252 1887 3350 1956 τῆς
3383 1883 3480 1956 μὲν
3506 1883 3682 1952 φυλῆς

2107 1973 2248 2033 εῖναι
2279 1977 2372 2031 τοῦ
2409 1977 2598 2043 Ἰούδα,
2641 1979 2826 2032 οὐκέτι
2875 1979 2932 2032 δὲ
2986 1980 3081 2033 καὶ
3115 1979 3208 2032 τοῦ
3245 1979 3435 2047 γένους
3486 1976 3678 2041 A0016;

2121 2069 2262 2124 Ἀλλ’
2303 2069 2390 2122 ἵνα
2441 2070 2514 2140 μὴ
2556 2068 2714 2122 τοῦτο
2740 2069 2927 2142 λέγῃς,
2959 2069 3136 2124 ἀνεῖλέ
3164 2087 3256 2123 σου
3297 2069 3398 2138 τὴν
3427 2069 3681 2121 ὑπόνοιαν

2107 2158 2316 2231 ταύτην
2337 2160 2367 2212 6
2402 2159 2814 2229 εὐαγγελιστὴς,
2856 2159 3044 2226 εἰπὼν,
3080 2161 3161 2213 611
3195 2159 3254 2226 ἐξ
3279 2161 3428 2213 οἴκου
3453 2159 3548 2211 καὶ
3575 2176 3683 2212 πα-

2104 2252 2262 2322 τριᾶς
2289 2248 2402 2322 [26]
2426 2246 2494 2321 ἦν
2519 2251 2702 2306 Δαυῖδ.
2729 2251 2792 2303 Εί
2820 2249 2877 2302 δέ
2913 2250 3010 2303 καὶ
3035 2249 3300 2322 ἑτέρωθεν
3321 2248 3498 2320 βούλει
3525 2247 3682 2302 τοῦτο

2107 2341 2319 2412 μαθεῖν,
2347 2341 2470 2395 οὐδὲ
2500 2342 2692 2412 ἐτέρας
2724 2341 3076 2413 ἀπορήσομεν
3103 2340 3453 2405 ἀποδείξεως·
3481 2339 3541 2392 ού
3571 2338 3680 2410 γὰρ

2102 2430 2168 2504 δὴ
2213 2431 2372 2502 μόνον
2399 2431 2508 2484 ἀπὸ
2533 2431 2706 2502 φυλῆς
2735 2433 2833 2485 οὐκ
2862 2433 2989 2504 ἐξῆν
3021 2432 3239 2502 ἐτέρας,
3279 2431 3393 2486 ἀλλ’
3423 2431 3541 2484 οὐδὲ
3572 2431 3682 2483 ἀπὸ

2105 2524 2340 2595 πατριᾶς
2367 2521 2577 2593 ἐτέρας,
2607 2525 2877 2587 τουτέστι,
2907 2523 3246 2593 συγγενείας,
3271 2525 3490 2593 γαμεῖν.
3518 2520 3680 2574 Ὥστε

2107 2614 2172 2668 ἄν
2208 2631 2268 2668 τε
2303 2617 2368 2684 τῇ
2407 2613 2689 2685 Παρθένῳ,
2720 2614 2780 2667 16
2820 2614 2880 2679 ἐξ
2909 2615 3060 2668 οἴκου
3107 2615 3201 2668 καὶ
3248 2614 3484 2685 πατριᾶς
3519 2612 3682 2666 A0016

2105 2702 2458 2774 ἀρμόσωμεν,
2485 2704 2684 2775 ἕστηκε
2711 2705 2773 2757 16
2814 2705 3124 2775 εἰρημένονο
3163 2705 3230 2759 ἄν
3255 2721 3315 2756 τε
3348 2703 3426 2774 τῷ
3458 2703 3679 2773 Ἰωσὴφ,

2103 2793 2171 2846 δι’
2210 2794 2420 2847 ἐκείνου
2469 2794 2564 2847 καὶ
2606 2794 2762 2848 τοῦτο
2806 2794 3294 2859 κατασκευάζεται.
3347 2796 3410 2848 Et
3466 2795 3574 2864 γὰρ
3623 2794 3683 2857 ἐξ

2106 2886 2256 2939 οἴκου
2287 2884 2450 2939 A0016
2497 2887 2591 2941 καὶ
2641 2888 2875 2956 πατριᾶς
2907 2883 2974 2958 ἦν
3006 2887 3056 2958 [6
3103 2887 3300 2957 Ἰωσὴφ
3332 2885 3424 2957 ⁸⁸],
3468 2886 3570 2937 οὐκ
3617 2885 3682 2937 ἂν

2105 2980 2326 3035 ἄλλοθεν
2352 2977 2512 3032 ἔλαϐε
2540 2977 2640 3049 τὴν
2665 2981 2921 3048 γυναῖκα,
2951 2980 2985 3051 ἢ
3025 2980 3147 3034 ὅθεν
3183 2980 3278 3036 καὶ
3304 2982 3468 3046 αὐτὸς
3494 2978 3583 3054 ἦν.
3611 2983 3678 3036 Τί

2104 3065 2218 3134 οὖν,
2247 3070 2296 3122 εί
2331 3069 2545 3141 παρέϐη
2579 3069 2671 3122 τὸν
2692 3070 2884 3141 νόμον;
2919 3071 3071 3143 φησί.
3099 3072 3202 3126 Διά
3221 3073 3330 3145 γὰρ
3365 3074 3524 3128 τοῦτο
3551 3093 3680 3146 προ-

2105 3159 2285 3215 λαϐὼν
2321 3161 2720 3234 ἐμαρτύρησεν,
2747 3163 2828 3217 ὃτι
2855 3163 3063 3228 δίκαιος
3092 3160 3159 3235 ἦν
3183 3167 3213 3218 6
3242 3166 3460 3237 Ἰωσὴφ,
3489 3168 3575 3221 ἵνα
3603 3167 3676 3237 μὴ

2094 3254 2260 3311 ,τοῦτο
2289 3253 2475 3328 λέγῃς,
2501 3254 2638 3309 ἀλλά
2669 3253 2856 3326 μαθὼν
2881 3255 3044 3310 αὑτοῦ
3073 3257 3172 3328 τὴν
3205 3257 3424 3329 ἀρετὴν,
3459 3260 3678 3312 κάκεῖνο

2104 3346 2269 3417 εἰδῇς,
2300 3347 2384 3401 ὅτι
2432 3347 2531 3401 οὐκ
2567 3349 2635 3402 ἂν
2677 3347 2893 3420 παρέϐη
2933 3348 3022 3403 τὸν
3055 3348 3234 3419 νόμον.
3279 3350 3336 3402 '0
3377 3350 3486 3421 γάρ
3534 3349 3677 3403 οὕτω

2105 3433 2481 3508 φιλάνθρωπος
2531 3437 2625 3489 καὶ
2679 3436 2886 3500 πάθους
2931 3437 3107 3501 ἐκτὸς,
3143 3437 3219 3500 ὡς
3265 3438 3399 3508 μηδὲ
3442 3438 3677 3508 ὑποψίας

2104 3525 2522 3596 ἀναγκαζούσης
2563 3526 2887 3598 βουληθῆναι
2929 3528 3275 3598 ἐπιχειρῆσαι
3323 3529 3550 3582 κολάσαι
3577 3528 3676 3596 τὴν

2105 3616 2400 3687 Παρθένον,
2439 3617 2556 3681 πῶς
2593 3620 2660 3672 ἂν
2691 3619 2758 3672 δι’
2781 3619 2976 3690 ἡδονὴν
3005 3620 3222 3690 παρέϐη
3248 3620 3338 3674 τὸν
3375 3622 3570 3691 νόμον;
3616 3621 3676 3674 Ὀ

2103 3705 2214 3779 γὰρ
2241 3709 2381 3780 ὑπὲρ
2423 3709 2586 3779 νόμον
2620 3710 2988 3781 φιλοσοφήσας
3033 3712 3152 3781 (καὶ
3199 3712 3305 3784 γὰρ
3350 3713 3410 3765 16
3459 3715 3677 3781 ἀφεῖναι

2109 3797 2204 3849 καὶ
2234 3795 2409 3868 λάθρα
2431 3798 2650 3867 ἀφεῖναι
2663 3799 2732 3865 ⁸³,
2759 3800 2900 3871 ὑπὲρ
2926 3800 3089 3872 νόμον
3114 3799 3530 3870 φιλοσοφοῦντος
3562 3797 3676 3872 ἦν),

2109 3887 2226 3951 πῶς
2255 3887 2320 3942 ἀν
2347 3890 2498 3960 παρὰ
2526 3889 2690 3961 νόμον
2708 3892 2754 3925 ⁸ο
2779 3890 2980 3962 ἔπραξέ
3011 3910 3088 3956 τι,
3109 3891 3397 3947 καὶταῦτα
3422 3893 3678 3964 οὐδεμιᾶς

2106 3980 2523 4052 ἀναγκαζούσης
2558 3981 2775 4050 αῑτίας;
2818 3982 2956 4036 Ἀλλ’
2999 3983 3084 4038 611
3123 3984 3223 4054 μὲν
3254 3985 3319 4038 ἐκ
3351 3984 3446 4038 τοῦ
3487 3984 3679 4052 γένους

2105 4069 2200 4124 τοῦ
2234 4071 2396 4125 A0016
2434 4069 2502 4144 ἦν
2536 4076 2568 4145 ή
2617 4073 2910 4145 Παρθένος,
2953 4077 3018 4129 ἐκ
3057 4075 3264 4129 τούτων
3295 4076 3488 4147 δῆλον·
3534 4076 3680 4138 τίνος

2104 4163 2162 4215 δὲ
2190 4162 2375 4216 ἕνεκεν
2404 4164 2572 4236 αὐτὴν
2596 4166 2697 4219 οὐκ
2718 4165 3158 4237 ἐγενεαλόγησεν,
3187 4165 3324 4220 ἀλλά
3350 4165 3441 4220 τὸν
3457 4166 3675 4236 Ἰωσὴφ,

2103 4255 2400 4324 ἀναγκαῖον
2451 4258 2644 4311 εἰπεῖν.
2674 4257 2832 4321 Τίνος
2870 4253 2964 4312 οὖν
3005 4258 3220 4324 ἐνεκεν;
3254 4259 3367 4312 Οὐκ
3406 4254 3474 4330 ῆν
3517 4259 3681 4328 νόμος

2106 4347 2255 4416 παρὰ
2303 4348 2577 4411 Ἰουδαίοις
2632 4349 3067 4418 γενεαλογεῖσθαι
3124 4354 3408 4419 γυναῖκας.
3438 4351 3536 4403 Ἰν⁹
3584 4345 3680 4402 οὖν

2105 4439 2201 4491 καὶ
2232 4439 2294 4491 16
2325 4438 2446 4504 ἔθος
2473 4439 2680 4510 φυλάξῃ
2713 4441 2806 4493 καὶ
2858 4440 2932 4512 μὴ
2969 4441 3098 4512 δόξῃ
3131 4443 3571 4514 παραχαράττειν
3613 4443 3679 4494 ἐκ

2105 4527 2428 4599 προοιμίων,
2476 4531 2570 4583 καὶ
2599 4530 2697 4602 τὴν
2726 4532 2894 4603 κόρην
2925 4533 3058 4603 ἡμῖν
3095 4534 3358 4605 γνωρίσῃ,
3393 4533 3480 4587 διά
3521 4535 3681 4588 τοῦτο

2104 4618 2230 4681 τοὺς
2251 4618 2548 4688 προγόνους
2579 4619 2748 4688 αὐτῆς
2789 4622 3040 4690 σιγήσας,
3087 4621 3179 4673 τὸν
3223 4621 3420 4690 Ἰωσὴφ
3459 4621 3680 4689 ἐγενεαο

2105 4707 2355 4778 λόγησεν.
2391 4708 2516 4762 Εἴτε
2548 4711 2657 4780 γὰρ
2689 4712 2784 4764 ἐπὶ
2813 4711 2914 4780 τῆς
2965 4711 3245 4781 Παρθένου
3289 4712 3448 4765 τοῦτο
3490 4713 3680 4782 ἐποίη-

2108 4817 2220 4862 σεν,
2251 4801 2425 4865 ἔδοξεν
2449 4802 2514 4855 ἂν
2543 4805 2904 4872 καινοτομεῖν·
2931 4804 3041 4856 εἴτε
3067 4804 3156 4857 τὸν
3173 4805 3371 4875 Ἰωσὴφ
3402 4804 3678 4875 ἐσίγησεν,

2105 4890 2205 4943 οὐκ
2237 4889 2302 4944 ἂν
2335 4891 2579 4962 ἔγνωμεν
2615 4893 2716 4963 τῆς
2761 4891 3038 4964 Παρθένου
3069 4894 3195 4957 τοὺς
3231 4895 3551 4963 προγόνους.
3583 4895 3679 4946 ’Ὶν’

2106 4977 2198 5034 οὖν
2235 4981 2493 5052 μάθωμεν
2535 4983 2634 5053 τὴν
2681 4984 2918 5054 Μαρίαν,
2971 4983 3088 5056 [27]
3136 4984 3222 5047 τίς
3263 4981 3332 5056 ἦν
3371 4986 3464 5038 καὶ
3495 4984 3681 5051 πόθεν,

2107 5074 2200 5126 καὶ
2230 5073 2300 5126 τὰ
2328 5073 2437 5128 τῶν
2469 5073 2650 5143 νόμων
2679 5076 2911 5146 ἀκίνητα
2946 5077 3122 5149 μείνῃ,
3149 5076 3238 5131 τὸν
3273 5078 3558 5148 μνηστῆρα
3585 5077 3684 5131 αὐ·-

2115 5164 2207 5233 τῆς
2237 5164 2650 5237 ἐγενεαλόγησε,
2695 5169 2790 5220 καὶ
2839 5166 3038 5232 ἔδειξεν
3083 5168 3212 5221 ὄντα
3265 5171 3330 5221 ἐκ
3361 5169 3462 5238 τῆς
3503 5168 3684 5231 οἰκίας

2108 5255 2287 5310 Δαυῖδ.
2321 5257 2524 5311 ’Βούτου
2548 5258 2657 5330 γὰρ
2683 5258 3112 5328 ἀποδειχθέντος,
3151 5261 3372 5312 κάκεῖνο
3396 5260 3685 5314 συναποδέ-

2107 5347 2334 5413 δεικται,
2363 5349 2424 5402 16
2468 5350 2562 5404 καὶ
2609 5351 2708 5422 τὴν
2753 5350 3028 5421 Παρθένον
3059 5351 3265 5405 ἐκεῖθεν
3295 5347 3455 5415 εἶναι,
3496 5352 3585 5406 διά
3620 5353 3682 5406 16

2107 5437 2196 5492 τὸν
2228 5439 2434 5494 δίκαιον
2460 5441 2668 5506 τοῦτον,
2702 5441 2951 5512 καθάπερ
2988 5441 3160 5512 ἔφθην
3187 5441 3379 5506 εἰπὼν,
3428 5442 3510 5514 μὴ
3549 5443 3683 5496 ἀνα-

2111 5529 2332 5600 σχέσθαι
2359 5531 2624 5603 ἑτέρωθεν
2666 5533 2970 5602 ἀγαγέσθαι
3015 5535 3268 5602 γυναῖκα.
3294 5536 3451 5588 Ἔστι
3495 5534 3554 5588 δὲ
3585 5535 3684 5590 καὶ

2108 5623 2292 5693 ἕτερον
2319 5622 2475 5679 λόγον
2508 5626 2680 5679 εἰπεῖν
2707 5624 3134 5697 μυστικώτερον,
3160 5627 3228 5680 δι’
3252 5627 3311 5680 ὃν
3343 5627 3682 5698 ἐσιγήθησαν

3120 5766 3168 5797 ⁸³
3191 5765 3301 5820 Καί
3324 5764 3365 5817 ’ί-
3392 5767 3422 5820 6
3451 5765 3583 5830 Θεδς
3603 5765 3665 5822 δε

426 5827 568 5886 Ε.δὲ
583 5827 954 5901 οηιεφησινΒ.
1010 5828 1061 5860 ⁸⁸
1089 5827 1274 5897 ἔλεγεν
1327 5827 1632 5899 λέγεταιϐ.
1671 5832 1723 5884 εἰ
1761 5847 1887 5902 ηται
1919 5832 1978 5886 Ε.

426 5899 742 5972 διαρρήξωᾷ
828 5897 1197 5972 παρθένον]
1235 5829 1336 5972 τῆν
1352 5900 1635 5972 ζπαρθένον
1667 5849 1825 5972 Ειῗιιη
1902 5902 1948 5935 ⁸⁷

2105 5833 2122 5863 ⁵
2154 5833 2428 5906 διέρρηξε]
2456 5827 2548 5890 Sil:
2582 5834 2642 5889 Β.
2687 5835 2751 5887 D.
2782 5827 2933 5890 Aﬁn.
2962 5837 3280 5904 dirumperel
3316 5837 3445 5900 An.,
3477 5827 3658 5891 (-a‘1eri

2105 5901 2184 5972 ει]
2212 5901 2252 5960 -ί-
2285 5905 2476 5972 μαθεῖν
2517 5905 2583 5958 Α.
2621 5903 2822 5972 βούλει.
2851 5945 2865 5958 .
2896 5946 2910 5959 .
2940 5905 3206 5972 ἀκούσῃς]
3223 5906 3402 5972 βούλει
3439 5904 3650 5972 λοιπὸν,

423 5897 744 5988 εςιρήςωι
782 5897 794 5901 ⁷
828 5901 884 5988 ἶῖ.
903 5897 1197 5988 ξαιὲέζῖγ]
1216 5897 1336 5988 Ῑῆν
1351 5897 1635 5988 ,ἳτάξθίένῖν
1667 5897 1804 5988 '5‘”-

1902 5902 1948 5982 ξ’
1962 5901 2184 5982 βούλει]
2212 5901 2252 5960 -ίλ
2274 5901 2476 5982 μαθεῖν
2621 5903 2822 5982 βούλει.
2851 5945 2865 5958 .
2896 5946 2917 5982 1
2929 5901 3206 5982 ἀκούσῃς]
3223 5904 3650 5982 βούλει-λοιπὸν,

423 5968 669 6032 ἀκούσας
701 5969 763 6023 Ε.
839 5969 884 6002 ⁸³
911 5969 942 6022 6
987 5968 1194 6040 Ἰωσήφ
1209 5968 1321 6027 cui.
1346 5969 1411 6028 Β.
1439 5968 1545 6026 An.
1583 5971 1732 6028 Anu.
1806 5970 1856 6006 “
1881 5973 1978 6043 ἁφὶ

2115 5968 2248 6029 Μὸτ.
2282 5968 2501 6044 ἀφιέναι
2524 5968 2654 6031 δαν.
2689 5972 2824 6032 Ben.
2899 5977 2947 6009 ⁹⁰
2973 5968 3288 6048 παράνομον
3322 5971 3385 6030 D.
3415 5974 3481 6031 E.
