4078 6372
243 344 309 402 ιη
1428 347 1493 404 iN
1530 350 1933 412 nummum
1971 356 2202 416 HOMIL.
2241 362 2305 420 tt.
3452 366 3525 424 28
3623 371 3633 387 '

245 451 670 523 generationem,
700 448 796 505 sed
828 457 991 504 totam
1028 446 1486 517 dispensationem
1516 446 1847 516 complecta-

246 544 376 597 tur?
404 542 542 609 Quia
575 540 677 595 hoc
715 542 877 595 totius
904 540 1317 610 dispensationis
1357 546 1517 609 caput
1548 548 1651 606 est,
1684 549 1847 611 atque

241 642 565 711 principium
609 644 763 701 nobis
791 655 845 702 et
882 648 1035 702 radix
1062 646 1299 701 omnium
1331 646 1615 702 bonorum.
1642 645 1837 714 Quent-

240 734 535 789 admodum
586 738 780 793 librum
845 740 962 795 cadi
1011 750 1067 793 et
1118 748 1277 795 terra:
1323 741 1537 794 vocavit
1587 738 1839 810 Moyses,

241 827 453 882 etiamsi
487 844 595 884 non
640 829 708 885 de
750 830 884 886 caelo
930 840 985 885 et
1035 840 1173 886 terra
1206 839 1411 885 tantum
1447 829 1713 899 loquatur,
1743 828 1839 884 sed

239 917 308 973 de
337 920 404 973 iis
430 921 595 976 etiam
636 937 757 993 qua:
788 923 843 977 in
888 921 1068 978 medio
1111 924 1281 992 posita
1321 931 1476 976 erant
1507 940 1519 975 :
1552 921 1625 976 ita
1668 931 1722 976 et
1753 921 1837 977 hic

240 1026 455 1081 quoque
479 1027 550 1068 ex
578 1014 754 1083 capite
783 1014 1047 1070 bonorum
1074 1028 1137 1069 ac
1178 1014 1433 1083 praeclare
1462 1024 1732 1084 gestorum
1779 1014 1840 1065 li-

241 1099 396 1155 brum
424 1105 773 1173 nuncupavit.
799 1105 953 1173 Quod
980 1106 1122 1161 enim
1145 1105 1463 1175 stupendum
1488 1115 1569 1159 est
1595 1118 1839 1159 omnem-

240 1207 343 1260 que
368 1206 525 1263 spem
562 1199 1132 1266 exspectationemque
1170 1208 1423 1265 superat,
1457 1206 1539 1252 est
1566 1196 1838 1252 hominem

240 1284 411 1339 Deum
442 1286 561 1342 fieri
591 1307 603 1341 :
633 1306 740 1358 quo
767 1290 909 1345 facto
945 1291 1123 1345 omnia
1166 1288 1460 1345 secundum
1499 1289 1757 1347 rationein
1785 1296 1842 1344 et

239 1382 682 1448 consequentiattt
705 1383 978 1435 eveniunt.

316 1574 535 1628 Davidis
596 1574 859 1643 splendor.
914 1574 1162 1641 Quazdam
1195 1576 1259 1630 de
1303 1576 1598 1648 genealogia
1645 1576 1832 1633 Christi

232 1669 545 1739 questions
589 1665 872 1720 solvuntur.
899 1696 971 1707 —
1000 1666 1110 1721 Cur
1137 1676 1316 1723 autem
1360 1685 1467 1724 non
1511 1668 1679 1736 dixit,
1712 1670 1831 1725 ΗΜ

230 1759 534 1825 Abraham,
560 1769 619 1815 et
646 1760 988 1830 postea,Filii
1019 1760 1221 1816 David?
1244 1760 1384 1829 Non,
1413 1772 1471 1816 ut
1489 1763 1703 1833 quidam
1725 1765 1834 1833 opi-

233 1865 457 1920 nantur,
489 1853 560 1908 ab
588 1853 935 1909 inferioribus
979 1854 1170 1910 volens
1209 1855 1278 1910 ad
1319 1859 1597 1927 superiora
1646 1872 1835 1913 ascen-

232 1946 365 2001 dere
392 1966 406 2000 :
438 1945 676 2017 alioquin
726 1946 781 2000 id
814 1946 1027 2002 fecisset
1051 1946 1197 2018 quod
1238 1956 1294 2003 et
1324 1947 1530 2017 Lucas;
1560 1965 1702 2006 nunc
1739 1967 1836 2005 att-

231 2050 341 2093 tem
374 2054 407 2094 e
432 2038 703 2093 contrario
730 2037 873 2093 facit.
902 2038 1013 2094 Cur
1041 2055 1169 2109 ergo
1201 2039 1453 2095 Davidem
1481 2044 1836 2097 memoravit?

228 2132 368 2200 Quia
396 2132 486 2186 ille
516 2132 569 2185 in
611 2131 849 2186 omnium
880 2146 976 2187 ore
1004 2131 1293 2199 ferebatur,
1321 2142 1433 2188 tum
1462 2133 1533 2189 ob
1560 2143 1833 2204 gestorum

232 2224 607 2294 splendorem,
631 2234 740 2279 tum
767 2228 930 2280 etiam
965 2226 1223 2295 temporis
1245 2238 1427 2292 causa,
1455 2227 1597 2297 quod
1625 2244 1729 2284 non
1759 2238 1837 2284 tot

232 2326 357 2372 ante
392 2317 615 2372 smculis
643 2326 886 2371 mortuus
911 2326 1091 2383 esset,
1113 2326 1245 2388 quot
1280 2318 1571 2374 Abraham.
1612 2320 1834 2377 Etiamsi

231 2426 361 2466 vero
392 2411 611 2480 utrique
629 2411 898 2481 pollicitus
916 2410 989 2465 sit
1013 2410 1176 2479 Deus,
1203 2412 1331 2467 illud
1359 2420 1536 2468 tamen
1558 2416 1707 2484 quasi
1734 2432 1835 2471 an-

232 2506 437 2576 tiquius
502 2504 828 2569 tacebatsr;
881 2505 985 2560 hec
1027 2514 1206 2561 autem
1231 2546 1250 2573 ,
1280 2492 1464 2578 utpote
1515 2510 1783 2565 recentius
1815 2552 1832 2579 ,

229 2600 479 2653 omnium
528 2611 625 2652 ore
652 2594 1153 2652 circumferebatur.
1183 2597 1287 2667 Ipsi
1333 2613 1565 2669 namque
1602 2601 1786 2655 dicunt
1815 2619 1830 2656 :

232 2690 428 2745 Nonne
468 2705 539 2744 ea:
580 2688 770 2744 semine
796 2686 968 2743 David
1008 2696 1057 2742 et
1097 2686 1392 2743 Betltlehem
1433 2691 1542 2744 vico
1565 2731 1582 2757 ,
1614 2692 1836 2747 abierat

229 2782 574 2849 David,oenit
602 2781 831 2837 Christus
852 2780 1034 2851 (Joan.
1057 2781 1111 2835 7.
1138 2780 1268 2852 42)?
1294 2780 1463 2837 Nemo
1490 2782 1638 2837 illum
1668 2785 1836 2840 lilium

227 2873 466 2929 Abrahae
491 2913 509 2937 ,
539 2870 635 2927 sed
659 2885 849 2928 omnes
873 2870 1040 2926 filium
1070 2870 1244 2928 David
1281 2872 1581 2928 vocabant:
1613 2888 1734 2928 nam
1765 2873 1837 2929 ob

230 2965 500 3036 temporis
525 2964 780 3034 spatium,
806 2970 867 3018 ut
894 2960 1023 3029 dixi,
1051 2969 1108 3018 et
1130 2961 1203 3017 ob
1229 2977 1475 3033 regnum,
1500 2963 1552 3018 in
1580 2964 1837 3022 memoria

230 3063 515 3116 hominum
558 3059 731 3131 magis
768 3058 1106 3115 versabatur.
1132 3057 1390 3113 Similiter
1413 3065 1471 3112 et
1505 3072 1660 3127 reges
1691 3071 1830 3128 quos

227 3152 648 3214 venerabantur,
682 3151 880 3221 quique
904 3158 1027 3221 post
1055 3149 1202 3204 illum
1229 3148 1398 3215 fuere,
1427 3147 1610 3202 abillo
1637 3163 1831 3219 cogno-

228 3242 510 3297 ntittabant
532 3282 550 3307 ,
577 3254 678 3295 nec
717 3239 820 3310 ipsi
863 3240 1035 3294 solum
1060 3279 1078 3307 ,
1109 3238 1205 3294 sed
1231 3238 1392 3294 etiam
1425 3238 1583 3294 Deus.
1614 3239 1826 3293 Etenim

228 3332 484 3388 Ezechiel
531 3342 586 3388 et
630 3332 721 3387 alii
753 3332 1028 3402 prophetat
1063 3332 1247 3387 dicunt
1270 3339 1552 3386 venturum
1579 3346 1701 3386 esse
1727 3331 1830 3387 Da-

228 3425 313 3478 vid
342 3433 400 3479 et
427 3433 858 3480 resurrecturum
894 3437 1053 3489 esse,
1080 3438 1189 3478 non
1214 3422 1283 3479 de
1312 3422 1513 3479 Davide
1554 3423 1645 3491 qui
1683 3437 1829 3478 mor-

229 3522 355 3569 tuus
378 3524 501 3570 erat
532 3514 815 3585 loquentes
839 3553 857 3581 ,
886 3513 984 3570 sed
1008 3514 1078 3571 de
1106 3500 1177 3570 iis
1197 3516 1288 3587 qui
1313 3514 1431 3586 ejus
1462 3516 1710 3571 virtutem
1741 3529 1828 3570 se-

228 3617 527 3663 ctarentur.
552 3607 802 3663 Ezechiae
825 3622 955 3662 vero
982 3609 1058 3662 ait
1082 3624 1097 3662 :
1126 3606 1399 3679 Protegam
1423 3608 1669 3662 civitatem
1694 3608 1827 3663 hanc

230 3708 439 3768 propter
465 3714 549 3752 me
567 3708 616 3753 et
637 3706 842 3768 propter
859 3697 1027 3752 David
1055 3714 1265 3768 puerum
1289 3714 1455 3751 meum
1490 3698 1563 3768 (4.
1585 3697 1710 3767 Reg.
1731 3698 1821 3755 l9.

231 3789 344 3861 54).
376 3790 659 3845 Salomoni
689 3804 819 3845 vero
846 3790 1076 3856 dicebat,
1106 3804 1169 3846 se
1196 3798 1416 3859 propter
1450 3788 1704 3844 Davidem
1733 3804 1825 3843 re-

230 3896 394 3949 gnum
425 3884 641 3938 vivente
669 3883 787 3954 ipso
817 3880 1150 3954 [Salomone]
1182 3895 1287 3935 non
1314 3879 1558 3935 divisisse
1584 3880 1661 3950 (5.
1689 3878 1824 3951 Reg.

232 3975 319 4029 ll.
348 3975 467 4044 54).
498 3974 686 4046 Magna
724 3974 868 4030 enim
898 3981 1015 4029 erat
1051 3973 1193 4027 illius
1234 3972 1336 4027 viri
1375 3972 1541 4042 gloria
1589 3981 1643 4026 et
1683 3970 1823 4041 apud

232 4066 403 4122 Deum
447 4074 505 4122 et
532 4066 669 4136 apud
699 4065 964 4121 homines.
992 4063 1222 4134 Ideoque
1268 4064 1336 4118 ab
1374 4063 1466 4117 illo
1504 4061 1596 4132 qui
1645 4062 1824 4117 nctior

230 4168 348 4214 erat
387 4159 668 4214 exordium
697 4156 880 4222 ducit,
911 4166 965 4212 et
990 4165 1118 4211 tunc
1151 4155 1217 4209 ad
1241 4155 1592 4225 antiquiorem
1624 4169 1822 4223 paren-

231 4258 339 4305 tem
373 4250 643 4317 recurrit,
687 4247 1014 4319 superﬂuum
1055 4246 1293 4312 ducens,
1335 4254 1590 4315 quantum
1628 4245 1695 4299 ad
1724 4245 1823 4299 lu-

232 4341 383 4397 dteos
404 4383 423 4407 ,
453 4343 701 4413 superius
737 4354 1042 4396 sermonem
1089 4338 1278 4394 ordiri.
1309 4337 1376 4393 Ili
1404 4337 1550 4393 enim
1592 4337 1824 4395 maxime

228 4434 509 4489 mirabiles
552 4442 706 4488 erant
736 4448 751 4485 :
779 4431 869 4487 hic
891 4472 907 4498 ,
934 4438 1116 4501 utpote
1153 4445 1249 4486 rex
1293 4439 1349 4485 et
1371 4430 1663 4499 propheta;
1696 4429 1820 4498 ille,

229 4536 287 4580 ut
310 4527 617 4595 patriarcha
643 4535 698 4581 et
728 4525 1010 4596 propheta.
1036 4525 1100 4579 Et
1120 4524 1261 4579 unde
1286 4524 1559 4593 probatur,
1585 4523 1818 4593 inquies,

230 4618 382 4673 illum
429 4634 497 4674 ex
542 4618 740 4674 Davide
766 4629 941 4673 ortum
972 4617 1130 4672 esse?
1154 4616 1209 4673 Si
1235 4617 1377 4672 enim
1408 4632 1513 4672 non
1561 4632 1625 4671 ex
1666 4617 1817 4685 viro,

227 4711 323 4766 sed
350 4726 421 4765 ex
451 4710 687 4765 muliere
708 4718 912 4765 tantum
945 4719 1099 4764 natus
1126 4717 1209 4765 est
1232 4747 1252 4777 ,
1279 4707 1500 4777 virginis
1524 4716 1702 4762 autem
1730 4723 1822 4780 ge-

228 4805 472 4874 nealogia
505 4820 616 4859 non
664 4803 904 4869 texitur,
934 4802 1205 4874 quomodo
1254 4801 1487 4856 sciemus
1534 4802 1705 4870 ipsum
1750 4816 1817 4855 ex

227 4895 431 4950 Davide
472 4909 596 4950 esse
624 4894 843 4949 ortum?
873 4893 1001 4948 Duze
1027 4907 1257 4963 namque
1294 4899 1420 4947 sunt
1447 4890 1769 4961 quaestiones
1799 4906 1813 4941 :

224 5002 322 5041 cur
346 4986 539 5041 matris
563 4986 872 5056 genealogia
899 4999 1005 5039 non
1039 4985 1253 5049 texitur,
1281 4992 1336 5037 et
1364 4997 1459 5037 cur
1482 4981 1700 5051 Joseph,
1726 4981 1816 5051 qui

226 5080 355 5134 nihil
382 5079 612 5134 contulit
639 5079 706 5132 ad
745 5079 1165 5149 generationem,
1194 5076 1263 5129 ab
1307 5076 1414 5130 illis
1442 5083 1768 5130 memoratur
1796 5088 1812 5127 :

222 5172 439 5226 videtur
466 5170 612 5225 enim
637 5169 739 5224 hoc
764 5168 1087 5234 redundare,
1111 5176 1166 5222 et
1191 5166 1320 5221 illud
1346 5165 1655 5221 desiderari.
1679 5163 1812 5232 Quid

220 5278 353 5332 ergo
394 5262 548 5331 prius
592 5259 1006 5331 perquirendum
1054 5269 1136 5315 est
1163 5259 1186 5314 ?
1214 5258 1493 5324 Quomodo
1520 5273 1585 5313 ex
1617 5257 1814 5312 Davide
1854 5247 1861 5253 ’

220 5354 388 5425 Virgo
436 5364 557 5409 orta
602 5354 780 5408 fuerit.
803 5354 919 5419 Quo
947 5361 1103 5422 pacto
1147 5359 1324 5405 autem
1360 5350 1591 5406 sciemus
1615 5365 1683 5405 ex
1711 5350 1827 5404 Da—

216 5446 343 5500 vide
364 5453 543 5499 ortam
564 5444 734 5499 esse?
774 5442 910 5499 Audi
951 5442 1116 5496 Deum
1142 5439 1374 5496 Gabrieli
1416 5440 1808 5508 praecipientem

223 5549 287 5594 ut
324 5539 507 5595 adiret
544 5538 796 5611 Virginem
833 5541 1189 5610 desponsatam
1229 5541 1371 5607 viro,
1401 5540 1485 5593 cui
1509 5555 1689 5594 nomen
1717 5548 1826 5593 erat

222 5629 447 5701 Ioseph,
479 5632 543 5685 de
572 5632 722 5686 domo
748 5642 797 5687 et
823 5633 1022 5704 familia
1044 5632 1209 5688 David
1232 5633 1251 5703 (
1279 5631 1403 5688 Luc.
1436 5633 1486 5687 1.
1515 5631 1585 5687 27
1614 5632 1653 5698 ).
1681 5632 1819 5700 Quid

221 5724 431 5777 clarius
458 5723 698 5793 postulas
718 5764 734 5788 ,
761 5738 882 5777 cum
924 5726 1076 5781 audis
1113 5726 1180 5781 de
1214 5724 1375 5781 domo
1404 5734 1458 5779 et
1496 5723 1691 5779 familia
1721 5725 1829 5780 Da-

222 5815 312 5869 vid
361 5812 638 5884 Virginem
669 5813 882 5871 fuisse?

2035 468 2089 522 4.
2124 467 2273 523 Unde
2321 476 2499 539 patet,
2532 468 2731 541 Ioseph
2769 471 2928 529 etiam
2974 472 3098 530 inde
3141 483 3316 533 ortum
3347 475 3535 535 fuisse.

1964 555 2076 612 Lex
2107 560 2301 629 quippe
2326 570 2443 616 erat
2469 578 2587 630 quae
2630 573 2834 620 vetaret
2878 580 3070 625 uxores
3098 567 3325 634 ducere,
3356 569 3460 628 nisi
3486 585 3555 627 ex

1965 648 2177 718 propria
2205 650 2365 704 tribu.
2400 650 2705 707 Patriarclta
2733 668 2860 708 vero
2901 654 3067 710 Jacob
3106 657 3253 713 illum
3297 673 3363 715 ex
3408 659 3550 714 tribu

1961 736 2097 793 Juda
2124 743 2455 797 exoriturum
2485 758 2604 799 esse
2631 746 2876 815 praedixit
2900 764 2914 802 :
2949 746 3072 803 Non
3097 748 3293 821 deﬁciet
3316 751 3553 824 princeps

1962 831 2027 885 de
2048 831 2190 887 Juda
2212 874 2228 901 ,
2270 851 2431 905 neque
2454 836 2563 891 dua:
2586 837 2650 892 de
2674 838 2949 910 femoribus
2989 840 3138 911 ejus,
3186 842 3345 899 donec
3389 845 3553 899 veniat

1960 924 2042 976 cui
2067 926 2343 993 repositum
2360 936 2472 982 est:
2498 937 2546 982 et
2570 928 2679 998 ipse
2702 930 2796 985 erit
2823 932 3126 1000 exspectatio
3149 934 3372 1006 gentium
3392 933 3547 1007 (Gen.

1957 1011 2049 1068 49.
2079 1015 2190 1085 10).
2220 1014 2382 1071 Certe
2412 1016 2526 1072 haec
2552 1019 2831 1090 prophetia
2854 1060 2871 1088 ,
2903 1022 3046 1093 quod
3084 1037 3152 1079 ex
3190 1025 3331 1081 tribu
3381 1026 3545 1081 David

1958 1103 2139 1170 fuerit,
2162 1105 2395 1162 declarat
2420 1124 2436 1173 ;
2467 1119 2522 1164 at
2548 1126 2652 1164 non
2683 1111 2823 1182 quod
2849 1128 2914 1167 ex
2934 1128 3134 1183 genere
3157 1115 3387 1172 Davidis.
3409 1115 3549 1173 Nunt

1958 1195 2119 1265 igitur
2156 1196 2209 1251 in
2239 1198 2377 1252 tribu
2395 1197 2529 1254 Juda
2550 1216 2656 1255 non
2687 1202 2830 1257 aliud
2857 1211 2978 1259 erat
3003 1218 3171 1275 genus
3196 1221 3354 1276 quam
3394 1206 3553 1263 Davi.-

1957 1285 2083 1341 dis?
2110 1287 2221 1341 lmo
2254 1289 2421 1344 multa
2450 1290 2575 1357 alia,
2607 1300 2661 1346 et
2685 1293 2996 1365 contingere
3020 1297 3191 1365 potuit
3216 1305 3277 1353 ut
3303 1306 3447 1354 esset
3482 1313 3550 1354 ex

1957 1379 2097 1435 tribu
2122 1380 2257 1436 Juda
2278 1420 2297 1450 ,
2325 1382 2451 1453 quin
2486 1392 2631 1438 esset
2654 1399 2720 1440 ex
2744 1400 2941 1457 genere
2978 1387 3217 1444 Davidis.
3251 1388 3449 1447 Verum
3480 1406 3549 1447 ne

1958 1471 2062 1527 hoc
2087 1473 2316 1541 diceres,
2346 1473 2484 1531 hanc
2515 1476 2605 1532 tibi
2632 1478 2993 1548 suspicionem
3024 1480 3161 1537 tollit
3181 1483 3543 1554 evangelista,

1955 1563 2140 1619 dicens
2186 1565 2330 1620 illum
2377 1566 2539 1622 fuisse
2565 1583 2631 1623 ex
2670 1568 2833 1625 domo
2872 1578 2929 1626 et
2952 1569 3150 1627 familia
3178 1570 3363 1629 David.
3394 1573 3547 1641 Quod

1954 1659 1999 1712 si
2028 1658 2080 1713 id
2108 1659 2323 1716 aliunde
2351 1663 2510 1717 etiam
2537 1663 2745 1720 discere
2773 1666 2928 1735 velis,
2960 1681 3070 1725 non
3097 1668 3270 1726 deerit
3289 1669 3396 1726 alia
3424 1685 3549 1742 pro-

1953 1750 2101 1804 batio
2130 1769 2143 1805 :
2170 1766 2275 1806 non
2306 1753 2467 1807 modo
2498 1755 2640 1810 enim
2663 1771 2768 1811 non
2801 1757 2999 1813 licebat
3024 1774 3089 1815 ex
3116 1760 3219 1815 alia
3251 1762 3387 1817 tribu
3415 1776 3547 1817 uxo-

1953 1855 2068 1897 rem
2098 1841 2314 1909 ducere,
2342 1844 2436 1899 sed
2460 1860 2632 1914 neque
2656 1862 2720 1901 ex
2746 1847 2849 1903 alia
2872 1848 3090 1915 familia,
3120 1851 3172 1907 id
3200 1860 3302 1914 est.
3334 1867 3400 1907 ex
3435 1853 3539 1907 alia

1949 1933 2285 2002 cognatione.
2310 1933 2492 2005 Itaque
2520 1936 2565 1990 si
2588 1936 2740 2003 illud,
2771 1937 2852 1993 Ea:
2879 1938 3031 1994 domo
3059 1948 3107 1995 et
3133 1942 3331 2014 familia
3350 1940 3543 2008 David,

1952 2020 2156 2092 Virgini
2182 2034 2447 2093 aptemus,
2468 2025 2671 2082 dictum
2698 2027 2828 2084 illud
2854 2030 3156 2101 constabit;
3198 2032 3242 2088 si
3269 2032 3535 2103 lost-pho.

1952 2112 2082 2169 illud
2113 2114 2284 2185 ipsum
2314 2119 2679 2188 consequitur.
2709 2119 2765 2174 Si
2801 2122 2945 2178 enim
2980 2137 3046 2178 ex
3070 2122 3232 2181 domo
3255 2134 3308 2180 et
3335 2125 3532 2181 familia

1949 2205 2112 2261 David
2137 2218 2253 2263 erat
2272 2208 2492 2280 Ioseph,
2508 2226 2613 2267 non
2638 2213 2854 2268 aliunde
2878 2217 3084 2289 accepit
3114 2233 3360 2286 uxorem,
3381 2234 3538 2289 quam

1943 2310 2009 2354 ex
2038 2301 2353 2370 cognatione
2376 2318 2490 2357 sua.
2510 2303 2649 2370 Quid
2675 2321 2824 2376 vero,
2852 2307 3078 2378 inquies,
3098 2309 3142 2364 si
3170 2309 3341 2380 legem
3363 2318 3539 2368 trans-

1943 2403 2160 2458 gressus
2186 2391 2301 2446 sit?
2338 2391 2445 2448 Sed
2474 2393 2673 2450 idcirco
2700 2411 3079 2468 praeoccupans
3106 2401 3415 2461 testificatus
3433 2413 3537 2467 est,

1942 2479 2145 2553 Joseph
2190 2482 2356 2540 fuisse
2396 2485 2635 2556 justum,
2676 2496 2739 2543 ut
2764 2504 2832 2544 ne
2864 2488 2965 2545 hoc
2990 2490 3200 2565 diceres
3223 2532 3240 2559 ,
3272 2491 3366 2549 sed
3400 2494 3540 2549 illius

1942 2578 2195 2631 virtutem
2227 2576 2483 2644 edoctus,
2514 2594 2703 2635 nosses
2739 2581 2917 2652 legem
2948 2582 3016 2637 ab
3057 2583 3175 2654 ipso
3214 2600 3322 2643 non
3367 2585 3532 2645 fuisse

1942 2668 2217 2723 violatam.
2246 2668 2348 2734 Qui
2373 2670 2515 2724 enim
2542 2670 2613 2725 ita
2643 2670 2908 2728 humanus
2930 2683 3047 2730 erat
3070 2676 3087 2708 ⁸
3111 2683 3165 2732 et
3186 2691 3218 2732 a
3246 2691 3409 2746 pravo
3436 2677 3533 2733 ho-

1946 2757 2106 2815 minis
2130 2759 2320 2815 ail‘ectu
2339 2774 2555 2824 vacuus,
2577 2770 2634 2816 ut
2656 2778 2725 2818 ne
2749 2764 3051 2833 suspicione
3075 2766 3289 2836 quidem
3312 2781 3534 2840 urgente

1948 2847 2109 2902 vellet
2137 2847 2205 2913 de
2233 2848 2453 2920 Virgine
2468 2851 2606 2905 sumi
2636 2853 2977 2922 supplicium,
3007 2854 3277 2926 quomodo
3301 2856 3534 2915 libidinis

1943 2956 2103 2999 causa
2130 2943 2302 3014 legem
2324 2952 2685 3014 transgressus
2713 2947 2902 3002 esset?
2929 2947 3027 3017 Qui
3053 2950 3195 3006 enim
3225 2950 3346 3024 plus
3373 2967 3532 3024 quam

1945 3034 2034 3089 lex
2065 3035 2267 3091 ferebat
2293 3035 2765 3107 pltilosopbabatur
2785 3040 2930 3107 (nam
2951 3041 3222 3099 dimittere
3246 3051 3302 3100 et
3326 3043 3533 3100 occulte

1946 3126 2249 3193 dimittere,
2282 3128 2408 3182 illud
2434 3138 2550 3184 erat
2577 3131 2713 3185 ultra
2739 3131 2909 3201 legem
2939 3132 3363 3206 philosophari),
3392 3151 3531 3207 quo-

1944 3215 2106 3271 modo
2127 3225 2313 3272 contra
2342 3218 2514 3288 legem
2541 3219 2749 3289 aliquid
2793 3222 3142 3292 admitteret,
3189 3225 3348 3296 idque
3387 3228 3529 3283 nulla

1938 3317 2165 3378 cogente
2191 3310 2512 3366 necessitate
2536 3311 2559 3365 ?
2586 3310 2788 3367 Verum
2826 3316 2892 3369 'ex
2919 3330 3119 3384 genere
3164 3317 3330 3374 David
3357 3318 3530 3389 Virgi-

1950 3413 2074 3453 nem
2102 3398 2288 3466 fuisse,
2314 3414 2379 3454 ex
2400 3400 2509 3470 jam
2536 3400 2694 3459 dictis
2724 3404 2897 3474 palam
2923 3414 3031 3463 est.
3053 3406 3170 3462 Jam
3194 3422 3323 3464 vero
3349 3424 3527 3480 operat

1940 3489 2171 3559 pretium
2202 3489 2362 3546 fuerit
2390 3492 2590 3559 dicere,
2623 3510 2718 3550 cur
2742 3510 2848 3551 non
2876 3496 3038 3559 illius,
3067 3499 3161 3553 sed
3186 3498 3405 3571 Iosephi
3433 3517 3528 3571 ge-

1936 3582 2235 3653 nealogiam
2266 3583 2499 3640 duxerit.
2529 3586 2644 3652 Qua
2687 3585 2755 3641 de
2797 3602 2958 3642 causa
3003 3589 3203 3659 igitur?
3246 3591 3365 3649 Non
3407 3602 3526 3649 erat

1934 3687 2052 3727 mos
2080 3672 2220 3743 apud
2257 3674 2470 3730 Judaeos
2506 3676 2792 3732 mulierum
2837 3679 3173 3750 geuealogias
3211 3691 3413 3738 texere.
3455 3684 3525 3740 Ut

1932 3764 2094 3835 igitur
2121 3765 2418 3820 secundum
2455 3782 2659 3822 morem
2684 3777 2903 3839 ageret,
2935 3785 3033 3825 nec
3059 3771 3331 3828 videretur
3369 3774 3520 3831 illum

1933 3857 2002 3911 ab
2027 3856 2179 3911 initio
2198 3858 2516 3927 transgredi,
2543 3868 2703 3929 utque
2723 3860 2883 3916 simul
2918 3862 3073 3917 nobis
3094 3861 3327 3935 Virginis
3350 3881 3522 3937 genus

1934 3948 2228 4015 indicaret,
2260 3949 2426 4019 ipsius
2458 3952 2692 4019 majores
2725 3953 2958 4008 reticens
2980 3995 2996 4019 ,
3024 3954 3244 4025 Joscpbi
3271 3961 3522 4028 genealo-

1929 4040 2069 4111 giam
2098 4041 2270 4095 duxit.
2300 4041 2356 4097 Si
2397 4042 2541 4097 enim
2570 4042 2621 4097 id
2650 4042 2717 4099 de
2748 4044 2965 4114 Virgine
2993 4046 3239 4115 fecisset,
3268 4049 3520 4105 novitatis

1930 4142 2108 4188 notam
2132 4149 2236 4187 nou
2258 4133 2567 4205 effugisset;
2589 4136 2633 4191 si
2659 4136 2950 4207 Josepbum
2984 4141 3257 4211 tacuisset,
3287 4142 3519 4214 Virginis

1930 4227 2298 4296 progenitores
2324 4243 2432 4282 non
2460 4243 2759 4284 nossemus.
2783 4229 2853 4285 Ut
2893 4229 3071 4301 itaque
3099 4231 3367 4290 discamus
3394 4250 3517 4305 quae

1927 4327 2071 4375 esset
2095 4318 2279 4384 Maria,
2301 4327 2357 4375 et
2376 4319 2517 4375 unde
2540 4330 2677 4386 orta,
2701 4321 2951 4392 legesque
2971 4322 3183 4379 intacta:
3209 4337 3512 4392 manerent,

1927 4409 2110 4479 sponsi
2141 4410 2257 4476 eius
2282 4411 2645 4481 genealogiam
2668 4416 2964 4480 contexuit,
2993 4422 3049 4468 et
3074 4429 3141 4470 ex
3167 4415 3329 4471 domo
3351 4417 3514 4472 David

1927 4502 2159 4558 ostendit
2190 4517 2329 4558 esse.
2362 4503 2476 4558 Hoc
2500 4504 2641 4559 enim
2668 4515 3121 4571 commonstrato,
3152 4507 3284 4563 illud
3304 4525 3519 4581 quoque

1927 4594 2089 4651 simul
2129 4595 2429 4651 ostenditur
2462 4595 2735 4667 Virginem
2775 4598 2937 4653 etiam
2969 4598 3092 4655 inde
3112 4609 3286 4658 ortam
3313 4600 3513 4668 fuisse;

1928 4685 2386 4756 quandoquidem,
2410 4694 2470 4741 ut
2492 4686 2600 4741 dixi
2627 4728 2639 4749 ,
2663 4687 2928 4744 noluisset
2949 4689 3127 4759 justus
3172 4691 3264 4747 ille
3300 4692 3519 4749 aliunde

1930 4791 2150 4831 uxorem
2172 4776 2437 4845 accipere.
2462 4776 2720 4846 Superest
2743 4787 2799 4834 et
2821 4780 2924 4834 alia
2945 4796 3105 4836 causa
3135 4784 3304 4853 magis
3323 4799 3525 4840 arcana

1932 4876 1982 4922 et
2003 4869 2247 4938 mystica,
2270 4884 2365 4923 cur
2387 4870 2618 4939 Virginis
2644 4872 2876 4942 majores
2892 4873 3104 4929 silentio
3126 4876 3273 4931 missi
3296 4875 3516 4946 fuerint,

1919 4980 2079 5035 quam
2107 4966 2193 5022 nic
2219 4968 2428 5037 aperire
2462 4969 2641 5025 minus
2675 4980 3033 5040 Opportunum
3057 4984 3221 5041 esset,
3250 4978 3369 5046 quia
3389 4979 3500 5048 jam

1919 5055 2084 5110 multa
2111 5055 2252 5111 dicta
2275 5066 2421 5113 sunt.
2450 5058 2812 5126 Quamobrem
2838 5062 2924 5118 hic
2945 5067 3301 5134 quaestionum
3341 5071 3498 5125 finem

1917 5146 2191 5215 facientes,
2216 5162 2282 5204 ea
2306 5164 2426 5218 quae
2456 5150 2611 5206 nobis
2648 5152 2909 5223 explicata
2934 5164 3060 5210 sunt
3090 5169 3339 5214 accurate
3367 5163 3501 5214 reti.

1918 5249 2177 5294 neamus:
2209 5254 2402 5309 nempe
2424 5281 2439 5306 ,
2466 5255 2565 5296 cur
2597 5243 2812 5298 Davidis
2846 5246 3050 5301 mentio
3088 5249 3315 5317 primum
3359 5248 3496 5304 facta

1919 5328 2077 5384 fuerit
2091 5345 2107 5395 ;
2121 5344 2217 5385 cur
2232 5330 2426 5387 librum
2440 5333 2713 5388 vocaverit
2726 5334 2916 5390 librum
2931 5339 3311 5406 generationis,
3333 5355 3500 5410 quare

1918 5420 2131 5488 dixerit,
2144 5421 2267 5476 Iesu
2283 5419 2494 5489 Christi;
2507 5440 2673 5495 quare
2699 5428 2977 5495 generatio
3005 5429 3074 5483 sit
3106 5431 3405 5485 communis
3445 5440 3500 5486 et

1917 5532 2022 5573 non
2039 5519 2367 5584 communis;
2386 5518 2648 5573 undenam
2673 5519 2833 5575 Maria
2855 5537 2919 5576 ex
2938 5521 3135 5577 Davide
3149 5532 3263 5578 orta
3281 5538 3398 5578 csse
3418 5540 3500 5579 os-

1920 5609 2195 5677 tendatur;
2217 5625 2312 5666 cur
2335 5612 2474 5666 illius
2499 5611 2789 5681 majoribus
2808 5612 3020 5669 silentio
3040 5613 3234 5681 miSsis,
3254 5617 3513 5686 gone-alt».

1996 5833 2011 5861 ι
2051 5829 2165 5890 Atii,
2191 5826 2257 5879 ita
2280 5826 2467 5878 virtutis
2488 5833 2591 5879 erat
2616 5835 2823 5877 uitiator.
