4078 6372
523 330 598 386 '29
1184 335 1251 391 S.
1302 335 1591 390 JUANNIS
1629 337 2115 391 CIIHYSUS'IUMI
2158 338 2478 396 AKCHIEP.
2523 338 3069 396 CONSTANTINOP.
3719 353 3791 409 30

518 442 602 510 gia
617 439 837 510 Josephi
866 438 1026 496 ducta
1054 439 1235 497 fuerit.
1259 440 1317 496 Si
1339 442 1485 496 enim
1508 442 1623 499 haec
1646 445 2018 511 servaveritis,
2041 446 2109 500 ad

518 535 722 604 reliqua
750 533 980 589 dicenda
1008 535 1304 591 alacriores
1327 550 1427 590 nos
1446 534 1681 591 reddetis
1702 552 1717 603 ;
1736 538 1782 592 si
1821 553 1951 593 vero
1995 538 2110 594 haec

520 626 833 695 reSpueritis
858 635 912 681 et
934 642 1004 681 ex
1036 627 1306 682 mentibus
1333 628 1492 682 missa
1524 629 1777 694 feceritis,
1809 629 1877 684 ad
1903 639 2099 686 caetera

521 718 841 786 proferenda
882 719 1159 789 segniores
1205 719 1429 775 erimus.
1468 719 1651 789 Neque
1697 720 1840 775 enim
1875 722 2108 791 agricola

518 817 715 864 terram
740 851 753 874 ,
775 826 895 881 qum
922 811 1128 867 semina
1156 819 1504 880 corrumpat,
1538 812 1766 868 libenter
1790 814 2106 869 excoluerit.

518 899 876 966 Quamobrem
898 941 912 966 ,
940 915 1071 970 rogo
1094 941 1109 962 ,
1156 900 1271 955 haec
1311 912 1492 956 mente
1526 902 1772 956 volvatis.
1804 903 1884 958 Ex
1924 904 2107 958 talium

517 992 719 1060 quippe
743 1006 922 1045 rerum
954 992 1302 1046 meditatione
1330 1008 1579 1062 magnum
1611 993 1881 1062 quidpiam
1896 1002 1952 1049 et
1969 994 2112 1049 salu-

524 1093 636 1138 tare
662 1084 860 1138 bonum
889 1084 1084 1137 anima:
1106 1084 1332 1153 paritur.
1353 1084 1487 1138 Nam
1515 1093 1569 1139 et
1593 1084 1706 1140 Deo
1727 1085 1939 1154 placere
1959 1095 2111 1155 pote-

518 1180 686 1232 rimus
707 1218 723 1242 ,
750 1178 795 1232 si
822 1177 937 1231 haec
959 1186 1305 1245 curemus,.et
1331 1192 1424 1234 ora
1446 1187 1626 1233 nostra
1664 1193 1696 1232 a
1730 1179 2069 1235 contumeliis
2090 1218 2108 1246 ,

517 1272 784 1328 obscaenis
813 1274 991 1327 verbis
1015 1282 1069 1328 et
1104 1272 1359 1329 conviciis
1405 1287 1537 1343 pura
1565 1281 1760 1339 erunt,
1792 1273 1918 1328 dum
1945 1273 2109 1343 spiri-

518 1365 752 1419 tualihus
798 1365 1194 1420 exercebuntur
1220 1366 1485 1436 eloquiis;
1533 1366 1971 1437 dtemonihusque
2000 1366 2111 1423 for-

520 1457 800 1513 midabiles
827 1471 948 1512 esse
972 1457 1289 1527 poterimus,
1316 1457 1362 1511 si
1392 1458 1623 1527 linguam
1646 1465 1885 1513 nostram
1915 1460 2111 1516 talibus

518 1548 805 1603 verborum
845 1549 1012 1603 armis
1054 1549 1394 1603 muniamus:
1446 1548 1571 1603 hinc
1620 1549 1899 1605 oculorum
1956 1551 2113 1605 nobis

523 1639 901 1708 perspicacitas
929 1649 1172 1709 augetur.
1199 1638 1332 1694 Nam
1361 1648 1417 1694 et
1440 1639 1649 1706 oculos,
1680 1648 1735 1695 et
1756 1654 1839 1707 os,
1871 1649 1928 1696 et
1952 1640 2109 1696 audi-

523 1744 633 1787 tum
661 1733 783 1788 ideo
808 1734 859 1787 in
891 1731 1047 1788 nobis
1077 1734 1272 1801 posuit,
1302 1741 1359 1787 ut
1383 1733 1567 1788 omnia
1596 1732 1699 1803 ipsi
1726 1734 1966 1789 membra
1999 1748 2115 1789 ser-

522 1827 736 1893 virent;
767 1836 825 1881 ut
850 1842 971 1897 qua:
996 1827 1165 1897 ipsius
1197 1834 1324 1881 sunt
1351 1828 1666 1896 loquamur,
1699 1834 1759 1882 ut
1795 1842 1916 1897 quae
1945 1828 2111 1898 ipsius

523 1927 649 1973 sunt
675 1932 978 1986 operemur,
1010 1925 1068 1970 ut
1096 1925 1355 1987 perpetuo
1380 1916 1607 1988 hymnos
1633 1916 1732 1986 ipsi
1757 1930 2033 1986 canamus,
2053 1926 2113 1974 ut

522 2009 815 2079 gratiarum
844 2007 1085 2062 actiones
1121 2008 1428 2063 emittamus
1446 2047 1461 2073 ,
1490 2021 1557 2063 ac
1580 2021 1677 2077 per
1696 2008 1812 2065 htec
1833 2010 2113 2065 ecuscien-

529 2102 653 2156 tiam
685 2110 924 2154 nostram
962 2114 1275 2170 purgemus.
1315 2098 1776 2166 Quemadmodum
1818 2103 1961 2156 enim
1987 2116 2113 2157 eor-

522 2211 627 2265 pus
648 2209 793 2265 puro
819 2193 1010 2249 fruens
1035 2208 1162 2248 aere
1187 2193 1463 2247 valentius
1488 2193 1706 2259 evadet,
1736 2193 1817 2249 sie
1844 2202 1903 2249 et
1925 2193 2111 2249 anima

520 2290 609 2345 his
638 2287 920 2345 exercitiis
959 2284 1249 2352 innutrita,
1280 2285 1644 2357 philosophia:
1676 2287 1850 2359 magis
1888 2286 2112 2343 addicta

520 2377 653 2435 erit.

590 2560 644 2615 5.
668 2559 863 2614 Annon
889 2556 1042 2613 vides
1082 2554 1329 2626 corporis
1356 2554 1541 2610 oculos
1564 2595 1581 2621 ,
1612 2555 1738 2610 dum
1766 2556 1821 2609 in
1841 2553 1988 2611 fumo
2005 2570 2130 2611 ver-

520 2660 728 2717 santur,
759 2650 1023 2721 lacrymas
1050 2662 1262 2717 semper
1292 2645 1530 2712 fundere,
1556 2660 1678 2700 cum
1705 2654 1883 2702 autem
1908 2647 1962 2701 in
1992 2660 2127 2718 puro

525 2760 674 2811 aere,
706 2744 759 2799 in
788 2753 964 2815 prato,
994 2744 1046 2798 in
1078 2743 1313 2799 fontibus
1333 2784 1349 2811 ,
1380 2744 1433 2797 in
1468 2744 1656 2810 hortis,
1686 2752 1743 2799 et
1765 2744 2124 2815 perspicacio-

523 2850 611 2890 res
640 2845 694 2890 et
722 2835 965 2890 saniores
983 2834 1145 2890 esse?
1173 2833 1319 2888 Talis
1339 2844 1422 2889 est
1442 2842 1498 2889 et
1522 2834 1716 2890 animae
1741 2835 1927 2891 oculus
1950 2853 1965 2890 :
1988 2835 2035 2890 si
2064 2835 2120 2889 in

522 2935 677 2998 [rato
697 2927 1051 2995 spiritualium
1072 2926 1405 2997 eloquiorum
1433 2934 1702 2996 pascatur,
1731 2941 1919 2997 purus,
1943 2926 2119 2982 clarus

524 3028 579 3073 et
604 3019 881 3088 perspicax
902 3017 1006 3073 erit
1027 3034 1042 3084 ;
1070 3018 1155 3073 sin
1196 3016 1397 3073 fumum
1419 3018 1754 3072 saecularium
1782 3018 2120 3089 negotiorum

523 3111 700 3176 adeat,
731 3109 1013 3182 plurimum
1043 3110 1422 3181 laerymabitur
1439 3124 1505 3165 ac
1533 3109 1712 3176 ﬂebit,
1741 3117 1798 3166 et
1826 3124 1968 3165 nunc
1992 3118 2045 3165 et
2069 3109 2124 3165 in

525 3205 725 3260 futuro.
769 3204 1011 3259 Humana
1050 3203 1249 3275 quippe
1309 3202 1520 3273 negotia
1570 3200 1714 3256 fumo
1756 3209 1882 3256 sunt
1909 3200 2123 3256 similia.

522 3296 754 3368 Ideoque
779 3296 995 3352 dicebat
1028 3295 1295 3366 quispiam
1319 3312 1333 3348 :
1359 3293 1663 3365 Defecerunt
1682 3294 1812 3349 sicut
1830 3293 2001 3364 fumus
2019 3293 2125 3349 dies

526 3391 625 3444 mei
654 3389 826 3461 (Psal.
858 3389 983 3444 101.
1014 3388 1096 3458 4).
1137 3387 1244 3443 Sed
1296 3387 1385 3442 ille
1413 3386 1627 3457 quidem
1671 3385 1741 3441 de
1780 3384 2045 3441 brevitate
2071 3394 2124 3440 et

526 3480 595 3535 de
621 3481 739 3550 fuga
768 3479 982 3536 mobilis
1010 3481 1108 3534 revi
1139 3479 1376 3549 loquitur
1392 3494 1411 3533 :
1436 3492 1539 3549 ego
1564 3490 1692 3532 vero
1718 3492 1823 3532 non
1851 3476 1919 3532 de
1936 3478 2039 3533 hac
2059 3491 2120 3532 re

528 3581 757 3639 tantum,
790 3572 886 3628 sed
914 3573 1075 3629 etiam
1114 3572 1181 3627 de
1213 3570 1610 3642 perturbatione
1634 3571 1653 3602 ί
1679 3584 1855 3625 rerum
1885 3583 2123 3640 praesen-

527 3666 659 3718 tium
684 3665 798 3718 haec
824 3662 1134 3733 accipienda
1155 3677 1279 3717 esse
1301 3676 1521 3717 censeo.
1566 3659 1708 3715 Nihil
1759 3660 1902 3715 enim
1929 3659 2125 3715 mentis

526 3757 739 3809 oculum
769 3757 841 3809 ita
866 3755 1008 3809 male
1033 3752 1195 3808 afficit
1222 3761 1277 3807 et
1303 3753 1500 3817 turbat,
1524 3759 1584 3805 ut
1607 3751 1943 3806 saecularium
1967 3764 2125 3806 cura-

531 3861 648 3900 rum
680 3846 957 3909 tumultus,
981 3853 1036 3900 et
1058 3843 1610 3914 concupiscentiarum
1634 3843 1808 3898 turba.
1834 3843 1959 3898 Haec
1978 3843 2121 3898 enim

534 3945 664 3991 sunt
709 3936 840 3991 fumi
888 3935 1109 4006 hujusce
1156 3934 1319 4006 ligna.
1350 3935 1428 3989 Ae
1466 3933 1913 4005 quemadmodum
1942 3933 2122 4005 ignis,

527 4043 649 4083 eum
678 4027 952 4083 humidam
974 4027 1251 4083 materiam
1292 4012 1536 4096 corripit,
1564 4026 1790 4081 multum
1817 4026 2013 4082 excitat
2036 4025 2121 4082 fu-

538 4135 719 4174 mum:
747 4120 825 4175 sic
850 4129 908 4175 et
930 4118 1360 4189 concupiscentia
1380 4157 1397 4184 ,
1428 4133 1550 4188 qua:
1594 4118 1805 4173 fervens
1835 4125 1890 4173 et
1916 4117 2030 4188 ipsa
2059 4131 2123 4173 ac

527 4212 676 4283 quasi
700 4210 941 4273 ﬂammea
976 4218 1079 4275 est,
1108 4224 1229 4265 cum
1252 4209 1523 4264 humidam
1546 4209 1831 4280 quamdam
1855 4225 1918 4263 ac
1944 4209 2125 4265 disso-

538 4305 703 4356 lutam
726 4300 952 4371 corripit
973 4301 1228 4367 animam,
1261 4300 1487 4355 multum
1511 4310 1566 4356 et
1593 4301 1706 4371 ipsa
1737 4300 1939 4355 fumum
1961 4301 2120 4370 parit.

532 4394 733 4449 Idcirco
766 4408 899 4463 Opus
919 4405 1003 4448 est
1022 4406 1146 4449 rore
1165 4392 1415 4463 Spiritus,
1439 4402 1493 4448 et
1514 4407 1639 4447 aura
1668 4392 1780 4459 illa,
1803 4406 1924 4462 quae
1945 4391 2121 4461 ignem

529 4487 868 4557 exstinguat,
894 4500 959 4540 ac
983 4484 1189 4540 fumum
1216 4484 1474 4554 dissipet,
1506 4492 1847 4553 mentemque
1883 4492 2120 4536 nostram

530 4576 803 4631 volucrem
830 4575 1037 4632 reddat.
1066 4575 1174 4631 Nec
1201 4576 1324 4646 quis
1353 4583 1545 4646 potest,
1575 4588 1675 4629 nec
1698 4582 1874 4645 potest
1898 4573 2080 4643 utique
2101 4613 2118 4637 ,

528 4670 608 4716 tot
630 4662 855 4715 obrutus
880 4661 1037 4716 malis
1077 4661 1143 4716 ad
1190 4662 1385 4717 caelum
1424 4661 1651 4716 volare:
1698 4660 1793 4733 sed
1823 4659 2115 4730 optandum

525 4761 629 4817 est.
658 4767 757 4808 nos
780 4753 1056 4823 expeditos
1075 4752 1215 4809 hanc
1240 4767 1397 4825 posse
1414 4767 1634 4825 carpere
1658 4753 1831 4818 viam;
1856 4753 1963 4808 imo
1989 4767 2121 4809 vero

526 4862 597 4901 ne
626 4845 704 4901 sic
746 4846 963 4917 quidem
991 4861 1279 4917 possumus
1298 4888 1313 4913 ,
1345 4846 1449 4901 nisi
1477 4848 1589 4902 alas
1617 4846 1849 4916 Spiritus
1873 4861 2117 4901 assuma-

527 4954 666 4993 mus.
697 4937 754 4993 Si
785 4938 964 5008 itaque
1003 4937 1249 5007 expedita
1297 4946 1507 5001 mente,
1538 4952 1602 4992 ac
1640 4936 1901 5007 spirituali
1943 4938 2114 5007 gratia

528 5046 664 5101 opus
692 5029 847 5085 nobis
869 5039 990 5093 est,
1016 5040 1075 5084 ut
1098 5028 1164 5083 ad
1194 5039 1397 5084 tantam
1425 5028 1806 5084 sublimitatem
1825 5027 2119 5083 ascendere

526 5122 840 5187 valeamus;
878 5136 1001 5176 cum
1049 5135 1236 5176 eorum
1275 5119 1432 5186 nihil,
1455 5118 1551 5175 sed
1597 5133 1818 5189 prorsus
1846 5119 2117 5175 contraria

530 5212 843 5283 pondusque
869 5212 1164 5267 satanicum
1194 5210 1573 5266 contrahamus
1599 5228 1613 5265 :
1644 5226 1750 5279 quo
1781 5220 1936 5281 pacto
1966 5220 2120 5280 pote-

529 5305 699 5359 rimus
722 5303 973 5370 avolare,
1005 5310 1155 5357 tanto
1196 5315 1362 5357 onere
1399 5299 1680 5372 depressi?
1726 5300 1781 5356 Si
1828 5300 1949 5371 quis
1974 5299 2118 5355 enim

599 5547 616 5577 ι
655 5543 841 5600 Morel.,
868 5542 928 5593 de
961 5540 1239 5606 fragilitate.
1279 5538 1337 5606 In
1359 5545 1520 5588 Crteco
1553 5537 1752 5606 legitur,
1783 5543 2003 5606 ἀρειινσιδις,
2025 5549 2119 5597 qua

601 5563 616 5577 ⁸
657 5563 841 5600 ΜοιἪι..
868 5563 928 5593 ae
961 5563 1239 5606 (rugituuw.
1284 5563 1337 5588 ιιι
1359 5563 1520 5588 oratiu)
1554 5563 1752 5599 ιυδιιιιι,
1783 5563 1853 5598 αρε
1877 5563 2003 5594 νωοις,
2025 5563 2119 5597 qua

532 5619 653 5654 voce
678 5606 963 5708 exprimitur
996 5604 1229 5675 tragil‘itas
1253 5601 1369 5650 tela:
1390 5612 1614 5673 araneae;
1648 5600 1737 5670 sed
1768 5563 1897 5669 nulla
1936 5610 2119 5708 supti-

534 5676 593 5708 tlt
628 5682 716 5708 τίη
756 5676 883 5708 atina
907 5679 1017 5708 num
1036 5678 1275 5708 mmmam
1307 5664 1431 5708 hanc
1451 5660 1851 5708 surmﬂcattonem
1872 5672 1925 5708 tn
1947 5671 2005 5708 se
2065 5672 2074 5684 '
2093 5683 2119 5697 -

533 5676 594 5781 ει
628 5682 718 5778 Lex
741 5660 885 5717 [atina
907 5679 1017 5731 qua:
1036 5660 1275 5729 copiosam
1307 5664 1431 5712 hanc
1451 5660 1851 5725 significationem
1872 5660 1925 5709 in
1947 5671 2005 5710 se
2030 5660 2119 5708 ba-

570 5742 628 5779 ea

2211 448 2364 515 quasi
2389 444 2620 514 injustis
2661 452 2881 499 staterts
2926 444 3192 514 cogitatus
3234 450 3447 499 nostros
3495 444 3805 515 appendere

2211 536 2374 604 velit,
2403 536 2541 590 inter
2568 535 2713 590 mille
2742 534 2937 590 talenta
2972 535 3306 598 saecularium
3330 550 3638 592 sermonum
3666 579 3683 604 ,
3712 539 3806 593 vix

2211 627 2460 682 denarios
2476 636 2691 681 centum
2708 625 3061 697 Spiritualium
3076 626 3360 681 verborum
3382 628 3646 693 Inveniet;
3673 629 3806 694 imo,

2213 733 2281 773 ne
2309 718 2495 773 decem
2520 718 2729 773 obolos.
2757 719 2950 773 Annon
2980 733 3109 789 ergo
3130 727 3285 788 turpe
3311 720 3638 790 omninoque
3666 720 3804 775 ridi-

2212 809 2388 864 culum
2418 816 2536 875 est,
2583 808 2710 863 dum
2757 823 2970 864 servum
2996 808 3271 877 habentes,
3302 810 3396 865 illo
3432 820 3489 867 ut
3517 812 3805 881 plurimum

2213 903 2413 957 utimur
2442 900 2508 957 ad
2538 916 2628 957 res
2653 901 3007 967 necessarias,
3040 916 3140 957 nos
3167 918 3281 967 ore,
3310 904 3555 959 membro
3576 914 3763 960 nostro
3787 949 3803 973 ,

2212 1008 2319 1047 non
2349 992 2569 1063 perinde
2593 993 2668 1047 uti
2707 1001 2865 1063 atque
2895 1007 3092 1060 servo;
3122 993 3218 1048 sed
3248 1003 3473 1059 contra,
3504 995 3568 1049 ad
3597 996 3806 1051 inutilia

2212 1094 2267 1141 et
2286 1085 2549 1155 superﬂua
2577 1086 2826 1155 negotia?
2853 1085 3026 1155 Atque
3051 1085 3252 1141 utinam
3279 1086 3347 1142 ad
3377 1089 3643 1158 superﬂua
3676 1100 3801 1144 tau-

2217 1187 2371 1243 tum;
2402 1177 2501 1233 sed
2532 1178 2700 1231 etiam
2731 1177 2827 1232 illo
2867 1180 3079 1232 utimur
3108 1178 3175 1233 ad
3213 1179 3495 1234 contraria
3543 1187 3603 1235 et
3642 1181 3811 1238 noxia

2215 1280 2274 1327 et
2316 1271 2453 1326 nihil
2497 1269 2755 1325 utilitatis
2793 1270 3076 1325 habentia.
3108 1270 3163 1326 Si
3199 1272 3349 1325 enim
3384 1271 3545 1327 nobis
3575 1286 3640 1328 ea
3686 1284 3813 1344 quae

2215 1364 2501 1435 loquimur
2526 1363 2686 1419 utilia
2711 1372 2919 1429 essent,
2937 1364 3104 1419 etiam
3135 1364 3249 1420 Deo
3276 1366 3468 1436 procul
3492 1365 3663 1421 dubio
3688 1367 3812 1437 pla-

2215 1466 2431 1513 cerent.

2282 1659 2497 1731 Lingua:
2518 1655 2843 1711 moderanda:
2867 1652 3105 1709 ἢπερ.-
3123 1652 3276 1709 Nunc
3300 1664 3478 1711 autem
3518 1670 3584 1711 ea
3622 1655 3805 1710 omnia

2212 1753 2482 1824 loquimur
2507 1764 2627 1822 quae
2654 1747 2898 1804 diabolus
2937 1747 3291 1817 suggesserit,
3337 1747 3500 1803 modo
3532 1747 3769 1803 ridentes
3791 1789 3808 1813 ,

2214 1845 2377 1901 modo
2403 1843 2604 1898 urbana
2630 1841 2930 1910 loquentes,
2958 1836 3120 1892 modo
3144 1837 3427 1894 maledicta
3451 1848 3506 1895 et
3527 1848 3813 1895 contume-

2215 1934 2315 1990 lias
2344 1932 2697 2003 proforentes,
2730 1927 2891 1984 modo
2924 1926 3167 1997 iurantes
3188 1966 3206 1995 ,
3256 1930 3580 1985 mentientes
3602 1970 3617 1995 ,
3662 1928 3814 1999 peie-

2215 2032 2423 2092 rantes;
2455 2037 2598 2079 nunc
2623 2021 2971 2092 ferocientes,
3016 2034 3158 2095 nunc
3195 2019 3362 2076 futilia
3391 2030 3446 2076 et
3472 2021 3701 2077 anilibus
3727 2020 3813 2075 fa-

2217 2117 2359 2173 bulis
2384 2116 2583 2172 leviora
2605 2157 2621 2183 ,
2650 2130 2771 2184 qua:
2798 2114 2931 2171 nihil
2957 2117 3023 2172 ad
3052 2129 3152 2172 nos
3190 2114 3451 2181 attinent,
3492 2113 3546 2168 in
3575 2112 3813 2168 medium

2218 2208 2522 2263 atterentes.
2540 2206 2671 2275 Quis
2687 2207 2831 2263 enim
2852 2217 3109 2274 vestrum,
3131 2218 3337 2277 qmeso,
3359 2204 3625 2274 psalmum
3646 2219 3813 2258 unum

2220 2302 2449 2357 recitare
2486 2308 2739 2370 rogatus,
2788 2299 2842 2355 id
2869 2299 3049 2357 dicere
3069 2297 3277 2369 possit,
3312 2296 3401 2350 vel
3436 2294 3593 2349 aliam
3618 2308 3815 2364 quam-

2222 2394 2364 2464 piam
2401 2391 2596 2446 divina
2622 2390 2913 2462 Scriptura:
2940 2389 3190 2462 partem?
3226 2386 3395 2442 Nemo
3436 2400 3585 2442 sane.
3626 2385 3814 2454 Neque

2225 2483 2352 2540 illud
2380 2484 2553 2537 solum
2578 2497 2739 2551 grave
2762 2492 2875 2547 est;
2920 2480 3016 2537 sed
3054 2478 3195 2551 quod
3222 2479 3360 2534 circa
3388 2476 3680 2547 spiritualia
3711 2475 3813 2530 de-

2221 2566 2363 2623 sides
2386 2607 2403 2635 ,
2449 2565 2593 2623 circa
2632 2568 2869 2624 satanica
2907 2567 3030 2638 igne
3056 2568 3174 2624 sitis
3202 2566 3574 2623 ferventiores.
3602 2567 3737 2623 Nam
3766 2583 3814 2623 SI

2221 2659 2339 2728 quis
2366 2673 2462 2714 vos
2492 2660 2823 2729 interrogare
2864 2659 2993 2714 velit
3030 2658 3101 2714 de
3136 2658 3413 2715 diabolicis
3440 2659 3692 2727 canticis,
3742 2659 3816 2716 de

2222 2752 2539 2807 meretriciis
2579 2761 2633 2807 et
2676 2751 2888 2807 lascivis
2928 2751 3289 2819 carminibus,
3336 2749 3537 2806 multos
3578 2751 3816 2807 inveniet

2221 2841 2307 2909 qui
2340 2840 2456 2896 haec
2500 2852 2748 2897 accurate
2791 2842 2998 2909 sciant,
3039 2850 3095 2897 et
3140 2857 3263 2897 cum
3307 2842 3578 2912 voluptate
3618 2856 3813 2913 magna

2223 2934 2592 3001 pronuntient.
2618 2934 2724 2990 Sed
2752 2950 2873 3005 quae
2898 2933 3141 2991 defensio
3178 2934 3245 2991 ad
3284 2938 3444 2992 talem
3484 2936 3815 2991 criminatio-

2224 3025 2390 3079 nem?
2420 3024 2534 3079 Non
2566 3041 2717 3092 sum,
2760 3026 2962 3097 inquit,
3004 3026 3328 3095 monachus,
3370 3027 3466 3084 sed
3505 3043 3724 3084 uxorem
3752 3038 3814 3084 et

2224 3115 2361 3170 tilios
2392 3115 2589 3183 habeo,
2617 3132 2906 3187 curamque
2932 3116 3244 3174 domesticas
3270 3118 3351 3175 rei
3378 3133 3529 3190 gero.
3556 3118 3718 3191 Atqui
3744 3119 3813 3174 il-

2222 3208 2311 3261 Ind
2342 3218 2425 3266 est
2453 3209 2595 3281 quod
2625 3211 2805 3266 omnia
2830 3211 3143 3281 pessumdat
3164 3252 3180 3278 ,
3225 3211 3369 3283 quod
3410 3212 3478 3267 ad
3515 3213 3812 3269 monachos

2221 3299 2395 3356 solum
2425 3303 2621 3371 putetis
2663 3304 2931 3373 pertinere
2966 3303 3252 3359 lectionem
3290 3304 3588 3360 divinarum
3625 3304 3811 3374 Scrip-

2223 3397 2493 3457 turarum,
2536 3407 2658 3447 cum
2704 3394 2874 3449 multo
2915 3395 3085 3464 magis
3120 3410 3279 3464 quam
3309 3393 3413 3450 illis
3440 3394 3511 3450 sit
3535 3395 3687 3450 vobis
3714 3410 3813 3450 ne.

2220 3482 2476 3537 cessaria.
2508 3481 2586 3537 Illi
2616 3484 2759 3539 enim
2788 3484 2879 3553 qui
2910 3483 2965 3539 in
2995 3484 3173 3539 medio
3201 3495 3504 3551 versantur,
3534 3494 3591 3541 et
3624 3487 3808 3557 quoti-

2222 3571 2308 3627 die
2326 3575 2544 3630 vulnera
2567 3577 2859 3646 excipiunt,
2883 3578 3052 3633 multo
3066 3578 3235 3649 magis
3254 3579 3607 3635 medicamine
3624 3592 3808 3651 egent.

2222 3660 2404 3730 Itaque
2432 3663 2588 3734 longe
2614 3666 2765 3735 pejus
2793 3677 2907 3733 est,
2930 3682 3087 3738 quam
3120 3682 3225 3723 non
3254 3669 3449 3740 legere,
3481 3670 3808 3741 superﬂuam

2222 3768 2333 3809 rem
2378 3771 2500 3811 esse
2552 3768 2760 3828 putare.
2807 3759 2937 3816 Haec
2962 3761 3160 3831 quippe
3202 3762 3365 3818 verba
3405 3763 3643 3820 satanica
3681 3774 3817 3825 sunt

2219 3856 2543 3903 commenta.

2293 4029 2346 4085 6.
2410 4026 2576 4081 Lectio
2619 4021 2989 4094 evangeliorum
3034 4015 3333 4070 necessaria.
3357 4008 3563 4063 —Non
3614 4006 3813 4062 auditis

2224 4122 2446 4177 Paulum
2476 4118 2777 4181 dicentem,
2814 4114 2929 4168 haec
2956 4108 3136 4166 omnia
3162 4106 3229 4161 ad
3257 4104 3649 4174 correptionem
3682 4116 3811 4156 nos-

2227 4223 2363 4266 tram
2390 4210 2588 4279 scripta
2605 4222 2725 4263 esse
2746 4205 2764 4276 (
2786 4205 2839 4259 1.
2866 4202 2984 4258 Cor.
3015 4199 3103 4256 10.
3130 4199 3192 4254 11
3213 4195 3270 4270 )‘l
3296 4196 3374 4251 Tu
3393 4209 3544 4259 vero,
3571 4194 3615 4247 si
3645 4193 3814 4247 Evan-

2226 4305 2423 4376 gelium
2452 4302 2614 4359 illotis
2640 4298 2887 4355 manibus
2921 4307 3137 4351 sumere
3175 4296 3484 4361 oporteret,
3531 4284 3585 4341 id
3626 4285 3812 4355 utique

2228 4396 2421 4459 nolles,
2450 4404 2506 4450 et
2534 4402 2712 4447 tamen
2735 4398 2891 4459 putas
2913 4402 2978 4444 ea
3001 4401 3122 4455 qua:
3143 4383 3196 4439 in
3221 4382 3315 4438 illo
3338 4380 3678 4437 continentur
3703 4392 3815 4434 non

2227 4504 2349 4547 esse
2375 4484 2661 4542 admodum
2690 4479 3010 4539 necessaria.
3049 4477 3281 4547 Ideoque
3305 4473 3483 4530 omnia
3510 4487 3605 4529 sus
3642 4471 3820 4540 deque

2231 4595 2383 4636 versa
2413 4586 2557 4634 sunt.
2586 4576 2739 4643 Quod
2764 4573 2812 4630 si
2854 4572 3061 4627 discere
3094 4568 3230 4624 velis
3259 4576 3516 4637 quantum
3560 4563 3694 4618 lucri
3732 4578 3821 4617 re-

2235 4681 2473 4742 portetur
2496 4685 2562 4726 ex
2589 4666 2878 4737 Scripturis
2903 4682 2918 4718 :
2946 4672 2998 4719 te
3018 4662 3188 4733 ipsum
3210 4659 3474 4721 examina,
3499 4672 3606 4727 quo
3627 4670 3824 4726 nempe

2236 4767 2287 4819 in
2314 4765 2419 4819 situ
2444 4770 2499 4818 et
2526 4769 2667 4817 statu
2694 4760 2769 4815 sis
2797 4772 2919 4813 cum
2962 4755 3196 4826 psalmos
3223 4751 3411 4818 audis,
3458 4762 3514 4805 et
3541 4763 3669 4821 quo,
3698 4763 3824 4803 eum

2237 4856 2527 4909 satanicam
2574 4852 2894 4908 cantilenam
2937 4854 3094 4913 tquo
3134 4843 3325 4899 affectu
3371 4842 3447 4898 sis
3494 4841 3549 4895 in
3593 4839 3826 4895 ecclesia

2240 4956 2461 4999 versans
2479 4983 2496 5010 ,
2527 4957 2634 5013 quo
2660 4942 2713 4996 in
2744 4941 2956 4995 theatro
2982 4939 3212 4995 sedens:
3236 4934 3549 5005 videbisque
3573 4941 3833 5003 quantum

2241 5036 2311 5091 sit
2338 5034 2629 5089 discrimen
2660 5033 2799 5087 inter
2827 5030 2965 5086 hanc
2993 5038 3048 5085 et
3087 5029 3230 5083 illam
3276 5026 3530 5090 animam,
3574 5023 3697 5077 licet
3727 5035 3835 5075 una

2241 5126 2534 5196 eademque
2563 5124 2650 5180 sit.
2684 5122 2915 5193 Ideoque
2942 5120 3136 5176 Paulus
3164 5119 3294 5174 dicit
3316 5136 3329 5172 ε
3356 5114 3697 5183 Corrumpunt
3723 5128 3837 5164 mo-

2244 5234 2324 5273 res
2349 5219 2502 5273 bonos
2529 5215 2779 5284 colloquia
2806 5229 2962 5285 praua
2987 5214 3071 5283 (1.
3100 5211 3220 5266 Cor.
3248 5210 3337 5265 15.
3365 5208 3494 5278 55).
3526 5205 3727 5260 Idcirco
3755 5218 3843 5258 as-

2244 5308 2412 5365 siduis
2434 5307 2661 5379 Spiritus
2682 5305 2852 5361 sancti
2874 5304 3116 5360 cantibus
3136 5314 3375 5372 egemus.
3401 5296 3536 5353 Illud
3575 5295 3718 5351 enim
3753 5304 3843 5348 est

2246 5401 2299 5457 in
2328 5416 2436 5472 quo
2471 5400 2643 5455 brutis
2684 5406 2999 5469 praestamus
3022 5436 3039 5464 ,
3089 5395 3216 5450 licet
3256 5394 3310 5449 in
3357 5391 3477 5447 aliis
3515 5386 3840 5461 quihusdam

2248 5494 2405 5563 longe
2437 5493 2565 5563 ipsis
2590 5491 2875 5546 inferiores
2901 5489 3093 5544 simus.
3122 5487 3237 5543 Hoc
3267 5494 3353 5542 est
3377 5485 3693 5540 alimentum
3721 5479 3841 5536 ani-

2251 5600 2381 5651 mai,
2416 5585 2518 5639 hoc
2544 5590 2917 5639 ornamentum
2943 5622 2958 5647 ,
3006 5580 3107 5636 hoc
3143 5578 3439 5642 securitas;
3478 5583 3665 5629 contra
3705 5588 3846 5627 vero

2249 5690 2359 5733 non
2382 5674 2601 5744 audire,
2641 5673 2770 5731 illud
2810 5673 3006 5739 fames.
3045 5669 3176 5728 illud
3211 5667 3484 5741 corruptio
3510 5674 3594 5723 est
3636 5683 3650 5724 :
3693 5661 3842 5718 Dabo
