4090 6366
283 380 356 433 29
1443 381 1507 436 ΙΝ
1546 380 1845 436 ΜΑΤΤΙΙᾹΞ

1960 378 1965 431 Ι
2008 378 2238 437 "OMIL.
2284 384 2347 439 11.
3465 391 3533 447 30

282 484 334 530 οἱ
365 479 469 549 τῆς
502 480 778 551 Παρθένου
823 482 1093 552 πρόγονοι,
1131 483 1299 554 ὅνπερ
1326 483 1425 538 οὑκ
1474 484 1731 559 εὔκαιρον
1767 488 1862 545 νῦν

282 570 586 639 ἐκκαλύψαι
608 571 697 624 διὰ
724 571 786 623 τὸ
815 570 983 625 πολλά
1016 568 1153 625 εἶναι
1179 572 1246 625 τά
1278 573 1565 643 εἰρημένα.
1594 575 1638 608 ⁸⁸
1662 576 1861 647 Διόπερ

280 658 522 713 ἐνταῦθα
555 661 851 729 στήσαντες
880 660 973 713 τὸν
1001 660 1132 730 περί
1173 660 1281 713 τῶν
1315 662 1643 731 ζητημάτων
1678 664 1855 732 λόγον,

280 751 611 820 κατέχωμεν
649 751 784 814 τέως
824 750 965 821 μετά
1015 751 1302 821 ἀκριϐείας
1344 754 1414 806 τά
1451 753 1860 822 ἐκκαλυφθέντα

275 843 437 909 ἡμῖν’
473 836 605 906 οἷον,
636 842 775 895 διατί
820 842 914 895 τοῦ
946 842 1110 896 Δαυῖδ
1142 844 1384 915 ἐμνήσθη
1413 846 1629 917 πρῶτον
1651 862 1666 874 ’
1716 845 1858 899 διατί

274 933 340 985 τὸ
370 932 593 1002 βιϐλίον,
622 936 888 1002 γενέσεως
939 936 1163 990 ἐκάλεσε
1213 937 1444 991 Βιϐλίον⁸
1494 938 1634 991 διατί
1680 935 1851 1003 εἶπεν,

290 1024 497 1089 Ἰησοῦ
539 1027 835 1093 Χριστοῦ·
892 1028 1011 1089 πῶς
1060 1030 1094 1099 ή
1146 1028 1397 1099 γέννησις
1454 1029 1607 1100 κοινῆ
1657 1032 1751 1083 καὶ
1790 1032 1849 1083 οὑ

274 1119 430 1186 κοινή
452 1136 465 1149 ·
505 1118 667 1171 πόθεν
692 1119 773 1172 ὅτι
800 1121 832 1189 ἡ
868 1121 1058 1190 Μαρία
1082 1120 1175 1173 τοῦ
1198 1122 1244 1152 θ’
1270 1121 1433 1175 Δαυῖδ
1460 1117 1593 1176 οὖσα
1617 1123 1849 1194 ἐδείχθηο

275 1210 374 1261 καὶ
417 1209 564 1273 τίνος
612 1210 795 1263 ἕνεκεν
839 1213 867 1263 6
895 1210 1092 1280 Ἰωσὴφ
1133 1212 1552 1282 ἐγενεαλογήθη,
1606 1213 1853 1282 σιγηθέν-

188 1328 191 1329 ν
271 1316 385 1352 των
418 1300 528 1352 τῶν
565 1301 777 1371 ἐκείνης
810 1301 1107 1371 προγόνων.
1140 1304 1237 1355 Ἂν
1265 1304 1362 1373 μὲν
1400 1304 1509 1374 γάρ
1549 1304 1851 1375 φυλάττητε

271 1390 473 1453 ταῦτα,
503 1390 945 1462 προθυμοτέρους
994 1394 1140 1461 ἡμᾶς
1176 1394 1270 1446 καὶ
1312 1394 1447 1465 πρὸς
1479 1396 1547 1447 τὰ
1595 1394 1852 1465 μέλλοντα

270 1480 606 1553 ἐργάσεσθε·
659 1481 723 1535 ἂν
760 1482 817 1534 δὲ
854 1482 1207 1553 ἀποπτύσητε
1266 1484 1359 1538 καί⁸
1409 1485 1676 1555 ἐκϐάλητε
1715 1487 1853 1539 αὐτὰ

274 1574 381 1641 τῆς
409 1570 609 1641 ψυχῆς,
635 1574 728 1626 καὶ
757 1572 889 1642 πρὸς
918 1575 986 1627 τά
1009 1574 1172 1628 λοιπά
1199 1574 1554 1645 ὀκνηρότερον
1579 1577 1850 1630 διακεισό-

266 1662 438 1731 μεθα.
488 1665 619 1719 Οὐδὲ
670 1664 779 1735 γὰρ
829 1669 933 1735 γῆς
973 1666 1040 1720 τὰ
1092 1668 1336 1738 πρότερα
1372 1666 1765 1737 διαφθειράσης
1802 1668 1851 1700 ’³

269 1756 569 1827 σπέρματα
610 1758 769 1810 ἕλοιτ’
814 1757 881 1811 ἂν
925 1758 1304 1828 ἐπιμελεῖσθαι
1353 1758 1401 1789 ⁸⁵
1442 1757 1707 1827 γεωργός.
1759 1759 1850 1811 Διὸ

266 1848 579 1918 παρακαλῶ
609 1848 779 1901 ταῦτα
804 1849 1076 1919 στρέφειν.
1114 1850 1247 1903 Ἀπὸ
1274 1849 1382 1920 γὰρ
1404 1848 1499 1903 τοῦ
1525 1850 1594 1902 τά
1620 1850 1846 1903 τοιαῦτα

265 1942 569 2010 μεριμνᾷν,
605 1940 748 2010 μέγα
772 1959 822 1994 τι
854 1942 900 1973 ’⁸
927 1945 993 2013 τῇ
1034 1943 1178 2012 ψυχῇ
1210 1944 1305 1996 καὶ
1336 1943 1606 2013 σωτήριον
1635 1942 1846 2010 ἐγγίνε-

269 2045 360 2080 ται
386 2029 611 2096 ἀγαθόν.
660 2032 770 2085 Καὶ
812 2034 921 2103 γὰρ
954 2034 1045 2086 καὶ
1074 2033 1154 2103 τῷ
1188 2032 1308 2103 Θεῷ
1334 2032 1677 2104 δυνησόμεθα
1718 2034 1847 2104 ἀρέ-

264 2137 383 2179 σαι.
414 2121 593 2176 ταῦτα
634 2125 1029 2194 φροντίζοντες,
1060 2126 1155 2178 καὶ
1188 2125 1397 2194 ὕϐρεων
1439 2125 1534 2178 καὶ
1562 2125 1843 2196 αἰσχρολο-

269 2213 391 2279 γίας
421 2215 517 2266 καὶ
543 2214 817 2286 λοιδοριῶν
837 2217 907 2269 τὰ
938 2218 1182 2286 στόματα
1212 2217 1430 2289 καθαρά
1474 2218 1648 2277 ἔσται,
1682 2235 1844 2271 πνευ-

266 2304 480 2373 ματικά
527 2305 836 2374 μελετῶντα
891 2307 1146 2377 ῥήματαο
1194 2308 1289 2361 καὶ
1329 2306 1576 2376 δαίμοσιν
1605 2305 1842 2374 ἐσόμεθα

258 2394 489 2464 φοϐεροὶ
517 2394 929 2459 καθοπλίζοντες
973 2395 1127 2465 ἡμῶν
1168 2395 1264 2466 τὴν
1304 2394 1547 2463 γλῶτταν
1579 2393 1841 2454 τοιούτοις

259 2477 496 2547 ῥήμασι·
528 2480 621 2532 καὶ
648 2481 742 2533 τοῦ
774 2482 906 2534 Θεοῦ
938 2483 1036 2553 τὴν
1061 2483 1221 2555 χάριν
1254 2483 1673 2553 ἐπισπασόμεθα
1702 2483 1838 2553 μᾶλ-

256 2570 374 2629 λον,
406 2570 502 2621 καὶ
532 2568 976 2643 διορατικώτερον
1006 2576 1135 2644 ἡμῖν
1182 2576 1474 2644 ἐργάσεται
1504 2576 1549 2606 ⁵⁸
1576 2575 1638 2628 τὸ
1662 2576 1834 2646 όμμα.

257 2661 371 2713 Καὶ
403 2661 516 2732 γάρ
556 2665 647 2716 καί
692 2662 1020 2734 ὀφθαλμοὺς,
1057 2666 1154 2718 καὶ
1205 2665 1398 2735 στόμα,
1431 2665 1524 2718 καὶ
1551 2664 1719 2735 ἀκοὴν
1750 2664 1840 2717 διὰ

254 2754 417 2805 τοῦτο
462 2755 596 2823 ήιμῖν
637 2754 914 2824 ἐνέθηκεν,
951 2757 1037 2811 ἵνα
1091 2756 1240 2827 αὑτῷ
1289 2759 1468 2812 πάντα
1516 2758 1738 2829 δουλεύῃ
1770 2758 1839 2813 τὰ

255 2844 419 2914 μέλη·
455 2845 542 2897 ἴνα
559 2846 628 2899 τὰ
658 2848 823 2900 αὑτοῦ
847 2847 1233 2918 φθεγγώμεθα.
1260 2850 1347 2903 ἵνα
1383 2849 1451 2903 τὰ
1478 2850 1642 2902 αὑτοῦ
1672 2850 1838 2920 πράτ-

253 2953 465 3005 τωμεν,
501 2938 589 2991 ἵνα
639 2937 755 3011 ['28]
791 2941 1005 3011 ᾄδωμεν
1036 2940 1183 3011 αὑτῷ
1226 2940 1426 3013 ὕμνους
1461 2943 1727 3013 διηνεκεῖς
1765 2944 1835 3005 ν’,

254 3032 349 3083 ῖνα
382 3029 733 3098 εὐχαριστίας
779 3032 1209 3103 ἀναπέμπωμεν,
1261 3034 1355 3088 καὶ
1393 3034 1481 3088 διὰ
1523 3034 1728 3087 τούτων
1775 3034 1837 3088 τὸ

256 3121 504 3183 συνειδὸς
538 3122 743 3175 ἑαυτῶν
767 3123 1183 3195 ἐκκαθαίρωμεν
1206 3125 1274 3181 ’⁸.
1300 3127 1509 3197 Ὠσπερ
1539 3125 1648 3196 γὰρ
1680 3125 1839 3196 σῶμα

264 3207 433 3274 ἀέρος
453 3205 725 3259 ἀπολαῦον
748 3206 987 3277 καθαροῦ
1012 3207 1369 3279 ὑγιεινότερον
1391 3210 1567 3274 ἐσται,
1585 3210 1726 3264 οὕτω
1749 3213 1842 3263 καὶ

267 3292 417 3361 ψυχὴ
440 3292 845 3363 φιλοσοφωτέρα
869 3292 1143 3358 τοιαύταις
1170 3296 1536 3367 ὲντρεφομένη
1567 3296 1837 3367 μελέταις.

338 3390 405 3436 ε’.
440 3384 553 3454 Οὑχ
577 3384 707 3455 ὁρᾷς
726 3385 820 3437 καὶ
842 3385 965 3448 τοὺς
984 3385 1076 3438 τοῦ
1097 3387 1347 3459 σώματος
1363 3390 1691 3461 ὀφθαλμοὺς,
1714 3393 1841 3445 ὅταν

272 3474 375 3543 μὲν
424 3476 483 3527 ἐν
531 3476 722 3545 καπνῷ
770 3476 1106 3548 διατρίϐωσι,
1153 3480 1443 3543 διαπαντὸς
1480 3482 1839 3548 δακρύοντας·

268 3567 401 3618 ὅταν
433 3567 490 3619 δέ
524 3569 579 3619 ἐν
604 3568 725 3639 ἀέρι
758 3568 959 3639 λεπτῷ,
985 3572 1079 3624 καί¹
1104 3570 1349 3643 λειμῶνι,
1380 3574 1471 3627 καί.
1498 3577 1720 3643 πηγαῖς,
1750 3576 1844 3630 καὶ

270 3657 641 3729 παραδείσοις,
675 3659 961 3731 ὀξυτέρους
996 3680 1056 3716 τε
1085 3665 1399 3734 γινομένους
1427 3664 1519 3717 καὶ
1552 3666 1844 3734 ὑγιεινοτέ-

271 3767 433 3818 ρους;
469 3748 724 3814 Τοιοῦτος
757 3753 851 3805 καὶ
896 3755 924 3806 6
959 3754 1058 3825 τῆς
1085 3752 1260 3824 ψυχῆς
1301 3756 1608 3827 ὀφθαλμός·
1650 3756 1715 3811 ἂν
1746 3758 1843 3827 μὲν

269 3843 383 3908 γὰρ
429 3841 488 3892 ἐν
518 3840 597 3910 τῷ
632 3842 855 3913 λειμῶνι
887 3844 996 3897 τῶν
1037 3847 1422 3913 πνευματικῶν
1457 3848 1716 3919 βόσκηται
1758 3850 1845 3902 λο-

269 3932 428 3997 γίων,
458 3932 698 4002 καθαρὸς
739 3933 889 3986 ἔσται
920 3935 1014 3988 καί⁸
1040 3936 1266 4007 διαυγὴς
1292 3938 1385 3990 καὶ
1428 3937 1733 4009 όξυδορκῶν
1761 3942 1806 3973 ⁹⁹
1826 3955 1841 3970 ο

271 4021 340 4074 ἂν
360 4022 419 4074 δὲ
435 4025 517 4085 εἰς
546 4022 639 4075 τὸν
659 4023 859 4077 καπνὸν
878 4024 986 4077 τῶν
1019 4024 1287 4094 βιωτικῶν
1313 4028 1451 4101 ἀπίῃ
1481 4031 1843 4100 πραγμάτων,

267 4112 606 4183 δακρύσεται
625 4114 789 4185 μυρία
806 4117 900 4168 καὶ
921 4116 1232 4181 κλαύσεται,
1247 4120 1337 4171 καὶ
1359 4119 1452 4172 νῦν
1468 4121 1559 4175 καὶ
1576 4121 1718 4176 τότε.
1737 4123 1848 4176 Καὶ

269 4205 380 4277 γάρ
397 4206 592 4277 καπνῷ
612 4206 755 4260 ἔοικε
787 4209 855 4261 τά
887 4208 1199 4280 ἀνθρώπινα
1230 4212 1548 4282 πράγματα.
1578 4213 1675 4267 Διά
1690 4211 1848 4268 τοῦτο

269 4296 367 4350 καί
394 4314 481 4360 τις
506 4297 710 4366 ἔλεγεν·
739 4298 1047 4362 Ὲξέλιπον
1072 4303 1087 4332 ¹
1110 4300 1253 4355 ὡσεί
1292 4303 1522 4370 καπνὸς
1542 4307 1602 4360 al
1633 4304 1846 4375 ἡμέραι

264 4405 412 4456 μου.
457 4387 598 4440 Ἀλλ’
635 4389 841 4453 ἐκεῖνος
893 4391 991 4461 μὲν
1024 4392 1162 4464 πρὸς
1203 4395 1264 4446 τὸ
1307 4393 1664 4465 ὀλιγοχρόνιον
1702 4395 1723 4425 ¹
1756 4394 1849 4449 καὶ

268 4478 665 4533 ἀνυπόστατον·
700 4481 811 4551 ἐγὼ
844 4481 899 4535 δὲ
927 4483 1025 4537 οὑκ
1053 4485 1133 4545 εἰς
1160 4482 1317 4538 τοῦτο
1363 4485 1541 4556 μόνον,
1574 4484 1710 4539 ἀλλά
1750 4486 1843 4539 καὶ

268 4570 348 4631 εἰς
369 4568 434 4621 τὺ
450 4570 765 4640 ταραχῶδες
790 4574 811 4604 ³
834 4574 1040 4644 εἴποιμι
1062 4574 1127 4628 ἂν
1143 4575 1251 4628 δεῖν
1281 4576 1643 4646 ἐκλαμϐάνειν
1674 4577 1741 4630 τὰ
1770 4579 1843 4630 εἰ·

272 4662 510 4731 ρημένα-
539 4660 702 4714 Οὐδὲν
735 4662 843 4735 γὰρ
874 4664 1013 4717 οὕτω
1039 4664 1197 4719 λυπεῖ
1234 4666 1408 4737 ψυχῆς
1446 4666 1720 4738 ὀφθαλμὸν
1751 4669 1845 4721 και

268 4749 442 4813 θολοῖ,
465 4751 544 4814 ὡς
562 4753 589 4804 6
611 4752 718 4805 τῶν
743 4754 1009 4824 βιωτικῶν
1037 4756 1331 4827 φροντίδων
1356 4758 1528 4827 ὄχλος,
1559 4758 1653 4812 καὶ
1676 4759 1705 4811 6
1736 4758 1845 4812 τῶν

267 4842 587 4914 ἐπιθυμιῶν
627 4844 825 4915 ἐσμός·
856 4845 1025 4901 ταῦτα
1063 4850 1170 4920 γὰρ
1197 4848 1291 4902 τοῦ
1321 4849 1522 4903 καπνοῦ
1556 4850 1743 4903 τούτου
1774 4850 1845 4904 τὰ

267 4934 423 5001 ξύλα.
456 4935 570 4989 Καὶ
599 4936 849 5008 καθάπερ
874 4938 935 4991 τὸ
970 4938 1101 5010 πῦρ,
1134 4942 1261 4994 ὅταν
1293 4942 1467 5011 ὑγρᾶς
1510 4942 1603 4995 καὶ
1630 4942 1846 5013 διαϐρό-

265 5042 364 5094 χου
396 5025 545 5087 τινὸς
584 5024 907 5096 ἐπιλάϐηται
955 5028 1113 5100 ὕλης,
1155 5030 1320 5083 πολὺν
1366 5030 1595 5084 ἀνάπτει
1626 5030 1719 5085 τὸν
1747 5049 1847 5083 κα-

269 5119 426 5170 πνόν·
458 5116 605 5171 οὕτω
638 5120 733 5173 καὶ
763 5120 1084 5191 ἡέπιθυμία
1116 5122 1149 5192 ἠ
1182 5122 1385 5191 σφοδρὰ
1413 5121 1550 5193 αὕτη
1579 5124 1675 5177 καί⁵
1713 5123 1844 5192 φλο-

265 5211 470 5281 γὼόης,
510 5212 638 5265 ὅταν
664 5213 835 5283 ὑγρᾶς
871 5231 1014 5277 τινος
1045 5215 1138 5267 καὶ
1165 5215 1554 5286 διαλελυμένης
1584 5216 1847 5286 ἐπιλάϐη-

264 5320 353 5357 ται
379 5304 583 5373 ψυχῆς,
620 5304 788 5357 πολὺν
837 5306 929 5358 καὶ
969 5306 1105 5376 αὑτὴ
1152 5305 1323 5359 τίκτει
1351 5307 1439 5360 τὸν
1480 5308 1703 5361 καπνόν.
1747 5309 1846 5363 Διὰ

263 5396 428 5448 τοῦτο
449 5394 611 5466 χρεία
634 5397 733 5467 τῆς
764 5397 951 5468 δρόσου
973 5398 1066 5451 τοῦ
1088 5398 1227 5451 Πνεύ
1236 5416 1422 5469 ματος,
1446 5399 1652 5471 καὶτῆς
1675 5398 1739 5451 αὕ
1748 5418 1844 5470 ρας

266 5486 510 5557 ἐκείνης,
548 5486 635 5540 ἵνα
666 5488 726 5540 τὸ
756 5487 868 5558 πῦρ
906 5486 1093 5561 σϐέσῃ,
1141 5490 1234 5542 καί.
1280 5490 1370 5541 τὸν
1402 5491 1603 5543 καπνὸν
1634 5492 1843 5555 διαχέη,

358 5628 410 5709 ’_’
443 5635 739 5709 H81KON._
790 5638 884 5689 Οτι
907 5636 974 5709 τὰ
1003 5638 1214 5709 μεγάλα
1242 5639 1371 5709 ἡμῖν
1402 5637 1657 5708 ὠφελεῖή
1692 5639 1801 5693 τῶν
1836 5640 2007 5708 ἁγίων
2035 5638 2267 5709 Γραφῶν
2308 5636 2528 5708 μελέτη.

696 5706 744 5737 ⁵⁸
762 5705 1199 5777 ἐπιμελήσασθαι
1229 5705 1366 5763 Edd.
1452 5705 1498 5742 ”
1523 5727 1578 5762 τι
1607 5705 1718 5763 oin.
1749 5714 1813 5763 A.
1846 5705 1908 5764 C'.
1942 5709 2003 5762 D.
2043 5705 2101 5762 Ε.

283 5776 331 5849 '_'
362 5775 767 5849 ἐκκαθάρωμεν
798 5774 873 5829 Δί
1037 5774 1083 5849 ξθ
1111 5778 1416 5849 ὀξυδερκῶν
1438 5779 1497 5837 C.
1527 5778 1647 5834 Vid.
1678 5779 1845 5833 Labeo

1960 5782 1965 5832 Ι
1998 5779 2194 5848 l‘hryn.

289 5705 499 5774 ρούσης
524 5704 585 5757 Β.

1967 482 2059 534 καὶ
2090 482 2292 553 πτηνὸν
2320 484 2519 556 ποιήσῃ
2548 486 2681 555 ἡμῖν
2705 482 2796 535 τὸν
2828 486 3097 556 λογισμόν.
3124 488 3197 539 Οὑ
3226 488 3335 558 γὰρ
3364 489 3529 553 ἔστιν,

1964 576 2062 628 ούκ
2092 575 2206 628 ἐστι
2228 576 2501 640 τοσούτοις
2530 577 2890 649 βαρυνόμενον
2921 583 3105 642 κακοῖς
3137 584 3271 650 πρὸς
3304 580 3419 652 [‘29]
3440 583 3531 634 τὸν

1961 667 2190 738 οὐρανὸν
2215 669 2551 740 ἀναπτῆναι·
2602 671 2718 724 ἀλλ’
2751 671 3054 741 ἀγαπητὸν,
3093 673 3358 737 εὐζώνους
3383 677 3531 745 ἡμᾶς

1961 757 2121 819 ὄντας
2148 758 2441 828 δυνηθῆναι
2467 759 2670 830 ταύτην
2701 762 2886 837 τεμεῖν
2924 762 3024 832 τὴν
3066 762 3203 815 όδόψ
3239 765 3437 835 μᾶλλον
3474 765 3531 818 δὲ

1961 846 2082 900 οὑδέ
2115 845 2257 899 οὕτω
2287 843 2530 907 δυνατὸν,
2567 842 2633 897 ἂν
2669 840 2745 914 μὴ
2783 841 2877 896 τοῦ
2925 844 3237 914 Πνευματος
3281 845 3535 917 λάϐωμεν

1959 937 2020 990 τὸ
2044 936 2261 1005 πτερόν.
2292 935 2353 987 El
2381 932 2559 986 τοίνυν
2581 934 2674 986 καὶ
2702 935 2911 1003 κούφης
2937 934 2956 964 ’⁵
2986 934 3219 998 διανοίας
3252 937 3344 988 καί.
3375 954 3536 989 πνευ-

1966 1028 2199 1096 ματικῆς
2255 1025 2477 1095 χάριτος
2531 1024 2631 1086 δεῖ,
2687 1024 2776 1078 ἵνα
2824 1023 3117 1094 ἀναδῶμεν
3167 1028 3247 1088 εἰς
3296 1025 3357 1078 τὸ
3404 1025 3535 1094 ὕψος

1962 1120 2155 1182 ἐκεῖνο,
2206 1117 2335 1169 ὅταν
2388 1116 2552 1186 μηδὲν
2601 1114 2825 1179 τούτων,
2868 1115 3005 1169 ἀλλὰ
3058 1117 3153 1169 καὶ
3204 1117 3273 1169 τά
3320 1118 3535 1171 ἐναντία

1962 1209 2139 1262 πάντα
2173 1206 2525 1278 ἐφελκώμεθα
2558 1207 2653 1260 καὶ
2692 1206 2855 1278 βάρος
2894 1208 3199 1272 σατανικδν,
3231 1209 3345 1272 πῶς
3374 1211 3535 1279 δυνη-

1963 1300 2166 1371 σόμεθα
2229 1298 2557 1366 ἀναπτῆναι,
2606 1298 2844 1368 τοσούτῳ
2905 1298 3060 1369 βάρει
3117 1298 3533 1369 καθελκόμενοις

1962 1392 2071 1445 Καὶ
2094 1392 2203 1463 γὰρ
2231 1392 2283 1444 εῐ
2301 1407 2387 1454 τις
2416 1389 2603 1460 ὥσπερ
2647 1391 2704 1441 ἐν
2732 1388 2960 1451 δικαίοις
3002 1388 3259 1460 σταθμοῖς
3285 1392 3410 1454 τοὺς
3451 1391 3537 1444 λό-

1961 1498 2091 1551 γους
2112 1484 2134 1514 ⁸
2159 1482 2314 1553 ήμῶν
2343 1483 2538 1548 στῆσαι
2582 1483 2999 1552 ἐπιχειρήσειεν,
3020 1484 3075 1535 ἐν
3103 1482 3314 1553 μυρίοις
3344 1483 3536 1536 ταλάν-

1961 1591 2074 1637 τοις
2110 1573 2381 1643 βιωτικῶν
2413 1573 2588 1641 λόγων
2635 1572 2786 1642 μόλις
2834 1573 3054 1643 εὑρήσει
3088 1572 3316 1644 δηνάρια
3346 1574 3536 1627 ἑκατὸν

1965 1665 2223 1735 ῥημάτων
2247 1662 2656 1734 πνευματικῶν·
2691 1662 2889 1733 μᾶλλον
2910 1664 2965 1716 δὲ
2987 1664 3107 1716 οὑδέ
3135 1663 3354 1727 ὀϐολοὺς
3381 1664 3534 1717 δέκα.

1961 1750 2085 1825 Ἆρ’
2112 1750 2205 1806 οὖν
2256 1752 2355 1805 οὑκ
2406 1750 2635 1822 αἰσχύνη
2683 1751 2777 1804 καὶ
2812 1750 2984 1818 γέλως
3029 1751 3274 1820 ἔσχατος,
3321 1752 3538 1823 οἰκέτην

1966 1844 2062 1913 μὲν
2092 1843 2333 1914 ἔχοντας,
2360 1841 2429 1895 τά
2457 1842 2683 1894 πλείονα
2713 1842 2794 1905 εἰς
2824 1841 2893 1894 τὰ
2920 1843 3193 1908 ἀναγκαῖα
3235 1842 3537 1914 κεχρῆσθαι

1962 1933 2110 2005 αὐτῷ
2138 1934 2455 2005 πράγματα,
2489 1933 2662 2003 στόμα
2691 1933 2746 1985 δὲ
2776 1934 3165 2003 κεκτημένους,
3198 1934 3332 2004 μηδέ
3352 1934 3536 2007 οἰκέτῃ

1962 2027 2166 2098 ὁμοίως
2215 2024 2620 2097 προσφέρεσθαι
2666 2025 2743 2096 τῷ
2777 2026 2927 2095 μέλει
2974 2024 3053 2094 τῷ
3102 2026 3374 2097 ἡμετέρῳ,
3422 2026 3537 2080 ἀλλ’

1963 2118 2332 2189 ἀντιστρόφως
2354 2119 2432 2180 εἰς
2451 2116 2699 2187 ἄχρηστα
2719 2117 2814 2171 καὶ
2834 2115 3173 2187 παρέλκοντα
3198 2117 3499 2188 πράγματα
3519 2135 3535 2181 ;

1963 2210 2074 2265 Καὶ
2104 2210 2213 2263 εῖθε
2242 2211 2322 2272 εἰς
2355 2207 2693 2279 παρέλκοντα
2738 2208 2916 2278 μόνον·
2956 2206 3052 2260 νῦν
3094 2206 3151 2259 δὲ
3192 2208 3273 2270 εἰς
3321 2208 3539 2261 ἐναντία

1965 2302 2058 2357 καὶ
2090 2300 2348 2372 βλαϐερά.
2374 2300 2469 2354 καὶ
2493 2302 2573 2363 εἰς
2599 2298 2751 2352 οὐδὲν
2775 2300 2909 2368 ἡμῖν
2935 2301 3202 2369 χρήσιμα.
3226 2299 3289 2351 Εἰ
3329 2298 3438 2369 γὰρ
3467 2294 3538 2371 ῆν

1964 2395 2095 2464 ἡμῖν
2119 2394 2368 2463 χρήσιμα
2416 2391 2453 2445 ἃ.
2493 2389 2893 2460 ἐφθεγγόμεθα,
2926 2390 3021 2443 καὶ
3053 2389 3132 2459 τῷ
3174 2387 3295 2459 Θεῷ
3322 2389 3538 2454 πάντως

1966 2486 2095 2556 φίλα
2125 2482 2192 2556 ἦν
2215 2486 2283 2538 τὰ
2307 2485 2596 2552 λεγόμενα.

2033 2576 2171 2629 Νυνὶ
2188 2576 2244 2628 δὲ
2270 2575 2413 2646 άπερ
2440 2574 2508 2628 ἂν
2528 2576 2557 2626 6
2577 2570 2819 2632 διάὼλος
2848 2569 3147 2643 ὑποϐάλλῃ,
3170 2570 3350 2626 πάντα
3370 2569 3538 2641 φθεγ-

1964 2667 2193 2737 γόμεθα·
2223 2666 2316 2719 νῦν
2346 2666 2444 2736 μὲν
2482 2664 2767 2734 γελῶντες,
2793 2661 2889 2715 νῦν
2928 2663 2984 2716 δὲ
3026 2663 3215 2717 ἀστεῖα
3255 2663 3534 2733 λέγοντες’

1964 2759 2059 2812 νῦν
2085 2759 2183 2828 μὲν
2212 2757 2588 2828 καταρώμενοι
2614 2755 2707 2808 καί
2733 2753 3066 2827 ὑϐρίζοντες,
3091 2753 3186 2808 νῦν
3219 2755 3277 2809 δέ
3307 2755 3538 2831 ὀμνύον-

1961 2870 2055 2915 τες
2082 2853 2177 2905 καὶ
2220 2851 2539 2921 ψευδόμενοι
2579 2850 2673 2902 καὶ
2722 2846 3124 2919 ἐπιορκοῦντες’
3162 2849 3257 2900 καὶ
3302 2847 3398 2901 νῦν
3437 2851 3536 2919 μὲν

1964 2943 2480 3009 ἀποδυσπετοῦντες,
2520 2942 2615 2995 νῦν
2643 2942 2699 2995 δέ
2731 2941 3196 3012 βαττολογοῦντες,
3244 2943 3338 2996 καὶ
3378 2946 3536 3014 γραῖ-

1962 3036 2089 3089 δίων
2119 3035 2409 3106 ληροῦντες
2460 3033 2641 3097 πλέον,
2693 3032 2764 3085 τὰ
2813 3032 2977 3103 μηδὲν
3003 3033 3139 3103 πρὸς
3165 3036 3313 3103 ἡμᾶς
3356 3035 3535 3087 πάντα

1963 3131 2044 3191 εἰς
2076 3129 2241 3199 μέσον
2283 3129 2560 3197 φέροντες.
2593 3126 2689 3189 Τίς
2730 3124 2838 3197 γὰρ
2882 3125 3054 3195 ὑμῶν,
3109 3126 3227 3179 εἰπέ
3264 3144 3373 3192 μοι,
3424 3126 3534 3178 τῶν

1964 3220 2196 3274 ἐνταῦθα
2236 3219 2568 3288 ἑστηκότων,
2609 3215 2823 3286 ψαλμὸν
2862 3214 2958 3268 ινα
3000 3214 3324 3286 ἀπαιτηθείς
3358 3217 3533 3268 εἰπεῖν

1962 3311 2164 3366 δύναιτ’
2201 3310 2287 3374 ἂν,
2329 3311 2363 3380 ἦ
2414 3309 2541 3364 ἄλλο
2576 3325 2629 3360 τι
2688 3307 2853 3380 μέρος
2905 3306 3014 3359 τῶν
3054 3305 3214 3360 θείων
3261 3307 3529 3377 Γραφῶνς

1962 3404 2074 3457 Οὑκ
2102 3403 2246 3455 ἐστιν
2276 3401 2471 3464 οὐδείς.
2501 3401 2611 3454 Καὶ
2634 3400 2696 3452 οὑ
2722 3399 2884 3453 τοῦτο
2913 3399 3072 3469 μόνον
3104 3398 3220 3452 ἐστὶ
3249 3398 3309 3451 τὸ
3339 3399 3528 3457 δεινὸν,

1962 3496 2076 3549 ἀλλ’
2105 3496 2186 3549 ὅτι
2219 3495 2353 3564 πρὸς
2380 3495 2447 3547 τὰ
2484 3490 2835 3562 πνευματικά
2879 3491 3338 3554 ἀναπεπτωκότες
3365 3493 3527 3554 οὕτω,

1957 3578 2093 3646 πρὸς
2116 3577 2183 3629 τὰ
2217 3579 2480 3631 σατανικά
2513 3579 2682 3649 πυρός
2710 3580 2834 3631 ἐστε
2874 3579 3236 3650 σφοδρότεροι.
3285 3577 3393 3629 Καὶ
3421 3575 3529 3643 γὰρ

1956 3670 2004 3722 εἰ
2029 3667 2313 3738 βουληθείη
2342 3685 2424 3733 τις
2455 3671 2597 3740 ὑμᾶς
2626 3669 2769 3740 ᾠδὰς
2796 3668 3048 3733 ἐξετάσαι
3071 3668 3405 3730 διαϐολικάς,
3437 3667 3531 3720 καὶ

1958 3760 2190 3830 πορνικὰ
2221 3761 2315 3813 καὶ
2341 3760 2829 3830 κατακεκλασμένα
2866 3760 3024 3831 μέλη,
3053 3760 3279 3815 πολλοὺς
3307 3760 3530 3830 εὑρήσει

1961 3848 2098 3919 μετὰ
2120 3848 2403 3919 ἀκριϐείας
2425 3849 2601 3903 ταῦτα
2628 3849 2860 3914 εἰδότας,
2877 3852 2973 3903 καὶ
2997 3850 3135 3920 μετά
3164 3849 3366 3919 πολλῆς
3392 3849 3532 3904 αὐτά

1959 3938 2072 4012 11501
2102 3938 2547 4007 ἀπαγγέλλοντας
2571 3939 2671 4009 τῆς
2695 3939 2909 4010 ἡδονῆς.
2951 3938 3111 3991 Ἀλλά
3142 3938 3227 4001 τίς
3254 3940 3287 4007 ὴ
3325 3937 3529 3990 ἀπολο-

1957 4029 2053 4096 γία
2087 4028 2197 4082 τῶν
2224 4027 2587 4099 ἐγκλημάτων
2614 4029 2664 4093 ⁶;
2700 4028 2813 4081 Οὐκ
2857 4027 2992 4097 εἰμί,
3026 4027 3180 4096 φησὶ,
3225 4026 3335 4079 τῶν
3367 4032 3532 4095 μονα-ο

1958 4121 2087 4191 χῶν,
2121 4119 2255 4173 ἀλλά
2303 4119 2400 4171 καὶ
2431 4121 2663 4187 γυναῖκα
2694 4119 2804 4189 ἔχω
2847 4118 2943 4172 καὶ
2974 4117 3180 4177 παιδία,
3218 4118 3311 4170 καὶ
3356 4116 3532 4179 οἰκίας

1962 4210 2347 4282 ὲπιμελοῦμαι.
2376 4212 2397 4244 ⁷
2433 4210 2603 4263 Τοῦτο
2630 4209 2739 4280 γάρ
2764 4210 2911 4261 ἐστιν
2937 4208 2965 4261 ὃ
2993 4208 3172 4261 πάντα
3200 4206 3528 4277 ἐλυμήνατο.

1956 4306 2038 4357 ὅτι
2067 4303 2295 4366 ἐκείνοις
2317 4302 2497 4373 μόνοις
2518 4300 2765 4371 νομίζετε
2791 4301 3089 4370 προσήκειν
3109 4298 3212 4368 τὴν
3228 4299 3532 4365 ἀνάγνωσιν

1956 4395 2064 4449 τῶν
2094 4394 2251 4448 θείων
2288 4393 2540 4465 Γραφῶν,
2566 4392 2744 4462 πολλῷ
2772 4391 2934 4444 πλέον
2966 4392 3188 4444 ἐκείνων
3227 4391 3384 4461 ὑμεῖς
3414 4389 3531 4442 δεό-

1960 4504 2129 4557 μενοι.
2147 4486 2271 4550 Τοῖς
2304 4485 2413 4557 γὰρ
2442 4487 2500 4538 ἐν
2528 4485 2677 4555 μέσῳ
2702 4484 3108 4554 στρεφομένοις,
3135 4484 3229 4536 καὶ
3253 4481 3376 4537 καθ’
3398 4482 3529 4535 ἐκά-

1956 4594 2087 4648 στην
2118 4577 2333 4648 ἡμέραν
2366 4574 2657 4645 τραύματα
2685 4574 3016 4644 δεχομένοις,
3047 4574 3254 4637 τούτοις
3298 4573 3531 4645 μάλιστα

1953 4670 2034 4723 δεῖ
2081 4670 2408 4741 φαρμάκων.
2454 4668 2618 4721 ’Ὥστε
2652 4667 2745 4720 τοῦ
2800 4668 2872 4738 μὴ
2904 4665 3302 4735 ἀναγινώσκειν
3349 4666 3532 4735 πολλῷ

1952 4757 2132 4827 χεῖρον
2161 4756 2223 4809 τὸ
2258 4755 2352 4809 καί
2394 4754 2645 4826 περιττὸν
2695 4750 2834 4807 εἶναι
2884 4754 2945 4807 τὸ
2989 4756 3222 4826 πρᾶγμα
3265 4755 3527 4826 νομίζεινο

1952 4847 2126 4903 ταῦτα
2172 4850 2279 4919 γὰρ
2311 4851 2607 4920 σατανικῆς
2642 4847 2875 4918 μελέτης
2901 4848 2971 4900 τὰ
3000 4851 3239 4919 ῥήματα.

2035 4947 2114 4998 ς’.
2147 4941 2259 4993 Οὐκ
2285 4941 2513 4993 ἀκούετε
2532 4940 2744 4992 Παύλου
2768 4939 3038 5008 λέγοντος,
3061 4940 3141 4993 ὃτι
3158 4940 3311 5007 Πρὸς
3327 4944 3533 4995 νουθε-

1953 5033 2098 5085 σίαν
2138 5032 2308 5101 ἡμῶν
2338 5034 2523 5087 ταῦτα
2566 5031 2766 5087 πάντα
2795 5032 3059 5102 ἐγράφη;
3094 5034 3165 5085 Σὺ
3194 5034 3286 5097 δὲ,
3322 5033 3388 5087 ἂν
3430 5034 3529 5104 μὲν

1954 5123 2282 5192 Εὑαγγέλιον
2326 5123 2581 5187 δέξασθαι
2632 5126 2763 5196 δέῃ,
2809 5126 2997 5196 χερσὶν
3028 5125 3274 5187 ἀνίπτοις
3318 5126 3416 5178 οὑκ
3463 5124 3530 5178 ἂν

1954 5215 2093 5269 ’ἐλοιο
2126 5214 2285 5269 τοῦτο
2311 5218 2561 5287 ποιῆσαν
2598 5217 2667 5271 τὰ
2691 5217 2747 5270 δὲ
2787 5217 2931 5270 ἐνδον
2961 5214 3257 5287 ἐγκείμενα
3290 5216 3388 5286 οὐχ
3421 5216 3526 5288 ήγῇ

1956 5308 2160 5378 σφόδρα
2205 5310 2477 5375 ἀναγκαῖα
2511 5305 2685 5375 εἶναι;
2738 5308 2836 5362 Διά
2885 5307 3042 5362 τοῦτο
3076 5309 3252 5363 πάντα
3282 5308 3395 5362 ἀνω
3432 5310 3529 5362 καὶ

1953 5398 2103 5452 κάτω
2130 5399 2371 5468 γέγονεν.
2407 5402 2469 5454 Εἰ
2498 5402 2606 5470 γὰρ
2647 5402 2823 5472 βούλει
2853 5401 3044 5471 μαθεῖν
3086 5403 3209 5455 ὅσον
3241 5399 3348 5453 τῶν
3383 5400 3524 5471 Γρα-

1954 5491 2070 5558 φῶν
2101 5492 2160 5545 τὸ
2185 5492 2374 5561 κέρδος
2392 5535 2406 5558 ,
2438 5494 2688 5559 ἐξέτασον
2716 5493 2960 5559 σεαυτὸν,
2986 5492 3069 5555 τίς
3100 5493 3200 5560 μὲν
3236 5492 3362 5560 γίνῃ
3387 5490 3527 5559 ψαλ-

2622 5636 2668 5705 9²
2698 5633 2817 5705 τοῦ]
2850 5632 3032 5705 ἐκ-τοῦ
3066 5632 3126 5705 Β.
3158 5701 3173 5705 _
3201 5632 3248 5666 ”
3270 5630 3518 5705 6La_¢901_:-

2202 5708 2247 5741 ⁸⁸
2274 5701 2656 5776 ἐργάσεται]ἦή
2682 5701 2975 5776 μᾶλλοκζ
3077 5701 3415 5776 ’⁷-διηνεκῶς
3450 5702 3513 5776 E_.

2227 5725 2247 5737 υ
2274 5725 2299 5759 ε
2342 5725 2590 5776 γασεταιι
2613 5725 2653 5762 τ
2682 5725 2882 5774 μαΛΛον
2914 5725 2972 5755 υ.
3078 5725 3114 5733 -·
3152 5725 3414 5771 οιηνεκως
3453 5725 3510 5756 ιε..

2225 5794 2276 5846 p.
2306 5725 2431 5830 ἕῖϐ.
2480 5774 2830 5848 [ἐξέλειπον
2865 5772 3000 5848 Ειίά.
3027 5841 3038 5848 Α
3073 5770 3510 5848 ξόλιγοχρόνιον]

284 5845 335 5920 ᾗ
361 5844 500 5920 ξρεὼὶ
532 5840 599 5899 Β,“
730 5846 1062 5920 ταραχῶδες]
1088 5840 1397 5920 ἀρίαχνῶδες
1430 5850 1486 5903 Β.
1564 5851 1584 5881 ⁸
1616 5850 1824 5918 κούφης
1836 5851 1845 5920 1

1960 5852 2075 5920 ἡμῖν
2102 5840 2173 5920 Ε.
2228 5840 2255 5878 ’⁵
2291 5845 2500 5918 λόγους]
2528 5846 2621 5899 Sic
2648 5845 2797 5900 Arm.
2820 5850 2874 5898 et
2904 5841 3062 5897 codd.
3086 5840 3379 5913 λογισμούς
3402 5840 3509 5896 An;

293 5915 429 5970 Mor.
462 5914 601 5972 Ben.
676 5917 698 5948 ⁸
731 5914 1182 5990 ἐγκλημάτώνῙ-ῑ·
1201 5914 1410 5975 τούτων
1440 5921 1579 5977 Edd.
1657 5920 1674 5950 ⁷
1707 5914 1845 5990 Ιιιὸίέ

1960 5914 2102 5976 ῖόιίοι
2138 5918 2197 5973 F.

608 6014 883 6077 Ρλτιιοι.
931 6014 1050 6079 Gn.
1097 6016 1291 6081 LVII.

3138 6007 3176 6067 3
