4078 6372
549 336 617 390 51
1270 353 1328 408 S.
1367 352 1651 411 JOANNIS
1685 354 2171 414 CIIRYSOSTOMI
2209 360 2531 421 ARCHIEP.
2569 365 3121 428 CONSTANTINOP.
3753 386 3826 442 32

550 445 674 514 μῶν
702 446 937 511 ἀκούων,
969 446 1052 511 τίς
1092 446 1149 502 δὲ
1195 449 1494 517 σατανικῆς
1523 448 1669 521 ᾠδῆς
1689 468 1703 482 ·
1737 452 1833 505 καὶ
1865 451 1984 516 πῶς
2013 451 2132 507 διά·-

553 556 734 593 κεισαι
772 541 830 594 ἐν
877 540 1144 613 ἐκκλησίᾳ
1176 542 1488 612 διατρίϐων,
1522 543 1617 597 καὶ
1654 544 1774 608 πῶς
1813 545 1872 600 ἐν
1921 545 2135 619 θεάτρῳ

553 630 693 703 καθή
702 648 864 703 μενος
883 649 897 662 ·
923 633 1017 687 καὶ
1042 633 1163 705 ὄψει
1192 634 1326 689 πολὺ
1350 635 1412 689 rb
1444 634 1607 706 μέσον
1639 636 1845 707 ταύτης
1871 638 2135 710 κάκείνης

550 731 649 801 τῆς
677 727 890 801 ψυχῆς,
936 727 1183 805 καίτοιγε
1212 731 1341 803 μιᾶς
1368 728 1556 803 οῦσης.
1607 730 1707 784 Διά
1735 730 1894 786 τοῦτο
1922 731 2137 797 Παῦλος

552 824 711 894 ἔλεγε
731 844 743 854 ·
769 827 1125 895 Φθείρουσιν
1146 826 1262 895 ἤθη
1283 829 1521 896 χρηστὰ
1554 824 1779 893 ὁμιλίαι
1809 824 2007 877 κακαί.
2036 822 2136 877 Διά

557 914 715 969 τοῦτο
762 917 1038 988 συνεχῶν⁸
1072 920 1204 989 ἡμῖν
1242 918 1324 971 δεῖ
1368 916 1478 969 τῶν
1522 914 1631 969 ἀπὸ
1673 912 1767 967 τοῦ
1817 911 2136 982 Πνεύματος

558 1005 800 1077 ἐπῳδῶν.
836 1008 945 1061 Καὶ
985 1006 1093 1080 γὰρ
1116 1008 1275 1062 τοῦτό
1305 1009 1454 1061 ἐστιν
1498 1000 1542 1075 ᾧ
1575 1005 1682 1058 τῶν
1716 1004 1924 1073 ἀλόγων
1949 1003 2139 1057 πλεον-

557 1098 844 1169 εκτοῦμεν,
868 1099 944 1163 ὡς
965 1100 1074 1152 τῶν
1102 1117 1168 1169 γε
1196 1100 1369 1155 ἄλλων
1394 1100 1580 1153 ἕνεκεν
1605 1097 1701 1152 καὶ
1728 1096 1935 1168 σφόδρα
1959 1094 2139 1150 αὐτῶν

558 1190 954 1261 ἐλαττούμεθα.
977 1190 1149 1243 Τοῦτό
1173 1192 1289 1243 ἐστι
1313 1188 1490 1261 τροφὴ
1515 1187 1886 1259 ψυχῆς,τοῦτο
1910 1191 2134 1259 κόσμος,

557 1278 716 1332 τοῦτο
744 1280 1015 1350 ἀσφάλεια
1037 1298 1050 1311 σ
1074 1279 1261 1351 ὥσπερ
1286 1274 1378 1332 οὖν
1404 1278 1464 1332 τὸ
1497 1277 1570 1349 μὴ
1594 1276 1832 1342 ἀκούειν,
1858 1277 2016 1349 λιμὸς
2043 1278 2139 1332 καὶΙ

562 1367 757 1439 φθορά.
790 1368 957 1424 Δώσω
993 1370 1124 1441 γὰρ,
1161 1369 1343 1439 φησὶν,
1382 1369 1586 1434 αὐτοῖς,
1614 1369 1697 1421 Οὺ
1719 1368 1900 1437 λιμὸν
1928 1367 2135 1436 ἄρτου,

558 1459 699 1513 οὐδὲ
725 1458 914 1527 δίψαν
946 1460 1185 1526 ὕδατος,
1214 1457 1375 1513 ἀλλὰ
1399 1457 1578 1527 λιμόν
1603 1458 1711 1512 τοῦ
1737 1458 1999 1513 ἀκοῦσαι
2034 1457 2137 1513 λό-

556 1567 664 1616 γον
685 1552 926 1618 Κυρίου.
950 1551 1014 1603 Τί
1036 1550 1232 1619 γένοιτ’
1260 1552 1326 1603 ἃν
1356 1545 1449 1604 οὖν
1476 1548 1828 1620 ἀθλιώτερον,
1848 1551 1975 1604 ὅταν
1999 1550 2136 1621 ὅπερ

558 1642 588 1694 6
628 1641 763 1705 Θεὸς
802 1644 859 1695 ἐν
889 1640 1042 1707 τάξει
1071 1642 1346 1704 κολάσεως
1376 1641 1600 1712 ἀπειλῇ,
1629 1640 1788 1694 τοῦτο
1816 1641 2138 1712 αὐτομάτως

476 1782 486 1790 .
558 1734 623 1786 σὺ
670 1733 809 1787 κατὰ
836 1736 935 1805 τῆς
984 1732 1098 1806 [51]
1149 1732 1348 1788 σαυτοῦ
1381 1733 1623 1803 κεφαλῆς
1652 1733 1817 1806 ἕλκῃς
1838 1733 1896 1786 rb
1942 1731 2136 1796 κακὸν,

556 1824 711 1895 λιμόν
742 1843 863 1879 τινα
888 1825 1122 1897 χαλεπὸν
1165 1810 1473 1894 ἐπεισάγων
1500 1828 1566 1897 τῇ
1592 1826 1758 1897 ψυχῇ,
1791 1826 1886 1879 καὶ
1917 1826 2136 1880 πάντων

554 1917 725 1987 αὐτὴν
769 1918 1166 1989 ἀσθενεστέραν
1220 1919 1424 1985 ποιῶν;
1484 1918 1618 1971 Ἀπὸ
1663 1918 1773 1990 γὰρ
1820 1918 1995 1987 λόγων
2042 1919 2137 1972 καὶ

557 2007 875 2080 φθείρεσθαι
910 2012 1002 2064 καὶ
1032 2010 1299 2075 σώζεσθαι
1330 2012 1560 2080 πέφυκε.
1585 2011 1696 2063 Kal
1721 2010 1828 2083 γὰρ
1855 2013 1935 2075 είς
1967 2010 2136 2083 ὀργὴν

554 2100 713 2155 τοῦτο
741 2103 910 2175 αὐτὴν
942 2104 1146 2174 ἐξάγει,
1180 2108 1274 2159 καὶ
1301 2106 1534 2177 πραΰνει
1566 2105 1628 2157 rb
1672 2103 1803 2157 αὐτὸ
1835 2103 1994 2158 τοῦτο
2030 2105 2138 2157 πά-

556 2195 670 2247 λιν⁸
716 2196 812 2249 καὶ
851 2195 989 2267 πρὸς
1023 2197 1318 2269 ἐπιθυμίαν
1354 2195 1520 2267 ἐξῆψε
1563 2196 1713 2268 ῥῆμα
1746 2196 1995 2268 αἰσχρὸν,
2041 2197 2137 2250 καὶ

557 2287 636 2349 εἰς
667 2287 1022 2360 σωφροσύνην
1055 2289 1229 2360 ἤγαγε
1260 2289 1419 2358 λόγος
1467 2286 1795 2358 σεμνότητος
1823 2287 2030 2357 γέμων.
2072 2287 2135 2341 El

554 2378 611 2431 δὲ
660 2376 817 2447 λόγος
865 2380 1049 2443 ἁπλῶς
1077 2380 1345 2452 τοσαύτην
1376 2378 1488 2451 ἔχει
1530 2379 1628 2452 τὴν
1665 2379 1839 2451 ἰσχὺν,
1873 2379 1990 2442 πῶς
2026 2378 2135 2433 τῶν

556 2471 789 2543 Γραφῶν
823 2473 1216 2543 καταφρονεῖς;
1257 2467 1379 2522 εἰπέ
1416 2487 1526 2541 μοι.
1569 2470 1634 2523 Εί
1670 2468 1780 2539 γὰρ
1812 2468 2136 2539 παραίνεσις

555 2561 793 2617 τοσαῦτα
821 2562 1064 2626 δύναται,
1101 2560 1282 2632 πολλῷ
1309 2560 1508 2632 μᾶλλον
1539 2560 1667 2613 ὅταν
1699 2557 1837 2631 μετά
1881 2557 2136 2630 Πνεύμα-

555 2671 645 2718 τος
674 2647 808 2708 ὦσιν
829 2654 887 2708 αἱ
915 2654 1288 2725 παραινέσεις.
1320 2653 1432 2707 Kal
1462 2651 1574 2724 γάρ
1599 2652 1774 2724 πυρὸς
1810 2651 2012 2722 μᾶλλον
2036 2650 2136 2722 τὴν

558 2745 971 2818 πεπωρωμένην
1020 2745 1278 2816 μαλάττει
1328 2744 1506 2816 ψυχὴν
1524 2786 1540 2812 ,
1592 2745 1686 2800 καὶ
1738 2744 1875 2818 πρὸς
1921 2744 2136 2799 ἅπαντα

556 2836 865 2907 ἐπιτηδείαν
914 2834 1315 2900 κατασκευάζει
1366 2835 1434 2889 τὰ
1468 2834 1640 2901 καλὰ,
1688 2834 1847 2905 λόγος
1885 2832 1991 2887 ἀπὸ
2027 2832 2137 2888 τῶν

556 2927 712 2981 θείων
751 2927 1111 2999 ἐνηχούμενος
1154 2929 1408 3000 Γραφῶν.
1454 2927 1612 2982 Οῦτω
1672 2927 1767 2982 καὶ
1817 2925 2136 2998 Κορινθίους

556 3020 1006 3090 πεφυσιωμένους
1032 3020 1213 3074 λαϐὼν
1243 3023 1271 3075 6
1309 3020 1523 3085 Παῦλος
1556 3020 1651 3073 καὶ
1677 3019 2133 3091 φλεγμαίνοντας,

558 3111 875 3165 κατέστειλε
901 3112 996 3165 καὶ
1025 3113 1469 3183 ἐπιεικεστέρους
1494 3112 1740 3184 ἐποίησε.
1775 3112 1885 3164 Kal
1913 3111 2026 3184 γὰρ
2049 3108 2134 3181 ἐφ’

567 3189 648 3260 οἷς
677 3195 1027 3265 αἰσχύνεσθαι
1055 3196 1162 3250 ἔδει
1188 3197 1283 3252 καὶ
1319 3197 1779 3266 ἐγκαλύπτεσθαι,
1814 3198 1907 3251 ἐπὶ
1932 3197 2139 3259 τούτοις

573 3285 713 3358 μέγα
739 3287 1017 3356 ἐφρόνουν.
1057 3287 1193 3339 Ἀλλ’
1223 3287 1410 3359 ἐπειδὴ
1447 3289 1543 3359 τὴν
1583 3287 1902 3359 Ἐπιστολὴν
1931 3286 2141 3351 ἐδέξαν-

571 3394 650 3440 το,
677 3376 905 3432 ἄκουσον
936 3378 1113 3435 αὐτῶν
1144 3379 1241 3433 τὴν
1282 3379 1581 3451 μεταϐολὴν
1601 3419 1617 3446 ,
1652 3382 1720 3451 ἣν
1749 3379 1912 3444 αὐτὸς
1937 3381 1966 3433 6
1992 3376 2139 3433 διδά-

2224 506 2225 511 η
2250 455 2444 519 σκαλος
2471 458 2655 522 αὐτοῖς
2690 460 3093 535 ἐμαρτύρησεν,
3117 466 3258 520 οὕτω
3284 466 3460 539 λέγων
3478 488 3493 501 ο
3524 470 3684 526 Αὐτὸ
3712 474 3826 544 γὰρ

2248 546 2353 598 τὸ)
2408 548 2557 603 ,κατὰ
2591 549 2739 604 Θεὸν
2771 556 3118 624 λυπηθῆναι
3155 559 3331 630 ὑμᾶς,
3372 564 3577 631 πόσην
3629 565 3827 635 είργά-

2247 652 2398 692 σατο
2433 639 2503 693 ἐν
2532 641 2676 711 ὑμῖν
2713 646 2996 713 σπουδήν
3016 665 3033 679 ⁸
3079 650 3241 709 ἀλλὰ
3268 654 3626 723 ἀπολογίαν,
3658 655 3825 710 ἀλλὰ

2246 728 2684 800 ἀγανάκτησιν,
2704 733 2724 806 [
2747 737 2792 768 ¹⁰
2813 737 2975 792 ἀλλὰ
2997 741 3203 805 φόϐον,
3223 743 3386 797 ἀλλὰ
3407 744 3820 818 ἐπιπόθηωκ]

2245 819 2406 874 ἀλλὰ
2422 821 2627 891 ζῆλον,
2645 827 2805 882 ἀλλὰ
2824 829 3159 898 ἐκδίκησιν.
3180 833 3336 888 Οὕτω
3352 835 3447 888 καὶ
3468 837 3704 901 οἰκέτας,
3724 839 3825 891 καὶ

2247 911 2460 977 παῖδας,
2495 914 2590 968 καὶ
2615 922 2894 986 γυναῖκας,
2936 923 3033 976 καὶ
3057 923 3242 993 φίλους
3272 925 3605 997 ῥυθμίζομεν
3625 927 3690 991 ¹¹,
3726 928 3823 982 καὶ

2243 1003 2369 1065 τοὺς
2400 1004 2628 1076 ἐχθροὺς
2655 1008 2839 1077 φίλους
2878 1011 3157 1083 ποιοῦμεν.
3192 1013 3350 1069 Οῦτω
3385 1016 3478 1069 καὶ
3512 1018 3562 1069 οἱ
3592 1015 3823 1085 μεγάλοι

2249 1090 2459 1162 ἄνδρες,
2494 1096 2588 1150 καὶ
2619 1098 2697 1169 τῷ
2727 1099 2846 1172 Θεῷ
2876 1103 3018 1171 φίλοι
3039 1105 3105 1170 ¹²,
3136 1104 3373 1175 βελτίους
3406 1106 3673 1175 ἐγένοντο.
3709 1109 3824 1162 Καὶ

2245 1184 2352 1256 γὰρ
2386 1188 2414 1239 6
2442 1187 2608 1241 Δαυῒδ
2638 1195 2775 1261 μετά
2817 1196 2914 1266 τὴν
2958 1197 3256 1270 ἁμαρτίαν,
3285 1198 3473 1270 ἐπειδὴ
3503 1199 3676 1266 λόγων
3710 1201 3822 1253 ἀπ-

2243 1272 2466 1343 ήλαυσε,
2507 1276 2629 1331 τότε
2673 1282 2754 1343 είς
2793 1282 2891 1353 τὴν
2922 1284 3213 1357 καλλίστην
3241 1288 3455 1356 ἐκείνην
3486 1283 3617 1358 ἦλθε
3653 1288 3822 1358 μετά-

2245 1380 2391 1419 νοιαν
2410 1382 2425 1395 ·
2455 1369 2548 1422 καὶ
2579 1373 2627 1424 οί
2668 1373 2951 1428 ἀπόστολοι
2976 1375 3033 1429 δὲ
3064 1375 3207 1430 οὕτω
3232 1377 3521 1446 γεγόνασιν
3551 1380 3689 1450 ὅπερ
3721 1394 3820 1448 γε·

2243 1455 2451 1523 γόνασι,
2488 1462 2582 1515 καὶ
2629 1464 2726 1535 τὴν
2770 1466 3096 1539 οἰκουμένην
3147 1469 3365 1523 ἅπασαν
3414 1470 3816 1527 ἐπεσπάσαντο.

2242 1548 2353 1601 Kal
2384 1550 2437 1603 τί
2465 1551 2527 1604 τὸ
2554 1554 2746 1624 κέρδος
2765 1595 2779 1619 ,
2812 1557 2997 1626 φησὶν,
3031 1559 3158 1611 ὅταν
3198 1557 3373 1629 ἀκούῃ
3394 1558 3439 1591 ¹³
3469 1576 3584 1624 τις,
3613 1559 3709 1613 καὶ
3739 1558 3819 1630 μὴ

2241 1642 2368 1711 ποιῇ
2389 1642 2433 1673 ³⁵
2468 1643 2535 1697 τὰ
2563 1643 3005 1721 λεγόμενα;[52]
3052 1650 3127 1702 Ού
3173 1650 3366 1722 μικρὸν
3418 1650 3518 1721 μὲν
3566 1650 3659 1703 καὶ
3708 1650 3820 1704 ἀπὸ

2241 1731 2340 1801 τῆς
2386 1734 2702 1807 ἀκροάσεως
2733 1739 2884 1793 ἐσται
2915 1740 2975 1794 rb
3016 1739 3225 1811 κέρδος.
3255 1741 3367 1795 Καὶ
3394 1741 3503 1811 γὰρ
3533 1740 3821 1808 καταγνώ-

2243 1851 2393 1889 σεται
2418 1834 2610 1890 ἐαυτοῦ
2643 1832 2736 1887 καὶ
2776 1831 3041 1898 στενάξει,
3067 1833 3162 1887 καὶ
3189 1831 3307 1903 ἡξει
3340 1831 3472 1887 ποτέ
3500 1833 3594 1886 καὶ
3637 1834 3730 1886 ἐπὶ
3752 1832 3817 1888 rb

2241 1929 2413 1980 ποιεῖν
2452 1925 2519 1978 τὰ
2555 1924 2841 1994 λεγόμενα.
2875 1924 2933 1976 Ὀ
2967 1923 3025 1976 δὲ
3057 1921 3178 1993 μηδ’
3225 1922 3306 1974 ὅτι
3349 1922 3594 1993 ἥμαρτεν
3634 1922 3813 1987 εἰδὼς,

2240 2016 2370 2068 πότε
2399 2006 2765 2084 ἀποστήσεται
2807 2012 2901 2066 τοῦ
2952 2012 3321 2083 πλημμελεῖν;
3374 2012 3501 2065 πότε
3533 2014 3817 2082 καταγνώ-

2241 2122 2391 2160 σεται
2420 2105 2651 2170 ἐαυτοῦ;
2688 2105 2778 2178 Μὴ
2802 2105 2982 2158 τοίνυν
3026 2103 3454 2175 καταφρονῶμεν
3479 2103 3579 2174 τῆς
3607 2103 3815 2175 ἀκροά-

2240 2211 2377 2259 σεως
2399 2194 2508 2249 τῶν
2532 2193 2692 2248 θείων
2722 2194 2972 2267 Γραφῶν.
3006 2194 3308 2272 Σατανικῆς
3346 2192 3455 2263 γὰρ
3477 2193 3652 2249 ταῦτα
3695 2194 3815 2247 δια-

2237 2285 2388 2349 νοίας
2407 2325 2423 2351 ,
2452 2286 2554 2338 οὐκ
2585 2284 2839 2355 ἀφιείσης
2870 2285 2959 2338 τὸν
2993 2284 3262 2357 θησαυρὸν
3294 2285 3445 2345 ίδείν,
3489 2286 3575 2338 ἵνα
3607 2285 3681 2356 μὴ
3718 2285 3814 2338 τὸν

2239 2374 2470 2429 πλοῦτον
2492 2375 2861 2446 κερδάνωμεν.
2884 2374 2983 2427 Διά
3010 2374 3170 2428 τοῦτο
3201 2374 3351 2429 οὐδὲν
3379 2370 3519 2429 εἷναί
3548 2391 3679 2444 φησι
3711 2375 3813 2446 τὴν

2237 2467 2499 2537 ἀκρόασιν
2532 2465 2641 2520 τῶν
2672 2465 2831 2521 θείων
2863 2465 3074 2538 νόμων,
3106 2466 3195 2521 ἴνα
3223 2466 3299 2538 μὴ
3336 2466 3434 2539 τὴν
3462 2466 3660 2538 πρᾶξιν
3700 2466 3813 2520 ἀπὸ

2236 2562 2337 2633 τῆς
2365 2562 2680 2635 ἀκροάσεως
2710 2561 2794 2636 ἴδῃ
2818 2562 3256 2634 προσγενομένην
3286 2563 3437 2633 ἡμῖν.
3464 2561 3678 2625 Είδότες
3705 2560 3814 2614 τοί-

2237 2670 2331 2707 νυν
2373 2654 2472 2725 τὴν
2515 2651 2758 2725 πονηρὰν
2802 2652 3008 2723 ταύτην
3060 2651 3223 2707 αὐτοῦ
3267 2652 3491 2723 τέχνην,
3546 2650 3812 2705 πάντοθεν

2236 2745 2464 2808 ἑαυτοὺς
2506 2741 3025 2815 ἀποτειχίζωμενίδ,
3074 2743 3163 2797 ἵνα
3211 2745 3322 2807 τοῖς
3369 2743 3553 2807 ὅπλοις
3599 2745 3812 2805 τούτοις

2237 2837 2592 2907 φραξάμενοι,
2637 2834 2789 2889 αύτοί
2831 2852 2891 2889 τε
2934 2835 3205 2889 ἀνάλωτοι
3247 2835 3515 2905 μένωμεν,
3566 2835 3662 2887 καὶ
3706 2832 3813 2904 τὴν

2237 2925 2454 2978 ἐκείνου
2505 2923 2755 2995 βάλωμεν
2774 2923 2818 2955 ³⁸
2868 2922 3143 2994 κεφαλήν·
3179 2924 3273 2976 καὶ
3300 2921 3441 2976 οὕτω
3486 2921 3713 2993 λαμπρὰ
3739 2923 3810 2976 τὰ

2237 3019 2530 3087 νικητήρια
2559 3016 2976 3089 ἀναδησάμενοι,
2999 3016 3109 3069 τῶν
3141 3015 3437 3086 μελλόντων
3467 3014 3812 3084 ἐπιτύχωμεν

2240 3108 2480 3178 ἀγαθῶν,
2528 3107 2711 3179 χάριτι
2749 3110 2844 3162 καὶ
2876 3107 3252 3179 φιλανθρωπίᾳ
3284 3107 3377 3161 τοῦ
3419 3107 3624 3179 Κυρίου
3653 3106 3812 3177 ἡμῶν

2251 3196 2427 3270 Ἰησοῦ
2462 3196 2721 3269 Χριστοῦ,
2764 3191 2875 3269 ᾧή
2920 3196 3047 3263 δόξα
3079 3198 3174 3250 καὶ⁸
3218 3195 3280 3249 rb
3328 3197 3526 3268 κράτος
3567 3199 3642 3260 είς
3681 3194 3810 3258 τοὺς

2240 3290 2438 3353 αἰῶνας
2468 3288 2576 3344 τῶν
2611 3289 2841 3346 αἰώνων.
2884 3287 3076 3361 Ἀμήν.

644 3537 668 3568 ⁸
701 3539 943 3612 συνεχῶς
970 3538 1035 3612 Α.
1069 3540 1177 3612 An,
1245 3541 1301 3612 μ’
1334 3539 1686 3612 τὺῙ-ταῦτοᾷτδ
1714 3538 1851 3593 Edd.
1884 3538 1996 3612 vid.
2023 3535 2133 3591 Μαι

2243 3535 2267 3589 ’ἰ
2295 3534 2361 3612 οε]
2385 3536 2543 3612 loc._
2606 3532 2800 3612 ’_'_'H:ec
2820 3534 2983 3612 verbha
3022 3535 3222 3612 {ipsum
3263 3529 3318 3611 ἰιι
3357 3525 3610 3612 ςοςίόενει

570 3615 769 3681 ρι’ωίυι·
798 3609 926 3663 Ben.
1020 3611 1061 3641 “
1091 3608 1583 3681 ῥυθμίζομεᾉνῖῖδίο
1600 3610 1660 3663 Β.
1694 3619 1747 3664 et

574 3676 841 3749 ποιῶμεν.
929 3681 972 3711 ¹²
1003 3676 1101 3732 καί
1125 3676 1207 3749 τῷ
1223 3680 1286 3732 Θ.
1319 3676 1405 3749 φ.]
1434 3680 1525 3733 Sic
1561 3680 1620 3733 Β.
1650 3681 1754 3732 An.
1784 3676 1859 3748 τῷ
1891 3678 1953 3749 Θ.

1791 3624 1874 3677 pr.
1910 3608 1974 3661 D.
2027 3623 2162 3677 mox,
2194 3605 2455 3677 ποιοῦμεν
2505 3605 2566 3677 Β.
2718 3613 2771 3657 ot

1985 3695 2043 3745 φ.
2070 3676 2165 3729 καί
2194 3679 2260 3729 Α.
2290 3674 2367 3727 Ι).
2392 3675 2451 3729 Ε.
2486 3675 2564 3745 τῷ
2602 3675 2664 3728 Θ.
2695 3691 2754 3745 φ.
2790 3674 3044 3743 γεγόνασι
3083 3675 3176 3727 καὶ
3203 3674 3263 3727 (1.

2814 3605 2991 3680 pr._C.
3030 3604 3093 3658 D.
3127 3601 3309 3680 causari
3342 3596 3801 3680 _éu§p£§wpal_t_3t

3341 3662 3386 3700 ί³
3423 3662 3629 3735 ἀκούσῂ
3653 3662 3801 3721 Edd.

576 3745 620 3775 ³⁵
650 3735 776 3817 ποιῇ
801 3748 813 3818 ]
846 3749 1141 3819 προσίηται
1175 3735 1238 3803 Β.
1315 3735 1361 3780 (⁸
1382 3735 1707 3819 τειχίζωμεν
1736 3751 1803 3802 Α.
1832 3735 1843 3748 ’
1878 3747 1921 3779 ¹⁶
1947 3735 2133 3818 βάλλωλ

2248 3747 2313 3800 Α.
2341 3746 2405 3799 (1.
2427 3746 2487 3799 E.
2512 3735 2636 3799 n'zox
2666 3735 2736 3797 τά
2767 3735 2880 3799 oin:
2909 3749 2976 3801 Α.
3009 3745 3073 3799 C.
3102 3745 3164 3810 E,
3196 3749 3250 3797 el.
3267 3754 3350 3811 pr.
3383 3735 3446 3791 D.

2008 3981 2252 4035 OMIAIA
2287 3977 2360 4033 1".

566 4169 779 4234 Βίϐλος
814 4164 1109 4238 γενέσεως
1147 4163 1350 4238 Ἰησοῦ
1375 4163 1647 4238 ’Χριστοῦ
1671 4205 1686 4231 ,
1730 4163 1866 4221 υἱοῦ
1917 4161 2099 4217 Δαυῒδ
2119 4203 2133 4226 ,

1132 4234 1267 4290 υἱοῦ
1302 4234 1570 4304 Ἀϐραάμ.

634 4348 703 4403 α’.
738 4348 866 4401 ’ἰδοὺ
890 4346 1045 4418 τρίτη
1063 4345 1314 4412 διάλεξις,
1332 4345 1507 4399 καὶτὰ
1528 4347 1585 4399 ἐν
1604 4347 1908 4417 προοιμίοις
1927 4346 2135 4400 οὐδέπω

563 4434 942 4506 διελυσάμεθα.
998 4433 1111 4487 Οὐκ
1154 4433 1261 4503 άρα
1311 4432 1487 4502 μάτην
1520 4431 1723 4500 ἔλεγον,
1765 4432 1848 4486 ὅτι
1896 4431 2030 4486 πολὺ
2073 4432 2134 4484 rb

568 4528 728 4599 βάθος
769 4527 882 4599 ἔχει
925 4528 1035 4581 τῶν
1076 4527 1360 4596 νοημάτων
1389 4524 1594 4579 τούτων
1623 4527 1655 4596 ἡ
1690 4523 1870 4594 φύσις.
1905 4524 2043 4595 Φέρε
2066 4524 2129 4595 δὴ

564 4620 632 4674 τά
664 4620 958 4691 λειπόμενα
994 4620 1230 4691 σήμερον
1259 4621 1520 4689 εἴπωμεν.
1556 4618 1623 4672 Τί
1659 4619 1776 4670 ποτ’
1804 4611 1896 4670 οὖν
1921 4617 2037 4669 ἐστι
2070 4616 2131 4668 rb

566 4710 891 4782 ζητούμενον
916 4710 1039 4775 νῦν;
1070 4710 1226 4772 Τίνος
1268 4710 1453 4763 ἐνεκεν
1486 4711 1515 4763 6
1552 4708 1748 4779 Ἰωσὴφ
1787 4707 2130 4777 γενεαλογεῖ-

566 4818 676 4866 ται,
693 4800 846 4854 οὐδὲν
869 4800 1004 4871 πρὸς
1027 4800 1126 4871 τὴν
1147 4799 1398 4872 γέννησιν
1423 4797 1709 4853 συντελῶν.
1738 4798 1845 4852 Kal
1870 4797 1997 4868 μίαν
2024 4796 2125 4867 μὲν

560 4889 739 4941 αἰτίαν
772 4887 1073 4959 εἰρήκαμεν
1095 4887 1196 4960 ἤδη
1215 4903 1230 4920 ο
1267 4888 1560 4957 ἀναγκαῖον
1585 4887 1642 4942 δέ
1686 4888 1781 4942 καὶ
1807 4888 1905 4960 τὴν
1936 4889 2128 4961 ἑτέραν

560 4981 731 5033 εἰπεῖν
750 5018 766 5043 ,
813 4978 910 5049 τὴν
942 4979 1349 5050 μυστικωτέραν
1388 4979 1484 5032 καὶ
1512 4979 1955 5052 ἀπορρητοτέραν
1987 4982 2130 5035 ἐκεί-

564 5089 672 5143 νης.
692 5072 787 5134 Τίς
807 5065 899 5125 οὖν
926 5072 1073 5125 ἐστιν
1097 5070 1234 5142 αὕτη
1259 5088 1273 5137 ;
1304 5072 1418 5125 Ούκ
1445 5070 1698 5125 ἐϐούλετο
1722 5075 1835 5136 τοῖς
1850 5071 2129 5136 Ἰουδαίοις

562 5159 694 5217 εἶναι
726 5162 883 5232 δῆλον
926 5154 1077 5233 παρὰ
1101 5162 1248 5216 rbv"
1280 5161 1388 5215 τῶν
1420 5162 1626 5216 ὠδίνων
1655 5164 1865 5234 καιρὸν,
1896 5162 2010 5235 [55]
2046 5164 2128 5217 ὄτι

559 5267 622 5309 εκ
651 5254 925 5325 Παρθένου
950 5253 1272 5325 γεγέννηται
1301 5253 1346 5286 ’⁸
1382 5255 1411 5308 6
1440 5254 1696 5327 Χριστός.
1738 5254 1901 5309 Ἀλλὰ
1934 5254 2008 5326 μὴ
2041 5255 2128 5309 θο-

560 5346 809 5417 ρυϐεῖσθε
831 5347 967 5418 πρὸς
991 5347 1053 5399 τὸ
1077 5345 1377 5416 παράδοξον
1400 5346 1493 5400 τοῦ
1522 5347 1834 5418 λεγομένου.
1857 5347 1930 5400 Ού
1952 5348 1994 5380 ¹⁹
2016 5346 2127 5417 γὰρ

561 5436 691 5507 ἐμὸς
712 5437 741 5489 6
769 5437 945 5506 λόγος,
987 5436 1122 5509 ἀλλᾲ
1152 5436 1413 5509 Πατέρων
1457 5439 1764 5510 ἡμετέρων,
1796 5437 2126 5509 θαυμαστῶν

562 5527 650 5580 καλ¹
683 5527 968 5596 ἐπισήμων
1005 5527 1233 5599 ἀνδρῶν.
1259 5528 1322 5580 Et
1353 5526 1460 5599 γὰρ
1488 5528 1657 5582 πολλὰ
1682 5528 2033 5583 συνεσκίασεν
2066 5528 2126 5592 ἐξ

562 5615 735 5688 ἀρχῆς
756 5654 772 5679 ,
797 5610 926 5666 Υίδν
968 5609 1258 5679 ἀνθρώπου
1293 5609 1473 5663 καλῶν
1521 5611 1734 5679 ἐαυτὸν,
1765 5610 1861 5664 καὶ
1884 5609 2005 5662 ούδέ
2033 5607 2131 5678 τὴν

571 5706 704 5777 πρὸς
731 5704 821 5757 τὸν
854 5701 1076 5773 Πατέρα
1122 5700 1341 5771 ἰσότητα
1369 5701 1641 5772 πανταχοῦ
1673 5699 1859 5770 σαφῶς
1886 5701 2018 5771 ἡμῖν
2045 5697 2133 5763 ἐξ·

566 5793 814 5862 ικάλυψε·
839 5793 893 5845 τί
918 5789 1238 5863 θαυμάζεις,
1265 5790 1313 5842 εἰ
1335 5791 1427 5843 καὶ
1454 5788 1613 5843 τοῦτο
1634 5788 1951 5844 συνεσκίασε
1973 5787 2130 5852 τέως,

2246 4141 2559 4213 θαυμαστόν
2592 4159 2646 4196 τι
2680 4142 2775 4196 καὶ
2811 4127 2957 4215 μέγα
2996 4143 3326 4216 οἰκονομῶν;
3364 4145 3477 4199 Kal
3510 4144 3661 4198 ποῖον
3693 4144 3830 4199 θαυ-

2248 4233 2490 4305 μαστόν;
2544 4234 2697 4304 φησί.
2735 4234 2808 4287 'l'b
2846 4235 3177 4307 διασωθῆναι
3225 4237 3326 4307 τὴν
3372 4236 3683 4310 Παρθένον,
3734 4236 3833 4290 καὶ

2244 4324 2479 4395 ὑποψίας
2504 4325 2887 4397 ἀπαλλαγῆναι
2919 4330 3179 4399 πονηρᾶς.
3214 4329 3276 4381 Εἰ
3304 4327 3413 4399 γάρ
3455 4326 3614 4381 τοῦτο
3647 4324 3708 4393 ἐξ
3730 4327 3833 4398 ἀρ-

2243 4419 2343 4487 χῆς
2369 4417 2480 4479 τοῖς
2519 4416 2793 4481 Ἰουδαίοις
2831 4417 3024 4486 γέγονε
3065 4418 3396 4485 κατάδηλον,
3427 4418 3532 4472 κᾶν
3568 4417 3832 4472 κατέλευ-

2248 4522 2346 4559 σαν
2373 4506 2469 4578 τὴν
2500 4507 2779 4578 Παρθένον
2811 4508 3245 4580 κακουργοῦντες
3269 4509 3346 4581 τῷ
3384 4509 3696 4583 λεγομένῳ,
3733 4511 3834 4564 καὶ

2250 4598 2497 4668 μοιχείας
2523 4596 2691 4668 αὐτὴν
2719 4598 2937 4669 ἔκριναν
2971 4601 3055 4654 ἄν.
3088 4601 3152 4653 Εἰ
3179 4601 3288 4673 γάρ
3334 4600 3476 4671 ύπέρ
3501 4599 3608 4655 τῶν
3630 4599 3829 4666 ἄλλων,

2245 4680 2320 4740 ὧν
2352 4687 2612 4752 πολλάκις
2661 4689 2754 4742 καὶ
2783 4689 3159 4760 ὑποδείγματα
3208 4688 3350 4761 εἶχον
3379 4693 3438 4744 ἐν
3479 4694 3547 4762 τῇ
3590 4691 3830 4763 Παλαιᾷ,

2245 4779 2495 4851 φανερῶς
2545 4780 2935 4851 ηναισχύντουν
3001 4783 3117 4849 (καὶ
3169 4783 3277 4855 γάρ
3323 4783 3512 4855 ἐπειδὴ
3564 4783 3833 4855 δαίμονας

2244 4869 2487 4934 ἐξέϐαλε,
2537 4871 2875 4943 δαιμονῶντα
2923 4873 3171 4939 ἐκάλουν,
3217 4876 3312 4929 καὶ
3341 4875 3530 4947 ἐπειδὴ
3573 4877 3632 4929 ἐν
3681 4875 3833 4928 Σαϐ-

2246 4963 2396 5033 ϐάτῳ
2433 4962 2823 5034 ἐθεράπευσεν,
2851 4964 3094 5019 ἀντίθεον
3117 4962 3258 5019 εἶναι
3283 4965 3552 5035 ἐνόμιζον,
3585 4966 3834 5036 καίτοιγε

2247 5054 2506 5118 πολλάκις
2558 5057 2648 5110 καὶ
2681 5058 2947 5131 πρότερον
2989 5057 3155 5128 ἐλύθη
3188 5057 3248 5111 rb
3285 5056 3608 5129 Σάϐϐατον),
3641 5058 3693 5111 τί
3728 5059 3836 5113 οὐκ

2247 5146 2310 5200 ἂν
2337 5143 2489 5201 εἷπον
2517 5147 2706 5203 τούτου
2738 5149 3049 5221 λεχθέντος;
3086 5151 3196 5204 Kal
3219 5149 3327 5222 γάρ
3358 5145 3503 5220 εἶχον
3531 5151 3707 5205 πάντα
3733 5151 3832 5204 τὸν

2247 5238 2353 5306 πρὸ
2375 5240 2566 5294 τούτου
2598 5242 3098 5314 συναγωνιζόμενον
3117 5244 3303 5307 αὐτοῖς
3326 5243 3537 5314 καιρὸν,
3567 5242 3835 5297 οὐδέποτέ

2245 5348 2298 5386 τι
2324 5334 2563 5387 τοιοῦτον
2593 5336 2904 5403 ἐνεγκόντα.
2937 5337 3001 5389 Εἰ
3033 5334 3143 5406 γὰρ
3176 5335 3317 5406 μετά
3355 5334 3593 5389 τοσαῦτα
3623 5336 3836 5406 σημεῖα

2244 5422 2324 5476 ἐτι
2354 5423 2515 5477 αὑτὸν
2542 5424 2636 5477 τοῦ
2674 5425 2872 5497 Ἰωσὴφ
2904 5424 3131 5480 ἐκάλουν
3157 5427 3290 5494 υἱὸν,
3326 5426 3446 5491 πῶς
3489 5425 3555 5480 ἂν
3579 5424 3687 5496 πρὸ
3718 5426 3835 5481 τῶν

2248 5516 2491 5586 σημείων
2544 5516 2893 5581 ἐπίστευσαν,
2927 5519 3009 5572 ὅτι
3036 5519 3101 5572 ἐκ
3117 5518 3165 5549 ¹⁰
3198 5517 3479 5590 Παρθένου
3507 5513 3606 5590 ἧνς
3634 5502 3734 5573 Διά
3765 5519 3838 5592 δὴ

2245 5604 2402 5659 τοῦτο
2424 5605 2520 5660 καὶ
2544 5607 2968 5677 γενεαλογείται,
2997 5610 3091 5664 καὶ
3118 5608 3479 5680 μνηστεύεται
3499 5609 3596 5681 τὴν
3613 5609 3837 5681 Παρθέ-

2246 5713 2357 5750 νον.
2388 5697 2563 5751 Ὅπου
2596 5700 2704 5771 γάρ
2746 5701 2776 5752 6
2825 5701 3023 5773 Ἰωσὴφ
3046 5742 3062 5769 ,
3094 5703 3188 5755 καὶ
3229 5700 3439 5766 δίκαιος
3467 5701 3543 5756 ὣν
3572 5701 3668 5756 καὶ
3696 5701 3839 5756 θαυ-

2250 5788 2454 5860 μαστὸς
2486 5790 2660 5862 ἀνὴρ,
2696 5792 2907 5848 πολλῶν
2947 5793 3143 5866 ἐδεήθη
3179 5793 3322 5848 ὥστε
3359 5793 3613 5859 δέξασθαι
3646 5793 3709 5848 rb
3739 5810 3845 5863 γε-

652 5946 695 5978 "
727 5945 878 6019 παρὰ
903 5948 1017 6022 τόν]
1042 5948 1131 6006 Sic
1153 5947 1216 6004 Β.
1246 5947 1310 6004 F.
1343 5949 1447 6007 An.
1479 5950 1629 6005 Arm.
1660 5949 1840 6006 caeleri
1871 5950 1962 6006 rbv
1988 5948 2115 6022 πρό.

2266 5946 2558 6020 γεγένηται
2588 5943 2728 6006 Edd.
2878 5946 2997 6004 οὐδέ
3021 5946 3083 6006 Β.
3130 5946 3208 6029 ’,³⁸
3237 5945 3323 6022 ἐκ]
3350 5948 3446 6004 καὶ
3467 5947 3533 6003 ἐκ
3564 5944 3625 6003 Β.
3661 5942 3725 6001 D.
3748 5942 3823 6002 ιε’.
