4078 6372
231 452 289 500 bi
1380 439 1447 496 IN
1488 435 1838 495 ΜΑΤΤΙΙᾹΞΙ

1970 431 2207 487 nomn
2250 429 2343 486 ιιι.
3420 440 3491 497 3,

227 562 366 613 enim
420 561 517 621 eis,
568 554 769 627 inquit,
827 574 931 611 non
990 556 1185 625 famem
1241 556 1416 626 panis,
1462 544 1629 625 neque
1678 552 1819 609 sitim

228 681 418 736 aqua;
466 665 559 719 sed
614 665 814 734 [amem
865 663 1116 718 audiendi
1167 664 1310 719 verbi
1361 663 1578 718 Domini
1627 662 1823 734 (Amos

228 772 280 826 8.
330 771 454 840 11).
495 769 637 837 Quid
677 780 864 825 autem
905 768 1182 824 infelicius
1225 784 1347 825 esse
1382 770 1577 840 possit,
1630 782 1817 839 quam,

227 893 357 932 eum
388 876 531 931 illud
564 876 713 945 quod
741 875 886 929 Deus
915 884 978 929 ut
1008 890 1226 945 pinnam
1257 875 1649 938 comminatur,
1682 871 1821 927 illud

228 984 412 1053 ipsum
456 983 665 1036 malum
714 989 776 1035 tu
818 990 1012 1051 sponte
1062 982 1116 1036 in
1162 990 1331 1051 caput
1359 989 1516 1035 tuum
1548 980 1820 1045 attrahis,

226 1088 362 1142 dum
386 1088 716 1159 gravissima
739 1086 882 1142 fame
909 1088 1081 1144 afﬁcis
1104 1089 1342 1143 animam
1366 1098 1537 1152 tuam,
1561 1088 1823 1158 illamque

226 1195 491 1249 omnibus
530 1193 893 1250 inﬁrmiorem
926 1195 1157 1249 reddis?
1184 1194 1320 1249 Nam
1361 1211 1391 1249 a
1420 1195 1607 1249 verbis
1640 1192 1733 1249 illa
1767 1200 1824 1248 et

225 1301 513 1370 corrumpi
555 1311 612 1355 et
648 1302 829 1355 sanari
856 1302 1017 1355 solet.
1063 1300 1347 1371 Siquidem
1377 1297 1489 1355 illis
1519 1309 1575 1355 et
1600 1300 1654 1354 in
1686 1298 1824 1354 iram

227 1406 563 1471 concitatur,
594 1416 651 1461 et
680 1415 955 1463 commota
983 1406 1304 1476 mitigatur:
1330 1406 1396 1461 ad
1427 1406 1824 1475 concupiscen-

230 1512 366 1566 tiam
419 1511 689 1566 lascivum
740 1510 950 1565 dictum
1005 1510 1272 1574 incendit,
1308 1518 1365 1563 et
1400 1509 1465 1563 ad
1515 1508 1825 1563 castitatem

227 1618 467 1673 verbum
512 1617 809 1672 honestum
860 1615 1097 1672 reducit.
1156 1615 1214 1670 Si
1261 1615 1409 1669 enim
1458 1628 1640 1669 sermo
1674 1612 1826 1667 solus

188 1692 203 1709 .
231 1730 445 1779 tantam
474 1722 586 1776 vim
609 1722 797 1787 habet,
825 1738 947 1786 cur,
971 1736 1178 1792 quzeso,
1205 1722 1520 1791 Scripturas
1545 1718 1824 1789 despicis?

232 1827 291 1882 Si
321 1844 561 1897 namque
596 1828 1003 1882 admonitiones
1032 1836 1242 1881 tantum
1273 1826 1478 1890 valent,
1507 1825 1682 1879 multo
1708 1838 1823 1879 ma-

233 1932 319 2002 gis
369 1933 592 2001 quando
645 1948 771 1987 cum
827 1932 1298 1987 admonitionibus
1354 1930 1511 1986 adest
1563 1929 1820 2001 Spiritus.

236 2037 455 2091 Etenim
498 2038 728 2092 verbum
760 2053 828 2092 ex
867 2037 1175 2108 Scripturis
1204 2037 1409 2092 divinis
1435 2037 1708 2108 prolatum
1744 2036 1827 2090 in-

234 2142 493 2197 duratam
528 2145 766 2199 animam
802 2145 928 2215 igne
958 2145 1343 2200 vehementius
1376 2144 1606 2208 emollit,
1654 2152 1710 2198 et
1754 2143 1823 2197 ad

234 2248 500 2317 quzelibet
522 2250 667 2304 bona
691 2260 873 2320 aptam
902 2250 1089 2305 eiiicit.
1122 2249 1215 2305 Sic
1242 2265 1367 2305 cum
1400 2250 1601 2304 Paulus
1624 2248 1822 2303 Corin-

236 2353 383 2409 tbios
403 2354 629 2411 inﬂatos
652 2363 710 2410 et
736 2363 1014 2411 tumentes
1036 2372 1157 2411 esse
1182 2356 1652 2426 deprehendisset,
1679 2369 1825 2409 com-

234 2462 440 2531 pressit
480 2477 547 2517 ac
584 2462 950 2517 modesliores
998 2462 1259 2518 reddidit.
1309 2463 1386 2517 De
1428 2462 1634 2532 quibus
1679 2460 1828 2516 enim

235 2566 448 2635 pudore
484 2566 801 2637 ruboreque
831 2568 970 2623 allici
1008 2584 1107 2639 par
1139 2577 1281 2632 erat,
1326 2567 1395 2622 de
1426 2567 1620 2623 iisdem
1652 2567 1824 2621 altum

236 2671 549 2741 sapiebant.
590 2672 697 2726 Sed
738 2680 1030 2743 postquam
1075 2673 1232 2727 Pauli
1272 2672 1559 2743 epistolam
1596 2687 1825 2742 accepe-

239 2786 385 2837 rant.
430 2776 564 2830 audi
613 2778 834 2833 illorum
869 2779 1254 2842 mutationem,
1283 2794 1447 2850 quam
1491 2780 1607 2850 ipse
1638 2779 1831 2833 doctor

238 2880 571 2935 testiﬁcatus
593 2890 679 2936 est
703 2882 793 2938 his
821 2883 1041 2938 verbis:
1063 2883 1174 2937 Hoc
1190 2886 1330 2937 enim
1349 2886 1521 2954 ipsum
1547 2885 1832 2938 secundum

240 2984 415 3039 Deum
455 2989 791 3053 contristari,
832 2998 1094 3059 quantam
1130 2992 1186 3044 in
1219 2991 1359 3045 vobis
1393 3000 1643 3061 aperatur
1680 2990 1833 3045 solli-

240 3091 530 3145 citudinem
557 3108 574 3146 :
604 3094 697 3147 sed
725 3094 1105 3163 defensionem,
1140 3096 1230 3150 sed
1265 3097 1707 3167 indignationem,
1745 3099 1835 3151 sed

242 3194 672 3264 aemulationem,
718 3198 811 3253 sed
857 3200 1147 3254 vindictam
1180 3200 1268 3273 (2.
1317 3199 1440 3255 Cor.
1485 3201 1535 3254 7.
1583 3201 1704 3269 Η).
1744 3199 1835 3254 Sic

1918 552 2172 617 famulos,
2214 551 2375 616 filios,
2411 568 2630 619 uxores,
2676 556 2884 612 amicos
2920 554 3292 619 instituamus.
3322 567 3379 611 et
3422 556 3494 613 de

1921 662 2160 717 inimicis
2187 663 2395 717 amicos
2422 662 2606 718 facere
2628 678 2906 719 curemus.
2932 663 3023 719 Sic
3048 665 3227 734 magni
3260 664 3338 719 illi
3364 665 3493 727 viri.

1920 768 2143 838 Deoque
2177 766 2361 832 amici,
2393 769 2653 824 meliores
2681 768 2863 824 effecti
2893 779 3041 825 sunt.
3079 768 3294 824 Etenim
3326 766 3494 825 David

1921 884 2044 943 post
2097 884 2405 944 peccatum,
2455 874 2614 930 verbi
2670 874 2874 939 fructu,
2931 874 2984 929 in
3032 875 3295 945 Optimam
3348 873 3497 930 illam

1921 979 2192 1035 deductus
2220 988 2306 1035 est
2335 980 2716 1050 penitentiam
2744 979 2819 1049 (2.
2840 979 2970 1049 Reg.
2996 979 3081 1034 i2.
3111 981 3198 1051 l3)
3225 997 3239 1035 :
3264 982 3498 1052 apostoli

1921 1099 2141 1155 quoque
2193 1084 2273 1139 sic
2320 1085 2459 1139 tales
2507 1095 2824 1149 evaserunt,
2878 1084 3069 1155 quales
3118 1087 3394 1153 novimus,
3441 1094 3502 1144 et

1924 1191 2243 1246 universum
2273 1190 2466 1246 orbem
2504 1200 2868 1247 attraxerunt.
2907 1192 3109 1263 Ecquis
3142 1192 3378 1259 fructus,
3413 1192 3501 1248 in~

1923 1298 2101 1368 quies,
2149 1297 2195 1353 si
2241 1298 2367 1368 quis
2412 1298 2619 1364 audiat,
2667 1307 2724 1353 et
2772 1298 2919 1354 dicta
2968 1314 3078 1353 non
3127 1299 3501 1370 exsequatur?

1924 1405 2043 1461 Non
2094 1405 2373 1461 modicum
2422 1413 2571 1461 certe
2622 1420 2690 1459 ex
2738 1405 2930 1460 auditu
2985 1406 3208 1461 accedet
3263 1406 3497 1462 lucrum.

1924 1512 2058 1567 Nam
2083 1513 2130 1567 is
2165 1512 2407 1582 seipsum
2441 1510 2724 1567 damnabit
2756 1520 2811 1566 et
2848 1512 3188 1582 ingemiscat,
3218 1522 3276 1567 et
3305 1527 3371 1566 eo
3403 1511 3504 1566 ali-

1924 1620 2145 1689 quando
2174 1618 2501 1683 deducetur,
2533 1626 2595 1672 ut
2624 1634 2744 1688 qua:
2778 1617 2923 1671 dicta
2951 1626 3082 1671 sunt
3116 1617 3361 1686 impleat.
3397 1616 3502 1683 Qui

1923 1741 2056 1781 vero
2090 1742 2159 1781 ne
2206 1725 2431 1795 quidem
2460 1725 2575 1780 'scit
2611 1740 2679 1779 an
2704 1724 3036 1793 peccaverit,
3063 1722 3284 1792 quando
3312 1738 3345 1777 a
3375 1738 3504 1793 pec-

1930 1830 2107 1887 cando
2136 1830 2404 1886 desistet?
2438 1828 2658 1901 quando
2691 1835 2912 1898 peccata
2947 1827 3231 1882 damnabit
3260 1828 3397 1882 sua?
3425 1826 3505 1882 Ne

1930 1935 2116 2005 itaque
2149 1943 2567 1991 contemnamus
2594 1933 2905 1988 divinarum
2933 1932 3226 1987 lectionem
3257 1931 3507 2003 Scriptu-

1928 2056 2136 2096 rarum.
2174 2042 2300 2097 Haec
2330 2041 2478 2098 enim
2510 2040 2781 2096 diabolica
2818 2051 2904 2095 est
2942 2040 3202 2111 cogitatio
3242 2055 3363 2110 quae
3391 2055 3505 2095 non

1928 2148 2202 2216 permittit
2240 2154 2302 2201 ut
2344 2147 2663 2203 thesaurum
2706 2144 3013 2209 videamus,
3054 2158 3124 2198 nc
3157 2142 3379 2199 divitias
3410 2157 3504 2197 ac-

1928 2255 2234 2325 quiramus.
2256 2254 2385 2309 ldeo
2408 2254 2548 2308 nihil
2574 2268 2695 2307 esse
2718 2251 2855 2306 dicit
2880 2250 3071 2306 audire
3094 2249 3312 2305 divinas
3332 2250 3505 2321 leges,

1929 2378 2000 2417 ne
2029 2378 2097 2417 ex
2126 2361 2319 2416 auditu
2348 2376 2451 2415 nos
2482 2359 2547 2414 ad
2572 2358 2831 2415 effectum
2855 2373 2969 2413 rem
2993 2357 3268 2413 deducere
3296 2355 3507 2412 videat.

1934 2470 2180 2525 Scientes
2204 2469 2390 2540 igitur,
2424 2468 2567 2523 hanc
2590 2468 2709 2538 ejus
2728 2481 2851 2521 esse
2883 2464 3278 2536 nequissimam
3306 2468 3504 2528 artem,

1933 2580 2176 2650 undique
2214 2594 2318 2635 nos
2354 2578 2688 2639 muniamus,
2719 2585 2779 2631 ut
2810 2575 2897 2630 his
2937 2574 3107 2629 armis
3144 2572 3419 2637 instructi,
3450 2578 3510 2627 et

1932 2703 2034 2743 nos
2050 2686 2235 2742 invicti
2258 2699 2576 2739 maneamus
2591 2683 2819 2753 ejusque
2839 2689 3003 2751 caput
3018 2679 3300 2743 feriamus,
3317 2677 3506 2747 sicque

1930 2794 2173 2849 victoria:
2214 2791 2521 2863 insignibus
2558 2789 2831 2852 coronati,
2885 2788 3070 2841 futura
3100 2800 3508 2855 consequamur

1934 2899 2105 2963 bona,
2158 2899 2329 2969 gratia
2387 2905 2442 2951 et
2488 2894 2827 2965 benignitate
2880 2891 3098 2946 Domini
3151 2889 3327 2945 nostri
3378 2889 3509 2953 Iesu

1931 3004 2174 3069 Christi,
2214 3006 2303 3059 cui
2334 3002 2510 3073 gloria
2536 3010 2592 3056 et
2625 2999 2914 3071 imperium
2957 2998 3011 3054 in
3047 2997 3245 3053 sarcula
3285 2996 3514 3053 saeculo-

1940 3128 2087 3168 rum.
2121 3112 2313 3166 Amen.

1654 3817 1995 3880 HOMILIA
2042 3816 2148 3879 ΙΙΙ.

270 4106 397 4164 Car.
451 4106 497 4172 l,
546 4121 600 4159 v.
639 4104 692 4157 Ι.
727 4102 879 4157 Liber
921 4102 1276 4174 generationis
1321 4098 1448 4153 Iesu
1490 4096 1707 4160 Christi,
1758 4092 1857 4161 ﬁlii

748 4208 941 4273 David,
978 4207 1081 4276 ﬁlii
1108 4207 1398 4262 Abraham.

348 4421 398 4473 l.
432 4419 546 4473 Cur
593 4418 839 4490 Iosephi,
889 4434 993 4470 non
1029 4415 1217 4470 Maria:
1260 4412 1569 4485 genealogia
1607 4414 1856 4465 ducatur.

270 4530 502 4583 —Ecce
547 4529 661 4597 jam
709 4524 927 4579 tertiam
972 4523 1456 4588 dissertationem,
1502 4531 1559 4577 et
1595 4519 1860 4588 prooemia

270 4634 519 4690 nondum
566 4630 925 4686 absolvimus.
980 4629 1103 4683 Non
1156 4641 1289 4698 ergo
1335 4626 1540 4681 frustra
1587 4624 1859 4688 dicebam,

270 4739 576 4795 admodum
637 4734 970 4807 profundam
1022 4748 1147 4790 esse
1201 4733 1401 4788 harum
1460 4731 1859 4799 sententiarum

269 4855 551 4901 naturam.
602 4847 715 4915 Age
764 4843 930 4898 hodie
973 4856 1095 4912 qua:
1143 4840 1364 4896 residua
1416 4846 1549 4893 sunt
1593 4837 1859 4892 dicamus.

268 4951 413 5017 Quid
445 4966 582 5020 ergo
607 4951 720 5020 jam
756 4946 1094 5018 querimus?
1128 4945 1241 5002 Cur
1288 4943 1514 5013 Josephi
1546 4942 1862 5014 genealogia

272 5061 532 5121 ducatur,
566 5057 662 5126 qui
696 5055 835 5110 nihil
879 5052 948 5111 ad
987 5052 1398 5124 generationem
1447 5048 1717 5105 contulit?
1744 5047 1863 5103 Jam

268 5180 434 5218 unam
471 5178 697 5217 causam
723 5161 961 5215 diximus
992 5177 1003 5211 :
1035 5173 1216 5228 operae
1237 5155 1479 5227 pretium
1506 5163 1591 5209 est
1615 5162 1677 5209 ut
1702 5152 1863 5208 aliam

269 5268 544 5328 dicamus,
592 5266 770 5337 magis
821 5265 1107 5335 mysticam
1160 5271 1219 5317 et
1272 5276 1551 5316 arcanam.
1605 5257 1865 5326 Quaenam

269 5374 359 5427 illa
406 5373 529 5426 est?
575 5371 813 5426 Nolebat
859 5369 1068 5425 Judaeis
1117 5375 1311 5423 notum
1345 5381 1468 5422 esse
1512 5365 1632 5435 ipso
1676 5372 1867 5435 partus

283 5487 537 5547 tempore
573 5492 639 5531 ex
666 5474 893 5547 Virgine
920 5475 1069 5529 nasci
1094 5472 1397 5529 Christum.
1429 5471 1536 5526 Sed
1573 5486 1642 5526 ne
1677 5470 1867 5526 turbe-

271 5582 406 5637 mini
430 5582 500 5637 de
526 5582 900 5650 inexspectata
924 5579 1303 5648 responsione.
1327 5577 1517 5647 Neque
1537 5576 1684 5631 enim
1709 5591 1866 5631 meus

274 5687 362 5741 hic
390 5696 480 5741 est
518 5700 722 5750 sermo,
754 5683 850 5739 sed
886 5691 1104 5753 patrum
1142 5691 1460 5737 nostrorum
1507 5681 1859 5738 admirando-

273 5809 393 5848 rum
453 5790 867 5863 insigniumque
902 5790 1172 5845 virorum.
1205 5788 1264 5844 Si
1317 5788 1465 5844 enim
1504 5789 1675 5844 multa
1729 5790 1863 5846 sub-

1960 4092 2191 4147 obscure
2220 4091 2290 4146 ab
2315 4090 2473 4144 initio
2503 4092 2764 4159 loquutus
2791 4096 2897 4152 est,
2922 4089 3121 4145 Filium
3146 4090 3389 4143 hominis
3409 4103 3535 4147 sese

1956 4212 2180 4260 vocans,
2210 4210 2314 4250 nec
2344 4194 2551 4264 ubique
2599 4207 2753 4247 suam
2798 4207 2926 4246 cum
2966 4192 3125 4247 Patre
3166 4192 3532 4262 aequalitatem

1959 4305 2104 4359 clare
2154 4303 2424 4367 revelans,
2461 4301 2596 4372 quid
2627 4301 2845 4356 miraris
2894 4300 2939 4357 si
2990 4300 3097 4355 hoc
3142 4300 3306 4356 etiam
3342 4300 3508 4356 adum

1958 4410 2159 4476 bravit,
2190 4425 2385 4480 magna
2416 4408 2651 4478 quadam
2686 4418 2743 4463 et
2768 4407 3008 4463 mirabili
3034 4423 3168 4464 usus
3196 4408 3541 4466 (economia?

1959 4515 2172 4585 Ecquid
2198 4514 2289 4569 hic
2308 4512 2597 4569 mirabile?
2622 4512 2855 4583 inquies.
2869 4513 2940 4569 Ut
2965 4522 3211 4568 servaret
3234 4512 3535 4585 Virginem.

1959 4631 2016 4678 et
2039 4638 2069 4677 a
2104 4637 2269 4693 prava
2300 4621 2612 4691 suspicione
2647 4620 2929 4676 liberaret.
2956 4620 3013 4676 Si
3039 4622 3189 4677 enim
3216 4622 3333 4677 haac
3361 4621 3537 4678 Judaei

1961 4730 2030 4784 ab
2081 4728 2241 4783 initio
2291 4727 2600 4790 audissent,
2647 4726 2889 4797 maligne
2939 4743 3056 4783 rem
3105 4728 3538 4797 interpretantes

1960 4833 2242 4905 Virginem
2270 4833 2623 4903 lapidassent,
2649 4842 2813 4903 atque
2841 4841 2902 4888 ut
2944 4833 3250 4889 adulteram
3279 4834 3537 4891 damnas-

1962 4946 2103 4994 sent.
2136 4937 2272 4992 Nam
2322 4938 2367 4993 si
2415 4938 2471 4993 in
2520 4938 2664 5003 aliis,
2695 4952 2930 5008 quorum
2960 4938 3127 4994 etiam
3154 4941 3401 5012 exempla
3437 4941 3540 4996 ha-

1963 5046 2169 5101 bebant
2194 5048 2249 5101 in
2280 5047 2462 5104 Veteri
2493 5045 2865 5115 Testamento,
2896 5048 3246 5120 impudenter
3272 5052 3448 5121 palam
3478 5066 3538 5108 se

1964 5153 2230 5224 gerebant
2264 5171 2278 5207 :
2306 5153 2352 5208 si
2380 5153 2602 5224 quando
2625 5154 2903 5210 daemonas
2929 5155 3111 5226 ejecit,
3143 5156 3539 5213 daamoniacum

1966 5258 2257 5323 vocabant,
2292 5260 2337 5314 si
2364 5260 2493 5330 quia
2521 5259 2577 5315 in
2607 5260 2836 5315 sabbato
2870 5262 3105 5327 curavit,
3141 5262 3255 5318 Deo
3281 5263 3539 5319 adversa-

1974 5363 2119 5418 rium
2149 5363 2437 5434 putabant,
2462 5364 2679 5421 etiamsi
2707 5376 2869 5421 antea
2898 5366 3186 5422 sabbatum
3219 5382 3363 5438 sape
3389 5368 3535 5422 solu-

1973 5479 2092 5526 tum
2125 5470 2323 5527 fuisset
2350 5489 2364 5525 :
2392 5471 2526 5542 quid
2571 5488 2679 5527 non
2712 5472 2912 5528 dicturi
2947 5483 3125 5539 erant,
3157 5474 3263 5530 hoc
3308 5474 3538 5529 audien-

1974 5580 2092 5633 tes?
2118 5578 2333 5634 Etenim
2361 5594 2462 5650 pro
2502 5579 2637 5650 ipsis
2663 5591 2961 5652 pugnasset
2994 5590 3167 5636 totum
3198 5582 3539 5652 praeteritum

1969 5694 2207 5755 tempus,
2231 5686 2325 5742 ubi
2351 5702 2648 5757 numquam
2678 5688 2811 5757 quid
2838 5687 3015 5743 simile
3035 5696 3248 5760 gestum
3272 5688 3466 5744 fuerat.
3484 5686 3544 5746 Si

1971 5807 2205 5861 namque
2237 5801 2361 5861 post
2389 5802 2468 5849 tot
2497 5792 2649 5865 signa
2682 5793 2837 5848 illum
2889 5792 3072 5849 adhuc
3119 5793 3339 5866 Iosephi
3371 5795 3545 5852 ﬁlium
