4078 6372
511 489 872 560 appellabant,
901 490 1168 561 quomodo
1209 500 1331 546 ante
1371 492 1460 546 illa
1505 495 1650 564 signa
1679 496 1851 565 ipsum
1881 512 1944 551 ex
1981 497 2099 553 Vir-

507 583 630 652 gine
661 591 839 637 uatum
867 583 1222 640 credidissent
1250 585 1274 639 ?
1315 584 1440 642 Ideo
1483 587 1662 657 itaque
1701 588 1819 658 ejus
1847 591 2098 660 geneaio—

508 676 592 744 gia
630 674 873 741 ducitur,
900 676 1279 748 Virginemque
1324 678 1632 748 desponsat.
1680 680 1904 748 Quando
1954 685 2097 739 enim

509 763 728 834 .loseph,
773 767 856 819 vir
895 766 1068 835 justus
1099 777 1153 822 et
1194 768 1576 836 admirandus,
1627 771 1808 826 multis
1836 787 1971 842 opus
2003 775 2098 829 ha-

508 858 643 924 buit,
673 871 730 912 ut
757 861 898 928 quod
927 872 1132 930 gestum
1173 872 1291 917 erat
1319 863 1599 928 edisceret,
1628 865 1851 934 angelo,
1891 869 2096 925 visione

509 965 605 1018 per
634 966 880 1005 somnum
911 994 926 1018 ,
957 961 1013 1008 et
1044 955 1421 1022 prophetarum
1453 957 1788 1024 testimonio;
1829 962 2096 1030 quomodo

507 1042 673 1096 Judmi
702 1045 939 1112 perversi
972 1055 1028 1099 et
1064 1047 1320 1116 corrupti,
1345 1056 1398 1102 et
1427 1048 1502 1103 illi
1533 1048 1750 1117 infensi,
1780 1049 1916 1107 hanc
1939 1069 2093 1108 exce-

504 1136 708 1204 pissent
756 1136 1106 1206 opinionem?
1156 1139 1457 1194 Admodum
1500 1141 1642 1196 enim
1688 1141 1807 1198 illos
1853 1158 1941 1198 res
1988 1153 2093 1200 tam

513 1249 646 1288 nova
672 1274 686 1299 ,
712 1242 822 1288 tam
851 1234 1207 1302 inexspectata
1251 1231 1624 1303 perturbatum
1654 1245 1802 1301 erat,
1846 1253 1910 1292 eo
1954 1239 2096 1306 quod

507 1325 903 1394 progenitorum
944 1339 1161 1378 suorum
1208 1338 1323 1378 aevo
1371 1323 1504 1378 nihil
1534 1325 1834 1394 hujusmodi
1888 1339 2095 1398 gestum

505 1432 755 1485 umquam
786 1416 990 1470 fuisset.
1019 1415 1226 1470 Etenim
1249 1415 1336 1485 qui
1363 1417 1530 1471 semel
1553 1417 1779 1472 credidit
1805 1419 1954 1474 illum
1977 1435 2097 1475 esse

507 1508 599 1562 Dei
623 1508 838 1572 Filium,
861 1507 990 1562 nihil
1019 1507 1118 1561 hac
1141 1507 1209 1561 de
1235 1523 1295 1562 re
1316 1509 1584 1578 ambigere
1603 1507 1787 1564 debuit
1810 1529 1822 1564 :
1851 1511 1941 1580 qui
1968 1526 2098 1566 vero

505 1599 655 1652 illum
701 1599 1040 1652 seductorem
1068 1609 1122 1652 et
1165 1599 1273 1653 Deo
1317 1599 1682 1653 adversarium
1727 1601 2093 1668 exisﬁmarct,

505 1689 773 1759 quomodo
817 1705 922 1745 non
956 1689 1054 1744 hac
1097 1688 1166 1744 de
1202 1704 1261 1744 re
1289 1691 1457 1759 magis
1499 1689 1892 1755 oll'enderetur,
1923 1693 2010 1762 qui
2043 1694 2095 1747 iu

505 1781 650 1835 illam
684 1796 786 1835 non
816 1782 1169 1835 deduceretur
1210 1781 1515 1850 opinionem
1541 1783 1563 1835 ?
1593 1781 1823 1853 Ideoque
1871 1785 2101 1854 apostoli

508 1873 611 1929 hoc
638 1874 814 1928 Statim
844 1874 911 1927 ah
934 1874 1081 1927 initio
1109 1889 1213 1927 non
1235 1873 1420 1929 dicunt
1438 1916 1451 1937 ,
1483 1875 1578 1929 sed
1611 1875 1679 1930 de
1705 1878 2095 1933 resurrectione

507 1967 671 2020 multa
710 1981 851 2036 saepe
899 1966 1202 2032 disserunt,
1255 1968 1407 2036 cujus
1445 1968 1555 2036 jam
1594 1971 1840 2039 exempla
1887 1969 2096 2026 fuerant

507 2060 790 2128 praeteritis
843 2061 1198 2130 temporibus,
1247 2062 1345 2115 etsi
1377 2077 1482 2115 non
1513 2060 1637 2116 huic
1686 2063 1878 2116 similia
1911 2082 1922 2116 :
1955 2065 2093 2133 quod

509 2162 684 2208 autem
707 2153 774 2208 de
788 2152 1007 2223 Virgine
1033 2162 1186 2206 natus
1215 2153 1302 2217 sit,
1329 2167 1436 2208 non
1458 2153 1527 2206 ita
1550 2154 1852 2224 frequenter
1877 2155 2054 2210 dicunt
2079 2172 2093 2221 ;

508 2245 600 2300 sed
647 2260 819 2314 neque
867 2253 1036 2299 mater
1061 2244 1113 2298 id
1138 2253 1219 2296 cst
1247 2259 1374 2298 ausa
1405 2244 1660 2312 proferre.
1694 2245 1827 2302 Vide
1869 2263 2097 2317 namque

508 2337 636 2406 quid
661 2336 738 2391 illi
768 2335 926 2407 Virgo
953 2336 1093 2392 dicat
1125 2355 1137 2390 :
1171 2333 1303 2389 Ecce
1343 2353 1432 2406 ego
1461 2347 1506 2388 et
1534 2346 1676 2406 pater
1701 2348 1816 2391 tuus
1840 2340 2100 2409 qua’reba-

508 2447 622 2486 mus
651 2428 889 2499 te(Luc.
916 2429 971 2482 2.
999 2427 1127 2495 48).
1178 2427 1310 2482 Nam
1361 2429 1405 2482 si
1452 2429 1581 2482 illud
1638 2430 1692 2483 iu
1737 2431 2095 2500 su5picioncm

509 2522 779 2586 venisset,
834 2536 1007 2590 neque
1057 2520 1269 2575 Davidis
1298 2519 1514 2574 demum
1558 2520 1693 2575 filius
1719 2537 1835 2576 esse
1864 2523 2098 2579 creditus

512 2615 727 2668 fuisset:
753 2615 850 2669 hac
890 2627 1047 2683 porro
1075 2613 1278 2668 sublata
1323 2613 1601 2680 opinione,
1632 2613 1795 2667 multa
1834 2617 1934 2670 alia
1965 2617 2096 2670 sub-

512 2708 713 2762 uritura
758 2705 896 2760 mala
937 2713 1111 2760 erant.
1138 2705 1424 2775 Propterea
1455 2722 1520 2760 ne
1549 2706 1644 2776 ipsi
1677 2706 1892 2775 quidem
1920 2708 2094 2777 angeli

516 2798 648 2851 illud
689 2796 897 2860 dicunt,
943 2796 1049 2850 nisi
1087 2794 1270 2851 Mariae
1309 2806 1517 2852 tantum
1555 2806 1608 2851 et
1651 2795 1920 2866 Joscpho;
1965 2813 2090 2851 cum

514 2891 643 2942 vit-ro
680 2889 991 2957 pastoribus
1031 2885 1210 2943 fausta
1264 2891 1597 2955 nuntiarent,
1648 2889 1699 2943 id
1745 2889 1967 2943 minime
2005 2890 2095 2944 ad-

511 2979 779 3048 jecerunt.
846 2979 957 3034 Cur
1015 2979 1288 3034 Abraham
1353 2991 1695 3045 memorato,
1740 2996 1864 3036 cum
1918 2981 2091 3038 dixis-

515 3081 618 3134 sct,
657 3071 845 3142 genuit
878 3073 1049 3138 Isaac,
1077 3082 1132 3127 et
1165 3073 1321 3129 Isaac
1350 3072 1540 3139 Jacob,
1576 3091 1676 3129 nec
1710 3074 1931 3131 fratrem
1955 3078 1970 3107 ¹
1995 3077 2089 3131 Ja-

513 3163 637 3217 cobi
660 3165 1017 3229 nominasset,
1052 3181 1178 3220 cum
1224 3167 1290 3220 ad
1314 3166 1580 3222 Jacobum
1617 3176 1805 3236 postea
1842 3169 2006 3234 venit,
2039 3179 2093 3223 et

512 3250 706 3306 Judam
728 3263 782 3309 et
803 3255 1001 3312 fratres
1018 3258 1138 3326 ejus
1161 3266 1552 3311 commemorat
1575 3256 1598 3307 ?

580 3423 636 3479 2.
676 3423 901 3493 Quidam
947 3421 1158 3480 dicunt.
1199 3418 1253 3472 id
1305 3416 1374 3471 ob
1416 3428 1612 3486 pravos
1654 3413 1796 3467 Esau
1824 3425 2002 3466 mores
2049 3415 2106 3463 et

513 3515 743 3570 aliorum
791 3514 1026 3583 priorum
1072 3509 1271 3565 factum
1301 3522 1442 3562 esse.
1493 3507 1608 3576 Ego
1652 3519 1782 3559 vero
1837 3503 1965 3558 illud
1995 3518 2102 3557 non

510 3604 737 3659 dixerim
767 3621 780 3656 :
813 3619 933 3657 nam
961 3602 1004 3657 si
1033 3601 1134 3655 hoc
1158 3608 1323 3662 esset,
1351 3613 1447 3653 cur
1478 3597 1610 3652 tales
1634 3596 1792 3666 paulo
1830 3604 1949 3665 post
1980 3610 2101 3649 mu-

512 3696 671 3751 lieres
691 3693 1110 3749 commemorat?
1150 3691 1279 3746 Nam
1302 3690 1465 3761 gloria
1489 3689 1604 3758 ejus
1627 3689 1713 3742 hic
1733 3703 1799 3742 ex
1820 3685 2102 3741 contrariis

508 3786 762 3841 eluccscit
788 3804 801 3816 ·
832 3801 938 3840 non
965 3800 1029 3838 ex
1057 3799 1123 3838 eo
1153 3782 1294 3853 quod
1323 3796 1543 3851 magnos
1570 3779 1763 3834 habeat
1793 3779 2099 3848 progenito-

513 3893 633 3944 res,
665 3877 760 3932 scd
802 3879 974 3946 potius
1017 3877 1236 3946 exiguos
1265 3885 1318 3930 et
1348 3875 1494 3929 viles.
1536 3873 1760 3929 Sublimi
1803 3873 1945 3927 enim
1985 3871 2102 3927 hmc

510 3985 700 4042 magna
742 3971 910 4041 gloria
940 3978 1060 4035 est,
1107 3970 1152 4024 si
1198 3969 1364 4038 possit
1414 3968 1679 4022 demissus
1709 3967 1993 4022 admodum
2045 3976 2101 4021 et

509 4063 632 4117 vilis
659 4076 916 4133 apparere
950 4081 962 4116 :
997 4077 1094 4116 cur
1118 4061 1299 4130 itaque
1325 4075 1430 4115 non
1459 4059 1940 4114 commemoravit?
1966 4058 2099 4125 Quia

510 4155 644 4210 nihil
671 4169 955 4210 commune
984 4153 1252 4209 habebant
1279 4152 1354 4207 illi
1391 4167 1511 4207 cum
1549 4151 1838 4207 lsraelitico
1860 4167 2055 4223 genere
2081 4192 2096 4215 ,

508 4261 700 4314 nempe
727 4245 1018 4312 Saraceni,
1051 4243 1333 4300 lsmaelitte
1381 4253 1434 4299 et
1472 4242 1676 4298 Arabes
1696 4285 1710 4309 ,
1743 4253 1798 4298 et
1839 4247 2100 4314 Quotquot

507 4336 574 4389 ab
596 4324 1018 4406 illis'majoribus
1048 4335 1150 4390 orti
1180 4345 1325 4390 sunt.
1349 4335 1578 4405 ideoque
1609 4335 1714 4390 illis
1741 4335 1953 4390 silentio
1970 4336 2071 4389 mis

506 4429 613 4493 sis,
644 4429 709 4482 ad
736 4428 853 4498 ejus
878 4438 934 4483 et
961 4427 1167 4484 Judaici
1195 4427 1374 4499 populi
1401 4427 1630 4497 majores
1655 4437 1923 4498 prOperat.
1970 4427 2096 4483 Ideo

505 4519 578 4573 ait
611 4537 625 4573 :
665 4518 826 4574 Jacob
854 4530 1021 4576 autem
1067 4522 1239 4592 genuit
1283 4519 1479 4573 Judam
1518 4529 1564 4574 et
1589 4519 1772 4590 fratres
1818 4521 1947 4590 ejus.
1997 4519 2096 4576 Hic

502 4609 611 4679 jam
638 4610 942 4666 Judzcorum
971 4613 1280 4684 designatur
1318 4613 1564 4682 populus.
1608 4610 1777 4668 ludas
1807 4621 1972 4668 autent
2007 4630 2097 4683 ge-

505 4703 614 4756 nuit
640 4701 839 4758 Phares
875 4713 922 4758 et
950 4703 1136 4758 Zaram
1161 4703 1225 4758 de
1251 4703 1499 4758 Thamar.

572 4891 652 4945 De
693 4894 945 4962 majorum
991 4891 1214 4961 nequitia
1260 4908 1358 4944 non
1403 4889 1810 4945 erubescendum.
1841 4920 1912 4931 -
1947 4890 2087 4959 Quid

499 4981 662 5047 facis,
690 4987 760 5038 mi
795 4988 954 5038 homo
978 5027 992 5047 ,
1033 4985 1158 5038 dum
1188 4983 1461 5038 historiam
1506 4984 1664 5038 affers
1703 4984 1928 5054 improbi
1975 4986 2088 5039 coi-

498 5076 628 5130 tus?
652 5072 794 5140 Quid
822 5070 994 5128 dicis?
1024 5072 1219 5143 inquit.
1246 5075 1404 5130 Certe
1425 5077 1467 5129 si
1512 5076 1635 5131 nudi
1664 5076 1893 5133 hominis
1919 5092 2086 5146 genus

496 5182 901 5233 enarraremus,
943 5168 1064 5238 jure
1107 5168 1226 5238 quis
1261 5167 1376 5222 haec
1421 5169 1698 5231 tacuisset;
1729 5170 1773 5224 si
1800 5178 1975 5225 autem
2004 5171 2086 5225 in-

495 5261 698 5315 carnati
723 5261 852 5324 Dei,
875 5277 982 5316 non
1023 5261 1184 5316 modo
1216 5261 1328 5315 haec
1353 5277 1456 5315 non
1489 5261 1710 5316 tacenda
1735 5303 1751 5329 ,
1803 5262 1896 5318 sed
1921 5263 2082 5318 etiam

497 5353 776 5424 magnifice
806 5354 1167 5424 expromenda
1195 5364 1342 5422 sunt,
1365 5365 1424 5408 ut
1449 5353 1565 5424 ejus
1594 5363 1650 5410 et
1679 5356 2011 5423 providentia
2031 5366 2085 5413 et

498 5456 732 5517 potestas
759 5447 1088 5503 ostendatur.
1133 5448 1256 5502 ideo
1301 5464 1529 5518 namque
1559 5448 1738 5513 venit,
1769 5463 1874 5504 non
1905 5461 1964 5504 ut
1986 5466 2085 5520 op-

499 5539 711 5606 probria
757 5546 942 5594 nostra
986 5539 1188 5611 fugiat;
1239 5540 1333 5596 sed
1379 5547 1437 5594 ut
1478 5540 1568 5594 illa
1593 5540 1661 5597 de
1703 5540 1881 5597 medio
1911 5543 2080 5599 tollat.

574 5726 590 5756 ¹
625 5725 762 5776 savil.
785 5725 925 5790 legit,
955 5729 1159 5781 Domini.

423 385 428 393 '
508 379 580 432 55
1223 392 1278 447 S.
1311 391 1587 450 JOANNIS
1625 391 2097 449 CIIRYSOSTOMI
2134 393 2450 449 ARCIIIEP.
2492 395 3022 455 (IONSTANTINOP.
3719 400 3788 455 ’54

2201 495 2348 550 Sicut
2377 511 2482 550 non
2512 504 2618 549 tam
2648 497 3005 557 admiramur,
3037 497 3177 567 quod
3207 506 3452 554 mortuus
3481 500 3587 564 sit,
3629 516 3791 570 quam

2199 586 2341 655 quod
2367 587 2682 651 crucifixus;
2709 587 2830 641 licet
2853 603 2938 641 res
2966 589 3218 656 probrosa
3249 590 3318 642 sit
3343 608 3354 642 :
3387 590 3482 644 sed
3517 607 3624 661 quo
3670 607 3795 660 pro-

2200 676 2442 744 brosior,
2502 687 2649 733 tanto
2698 680 2866 746 magis
2917 680 3032 746 ejus
3085 695 3209 750 erga
3254 680 3500 734 homines
3549 698 3788 739 amorem

2195 767 2463 824 exhibet:
2509 768 2586 822 sic
2632 767 2700 822 de
2753 769 3096 837 generatione
3143 767 3262 836 ejus
3303 767 3633 826 dicendum:
3681 787 3790 827 non

2200 860 2361 916 modo
2385 859 2527 930 quod
2556 875 2772 915 carnem
2795 860 3096 929 susceperit
3127 859 3473 916 admirandus
3520 870 3640 925 est;
3692 865 3790 918 sed

2197 953 2362 1006 etiam
2389 952 2530 1021 quod
2560 951 2693 1008 tales
2721 951 2918 1006 habere
2943 961 3199 1022 cognatos
3225 953 3473 1023 dignatus
3522 955 3622 1019 sit,
3663 969 3795 1008 nus-

2197 1063 2353 1115 quam
2391 1047 2460 1103 de
2497 1047 2652 1102 malis
2673 1047 2870 1102 nostris
2896 1046 3158 1117 susceptis
3183 1047 3524 1103 erubescens.
3552 1046 3794 1116 llludqnc

2195 1156 2259 1194 ex
2293 1141 2410 1211 ipso
2446 1140 2806 1210 generationis
2837 1139 3058 1195 exordio
3088 1141 3431 1209 prtedicavit,
3462 1156 3522 1196 se
3547 1141 3614 1195 de
3638 1141 3792 1195 nullo

2194 1233 2336 1301 quod
2362 1232 2429 1287 ad
2456 1247 2553 1287 nos
2581 1233 2841 1302 pertineat
2885 1234 3204 1288 erubescere
3229 1252 3244 1287 :
3273 1248 3367 1302 per
3392 1232 3506 1287 haec
3533 1249 3628 1288 nos
3655 1236 3793 1289 edn-

2194 1339 2358 1389 cens,
2403 1339 2468 1378 ne
2496 1339 2745 1394 umquam
2785 1323 2853 1378 de
2895 1340 3152 1394 majorum
3201 1334 3506 1379 nostrorum
3552 1327 3788 1394 nequitia

2192 1417 2605 1482 erubescamus;
2652 1416 2746 1471 sed
2778 1431 2936 1470 unam
2977 1417 3150 1470 solum
3176 1432 3477 1486 quaeramus
3511 1418 3786 1471 virtutem.

2191 1509 2324 1564 Nam
2349 1512 2436 1580 qui
2464 1511 2607 1563 illam
2640 1517 2892 1574 sectatur,
2917 1511 3124 1563 etiamsi
3154 1509 3506 1578 alienigenam
3538 1510 3789 1578 progeni-

2192 1616 2362 1656 torem
2390 1601 2602 1666 habeat,
2627 1600 2838 1656 etiamsi
2889 1608 3115 1654 matrem
3168 1601 3524 1663 meretricem,
3565 1600 3649 1654 vel
3677 1599 3787 1654 alio

2193 1695 2354 1750 modo
2383 1694 2801 1764 despiciendam,
2834 1692 2966 1746 nihil
3005 1691 3130 1745 hinc
3176 1691 3478 1746 nocumenti
3529 1705 3786 1760 passurus

2191 1798 2293 1844 est.
2325 1787 2456 1842 Nam
2487 1787 2531 1841 si
2562 1786 2958 1849 fornicatorem,
2990 1784 3080 1854 qui
3108 1783 3412 1852 resipuerit,
3459 1783 3606 1837 nullo
3637 1783 3788 1852 prior

2189 1883 2296 1936 vita
2318 1880 2581 1936 dedecore
2596 1879 2764 1933 afficit
2795 1895 2810 1931 :
2841 1877 3008 1931 multo
3030 1877 3202 1930 minus
3224 1876 3304 1929 vir
3324 1877 3540 1946 probus,
3570 1891 3635 1929 ex
3663 1891 3784 1931 me-

2189 1975 2384 2030 retrice
2407 1973 2488 2027 vel
2515 1972 2752 2026 adultera
2771 1979 2945 2036 natus,
2969 1977 3248 2038 parentum
3267 1966 3603 2036 improbitate
3625 1966 3786 2021 deho-

2191 2065 2504 2121 nestabitur.
2551 2062 2640 2118 Sic
2682 2075 2840 2130 porro
2862 2075 2920 2115 se
2948 2059 3186 2130 gerebat,
3215 2073 3320 2113 non
3370 2067 3572 2111 tantum
3602 2067 3658 2112 ut
3683 2073 3784 2113 nos

2188 2159 2506 2222 institueret,
2536 2156 2627 2211 sed
2647 2156 2806 2210 etiam
2824 2163 2883 2209 ut
2903 2153 3206 2208 Iudaeorum
3229 2162 3488 2206 tumorem
3511 2152 3785 2221 deprime-

2187 2250 2438 2318 ret.Quia
2467 2249 2608 2304 enim
2652 2245 2815 2300 animi
2857 2245 3053 2299 virtute
3082 2242 3321 2313 neglecta
3357 2285 3372 2307 ,
3418 2242 3782 2297 Abrahamum

2189 2357 2404 2411 semper
2432 2354 2525 2394 ore
2567 2336 2844 2401 ferebant,
2883 2343 3135 2406 putantes
3161 2337 3478 2403 proavorum
3531 2336 3782 2388 virtutem

2188 2433 2482 2489 defensioni
2514 2431 2611 2484 sibi
2641 2445 2780 2494 esse,
2803 2428 2870 2481 ab
2893 2428 3007 2496 ipso
3035 2427 3185 2480 initio
3210 2425 3462 2490 ostendit,
3485 2425 3607 2481 hinc
3625 2427 3785 2480 mini-

2188 2545 2274 2584 mc
2294 2529 2514 2598 gloriam
2540 2525 2789 2594 aucupari
2813 2530 3062 2590 oportere
3084 2562 3099 2585 ,
3139 2519 3233 2575 sed
3273 2519 3342 2574 de
3365 2521 3595 2590 propriis
3635 2532 3783 2575 recte

2187 2622 2358 2676 factis.
2381 2621 2510 2675 Post
2529 2617 2644 2672 haec
2669 2615 2795 2670 illud
2821 2629 3033 2686 quoque
3055 2612 3182 2683 agit,
3216 2621 3274 2666 ut
3314 2613 3560 2667 ostendat
3591 2628 3783 2668 omnes

2187 2713 2418 2784 peccatis
2438 2709 2697 2765 obnoxios
2717 2706 2904 2770 fuisse,
2928 2707 3194 2774 etiamque
3217 2719 3444 2774 proavos
3465 2705 3625 2774 ipsos.
3644 2705 3778 2759 Nam

2186 2806 2298 2876 ipse
2322 2801 2643 2875 patriarcha,
2665 2800 2754 2870 qui
2776 2813 2968 2853 nomen
2990 2797 3177 2850 indidit
3192 2797 3359 2866 genti,
3380 2813 3484 2850 non
3509 2797 3777 2850 modicum

2187 2901 2240 2952 in
2269 2904 2550 2968 peccatum
2581 2893 2762 2961 lapsus
2791 2900 3074 2943 narratur:
3098 2899 3204 2940 Stat
3231 2888 3375 2942 enim
3404 2888 3636 2941 Thamar
3661 2887 3781 2957 ejus

2187 2991 2590 3048 fornicationem
2619 2997 2876 3040 accusans
2901 2998 2914 3047 ;
2946 2981 3110 3036 David
3158 2996 3370 3052 quoque
3394 2995 3458 3036 ex
3483 2980 3779 3034 adulterata

2185 3084 2409 3141 muliere
2429 3080 2768 3134 Salomonem
2789 3071 3042 3140 suscepit.
3061 3070 3117 3126 Si
3139 3085 3299 3140 porro
3319 3071 3405 3126 lex
3425 3086 3492 3126 ne
3513 3086 3542 3124 a
3569 3072 3778 3140 magnis

2191 3165 2406 3235 quidem
2423 3164 2526 3218 illis
2544 3164 2672 3220 viris
2690 3163 2905 3232 impleta
2931 3172 3034 3223 est,
3056 3161 3226 3216 multo
3243 3161 3418 3215 minus
3447 3161 3514 3213 ab
3538 3161 3781 3226 exiguis;

2193 3257 2234 3310 si
2257 3267 2432 3310 autem
2463 3254 2676 3324 impleta
2703 3269 2809 3307 non
2840 3261 2943 3315 est,
2969 3267 3154 3306 omnes
3181 3260 3555 3319 peccaverunt,
3588 3267 3650 3304 ac
3678 3268 3778 3304 ne-

2192 3346 2459 3399 cessarius
2503 3344 2601 3398 fuit
2629 3343 2826 3397 Christi
2856 3343 3134 3397 adventus.
3168 3342 3453 3411 Propterea
3498 3341 3783 3395 duodecim

2194 3436 2521 3504 patriarchas
2566 3435 3035 3500 commemoravit-,
3068 3433 3191 3488 inde
3235 3448 3444 3503 quoque
3469 3433 3782 3503 jactantiam

2195 3529 2338 3582 illam
2379 3527 2449 3583 de
2493 3527 2892 3598 progenitorum
2940 3525 3216 3599 nobilitate
3264 3524 3590 3595 deprimens.
3646 3523 3783 3578 Nam

2193 3619 2382 3673 horum
2407 3620 2556 3674 multi
2583 3634 2650 3674 ex
2681 3617 2888 3672 ancillis
2921 3617 3031 3670 nati
3071 3624 3263 3671 erant:
3294 3627 3348 3671 et
3379 3625 3555 3669 tamen
3588 3630 3784 3684 paren-

2194 3721 2304 3764 tum
2333 3710 2420 3764 illa
2449 3709 2749 3764 differentia
2777 3707 3133 3762 differentiam
3168 3707 3306 3761 inter
3345 3706 3482 3760 filios
3510 3722 3616 3760 non
3642 3705 3786 3759 intu-

2195 3802 2271 3855 lit.
2295 3800 2494 3856 Omnes
2515 3801 2656 3855 enim
2688 3799 2844 3854 simul
2868 3806 3022 3853 erant
3051 3808 3103 3852 et
3125 3796 3442 3866 patriarcha:
3465 3805 3522 3850 et
3550 3797 3781 3851 tribuum

2198 3895 2487 3963 principes.
2520 3893 2609 3946 llla
2632 3892 2827 3961 quippe
2853 3899 2936 3945 est
2967 3889 3220 3943 Ecclesiae
3249 3888 3594 3958 praerogativa
3621 3907 3634 3939 :
3665 3887 3786 3942 lucc

2193 3985 2330 4052 apud
2353 3999 2451 4038 nos
2471 3991 2554 4038 est
2579 3981 2868 4036 nobilitatis
2889 3979 3264 4050 dignitatisque
3289 3979 3446 4044 ratio,
3475 3978 3628 4047 cujus
3651 3978 3780 4032 olim

2191 4075 2356 4145 ﬁgura
2384 4073 2674 4144 praecessit.
2705 4071 2780 4126 Ita
2809 4072 2922 4126 sive
2951 4084 3167 4133 servus,
3210 4070 3322 4124 sive
3353 4069 3489 4123 liber
3516 4069 3622 4134 sis,
3646 4067 3784 4122 nihil

2194 4169 2312 4238 plus
2335 4211 2350 4234 ,
2381 4167 2511 4221 nihil
2537 4166 2712 4220 minus
2742 4163 2958 4225 habeas,
2989 4161 3084 4216 sed
3111 4177 3273 4216 unum
3315 4159 3560 4230 estquod
3581 4162 3782 4230 quzcri-

2195 4270 2280 4313 tur
2297 4301 2311 4322 ,
2349 4258 2592 4312 voluntas
2617 4255 2888 4324 animique
2914 4267 3115 4308 mores.

2265 4352 2317 4408 3.
2358 4351 2460 4406 Cur
2483 4349 2619 4405 Zara
2648 4359 2694 4403 et
2722 4349 2920 4403 Phares
2965 4349 3017 4401 in
3055 4347 3349 4418 genealogia
3387 4346 3576 4401 Christi
3617 4349 3785 4402 nomi-

2194 4454 2398 4498 nantur.
2423 4474 2491 4484 -—
2511 4443 2714 4497 Prarter
2733 4455 2795 4495 ea
2818 4455 2937 4508 qua:
2965 4439 3106 4495 dicta
3149 4448 3293 4505 sunt,
3335 4439 3438 4493 alia
3479 4453 3640 4492 causa
3681 4439 3784 4494 fuit

2196 4535 2308 4589 haec
2350 4531 2803 4589 commemorandi
2839 4549 2850 4584 :
2880 4546 3053 4600 neque
3095 4529 3237 4583 enim
3283 4531 3400 4584 sine
3453 4545 3612 4584 causa
3660 4541 3784 4598 post

2193 4627 2392 4682 Phares
2418 4625 2628 4679 additus
2653 4631 2813 4678 estet
2839 4623 2995 4676 Zara.
3044 4621 3173 4675 Erat
3212 4621 3354 4674 enim
3401 4620 3706 4674 redundans
3727 4631 3784 4677 et

2193 4719 2517 4789 Superflunm
2561 4726 2683 4788 post
2730 4722 3207 4770 commemoratum
3255 4712 3507 4775 Pharem,
3561 4727 3626 4766 ex
3669 4727 3782 4781 quo

2191 4811 2388 4867 Christi
2420 4813 2436 4842 ¹
2463 4809 2773 4880 genealogia
2801 4807 3030 4868 ducitur,
3065 4805 3218 4859 Zarm
3243 4804 3405 4859 etiam
3424 4805 3601 4858 facere
3628 4819 3785 4858 men-

2195 4906 2410 4959 tionem.
2434 4901 2541 4957 Cur
2565 4916 2694 4970 ergo
2717 4908 2767 4955 et
2793 4899 2936 4952 hunc
2965 4896 3316 4951 memoravit?
3341 4895 3474 4950 Cum
3503 4895 3600 4948 hos
3635 4897 3782 4963 pari-

2194 5006 2308 5050 tura
2340 4994 2570 5048 Thamar
2608 5000 2769 5057 esset,
2814 4989 3132 5044 adveniente
3179 4997 3352 5056 partu,
3399 4985 3534 5040 Zara
3578 4986 3783 5056 primus

2193 5101 2406 5140 manum
2437 5084 2616 5139 emisit
2641 5099 2673 5137 e
2700 5083 2854 5136 vulva
2886 5101 2899 5135 :
2931 5079 3033 5133 hoc
3061 5087 3350 5148 conspecto
3394 5077 3655 5132 obstetrix
3677 5119 3692 5140 ,
3725 5088 3784 5132 ut

2193 5176 2284 5230 ille
2314 5175 2459 5245 prior
2485 5182 2818 5237 nasceretur,
2847 5171 3094 5226 coccinea
3123 5169 3286 5224 fascia
3310 5183 3525 5222 manum
3565 5169 3682 5236 ejus
3712 5169 3781 5221 li-

2191 5268 2366 5337 gavit;
2392 5278 2450 5321 ut
2477 5281 2637 5335 porro
2669 5265 2824 5334 ligata
2852 5263 2969 5328 fuit,
3000 5262 3218 5316 retraxit
3243 5274 3376 5329 puer
3407 5275 3643 5322 manum,
3673 5275 3782 5328 quo

2193 5359 2333 5414 facto
2357 5373 2604 5429 egressus
2636 5365 2716 5411 est
2742 5354 2965 5420 Phares,
3008 5361 3062 5407 et
3103 5361 3288 5420 postea
3317 5349 3472 5404 Zara.
3502 5349 3614 5404 Hoc
3641 5365 3781 5404 cnn-

2193 5459 2378 5518 specto
2407 5446 2662 5503 obstetrix
2690 5447 2800 5500 ait:
2824 5443 2993 5511 Quare
3022 5451 3225 5512 prapter
3253 5451 3300 5494 te
3337 5441 3503 5493 excisa
3535 5449 3608 5494 est
3638 5457 3783 5510 sepe:

2194 5540 2346 5608 (Gen.
2373 5539 2464 5596 38.
2489 5538 2620 5610 29)?
2645 5536 2828 5594 Viden’
2848 5534 3220 5608 mysteriorum
3245 5531 3564 5602 ’migmata?
3596 5530 3783 5601 Neque

2269 5729 2283 5758 ι
2313 5721 2460 5774 Savil.
2492 5720 2636 5786 legit,
2668 5723 2871 5774 Domini.
