4078 6372
474 349 545 412 55
1189 358 1245 412 8.
1284 356 1564 418 ,ΙΟᾹΝΝΙΞ
1601 361 1737 418 CIIR
1753 360 2073 419 YSOSTOMI
2110 363 2426 424 ARCHIEP.
2465 369 2994 427 CONSTANTINOP.
3683 375 3752 432 δί’

475 445 684 499 ἐκείνου
713 444 983 519 προῆλθεν
1011 447 1039 500 6
1065 446 1260 518 Φαρὲς,
1301 449 1396 501 καὶ
1437 453 1556 502 τότε
1595 453 1624 503 6
1655 449 1822 520 Ζαρά.
1868 449 2054 504 Ταύτα
2156 449 2473 520 ἐφρόνησεν,
2502 448 2625 503 οὔτε
2665 450 2763 522 τήν
2797 451 3110 520 δυσγένειαν
3155 453 3507 520 ἐϐδελύξατο·
3548 455 3736 529 ὥσπερ

479 539 661 598 ἰδοῦσα
687 541 720 609 ή
756 539 892 610 μαῖά
922 557 1054 612 φησι
1076 557 1089 571 ⁸
1130 542 1192 597 Τί
1223 541 1468 611 διεκόπη
1503 544 1600 600 διὰ
1639 544 1716 599 σὲ
1751 547 2054 616 φραγμός;
2155 541 2250 596 οὖν
2297 542 2393 596 καὶ
2432 543 2462 595 6
2496 543 2734 615 Χριστὸς
2778 543 2876 616 τὴν
2929 545 3252 616 Ἐκκλησίαν
3291 547 3598 620 δεξάμενος,
3642 553 3736 604 καί

474 628 628 695 Εἶδες
668 631 981 702 μυστηρίων
1025 631 1362 702 αἰνίγματα;
1403 635 1478 689 Οὐ
1525 636 1637 706 7&9
1664 635 1850 700 ἁπλῶς
1880 637 2055 693 ταῦτα
2155 631 2452 701 ἀλλόφυλον
2485 633 2578 687 καὶ
2601 634 2660 687 ἐν
2687 634 2848 706 πενία
2878 634 3067 706 πολλῇ,
3098 635 3206 690 τῶν
3238 638 3490 706 μεγάλων
3515 641 3738 707 ἀγαθῶν

474 723 608 793 ἡμῖν
645 719 1096 790 ἀναγέγραπται·
1142 722 1265 776 οθδὲ
1309 721 1416 795 γάρ
1453 723 1694 794 ἱστορίας
1722 722 1870 788 ἄξιον
1899 719 1966 795 ἦν
1995 723 2056 778 τὸ
2154 723 2347 778 ἐλαϐεν
2403 723 2574 796 αὐτὴν
2627 728 2900 782 κοινωνόν.
2961 727 3100 781 Ἀλλ’
3140 728 3330 799 ὥσπερ
3362 730 3522 804 αὐτη,
3571 735 3617 785 εἰ
3660 734 3734 804 μὴ

475 811 688 884 μαθεῖν,
737 812 788 865 τί
819 829 948 866 ποτε
981 812 1279 882 ἐφθέγξατο
1311 815 1344 885 ή
1379 817 1546 884 μαῖα·
1601 814 1720 867 οὐδέ
1756 814 2059 885 διηγήσεως
2086 815 2417 903 τπρότερον
2464 817 2642 886 ἀφῆκε
2679 818 2908 890 πατέρα,
2958 821 3054 874 καὶ
3093 821 3363 892 ἠτίμασεν
3400 825 3575 877 οὶκίαν
3618 824 3731 897 [59]

469 903 534 956 τὸ
566 904 802 974 γνῶναι,
838 905 919 959 ὃτι
948 905 1046 978 τὴν
1072 910 1231 979 χεῖρα
1263 908 1542 979 προήκατο
1573 907 1790 979 πρῶτος
1817 909 1846 962 6
1875 908 2058 962 δεύτε-
2153 905 2248 958 κα)¹
2275 903 2431 973 γένος
2464 908 2556 960 καὶ
2578 908 2812 980 πατρίδα
2843 910 2936 963 καὶ
2959 915 3260 980 συγγενεῖς,
3285 912 3384 966 οὐκ
3407 914 3474 967 ἂν
3501 915 3732 986 ἐπέτυχε

475 1013 566 1068 ρος
596 996 844 1063 ἐξελθών.
896 997 961 1052 Τί
1008 995 1098 1053 οὖν
1141 1001 1258 1052 ἐστι
1298 999 1361 1052 τὸ
1394 999 1656 1072 αίνιγμα;
1693 999 1914 1071 Πρῶτον
1947 1000 2056 1053 άπὸ
2151 993 2249 1063 τῆς
2275 993 2587 1064 ἀγχιστείας
2620 996 2844 1067 ταύτης·
2870 997 3012 1052 οὕτω
3034 1002 3177 1072 καὶὴ
3215 1003 3508 1074 Ἐκκλησία
3530 1005 3596 1059 τὰ
3624 1022 3732 1059 πα»-

469 1085 570 1154 τῆς
605 1089 973 1158 προσηγορίας
1009 1087 1102 1141 τοῦ
1138 1087 1351 1142 παιδίου
1389 1089 1734 1162 μανθάνομεν
1757 1089 1819 1143 τὸ
1863 1088 2054 1162 ζητού·
2150 1083 2301 1156 τρῷα
2328 1085 2424 1157 ἔθη
2457 1087 2852 1154 καταλιποῦσα,
2890 1091 3010 1144 τότε
3053 1093 3355 1163 ἐπέραστος
3397 1094 3612 1164 ἐγένετο
3653 1097 3732 1168 τῷ

473 1193 671 1246 μενον·
723 1178 786 1232 τὸ
833 1177 942 1250 γὰρ
982 1180 1159 1252 Φαρὲς
1195 1181 1456 1252 διαίρεσίς
1497 1183 1614 1238 ἐστι
1654 1182 1748 1236 καὶ
1793 1183 2050 1254 διακοπή,
2152 1177 2389 1248 νυμφίῳ.
2419 1177 2595 1250 Ὅπερ
2639 1175 2731 1234 οὖν
2765 1183 2860 1235 καὶ
2901 1183 2930 1234 6
2981 1185 3264 1255 προφήτης
3316 1184 3454 1256 αὐτῇ
3488 1184 3732 1255 διαλεγό-

473 1267 708 1323 Ἐπειτα
722 1270 821 1323 ἀπ’
839 1271 1006 1325 αὐτοῦ
1035 1273 1130 1326 τοῦ
1163 1273 1468 1344 συμϐάντος
1491 1291 1505 1304 ·
1539 1273 1660 1328 οὐδὲ
1679 1273 1787 1345 γὰρ
1818 1276 2053 1346 φυσικῆς

469 1359 791 1424 ἀκολουθίας
815 1357 904 1432 ἦν,
934 1361 1034 1433 τὴν
1063 1365 1221 1434 χεῖρα
1248 1363 1545 1420 ἐκϐαλόντα
1578 1365 1852 1420 συστεῖλαι
1891 1366 2050 1421 πάλιν

466 1450 688 1506 δεθέντα
713 1468 728 1484 ο
774 1453 896 1506 οὐδέ
924 1453 1032 1526 7&9
1063 1456 1324 1526 κινήσεως
1359 1453 1428 1528 ἧν
1453 1456 1676 1529 λογικῆς
1713 1456 1905 1523 ταῦτα,
1931 1459 2052 1513 οὐδέ

467 1543 578 1598 άπὸ
607 1546 845 1617 φυσικῆς
864 1546 1086 1616 γέγονεν
1111 1548 1452 1613 ἀκολουθίας.
1480 1551 1932 1624 Προεκπεσούσης
1955 1553 2052 1624 μὲν

468 1634 575 1706 7&9
605 1637 706 1708 τῆς
729 1637 929 1709 χειρὸς,
979 1638 1163 1710 ἕτερον
1203 1639 1566 1712 προεξελθεῖν,
1612 1642 1743 1708 ἴσως
1783 1645 2010 1714 φυσικόν
2033 1661 2049 1677 ⁸

467 1728 529 1783 τὸ
561 1728 618 1784 δὲ
646 1729 917 1786 συστεῖλαι
958 1731 1181 1802 ταύτην,
1231 1732 1326 1786 καὶ
1360 1733 1533 1805 ἑτέρῳ
1571 1734 1755 1789 δοῦναι
1797 1736 2048 1808 πάροδον,

467 1821 650 1881 οὐκέτι
683 1821 826 1876 κατά
861 1823 951 1880 τὸν
983 1823 1091 1877 τῶν
1131 1825 1462 1896 τικτομένων
1504 1825 1668 1896 νόμον
1703 1823 1802 1896 ἦν’
1854 1827 1974 1883 ἀλλ’
2016 1830 2050 1900 ή

469 1913 564 1969 τοῦ
589 1913 724 1970 Θεοῦ
770 1914 929 1986 χάρις
974 1915 1157 1988 παρῆν
1204 1918 1318 1980 τοῖς
1364 1917 1598 1982 παιδίοις
1637 1918 1809 1973 ταῦτα
1847 1921 2052 1974 οἰκονο-

469 2002 668 2074 μοῦσα,
705 2005 800 2057 καὶ
818 2004 1003 2059 εἰκόνα
1031 2007 1161 2076 ἡμῖν
1189 2023 1312 2061 τινα
1339 2007 1448 2062 τῶν
1483 2007 1787 2078 μελλόντων
1809 2010 2051 2082 ὑπογρά-

469 2110 642 2162 φουσα
669 2093 736 2150 δι’
767 2095 968 2150 αὐτῶν.
1007 2097 1072 2150 Τί
1109 2093 1202 2152 οὖν
1245 2099 1326 2166 ⁸⁸;
1366 2101 1502 2154 Φασί
1539 2117 1684 2165 τινες
1727 2101 1837 2156 τῶν
1877 2103 2053 2158 ταῦτα

466 2186 712 2256 άκριϐῶς
753 2187 1117 2260 ἐξητακότων,
1168 2190 1250 2244 ὅτι
1281 2192 1392 2245 τῶν
1427 2193 1522 2247 δύο
1554 2192 1699 2248 λαῶν
1735 2193 1906 2259 τύπος
1932 2197 2050 2249 ἐστί

464 2277 639 2332 ταῦτα
663 2277 733 2333 τά
767 2279 974 2334 παιδία.
1011 2277 1148 2334 Εἶτα
1187 2281 1277 2336 ἵνα
1324 2283 1503 2357 μάθῃς
1539 2285 1622 2340 ὅτι
1659 2286 1754 2340 τοῦ
1791 2287 2048 2360 δευτέρου

466 2368 596 2424 λαοῦ
629 2371 664 2442 ή
707 2369 950 2425 πολιτεία
985 2372 1364 2444 προεξέλαμψε
1405 2377 1506 2447 τῆς
1547 2376 1595 2409 ³⁸
1639 2377 1734 2432 τοῦ
1781 2379 2048 2451 προτέρου

467 2462 792 2532 γεννήσεως,
841 2462 941 2532 τὴν
983 2465 1142 2534 χεῖρα
1173 2464 1558 2536 ἐκτεινομένην
1597 2465 1720 2538 ἔχον
1747 2467 1807 2522 τὸ
1837 2469 2067 2523 παιδίον*

465 2550 564 2620 οὐχ
589 2549 879 2621 ὁλόκληρον
907 2551 1069 2605 ἑαυτὸ
1106 2553 1397 2618 δείκνυσιν,
1448 2553 1584 2610 ἀλλὰ
1617 2556 1710 2609 καὶ
1754 2557 1925 2629 αὐτὴν
1961 2575 2050 2611 συ-

467 2642 674 2696 στέλλει
723 2644 882 2698 πάλιν
905 2661 920 2676 ο
958 2646 1052 2697 καὶ
1101 2646 1238 2716 μετά
1277 2645 1338 2700 τὸ
1381 2647 1672 2718 ὁλόκληρον
1702 2649 2048 2723 ἐξολισθῆσαι

464 2733 557 2788 τὸν
580 2733 827 2805 ἀδελφὸν,
871 2735 992 2789 τότε
1023 2737 1325 2810 καῖαύτὸς
1361 2739 1482 2803 ὅλος
1533 2742 1818 2810 φαίνεταιο
1873 2743 1902 2797 6
1953 2745 2048 2799 καὶ

465 2825 558 2879 ἐπὶ
581 2825 691 2879 τῶν
711 2825 856 2881 λαῶν
883 2828 1205 2900 ἀμφοτέρων
1233 2830 1442 2900 γέγονε.
1472 2832 1584 2904 Τῆς
1613 2832 1732 2906 [58]
1760 2834 1868 2907 γάρ
1895 2835 2046 2890 πολι-

464 2917 614 2983 τείας
647 2916 746 2984 τῆς
785 2918 1240 2991 ἐκκλησιαστικῆς
1276 2923 1334 2976 ἐν
1359 2926 1470 2987 τοῖς
1509 2925 1652 2979 κατά
1675 2927 1764 2980 τὸν
1797 2927 2047 3000 Ἀϐραὰμ

463 3009 674 3080 χρόνοις
719 3009 998 3080 φανείσης,
1053 3007 1171 3069 εἶτα
1228 3013 1286 3066 ἐν
1335 3014 1413 3084 τῷ
1461 3017 1614 3088 μέσῳ
1670 3019 2054 3091 συσταλείσης,

461 3096 624 3172 ἦλθεν
654 3101 683 3152 6
722 3100 1009 3166 Ἰουδαὶκὸς
1049 3102 1176 3167 λαὸς
1220 3105 1314 3157 καὶ
1357 3107 1391 3176 ή
1424 3109 1622 3180 νομικὴ
1653 3110 1911 3177 πολιτεία,
1948 3113 2044 3165 καὶ

462 3189 585 3246 τότε
615 3189 904 3262 ὁλόκληρος
943 3194 970 3245 ὁ
1008 3193 1126 3258 νέας
1166 3193 1337 3266 ἐφάνη
1379 3195 1505 3260 λαὸς
1557 3199 1696 3268 μετὰ
1727 3199 1834 3257 τῶν
1875 3199 2044 3259 αὐτοῦ

465 3278 668 3350 νόμων.
705 3279 797 3340 Διὸ
842 3280 936 3333 καὶ
969 3281 1002 3351 ή
1035 3283 1173 3351 μαῖά
1203 3299 1399 3353 φησιν·
1456 3287 1517 3346 Τί
1565 3286 1812 3357 διεκόπη
1839 3288 1938 3344 διὰ
1968 3289 2045 3348 σὲ

467 3373 772 3442 φραγμός;
808 3373 930 3426 Ὅτι
971 3373 1069 3444 τῆς
1100 3375 1371 3442 πολιτείας
1400 3379 1496 3450 τὴν
1526 3379 1836 3452 ἐλευθερίαν
1861 3383 2045 3435 ἐπεισ-

467 3463 636 3519 ελθὼν
667 3466 696 3518 6
732 3465 895 3536 νόμος
943 3464 1178 3536 διέκοψε.
1219 3470 1328 3522 Καὶ
1367 3472 1475 3541 γάρ
1527 3473 1780 3543 φραγμὸν
1821 3474 1909 3528 ἀεὶ
1951 3474 2044 3530 τὸν

467 3555 684 3628 νόμονή
716 3557 906 3628 Γραφὴ
946 3557 1128 3611 καλεῖν
1161 3560 1372 3614 εἴωθενο
1408 3560 1598 3634 ὥσπερ
1636 3563 1731 3617 καὶ
1761 3566 1790 3618 6
1827 3566 2042 3638 προφή-

469 3667 572 3720 της
615 3651 659 3684 ³⁷
705 3651 876 3722 φησί·
915 3651 1196 3718 Καθεῖλες
1239 3655 1348 3709 τὸν
1395 3655 1668 3726 φραγμὸν
1709 3656 1919 3727 αὐτῆς,
1953 3656 2051 3713 καὶ

2153 1267 2313 1338 μενός
2347 1286 2543 1339 φησιν·
2600 1270 2920 1328 Ἐπιλάοου
2957 1274 3063 1328 τοῦ
3109 1274 3264 1329 λαοῦ
3306 1291 3422 1330 σου
3474 1276 3574 1329 καὶ
3623 1277 3731 1331 τοῦ

2155 1359 2327 1415 οἵκου
2355 1361 2461 1415 τοῦ
2490 1365 2711 1431 πατρός
2731 1380 2868 1425 σου.
2887 1365 2983 1418 καὶ
3013 1363 3363 1433 ἐπιθυμήσει
3385 1365 3728 1434 όβιισιλεὺς

2152 1453 2262 1507 τοῦ
2289 1452 2558 1519 κάλλους
2587 1471 2722 1508 σου.
2763 1454 2932 1508 Τοῦτο
2958 1455 3050 1508 καὶ
3077 1456 3110 1525 ἡ
3151 1453 3306 1507 Ῥούθ
3343 1457 3584 1527 ἐποίησε.
3626 1459 3726 1512 Διά

2153 1542 2312 1595 τοῦτο
2342 1543 2436 1596 καὶ
2468 1544 2652 1614 μήτηρ
2692 1543 2906 1611 ἐγένετο
2950 1543 3232 1612 βασιλέων,
3271 1543 3458 1616 ὥσπερ
3502 1543 3594 1601 οὖν
3629 1550 3725 1602 καὶ

2153 1636 2189 1707 ή
2231 1635 2526 1707 Ἐκκλησία
2550 1654 2563 1667 ν
2592 1635 2690 1690 καὶ
2722 1637 2831 1707 7&9
2859 1637 2922 1689 ἐκ
2944 1636 3145 1707 ταύτης
3177 1637 3320 1690 ἐστὶν
3347 1641 3376 1692 6
3406 1640 3586 1694 Δαυῖδ.
3626 1641 3725 1696 Διὰ

2150 1725 2214 1797 δὴ
2244 1725 2448 1779 τούτων
2473 1725 2690 1779 πάντων
2724 1725 2998 1797 ἐντρέπων
3028 1726 3242 1790 αὐτοὺς,
3281 1727 3374 1781 καὶ
3407 1728 3608 1781 πείθων
3648 1729 3725 1801 μὴ

2153 1812 2298 1882 μέγα
2340 1816 2577 1884 φρονεῖν,
2604 1815 2703 1885 τήν
2726 1831 2785 1867 τε
2814 1814 3160 1884 γενεαλογίαν
3188 1817 3472 1889 συνέθηκε,
3505 1820 3597 1872 καὶ
3626 1819 3726 1884 τάς

2149 1905 2411 1970 γυναῖκας
2445 1903 2649 1969 ταύτας
2673 1906 2754 1970 είς
2784 1905 2949 1976 μέσον
2975 1907 3166 1978 ἤγαγε.
3197 1909 3305 1963 Καὶ
3328 1909 3435 1982 7&9
3453 1910 3544 1964 τὸν
3573 1911 3726 1983 βασι-

2149 1995 2246 2050 λέα
2279 1996 2370 2049 τὸν
2407 1997 2581 2068 μέγαν
2613 1996 2751 2070 αὕτη
2791 1996 2878 2052 διά
2915 1998 3020 2052 τῶν
3071 1998 3250 2070 μέσων
3284 2001 3572 2073 ἐγέννησε·
3628 2003 3724 2058 καὶ

2147 2091 2248 2145 οὐκ
2275 2089 2587 2162 αἰσχύνεται
2609 2092 2638 2144 6
2661 2091 2824 2144 Δαυῒδ
2859 2092 2950 2146 ἐπὶ
2981 2093 3204 2157 τούτοις.

2219 2181 2295 2236 Οὐ
2322 2181 2431 2254 γάρ
2465 2181 2630 2244 ἔστιν,
2660 2183 2760 2236 οὐκ
2791 2182 2937 2235 ἔστιν
2971 2182 3094 2235 οὐτε
3116 2181 3175 2248 ἐξ
3203 2183 3422 2255 ἀρετῆς,
3455 2182 3577 2238 οὔτε
3614 2186 3724 2241 άπὸ

2150 2275 2346 2339 κακίας
2369 2276 2648 2347 προγόνων
2672 2270 2810 2328 εἶναι
2846 2276 3149 2339 σπουδαῖον,
3188 2275 3222 2346 ἢ
3251 2276 3472 2345 φαῦλον,
3513 2277 3545 2348 ἢ
3585 2279 3722 2351 ἄσης

2152 2383 2275 2438 μον,
2301 2367 2334 2437 ἢ
2363 2366 2614 2438 λαμπρόν
2635 2383 2649 2397 ·
2677 2367 2793 2421 ἀλλ’
2815 2369 2864 2421 εί
2887 2369 2992 2440 χρή
3009 2385 3062 2421 τι
3091 2368 3185 2421 καὶ
3207 2368 3506 2440 παράδοξον
3528 2371 3721 2436 εἰπεῖν,

2148 2461 2354 2523 ἐκεῖνος
2394 2458 2664 2530 ἐκλάμπει
2692 2459 2739 2492 δ’
2784 2460 3062 2532 μειζόνως,
3102 2462 3131 2515 6
3162 2459 3237 2532 μὴ
3269 2461 3377 2515 τῶν
3419 2463 3723 2518 σπουδαίων

2149 2551 2428 2622 προγόνων
2457 2549 2553 2616 ὢν,
2572 2551 2858 2623 γενόμενος
2888 2552 2944 2605 δέ
2967 2552 3187 2620 ἀγαθός.
3231 2552 3274 2585 ⁴¹
3316 2554 3519 2626 Μηδεὶς
3544 2555 3722 2609 τοίνυν

2146 2643 2238 2697 ἐπὶ
2266 2642 2473 2707 τούτοις
2496 2644 2638 2714 μέγα
2669 2643 2954 2715 φρονείτω·
2983 2644 3372 2717 ἀλλ’ἐννοήσας
3399 2647 3492 2705 τοῦ
3521 2649 3724 2702 Δεσπό-

2142 2751 2235 2787 του
2268 2737 2396 2799 τοὺς
2440 2734 2756 2806 προγόνους,
2799 2736 2860 2790 τὸ
2894 2736 3121 2808 φύσημα
3149 2737 3292 2792 ἅπαν
3333 2738 3589 2803 κενούτω,
3626 2741 3722 2794 καὶ

2143 2823 2242 2878 ἐπὶ
2269 2820 2655 2894 κατορθώμασι
2701 2824 2844 2895 μέγα
2889 2825 3153 2896 φρονείτω
3177 2843 3192 2858 ο
3243 2825 3442 2896 μᾶλλον
3477 2827 3534 2879 δὲ
3585 2828 3722 2898 μηδέ

2143 2917 2236 2970 ἐπὶ
2263 2918 2488 2981 τούτοις.
2517 2916 2672 2972 Οὕτω
2704 2917 2813 2989 γάρ
2849 2918 2944 2971 καὶ
2973 2920 3002 2971 6
3028 2920 3319 2990 Φαρισαῖος
3356 2919 3448 2972 τοῦ
3489 2919 3718 2974 τελώνου

2142 3007 2362 3077 γέγονεν
2421 3006 2664 3080 ὕστερος.
2727 3006 2788 3060 Εἰ
2832 3008 2941 3078 7&9
2987 3007 3164 3078 βούλει
3209 3009 3378 3076 δεῖξαι
3443 3009 3584 3080 μέγα
3655 3009 3720 3062 τὸ

2143 3099 2492 3171 κατόρθωμα,
2525 3101 2600 3170 μὴ
2633 3097 2776 3170 μέγα
2811 3100 3016 3170 φρόνει,
3049 3101 3144 3153 καὶ
3179 3100 3300 3154 τότε
3348 3102 3529 3171 μεῖζον
3562 3101 3719 3154 τοῦτο

2141 3189 2452 3260 ἀπέφηναςο
2499 3188 2572 3260 μὴ
2607 3189 2834 3262 νομίσῃς
2865 3207 2916 3242 τι
2954 3192 3330 3261 πεποιηκέναι,
3389 3191 3485 3245 καὶ
3521 3192 3581 3244 τὸ
3609 3194 3717 3245 πᾶν

2141 3282 2401 3354 εἰργάσω.
2433 3281 2496 3334 El
2533 3281 2642 3352 γὰρ
2667 3282 2793 3335 ὅταν
2825 3283 3139 3354 ἁμαρτω).οί
3177 3277 3348 3354 ὦμεν,
3387 3285 3454 3337 ἂν
3484 3283 3718 3353 νομίσω-

2144 3390 2244 3443 μεν
2276 3372 2431 3426 τοῦτο
2457 3368 2593 3427 εἶναι
2626 3376 2761 3445 ὅπερ
2791 3375 2976 3445 ἐσμὲν,
2996 3375 3194 3429 δίκαιοι
3216 3374 3498 3446 γινόμεθα,
3527 3375 3717 3447 ὥσπερ

2140 3460 2232 3518 οὐν
2257 3465 2353 3527 καὶ
2381 3467 2411 3519 6
2443 3464 2679 3536 τελώνης
2700 3483 2715 3497 ·
2758 3467 2910 3538 πόσῳ
2959 3467 3158 3537 μᾶλλον
3195 3469 3322 3520 ὅταν
3350 3466 3543 3520 δίκαιοι
3565 3465 3717 3527 ὄντες

2140 3557 2495 3628 ἁμαρτωλοὺς
2537 3559 2762 3622 ἐαυτούς
2816 3553 2957 3614 εἶναι
2999 3558 3340 3630 νομίζωμενς
3401 3560 3464 3612 El
3501 3558 3607 3629 7&9
3658 3556 3720 3625 ἐξ

2139 3649 2475 3720 ἁμαρτωλῶν
2513 3649 2750 3714 δικαίους
2789 3653 2933 3704 ποιεῖ
2987 3651 3046 3704 τὸ
3089 3653 3550 3722 ταπεινοφρονεῖνο
3594 3649 3716 3704 καί·

470 3741 772 3812 τρυγῶσιν
799 3741 994 3810 αὐτὴν
1018 3742 1241 3808 πάντες
1264 3748 1318 3800 al
1355 3749 1903 3816 παραπορευόμενοι
1938 3749 2053 3816 τὴν
2136 3755 2286 3807 τοιγε
2316 3738 2434 3792 ούδέ
2465 3739 2932 3810 ταπεινοφροσύνῃ
2964 3735 3032 3811 ῆν
3065 3739 3109 3771 ⁸³
3143 3740 3335 3802 ἐκεῖνο,
3371 3737 3484 3794 ἀλλ’
3508 3739 3714 3806 εὐγνω-

471 3835 639 3889 όδόν·
689 3833 807 3899 καὶ,
840 3833 1117 3902 Φρατμὸν
1158 3834 1313 3905 αὐτῇ
1351 3837 1690 3906 περιέθηκα·
1730 3841 1822 3892 καὶ
1849 3841 1878 3893 6
1907 3841 2052 3895 Παῦ-

478 3927 588 3990 λος,
626 3925 734 3981 Καὶ
760 3924 825 3978 τὸ
849 3925 1213 3993 μεσότοιχον
1248 3928 1356 3982 τοῦ
1382 3927 1656 3998 φραγμοῦ
1689 3931 1909 3996 λύσας.

538 4013 603 4069 δ’.
641 4014 825 4073 Ἀλλοι
858 4013 913 4066 δὲ
953 4013 1034 4079 τὸ,
1075 4015 1136 4068 Τί
1149 4014 1397 4082 διεκόπη
1421 4016 1518 4070 διὰ
1536 4017 1611 4072 σὲ
1633 4020 1936 4088 φραγμόα,
1959 4020 2050 4074 ἐπὶ

467 4105 562 4168 τοῦ
595 4106 713 4166 νέου
738 4106 899 4174 φασὶν
917 4105 1172 4177 εἰρῆσθαι
1187 4105 1338 4162 λαοῦ·
1377 4101 1532 4172 οὗτος
1560 4108 1669 4181 7&9
1702 4111 2048 4185 παραγενόμε

469 4217 559 4263 νος
581 4198 672 4252 τὸν
717 4199 878 4269 νόμον
913 4199 1226 4258 κατέλυσεν.
1281 4201 1441 4274 Ὁρᾷς
1474 4201 1550 4266 ὡς
1580 4203 1680 4256 οὐκ
1707 4203 1903 4272 ὀλίγων
1930 4205 2049 4258 οὐδὲ

473 4289 685 4362 μικρῶν
728 4292 915 4344 ἕνεκεν
967 4291 1340 4362 ἐμνημόνευσε
1395 4294 1493 4363 τῆς
1539 4294 1679 4348 κατά
1717 4295 1810 4350 τὸν
1852 4296 2048 4352 Ἰούδαν

470 4383 709 4454 ἱστορίας
763 4381 1008 4450 άπάσης;
1049 4381 1149 4434 Διὰ
1187 4381 1346 4436 τοῦτο
1383 4383 1474 4436 καὶ
1506 4383 1606 4454 τῆς
1650 4385 1804 4438 Ῥοὺθ
1835 4387 1926 4440 καὶ
1953 4388 2046 4459 τῆ,

477 4475 647 4530 Ῥαὰϐ
677 4475 722 4506 ³⁸
751 4473 1042 4544 μέμνηται,
1071 4473 1172 4544 τῆς
1203 4473 1302 4544 μὲν
1343 4475 1662 4545 ἀλλοφύλου,
1699 4477 1797 4549 τῆς
1829 4478 1886 4532 δὲ
1916 4479 2018 4550 πύρ

467 4585 586 4638 νης,
634 4567 721 4622 ἶνα
758 4569 936 4640 μάθῃς
975 4569 1060 4622 ὅτι
1101 4567 1278 4621 πάντα
1317 4563 1446 4639 ἦλθε
1487 4569 1556 4622 τά
1593 4570 1738 4623 κακά
1775 4570 1953 4626 λύσων
1981 4574 2046 4627 τά

465 4660 727 4732 ἡμέτερα.
781 4661 868 4725 Ὠς
913 4661 1023 4732 7&9
1073 4660 1278 4732 ἰατρὸς.
1308 4661 1406 4731 οὐχ
1460 4662 1536 4726 ὡς
1578 4661 1837 4734 δικαστὴς
1865 4683 2037 4736 παρα-

465 4752 709 4821 γέγονεν.
751 4755 964 4825 Ὠσπερ
991 4749 1086 4807 οὖν
1119 4753 1320 4825 πόρνας
1355 4753 1546 4815 ἔλαϐον
1588 4759 1854 4823 γυναῖκας
1879 4752 2044 4819 οὗτοι,

465 4843 608 4898 οὐτω
629 4845 721 4901 καὶ
743 4847 772 4900 6
805 4845 937 4908 Θεὸς
960 4844 1056 4916 τήν
1091 4843 1252 4914 φύειν
1280 4844 1378 4916 τήν
1404 4847 1844 4918 ἐκπορνεύσασαν
1871 4850 2042 4920 ήρμόο

467 4951 598 4990 οατο
620 4934 799 5006 ἑαυτῷ
821 4951 837 4966 ο
871 4934 900 4988 ὃ
942 4935 1036 4996 καὶ
1064 4936 1109 4967 ³⁹
1137 4935 1412 5006 προφῆται
1449 4937 1656 4992 ἄνωθεν
1690 4940 2044 5012 προλέγουσιν

465 5027 558 5081 ἐπὶ
580 5027 680 5096 τῆς
701 5027 1021 5098 συναγωγῆς
1037 5028 1336 5097 γεγονέναι.
1374 5029 1512 5082 Ἀλλ’
1533 5029 1716 5102 ἐκείνη
1742 5032 1842 5102 μὲν
1871 5032 2047 5101 άγνώ·

467 5136 582 5188 μων
607 5118 896 5190 γεγένηται
933 5121 1059 5190 περὶ
1089 5120 1183 5176 τὸν.
1216 5124 1608 5192 συνοικήσαντα
1631 5141 1649 5164 ·-
1675 5126 1708 5196 ἡ
1736 5125 1794 5179 δὲ
1822 5125 2046 5198 Ἐκκλη-

467 5211 558 5265 σία
591 5211 736 5278 άπαξ
764 5212 1138 5282 ἀπαλλαγεῖσα
1160 5213 1275 5267 τῶν
1293 5214 1561 5285 πατρῴων
1592 5219 1799 5283 κακῶν,
1830 5219 2044 5290 ἔμεινεν

462 5303 818 5374 ἀσπαζομένη
851 5305 939 5357 τὸν
963 5305 1212 5375 νυμφίον.
1239 5305 1382 5379 Ὅρα
1408 5308 1538 5376 γοῦν
1576 5309 1671 5362 καῖ⁷
1708 5310 1777 5364 τά
1814 5311 1907 5364 ἐπὶ
1949 5311 2044 5379 τῆς

476 5397 633 5452 Ῥοὐο
673 5397 939 5468 γενόμενα
983 5399 1194 5453 ἐοικότα
1237 5404 1348 5465 τοῖς
1391 5401 1701 5473 ἡμετέροις.
1746 5401 1895 5472 Αὕτη
1936 5402 2042 5473 γάρ

465 5489 758 5560 άλλόφυλὸς
786 5507 846 5544 τε
869 5485 959 5561 ἦν,
983 5491 1076 5544 καὶ
1101 5493 1179 5556 είς
1201 5493 1441 5565 ἐσχάτην
1475 5495 1781 5567 κατηνέχθη
1817 5495 2006 5548 πενίαν
2022 5514 2036 5529 ·

463 5582 578 5636 ἀλλ’
608 5581 759 5652 ὅμως
797 5580 922 5638 ἰδὼν
951 5583 1168 5658 αὐτὴνό
1201 5584 1356 5650 Βοὸζ,
1390 5584 1514 5638 οὔτε
1542 5586 1649 5657 τῆς.
1684 5586 1873 5651 πενίας
1912 5605 2040 5642 κατ-

2142 3831 2372 3903 μοσύνη·
2406 3833 2452 3885 εἰ
2494 3828 2587 3885 οὖν
2617 3831 3005 3903 εὐγνωμοσύνη
3053 3832 3307 3890 τοσοῦτον
3346 3831 3568 3887 δύναται
3619 3829 3716 3884 ἐπὶ

2136 3919 2494 3993 ἁμαρτωλῶν,
2511 3921 2545 3991 ή
2569 3919 3032 3992 ταπεινοφροσύνῃ
3071 3920 3343 3991 σκόπησον
3369 3920 3460 3973 ἐπὶ
3492 3921 3716 3979 δικαίων

2133 4014 2188 4078 τί
2217 4013 2318 4072 οὐκ
2351 4011 2473 4085 [401
2508 4013 2837 4083 ἐργάσεται;
2877 4013 2968 4086 Μὴ
2996 4013 3176 4066 τοίνυν
3214 4012 3436 4085 λυμήνῃ
3458 4013 3584 4077 τούς
3615 4015 3714 4066 πό-

2135 4123 2280 4172 νους,
2311 4105 2445 4177 μηδέ
2475 4105 2722 4176 ὐποτέμῃ
2745 4104 2792 4136 ⁸³
2813 4104 2941 4169 τοὺς
2981 4104 3228 4176 ἱδρῶτας,
3273 4104 3407 4175 μηδὲ
3435 4105 3556 4174 εικῆ
3587 4104 3716 4176 δρα-

2140 4217 2266 4271 μῃς,
2301 4198 2436 4268 μετὰ
2479 4199 2605 4261 τοὺς
2640 4197 2864 4268 μυρίους
2903 4197 3152 4261 διαύλους
3185 4197 3362 4258 πάντα
3409 4197 3579 4251 κενῶν
3623 4196 3714 4250 τὸν

2138 4301 2317 4355 πόνον.
2346 4297 2455 4350 Καὶ
2483 4294 2590 4364 γὰρ
2624 4293 2719 4348 σού
2765 4293 2964 4365 μᾶλλον
2996 4290 3104 4352 οἶδε
3142 4296 3209 4349 τά
3248 4294 3650 4366 κατορθώματα
3681 4294 3717 4351 6.

2138 4389 2412 4458 Δεσπότης
2434 4386 2506 4440 τὰ
2533 4387 2619 4440 σά.
2653 4386 2773 4440 Κᾶν
2804 4387 3062 4458 ποτήριον
3093 4386 3301 4458 ψυχροῦ
3351 4387 3397 4418 ⁸⁸
3441 4387 3567 4457 δῷς,
3593 4389 3715 4442 οὐδέ

2138 4481 2294 4535 τοῦτο
2317 4480 2534 4552 παρορᾷ
2556 4495 2570 4509 °
2614 4478 2717 4532 κᾶν
2747 4478 2929 4538 ὀϐολὸν
2958 4479 3288 4551 καταϐάλῃς.
3319 4479 3420 4532 κᾶν
3455 4479 3715 4551 στενάξῃς

2143 4573 2322 4643 μόνον,
2366 4571 2505 4643 μετὰ
2535 4569 2735 4640 πολλῆς
2762 4570 2940 4624 πάντα
2985 4570 3195 4642 δέχεται
3223 4572 3320 4641 τῆς
3349 4570 3580 4635 εὐνοίας,
3623 4572 3718 4633 καῖι

2143 4663 2435 4733 μέμνηται,
2483 4660 2579 4713 καὶ
2602 4659 2868 4729 μεγάλους
2895 4660 3076 4723 αὐτοῖς
3101 4660 3270 4731 ὁρίζει
3289 4660 3532 4732 μισθούς.
3560 4663 3717 4725 Τίνος

2139 4753 2196 4805 δὲ
2219 4753 2404 4806 ἐνεκεν
2434 4749 2704 4819 ἐξετάζεις
2722 4749 2791 4802 τὰ
2821 4749 2909 4808 σά.
2945 4751 3038 4807 καὶ
3066 4751 3250 4821 φέρεις
3283 4752 3415 4821 ήμῖν
3437 4754 3515 4812 είς
3552 4753 3717 4822 μέσον

2140 4841 2438 4913 διηνεκῶς;
2479 4840 2592 4892 Οὐκ
2621 4837 2766 4902 οἶδας
2803 4839 2882 4893 ὅτι
2914 4839 3008 4892 ἐὰν
3048 4839 3340 4910 ἐπαινέσῃς
3373 4843 3588 4901 σαυτὸν,
3627 4843 3719 4900 οὐ,-

2143 4933 2259 4987 κέτι
2300 4949 2359 4994 σε
2390 4933 2418 4984 6
2451 4930 2582 4994 Θεὸς
2629 4929 3006 4994 ἐπαινέσεται;
3055 4929 3243 5000 ὥσπερ
3281 4927 3373 4984 οὖν
3404 4931 3469 4984 ἂν
3501 4931 3719 4984 ταλανί-

2144 5041 2242 5096 σῃς
2286 5024 2355 5085 ⁵⁸,
2404 5021 2467 5080 οὐ
2499 5022 2762 5075 παύσεταί
2806 5039 2865 5075 σε
2899 5021 3051 5094 παρὰ
3087 5025 3252 5076 πᾶσιν
3291 5023 3718 5094 άνακηρύττων,;

2143 5116 2277 5169 Οὐδέ
2306 5113 2414 5185 γάρ
2452 5113 2699 5182 βούλεταί
2727 5131 2820 5166 σου
2854 5115 2980 5176 τοὺς
3007 5113 3200 5176 πόνομς
3231 5114 3616 5186 ἐλαττωθῆναι.
3653 5117 3719 5168 Τί

2145 5206 2282 5274 λέγω
2308 5205 2701 5276 ἐλαττωθῆναι;
2745 5205 2929 5265 Πάντα
2971 5204 3070 5270 μὲν
3110 5200 3202 5258 οὖν
3239 5207 3385 5266 ποιεῖ
3437 5207 3533 5260 καὶ
3573 5224 3720 5277 πρα-

2144 5296 2497 5367 γματεύεται,
2534 5296 2674 5351 ὥστε
2701 5297 2795 5350 καὶ
2815 5296 2923 5348 άπὸ
2949 5294 3161 5367 μικρῶν
3188 5313 3247 5348 σε
3279 5295 3618 5363 στεφανῶσαι
3651 5297 3719 5360 ⁸⁸⁸,

2125 5389 2240 5441 ’καὶ
2271 5390 2506 5461 περίεισι
2528 5387 2826 5457 προφάσεις
2853 5384 3029 5456 ζητῶν
3060 5385 3126 5437 δι’
3159 5378 3233 5438 ὧν
3265 5384 3466 5456 δυνήσῃ
3483 5385 3722 5447 ἀπαλλα-

2148 5479 2304 5549 γῆναι
2340 5479 2438 5548 τῆς
2471 5479 2712 5547 γεέννης.

2201 5577 2274 5625 ε’.
2285 5570 2382 5623 Διὰ
2396 5569 2552 5622 τοῦτο
2573 5569 2674 5622 κᾶν
2696 5567 2982 5644 ἑνδεκάτην
2995 5565 3146 5637 ὦραν
3159 5566 3364 5637 ἐργάσῃ
3375 5564 3472 5642 τῆς
3487 5564 3590 5635 ἡμέ
3598 5582 3716 5636 ρας,

546 5701 596 5733 ³⁵
619 5701 684 5785 Τί
710 5697 827 5785 οὐν]
849 5705 959 5785 Dial
989 5705 1096 5785 γάρ
1124 5703 1184 5758 Β.
1222 5703 1282 5785 Ε.
1311 5703 1354 5760 ’ί-
1402 5705 1550 5759 ἐστιν
1571 5707 1757 5785 ἐἰπεῖν
1939 5707 1984 5737 ³⁸
2024 5707 2209 5785 προίξ.
2238 5706 2359 5785 τῆς]
2386 5705 2572 5785 προεξ.
2593 5705 2814 5785 διὰῇτῆς
2844 5704 2905 5761 Ε.
2929 5707 3064 5785 διεξ.
3091 5708 3315 5785 διάᾼτῆς
3335 5707 3713 5785 B_.-_’:_Ad_di-

476 5780 714 5846 tamellla
747 5772 922 5846 Aau‘i6
951 5772 1080 5846 posl‘L
1109 5775 1390 5846 προφήτης
1420 5786 1474 5828 el
1499 5777 1592 5846 καὶ
1623 5778 1650 5846 6
1681 5776 1912 5846 Ἡσαΐας
1956 5793 2046 5846 pos

2143 5777 2221 5829 ἰόν
2253 5772 2450 5846 ἀὲνδιιιιξ.
2488 5777 2539 5846 i_n
2591 5775 2651 5830 ι).
2689 5772 2885 5832 Ε’.Ἀιι.
2931 5772 3076 5832 Arii).

475 5838 1022 5914 ἔθηκέ-Βοηκουιιίὶιῖεε
1047 5838 1288 5912 Θάμαρ.’
1344 5838 1388 5876 ³⁸
1425 5845 1542 5914 καί]
1563 5845 1656 5896 καὶ
1683 5847 1732 5897 οἱ
1759 5845 1898 5914 Ειίιί.

476 5911 519 5984 ξι
555 5910 838 5984 ῌθικρΝ.
875 5910 1548 5984 ιιεριταπςινρφροσύνηὲ
1583 5920 1646 5966 A-

3183 5777 3226 5810 ³⁸
3262 5777 3454 5850 Ῥαάϐ]
3480 5776 3572 5833 Sic
3599 5780 3710 5850 At}.

2003 5847 2274 5917 “ﬁdam;
2318 5845 2378 5898 υ.
2405 5845 2462 5917 ιτ.
2485 5844 2602 5917 ιιι).
2643 5863 2768 5917 mox
2813 5847 2887 5916 μὴ
2922 5851 2985 5900 ἐκ
3027 5848 3132 5899 τῶν
3165 5858 3218 5902 el.
3255 5844 3539 5917 γινόμένος
3570 5847 3708 5904 Ι·.(Ιι1.

1753 5915 1798 5984 σε
1824 5911 1892 5984 ἦν
1919 5931 2028 5969 om.
2057 5911 2186 5968 Μινῇ
2229 5917 2358 5968 Bon.

2455 5916 2500 5992 ξθ
2547 5915 2821 5992 ύποτέμῃὶ
2852 5919 3056 5992 δίε-Ι).Δ
3091 5917 3148 5972 F.
3191 5915 3710 5992 cmlcrivbnotép‘nc.

477 5981 521 6011 “
558 5979 800 6052 ψυχροΰν
821 5987 884 6036 Α.
915 5979 978 6036 υ.
1010 5981 1214 6052 ψυχρόν
1243 5979 1332 6038 υ.’
1379 5984 1425 6018 ⁴³
1451 5979 1768 6058 τάλανίσῃς]
1801 5979 1942 6043 ΑΜ.
1980 5986 2174 6042 σαυτόν
2210 5986 2344 6041 ΕιΙιΙ.
2420 5985 2464 6017 ³⁸
2505 5979 2914 6058 στεφανωθῗίναι
2947 5987 3082 6043 Ειω.
