4078 6372
308 332 378 385 35
1488 329 1556 386 IN
1608 329 2024 390 MATTIUEUM
2089 331 2322 388 HOMIL.
2361 332 2440 387 Ill.
3513 351 3581 405 56

305 451 449 504 enim
477 450 596 506 hmc
620 451 737 507 sine
779 466 937 508 causa
964 452 1160 523 scripta
1201 451 1357 507 nobis
1397 451 1544 508 fuere
1575 471 1587 506 :
1617 470 1790 524 neque
1831 462 1895 508 ad

305 541 546 598 historiae
566 543 880 614 dignitatem
909 545 1212 614 pertinebat
1239 544 1502 611 ediscere,
1529 547 1653 614 quid
1673 546 1895 600 dixisset

302 635 612 690 obstetrix:
650 653 824 706 neque
854 637 1180 691 narrandum
1223 637 1503 692 videbatur
1550 652 1707 703 esse,
1756 639 1895 707 quod

303 741 519 779 manum
548 728 799 782 extulerit
819 728 1024 798 primus
1054 728 1096 781 is
1125 727 1211 797 qui
1240 727 1504 782 secundus
1529 743 1774 798 egressus
1795 740 1893 782 est.

302 818 587 884 Quodnam
605 819 765 888 igitur
785 818 887 874 boc
912 819 1134 888 aenigma
1149 820 1270 873 est?
1298 819 1496 886 Primo,
1513 836 1578 874 ex
1606 820 1720 890 ipso
1749 823 1897 890 pueri

301 909 522 964 nomine
553 911 905 979 quaestionem
935 911 1194 965 solvimus
1221 927 1235 963 ε
1261 911 1461 966 Phares
1490 927 1634 966 enim
1663 923 1745 967 est
1765 914 1897 968 divi-

302 1003 383 1056 sio
411 1010 465 1056 et
480 1003 743 1057 concisio.
771 1002 1021 1057 Secundo
1037 1018 1102 1057 ex
1128 1004 1239 1072 ipsa
1264 1019 1319 1056 re
1341 1013 1526 1073 gesta:
1559 1019 1728 1074 neque
1754 1007 1895 1060 enim

302 1109 366 1147 ex
422 1093 656 1147 naturali
713 1093 1093 1162 consequentia
1150 1102 1270 1147 erat
1310 1107 1432 1148 eum
1481 1094 1569 1162 qui
1618 1095 1898 1150 extulisset

302 1199 545 1248 manum,
586 1184 757 1252 ipsam
781 1194 962 1253 postea
994 1182 1270 1238 retrahere
1296 1183 1548 1253 ligatam;
1581 1199 1683 1238 nec
1721 1184 1774 1238 id
1816 1201 1898 1238 ra-

304 1277 433 1329 tioni
464 1277 553 1330 vel
582 1285 786 1330 natura:
832 1291 1127 1330 consonum
1160 1276 1390 1332 videtur.
1443 1276 1576 1331 Nam
1625 1279 1897 1347 prtemissa

299 1366 520 1436 quidem
540 1367 696 1422 unius
717 1382 900 1434 manu,
931 1367 1160 1421 alterum
1185 1367 1386 1437 egredi.
1413 1367 1462 1421 id
1490 1367 1627 1423 forte
1653 1371 1898 1425 naturale

301 1459 501 1523 fuerit;
533 1457 630 1513 sed
661 1467 892 1513 retracta
924 1473 1108 1526 manu,
1137 1458 1288 1512 alteri
1321 1458 1602 1512 transitum
1631 1460 1894 1528 praebere,

301 1553 354 1606 id
378 1568 488 1607 non
524 1552 582 1607 fit
626 1567 693 1606 ex
738 1567 888 1606 more
934 1553 1309 1606 nascentium:
1341 1568 1527 1607 verum
1561 1552 1748 1608 aderat
1803 1555 1896 1609 Dei

297 1643 474 1713 gratia
502 1659 623 1714 qua:
654 1643 770 1698 hazc
798 1645 942 1698 circa
971 1658 1166 1712 pueros
1193 1643 1528 1713 dispensaret
1549 1685 1563 1709 ,
1586 1654 1640 1699 et
1665 1660 1760 1714 per
1783 1646 1898 1702 hmc

299 1738 606 1789 futurorum
628 1734 913 1805 quamdam
935 1735 1217 1804 imaginem
1241 1734 1606 1790 adumbraret.
1639 1736 1772 1804 Quid
1801 1737 1899 1806 igi-

300 1837 392 1881 tur
431 1827 583 1881 aiunt
624 1825 841 1895 quidam
890 1841 957 1880 ex
1008 1825 1114 1881 illis
1158 1827 1248 1894 qui
1293 1827 1407 1881 hate
1447 1828 1896 1898 exploraveruut?

300 1921 481 1975 llosce
532 1933 732 1990 pueros
801 1919 1026 1973 duorum
1087 1933 1209 1974 esse
1269 1920 1586 1988 populorum
1652 1922 1892 1992 figuram.

301 2013 510 2068 Deinde
562 2021 622 2066 ut
667 2011 867 2078 discas,
916 2009 1138 2065 secundi
1167 2011 1348 2080 populi
1377 2012 1674 2069 institutum
1701 2015 1896 2084 prioris

297 2106 444 2159 ortui
473 2103 804 2175 prazluxisse,
837 2118 1054 2157 manum
1081 2103 1374 2158 extendens
1399 2119 1530 2172 puer
1575 2122 1680 2160 non
1715 2121 1774 2161 se
1819 2117 1898 2161 to-

300 2210 414 2252 tum
445 2196 688 2259 exhibet,
720 2196 830 2249 imo
859 2195 1001 2249 illam
1030 2205 1215 2265 postea
1243 2196 1499 2261 retrahit,
1535 2207 1588 2252 et
1620 2208 1895 2268 postquam

301 2297 445 2342 totus
469 2289 642 2342 frater
667 2301 914 2356 egressus
935 2296 1036 2349 est,
1069 2295 1194 2341 tunc
1224 2296 1276 2340 et
1305 2288 1418 2356 ipse
1449 2296 1590 2342 tctus
1627 2299 1847 2360 apparet
1880 2308 1892 2342 :

300 2381 351 2436 id
384 2380 535 2452 quod
571 2379 734 2434 etiam
763 2379 815 2433 in
858 2376 1066 2432 duobus
1118 2377 1326 2447 pepulis
1367 2388 1576 2448 gestum
1629 2392 1729 2434 est.
1762 2381 1895 2436 Nam

298 2491 423 2530 cum
454 2473 878 2530 ecclesiasticum
909 2470 1207 2524 institutum
1241 2470 1290 2522 in
1322 2469 1512 2525 diebus
1546 2471 1773 2526 Abrahae
1797 2488 1896 2542 ap-

299 2567 594 2640 paruisset,
647 2563 946 2631 deindeque
996 2563 1048 2616 in
1091 2561 1268 2616 medio
1321 2562 1892 2632 suppressumfuisset,

297 2662 447 2718 venit
472 2660 726 2715 Judaicus
749 2655 976 2726 pepulus
997 2664 1050 2710 et
1073 2653 1371 2709 institutum
1403 2655 1570 2724 legale
1592 2696 1606 2717 .
1637 2664 1690 2710 et
1711 2669 1894 2725 posrea

299 2770 475 2812 novus
502 2755 593 2809 ille
622 2752 848 2824 populus
885 2767 1005 2804 cum
1037 2750 1238 2820 legibus
1265 2750 1393 2803 suis.
1427 2749 1651 2820 Ideoque
1684 2751 1758 2804 ait
1796 2751 1894 2805 ob-

300 2849 489 2904 Stetrix
523 2864 536 2899 :
568 2846 672 2900 Cur
701 2845 869 2899 excisa
896 2853 968 2896 est
997 2850 1200 2913 prapter
1241 2849 1286 2895 te
1318 2858 1460 2910 sepes
1482 2842 1507 2894 ?
1525 2843 1644 2911 quia
1669 2841 1893 2896 instituti

299 2941 603 2994 libertatem
630 2935 716 2989 lex
740 2933 1119 3003 superveniens
1143 2931 1413 2986 dissecuit.
1466 2931 1673 2986 Etenim
1720 2933 1891 3002 legem

299 3026 583 3095 Scriptura
609 3040 794 3096 sepem
822 3037 1020 3078 vocare
1054 3023 1221 3087 solet;
1252 3022 1390 3075 sicut
1421 3019 1585 3073 David
1635 3018 1897 3089 propheta

300 3118 451 3182 dicit,
489 3116 764 3173 Sustulisti
787 3132 951 3186 sepem
977 3115 1108 3180 eius.
1139 3123 1185 3166 et
1222 3113 1529 3165 vindemiant
1570 3127 1681 3164 eam
1731 3126 1903 3163 omnes

299 3211 387 3278 qui
404 3209 894 3279 praetergrediuntur
911 3207 1044 3260 viam
1063 3204 1235 3278 (Psal.
1267 3205 1354 3256 79.
1386 3201 1509 3270 13);
1544 3212 1599 3256 et
1623 3201 1806 3264 Isaias,
1839 3197 1885 3252 Ε

299 3319 472 3372 sepem
500 3301 841 3371 circomposui
861 3298 1078 3370 eiusat".
1110 3298 1164 3352 5.
1187 3295 1276 3367 εὶ);
1307 3297 1430 3350 item
1460 3295 1676 3356 Paulus,
1712 3291 1773 3345 Et
1797 3307 1875 3346 me

301 3396 443 3448 dium
475 3394 724 3464 parietem
750 3392 987 3446 maceria:
1011 3389 1209 3444 solvens
1238 3385 1456 3458 (Epltes.
1487 3387 1542 3438 2.
1575 3385 1688 3454 14).

365 3593 422 3647 4.
465 3591 572 3647 Alii
618 3590 773 3656 illud,
808 3589 911 3644 Cur
931 3589 1102 3644 excisa
1151 3596 1224 3641 est
1273 3595 1480 3657 prapter
1519 3593 1566 3639 te
1612 3583 1801 3654 sepes?
1829 3582 1896 3637 de

296 3698 436 3738 novo
465 3682 662 3754 populo
692 3683 895 3737 dictum
919 3689 1124 3752 putant.
1152 3679 1249 3734 llic
1275 3681 1470 3749 quippe
1499 3693 1618 3732 cum
1645 3676 1894 3730 advenis-

297 3783 400 3838 set,
424 3774 602 3845 legem
628 3773 929 3843 abrogavit.
960 3771 1122 3826 Vides
1148 3773 1320 3840 ipsum
1353 3785 1458 3823 non
1493 3769 1594 3823 levi
1633 3767 1703 3822 de
1733 3783 1895 3822 causa

298 3874 463 3920 totam
529 3865 1044 3921 commemoravisse
1109 3862 1262 3918 Iuda:
1331 3861 1648 3916 historiam?
1693 3859 1896 3914 Idcirco

294 3960 460 4014 etiam
492 3957 637 4014 Ruth
663 3969 717 4013 et
743 3957 930 4013 Rahab
958 3958 975 3988 ί
1006 3956 1273 4023 meminit,
1314 3971 1537 4025 quarum
1569 3954 1737 4008 altera
1765 3954 1898 4008 alie-

300 4053 513 4122 nigena,
537 4053 707 4107 altera
733 4052 991 4107 meretrix
1018 4059 1156 4116 erat,
1189 4057 1247 4104 ut
1281 4047 1554 4103 edisceres
1598 4049 1772 4117 ipsum
1801 4063 1896 4101 ve-

299 4158 443 4200 nisse
463 4152 523 4197 ut
540 4144 678 4198 mala
697 4143 875 4198 omnia
895 4152 1078 4198 nostra
1108 4142 1359 4196 solveret.
1379 4140 1450 4196 Ut
1469 4140 1705 4194 medicus
1730 4139 1894 4206 enim,

299 4251 404 4290 non
431 4245 490 4291 ut
531 4235 696 4306 judex
747 4235 914 4290 venit.
962 4231 1427 4300 Quemadmodum
1461 4232 1628 4301 igitur
1650 4230 1702 4284 hi
1736 4231 1898 4286 forni-

299 4329 470 4382 mrias
498 4327 702 4383 duxere
723 4328 991 4392 mulieres,
1027 4329 1100 4381 ita
1126 4337 1180 4381 et
1207 4326 1348 4380 Deus
1375 4335 1621 4382 naturam
1654 4321 1892 4380 fornica-

301 4429 405 4475 tam
459 4421 734 4491 copulavit
782 4421 929 4475 sibi:
964 4419 1015 4475 id
1060 4419 1201 4490 quod
1250 4420 1380 4474 olim
1433 4420 1707 4489 propheta:
1755 4419 1894 4473 circa

297 4529 624 4586 synagogam
657 4516 852 4569 factum
891 4529 1012 4569 esse
1057 4514 1328 4572 dixerunt.
1386 4511 1493 4568 Sed
1543 4512 1631 4566 illa
1680 4510 1894 4579 quidem

297 4606 509 4678 coniugi
538 4621 637 4662 suo
667 4609 874 4677 ingrata
899 4606 1021 4670 fuit,
1055 4604 1296 4661 Ecclesia
1326 4619 1454 4659 vero
1474 4619 1503 4657 a
1529 4603 1714 4684 patriis
1739 4602 1896 4656 malis

299 4699 468 4754 semel
501 4699 751 4764 liberata,
782 4700 835 4754 in
867 4699 1048 4767 sponsi
1081 4699 1328 4767 amplexu
1354 4697 1666 4766 permansit.
1698 4695 1888 4749 Anim-

298 4791 526 4846 adverte
547 4805 611 4846 ea
638 4806 758 4861 quae
787 4790 853 4845 ad
876 4789 1018 4849 Ruth
1045 4797 1288 4858 spectant
1312 4789 1508 4843 nostris
1536 4804 1658 4843 esse
1677 4785 1890 4841 similia.

298 4881 420 4938 llaec
439 4883 641 4954 quippe
667 4883 972 4953 alienigena
1008 4890 1144 4946 erat,
1173 4890 1226 4937 et
1255 4880 1322 4936 ad
1361 4890 1665 4935 extremam.
1696 4893 1894 4948 paupe-

295 4977 426 5030 riem
455 4975 684 5031 deducta
707 4992 722 5040 ;
761 4985 1003 5031 attamen
1021 4974 1212 5031 videns
1233 4974 1376 5028 illam
1400 4973 1563 5038 Booz,
1580 4987 1679 5028 nec
1697 4987 1896 5042 paupe-

296 5068 430 5123 riem
485 5067 773 5137 despexit,
809 5082 984 5137 neque
1028 5066 1259 5136 ignobile
1303 5064 1628 5137 contempsit
1671 5079 1890 5135 genus:

294 5160 748 5230 quemadmodum
777 5169 833 5216 et
864 5159 1108 5216 Christus
1160 5167 1461 5227 susceptam
1490 5155 1806 5220 Ecclesium,
1839 5165 1893 5210 et

293 5255 649 5324 alienigenam
677 5263 731 5309 et
755 5269 1070 5324 magnorum
1101 5251 1324 5322 penuria
1344 5252 1608 5306 bonorum
1639 5251 1893 5304 laboran-

295 5357 426 5412 tem,
474 5347 527 5401 in
569 5356 874 5402 consortem
917 5346 1150 5401 admisit.
1181 5348 1258 5399 Ac
1300 5341 1746 5415 quemadmodum
1780 5343 1888 5412 illa,

295 5440 394 5494 nisi
417 5440 568 5501 prius
591 5448 801 5518 patrem
821 5439 1132 5508 dimisisset,
1151 5437 1370 5494 domum
1399 5436 1810 5508 contempsisset
1835 5445 1890 5492 et

320 5701 331 5708 _
356 5638 374 5669 ι
393 5636 467 5708 ,1η
482 5637 650 5708 Morel.
669 5645 802 5708 post,
834 5638 976 5702 Raab,
996 5639 1124 5692 male
1147 5639 1355 5702 additur,
1370 5647 1416 5693 et
1435 5639 1656 5703 Thamar,
1673 5641 1778 5706 ipsa
1797 5653 1883 5696 se-

293 5701 368 5749 rie
393 5699 578 5750 lapsum
601 5701 861 5752 indicante.

2013 467 2181 521 genus
2209 463 2262 508 et
2294 456 2517 523 patriam
2540 465 2593 510 et
2622 467 2877 527 cognatos
2898 500 2912 523 ,
2946 473 3232 528 numquam
3263 458 3350 512 tali
3393 473 3598 512 connu-

2014 543 2103 598 bio
2124 545 2336 617 dignata
2362 548 2546 602 fuisset
2573 567 2584 601 :
2617 550 2693 604 sic
2723 550 2961 605 Ecclesia
3011 553 3196 621 patriis
3225 551 3462 606 dimissis
3487 567 3602 605 mo-

2011 635 2180 702 ribus,
2215 646 2340 691 tunc
2367 640 2612 694 amabilis
2661 655 2861 711 Sponsa
2893 642 3008 696 fuit.
3041 641 3197 709 Quod
3240 651 3296 697 et
3338 642 3598 712 propheta

2012 735 2182 801 ipsam
2221 735 2500 803 alloquens
2522 735 2757 790 declarat
2782 755 2794 789 :
2832 736 3135 791 Oblivisccrc
3161 739 3403 808 papulum
3431 750 3596 802 tuum,

2008 835 2054 878 et
2075 825 2278 879 domum
2321 828 2478 895 patris
2504 827 2596 891 tui,
2627 838 2672 881 et
2721 831 3035 895 concupiscet
3080 847 3170 884 rea:
3198 833 3426 884 decorem
3455 841 3599 886 tuum

2010 919 2180 990 (Psal.
2212 922 2299 976 44.
2326 922 2418 976 Η.
2458 922 2549 993 12)
2580 939 2595 952 ·
2631 920 2731 977 hoc
2773 932 2827 978 et
2875 923 3019 979 Ruth
3069 923 3196 979 fecit
3221 939 3238 977 ε
3268 926 3387 979 ideo
3435 936 3604 980 mater

2007 1029 2189 1083 regum
2220 1013 2336 1079 fuit,
2361 1015 2809 1086 quemadmodum
2826 1026 2878 1070 et
2902 1017 3134 1072 Ecclesia
3160 1034 3172 1070 :
3198 1032 3265 1073 ex
3298 1019 3383 1072 illa
3407 1020 3603 1088 quippe

2007 1117 2156 1159 ortus
2186 1117 2270 1162 est
2296 1108 2487 1163 David.
2524 1109 2625 1164 Per
2648 1109 2761 1164 hmc
2804 1110 2966 1180 igitur
3015 1113 3190 1164 omnia
3242 1112 3443 1178 pudore
3485 1112 3603 1166 illos

2008 1199 2264 1264 afﬁciens,
2294 1200 2632 1272 suadensque
2661 1218 2726 1255 ne
2755 1203 2918 1256 altum
2941 1212 3208 1272 saperent,
3237 1205 3598 1274 genealogiam

2008 1295 2195 1357 texuit,
2221 1293 2578 1363 mulieresque
2603 1295 2732 1348 istas
2755 1295 2805 1349 in
2837 1295 3072 1350 medium
3103 1297 3342 1366 protulit.
3386 1297 3597 1351 Etenim

2007 1398 2258 1452 magnum
2281 1384 2365 1438 illa
2398 1402 2579 1455 regem
2608 1404 2704 1456 per
2734 1398 2956 1458 nepotes
2986 1390 3208 1460 genuit;
3241 1405 3413 1460 neque
3439 1405 3500 1445 ea
3535 1391 3601 1443 de

2007 1491 2063 1528 re
2093 1475 2359 1530 erubescit
2390 1477 2574 1533 David.

2065 1641 2307 1713 Nequitia
2333 1650 2598 1711 parentum
2625 1657 2726 1694 non
2751 1647 2896 1694 nocet
2930 1641 3098 1710 probis
3121 1654 3138 1693 :
3163 1614 3434 1703 p’arentum
3461 1657 3585 1711 pro-

1993 1735 2119 1789 bitas
2166 1753 2266 1788 non
2304 1734 2504 1803 prodest
2532 1733 2791 1802 improbis.
2824 1762 2896 1773 —
2921 1732 3036 1786 Non
3069 1743 3243 1802 potest
3282 1735 3447 1797 enim,
3480 1751 3584 1786 non

1995 1837 2170 1896 potest
2192 1828 2375 1895 utique
2401 1827 2664 1896 quispiam
2696 1840 2760 1880 ex
2791 1827 2986 1880 virtute
3015 1836 3106 1880 aut
3126 1841 3189 1881 ex
3214 1827 3446 1896 nequitia
3477 1841 3586 1880 ma-

1989 1921 2164 1990 jorum
2209 1930 2298 1973 aut
2337 1921 2533 1988 probus
2570 1929 2662 1973 aut
2695 1920 2969 1990 improbus
3009 1934 3149 1984 esse,
3194 1927 3284 1974 aut
3323 1919 3586 1983 gloriosus

1994 2022 2085 2067 aut
2115 2013 2368 2083 inglorius
2399 2031 2411 2066 :
2443 2028 2628 2067 verttm
2661 2014 2704 2068 si
2733 2014 2856 2084 quid
2894 2015 3084 2067 mirum
3129 2013 3271 2067 dictu
3305 2012 3584 2081 proferen-

1994 2106 2143 2170 dum,
2177 2105 2267 2160 ille.
2309 2105 2496 2174 majori
2527 2107 2686 2174 fulget
2716 2105 3026 2175 splendore,
3050 2106 3136 2174 qui
3166 2121 3228 2159 ex
3273 2120 3376 2157 non
3404 2105 3585 2172 probis
3653 2143 3664 2152 .

1994 2196 2288 2264 majoribus
2327 2206 2497 2262 ortus,
2546 2197 2743 2265 probus
2788 2205 2962 2250 tamen
3010 2196 3229 2250 effectus
3271 2203 3371 2251 est.
3417 2195 3584 2251 Nemo

1996 2289 2155 2356 igitur
2189 2288 2256 2342 de
2298 2289 2362 2344 iis
2403 2290 2569 2343 altum
2613 2288 2804 2358 sapiat,
2858 2288 2950 2343 sed
3000 2289 3348 2346 consideratis
3379 2291 3584 2346 Domini

1994 2380 2445 2449 progenitoribus,
2477 2391 2644 2434 totum
2685 2380 2900 2448 abjiciat
2931 2389 3214 2448 tumorem,
3248 2392 3302 2437 et
3345 2383 3412 2438 de
3454 2385 3583 2438 solis

1994 2471 2163 2541 probe
2212 2473 2376 2542 gestis
2419 2471 2702 2541 glorietur;
2760 2476 2867 2525 imo
2906 2488 3006 2527 nec
3051 2474 3117 2527 de
3148 2474 3269 2528 illis.
3319 2475 3392 2529 lta
3443 2477 3583 2530 enim

1994 2565 2299 2621 Pharisalus
2347 2566 2630 2634 publicano
2671 2565 2894 2620 inferior
2925 2567 3039 2622 fuit.
3079 2567 3132 2623 Si
3173 2569 3251 2623 vis
3289 2570 3430 2624 enim
3475 2587 3586 2625 ma-

1995 2673 2157 2727 gnum
2209 2667 2464 2726 praestare
2510 2655 2734 2719 facinus,
2789 2673 2856 2711 ne
2901 2657 3065 2711 altum
3115 2661 3310 2728 sapias,
3362 2670 3415 2714 et
3463 2669 3586 2715 tunc

1997 2749 2168 2818 majus
2210 2747 2416 2804 facinus
2449 2747 2737 2804 cxhibuisti
2771 2769 2784 2802 :
2816 2766 2880 2803 ne
2916 2759 3075 2819 putes
3116 2760 3166 2804 te
3196 2751 3464 2822 quidpiam
3508 2753 3585 2806 fe-

1995 2843 2154 2908 cisse,
2187 2851 2239 2897 et
2268 2852 2391 2896 tunc
2421 2851 2586 2895 totum
2614 2842 2804 2896 fecisti.
2833 2841 2885 2896 Si
2923 2843 3064 2897 enim
3094 2845 3306 2913 quando
3338 2856 3585 2914 peccato—

1995 2948 2083 2986 res
2117 2947 2320 2995 smnus,
2365 2948 2484 2987 cum
2528 2947 2626 2986 nos
2662 2947 2781 2986 esse
2827 2943 3077 3002 putamus
3111 2935 3159 2988 id
3201 2935 3338 3003 quod
3376 2951 3582 2996 sumus,

1993 3024 2119 3094 justi
2153 3024 2434 3090 efficimur,
2468 3033 2526 3078 ut
2555 3024 2869 3094 publicanus
2897 3025 2986 3080 ille
3010 3043 3022 3076 :
3048 3035 3246 3093 quanto
3268 3027 3435 3096 magis
3463 3043 3582 3081 cum

1993 3116 2120 3186 justi
2167 3131 2372 3180 sumus,
2407 3125 2460 3171 et
2490 3131 2586 3170 nos
2634 3131 2757 3170 esse
2785 3125 3092 3185 peceatores
3136 3117 3498 3171 arbitramur?
3529 3119 3583 3172 Si

1998 3207 2138 3261 enim
2168 3207 2441 3261 humiliter
2465 3222 2653 3276 sapere
2693 3223 2755 3261 ex
2799 3207 3168 3276 peccatoribus
3194 3207 3365 3275 justos
3401 3208 3583 3273 efficit,

1997 3300 2205 3354 etiamsi
2242 3299 2368 3355 illud
2401 3315 2506 3353 non
2533 3315 2659 3354 vere
2682 3298 2956 3353 humilitas
2986 3299 3072 3360 sit,
3103 3299 3195 3353 sed
3225 3301 3365 3366 justa
3399 3301 3584 3354 existi-

1996 3393 2160 3446 matio
2182 3392 2199 3422 ί
2231 3409 2242 3444 :
2277 3392 2319 3445 si
2348 3390 2508 3460 igitur
2542 3390 2657 3444 haec
2679 3389 2822 3459 justa
2854 3390 3178 3445 existimatio
3210 3399 3413 3446 tantum
3441 3391 3582 3445 vaiet

2000 3483 2056 3537 in
2076 3479 2464 3550 peccatoribus,
2497 3476 2620 3546 quid
2645 3486 2747 3529 u'on
2772 3486 2890 3544 aget
2921 3474 3190 3527 Immilitas
3217 3476 3268 3528 in
3293 3474 3588 3542 justis?1\'e

2001 3573 2159 3642 igitur
2187 3571 2396 3626 labores
2422 3580 2538 3623 tuos
2567 3569 2872 3632 labefactes,
2900 3583 3031 3620 neve
3052 3566 3303 3621 sudorum
3337 3565 3585 3619 meritum

2001 3662 2234 3728 auferas,
2285 3678 2350 3716 ne
2395 3676 2530 3716 vane
2575 3675 2760 3714 curras
2795 3667 2914 3729 post
2963 3658 3105 3711 mille
3140 3657 3364 3711 decursa
3419 3654 3585 3708 stadia

1997 3768 2212 3808 omnem
2252 3752 2532 3807 cﬂ'uudens
2560 3751 2820 3804 laborem.
2865 3749 3119 3805 Dominus
3160 3748 3302 3803 enim
3351 3748 3505 3816 longe
3537 3755 3587 3799 te

1997 3845 2184 3897 tnelius
2224 3846 2370 3896 novit
2405 3857 2564 3912 opera
2616 3852 2722 3894 tua.
2765 3839 2821 3894 Si
2859 3840 2941 3894 vel
2981 3851 3158 3908 potum
3199 3854 3350 3908 aqua:
3381 3836 3585 3905 frigidae

1998 3935 2248 4000 dederis,
2283 3949 2350 3990 ne
2402 3933 2532 3988 illud
2575 3932 2789 4002 quidem
2843 3930 3183 4000 deSpicitzsi
3239 3931 3320 3982 vel
3370 3929 3581 3982 obolum

1997 4027 2330 4095 profuderis,
2376 4025 2422 4079 si
2465 4025 2787 4094 ingemueris
2836 4033 3069 4088 tantum,
3116 4022 3292 4076 omnia
3334 4021 3421 4076 ille
3460 4037 3581 4075 cum

1996 4134 2183 4188 magna
2233 4117 2603 4172 benevolentia
2650 4117 2859 4186 recipit,
2909 4116 3098 4168 horum
3149 4115 3481 4180 recordatur,
3529 4127 3581 4169 et

1996 4224 2184 4278 magna
2212 4207 2294 4261 his
2325 4207 2538 4276 prmmia
2569 4206 2773 4260 definit.
2817 4205 2925 4258 Cur
2948 4213 3031 4258 tua
3060 4205 3326 4273 exploras,
3357 4213 3410 4258 et
3437 4219 3579 4273 sarpc

1991 4302 2043 4354 in
2085 4301 2321 4354 medium
2359 4298 2557 4353 affers?
2597 4300 2677 4351 An
2705 4297 2879 4352 nescis
2913 4298 2957 4350 si
2997 4306 3045 4349 te
3082 4295 3288 4362 laudes,
3319 4295 3486 4350 Deum
3528 4305 3578 4349 te

1991 4406 2095 4445 non
2124 4391 2259 4445 ultra
2289 4390 2623 4445 laudaturum
2659 4389 2821 4443 esse?
2851 4387 3297 4458 quemadmodum
3343 4395 3397 4442 et
3437 4388 3481 4441 si
3525 4397 3575 4442 te

1992 4481 2247 4536 miserum
2276 4481 2443 4545 dicas,
2474 4496 2578 4534 non
2610 4491 2939 4534 cessaturum
2969 4489 3020 4534 te
3047 4478 3188 4548 apud
3220 4494 3408 4533 omnes
3441 4495 3577 4549 prae-

1988 4573 2164 4627 dicare
2184 4573 2210 4626 ?
2236 4572 2350 4627 Non
2385 4572 2493 4626 vult
2517 4572 2660 4626 enim
2687 4572 2898 4626 labores
2927 4583 3046 4627 tuos
3087 4573 3138 4624 in
3167 4572 3375 4627 minore
3404 4573 3575 4640 pretio

1989 4664 2192 4719 haberi.
2234 4665 2299 4718 Et
2324 4664 2447 4734 quid
2479 4663 2600 4718 dico
2639 4664 2688 4717 in
2732 4665 2938 4720 minore
2970 4665 3146 4736 pretio
3176 4666 3404 4720 haberi?
3434 4666 3573 4721 Nihil

1987 4770 2092 4809 non
2112 4756 2217 4825 agit
2238 4765 2289 4810 et
2322 4756 2557 4818 molitur,
2582 4763 2640 4808 ut
2659 4755 2739 4808 vel
2762 4771 2826 4810 ex
2850 4756 3025 4825 parvis
3047 4757 3251 4810 meritis
3276 4758 3570 4822 coroneris,

1987 4855 2042 4901 et
2069 4847 2256 4902 circuit
2282 4846 2594 4903 occasiones
2619 4863 2886 4919 qumrens,
2911 4849 3062 4918 queis
3085 4847 3255 4918 possis
3275 4864 3304 4901 a
3330 4849 3572 4919 gehenua

1987 4939 2222 4996 liberari.

2057 5034 2110 5089 5.
2153 5033 2432 5087 Humilitas
2459 5033 2858 5088 commendatur.
2896 5032 3115 5088 Peccata
3140 5035 3414 5101 πίθηκοι-ἕω,
3445 5035 3574 5088 bona

2041 5304 2058 5337 ¹
2092 5302 2148 5352 In
2170 5308 2350 5357 Graeco,
2659 5300 2873 5366 Anianus
2896 5303 3325 5366 vertit,canfessio,
3348 5320 3440 5354 non
3457 5321 3561 5356 ma-

1980 5364 2049 5421 le.
2071 5378 2165 5414 nec
2181 5371 2349 5415 contra
2367 5364 2687 5427 Chrysostomi
2713 5377 2932 5426 scopum,
2971 5366 3054 5427 qui
3081 5364 3174 5415 non
3199 5370 3394 5417 onmiuo
3417 5380 3565 5430 negat

1988 5443 2064 5509 hic
2088 5441 2354 5503 peccatoris
2385 5442 2800 5509 compunctionem
2825 5455 2938 5509 esse
2959 5457 3084 5509 _v_ere
3107 5444 3444 5509 humilitatem,
3482 5451 3572 5499 sed

1987 5505 2052 5551 ait
2072 5515 2201 5559 esse.
2228 5515 2508 5564 enim.wa
2534 5504 2830 5560 probitatem,
2845 5504 3102 5565 justitiam,
3126 5506 3300 5559 iustam
3322 5509 3570 5560 existima-

1985 5565 2023 5614 ti
2040 5577 2176 5631 mem,
2206 5573 2258 5612 ut
2274 5565 2535 5631 distinguat
2549 5577 2578 5612 a
2600 5573 2879 5631 sanctorum
2896 5567 3200 5631 humilitate:
3229 5583 3468 5631 ιδγνυμοσηξσνη
3487 5587 3572 5621 au-

1987 5624 2378 5737 tergballiquando,
2401 5624 2592 5684 aratum
2613 5639 2843 5689 ammum,
2869 5629 3064 5690 indicat,
3088 5624 3377 5693 quandoque
3405 5624 3568 5695 etiam,

1991 5701 2050 5737 nr
2110 5700 2126 5736 ι
2148 5702 2176 5737 a
2199 5699 2288 5737 em.

1991 5694 2288 5747 pravitatem.
