4078 6372
521 328 588 379 57
1203 337 1260 392 S.
1300 337 1585 396 JOANNIS
1623 343 2113 402 CHRYSOSTOMI
2154 347 2470 407 ARCHIEP.
2512 351 3056 408 CONSTANTINOP.
3702 348 3772 400 33

513 449 668 511 apem
693 434 930 494 oblivioni
959 436 1223 490 tradenda.
1254 436 1426 493 Penus
1441 456 1618 494 secura
1650 441 1804 509 probe
1821 451 2097 512 gestorum,

517 505 590 595 est
638 525 819 580 oblivio
863 542 1058 582 eorum.
1085 527 1409 600 -—ldeoque
1459 505 1668 586 etiamsi
1711 531 1763 585 in
1818 509 2101 598 undecima

511 615 641 671 hora
679 618 781 672 diei
817 617 1046 685 labores,
1079 627 1244 674 totam
1269 621 1571 678 mercedem
1613 624 1847 690 tribuet;
1879 624 2101 681 Etiamsi

509 709 705 764 nullan:
747 710 926 764 salutis
962 727 1141 764 ansam
1186 712 1388 778 habeas,
1436 715 1627 783 inquit,
1671 726 1874 787 prepter
1911 734 1991 772 me
2017 722 2100 789 fa-

506 801 658 866 ciam,
691 815 752 854 ne
774 816 952 854 nomen
975 816 1142 854 meum
1163 803 1457 871 profanetur
1480 804 1692 873 (Ezech.
1727 807 1816 862 36.
1842 807 1933 862 2'2.
1960 809 2090 880 5‘2);

510 890 718 946 etiamsi
751 901 950 946 tantum
979 895 1265 964 gemueris,
1297 895 1382 951 vel
1407 896 1804 968 lacrymaveris,
1837 899 1952 957 haec
1986 913 2100 959 sta-

513 984 606 1034 tim
646 981 733 1036 ille
768 984 906 1052 rapit
943 983 995 1037 in
1041 986 1376 1041 occasionem
1405 987 1593 1042 salutis
1636 998 1763 1044 tuae.
1803 990 1882 1048 Ne
1919 1003 2101 1064 .taque

510 1074 850 1138 extollantur,
888 1075 982 1129 sed
1024 1092 1120 1129 nos
1149 1076 1391 1132 dicamus
1425 1080 1661 1146 inutiles,
1706 1091 1763 1138 ut
1803 1083 1958 1140 utiles
1986 1088 2100 1141 eftio

509 1166 735 1221 eiamur.
760 1167 890 1221 Nam
917 1170 960 1223 si
995 1180 1044 1223 te
1067 1170 1382 1226 laudabilem
1413 1173 1636 1242 dixeris,
1667 1176 1868 1234 inutilis
1892 1179 2093 1249 evadis,

509 1261 720 1316 etiamsi
766 1262 1046 1318 laudabilis
1088 1281 1213 1320 vere
1242 1264 1427 1322 fueris.
1469 1268 1525 1325 Si
1567 1278 1619 1325 te
1657 1271 1898 1328 inutilem
1927 1274 2096 1343 dicas,

508 1351 655 1426 utilis
709 1354 912 1419 evadis,
967 1355 1175 1409 etiamsi
1235 1356 1616 1426 improbandus
1660 1359 1848 1416 fueris.
1893 1363 2096 1432 Quam-

506 1441 692 1512 phrem
732 1445 1032 1498 necessaria
1073 1446 1228 1503 nobis
1257 1457 1340 1502 est
1365 1449 1531 1518 probe
1572 1461 1845 1521 gestorum
1873 1455 2094 1512 oblivio.

505 1532 574 1609 Et
617 1535 887 1602 quomodo
935 1550 1239 1604 possumus,
1281 1539 1511 1608 inquies,
1552 1557 1673 1610 qua:
1718 1559 1846 1600 vere
1897 1547 2096 1603 scimus

503 1623 751 1691 ignorare
770 1625 793 1678 ?
809 1625 943 1693 Quid
962 1626 1131 1680 dicis?
1150 1643 1271 1681 cum
1293 1629 1506 1686 assidue
1523 1631 1764 1687 oll'endas
1788 1635 2092 1706 Dominum,

503 1714 775 1786 deliciaris
801 1726 857 1771 et
883 1717 1046 1779 rides.
1090 1734 1154 1774 ac
1180 1735 1357 1791 neque
1393 1723 1500 1778 scis
1536 1733 1589 1779 te
1633 1739 1907 1796 peccasse,
1935 1740 2096 1801 atque

503 1809 683 1881 omnia
727 1810 982 1865 oblivioni
1031 1811 1240 1868 tradis:
1275 1814 1442 1883 probe
1488 1827 1761 1885 gestorum
1807 1835 1936 1876 vero
1985 1838 2092 1878 non

501 1913 656 1974 potes
681 1905 993 1959 memoriam
1031 1905 1299 1975 abjicere?
1327 1907 1550 1963 Etiamsi
1578 1911 1986 1970 vehementiore
2024 1916 2095 1972 sit

499 2011 634 2067 opus
659 1997 870 2052 timore.
903 1996 1012 2050 Nos
1036 2008 1249 2066 contra,
1278 2014 1402 2054 cum
1439 2002 1676 2072 quotidie
1702 2019 2004 2073 peccemus,
2039 2008 2091 2063 id

421 2153 428 2158 α
498 2105 570 2154 ne
617 2088 673 2143 in
716 2099 894 2144 mente
933 2090 1149 2160 quidem
1188 2093 1513 2158 retinemus;
1560 2096 1605 2149 si
1654 2110 1783 2151 vero
1831 2097 2092 2155 tantillum

505 2182 746 2247 pecunia:
774 2184 990 2250 pauperi
1022 2182 1232 2248 demus,
1275 2185 1406 2239 illud
1435 2201 1527 2240 sus
1563 2186 1739 2255 deque
1765 2203 2044 2246 versamus
2071 2207 2088 2247 :

497 2269 550 2346 id
585 2272 725 2342 quod
755 2284 1008 2328 extremm
1038 2285 1120 2329 est
1146 2275 1484 2344 insipientiai,
1513 2279 1909 2348 maximumque
1937 2284 2091 2339 colli-

495 2362 671 2430 geutis
696 2361 1093 2418 detrimentum.
1125 2363 1304 2420 Penus
1328 2366 1470 2421 enim
1500 2381 1687 2423 secura
1714 2370 1881 2439 probe
1905 2383 2082 2444 gesto-

495 2469 636 2520 rum,
684 2465 768 2509 est
817 2454 1015 2510 oblivio
1079 2471 1287 2512 eorum.
1345 2461 1425 2514 Ac
1467 2462 1916 2529 quemadmodum
1964 2481 2086 2522 eum

495 2544 819 2600 vestimenta
849 2557 901 2601 et
931 2561 1117 2601 aurum
1160 2548 1212 2602 in
1242 2549 1355 2604 foro
1375 2551 1680 2620 pandimus,
1709 2555 1908 2613 multos
1931 2558 2089 2613 nobis

496 2634 844 2714 insidiatores
890 2652 1174 2707 paramus,
1213 2641 1258 2693 si
1301 2655 1430 2696 vero
1472 2642 1618 2698 domi
1657 2643 1988 2714 deponamus
2031 2658 2085 2704 ct

499 2713 852 2795 occultemus,
890 2729 942 2782 in
972 2738 1083 2782 tuto
1113 2732 1290 2784 omnia
1333 2732 1658 2789 collocamus
1687 2752 1702 2790 :
1729 2713 1801 2791 ita
1847 2747 1901 2792 et
1943 2749 2089 2796 recte

494 2819 656 2885 facta,
689 2820 732 2873 si
764 2820 1072 2890 frequenter
1100 2821 1154 2876 in
1202 2823 1458 2878 memoria
1487 2826 1944 2894 circumferamus,
1987 2831 2089 2884 Do-

493 2909 700 2964 minum
729 2912 794 2964 ad
823 2912 954 2966 iram
979 2912 1336 2980 concitamus,
1364 2913 1681 2986 hostemque
1707 2933 1998 2988 armamus,
2030 2932 2086 2977 et

494 3001 564 3084 ad
594 3001 791 3057 furtum
819 3003 1135 3071 invitamus;
1161 3006 1243 3061 sin
1274 3022 1402 3064 vero
1443 3024 1600 3063 nemo
1629 3010 1681 3064 id
1710 3011 1913 3079 scierit,
1948 3031 2083 3083 pra:-

495 3103 578 3148 ter
599 3109 722 3148 emn
759 3110 916 3164 quem
949 3096 1119 3150 solum
1152 3097 1267 3153 haec
1301 3113 1458 3154 nosse
1487 3108 1717 3170 oportet,
1749 3103 1802 3158 in
1847 3113 1960 3159 tuto
2001 3106 2085 3159 illa

511 3187 691 3235 erunt.
729 3178 808 3234 Ne
852 3184 1042 3258 itaque
1081 3184 1169 3238 illa
1229 3184 1542 3254 frequenter
1590 3202 1796 3251 verses,
1848 3204 1913 3242 ne
1957 3189 2082 3258 quis

513 3267 604 3321 illa
649 3256 915 3338 diripiat;
953 3273 1166 3341 idquod
1191 3273 1470 3328 Pharisaeo
1526 3276 1742 3338 accidit,
1771 3279 1864 3346 qui
1900 3256 1990 3330 nui
2027 3280 2082 3332 in

491 3361 592 3404 ore
619 3347 824 3406 ferebat
850 3369 866 3406 ;
894 3366 1220 3425 quapropter
1255 3372 1320 3412 ea
1361 3357 1476 3428 ipsa
1517 3359 1763 3417 diabolus
1805 3361 2076 3433 abripuit;

491 3439 705 3503 etiamsi
730 3457 851 3496 cum
887 3446 1179 3514 gratiarum
1216 3448 1463 3504 actione‘
1494 3449 1585 3504 illa
1613 3463 2080 3520 commemoraret,

492 3531 778 3603 omniaque
807 3533 1034 3591 referret
1061 3538 1194 3594 Deo.
1215 3539 1414 3595 Verum
1447 3541 1548 3597 hoc
1572 3559 1678 3597 non
1705 3546 1836 3599 satis
1865 3545 1938 3600 illi
1965 3546 2079 3600 fuit.

487 3629 608 3685 Non
655 3635 799 3688 enim
842 3639 1131 3706 gratiarum
1177 3639 1406 3694 actionis
1446 3649 1530 3695 est
1575 3641 1710 3697 alios
1754 3643 2080 3714 vituperare,

489 3721 592 3776 sibi
623 3737 691 3778 ex
719 3725 959 3795 plurimis
986 3727 1214 3798 gloriam
1247 3742 1511 3798 quaerere,
1559 3739 1615 3785 et
1641 3741 1826 3786 contra
1854 3747 2083 3802 peccan-

490 3820 575 3890 tes
619 3813 820 3870 efferri.
864 3815 923 3871 Si
970 3817 1112 3872 enim
1141 3818 1341 3889 gratias
1384 3819 1498 3875 Deo
1542 3822 1678 3891 agis,
1716 3821 1817 3878 hac
1859 3825 1973 3878 sola
2021 3839 2082 3879 re

487 3912 771 3974 contentus
814 3916 952 3973 esto,
999 3919 1054 3964 et
1092 3924 1160 3965 ne
1190 3909 1244 3964 id
1290 3910 1496 3966 referas
1536 3912 1863 3980 hominibus,
1906 3930 2080 3985 neque

482 3997 745 4074 judicium
789 4000 931 4056 feras
957 4001 1024 4058 de
1051 4003 1297 4074 proximo
1325 4021 1339 4058 :
1373 4006 1425 4060 id
1463 4006 1606 4062 enim
1632 4023 1738 4062 non
1767 4019 1852 4063 est
1877 4011 2076 4079 gratia-

485 4104 606 4168 rum
630 4093 874 4149 actionis.
907 4094 963 4150 Si
1007 4098 1302 4167 gratiarum
1345 4100 1573 4156 actionis
1601 4101 1818 4156 modum
1853 4103 1934 4158 vis
1962 4103 2077 4160 edi-

483 4195 661 4252 scere,
688 4184 812 4240 audi
837 4193 947 4242 tres
972 4203 1167 4257 pueros
1190 4187 1431 4245 dicentes
1460 4208 1473 4244 :
1509 4189 1858 4261 Peccavimus,
1889 4195 2077 4265 injuste

483 4274 678 4350 egimus
715 4291 735 4329 :
752 4278 926 4347 justus
969 4295 1043 4345 es,
1094 4279 1341 4346 Domine,
1385 4283 1440 4336 in
1477 4284 1708 4340 omnibus
1758 4303 1872 4357 quia
1909 4289 2075 4358 fecisti

481 4365 648 4438 nobis,
677 4367 799 4439 quia
836 4368 889 4422 in
937 4385 1050 4424 vero
1083 4371 1286 4441 judicio
1333 4375 1504 4428 omnia
1551 4376 1799 4432 induxisti
1824 4377 1984 4452 (Dan.
2013 4382 2070 4436 5.

481 4454 573 4520 39.
603 4455 694 4513 27.
723 4458 837 4539 Si).
865 4459 1088 4530 Propria
1115 4464 1255 4518 enim
1282 4476 1496 4534 peccata
1537 4469 1801 4535 confiteri,
1835 4472 1958 4528 illud
1988 4482 2073 4528 est

479 4546 678 4628 gratias
706 4563 862 4619 agere
893 4551 1003 4607 Deo
1041 4553 1408 4624 confitentem,
1436 4558 1526 4628 qui
1552 4558 1789 4615 declarat
1819 4577 1878 4618 se
1910 4564 2070 4618 innu-

479 4626 644 4718 meris
687 4640 976 4699 obnoxium
1021 4660 1141 4701 esse
1188 4650 1440 4718 peccatis,
1490 4666 1591 4706 nec
1633 4653 1813 4710 subire
1854 4670 2067 4726 ptenam

477 4716 768 4808 recusare:
799 4733 886 4789 hic
923 4737 1160 4791 omnium
1191 4716 1421 4795 maxime
1462 4745 1660 4812 gratias
1702 4747 1828 4816 agit.
1859 4749 2065 4804 Cavea-

478 4837 601 4906 mus
631 4824 788 4896 igitur
817 4844 885 4884 ne
914 4830 979 4883 ad
1007 4831 1216 4886 laudem
1251 4844 1486 4889 nostram
1514 4838 1638 4907 quid
1663 4838 1946 4910 loquamur
1975 4860 1987 4895 :
2013 4843 2065 4899 id

478 4916 622 4971 enim
666 4933 766 4974 nos
793 4929 848 4975 et
889 4921 1196 4994 hominibus
1233 4927 1451 4982 odiosus
1487 4940 1541 4984 et
1569 4930 1682 4986 Deo
1708 4936 2066 4994 exsecrandos

473 5010 668 5078 reddit.
707 5011 912 5082 Idcirco
950 5031 1055 5085 quo
1081 5018 1280 5086 majora
1313 5021 1616 5089 fecerimus,
1663 5041 1729 5082 eo
1759 5028 1964 5082 minora
1996 5031 2064 5084 de

472 5099 630 5158 nobis
653 5103 927 5170 dicamus;
957 5107 1024 5160 ita
1055 5110 1196 5163 enim
1234 5126 1478 5182 magnam
1523 5129 1913 5186 consequenmr
1942 5119 2062 5189 glo-

473 5194 609 5258 riam
634 5211 754 5251 cum
784 5198 927 5268 apud
967 5199 1232 5268 homines,
1263 5213 1372 5259 tum
1413 5207 1553 5276 apud
1582 5208 1770 5277 Deum,
1804 5212 1913 5266 imo
1952 5229 2058 5269 non

473 5293 677 5341 tantum
705 5287 926 5358 gloriam
948 5290 1088 5360 apud
1111 5292 1300 5360 Deum,
1330 5295 1425 5350 sed
1456 5313 1699 5368 magnam
1732 5305 2058 5361 mercedem.

471 5372 551 5464 bis
587 5375 747 5464 igitur
775 5381 1077 5437 mercedem
1113 5383 1314 5456 exigas,
1362 5396 1422 5442 ut
1461 5389 1766 5446 mercedem
1807 5395 2057 5464 recipias.

467 5451 744 5516 Conﬁtere
764 5465 815 5512 te
831 5474 931 5529 per
945 5464 1178 5532 gratiam
1197 5451 1430 5528 salutem
1449 5478 1731 5546 consequi,
1754 5486 1814 5531 ut
1837 5451 1936 5532 tibi
1957 5451 2048 5534 ille

541 5669 559 5700 ³
587 5669 785 5732 Morel.,
811 5685 920 5724 cum
942 5673 1141 5739 gaudio.

2200 469 2260 511 se
2296 451 2592 510 debitorem
2643 471 2763 512 esse
2801 458 3139 524 conﬁteatur,
3180 474 3288 516 non
3330 461 3402 518 ob
3427 463 3595 534 probe
3635 482 3788 539 gesta

2201 555 2425 610 tantum,
2473 546 2569 601 sed
2615 546 2686 602 ob
2721 557 2929 618 gratum
2972 549 3210 604 animum
3252 559 3421 607 tuum.
3462 555 3597 611 Cum
3641 563 3789 614 eiiim

2199 649 2346 694 recte
2392 655 2698 709 operantur,
2745 642 2998 712 operibus
3027 652 3228 698 tantum
3270 644 3569 703 debitorem
3614 650 3786 721 ipsum

2198 729 2459 786 habemus
2485 748 2498 792 :
2522 747 2641 786 cum
2670 748 2774 795 non
2797 743 3047 805 putamus
3068 750 3165 789 nos
3184 736 3378 807 aliquid
3400 749 3546 794 recte
3572 741 3780 811 fet-i989.

2199 835 2296 889 pro
2334 821 2427 876 illo
2457 823 2572 892 ipso
2597 820 2789 878 affectu
2822 824 2989 893 magis
3019 841 3178 894 quam
3224 843 3320 896 pro
3347 831 3604 898 operibus
3630 834 3782 888 dehi-

2201 920 2368 966 torem
2398 912 2656 967 habemus
2681 930 2695 968 :
2719 914 2792 969 ita
2834 923 2892 968 ut
2929 915 2984 969 id
3017 916 3147 986 ipsis
3173 918 3244 972 sit
3268 921 3522 989 operibus
3547 927 3784 995 aequipa-

2197 1005 2444 1060 randum.
2490 1006 2547 1061 Si
2600 1007 2701 1062 hoc
2740 1006 2883 1062 enim
2933 1024 3038 1063 non
3089 1009 3267 1078 adsit,
3315 1012 3405 1067 illa
3455 1028 3619 1085 opera
3676 1033 3786 1072 non

2199 1112 2390 1168 magna
2435 1098 2774 1155 videbuntur.
2832 1099 3105 1172 Siquidem
3149 1112 3205 1158 et
3259 1119 3360 1160 nos
3401 1121 3616 1177 quoque
3663 1120 3794 1166 tunc

2197 1189 2428 1245 maxime
2461 1189 2688 1246 famulos
2731 1201 2945 1248 nostros
2989 1203 3236 1265 acceptos
3263 1194 3543 1264 habemus,
3571 1202 3790 1270 quando

2194 1281 2373 1336 omnia
2399 1297 2518 1336 cum
2544 1281 2916 1338 benevolentia
2941 1294 3179 1354 agentes,
3202 1287 3336 1344 nihil
3360 1303 3422 1345 se
3440 1291 3620 1363 magni
3652 1307 3793 1364 pra:-

2195 1373 2395 1428 sutisse
2420 1383 2626 1444 putant.

2266 1538 2318 1592 Η
2324 1540 2546 1595 umilitas
2570 1544 2952 1600 commodatur
2974 1556 3030 1603 ut
3048 1550 3211 1605 omnis
3233 1551 3571 1626 philosophia
3593 1559 3786 1628 princi-

2191 1632 2352 1701 pium.
2375 1663 2450 1674 --
2477 1633 2658 1705 Itaque
2685 1636 2733 1692 si
2758 1638 2837 1693 vis
2863 1653 3022 1710 opera
3050 1650 3137 1698 tua
3159 1643 3296 1700 bona
3325 1662 3515 1717 magna
3542 1665 3685 1718 esse,
3712 1668 3785 1707 ne

2191 1739 2380 1794 magna
2408 1740 2527 1781 esse
2553 1737 2724 1797 putes,
2753 1739 2982 1801 tuncque
3007 1748 3194 1804 magna
3221 1746 3397 1792 erunt.
3427 1738 3513 1794 Sic
3539 1747 3785 1797 centurio

2190 1815 2400 1871 dicebat
2421 1859 2436 1882 ,
2473 1817 2592 1872 Non
2620 1835 2734 1874 sum
2763 1821 2946 1893 dignus
2980 1834 3034 1876 ut
3070 1825 3226 1881 intres
3259 1830 3351 1882 sub
3390 1840 3578 1884 tectum
3617 1850 3785 1888 meum

2194 1905 2400 1976 (Matth.
2429 1907 2482 1962 8.
2513 1907 2603 1979 8);
2641 1909 2864 1981 ideoque
2901 1912 3093 1983 dignus
3129 1914 3264 1982 fuit,
3296 1934 3564 1989 supraque
3592 1939 3782 1982 clunes

2186 1996 2402 2053 Judreos
2428 2001 2706 2056 mirabilis.
2737 2003 2810 2058 Ita
2838 2012 2893 2058 et
2916 2004 3110 2062 Paulus
3136 2010 3211 2063 ait
3236 2027 3250 2064 :
3280 2009 3404 2066 Non
3443 2031 3557 2068 sum
3595 2017 3782 2088 dignus

2188 2093 2357 2145 vocari
2379 2095 2640 2164 apostolus
2667 2097 2742 2167 (1.
2777 2096 2894 2151 Cor.
2925 2100 3012 2152 15.
3043 2099 3134 2172 9).
3169 2101 3398 2175 Ideoque
3429 2109 3632 2176 primus
3655 2127 3778 2165 om-

2186 2181 2332 2236 nium
2371 2183 2593 2238 effectus
2631 2195 2731 2240 est.
2773 2186 2861 2242 Sic
2892 2198 2945 2242 et
2967 2188 3240 2246 Joannes:
3276 2193 3397 2250 Non
3436 2215 3549 2252 sum
3596 2202 3782 2270 dignus

2185 2274 2377 2330 solvere
2421 2278 2690 2348 corrigiam
2734 2280 3057 2336 calceamenti
3106 2285 3216 2354 ejus
3265 2283 3471 2358 (Marc.
3522 2292 3574 2346 1.
3627 2294 3680 2346 7.
3727 2305 3779 2349 et

2189 2365 2380 2444 Matth.
2413 2367 2468 2422 ὖ.
2500 2367 2610 2440 11).
2636 2369 2758 2424 Ideo
2785 2380 2839 2426 et
2864 2373 3068 2427 amicus
3092 2378 3273 2444 sponsi
3299 2389 3449 2445 erat,
3481 2391 3536 2436 et
3559 2398 3776 2440 manuni

2185 2456 2356 2524 illam,
2381 2474 2538 2528 quam
2570 2459 2838 2530 indignam
2862 2463 3237 2521 calceamentis
3266 2470 3504 2537 putabat,
3532 2471 3780 2530 Christus

2185 2565 2344 2621 supra
2366 2561 2526 2621 caput
2551 2568 2706 2608 suum
2733 2557 2968 2611 attraxit.
2997 2556 3087 2612 Sic
3114 2569 3167 2612 et
3196 2559 3386 2616 Petrus
3405 2562 3652 2620 dicebat:
3679 2568 3782 2624 Exi

2185 2657 2220 2695 a
2256 2658 2336 2696 me
2357 2684 2373 2710 ,
2413 2643 2533 2714 quia
2572 2645 2723 2700 homo
2761 2658 2994 2717 peccator
3023 2665 3134 2703 sum
3163 2648 3328 2720 (Luc.
3353 2653 3406 2708 5.
3441 2653 3528 2724 8).
3576 2658 3781 2715 Idcirco

2190 2752 2593 2808 fundamentum
2625 2751 2880 2806 Ecclesia:
2904 2752 3074 2806 factus
3093 2760 3194 2806 est.
3225 2752 3364 2806 Nihil
3391 2753 3533 2808 enim
3563 2753 3634 2806 ita
3665 2753 3778 2807 Deo

2188 2851 2398 2914 gratum
2425 2851 2528 2908 est,
2558 2858 2716 2912 quam
2742 2842 2786 2896 si
2818 2842 2936 2912 quis
2961 2857 3020 2897 se
3041 2857 3160 2896 cum
3185 2841 3384 2897 ultimis
3408 2843 3778 2912 peccatoribus

2191 2940 2455 2988 numeret.
2487 2933 2601 2988 Hoc
2625 2931 2800 2996 multis
2823 2931 3177 3003 philosophiae
3204 2933 3522 3004 principium
3549 2942 3650 2988 est.
3673 2933 3776 3002 Qui

2187 3030 2330 3083 enim
2355 3027 2573 3083 humilis
2599 3037 2655 3082 et
2678 3027 2938 3083 contritus
2959 3037 3063 3093 est,
3089 3042 3192 3081 non
3223 3027 3366 3081 inani
3391 3026 3559 3097 gloria
3587 3026 3777 3081 cliere-

2188 3129 2293 3187 tur,
2320 3136 2426 3175 non
2454 3120 2731 3185 irascetur,
2761 3135 2867 3173 non
2901 3118 3143 3188 proximo
3170 3118 3459 3184 invidebit,
3491 3134 3598 3172 non
3629 3118 3773 3172 aliud

2185 3213 2453 3283 quidpiam
2495 3212 2608 3266 vitii
2647 3212 2909 3267 admittet.
2954 3211 3136 3280 Neque
3171 3212 3316 3266 enim
3343 3210 3628 3266 contritam
3658 3225 3774 3264 ina-

2184 3320 2330 3368 num,
2361 3305 2699 3374 quantumvis
2742 3303 3128 3360 contendamus
3151 3344 3166 3369 ,
3213 3318 3496 3373 possumus
3524 3305 3574 3359 in
3604 3304 3769 3357 altum

2181 3397 2392 3453 elferre.
2437 3397 2493 3453 Si
2539 3397 2716 3468 itaque
2757 3399 2834 3453 sic
2876 3399 3106 3452 animam
3149 3409 3520 3461 conteramus,
3559 3399 3769 3452 etiamsi

2179 3492 2357 3547 cordis
2379 3491 2602 3547 allectus
2629 3493 2892 3546 innumeri
2922 3493 3066 3546 illam
3093 3491 3276 3548 inﬂare
3297 3503 3348 3548 et
3369 3494 3634 3549 extollere
3654 3504 3772 3555 ten-_

2179 3594 2312 3652 teut,
2332 3601 2399 3640 ne
2414 3585 2498 3640 vel
2527 3585 2805 3640 mininmm
2834 3586 3029 3655 poterit
3053 3587 3202 3656 erigi.
3230 3587 3286 3643 Si
3313 3587 3455 3642 enim
3483 3589 3572 3658 qui
3598 3603 3768 3642 sarcu-

2177 3678 2306 3731 Iaria
2349 3677 2542 3732 damna
2583 3677 2865 3748 deplorat,
2892 3692 3080 3734 omnes
3109 3695 3140 3732 a
3172 3694 3231 3733 se
3261 3679 3407 3750 fugat
3433 3683 3624 3734 anima:
3655 3681 3770 3735 lan-

2175 3783 2371 3839 guores
2401 3787 2414 3824 :
2445 3769 2613 3824 multo
2634 3771 2804 3841 magis
2829 3769 2920 3826 ille
2939 3770 3026 3840 qui
3050 3785 3148 3841 pro
3173 3773 3404 3840 peccatis
3428 3772 3479 3827 id
3500 3773 3631 3842 agit,
3652 3774 3769 3842 phi-

2175 3860 2417 3930 losophia
2460 3861 2712 3930 potietur.
2759 3861 2826 3916 Et
2870 3864 2990 3932 quis
3028 3863 3099 3916 ita
3143 3863 3369 3932 poterit,
3403 3863 3640 3934 inquies.
3671 3879 3768 3919 cor

2174 3968 2328 4009 suum
2356 3953 2674 4010 conterere?
2713 3954 2850 4009 Audi
2894 3955 3183 4021 Davidem,
3223 3957 3314 4026 qui
3355 3957 3455 4012 hac.
3497 3956 3564 4012 de
3602 3972 3766 4013 causa

2174 4047 2404 4102 maxime
2433 4046 2740 4116 splendidus
2770 4046 2886 4114 fuit,
2915 4057 2970 4102 et
2993 4047 3115 4103 vide
3141 4048 3255 4117 ejus
3285 4049 3446 4103 animi
3477 4050 3762 4114 contritio-

2174 4154 2318 4193 nem.
2347 4139 2477 4194 Post
2505 4139 2781 4194 innumera
2813 4139 3071 4210 praeclare
3096 4150 3242 4211 gesta
3262 4183 3279 4208 ,
3307 4156 3428 4197 cum
3461 4143 3761 4212 proximum

2173 4239 2317 4283 esset
2340 4237 2397 4283 ut
2419 4230 2611 4299 patria,
2640 4228 2802 4284 domo
2830 4239 2884 4284 et
2913 4230 3022 4301 ipsa
3055 4231 3160 4285 vita
3187 4231 3460 4286 excideret
3479 4274 3493 4298 ,
3527 4233 3642 4302 ipso
3667 4248 3761 4287 ca-

2171 4317 2420 4374 lamitatis
2444 4329 2704 4391 tempore,
2731 4321 2889 4377 vilem
2919 4322 3293 4394 abjectumque
3323 4324 3544 4379 militem
3575 4325 3765 4395 videns

2170 4411 2510 4467 insultantem
2547 4412 2645 4469 sibi
2672 4421 2728 4469 et
2755 4413 3140 4469 eonviciantem
3166 4455 3182 4481 ,
3229 4430 3333 4469 non
3373 4416 3545 4471 solum
3587 4419 3759 4474 vicem

2171 4517 2276 4555 non
2307 4502 2574 4566 reddidit,
2616 4503 2710 4558 sed
2736 4504 2896 4558 etiam
2925 4506 3114 4560 ducem
3144 4507 3446 4577 quempiam
3479 4508 3652 4576 ipsum
3678 4510 3760 4564 in-

2170 4596 2417 4649 terimere
2438 4596 2702 4651 volentem
2727 4597 3020 4667 impedivit,
3049 4598 3232 4654 dicens
3258 4619 3272 4654 :
3301 4599 3553 4656 Dimittite
3575 4601 3720 4656 illam
3739 4645 3755 4676 ,

2165 4685 2287 4754 quia
2311 4684 2561 4740 Dominus
2588 4686 2844 4740 mandauit
2878 4689 2924 4742 ei
2951 4688 3043 4758 (2.
3074 4688 3198 4760 Reg.
3230 4689 3319 4745 16.
3344 4692 3404 4745 11
3435 4691 3475 4762 ).
3523 4679 3757 4748 Rursum

2165 4775 2529 4831 sacerdotibus
2556 4779 2883 4848 rogantibus,
2914 4780 3099 4835 liceret
3139 4781 3239 4835 sibi
3281 4797 3401 4836 cum
3447 4783 3537 4837 illo
3573 4798 3754 4838 arcam

2164 4867 2512 4924 circumferre
2531 4911 2546 4934 ,
2578 4871 2627 4923 id
2658 4886 2763 4924 non
2796 4886 2984 4941 passus
3013 4883 3096 4927 est
3125 4889 3139 4926 :
3163 4873 3256 4928 sed
3282 4874 3406 4944 quid
3429 4876 3543 4929 ait?
3582 4875 3758 4930 Reduc

2161 4975 2333 5011 arcam
2355 4957 2562 5013 Domini
2585 4960 2638 5014 in
2664 4961 2937 5028 civitatem,
2968 4972 3014 5016 et
3038 4971 3131 5016 stet
3154 4964 3207 5016 in
3234 4965 3346 5018 loco
3379 4982 3492 5020 suo.
3523 4966 3586 5021 Si
3611 4969 3755 5020 inve-

2161 5067 2281 5105 nero
2301 5053 2590 5122 gratiamin
2606 5067 2876 5126 conspectu
2896 5055 3124 5122 Domini,
3140 5067 3185 5110 et
3207 5057 3489 5115 liberaverit
3510 5078 3589 5116 me
3616 5061 3758 5117 Dens

2159 5143 2224 5197 de
2245 5143 2547 5199 instantibus
2577 5145 2726 5201 malis
2745 5148 2783 5214 ί,
2812 5147 2986 5202 videbo
3019 5148 3250 5204 decorem
3275 5151 3418 5222 ejus;
3459 5154 3538 5208 sin
3568 5153 3755 5217 dixerit

2218 5365 2234 5394 ι
2260 5360 2353 5410 Hic
2377 5363 2636 5412 admodum
2661 5365 2848 5415 variant
2869 5368 3188 5429 exemplaria.
3212 5369 3362 5419 Savil.
3387 5378 3440 5420 et
3461 5371 3738 5424 δῖοι-θηλει-

2152 5423 2278 5492 bent
2302 5431 2356 5492 ut
2379 5438 2427 5492 in
2451 5432 2592 5492 testu
2620 5441 2629 5472 :
2654 5423 3114 5492 manuscriptiv'ero
3139 5434 3280 5481 multi
3309 5432 3514 5482 Codices
3538 5433 3626 5492 sic,
3651 5423 3742 5487 sed

2154 5484 2288 5536 stabo
2311 5483 2359 5534 in
2380 5488 2574 5548 templo,
2595 5487 2704 5537 etsi
2728 5483 3004 5540 liberaverit
3045 5505 3120 5542 me
3154 5491 3215 5542 de
3259 5492 3546 5545 instantibus
3568 5483 3737 5547 ruat—is:

2158 5548 2422 5622 tilaee‘e‘st.
2451 5547 2602 5597 lectio
2641 5551 2819 5622 Graeca.
2843 5553 2930 5622 ed.‘
2965 5551 3131 5622 lfieIdL
3153 5568 3301 5622 quam
3352 5555 3732 5622 esseripsimus.

2156 5610 2317 5677 Ευιτ.)
2333 5607 2553 5678 Atrianus
2574 5610 2819 5678 vero,_sed
2843 5618 2951 5678 stet,
2978 5611 3150 5678 inquit,
3172 5607 3221 5664 in
3247 5617 3424 5678 (erupto
3445 5631 3463 5667 :
3486 5607 3536 5678 εἰ
3554 5617 3596 5667 si
3617 5607 3738 5669 (ibe;

2153 5671 2333 5745 mserit
2356 5683 2431 5721 me
2466 5673 2592 5745 Deus
2613 5673 2675 5725 de
2719 5671 3000 5726 instrmtibus
3024 5671 3120 5726 mal
3128 5678 3188 5739 is,
3213 5671 3384 5728 videbo
3407 5677 3740 5745 pulchritudi:

2157 5743 2264 5783 nem
2287 5744 2409 5796 ejus,
2437 5739 2537 5792 etc.
3408 5739 3422 5766 ί
3711 5751 3716 5757 ·
