  <div class='ocr_page' id='page_1' title='image "/cluster/home/n/w/nwhite01/storage/ocr_20150623/57/nnc1.0046980075/051.png"; bbox 0 0 4078 6372; ppageno 0'>
   <div class='ocr_carea' id='block_1_1' title="bbox 412 387 3708 473">
    <p class='ocr_par' dir='ltr' id='par_1_1' title="bbox 412 387 3708 473">
     <span class='ocr_line' id='line_1_1' title="bbox 412 387 3708 473; baseline 0.008 -27"><span class='ocrx_word' id='word_1_1' title='bbox 412 387 482 446; x_wconf 65' lang='grc'>39</span> <span class='ocrx_word' id='word_1_2' title='bbox 756 437 758 440; x_wconf 47' lang='grc' dir='ltr'>μ</span> <span class='ocrx_word' id='word_1_3' title='bbox 1129 387 1189 446; x_wconf 89' lang='lat' dir='ltr'>S.</span> <span class='ocrx_word' id='word_1_4' title='bbox 1227 387 1508 447; x_wconf 76' lang='lat' dir='ltr'>JOANNIS</span> <span class='ocrx_word' id='word_1_5' title='bbox 1544 389 2021 448; x_wconf 75' lang='lat' dir='ltr'>CHRYSOSTOMI</span> <span class='ocrx_word' id='word_1_6' title='bbox 2057 392 2376 453; x_wconf 80' lang='lat' dir='ltr'>ARCHIEP.</span> <span class='ocrx_word' id='word_1_7' title='bbox 2417 395 2949 461; x_wconf 81' lang='lat' dir='ltr'>CONSTANTINOP.</span> <span class='ocrx_word' id='word_1_8' title='bbox 3637 414 3708 473; x_wconf 78' lang='grc' dir='ltr'>ιο</span> 
     </span>
    </p>
   </div>
   <div class='ocr_carea' id='block_1_2' title="bbox 433 494 2007 565">
    <p class='ocr_par' dir='ltr' id='par_1_2' title="bbox 433 494 2007 565">
     <span class='ocr_line' id='line_1_2' title="bbox 433 494 2007 565; baseline -0.001 -17"><span class='ocrx_word' id='word_1_9' title='bbox 433 495 626 564; x_wconf 81' lang='grc' dir='ltr'>αὐτῆς</span> <span class='ocrx_word' id='word_1_10' title='bbox 643 513 657 529; x_wconf 93' lang='grc'>·</span> <span class='ocrx_word' id='word_1_11' title='bbox 691 495 768 551; x_wconf 82' lang='grc' dir='ltr'>ἂν</span> <span class='ocrx_word' id='word_1_12' title='bbox 786 495 855 549; x_wconf 76' lang='grc' dir='ltr'>δὲ</span> <span class='ocrx_word' id='word_1_13' title='bbox 876 496 1014 563; x_wconf 61' lang='lat' dir='ltr'>sum</span> <span class='ocrx_word' id='word_1_14' title='bbox 1025 513 1146 565; x_wconf 84' lang='grc' dir='ltr'>μοι,</span> <span class='ocrx_word' id='word_1_15' title='bbox 1187 498 1268 549; x_wconf 86' lang='grc' dir='ltr'>Οὐ</span> <span class='ocrx_word' id='word_1_16' title='bbox 1291 494 1581 562; x_wconf 78' lang='grc' dir='ltr'>τεθέληκᾱ</span> <span class='ocrx_word' id='word_1_17' title='bbox 1605 508 1697 558; x_wconf 85' lang='grc' dir='ltr'>σε,</span> <span class='ocrx_word' id='word_1_18' title='bbox 1723 494 1852 547; x_wconf 78' lang='grc' dir='ltr'>ἰδοὺ</span> <span class='ocrx_word' id='word_1_19' title='bbox 1872 495 2007 564; x_wconf 78' lang='grc' dir='ltr'>ἐγω,</span> 
     </span>
    </p>
   </div>
   <div class='ocr_carea' id='block_1_3' title="bbox 434 585 2006 660">
    <p class='ocr_par' dir='ltr' id='par_1_3' title="bbox 434 585 2006 660">
     <span class='ocr_line' id='line_1_3' title="bbox 434 585 2006 660; baseline -0.002 -17"><span class='ocrx_word' id='word_1_20' title='bbox 434 590 669 644; x_wconf 72' lang='grc' dir='ltr'>ποιείτω</span> <span class='ocrx_word' id='word_1_21' title='bbox 683 605 784 660; x_wconf 80' lang='grc' dir='ltr'>μοι</span> <span class='ocrx_word' id='word_1_22' title='bbox 809 589 877 642; x_wconf 78' lang='grc' dir='ltr'>τὸ</span> <span class='ocrx_word' id='word_1_23' title='bbox 907 587 1168 659; x_wconf 81' lang='grc' dir='ltr'>ἀρεστὸν</span> <span class='ocrx_word' id='word_1_24' title='bbox 1194 585 1450 641; x_wconf 68' lang='grc' dir='ltr'>ἐνώπιον</span> <span class='ocrx_word' id='word_1_25' title='bbox 1469 587 1676 641; x_wconf 86' lang='grc' dir='ltr'>αὐτοῦ.</span> <span class='ocrx_word' id='word_1_26' title='bbox 1712 587 1787 639; x_wconf 83' lang='grc' dir='ltr'>Τὸ</span> <span class='ocrx_word' id='word_1_27' title='bbox 1819 587 1875 640; x_wconf 86' lang='grc' dir='ltr'>δὲ</span> <span class='ocrx_word' id='word_1_28' title='bbox 1913 588 2006 640; x_wconf 82' lang='grc' dir='ltr'>ἐπὶ</span> 
     </span>
    </p>
   </div>
   <div class='ocr_carea' id='block_1_4' title="bbox 427 675 2003 745">
    <p class='ocr_par' dir='ltr' id='par_1_4' title="bbox 427 675 2003 745">
     <span class='ocr_line' id='line_1_4' title="bbox 427 675 2003 745; baseline -0.004 -13"><span class='ocrx_word' id='word_1_29' title='bbox 427 679 523 734; x_wconf 89' lang='grc' dir='ltr'>τοῦ</span> <span class='ocrx_word' id='word_1_30' title='bbox 549 679 719 732; x_wconf 81' lang='grc' dir='ltr'>Σαοὺλ</span> <span class='ocrx_word' id='word_1_31' title='bbox 756 678 852 732; x_wconf 60' lang='grc' dir='ltr'>καὶ¹</span> <span class='ocrx_word' id='word_1_32' title='bbox 883 677 1030 743; x_wconf 76' lang='grc' dir='ltr'>ἅπαξ</span> <span class='ocrx_word' id='word_1_33' title='bbox 1061 677 1154 730; x_wconf 78' lang='grc' dir='ltr'>καὶ</span> <span class='ocrx_word' id='word_1_34' title='bbox 1179 676 1261 738; x_wconf 71' lang='grc' dir='ltr'>δὶς</span> <span class='ocrx_word' id='word_1_35' title='bbox 1283 676 1328 707; x_wconf 80' lang='grc'>⁸⁸</span> <span class='ocrx_word' id='word_1_36' title='bbox 1359 677 1453 729; x_wconf 78' lang='grc' dir='ltr'>καὶ</span> <span class='ocrx_word' id='word_1_37' title='bbox 1483 675 1741 739; x_wconf 81' lang='grc' dir='ltr'>πολλάκις</span> <span class='ocrx_word' id='word_1_38' title='bbox 1774 691 2003 745; x_wconf 84' lang='grc' dir='ltr'>γεγενη-</span> 
     </span>
    </p>
   </div>
   <div class='ocr_carea' id='block_1_5' title="bbox 431 763 1999 840">
    <p class='ocr_par' dir='ltr' id='par_1_5' title="bbox 431 763 1999 840">
     <span class='ocr_line' id='line_1_5' title="bbox 431 763 1999 840; baseline -0.004 -18"><span class='ocrx_word' id='word_1_39' title='bbox 431 769 608 840; x_wconf 85' lang='grc' dir='ltr'>μένον,</span> <span class='ocrx_word' id='word_1_40' title='bbox 633 769 792 823; x_wconf 88' lang='grc' dir='ltr'>ποίαν</span> <span class='ocrx_word' id='word_1_41' title='bbox 820 769 922 821; x_wconf 88' lang='grc' dir='ltr'>οὐκ</span> <span class='ocrx_word' id='word_1_42' title='bbox 954 767 1286 820; x_wconf 74' lang='grc' dir='ltr'>ἐνδείκνυται</span> <span class='ocrx_word' id='word_1_43' title='bbox 1315 764 1629 835; x_wconf 75' lang='grc' dir='ltr'>φιλοσοφίας</span> <span class='ocrx_word' id='word_1_44' title='bbox 1665 763 1999 836; x_wconf 84' lang='grc' dir='ltr'>ὑπερϐολήν;</span> 
     </span>
    </p>
   </div>
   <div class='ocr_carea' id='block_1_6' title="bbox 428 854 2002 929">
    <p class='ocr_par' dir='ltr' id='par_1_6' title="bbox 428 854 2002 929">
     <span class='ocr_line' id='line_1_6' title="bbox 428 854 2002 929; baseline -0.002 -17"><span class='ocrx_word' id='word_1_45' title='bbox 428 861 537 914; x_wconf 75' lang='grc' dir='ltr'>Καὶ</span> <span class='ocrx_word' id='word_1_46' title='bbox 570 859 680 929; x_wconf 91' lang='grc' dir='ltr'>γάρ</span> <span class='ocrx_word' id='word_1_47' title='bbox 723 859 815 913; x_wconf 73' lang='grc' dir='ltr'>καὶ</span> <span class='ocrx_word' id='word_1_48' title='bbox 852 858 943 912; x_wconf 69' lang='grc' dir='ltr'>τὸν</span> <span class='ocrx_word' id='word_1_49' title='bbox 988 857 1217 911; x_wconf 88' lang='grc' dir='ltr'>παλαιὸν</span> <span class='ocrx_word' id='word_1_50' title='bbox 1255 855 1497 926; x_wconf 81' lang='grc' dir='ltr'>ὑπερέϐη</span> <span class='ocrx_word' id='word_1_51' title='bbox 1541 856 1722 926; x_wconf 91' lang='grc' dir='ltr'>νόμον,</span> <span class='ocrx_word' id='word_1_52' title='bbox 1771 854 2002 909; x_wconf 75' lang='grc' dir='ltr'>καὶτῶν</span> 
     </span>
    </p>
   </div>
   <div class='ocr_carea' id='block_1_7' title="bbox 427 944 2006 1018">
    <p class='ocr_par' dir='ltr' id='par_1_7' title="bbox 427 944 2006 1018">
     <span class='ocr_line' id='line_1_7' title="bbox 427 944 2006 1018; baseline -0.003 -16"><span class='ocrx_word' id='word_1_53' title='bbox 427 949 800 1004; x_wconf 86' lang='grc' dir='ltr'>ἁποστολικῶν</span> <span class='ocrx_word' id='word_1_54' title='bbox 825 949 990 1018; x_wconf 80' lang='grc' dir='ltr'>ἐγγὺς</span> <span class='ocrx_word' id='word_1_55' title='bbox 1021 948 1235 1016; x_wconf 86' lang='grc' dir='ltr'>ἐγένετο</span> <span class='ocrx_word' id='word_1_56' title='bbox 1255 947 1704 1018; x_wconf 81' lang='grc' dir='ltr'>προσταγμάτων.</span> <span class='ocrx_word' id='word_1_57' title='bbox 1729 945 1828 998; x_wconf 86' lang='grc' dir='ltr'>Διά</span> <span class='ocrx_word' id='word_1_58' title='bbox 1849 944 2006 998; x_wconf 90' lang='grc' dir='ltr'>τοῦτο</span> 
     </span>
    </p>
   </div>
   <div class='ocr_carea' id='block_1_8' title="bbox 429 1037 2005 1112">
    <p class='ocr_par' dir='ltr' id='par_1_8' title="bbox 429 1037 2005 1112">
     <span class='ocr_line' id='line_1_8' title="bbox 429 1037 2005 1112; baseline -0.002 -18"><span class='ocrx_word' id='word_1_59' title='bbox 429 1044 607 1097; x_wconf 84' lang='grc' dir='ltr'>πάντα</span> <span class='ocrx_word' id='word_1_60' title='bbox 641 1041 868 1112; x_wconf 78' lang='grc' dir='ltr'>ἔστεργε</span> <span class='ocrx_word' id='word_1_61' title='bbox 899 1039 968 1092; x_wconf 82' lang='grc' dir='ltr'>τὰ</span> <span class='ocrx_word' id='word_1_62' title='bbox 1001 1038 1151 1109; x_wconf 86' lang='grc' dir='ltr'>παρὰ</span> <span class='ocrx_word' id='word_1_63' title='bbox 1173 1038 1264 1092; x_wconf 87' lang='grc' dir='ltr'>τοῦ</span> <span class='ocrx_word' id='word_1_64' title='bbox 1297 1037 1411 1109; x_wconf 73' lang='grc'><strong>[44]</strong></span> <span class='ocrx_word' id='word_1_65' title='bbox 1435 1038 1726 1100; x_wconf 84' lang='grc' dir='ltr'>Δεσπότου,</span> <span class='ocrx_word' id='word_1_66' title='bbox 1761 1037 1820 1090; x_wconf 87' lang='grc' dir='ltr'>οὐ</span> <span class='ocrx_word' id='word_1_67' title='bbox 1851 1037 2005 1091; x_wconf 84' lang='grc' dir='ltr'>δικά-</span> 
     </span>
    </p>
   </div>
   <div class='ocr_carea' id='block_1_9' title="bbox 429 1128 2004 1200">
    <p class='ocr_par' dir='ltr' id='par_1_9' title="bbox 429 1128 2004 1200">
     <span class='ocr_line' id='line_1_9' title="bbox 429 1128 2004 1200; baseline -0.003 -16"><span class='ocrx_word' id='word_1_68' title='bbox 429 1133 536 1197; x_wconf 79' lang='grc' dir='ltr'>ζων</span> <span class='ocrx_word' id='word_1_69' title='bbox 564 1135 675 1194; x_wconf 89' lang='grc' dir='ltr'>τοῖς</span> <span class='ocrx_word' id='word_1_70' title='bbox 703 1131 1028 1200; x_wconf 81' lang='grc' dir='ltr'>γινομένοις,</span> <span class='ocrx_word' id='word_1_71' title='bbox 1059 1129 1172 1182; x_wconf 76' lang='grc' dir='ltr'>ἀλλ’</span> <span class='ocrx_word' id='word_1_72' title='bbox 1207 1129 1266 1182; x_wconf 82' lang='grc' dir='ltr'>ἓν</span> <span class='ocrx_word' id='word_1_73' title='bbox 1308 1129 1466 1200; x_wconf 89' lang='grc' dir='ltr'>μόνον</span> <span class='ocrx_word' id='word_1_74' title='bbox 1497 1128 1832 1192; x_wconf 78' lang='grc' dir='ltr'>σπουδάζων,</span> <span class='ocrx_word' id='word_1_75' title='bbox 1869 1145 2004 1182; x_wconf 89' lang='grc' dir='ltr'>παν-</span> 
     </span>
    </p>
   </div>
   <div class='ocr_carea' id='block_1_10' title="bbox 426 1214 2005 1290">
    <p class='ocr_par' dir='ltr' id='par_1_10' title="bbox 426 1214 2005 1290">
     <span class='ocr_line' id='line_1_10' title="bbox 426 1214 2005 1290; baseline -0.003 -19"><span class='ocrx_word' id='word_1_76' title='bbox 426 1219 594 1290; x_wconf 78' lang='grc' dir='ltr'>ταχοῦ</span> <span class='ocrx_word' id='word_1_77' title='bbox 629 1219 907 1272; x_wconf 88' lang='grc' dir='ltr'>πείθεσθαι</span> <span class='ocrx_word' id='word_1_78' title='bbox 947 1217 1040 1271; x_wconf 74' lang='grc' dir='ltr'>καὶ</span> <span class='ocrx_word' id='word_1_79' title='bbox 1071 1217 1298 1271; x_wconf 80' lang='grc' dir='ltr'>ἕπεσθαι</span> <span class='ocrx_word' id='word_1_80' title='bbox 1329 1219 1438 1279; x_wconf 86' lang='grc' dir='ltr'>τοῖς</span> <span class='ocrx_word' id='word_1_81' title='bbox 1473 1215 1600 1286; x_wconf 87' lang='grc' dir='ltr'>παρ’</span> <span class='ocrx_word' id='word_1_82' title='bbox 1625 1215 1787 1268; x_wconf 79' lang='grc' dir='ltr'>αὐτοῦ</span> <span class='ocrx_word' id='word_1_83' title='bbox 1818 1214 2005 1285; x_wconf 84' lang='grc' dir='ltr'>κειμέ-</span> 
     </span>
    </p>
   </div>
   <div class='ocr_carea' id='block_1_11' title="bbox 429 1305 2006 1380">
    <p class='ocr_par' dir='ltr' id='par_1_11' title="bbox 429 1305 2006 1380">
     <span class='ocr_line' id='line_1_11' title="bbox 429 1305 2006 1380; baseline -0.003 -18"><span class='ocrx_word' id='word_1_84' title='bbox 429 1327 540 1374; x_wconf 85' lang='grc' dir='ltr'>νοις</span> <span class='ocrx_word' id='word_1_85' title='bbox 560 1310 763 1380; x_wconf 69' lang='grc' dir='ltr'>νόμοις.</span> <span class='ocrx_word' id='word_1_86' title='bbox 805 1311 914 1362; x_wconf 80' lang='grc' dir='ltr'>Καὶ</span> <span class='ocrx_word' id='word_1_87' title='bbox 959 1308 1099 1380; x_wconf 85' lang='grc' dir='ltr'>ὁρῶν</span> <span class='ocrx_word' id='word_1_88' title='bbox 1131 1308 1268 1379; x_wconf 88' lang='grc' dir='ltr'>μετὰ</span> <span class='ocrx_word' id='word_1_89' title='bbox 1310 1305 1548 1361; x_wconf 89' lang='grc' dir='ltr'>τοσαῦτα</span> <span class='ocrx_word' id='word_1_90' title='bbox 1594 1306 1758 1360; x_wconf 86' lang='grc' dir='ltr'>αὐτοῦ</span> <span class='ocrx_word' id='word_1_91' title='bbox 1805 1323 2006 1376; x_wconf 85' lang='grc' dir='ltr'>κατορ-</span> 
     </span>
    </p>
   </div>
   <div class='ocr_carea' id='block_1_12' title="bbox 430 1395 2007 1471">
    <p class='ocr_par' dir='ltr' id='par_1_12' title="bbox 430 1395 2007 1471">
     <span class='ocr_line' id='line_1_12' title="bbox 430 1395 2007 1471; baseline -0.004 -17"><span class='ocrx_word' id='word_1_92' title='bbox 430 1399 657 1471; x_wconf 85' lang='grc' dir='ltr'>θώματα</span> <span class='ocrx_word' id='word_1_93' title='bbox 699 1400 788 1452; x_wconf 87' lang='grc' dir='ltr'>τὸν</span> <span class='ocrx_word' id='word_1_94' title='bbox 833 1398 1116 1466; x_wconf 87' lang='grc' dir='ltr'>τύραννον,</span> <span class='ocrx_word' id='word_1_95' title='bbox 1169 1398 1261 1450; x_wconf 86' lang='grc' dir='ltr'>τὸν</span> <span class='ocrx_word' id='word_1_96' title='bbox 1309 1396 1661 1469; x_wconf 82' lang='grc' dir='ltr'>πατραλοίαν,</span> <span class='ocrx_word' id='word_1_97' title='bbox 1714 1395 1804 1450; x_wconf 87' lang='grc' dir='ltr'>τὸν</span> <span class='ocrx_word' id='word_1_98' title='bbox 1855 1395 2007 1449; x_wconf 85' lang='grc' dir='ltr'>ἀδελ-</span> 
     </span>
    </p>
   </div>
   <div class='ocr_carea' id='block_1_13' title="bbox 430 1484 2004 1560">
    <p class='ocr_par' dir='ltr' id='par_1_13' title="bbox 430 1484 2004 1560">
     <span class='ocr_line' id='line_1_13' title="bbox 430 1484 2004 1560; baseline -0.003 -18"><span class='ocrx_word' id='word_1_99' title='bbox 430 1491 707 1558; x_wconf 84' lang='grc' dir='ltr'>φοκτόνον,</span> <span class='ocrx_word' id='word_1_100' title='bbox 748 1490 839 1542; x_wconf 88' lang='grc' dir='ltr'>τὸν</span> <span class='ocrx_word' id='word_1_101' title='bbox 865 1488 1145 1560; x_wconf 80' lang='grc' dir='ltr'>ὑϐριστὴν,</span> <span class='ocrx_word' id='word_1_102' title='bbox 1177 1487 1268 1540; x_wconf 83' lang='grc' dir='ltr'>τὸν</span> <span class='ocrx_word' id='word_1_103' title='bbox 1311 1487 1653 1558; x_wconf 90' lang='grc' dir='ltr'>μαινόμενον,</span> <span class='ocrx_word' id='word_1_104' title='bbox 1693 1487 1808 1539; x_wconf 84' lang='grc' dir='ltr'>ἀντ’</span> <span class='ocrx_word' id='word_1_105' title='bbox 1840 1484 2004 1539; x_wconf 85' lang='grc' dir='ltr'>αὐτοῦ</span> 
     </span>
    </p>
   </div>
   <div class='ocr_carea' id='block_1_14' title="bbox 428 1576 1975 1652">
    <p class='ocr_par' dir='ltr' id='par_1_14' title="bbox 428 1576 1975 1652">
     <span class='ocr_line' id='line_1_14' title="bbox 428 1576 1975 1652; baseline -0.003 -20"><span class='ocrx_word' id='word_1_106' title='bbox 428 1582 527 1652; x_wconf 82' lang='grc' dir='ltr'>τὴν</span> <span class='ocrx_word' id='word_1_107' title='bbox 555 1580 717 1634; x_wconf 82' lang='grc' dir='ltr'>αὑτοῦ</span> <span class='ocrx_word' id='word_1_108' title='bbox 745 1581 935 1649; x_wconf 82' lang='grc' dir='ltr'>ἔχοντα</span> <span class='ocrx_word' id='word_1_109' title='bbox 967 1578 1263 1650; x_wconf 88' lang='grc' dir='ltr'>βασιλείαν,</span> <span class='ocrx_word' id='word_1_110' title='bbox 1309 1577 1430 1630; x_wconf 82' lang='grc' dir='ltr'>οὐδὲ</span> <span class='ocrx_word' id='word_1_111' title='bbox 1470 1576 1642 1641; x_wconf 77' lang='grc' dir='ltr'>οὕτως</span> <span class='ocrx_word' id='word_1_112' title='bbox 1688 1576 1975 1631; x_wconf 84' lang='grc' dir='ltr'>ἐσκανδαλί</span> 
     </span>
    </p>
   </div>
   <div class='ocr_carea' id='block_1_15' title="bbox 429 1673 2000 1745">
    <p class='ocr_par' dir='ltr' id='par_1_15' title="bbox 429 1673 2000 1745">
     <span class='ocr_line' id='line_1_15' title="bbox 429 1673 2000 1745; baseline -0.001 -17"><span class='ocrx_word' id='word_1_113' title='bbox 429 1677 552 1740; x_wconf 81' lang='grc' dir='ltr'>ζετο</span> <span class='ocrx_word' id='word_1_114' title='bbox 578 1693 591 1706; x_wconf 89' lang='grc'>·</span> <span class='ocrx_word' id='word_1_115' title='bbox 623 1675 759 1741; x_wconf 84' lang='grc' dir='ltr'>ἀλλ’,</span> <span class='ocrx_word' id='word_1_116' title='bbox 794 1676 891 1728; x_wconf 69' lang='lat' dir='ltr'>“Av</span> <span class='ocrx_word' id='word_1_117' title='bbox 918 1673 996 1744; x_wconf 84' lang='grc' dir='ltr'>τῷ</span> <span class='ocrx_word' id='word_1_118' title='bbox 1031 1673 1150 1744; x_wconf 87' lang='grc' dir='ltr'>Θεῷ</span> <span class='ocrx_word' id='word_1_119' title='bbox 1175 1673 1344 1726; x_wconf 90' lang='grc' dir='ltr'>ταῦτα</span> <span class='ocrx_word' id='word_1_120' title='bbox 1362 1673 1512 1743; x_wconf 85' lang='grc' dir='ltr'>δοκῇ,</span> <span class='ocrx_word' id='word_1_121' title='bbox 1545 1673 1726 1744; x_wconf 77' lang='grc' dir='ltr'>φησὶν,</span> <span class='ocrx_word' id='word_1_122' title='bbox 1762 1673 1862 1744; x_wconf 86' lang='grc' dir='ltr'>ἐμὲ</span> <span class='ocrx_word' id='word_1_123' title='bbox 1911 1674 2000 1745; x_wconf 70' lang='grc' dir='ltr'>μὲι</span> 
     </span>
    </p>
   </div>
   <div class='ocr_carea' id='block_1_16' title="bbox 429 1764 2003 1834">
    <p class='ocr_par' dir='ltr' id='par_1_16' title="bbox 429 1764 2003 1834">
     <span class='ocr_line' id='line_1_16' title="bbox 429 1764 2003 1834; baseline -0.001 -14"><span class='ocrx_word' id='word_1_124' title='bbox 429 1766 745 1822; x_wconf 75' lang='grc' dir='ltr'>ἐλαύνεσθαι</span> <span class='ocrx_word' id='word_1_125' title='bbox 788 1767 882 1820; x_wconf 71' lang='grc' dir='ltr'>καὶ</span> <span class='ocrx_word' id='word_1_126' title='bbox 925 1765 1224 1820; x_wconf 83' lang='grc' dir='ltr'>πλανᾶσθαι</span> <span class='ocrx_word' id='word_1_127' title='bbox 1268 1765 1362 1818; x_wconf 78' lang='grc' dir='ltr'>καὶ</span> <span class='ocrx_word' id='word_1_128' title='bbox 1407 1764 1649 1834; x_wconf 83' lang='grc' dir='ltr'>φεύγειν,</span> <span class='ocrx_word' id='word_1_129' title='bbox 1699 1766 1903 1818; x_wconf 87' lang='grc' dir='ltr'>ἐκεῖνον</span> <span class='ocrx_word' id='word_1_130' title='bbox 1947 1765 2003 1819; x_wconf 81' lang='grc' dir='ltr'>δὲ</span> 
     </span>
    </p>
   </div>
   <div class='ocr_carea' id='block_1_17' title="bbox 429 1853 2006 1929">
    <p class='ocr_par' dir='ltr' id='par_1_17' title="bbox 429 1853 2006 1929">
     <span class='ocr_line' id='line_1_17' title="bbox 429 1853 2006 1929; baseline 0 -19"><span class='ocrx_word' id='word_1_131' title='bbox 429 1853 568 1912; x_wconf 76' lang='grc' dir='ltr'>εἶναι</span> <span class='ocrx_word' id='word_1_132' title='bbox 591 1859 648 1910; x_wconf 89' lang='grc' dir='ltr'>ἐν</span> <span class='ocrx_word' id='word_1_133' title='bbox 680 1861 843 1929; x_wconf 84' lang='grc' dir='ltr'>τιμῇ,</span> <span class='ocrx_word' id='word_1_134' title='bbox 889 1858 1102 1929; x_wconf 82' lang='grc' dir='ltr'>στέργω</span> <span class='ocrx_word' id='word_1_135' title='bbox 1148 1855 1244 1910; x_wconf 73' lang='grc' dir='ltr'>καὶ</span> <span class='ocrx_word' id='word_1_136' title='bbox 1277 1857 1525 1928; x_wconf 87' lang='grc' dir='ltr'>δέχομαι,</span> <span class='ocrx_word' id='word_1_137' title='bbox 1569 1857 1665 1910; x_wconf 75' lang='grc' dir='ltr'>καὶ</span> <span class='ocrx_word' id='word_1_138' title='bbox 1698 1857 1854 1928; x_wconf 84' lang='grc' dir='ltr'>χάριν</span> <span class='ocrx_word' id='word_1_139' title='bbox 1898 1857 2006 1928; x_wconf 77' lang='grc' dir='ltr'>ἔχω</span> 
     </span>
    </p>
   </div>
   <div class='ocr_carea' id='block_1_18' title="bbox 430 1949 2004 2021">
    <p class='ocr_par' dir='ltr' id='par_1_18' title="bbox 430 1949 2004 2021">
     <span class='ocr_line' id='line_1_18' title="bbox 430 1949 2004 2021; baseline 0.001 -18"><span class='ocrx_word' id='word_1_140' title='bbox 430 1949 539 2003; x_wconf 92' lang='grc' dir='ltr'>τῶν</span> <span class='ocrx_word' id='word_1_141' title='bbox 574 1950 781 2020; x_wconf 81' lang='grc' dir='ltr'>μυρίων</span> <span class='ocrx_word' id='word_1_142' title='bbox 810 1949 972 2003; x_wconf 84' lang='grc' dir='ltr'>αὐτοῦ</span> <span class='ocrx_word' id='word_1_143' title='bbox 1009 1949 1216 2004; x_wconf 83' lang='grc' dir='ltr'>κακῶν.</span> <span class='ocrx_word' id='word_1_144' title='bbox 1251 1949 1366 2021; x_wconf 89' lang='grc' dir='ltr'>Ούχ</span> <span class='ocrx_word' id='word_1_145' title='bbox 1401 1951 1477 2015; x_wconf 89' lang='grc' dir='ltr'>ὡς</span> <span class='ocrx_word' id='word_1_146' title='bbox 1501 1950 1685 2003; x_wconf 75' lang='grc' dir='ltr'>πολλοὶ</span> <span class='ocrx_word' id='word_1_147' title='bbox 1721 1951 1826 2004; x_wconf 89' lang='grc' dir='ltr'>τῶν</span> <span class='ocrx_word' id='word_1_148' title='bbox 1850 1952 2004 2005; x_wconf 83' lang='grc' dir='ltr'>ἀναι-</span> 
     </span>
    </p>
   </div>
   <div class='ocr_carea' id='block_1_19' title="bbox 433 2040 2006 2113">
    <p class='ocr_par' dir='ltr' id='par_1_19' title="bbox 433 2040 2006 2113">
     <span class='ocr_line' id='line_1_19' title="bbox 433 2040 2006 2113; baseline 0.002 -21"><span class='ocrx_word' id='word_1_149' title='bbox 433 2040 674 2111; x_wconf 84' lang='grc' dir='ltr'>σχύντων</span> <span class='ocrx_word' id='word_1_150' title='bbox 698 2040 792 2094; x_wconf 74' lang='grc' dir='ltr'>καὶ</span> <span class='ocrx_word' id='word_1_151' title='bbox 827 2040 1054 2112; x_wconf 88' lang='grc' dir='ltr'>ίταμῶν,</span> <span class='ocrx_word' id='word_1_152' title='bbox 1079 2041 1199 2094; x_wconf 82' lang='grc' dir='ltr'>οὐδὲ</span> <span class='ocrx_word' id='word_1_153' title='bbox 1214 2042 1274 2095; x_wconf 84' lang='grc' dir='ltr'>τὸ</span> <span class='ocrx_word' id='word_1_154' title='bbox 1294 2041 1584 2095; x_wconf 85' lang='grc' dir='ltr'>πολλοστὸν</span> <span class='ocrx_word' id='word_1_155' title='bbox 1615 2041 2006 2113; x_wconf 85' lang='grc' dir='ltr'>κατορθοῦντες</span> 
     </span>
    </p>
   </div>
   <div class='ocr_carea' id='block_1_20' title="bbox 429 2131 2007 2203">
    <p class='ocr_par' dir='ltr' id='par_1_20' title="bbox 429 2131 2007 2203">
     <span class='ocr_line' id='line_1_20' title="bbox 429 2131 2007 2203; baseline 0.001 -18"><span class='ocrx_word' id='word_1_156' title='bbox 429 2132 538 2185; x_wconf 91' lang='grc' dir='ltr'>τῶν</span> <span class='ocrx_word' id='word_1_157' title='bbox 577 2131 1259 2203; x_wconf 72' lang='grc' dir='ltr'>ἐκείνῳκατωρθωμένων</span> <span class='ocrx_word' id='word_1_158' title='bbox 1310 2132 1376 2196; x_wconf 77' lang='grc'>⁸⁸,</span> <span class='ocrx_word' id='word_1_159' title='bbox 1437 2132 1504 2186; x_wconf 87' lang='grc' dir='ltr'>ἂν</span> <span class='ocrx_word' id='word_1_160' title='bbox 1551 2131 1702 2185; x_wconf 85' lang='grc' dir='ltr'>ίδωσί</span> <span class='ocrx_word' id='word_1_161' title='bbox 1744 2150 1894 2196; x_wconf 84' lang='grc' dir='ltr'>τινας</span> <span class='ocrx_word' id='word_1_162' title='bbox 1950 2135 2007 2188; x_wconf 89' lang='grc' dir='ltr'>ἐν</span> 
     </span>
    </p>
   </div>
   <div class='ocr_carea' id='block_1_21' title="bbox 430 2223 2009 2298">
    <p class='ocr_par' dir='ltr' id='par_1_21' title="bbox 430 2223 2009 2298">
     <span class='ocr_line' id='line_1_21' title="bbox 430 2223 2009 2298; baseline 0.001 -20"><span class='ocrx_word' id='word_1_163' title='bbox 430 2225 754 2298; x_wconf 78' lang='grc' dir='ltr'>εὐημερίαις</span> <span class='ocrx_word' id='word_1_164' title='bbox 783 2224 965 2290; x_wconf 75' lang='grc' dir='ltr'>ὄντας,</span> <span class='ocrx_word' id='word_1_165' title='bbox 1005 2224 1232 2290; x_wconf 79' lang='grc' dir='ltr'>ἑαυτοὺς</span> <span class='ocrx_word' id='word_1_166' title='bbox 1271 2224 1329 2280; x_wconf 84' lang='grc' dir='ltr'>δὲ</span> <span class='ocrx_word' id='word_1_167' title='bbox 1372 2223 1575 2296; x_wconf 83' lang='grc' dir='ltr'>μικράν</span> <span class='ocrx_word' id='word_1_168' title='bbox 1613 2225 2009 2293; x_wconf 81' lang='grc' dir='ltr'>ὑπομείναντας</span> 
     </span>
    </p>
   </div>
   <div class='ocr_carea' id='block_1_22' title="bbox 501 2434 1858 2520">
    <p class='ocr_par' dir='ltr' id='par_1_22' title="bbox 501 2434 1858 2520">
     <span class='ocr_line' id='line_1_22' title="bbox 501 2434 1858 2520; baseline -0.01 -17"><span class='ocrx_word' id='word_1_169' title='bbox 501 2448 550 2484; x_wconf 78' lang='grc'>⁸⁸</span> <span class='ocrx_word' id='word_1_170' title='bbox 575 2444 683 2520; x_wconf 85' lang='grc' dir='ltr'>δίς]</span> <span class='ocrx_word' id='word_1_171' title='bbox 709 2446 802 2520; x_wconf 58' lang='grc' dir='ltr'>δῘὶςΔ</span> <span class='ocrx_word' id='word_1_172' title='bbox 820 2443 878 2499; x_wconf 85' lang='grc' dir='ltr'>δέ</span> <span class='ocrx_word' id='word_1_173' title='bbox 908 2443 1047 2520; x_wconf 59' lang='grc' dir='ltr'>Ἐξάᾶ.</span> <span class='ocrx_word' id='word_1_174' title='bbox 1092 2515 1132 2520; x_wconf 49' lang='grc' dir='ltr'>η</span> <span class='ocrx_word' id='word_1_175' title='bbox 1159 2443 1205 2474; x_wconf 75' lang='grc'>⁸⁸</span> <span class='ocrx_word' id='word_1_176' title='bbox 1236 2437 1694 2520; x_wconf 68' lang='grc' dir='ltr'>κατορθουμένων</span> <span class='ocrx_word' id='word_1_177' title='bbox 1718 2434 1858 2491; x_wconf 88' lang='lat' dir='ltr'>Edd.</span> 
     </span>
    </p>
   </div>
   <div class='ocr_carea' id='block_1_23' title="bbox 427 2509 1637 2588">
    <p class='ocr_par' dir='ltr' id='par_1_23' title="bbox 427 2509 1637 2588">
     <span class='ocr_line' id='line_1_23' title="bbox 427 2509 1637 2588; baseline -0.014 -10"><span class='ocrx_word' id='word_1_178' title='bbox 427 2520 536 2578; x_wconf 67' lang='lat' dir='ltr'>An.</span> <span class='ocrx_word' id='word_1_179' title='bbox 564 2509 747 2575; x_wconf 45' lang='lat' dir='ltr'>caci-eri</span> <span class='ocrx_word' id='word_1_180' title='bbox 776 2509 1012 2588; x_wconf 82' lang='grc' dir='ltr'>ἀρετῶν.</span> <span class='ocrx_word' id='word_1_181' title='bbox 1089 2515 1135 2546; x_wconf 77' lang='grc'>⁶⁹</span> <span class='ocrx_word' id='word_1_182' title='bbox 1164 2509 1311 2583; x_wconf 88' lang='grc' dir='ltr'>ταῖς]</span> <span class='ocrx_word' id='word_1_183' title='bbox 1342 2509 1398 2562; x_wconf 84' lang='grc' dir='ltr'>ἐν</span> <span class='ocrx_word' id='word_1_184' title='bbox 1420 2511 1541 2572; x_wconf 88' lang='grc' dir='ltr'>ταῖς</span> <span class='ocrx_word' id='word_1_185' title='bbox 1575 2509 1637 2562; x_wconf 89' lang='lat' dir='ltr'><strong>D.</strong></span> 
     </span>
    </p>
   </div>
   <div class='ocr_carea' id='block_1_24' title="bbox 441 2642 3202 2688">
    <p class='ocr_par' dir='ltr' id='par_1_24' title="bbox 441 2642 3202 2688">
     <span class='ocr_line' id='line_1_24' title="bbox 441 2642 3202 2688; baseline -0.003 -24"><span class='ocrx_word' id='word_1_186' title='bbox 441 2642 3202 2688; x_wconf 79' lang='lat'>______________________________</span> 
     </span>
    </p>
   </div>
   <div class='ocr_carea' id='block_1_25' title="bbox 1971 2422 3046 2502">
    <p class='ocr_par' dir='ltr' id='par_1_25' title="bbox 1971 2422 3046 2502">
     <span class='ocr_line' id='line_1_25' title="bbox 1971 2422 3046 2502; baseline -0.012 -13"><span class='ocrx_word' id='word_1_187' title='bbox 1971 2435 2018 2468; x_wconf 82' lang='lat'><strong>&quot;</strong></span> <span class='ocrx_word' id='word_1_188' title='bbox 2043 2431 2283 2502; x_wconf 84' lang='grc' dir='ltr'>οίσωμεν</span> <span class='ocrx_word' id='word_1_189' title='bbox 2308 2437 2365 2486; x_wconf 83' lang='lat' dir='ltr'>el.</span> <span class='ocrx_word' id='word_1_190' title='bbox 2391 2442 2517 2483; x_wconf 82' lang='lat' dir='ltr'>mox</span> <span class='ocrx_word' id='word_1_191' title='bbox 2537 2422 2961 2498; x_wconf 88' lang='grc' dir='ltr'>καρπωσὼμεθα</span> <span class='ocrx_word' id='word_1_192' title='bbox 2978 2422 3046 2476; x_wconf 85' lang='lat' dir='ltr'>D.</span> 
     </span>
    </p>
   </div>
   <div class='ocr_carea' id='block_1_26' title="bbox 2102 499 3682 576">
    <p class='ocr_par' dir='ltr' id='par_1_26' title="bbox 2102 499 3682 576">
     <span class='ocr_line' id='line_1_26' title="bbox 2102 499 3682 576; baseline 0.006 -23"><span class='ocrx_word' id='word_1_193' title='bbox 2102 499 2359 570; x_wconf 82' lang='grc' dir='ltr'>ἀθυμίαν,</span> <span class='ocrx_word' id='word_1_194' title='bbox 2430 501 2660 573; x_wconf 89' lang='grc' dir='ltr'>μυρίαις</span> <span class='ocrx_word' id='word_1_195' title='bbox 2706 501 2806 566; x_wconf 82' lang='grc' dir='ltr'>τὰς</span> <span class='ocrx_word' id='word_1_196' title='bbox 2851 501 3062 556; x_wconf 72' lang='grc' dir='ltr'>ἑαυτῶν</span> <span class='ocrx_word' id='word_1_197' title='bbox 3117 503 3298 576; x_wconf 77' lang='grc' dir='ltr'>ψυχάς</span> <span class='ocrx_word' id='word_1_198' title='bbox 3356 505 3682 565; x_wconf 79' lang='grc' dir='ltr'>ἀπολλύουσι</span> 
     </span>
    </p>
   </div>
   <div class='ocr_carea' id='block_1_27' title="bbox 2105 589 3685 663">
    <p class='ocr_par' dir='ltr' id='par_1_27' title="bbox 2105 589 3685 663">
     <span class='ocr_line' id='line_1_27' title="bbox 2105 589 3685 663; baseline 0.008 -20"><span class='ocrx_word' id='word_1_199' title='bbox 2105 589 2495 662; x_wconf 86' lang='grc' dir='ltr'>βλασφημίαις.</span> <span class='ocrx_word' id='word_1_200' title='bbox 2539 592 2680 646; x_wconf 86' lang='grc' dir='ltr'>Ἀλλ’</span> <span class='ocrx_word' id='word_1_201' title='bbox 2701 594 2800 663; x_wconf 77' lang='grc' dir='ltr'>οὐχ</span> <span class='ocrx_word' id='word_1_202' title='bbox 2827 595 2856 648; x_wconf 98' lang='lat'>6</span> <span class='ocrx_word' id='word_1_203' title='bbox 2875 593 3039 647; x_wconf 81' lang='grc' dir='ltr'>Δαυῒδ</span> <span class='ocrx_word' id='word_1_204' title='bbox 3053 596 3308 662; x_wconf 90' lang='grc' dir='ltr'>τοιοῦτος,</span> <span class='ocrx_word' id='word_1_205' title='bbox 3333 597 3468 652; x_wconf 90' lang='grc' dir='ltr'>ἀλλά</span> <span class='ocrx_word' id='word_1_206' title='bbox 3501 602 3685 655; x_wconf 85' lang='grc' dir='ltr'>πᾶσαν</span> 
     </span>
    </p>
   </div>
   <div class='ocr_carea' id='block_1_28' title="bbox 2102 681 3679 757">
    <p class='ocr_par' dir='ltr' id='par_1_28' title="bbox 2102 681 3679 757">
     <span class='ocr_line' id='line_1_28' title="bbox 2102 681 3679 757; baseline 0.008 -25"><span class='ocrx_word' id='word_1_207' title='bbox 2102 681 2445 734; x_wconf 75' lang='grc' dir='ltr'>ἐπεδείκνυτο</span> <span class='ocrx_word' id='word_1_208' title='bbox 2508 681 2830 737; x_wconf 83' lang='grc' dir='ltr'>ἐπιείκειαν.</span> <span class='ocrx_word' id='word_1_209' title='bbox 2866 685 2956 738; x_wconf 80' lang='grc' dir='ltr'>Διὸ</span> <span class='ocrx_word' id='word_1_210' title='bbox 3015 687 3110 740; x_wconf 81' lang='grc' dir='ltr'>καὶ</span> <span class='ocrx_word' id='word_1_211' title='bbox 3170 687 3354 757; x_wconf 81' lang='grc' dir='ltr'>ἔλεγεν</span> <span class='ocrx_word' id='word_1_212' title='bbox 3417 692 3446 743; x_wconf 89' lang='grc' dir='ltr'>ό</span> <span class='ocrx_word' id='word_1_213' title='bbox 3507 690 3679 754; x_wconf 86' lang='grc' dir='ltr'>Θεός·</span> 
     </span>
    </p>
   </div>
   <div class='ocr_carea' id='block_1_29' title="bbox 2098 769 3686 850">
    <p class='ocr_par' dir='ltr' id='par_1_29' title="bbox 2098 769 3686 850">
     <span class='ocr_line' id='line_1_29' title="bbox 2098 769 3686 850; baseline 0.007 -26"><span class='ocrx_word' id='word_1_214' title='bbox 2098 769 2294 842; x_wconf 84' lang='grc' dir='ltr'>Εὗρον</span> <span class='ocrx_word' id='word_1_215' title='bbox 2330 774 2512 828; x_wconf 83' lang='grc' dir='ltr'>Δαυῒδ</span> <span class='ocrx_word' id='word_1_216' title='bbox 2553 775 2659 828; x_wconf 88' lang='grc' dir='ltr'>τὸν</span> <span class='ocrx_word' id='word_1_217' title='bbox 2709 775 2816 829; x_wconf 84' lang='grc' dir='ltr'>τοῦ</span> <span class='ocrx_word' id='word_1_218' title='bbox 2859 777 3097 844; x_wconf 83' lang='grc' dir='ltr'>Ἰεσσαὶ,</span> <span class='ocrx_word' id='word_1_219' title='bbox 3144 777 3334 847; x_wconf 80' lang='grc' dir='ltr'>ἄνδρα</span> <span class='ocrx_word' id='word_1_220' title='bbox 3369 781 3521 836; x_wconf 74' lang='grc' dir='ltr'>κατὰ</span> <span class='ocrx_word' id='word_1_221' title='bbox 3565 782 3686 850; x_wconf 82' lang='grc' dir='ltr'>τὴν</span> 
     </span>
    </p>
   </div>
   <div class='ocr_carea' id='block_1_30' title="bbox 2100 863 3676 944">
    <p class='ocr_par' dir='ltr' id='par_1_30' title="bbox 2100 863 3676 944">
     <span class='ocr_line' id='line_1_30' title="bbox 2100 863 3676 944; baseline 0.006 -28"><span class='ocrx_word' id='word_1_222' title='bbox 2100 863 2352 931; x_wconf 82' lang='grc' dir='ltr'>καρδίαν</span> <span class='ocrx_word' id='word_1_223' title='bbox 2373 881 2512 932; x_wconf 84' lang='grc' dir='ltr'>μου.</span> <span class='ocrx_word' id='word_1_224' title='bbox 2535 864 2802 937; x_wconf 89' lang='grc' dir='ltr'>Τοιαύτην</span> <span class='ocrx_word' id='word_1_225' title='bbox 2822 866 2917 920; x_wconf 75' lang='grc' dir='ltr'>καὶ</span> <span class='ocrx_word' id='word_1_226' title='bbox 2941 868 3106 939; x_wconf 87' lang='grc' dir='ltr'>ἡμεῖς</span> <span class='ocrx_word' id='word_1_227' title='bbox 3122 869 3450 941; x_wconf 84' lang='grc' dir='ltr'>κτησώμεθα</span> <span class='ocrx_word' id='word_1_228' title='bbox 3475 872 3676 944; x_wconf 74' lang='grc' dir='ltr'>ψυχὴν,</span> 
     </span>
    </p>
   </div>
   <div class='ocr_carea' id='block_1_31' title="bbox 2101 954 3680 1036">
    <p class='ocr_par' dir='ltr' id='par_1_31' title="bbox 2101 954 3680 1036">
     <span class='ocr_line' id='line_1_31' title="bbox 2101 954 3680 1036; baseline 0.008 -29"><span class='ocrx_word' id='word_1_229' title='bbox 2101 955 2194 1008; x_wconf 76' lang='grc' dir='ltr'>καὶ</span> <span class='ocrx_word' id='word_1_230' title='bbox 2227 955 2365 1025; x_wconf 81' lang='grc' dir='ltr'>ὅπερ</span> <span class='ocrx_word' id='word_1_231' title='bbox 2397 954 2463 1008; x_wconf 83' lang='grc' dir='ltr'>ἂν</span> <span class='ocrx_word' id='word_1_232' title='bbox 2500 955 2782 1026; x_wconf 84' lang='grc' dir='ltr'>πάθωμεν,</span> <span class='ocrx_word' id='word_1_233' title='bbox 2820 957 3039 1028; x_wconf 80' lang='grc' dir='ltr'>οἴσομεν</span> <span class='ocrx_word' id='word_1_234' title='bbox 3087 961 3129 992; x_wconf 86' lang='grc'>⁶⁷</span> <span class='ocrx_word' id='word_1_235' title='bbox 3177 961 3396 1032; x_wconf 76' lang='grc' dir='ltr'>ῥᾳδίως,</span> <span class='ocrx_word' id='word_1_236' title='bbox 3431 965 3525 1017; x_wconf 80' lang='grc' dir='ltr'>καὶ</span> <span class='ocrx_word' id='word_1_237' title='bbox 3571 965 3680 1036; x_wconf 80' lang='grc' dir='ltr'>πρὸ</span> 
     </span>
    </p>
   </div>
   <div class='ocr_carea' id='block_1_32' title="bbox 2097 1046 3679 1123">
    <p class='ocr_par' dir='ltr' id='par_1_32' title="bbox 2097 1046 3679 1123">
     <span class='ocr_line' id='line_1_32' title="bbox 2097 1046 3679 1123; baseline 0.008 -26"><span class='ocrx_word' id='word_1_238' title='bbox 2097 1047 2195 1117; x_wconf 80' lang='grc' dir='ltr'>τῆς</span> <span class='ocrx_word' id='word_1_239' title='bbox 2235 1046 2510 1116; x_wconf 85' lang='grc' dir='ltr'>βασιλείας</span> <span class='ocrx_word' id='word_1_240' title='bbox 2550 1047 2800 1101; x_wconf 85' lang='grc' dir='ltr'>ἐντεῦθεν</span> <span class='ocrx_word' id='word_1_241' title='bbox 2840 1051 3248 1121; x_wconf 85' lang='grc' dir='ltr'>καρπωσόμεθα</span> <span class='ocrx_word' id='word_1_242' title='bbox 3285 1054 3385 1123; x_wconf 89' lang='grc' dir='ltr'>τῆς</span> <span class='ocrx_word' id='word_1_243' title='bbox 3426 1073 3679 1110; x_wconf 85' lang='grc' dir='ltr'>ταπεινο-</span> 
     </span>
    </p>
   </div>
   <div class='ocr_carea' id='block_1_33' title="bbox 2099 1137 3678 1217">
    <p class='ocr_par' dir='ltr' id='par_1_33' title="bbox 2099 1137 3678 1217">
     <span class='ocr_line' id='line_1_33' title="bbox 2099 1137 3678 1217; baseline 0.009 -28"><span class='ocrx_word' id='word_1_244' title='bbox 2099 1137 2370 1208; x_wconf 82' lang='grc' dir='ltr'>φροσύνης</span> <span class='ocrx_word' id='word_1_245' title='bbox 2415 1139 2514 1210; x_wconf 88' lang='grc' dir='ltr'>τὴν</span> <span class='ocrx_word' id='word_1_246' title='bbox 2561 1140 2841 1210; x_wconf 89' lang='grc' dir='ltr'>πρόσοδον.</span> <span class='ocrx_word' id='word_1_247' title='bbox 2893 1141 3121 1198; x_wconf 82' lang='grc' dir='ltr'>Μάθετε</span> <span class='ocrx_word' id='word_1_248' title='bbox 3161 1144 3289 1216; x_wconf 90' lang='grc' dir='ltr'>γάρ,</span> <span class='ocrx_word' id='word_1_249' title='bbox 3335 1147 3517 1217; x_wconf 82' lang='grc' dir='ltr'>φησὶν,</span> <span class='ocrx_word' id='word_1_250' title='bbox 3575 1149 3678 1203; x_wconf 81' lang='grc' dir='ltr'>ἀπ’</span> 
     </span>
    </p>
   </div>
   <div class='ocr_carea' id='block_1_34' title="bbox 2095 1228 3682 1306">
    <p class='ocr_par' dir='ltr' id='par_1_34' title="bbox 2095 1228 3682 1306">
     <span class='ocr_line' id='line_1_34' title="bbox 2095 1228 3682 1306; baseline 0.008 -25"><span class='ocrx_word' id='word_1_251' title='bbox 2095 1230 2260 1299; x_wconf 81' lang='grc' dir='ltr'>ἐμοῦ.</span> <span class='ocrx_word' id='word_1_252' title='bbox 2295 1229 2383 1283; x_wconf 86' lang='grc' dir='ltr'>ὅτι</span> <span class='ocrx_word' id='word_1_253' title='bbox 2408 1228 2598 1298; x_wconf 84' lang='grc' dir='ltr'>πρᾶός</span> <span class='ocrx_word' id='word_1_254' title='bbox 2619 1234 2735 1301; x_wconf 78' lang='grc' dir='ltr'>ειμι</span> <span class='ocrx_word' id='word_1_255' title='bbox 2764 1235 2872 1287; x_wconf 64' lang='grc' dir='ltr'>καὶ·</span> <span class='ocrx_word' id='word_1_256' title='bbox 2888 1235 3165 1302; x_wconf 83' lang='grc' dir='ltr'>ταπεινὸς</span> <span class='ocrx_word' id='word_1_257' title='bbox 3201 1228 3283 1306; x_wconf 75' lang='grc' dir='ltr'>τῆ</span> <span class='ocrx_word' id='word_1_258' title='bbox 3308 1237 3538 1306; x_wconf 79' lang='grc' dir='ltr'>καρδίᾳ,</span> <span class='ocrx_word' id='word_1_259' title='bbox 3580 1241 3682 1296; x_wconf 74' lang='grc' dir='ltr'>καί</span> 
     </span>
    </p>
   </div>
   <div class='ocr_carea' id='block_1_35' title="bbox 2095 1321 3679 1396">
    <p class='ocr_par' dir='ltr' id='par_1_35' title="bbox 2095 1321 3679 1396">
     <span class='ocr_line' id='line_1_35' title="bbox 2095 1321 3679 1396; baseline 0.007 -21"><span class='ocrx_word' id='word_1_260' title='bbox 2095 1321 2384 1389; x_wconf 82' lang='grc' dir='ltr'>εὑρήσετε</span> <span class='ocrx_word' id='word_1_261' title='bbox 2418 1321 2768 1377; x_wconf 81' lang='grc' dir='ltr'>ἀνάπαυσιν</span> <span class='ocrx_word' id='word_1_262' title='bbox 2788 1325 2918 1392; x_wconf 63' lang='grc' dir='ltr'>ταῖς</span> <span class='ocrx_word' id='word_1_263' title='bbox 2944 1326 3174 1395; x_wconf 70' lang='grc' dir='ltr'>ψυχαῖς</span> <span class='ocrx_word' id='word_1_264' title='bbox 3216 1325 3398 1396; x_wconf 79' lang='grc' dir='ltr'>ὑμῶν.</span> <span class='ocrx_word' id='word_1_265' title='bbox 3450 1328 3548 1382; x_wconf 84' lang='grc' dir='ltr'>Ἵν’</span> <span class='ocrx_word' id='word_1_266' title='bbox 3584 1328 3679 1386; x_wconf 81' lang='grc' dir='ltr'>οὖν</span> 
     </span>
    </p>
   </div>
   <div class='ocr_carea' id='block_1_36' title="bbox 2098 1411 3678 1488">
    <p class='ocr_par' dir='ltr' id='par_1_36' title="bbox 2098 1411 3678 1488">
     <span class='ocr_line' id='line_1_36' title="bbox 2098 1411 3678 1488; baseline 0.006 -22"><span class='ocrx_word' id='word_1_267' title='bbox 2098 1411 2495 1483; x_wconf 83' lang='grc' dir='ltr'>ἀπολαύσωμεν</span> <span class='ocrx_word' id='word_1_268' title='bbox 2539 1413 2919 1482; x_wconf 86' lang='grc' dir='ltr'>ἀναπαύσεως,</span> <span class='ocrx_word' id='word_1_269' title='bbox 2973 1418 3068 1471; x_wconf 79' lang='grc' dir='ltr'>καὶ</span> <span class='ocrx_word' id='word_1_270' title='bbox 3102 1418 3338 1473; x_wconf 86' lang='grc' dir='ltr'>ἐνταῦθα</span> <span class='ocrx_word' id='word_1_271' title='bbox 3385 1419 3480 1473; x_wconf 82' lang='grc' dir='ltr'>καὶ</span> <span class='ocrx_word' id='word_1_272' title='bbox 3519 1422 3678 1488; x_wconf 87' lang='grc' dir='ltr'>ἐκεῖ,</span> 
     </span>
    </p>
   </div>
   <div class='ocr_carea' id='block_1_37' title="bbox 2103 1502 3674 1577">
    <p class='ocr_par' dir='ltr' id='par_1_37' title="bbox 2103 1502 3674 1577">
     <span class='ocr_line' id='line_1_37' title="bbox 2103 1502 3674 1577; baseline 0.004 -23"><span class='ocrx_word' id='word_1_273' title='bbox 2103 1502 2241 1572; x_wconf 87' lang='grc' dir='ltr'>μετά</span> <span class='ocrx_word' id='word_1_274' title='bbox 2267 1503 2466 1575; x_wconf 84' lang='grc' dir='ltr'>πολλῆς</span> <span class='ocrx_word' id='word_1_275' title='bbox 2508 1504 2610 1574; x_wconf 85' lang='grc' dir='ltr'>τῆς</span> <span class='ocrx_word' id='word_1_276' title='bbox 2647 1505 2884 1574; x_wconf 86' lang='grc' dir='ltr'>σπουδῆς</span> <span class='ocrx_word' id='word_1_277' title='bbox 2912 1507 3011 1577; x_wconf 82' lang='grc' dir='ltr'>τὴν</span> <span class='ocrx_word' id='word_1_278' title='bbox 3053 1505 3271 1558; x_wconf 85' lang='grc' dir='ltr'>πάντων</span> <span class='ocrx_word' id='word_1_279' title='bbox 3311 1507 3527 1577; x_wconf 81' lang='grc' dir='ltr'>μητέρα</span> <span class='ocrx_word' id='word_1_280' title='bbox 3565 1507 3674 1560; x_wconf 87' lang='grc' dir='ltr'>τῶν</span> 
     </span>
    </p>
   </div>
   <div class='ocr_carea' id='block_1_38' title="bbox 2099 1592 3676 1667">
    <p class='ocr_par' dir='ltr' id='par_1_38' title="bbox 2099 1592 3676 1667">
     <span class='ocr_line' id='line_1_38' title="bbox 2099 1592 3676 1667; baseline 0.004 -22"><span class='ocrx_word' id='word_1_281' title='bbox 2099 1592 2318 1662; x_wconf 83' lang='grc' dir='ltr'>ἀγαθῶν</span> <span class='ocrx_word' id='word_1_282' title='bbox 2340 1595 2406 1662; x_wconf 79' lang='grc'>⁸⁸,</span> <span class='ocrx_word' id='word_1_283' title='bbox 2434 1595 2533 1666; x_wconf 82' lang='grc' dir='ltr'>τὴν</span> <span class='ocrx_word' id='word_1_284' title='bbox 2558 1596 3057 1667; x_wconf 86' lang='grc' dir='ltr'>ταπεινοφροσύνην</span> <span class='ocrx_word' id='word_1_285' title='bbox 3087 1597 3249 1666; x_wconf 84' lang='grc' dir='ltr'>λέγω,</span> <span class='ocrx_word' id='word_1_286' title='bbox 3267 1601 3390 1661; x_wconf 88' lang='grc' dir='ltr'>ταῖς</span> <span class='ocrx_word' id='word_1_287' title='bbox 3407 1599 3450 1628; x_wconf 82' lang='grc'>⁶⁹</span> <span class='ocrx_word' id='word_1_288' title='bbox 3466 1597 3676 1651; x_wconf 78' lang='grc' dir='ltr'>ἑαυτῶν</span> 
     </span>
    </p>
   </div>
   <div class='ocr_carea' id='block_1_39' title="bbox 2101 1686 3678 1760">
    <p class='ocr_par' dir='ltr' id='par_1_39' title="bbox 2101 1686 3678 1760">
     <span class='ocr_line' id='line_1_39' title="bbox 2101 1686 3678 1760; baseline 0.003 -22"><span class='ocrx_word' id='word_1_289' title='bbox 2101 1686 2452 1759; x_wconf 85' lang='grc' dir='ltr'>φυτεύσωμεν</span> <span class='ocrx_word' id='word_1_290' title='bbox 2484 1688 2700 1759; x_wconf 70' lang='grc' dir='ltr'>ψυχαῖς.</span> <span class='ocrx_word' id='word_1_291' title='bbox 2738 1687 2894 1741; x_wconf 83' lang='grc' dir='ltr'>Οὕτω</span> <span class='ocrx_word' id='word_1_292' title='bbox 2926 1689 3035 1760; x_wconf 79' lang='grc' dir='ltr'>γὰρ</span> <span class='ocrx_word' id='word_1_293' title='bbox 3061 1691 3156 1742; x_wconf 77' lang='grc' dir='ltr'>καὶ</span> <span class='ocrx_word' id='word_1_294' title='bbox 3184 1690 3246 1743; x_wconf 85' lang='grc' dir='ltr'>τὸ</span> <span class='ocrx_word' id='word_1_295' title='bbox 3275 1689 3369 1743; x_wconf 90' lang='grc' dir='ltr'>τοῦ</span> <span class='ocrx_word' id='word_1_296' title='bbox 3411 1689 3524 1760; x_wconf 84' lang='grc' dir='ltr'>βίου</span> <span class='ocrx_word' id='word_1_297' title='bbox 3553 1689 3678 1742; x_wconf 91' lang='grc' dir='ltr'>τού-</span> 
     </span>
    </p>
   </div>
   <div class='ocr_carea' id='block_1_40' title="bbox 2099 1777 3682 1850">
    <p class='ocr_par' dir='ltr' id='par_1_40' title="bbox 2099 1777 3682 1850">
     <span class='ocr_line' id='line_1_40' title="bbox 2099 1777 3682 1850; baseline 0.003 -22"><span class='ocrx_word' id='word_1_298' title='bbox 2099 1793 2194 1830; x_wconf 92' lang='grc' dir='ltr'>του</span> <span class='ocrx_word' id='word_1_299' title='bbox 2231 1777 2464 1846; x_wconf 87' lang='grc' dir='ltr'>πέλαγος</span> <span class='ocrx_word' id='word_1_300' title='bbox 2503 1779 2671 1850; x_wconf 76' lang='grc' dir='ltr'>χωρὶς</span> <span class='ocrx_word' id='word_1_301' title='bbox 2720 1778 2978 1849; x_wconf 86' lang='grc' dir='ltr'>κυμάτων</span> <span class='ocrx_word' id='word_1_302' title='bbox 3020 1779 3362 1850; x_wconf 83' lang='grc' dir='ltr'>δυνησόμεθα</span> <span class='ocrx_word' id='word_1_303' title='bbox 3411 1779 3682 1850; x_wconf 86' lang='grc' dir='ltr'>διαϐῆναι,</span> 
     </span>
    </p>
   </div>
   <div class='ocr_carea' id='block_1_41' title="bbox 2095 1864 3676 1940">
    <p class='ocr_par' dir='ltr' id='par_1_41' title="bbox 2095 1864 3676 1940">
     <span class='ocr_line' id='line_1_41' title="bbox 2095 1864 3676 1940; baseline 0.007 -25"><span class='ocrx_word' id='word_1_304' title='bbox 2095 1864 2190 1916; x_wconf 79' lang='grc' dir='ltr'>καὶ</span> <span class='ocrx_word' id='word_1_305' title='bbox 2234 1865 2316 1927; x_wconf 87' lang='grc' dir='ltr'>είς</span> <span class='ocrx_word' id='word_1_306' title='bbox 2360 1865 2452 1918; x_wconf 73' lang='grc' dir='ltr'>τὸν</span> <span class='ocrx_word' id='word_1_307' title='bbox 2498 1865 2730 1936; x_wconf 84' lang='grc' dir='ltr'>γαληνὸν</span> <span class='ocrx_word' id='word_1_308' title='bbox 2777 1869 2982 1922; x_wconf 87' lang='grc' dir='ltr'>ἐκεῖνον</span> <span class='ocrx_word' id='word_1_309' title='bbox 3033 1868 3406 1922; x_wconf 79' lang='grc' dir='ltr'>καταπλεῦσαι</span> <span class='ocrx_word' id='word_1_310' title='bbox 3460 1870 3676 1940; x_wconf 81' lang='grc' dir='ltr'>λιμένα,</span> 
     </span>
    </p>
   </div>
   <div class='ocr_carea' id='block_1_42' title="bbox 2096 1953 3677 2030">
    <p class='ocr_par' dir='ltr' id='par_1_42' title="bbox 2096 1953 3677 2030">
     <span class='ocr_line' id='line_1_42' title="bbox 2096 1953 3677 2030; baseline 0.006 -25"><span class='ocrx_word' id='word_1_311' title='bbox 2096 1954 2280 2024; x_wconf 91' lang='grc' dir='ltr'>χάριτι</span> <span class='ocrx_word' id='word_1_312' title='bbox 2328 1955 2422 2006; x_wconf 78' lang='grc' dir='ltr'>καὶ</span> <span class='ocrx_word' id='word_1_313' title='bbox 2465 1953 2845 2027; x_wconf 82' lang='grc' dir='ltr'>φιλανθρωπίᾳ</span> <span class='ocrx_word' id='word_1_314' title='bbox 2893 1957 2986 2010; x_wconf 89' lang='grc' dir='ltr'>τοῦ</span> <span class='ocrx_word' id='word_1_315' title='bbox 3034 1956 3234 2029; x_wconf 81' lang='grc' dir='ltr'>Κυρίου</span> <span class='ocrx_word' id='word_1_316' title='bbox 3283 1958 3442 2029; x_wconf 87' lang='grc' dir='ltr'>ἡμῶν</span> <span class='ocrx_word' id='word_1_317' title='bbox 3503 1960 3677 2030; x_wconf 82' lang='grc' dir='ltr'>Ἰησοῦ</span> 
     </span>
    </p>
   </div>
   <div class='ocr_carea' id='block_1_43' title="bbox 2097 2038 3678 2121">
    <p class='ocr_par' dir='ltr' id='par_1_43' title="bbox 2097 2038 3678 2121">
     <span class='ocr_line' id='line_1_43' title="bbox 2097 2038 3678 2121; baseline 0.006 -23"><span class='ocrx_word' id='word_1_318' title='bbox 2097 2044 2358 2114; x_wconf 82' lang='grc' dir='ltr'>Χριστοῦ,</span> <span class='ocrx_word' id='word_1_319' title='bbox 2390 2038 2435 2114; x_wconf 84' lang='grc' dir='ltr'><strong>ᾧ</strong></span> <span class='ocrx_word' id='word_1_320' title='bbox 2486 2046 2519 2116; x_wconf 87' lang='grc' dir='ltr'>ἡ</span> <span class='ocrx_word' id='word_1_321' title='bbox 2571 2046 2698 2111; x_wconf 84' lang='grc' dir='ltr'>δόξα</span> <span class='ocrx_word' id='word_1_322' title='bbox 2739 2049 2836 2102; x_wconf 74' lang='grc' dir='ltr'>καὶ.</span> <span class='ocrx_word' id='word_1_323' title='bbox 2871 2048 2934 2103; x_wconf 82' lang='grc' dir='ltr'>τὸ</span> <span class='ocrx_word' id='word_1_324' title='bbox 2969 2050 3171 2121; x_wconf 87' lang='grc' dir='ltr'>κράτος</span> <span class='ocrx_word' id='word_1_325' title='bbox 3198 2050 3280 2115; x_wconf 84' lang='grc' dir='ltr'>είς</span> <span class='ocrx_word' id='word_1_326' title='bbox 3308 2051 3435 2115; x_wconf 80' lang='grc' dir='ltr'>τοὺς</span> <span class='ocrx_word' id='word_1_327' title='bbox 3476 2052 3678 2118; x_wconf 76' lang='grc' dir='ltr'>αἰῶνας</span> 
     </span>
    </p>
   </div>
   <div class='ocr_carea' id='block_1_44' title="bbox 2099 2133 2673 2208">
    <p class='ocr_par' dir='ltr' id='par_1_44' title="bbox 2099 2133 2673 2208">
     <span class='ocr_line' id='line_1_44' title="bbox 2099 2133 2673 2208; baseline 0.009 -21"><span class='ocrx_word' id='word_1_328' title='bbox 2099 2133 2178 2187; x_wconf 92' lang='grc' dir='ltr'>τῶ</span> <span class='ocrx_word' id='word_1_329' title='bbox 2209 2133 2440 2191; x_wconf 79' lang='grc' dir='ltr'>αἰώνων.</span> <span class='ocrx_word' id='word_1_330' title='bbox 2484 2137 2673 2208; x_wconf 83' lang='grc' dir='ltr'>Ἀμήν.</span> 
     </span>
    </p>
   </div>
   <div class='ocr_carea' id='block_1_45' title="bbox 3145 2414 3684 2490">
    <p class='ocr_par' dir='ltr' id='par_1_45' title="bbox 3145 2414 3684 2490">
     <span class='ocr_line' id='line_1_45' title="bbox 3145 2414 3684 2490; baseline -0.007 -14"><span class='ocrx_word' id='word_1_331' title='bbox 3145 2422 3192 2455; x_wconf 79' lang='grc'>⁸³</span> <span class='ocrx_word' id='word_1_332' title='bbox 3222 2416 3470 2490; x_wconf 75' lang='grc' dir='ltr'>ἀγαθῶν]</span> <span class='ocrx_word' id='word_1_333' title='bbox 3494 2417 3587 2474; x_wconf 87' lang='lat' dir='ltr'>Sic</span> <span class='ocrx_word' id='word_1_334' title='bbox 3613 2414 3684 2473; x_wconf 72' lang='grc' dir='ltr'>Β.</span> 
     </span>
    </p>
   </div>
   <div class='ocr_carea' id='block_1_46' title="bbox 3203 2637 3658 2655">
    <p class='ocr_par' dir='ltr' id='par_1_46' title="bbox 3203 2637 3658 2655">
     <span class='ocr_line' id='line_1_46' title="bbox 3203 2637 3658 2655; baseline -0.002 -1"><span class='ocrx_word' id='word_1_335' title='bbox 3203 2637 3658 2655; x_wconf 70' lang='grc' dir='ltr'>-υ-</span> 
     </span>
    </p>
   </div>
   <div class='ocr_carea' id='block_1_47' title="bbox 1887 2765 2244 2821">
    <p class='ocr_par' dir='ltr' id='par_1_47' title="bbox 1887 2765 2244 2821">
     <span class='ocr_line' id='line_1_47' title="bbox 1887 2765 2244 2821; baseline -0.008 0"><span class='ocrx_word' id='word_1_336' title='bbox 1887 2765 2134 2821; x_wconf 77' lang='grc' dir='ltr'>ΟΜΙΛΙΑ</span> <span class='ocrx_word' id='word_1_337' title='bbox 2171 2765 2244 2818; x_wconf 89' lang='grc' dir='ltr'>Δ’.</span> 
     </span>
    </p>
   </div>
   <div class='ocr_carea' id='block_1_48' title="bbox 427 2906 1996 2978">
    <p class='ocr_par' dir='ltr' id='par_1_48' title="bbox 427 2906 1996 2978">
     <span class='ocr_line' id='line_1_48' title="bbox 427 2906 1996 2978; baseline -0.004 -9"><span class='ocrx_word' id='word_1_338' title='bbox 427 2913 623 2969; x_wconf 81' lang='grc' dir='ltr'>Πᾶσαι</span> <span class='ocrx_word' id='word_1_339' title='bbox 668 2906 782 2966; x_wconf 82' lang='grc' dir='ltr'>οὖν</span> <span class='ocrx_word' id='word_1_340' title='bbox 826 2911 887 2964; x_wconf 80' lang='lat' dir='ltr'><em>al</em></span> <span class='ocrx_word' id='word_1_341' title='bbox 930 2908 1126 2977; x_wconf 78' lang='grc' dir='ltr'>γενεαὶ</span> <span class='ocrx_word' id='word_1_342' title='bbox 1167 2908 1286 2964; x_wconf 82' lang='grc' dir='ltr'>ἀπὸ</span> <span class='ocrx_word' id='word_1_343' title='bbox 1338 2909 1593 2978; x_wconf 83' lang='grc' dir='ltr'>Ἀϐραὰμ</span> <span class='ocrx_word' id='word_1_344' title='bbox 1631 2908 1742 2974; x_wconf 77' lang='grc' dir='ltr'>ἕως</span> <span class='ocrx_word' id='word_1_345' title='bbox 1795 2907 1996 2973; x_wconf 78' lang='grc' dir='ltr'>Δαυῒδ,</span> 
     </span>
    </p>
   </div>
   <div class='ocr_carea' id='block_1_49' title="bbox 496 2977 2002 3052">
    <p class='ocr_par' dir='ltr' id='par_1_49' title="bbox 496 2977 2002 3052">
     <span class='ocr_line' id='line_1_49' title="bbox 496 2977 2002 3052; baseline -0.001 -18"><span class='ocrx_word' id='word_1_346' title='bbox 496 2981 692 3052; x_wconf 63' lang='grc' dir='ltr'>γενεαί</span> <span class='ocrx_word' id='word_1_347' title='bbox 723 2979 1163 3052; x_wconf 67' lang='grc' dir='ltr'>δεκατέσσαρες</span> <span class='ocrx_word' id='word_1_348' title='bbox 1181 2996 1198 3011; x_wconf 93' lang='grc'>·</span> <span class='ocrx_word' id='word_1_349' title='bbox 1244 2978 1342 3033; x_wconf 80' lang='grc' dir='ltr'>καί</span> <span class='ocrx_word' id='word_1_350' title='bbox 1379 2977 1497 3052; x_wconf 69' lang='grc' dir='ltr'>ἀπὸ</span> <span class='ocrx_word' id='word_1_351' title='bbox 1535 2977 1853 3052; x_wconf 33' lang='grc' dir='ltr'>ᾼαυῒδ-ἓως</span> <span class='ocrx_word' id='word_1_352' title='bbox 1891 2979 2002 3047; x_wconf 82' lang='grc' dir='ltr'>τῆς</span> 
     </span>
    </p>
   </div>
   <div class='ocr_carea' id='block_1_50' title="bbox 491 3048 1999 3122">
    <p class='ocr_par' dir='ltr' id='par_1_50' title="bbox 491 3048 1999 3122">
     <span class='ocr_line' id='line_1_50' title="bbox 491 3048 1999 3122; baseline -0.002 -18"><span class='ocrx_word' id='word_1_353' title='bbox 491 3048 866 3122; x_wconf 63' lang='grc' dir='ltr'>μετοικεσίας</span> <span class='ocrx_word' id='word_1_354' title='bbox 896 3049 1272 3115; x_wconf 79' lang='grc' dir='ltr'>Βαϐυλῶνος.</span> <span class='ocrx_word' id='word_1_355' title='bbox 1308 3050 1500 3119; x_wconf 75' lang='grc' dir='ltr'>γενεαί</span> <span class='ocrx_word' id='word_1_356' title='bbox 1530 3048 1999 3122; x_wconf 50' lang='grc' dir='ltr'>δεκατέσσαρες</span> 
     </span>
    </p>
   </div>
   <div class='ocr_carea' id='block_1_51' title="bbox 496 3119 2002 3188">
    <p class='ocr_par' dir='ltr' id='par_1_51' title="bbox 496 3119 2002 3188">
     <span class='ocr_line' id='line_1_51' title="bbox 496 3119 2002 3188; baseline 0 -14"><span class='ocrx_word' id='word_1_357' title='bbox 496 3119 590 3175; x_wconf 57' lang='grc' dir='ltr'>καί</span> <span class='ocrx_word' id='word_1_358' title='bbox 625 3121 743 3174; x_wconf 80' lang='grc' dir='ltr'>ἀπὸ</span> <span class='ocrx_word' id='word_1_359' title='bbox 780 3119 889 3188; x_wconf 85' lang='grc' dir='ltr'>τῆς</span> <span class='ocrx_word' id='word_1_360' title='bbox 921 3124 1300 3188; x_wconf 77' lang='grc' dir='ltr'>μετοικεσίας</span> <span class='ocrx_word' id='word_1_361' title='bbox 1347 3119 1703 3185; x_wconf 82' lang='grc' dir='ltr'>Βαϐυλῶνος</span> <span class='ocrx_word' id='word_1_362' title='bbox 1743 3119 1855 3180; x_wconf 78' lang='grc' dir='ltr'>ἕως</span> <span class='ocrx_word' id='word_1_363' title='bbox 1893 3119 2002 3174; x_wconf 84' lang='grc' dir='ltr'>τοῦ</span> 
     </span>
    </p>
   </div>
   <div class='ocr_carea' id='block_1_52' title="bbox 496 3189 1486 3261">
    <p class='ocr_par' dir='ltr' id='par_1_52' title="bbox 496 3189 1486 3261">
     <span class='ocr_line' id='line_1_52' title="bbox 496 3189 1486 3261; baseline -0.003 -16"><span class='ocrx_word' id='word_1_364' title='bbox 496 3190 772 3260; x_wconf 84' lang='grc' dir='ltr'>Χριστοῦ,</span> <span class='ocrx_word' id='word_1_365' title='bbox 805 3190 999 3261; x_wconf 78' lang='grc' dir='ltr'>γενεαὶ</span> <span class='ocrx_word' id='word_1_366' title='bbox 1029 3189 1486 3258; x_wconf 82' lang='grc' dir='ltr'>δεκατέσσαρες.</span> 
     </span>
    </p>
   </div>
   <div class='ocr_carea' id='block_1_53' title="bbox 501 3363 2001 3442">
    <p class='ocr_par' dir='ltr' id='par_1_53' title="bbox 501 3363 2001 3442">
     <span class='ocr_line' id='line_1_53' title="bbox 501 3363 2001 3442; baseline -0.007 -14"><span class='ocrx_word' id='word_1_367' title='bbox 501 3379 568 3429; x_wconf 90' lang='grc' dir='ltr'>α’.</span> <span class='ocrx_word' id='word_1_368' title='bbox 594 3372 690 3436; x_wconf 87' lang='grc' dir='ltr'>Είς</span> <span class='ocrx_word' id='word_1_369' title='bbox 736 3372 885 3442; x_wconf 83' lang='grc' dir='ltr'>τρεῖς</span> <span class='ocrx_word' id='word_1_370' title='bbox 936 3368 1094 3422; x_wconf 86' lang='grc' dir='ltr'>διεῖλε</span> <span class='ocrx_word' id='word_1_371' title='bbox 1134 3367 1355 3439; x_wconf 82' lang='grc' dir='ltr'>μερίδας</span> <span class='ocrx_word' id='word_1_372' title='bbox 1394 3367 1490 3429; x_wconf 85' lang='grc' dir='ltr'>τὰς</span> <span class='ocrx_word' id='word_1_373' title='bbox 1518 3364 1709 3435; x_wconf 85' lang='grc' dir='ltr'>γενεάς</span> <span class='ocrx_word' id='word_1_374' title='bbox 1743 3363 1962 3428; x_wconf 87' lang='grc' dir='ltr'>ἁπάσας</span> <span class='ocrx_word' id='word_1_375' title='bbox 1985 3404 2001 3430; x_wconf 95' lang='grc'>,</span> 
     </span>
    </p>
   </div>
   <div class='ocr_carea' id='block_1_54' title="bbox 426 3456 2003 3528">
    <p class='ocr_par' dir='ltr' id='par_1_54' title="bbox 426 3456 2003 3528">
     <span class='ocr_line' id='line_1_54' title="bbox 426 3456 2003 3528; baseline -0.007 -9"><span class='ocrx_word' id='word_1_376' title='bbox 426 3464 638 3526; x_wconf 87' lang='grc' dir='ltr'>δεικνὺς</span> <span class='ocrx_word' id='word_1_377' title='bbox 682 3464 761 3517; x_wconf 83' lang='grc' dir='ltr'>ὅτι</span> <span class='ocrx_word' id='word_1_378' title='bbox 794 3462 915 3515; x_wconf 78' lang='grc' dir='ltr'>οὐδὲ</span> <span class='ocrx_word' id='word_1_379' title='bbox 953 3460 1061 3513; x_wconf 84' lang='grc' dir='ltr'>τῶν</span> <span class='ocrx_word' id='word_1_380' title='bbox 1105 3459 1384 3513; x_wconf 86' lang='grc' dir='ltr'>πολιτειῶν</span> <span class='ocrx_word' id='word_1_381' title='bbox 1420 3457 1856 3528; x_wconf 87' lang='grc' dir='ltr'>μεταϐληθεισῶν</span> <span class='ocrx_word' id='word_1_382' title='bbox 1878 3456 2003 3525; x_wconf 85' lang='grc' dir='ltr'>ἐγέ-</span> 
     </span>
    </p>
   </div>
   <div class='ocr_carea' id='block_1_55' title="bbox 428 3548 2005 3624">
    <p class='ocr_par' dir='ltr' id='par_1_55' title="bbox 428 3548 2005 3624">
     <span class='ocr_line' id='line_1_55' title="bbox 428 3548 2005 3624; baseline -0.005 -15"><span class='ocrx_word' id='word_1_383' title='bbox 428 3572 581 3609; x_wconf 88' lang='grc' dir='ltr'>νοντο</span> <span class='ocrx_word' id='word_1_384' title='bbox 628 3553 888 3624; x_wconf 84' lang='grc' dir='ltr'>βελτίους,</span> <span class='ocrx_word' id='word_1_385' title='bbox 947 3553 1085 3606; x_wconf 85' lang='grc' dir='ltr'>ἀλλά</span> <span class='ocrx_word' id='word_1_386' title='bbox 1140 3555 1235 3605; x_wconf 75' lang='grc' dir='ltr'>καὶ</span> <span class='ocrx_word' id='word_1_387' title='bbox 1286 3550 1860 3622; x_wconf 84' lang='grc' dir='ltr'>ἀριστοκρατούμενοι,</span> <span class='ocrx_word' id='word_1_388' title='bbox 1910 3548 2005 3602; x_wconf 72' lang='grc' dir='ltr'>καὶ</span> 
     </span>
    </p>
   </div>
   <div class='ocr_carea' id='block_1_56' title="bbox 432 3641 2004 3717">
    <p class='ocr_par' dir='ltr' id='par_1_56' title="bbox 432 3641 2004 3717">
     <span class='ocr_line' id='line_1_56' title="bbox 432 3641 2004 3717; baseline -0.006 -14"><span class='ocrx_word' id='word_1_389' title='bbox 432 3647 859 3717; x_wconf 78' lang='grc' dir='ltr'>βασιλευόμενοι,</span> <span class='ocrx_word' id='word_1_390' title='bbox 919 3647 1015 3698; x_wconf 66' lang='grc' dir='ltr'>καλ⁸</span> <span class='ocrx_word' id='word_1_391' title='bbox 1048 3643 1515 3714; x_wconf 84' lang='grc' dir='ltr'>ὀλιγαρχούμενοι,</span> <span class='ocrx_word' id='word_1_392' title='bbox 1560 3645 1618 3696; x_wconf 91' lang='grc' dir='ltr'>ἐν</span> <span class='ocrx_word' id='word_1_393' title='bbox 1665 3644 1774 3704; x_wconf 87' lang='grc' dir='ltr'>τοῖς</span> <span class='ocrx_word' id='word_1_394' title='bbox 1819 3641 2004 3703; x_wconf 87' lang='grc' dir='ltr'>αὐτοῖς</span> 
     </span>
    </p>
   </div>
   <div class='ocr_carea' id='block_1_57' title="bbox 429 3729 2001 3810">
    <p class='ocr_par' dir='ltr' id='par_1_57' title="bbox 429 3729 2001 3810">
     <span class='ocr_line' id='line_1_57' title="bbox 429 3729 2001 3810; baseline -0.006 -19"><span class='ocrx_word' id='word_1_395' title='bbox 429 3735 568 3810; x_wconf 78' lang='grc' dir='ltr'>ἦσαν</span> <span class='ocrx_word' id='word_1_396' title='bbox 619 3739 844 3799; x_wconf 89' lang='grc' dir='ltr'>κακοῖς·</span> <span class='ocrx_word' id='word_1_397' title='bbox 899 3735 995 3787; x_wconf 74' lang='grc' dir='ltr'>καὶ</span> <span class='ocrx_word' id='word_1_398' title='bbox 1051 3732 1173 3785; x_wconf 76' lang='grc' dir='ltr'>οὔτε</span> <span class='ocrx_word' id='word_1_399' title='bbox 1227 3731 1591 3802; x_wconf 85' lang='grc' dir='ltr'>δημαγωγῶν,</span> <span class='ocrx_word' id='word_1_400' title='bbox 1636 3729 1761 3783; x_wconf 75' lang='grc' dir='ltr'>οὔτε</span> <span class='ocrx_word' id='word_1_401' title='bbox 1793 3731 2001 3800; x_wconf 79' lang='grc' dir='ltr'>ἱερέων,</span> 
     </span>
    </p>
   </div>
   <div class='ocr_carea' id='block_1_58' title="bbox 431 3822 2007 3898">
    <p class='ocr_par' dir='ltr' id='par_1_58' title="bbox 431 3822 2007 3898">
     <span class='ocr_line' id='line_1_58' title="bbox 431 3822 2007 3898; baseline -0.006 -15"><span class='ocrx_word' id='word_1_402' title='bbox 431 3830 553 3884; x_wconf 73' lang='grc' dir='ltr'>οὕτε</span> <span class='ocrx_word' id='word_1_403' title='bbox 595 3827 856 3898; x_wconf 85' lang='grc' dir='ltr'>βασιλέων</span> <span class='ocrx_word' id='word_1_404' title='bbox 876 3825 1075 3888; x_wconf 82' lang='grc' dir='ltr'>αὐτοὺς</span> <span class='ocrx_word' id='word_1_405' title='bbox 1106 3824 1420 3889; x_wconf 85' lang='grc' dir='ltr'>διεπόντων,</span> <span class='ocrx_word' id='word_1_406' title='bbox 1453 3823 1608 3893; x_wconf 77' lang='grc' dir='ltr'>ἔσχον</span> <span class='ocrx_word' id='word_1_407' title='bbox 1645 3839 1698 3875; x_wconf 92' lang='grc' dir='ltr'>τι</span> <span class='ocrx_word' id='word_1_408' title='bbox 1723 3822 1883 3875; x_wconf 86' lang='grc' dir='ltr'>πλέον</span> <span class='ocrx_word' id='word_1_409' title='bbox 1926 3822 2007 3884; x_wconf 86' lang='grc' dir='ltr'>είς</span> 
     </span>
    </p>
   </div>
   <div class='ocr_carea' id='block_1_59' title="bbox 431 3915 2006 3994">
    <p class='ocr_par' dir='ltr' id='par_1_59' title="bbox 431 3915 2006 3994">
     <span class='ocr_line' id='line_1_59' title="bbox 431 3915 2006 3994; baseline -0.006 -18"><span class='ocrx_word' id='word_1_410' title='bbox 431 3921 631 3994; x_wconf 82' lang='grc' dir='ltr'>ἀρετῆς</span> <span class='ocrx_word' id='word_1_411' title='bbox 661 3921 837 3988; x_wconf 87' lang='grc' dir='ltr'>λόγον.</span> <span class='ocrx_word' id='word_1_412' title='bbox 872 3919 1027 3981; x_wconf 83' lang='grc' dir='ltr'>Τίνος</span> <span class='ocrx_word' id='word_1_413' title='bbox 1053 3917 1110 3970; x_wconf 79' lang='grc' dir='ltr'>δὲ</span> <span class='ocrx_word' id='word_1_414' title='bbox 1137 3917 1320 3970; x_wconf 79' lang='grc' dir='ltr'>ἕνεκεν</span> <span class='ocrx_word' id='word_1_415' title='bbox 1355 3919 1411 3970; x_wconf 86' lang='grc' dir='ltr'>ἐν</span> <span class='ocrx_word' id='word_1_416' title='bbox 1449 3917 1544 3987; x_wconf 82' lang='grc' dir='ltr'>μὲν</span> <span class='ocrx_word' id='word_1_417' title='bbox 1577 3920 1642 3987; x_wconf 83' lang='grc' dir='ltr'>τῇ</span> <span class='ocrx_word' id='word_1_418' title='bbox 1664 3917 1804 3988; x_wconf 83' lang='grc' dir='ltr'>μέσῃ</span> <span class='ocrx_word' id='word_1_419' title='bbox 1828 3915 2006 3986; x_wconf 90' lang='grc' dir='ltr'>μερίδι</span> 
     </span>
    </p>
   </div>
   <div class='ocr_carea' id='block_1_60' title="bbox 430 4007 2006 4084">
    <p class='ocr_par' dir='ltr' id='par_1_60' title="bbox 430 4007 2006 4084">
     <span class='ocr_line' id='line_1_60' title="bbox 430 4007 2006 4084; baseline -0.003 -19"><span class='ocrx_word' id='word_1_420' title='bbox 430 4015 580 4084; x_wconf 87' lang='grc' dir='ltr'>τρεῖς</span> <span class='ocrx_word' id='word_1_421' title='bbox 607 4011 924 4083; x_wconf 87' lang='grc' dir='ltr'>παρέδραμε</span> <span class='ocrx_word' id='word_1_422' title='bbox 956 4009 1214 4080; x_wconf 84' lang='grc' dir='ltr'>βασιλεῖς,</span> <span class='ocrx_word' id='word_1_423' title='bbox 1257 4011 1313 4061; x_wconf 90' lang='grc' dir='ltr'>ἐν</span> <span class='ocrx_word' id='word_1_424' title='bbox 1359 4008 1416 4061; x_wconf 82' lang='grc' dir='ltr'>δὲ</span> <span class='ocrx_word' id='word_1_425' title='bbox 1452 4011 1518 4080; x_wconf 82' lang='grc' dir='ltr'>τῇ</span> <span class='ocrx_word' id='word_1_426' title='bbox 1563 4009 1764 4079; x_wconf 79' lang='grc' dir='ltr'>ἐσχάτῃ</span> <span class='ocrx_word' id='word_1_427' title='bbox 1800 4007 2006 4060; x_wconf 81' lang='grc' dir='ltr'>δώδεκα</span> 
     </span>
    </p>
   </div>
   <div class='ocr_carea' id='block_1_61' title="bbox 434 4097 2010 4175">
    <p class='ocr_par' dir='ltr' id='par_1_61' title="bbox 434 4097 2010 4175">
     <span class='ocr_line' id='line_1_61' title="bbox 434 4097 2010 4175; baseline -0.004 -16"><span class='ocrx_word' id='word_1_428' title='bbox 434 4107 547 4170; x_wconf 68' lang='grc' dir='ltr'>θεὶς</span> <span class='ocrx_word' id='word_1_429' title='bbox 583 4105 796 4175; x_wconf 78' lang='grc' dir='ltr'>γενεὰς,</span> <span class='ocrx_word' id='word_1_430' title='bbox 849 4103 1249 4172; x_wconf 83' lang='grc' dir='ltr'>δεκατέσσαρας</span> <span class='ocrx_word' id='word_1_431' title='bbox 1291 4101 1462 4166; x_wconf 78' lang='grc' dir='ltr'>αὐτάς</span> <span class='ocrx_word' id='word_1_432' title='bbox 1502 4097 1644 4156; x_wconf 75' lang='grc' dir='ltr'>εἶναι</span> <span class='ocrx_word' id='word_1_433' title='bbox 1673 4101 1875 4173; x_wconf 78' lang='grc' dir='ltr'>έφησε;</span> <span class='ocrx_word' id='word_1_434' title='bbox 1935 4099 2010 4152; x_wconf 83' lang='lat' dir='ltr'><em>T6</em></span> 
     </span>
    </p>
   </div>
   <div class='ocr_carea' id='block_1_62' title="bbox 437 4192 2008 4268">
    <p class='ocr_par' dir='ltr' id='par_1_62' title="bbox 437 4192 2008 4268">
     <span class='ocr_line' id='line_1_62' title="bbox 437 4192 2008 4268; baseline -0.003 -18"><span class='ocrx_word' id='word_1_435' title='bbox 437 4199 534 4268; x_wconf 82' lang='grc' dir='ltr'>μὲν</span> <span class='ocrx_word' id='word_1_436' title='bbox 561 4197 821 4267; x_wconf 82' lang='grc' dir='ltr'>πρότερον</span> <span class='ocrx_word' id='word_1_437' title='bbox 861 4195 989 4265; x_wconf 80' lang='grc' dir='ltr'>ὑμῖν</span> <span class='ocrx_word' id='word_1_438' title='bbox 1026 4193 1227 4263; x_wconf 84' lang='grc' dir='ltr'>ἀφίημι</span> <span class='ocrx_word' id='word_1_439' title='bbox 1261 4193 1442 4261; x_wconf 85' lang='grc' dir='ltr'>ζητεῖν</span> <span class='ocrx_word' id='word_1_440' title='bbox 1467 4210 1480 4224; x_wconf 95' lang='grc'>·</span> <span class='ocrx_word' id='word_1_441' title='bbox 1526 4192 1644 4245; x_wconf 75' lang='grc' dir='ltr'>οὐδὲ</span> <span class='ocrx_word' id='word_1_442' title='bbox 1683 4193 1790 4264; x_wconf 80' lang='grc' dir='ltr'>γὰρ</span> <span class='ocrx_word' id='word_1_443' title='bbox 1829 4193 2008 4246; x_wconf 87' lang='grc' dir='ltr'>πάντα</span> 
     </span>
    </p>
   </div>
   <div class='ocr_carea' id='block_1_63' title="bbox 434 4282 2010 4355">
    <p class='ocr_par' dir='ltr' id='par_1_63' title="bbox 434 4282 2010 4355">
     <span class='ocr_line' id='line_1_63' title="bbox 434 4282 2010 4355; baseline -0.003 -17"><span class='ocrx_word' id='word_1_444' title='bbox 434 4285 676 4339; x_wconf 83' lang='grc' dir='ltr'>ἐπιλύειν</span> <span class='ocrx_word' id='word_1_445' title='bbox 717 4286 845 4355; x_wconf 86' lang='grc' dir='ltr'>ύμῖν</span> <span class='ocrx_word' id='word_1_446' title='bbox 885 4285 1200 4352; x_wconf 85' lang='grc' dir='ltr'>ἀναγκαῖον,</span> <span class='ocrx_word' id='word_1_447' title='bbox 1237 4283 1323 4337; x_wconf 81' lang='grc' dir='ltr'>ἵνα</span> <span class='ocrx_word' id='word_1_448' title='bbox 1360 4283 1435 4352; x_wconf 88' lang='grc' dir='ltr'>μὴ</span> <span class='ocrx_word' id='word_1_449' title='bbox 1476 4282 1786 4351; x_wconf 86' lang='grc' dir='ltr'>ἁναπέσητε</span> <span class='ocrx_word' id='word_1_450' title='bbox 1810 4300 1824 4314; x_wconf 90' lang='grc'>·</span> <span class='ocrx_word' id='word_1_451' title='bbox 1865 4282 1927 4336; x_wconf 82' lang='grc' dir='ltr'>τὸ</span> <span class='ocrx_word' id='word_1_452' title='bbox 1951 4282 2010 4335; x_wconf 82' lang='grc' dir='ltr'>δέ</span> 
     </span>
    </p>
   </div>
   <div class='ocr_carea' id='block_1_64' title="bbox 433 4372 2012 4446">
    <p class='ocr_par' dir='ltr' id='par_1_64' title="bbox 433 4372 2012 4446">
     <span class='ocr_line' id='line_1_64' title="bbox 433 4372 2012 4446; baseline -0.001 -18"><span class='ocrx_word' id='word_1_453' title='bbox 433 4377 684 4446; x_wconf 86' lang='grc' dir='ltr'>δεύτερον</span> <span class='ocrx_word' id='word_1_454' title='bbox 727 4376 886 4446; x_wconf 84' lang='grc' dir='ltr'>ἡμεῖς</span> <span class='ocrx_word' id='word_1_455' title='bbox 930 4373 1182 4446; x_wconf 77' lang='grc' dir='ltr'>ἐροῦμεν.</span> <span class='ocrx_word' id='word_1_456' title='bbox 1246 4375 1397 4444; x_wconf 70' lang='grc' dir='ltr'>Ἐμοὶ</span> <span class='ocrx_word' id='word_1_457' title='bbox 1435 4374 1545 4444; x_wconf 91' lang='grc' dir='ltr'>γάρ</span> <span class='ocrx_word' id='word_1_458' title='bbox 1580 4372 1811 4426; x_wconf 80' lang='grc' dir='ltr'>ἐνταῦθα</span> <span class='ocrx_word' id='word_1_459' title='bbox 1862 4374 2012 4427; x_wconf 89' lang='grc' dir='ltr'>δοκεῖ</span> 
     </span>
    </p>
   </div>
   <div class='ocr_carea' id='block_1_65' title="bbox 435 4465 2012 4536">
    <p class='ocr_par' dir='ltr' id='par_1_65' title="bbox 435 4465 2012 4536">
     <span class='ocr_line' id='line_1_65' title="bbox 435 4465 2012 4536; baseline -0.002 -15"><span class='ocrx_word' id='word_1_460' title='bbox 435 4469 530 4522; x_wconf 75' lang='grc' dir='ltr'>καὶ</span> <span class='ocrx_word' id='word_1_461' title='bbox 573 4467 665 4520; x_wconf 83' lang='grc' dir='ltr'>τὸν</span> <span class='ocrx_word' id='word_1_462' title='bbox 706 4465 897 4536; x_wconf 90' lang='grc' dir='ltr'>χρόνον</span> <span class='ocrx_word' id='word_1_463' title='bbox 944 4465 1044 4535; x_wconf 82' lang='grc' dir='ltr'>τῆς</span> <span class='ocrx_word' id='word_1_464' title='bbox 1095 4465 1467 4536; x_wconf 75' lang='grc' dir='ltr'>αἰχμαλωσίας</span> <span class='ocrx_word' id='word_1_465' title='bbox 1511 4467 1567 4518; x_wconf 84' lang='grc' dir='ltr'>ἐν</span> <span class='ocrx_word' id='word_1_466' title='bbox 1611 4465 1762 4529; x_wconf 79' lang='grc' dir='ltr'>τάξει</span> <span class='ocrx_word' id='word_1_467' title='bbox 1820 4467 2012 4534; x_wconf 81' lang='grc' dir='ltr'>γενεᾶς</span> 
     </span>
    </p>
   </div>
   <div class='ocr_carea' id='block_1_66' title="bbox 432 4556 2013 4629">
    <p class='ocr_par' dir='ltr' id='par_1_66' title="bbox 432 4556 2013 4629">
     <span class='ocr_line' id='line_1_66' title="bbox 432 4556 2013 4629; baseline -0.003 -16"><span class='ocrx_word' id='word_1_468' title='bbox 432 4559 662 4624; x_wconf 83' lang='grc' dir='ltr'>τιθέναι,</span> <span class='ocrx_word' id='word_1_469' title='bbox 718 4557 812 4611; x_wconf 75' lang='grc' dir='ltr'>καὶ</span> <span class='ocrx_word' id='word_1_470' title='bbox 855 4558 1015 4610; x_wconf 76' lang='grc' dir='ltr'>αὐτὸν</span> <span class='ocrx_word' id='word_1_471' title='bbox 1062 4557 1152 4609; x_wconf 83' lang='grc' dir='ltr'>τὸν</span> <span class='ocrx_word' id='word_1_472' title='bbox 1203 4556 1459 4629; x_wconf 81' lang='grc' dir='ltr'>Χριστὸν,</span> <span class='ocrx_word' id='word_1_473' title='bbox 1507 4557 1838 4626; x_wconf 82' lang='grc' dir='ltr'>πανταχόθεν</span> <span class='ocrx_word' id='word_1_474' title='bbox 1889 4574 2013 4609; x_wconf 88' lang='grc' dir='ltr'>συν-</span> 
     </span>
    </p>
   </div>
   <div class='ocr_carea' id='block_1_67' title="bbox 433 4647 2009 4722">
    <p class='ocr_par' dir='ltr' id='par_1_67' title="bbox 433 4647 2009 4722">
     <span class='ocr_line' id='line_1_67' title="bbox 433 4647 2009 4722; baseline -0.004 -17"><span class='ocrx_word' id='word_1_475' title='bbox 433 4655 621 4706; x_wconf 84' lang='grc' dir='ltr'>άπτων</span> <span class='ocrx_word' id='word_1_476' title='bbox 651 4652 781 4722; x_wconf 89' lang='grc' dir='ltr'>ἡμῖν</span> <span class='ocrx_word' id='word_1_477' title='bbox 807 4649 987 4703; x_wconf 87' lang='grc' dir='ltr'>αὐτόν.</span> <span class='ocrx_word' id='word_1_478' title='bbox 1021 4648 1450 4718; x_wconf 84' lang='grc' dir='ltr'>Ἀναμιμνήσκει</span> <span class='ocrx_word' id='word_1_479' title='bbox 1485 4647 1541 4700; x_wconf 84' lang='grc' dir='ltr'>δέ</span> <span class='ocrx_word' id='word_1_480' title='bbox 1581 4648 1675 4700; x_wconf 78' lang='grc' dir='ltr'>καὶ</span> <span class='ocrx_word' id='word_1_481' title='bbox 1711 4649 1807 4717; x_wconf 86' lang='grc' dir='ltr'>τῆς</span> <span class='ocrx_word' id='word_1_482' title='bbox 1843 4649 2009 4717; x_wconf 85' lang='grc' dir='ltr'>αἰχμ-</span> 
     </span>
    </p>
   </div>
   <div class='ocr_carea' id='block_1_68' title="bbox 434 4739 2012 4812">
    <p class='ocr_par' dir='ltr' id='par_1_68' title="bbox 434 4739 2012 4812">
     <span class='ocr_line' id='line_1_68' title="bbox 434 4739 2012 4812; baseline -0.004 -15"><span class='ocrx_word' id='word_1_483' title='bbox 434 4743 673 4806; x_wconf 72' lang='grc' dir='ltr'>αλωσίας</span> <span class='ocrx_word' id='word_1_484' title='bbox 705 4741 917 4812; x_wconf 83' lang='grc' dir='ltr'>ἐκείνης</span> <span class='ocrx_word' id='word_1_485' title='bbox 954 4739 1155 4804; x_wconf 82' lang='grc' dir='ltr'>καλῶς,</span> <span class='ocrx_word' id='word_1_486' title='bbox 1185 4740 1360 4810; x_wconf 79' lang='grc' dir='ltr'>δηλῶν</span> <span class='ocrx_word' id='word_1_487' title='bbox 1397 4741 1478 4792; x_wconf 83' lang='grc' dir='ltr'>ὅτι</span> <span class='ocrx_word' id='word_1_488' title='bbox 1510 4740 1628 4792; x_wconf 82' lang='grc' dir='ltr'>οὐδὲ</span> <span class='ocrx_word' id='word_1_489' title='bbox 1666 4741 1780 4792; x_wconf 76' lang='grc' dir='ltr'>ἐκεῖ</span> <span class='ocrx_word' id='word_1_490' title='bbox 1820 4739 2012 4792; x_wconf 90' lang='grc' dir='ltr'>κατελ-</span> 
     </span>
    </p>
   </div>
   <div class='ocr_carea' id='block_1_69' title="bbox 435 4827 2009 4902">
    <p class='ocr_par' dir='ltr' id='par_1_69' title="bbox 435 4827 2009 4902">
     <span class='ocr_line' id='line_1_69' title="bbox 435 4827 2009 4902; baseline -0.005 -14"><span class='ocrx_word' id='word_1_491' title='bbox 435 4835 642 4900; x_wconf 80' lang='grc' dir='ltr'>θόντες,</span> <span class='ocrx_word' id='word_1_492' title='bbox 705 4831 951 4901; x_wconf 88' lang='grc' dir='ltr'>ἐγένοντο</span> <span class='ocrx_word' id='word_1_493' title='bbox 1012 4830 1476 4902; x_wconf 81' lang='grc' dir='ltr'>σωφρονέστεροι·</span> <span class='ocrx_word' id='word_1_494' title='bbox 1537 4830 1677 4883; x_wconf 84' lang='grc' dir='ltr'>ὥστε</span> <span class='ocrx_word' id='word_1_495' title='bbox 1749 4827 2009 4881; x_wconf 83' lang='grc' dir='ltr'>πάντοθεν</span> 
     </span>
    </p>
   </div>
   <div class='ocr_carea' id='block_1_70' title="bbox 431 4913 2012 4994">
    <p class='ocr_par' dir='ltr' id='par_1_70' title="bbox 431 4913 2012 4994">
     <span class='ocr_line' id='line_1_70' title="bbox 431 4913 2012 4994; baseline -0.006 -15"><span class='ocrx_word' id='word_1_496' title='bbox 431 4923 735 4994; x_wconf 88' lang='grc' dir='ltr'>ἀναγκαίαν</span> <span class='ocrx_word' id='word_1_497' title='bbox 780 4923 1010 4993; x_wconf 87' lang='grc' dir='ltr'>φανῆναι</span> <span class='ocrx_word' id='word_1_498' title='bbox 1049 4922 1147 4992; x_wconf 81' lang='grc' dir='ltr'>τὴν</span> <span class='ocrx_word' id='word_1_499' title='bbox 1181 4919 1343 4973; x_wconf 81' lang='grc' dir='ltr'>αὑτοῦ</span> <span class='ocrx_word' id='word_1_500' title='bbox 1388 4918 1704 4988; x_wconf 87' lang='grc' dir='ltr'>παρουσίαν.</span> <span class='ocrx_word' id='word_1_501' title='bbox 1745 4919 1809 4970; x_wconf 89' lang='grc' dir='ltr'>Τί</span> <span class='ocrx_word' id='word_1_502' title='bbox 1843 4913 1937 4972; x_wconf 79' lang='grc' dir='ltr'>οὖν</span> <span class='ocrx_word' id='word_1_503' title='bbox 1979 4918 2012 4970; x_wconf 77' lang='grc' dir='ltr'><strong>ὁ</strong></span> 
     </span>
    </p>
   </div>
   <div class='ocr_carea' id='block_1_71' title="bbox 432 5009 2018 5088">
    <p class='ocr_par' dir='ltr' id='par_1_71' title="bbox 432 5009 2018 5088">
     <span class='ocr_line' id='line_1_71' title="bbox 432 5009 2018 5088; baseline -0.005 -17"><span class='ocrx_word' id='word_1_504' title='bbox 432 5016 679 5088; x_wconf 86' lang='grc' dir='ltr'>Μάρκος,</span> <span class='ocrx_word' id='word_1_505' title='bbox 743 5014 928 5086; x_wconf 77' lang='grc' dir='ltr'>φησὶν,</span> <span class='ocrx_word' id='word_1_506' title='bbox 980 5013 1042 5065; x_wconf 81' lang='grc' dir='ltr'>οὐ</span> <span class='ocrx_word' id='word_1_507' title='bbox 1101 5013 1245 5064; x_wconf 89' lang='grc' dir='ltr'>ποιεῖ</span> <span class='ocrx_word' id='word_1_508' title='bbox 1290 5009 1469 5070; x_wconf 84' lang='grc' dir='ltr'>τοῦτο,</span> <span class='ocrx_word' id='word_1_509' title='bbox 1526 5009 1646 5062; x_wconf 81' lang='grc' dir='ltr'>οὐδὲ</span> <span class='ocrx_word' id='word_1_510' title='bbox 1709 5009 2018 5078; x_wconf 84' lang='grc' dir='ltr'>γενεαλογεῖ</span> 
     </span>
    </p>
   </div>
   <div class='ocr_carea' id='block_1_72' title="bbox 431 5098 2016 5177">
    <p class='ocr_par' dir='ltr' id='par_1_72' title="bbox 431 5098 2016 5177">
     <span class='ocr_line' id='line_1_72' title="bbox 431 5098 2016 5177; baseline -0.006 -16"><span class='ocrx_word' id='word_1_511' title='bbox 431 5109 524 5161; x_wconf 78' lang='grc' dir='ltr'>τὸν</span> <span class='ocrx_word' id='word_1_512' title='bbox 567 5104 801 5177; x_wconf 84' lang='grc' dir='ltr'>Χριστὸν</span> <span class='ocrx_word' id='word_1_513' title='bbox 845 5105 892 5136; x_wconf 78' lang='grc' dir='ltr'><strong>⁷ο</strong></span> <span class='ocrx_word' id='word_1_514' title='bbox 955 5102 1069 5155; x_wconf 83' lang='grc' dir='ltr'>ἀλλ’</span> <span class='ocrx_word' id='word_1_515' title='bbox 1115 5101 1386 5170; x_wconf 80' lang='grc' dir='ltr'>ἐπιτόμως</span> <span class='ocrx_word' id='word_1_516' title='bbox 1422 5098 1533 5171; x_wconf 74' lang='grc'>[46]</span> <span class='ocrx_word' id='word_1_517' title='bbox 1586 5099 1801 5153; x_wconf 75' lang='grc' dir='ltr'>ἅπαντα</span> <span class='ocrx_word' id='word_1_518' title='bbox 1852 5100 2016 5169; x_wconf 82' lang='grc' dir='ltr'>φθέγ-</span> 
     </span>
    </p>
   </div>
   <div class='ocr_carea' id='block_1_73' title="bbox 432 5191 2016 5268">
    <p class='ocr_par' dir='ltr' id='par_1_73' title="bbox 432 5191 2016 5268">
     <span class='ocr_line' id='line_1_73' title="bbox 432 5191 2016 5268; baseline -0.005 -17"><span class='ocrx_word' id='word_1_519' title='bbox 432 5214 625 5268; x_wconf 85' lang='grc' dir='ltr'>γεται;</span> <span class='ocrx_word' id='word_1_520' title='bbox 701 5195 856 5266; x_wconf 75' lang='grc' dir='ltr'>Ἐμοὶ</span> <span class='ocrx_word' id='word_1_521' title='bbox 931 5195 1079 5246; x_wconf 84' lang='grc' dir='ltr'>δοκεῖ</span> <span class='ocrx_word' id='word_1_522' title='bbox 1141 5193 1169 5245; x_wconf 92' lang='lat'>6</span> <span class='ocrx_word' id='word_1_523' title='bbox 1242 5192 1340 5263; x_wconf 78' lang='grc' dir='ltr'>μὲν</span> <span class='ocrx_word' id='word_1_524' title='bbox 1399 5191 1672 5255; x_wconf 82' lang='grc' dir='ltr'>Ματθαῖος</span> <span class='ocrx_word' id='word_1_525' title='bbox 1741 5192 1848 5262; x_wconf 84' lang='grc' dir='ltr'>πρὸ</span> <span class='ocrx_word' id='word_1_526' title='bbox 1907 5192 2016 5244; x_wconf 89' lang='grc' dir='ltr'>τῶν</span> 
     </span>
    </p>
   </div>
   <div class='ocr_carea' id='block_1_74' title="bbox 432 5283 2018 5361">
    <p class='ocr_par' dir='ltr' id='par_1_74' title="bbox 432 5283 2018 5361">
     <span class='ocr_line' id='line_1_74' title="bbox 432 5283 2018 5361; baseline -0.004 -18"><span class='ocrx_word' id='word_1_527' title='bbox 432 5290 607 5345; x_wconf 78' lang='grc' dir='ltr'>ἄλλων</span> <span class='ocrx_word' id='word_1_528' title='bbox 641 5284 844 5361; x_wconf 81' lang='grc' dir='ltr'>ἦρχθαι</span> <span class='ocrx_word' id='word_1_529' title='bbox 880 5286 972 5340; x_wconf 87' lang='grc' dir='ltr'>τοῦ</span> <span class='ocrx_word' id='word_1_530' title='bbox 1015 5284 1364 5356; x_wconf 85' lang='grc' dir='ltr'>πράγματος·</span> <span class='ocrx_word' id='word_1_531' title='bbox 1397 5283 1476 5337; x_wconf 84' lang='grc' dir='ltr'>διὸ</span> <span class='ocrx_word' id='word_1_532' title='bbox 1510 5285 1602 5339; x_wconf 74' lang='grc' dir='ltr'>καὶ</span> <span class='ocrx_word' id='word_1_533' title='bbox 1630 5284 1728 5356; x_wconf 77' lang='grc' dir='ltr'>τὴν</span> <span class='ocrx_word' id='word_1_534' title='bbox 1769 5284 2018 5353; x_wconf 79' lang='grc' dir='ltr'>γενεαλοο</span> 
     </span>
    </p>
   </div>
   <div class='ocr_carea' id='block_1_75' title="bbox 433 5377 2016 5454">
    <p class='ocr_par' dir='ltr' id='par_1_75' title="bbox 433 5377 2016 5454">
     <span class='ocr_line' id='line_1_75' title="bbox 433 5377 2016 5454; baseline -0.004 -16"><span class='ocrx_word' id='word_1_535' title='bbox 433 5385 559 5454; x_wconf 78' lang='grc' dir='ltr'>γίαν</span> <span class='ocrx_word' id='word_1_536' title='bbox 590 5384 772 5454; x_wconf 89' lang='grc' dir='ltr'>τίθησι</span> <span class='ocrx_word' id='word_1_537' title='bbox 802 5382 940 5453; x_wconf 84' lang='grc' dir='ltr'>μετὰ</span> <span class='ocrx_word' id='word_1_538' title='bbox 971 5380 1278 5454; x_wconf 86' lang='grc' dir='ltr'>ἀκριϐείας,</span> <span class='ocrx_word' id='word_1_539' title='bbox 1332 5378 1424 5433; x_wconf 76' lang='grc' dir='ltr'>καὶ</span> <span class='ocrx_word' id='word_1_540' title='bbox 1472 5379 1608 5450; x_wconf 82' lang='grc' dir='ltr'>πρὸς</span> <span class='ocrx_word' id='word_1_541' title='bbox 1651 5378 1720 5432; x_wconf 86' lang='grc' dir='ltr'>τά</span> <span class='ocrx_word' id='word_1_542' title='bbox 1763 5377 2016 5432; x_wconf 88' lang='grc' dir='ltr'>κατεπεί-</span> 
     </span>
    </p>
   </div>
   <div class='ocr_carea' id='block_1_76' title="bbox 432 5475 2012 5550">
    <p class='ocr_par' dir='ltr' id='par_1_76' title="bbox 432 5475 2012 5550">
     <span class='ocr_line' id='line_1_76' title="bbox 432 5475 2012 5550; baseline -0.003 -17"><span class='ocrx_word' id='word_1_543' title='bbox 432 5497 597 5549; x_wconf 89' lang='grc' dir='ltr'>γοντα</span> <span class='ocrx_word' id='word_1_544' title='bbox 630 5480 864 5533; x_wconf 85' lang='grc' dir='ltr'>ῖσταται·</span> <span class='ocrx_word' id='word_1_545' title='bbox 902 5479 930 5530; x_wconf 91' lang='lat'>6</span> <span class='ocrx_word' id='word_1_546' title='bbox 973 5477 1031 5530; x_wconf 79' lang='grc' dir='ltr'>δὲ</span> <span class='ocrx_word' id='word_1_547' title='bbox 1079 5478 1307 5550; x_wconf 88' lang='grc' dir='ltr'>Μάρκος</span> <span class='ocrx_word' id='word_1_548' title='bbox 1358 5476 1475 5548; x_wconf 77' lang='grc' dir='ltr'>μετ’</span> <span class='ocrx_word' id='word_1_549' title='bbox 1523 5477 1751 5540; x_wconf 84' lang='grc' dir='ltr'>ἐκεῖνον,</span> <span class='ocrx_word' id='word_1_550' title='bbox 1803 5475 1885 5530; x_wconf 83' lang='grc' dir='ltr'>διὸ</span> <span class='ocrx_word' id='word_1_551' title='bbox 1923 5477 2012 5530; x_wconf 80' lang='grc' dir='ltr'>ἐπὶ</span> 
     </span>
    </p>
   </div>
   <div class='ocr_carea' id='block_1_77' title="bbox 435 5565 2017 5643">
    <p class='ocr_par' dir='ltr' id='par_1_77' title="bbox 435 5565 2017 5643">
     <span class='ocr_line' id='line_1_77' title="bbox 435 5565 2017 5643; baseline -0.003 -20"><span class='ocrx_word' id='word_1_552' title='bbox 435 5570 698 5642; x_wconf 89' lang='grc' dir='ltr'>σύντομον</span> <span class='ocrx_word' id='word_1_553' title='bbox 725 5566 887 5643; x_wconf 84' lang='grc' dir='ltr'>ῆλθεν</span> <span class='ocrx_word' id='word_1_554' title='bbox 919 5569 1058 5634; x_wconf 85' lang='grc' dir='ltr'>ὁδὸν,</span> <span class='ocrx_word' id='word_1_555' title='bbox 1085 5569 1180 5623; x_wconf 78' lang='grc' dir='ltr'>ἆτε</span> <span class='ocrx_word' id='word_1_556' title='bbox 1199 5571 1312 5630; x_wconf 86' lang='grc' dir='ltr'>τοῖς</span> <span class='ocrx_word' id='word_1_557' title='bbox 1335 5567 1434 5641; x_wconf 82' lang='grc' dir='ltr'>ἡδη</span> <span class='ocrx_word' id='word_1_558' title='bbox 1460 5566 1694 5638; x_wconf 85' lang='grc' dir='ltr'>λεχθεῖσι</span> <span class='ocrx_word' id='word_1_559' title='bbox 1721 5567 1817 5620; x_wconf 75' lang='grc' dir='ltr'>καὶ</span> <span class='ocrx_word' id='word_1_560' title='bbox 1840 5565 2017 5638; x_wconf 84' lang='grc' dir='ltr'>δήλοις</span> 
     </span>
    </p>
   </div>
   <div class='ocr_carea' id='block_1_78' title="bbox 2101 2907 3686 2988">
    <p class='ocr_par' dir='ltr' id='par_1_78' title="bbox 2101 2907 3686 2988">
     <span class='ocr_line' id='line_1_78' title="bbox 2101 2907 3686 2988; baseline -0.008 -15"><span class='ocrx_word' id='word_1_561' title='bbox 2101 2919 2271 2987; x_wconf 74' lang='grc' dir='ltr'>ἔθνος,</span> <span class='ocrx_word' id='word_1_562' title='bbox 2307 2916 2389 2983; x_wconf 75' lang='grc' dir='ltr'>οἷς</span> <span class='ocrx_word' id='word_1_563' title='bbox 2417 2917 2512 2972; x_wconf 72' lang='grc' dir='ltr'>καὶ</span> <span class='ocrx_word' id='word_1_564' title='bbox 2546 2916 2747 2988; x_wconf 81' lang='grc' dir='ltr'>μᾶλλον</span> <span class='ocrx_word' id='word_1_565' title='bbox 2774 2915 3062 2986; x_wconf 89' lang='grc' dir='ltr'>προσεῖχεν</span> <span class='ocrx_word' id='word_1_566' title='bbox 3083 2915 3112 2968; x_wconf 91' lang='lat'>6</span> <span class='ocrx_word' id='word_1_567' title='bbox 3133 2912 3242 2968; x_wconf 92' lang='grc' dir='ltr'>τῶν</span> <span class='ocrx_word' id='word_1_568' title='bbox 3280 2910 3550 2966; x_wconf 83' lang='grc' dir='ltr'>Ἰουδαίων</span> <span class='ocrx_word' id='word_1_569' title='bbox 3585 2907 3686 2977; x_wconf 87' lang='grc' dir='ltr'>δῆ-</span> 
     </span>
    </p>
   </div>
   <div class='ocr_carea' id='block_1_79' title="bbox 2104 2999 3688 3084">
    <p class='ocr_par' dir='ltr' id='par_1_79' title="bbox 2104 2999 3688 3084">
     <span class='ocr_line' id='line_1_79' title="bbox 2104 2999 3688 3084; baseline -0.007 -20"><span class='ocrx_word' id='word_1_570' title='bbox 2104 3030 2225 3084; x_wconf 88' lang='grc' dir='ltr'>μος.</span> <span class='ocrx_word' id='word_1_571' title='bbox 2255 3010 2454 3081; x_wconf 88' lang='grc' dir='ltr'>Διόπερ</span> <span class='ocrx_word' id='word_1_572' title='bbox 2485 3011 2780 3078; x_wconf 86' lang='grc' dir='ltr'>ἀναγκαῖος</span> <span class='ocrx_word' id='word_1_573' title='bbox 2823 3000 2975 3071; x_wconf 76' lang='grc' dir='ltr'>οὗτος</span> <span class='ocrx_word' id='word_1_574' title='bbox 3016 3006 3125 3059; x_wconf 92' lang='grc' dir='ltr'>τῶν</span> <span class='ocrx_word' id='word_1_575' title='bbox 3163 3003 3464 3076; x_wconf 88' lang='grc' dir='ltr'>προοιμίων</span> <span class='ocrx_word' id='word_1_576' title='bbox 3505 3002 3534 3054; x_wconf 97' lang='lat'>6</span> <span class='ocrx_word' id='word_1_577' title='bbox 3559 2999 3688 3071; x_wconf 82' lang='grc' dir='ltr'>τρό-</span> 
     </span>
    </p>
   </div>
   <div class='ocr_carea' id='block_1_80' title="bbox 2101 3094 3689 3174">
    <p class='ocr_par' dir='ltr' id='par_1_80' title="bbox 2101 3094 3689 3174">
     <span class='ocr_line' id='line_1_80' title="bbox 2101 3094 3689 3174; baseline -0.009 -16"><span class='ocrx_word' id='word_1_578' title='bbox 2101 3122 2201 3168; x_wconf 89' lang='grc' dir='ltr'>πος</span> <span class='ocrx_word' id='word_1_579' title='bbox 2225 3100 2292 3174; x_wconf 85' lang='grc' dir='ltr'>ῆν</span> <span class='ocrx_word' id='word_1_580' title='bbox 2324 3104 2451 3174; x_wconf 83' lang='grc' dir='ltr'>παρ’</span> <span class='ocrx_word' id='word_1_581' title='bbox 2479 3103 2679 3164; x_wconf 79' lang='grc' dir='ltr'>αὐτοῖς.</span> <span class='ocrx_word' id='word_1_582' title='bbox 2716 3102 2779 3154; x_wconf 69' lang='lat' dir='ltr'>Et</span> <span class='ocrx_word' id='word_1_583' title='bbox 2811 3100 2869 3153; x_wconf 89' lang='grc' dir='ltr'>δέ</span> <span class='ocrx_word' id='word_1_584' title='bbox 2900 3116 3031 3153; x_wconf 89' lang='grc' dir='ltr'>ποτε</span> <span class='ocrx_word' id='word_1_585' title='bbox 3064 3098 3158 3151; x_wconf 72' lang='grc' dir='ltr'>καὶ</span> <span class='ocrx_word' id='word_1_586' title='bbox 3207 3096 3424 3165; x_wconf 87' lang='grc' dir='ltr'>ἐγένετο</span> <span class='ocrx_word' id='word_1_587' title='bbox 3461 3094 3689 3165; x_wconf 81' lang='grc' dir='ltr'>σημεῖα,</span> 
     </span>
    </p>
   </div>
   <div class='ocr_carea' id='block_1_81' title="bbox 2101 3185 3686 3267">
    <p class='ocr_par' dir='ltr' id='par_1_81' title="bbox 2101 3185 3686 3267">
     <span class='ocr_line' id='line_1_81' title="bbox 2101 3185 3686 3267; baseline -0.009 -16"><span class='ocrx_word' id='word_1_588' title='bbox 2101 3197 2210 3251; x_wconf 86' lang='grc' dir='ltr'>τῶν</span> <span class='ocrx_word' id='word_1_589' title='bbox 2239 3195 2530 3267; x_wconf 82' lang='grc' dir='ltr'>βαρϐάρων</span> <span class='ocrx_word' id='word_1_590' title='bbox 2556 3194 2739 3247; x_wconf 74' lang='grc' dir='ltr'>ἕνεκεν</span> <span class='ocrx_word' id='word_1_591' title='bbox 2764 3193 2979 3262; x_wconf 82' lang='grc' dir='ltr'>ἐγένετο</span> <span class='ocrx_word' id='word_1_592' title='bbox 3007 3191 3076 3256; x_wconf 78' lang='grc'>⁷³,</span> <span class='ocrx_word' id='word_1_593' title='bbox 3108 3189 3248 3243; x_wconf 88' lang='grc' dir='ltr'>ῶστε</span> <span class='ocrx_word' id='word_1_594' title='bbox 3276 3187 3505 3250; x_wconf 77' lang='grc' dir='ltr'>πολλοὺς</span> <span class='ocrx_word' id='word_1_595' title='bbox 3532 3185 3686 3254; x_wconf 84' lang='grc' dir='ltr'>γενέ-</span> 
     </span>
    </p>
   </div>
   <div class='ocr_carea' id='block_1_82' title="bbox 2104 3275 3686 3356">
    <p class='ocr_par' dir='ltr' id='par_1_82' title="bbox 2104 3275 3686 3356">
     <span class='ocr_line' id='line_1_82' title="bbox 2104 3275 3686 3356; baseline -0.007 -16"><span class='ocrx_word' id='word_1_596' title='bbox 2104 3288 2225 3340; x_wconf 87' lang='grc' dir='ltr'>σθαι</span> <span class='ocrx_word' id='word_1_597' title='bbox 2284 3287 2408 3349; x_wconf 74' lang='grc' dir='ltr'>τοὺς</span> <span class='ocrx_word' id='word_1_598' title='bbox 2461 3285 2854 3356; x_wconf 81' lang='grc' dir='ltr'>προσηλύτους,</span> <span class='ocrx_word' id='word_1_599' title='bbox 2914 3284 3008 3337; x_wconf 82' lang='grc' dir='ltr'>καὶ</span> <span class='ocrx_word' id='word_1_600' title='bbox 3063 3284 3143 3346; x_wconf 87' lang='grc' dir='ltr'>είς</span> <span class='ocrx_word' id='word_1_601' title='bbox 3185 3279 3410 3347; x_wconf 75' lang='grc' dir='ltr'>ἔνδειξιν</span> <span class='ocrx_word' id='word_1_602' title='bbox 3453 3278 3554 3348; x_wconf 89' lang='grc' dir='ltr'>τῆς</span> <span class='ocrx_word' id='word_1_603' title='bbox 3591 3275 3686 3330; x_wconf 86' lang='grc' dir='ltr'>τοῦ</span> 
     </span>
    </p>
   </div>
   <div class='ocr_carea' id='block_1_83' title="bbox 2102 3369 3687 3447">
    <p class='ocr_par' dir='ltr' id='par_1_83' title="bbox 2102 3369 3687 3447">
     <span class='ocr_line' id='line_1_83' title="bbox 2102 3369 3687 3447; baseline -0.006 -17"><span class='ocrx_word' id='word_1_604' title='bbox 2102 3377 2236 3430; x_wconf 88' lang='grc' dir='ltr'>Θεοῦ</span> <span class='ocrx_word' id='word_1_605' title='bbox 2283 3377 2584 3447; x_wconf 86' lang='grc' dir='ltr'>δυνάμεως,</span> <span class='ocrx_word' id='word_1_606' title='bbox 2629 3375 2682 3427; x_wconf 82' lang='grc' dir='ltr'>εί</span> <span class='ocrx_word' id='word_1_607' title='bbox 2717 3391 2846 3428; x_wconf 91' lang='grc' dir='ltr'>ποτε</span> <span class='ocrx_word' id='word_1_608' title='bbox 2891 3374 3085 3437; x_wconf 80' lang='grc' dir='ltr'>αὐτοὺς</span> <span class='ocrx_word' id='word_1_609' title='bbox 3119 3374 3168 3425; x_wconf 82' lang='grc' dir='ltr'>οἱ</span> <span class='ocrx_word' id='word_1_610' title='bbox 3205 3371 3454 3441; x_wconf 86' lang='grc' dir='ltr'>πολέμιοι</span> <span class='ocrx_word' id='word_1_611' title='bbox 3495 3369 3687 3422; x_wconf 85' lang='grc' dir='ltr'>λαϐόν-</span> 
     </span>
    </p>
   </div>
   <div class='ocr_carea' id='block_1_84' title="bbox 2101 3460 3688 3538">
    <p class='ocr_par' dir='ltr' id='par_1_84' title="bbox 2101 3460 3688 3538">
     <span class='ocr_line' id='line_1_84' title="bbox 2101 3460 3688 3538; baseline -0.006 -17"><span class='ocrx_word' id='word_1_612' title='bbox 2101 3486 2211 3533; x_wconf 91' lang='grc' dir='ltr'>τες,</span> <span class='ocrx_word' id='word_1_613' title='bbox 2238 3468 2313 3532; x_wconf 86' lang='grc' dir='ltr'>ῶς</span> <span class='ocrx_word' id='word_1_614' title='bbox 2351 3466 2457 3520; x_wconf 88' lang='grc' dir='ltr'>τῶν</span> <span class='ocrx_word' id='word_1_615' title='bbox 2485 3467 2615 3538; x_wconf 79' lang='grc' dir='ltr'>παρ’</span> <span class='ocrx_word' id='word_1_616' title='bbox 2644 3466 2825 3528; x_wconf 83' lang='grc' dir='ltr'>αὐτοῖς</span> <span class='ocrx_word' id='word_1_617' title='bbox 2851 3463 2988 3517; x_wconf 88' lang='grc' dir='ltr'>θεῶν</span> <span class='ocrx_word' id='word_1_618' title='bbox 3019 3463 3253 3534; x_wconf 78' lang='grc' dir='ltr'>ἰσχυρῶν</span> <span class='ocrx_word' id='word_1_619' title='bbox 3279 3463 3468 3523; x_wconf 78' lang='grc' dir='ltr'>ὄντων,</span> <span class='ocrx_word' id='word_1_620' title='bbox 3502 3460 3688 3529; x_wconf 82' lang='grc' dir='ltr'>ἐνόμι-</span> 
     </span>
    </p>
   </div>
   <div class='ocr_carea' id='block_1_85' title="bbox 2105 3551 3692 3630">
    <p class='ocr_par' dir='ltr' id='par_1_85' title="bbox 2105 3551 3692 3630">
     <span class='ocr_line' id='line_1_85' title="bbox 2105 3551 3692 3630; baseline -0.008 -16"><span class='ocrx_word' id='word_1_621' title='bbox 2105 3578 2202 3613; x_wconf 91' lang='grc' dir='ltr'>σαν</span> <span class='ocrx_word' id='word_1_622' title='bbox 2231 3559 2628 3630; x_wconf 82' lang='grc' dir='ltr'>κεκρατηκέναι</span> <span class='ocrx_word' id='word_1_623' title='bbox 2653 3558 2719 3589; x_wconf 67' lang='grc'>⁷⁸¹</span> <span class='ocrx_word' id='word_1_624' title='bbox 2749 3557 3000 3626; x_wconf 90' lang='grc' dir='ltr'>καθάπερ</span> <span class='ocrx_word' id='word_1_625' title='bbox 3031 3557 3088 3608; x_wconf 83' lang='grc' dir='ltr'>ὲν</span> <span class='ocrx_word' id='word_1_626' title='bbox 3123 3554 3404 3624; x_wconf 78' lang='grc' dir='ltr'>Αἰγύπτῳ,</span> <span class='ocrx_word' id='word_1_627' title='bbox 3435 3551 3555 3606; x_wconf 82' lang='grc' dir='ltr'>ὅθεν</span> <span class='ocrx_word' id='word_1_628' title='bbox 3596 3551 3692 3604; x_wconf 73' lang='grc' dir='ltr'>καὶ</span> 
     </span>
    </p>
   </div>
   <div class='ocr_carea' id='block_1_86' title="bbox 2104 3645 3689 3723">
    <p class='ocr_par' dir='ltr' id='par_1_86' title="bbox 2104 3645 3689 3723">
     <span class='ocr_line' id='line_1_86' title="bbox 2104 3645 3689 3723; baseline -0.008 -15"><span class='ocrx_word' id='word_1_629' title='bbox 2104 3653 2267 3717; x_wconf 70' lang='grc' dir='ltr'>πολὺς</span> <span class='ocrx_word' id='word_1_630' title='bbox 2311 3655 2340 3707; x_wconf 91' lang='lat'>6</span> <span class='ocrx_word' id='word_1_631' title='bbox 2388 3652 2693 3723; x_wconf 85' lang='grc' dir='ltr'>σύμμικτος</span> <span class='ocrx_word' id='word_1_632' title='bbox 2725 3652 2771 3682; x_wconf 78' lang='grc'><strong>⁷⁵</strong></span> <span class='ocrx_word' id='word_1_633' title='bbox 2817 3649 2984 3718; x_wconf 86' lang='grc' dir='ltr'>ἀνέϐη</span> <span class='ocrx_word' id='word_1_634' title='bbox 3007 3649 3052 3679; x_wconf 77' lang='grc'>⁷⁵</span> <span class='ocrx_word' id='word_1_635' title='bbox 3074 3664 3088 3677; x_wconf 92' lang='grc'>·</span> <span class='ocrx_word' id='word_1_636' title='bbox 3120 3648 3213 3701; x_wconf 70' lang='grc' dir='ltr'>καὶ</span> <span class='ocrx_word' id='word_1_637' title='bbox 3254 3647 3392 3718; x_wconf 84' lang='grc' dir='ltr'>μετὰ</span> <span class='ocrx_word' id='word_1_638' title='bbox 3427 3645 3601 3698; x_wconf 87' lang='grc' dir='ltr'>ταῦτα</span> <span class='ocrx_word' id='word_1_639' title='bbox 3629 3645 3689 3696; x_wconf 88' lang='grc' dir='ltr'>ἐν</span> 
     </span>
    </p>
   </div>
   <div class='ocr_carea' id='block_1_87' title="bbox 2103 3736 3684 3810">
    <p class='ocr_par' dir='ltr' id='par_1_87' title="bbox 2103 3736 3684 3810">
     <span class='ocr_line' id='line_1_87' title="bbox 2103 3736 3684 3810; baseline -0.006 -14"><span class='ocrx_word' id='word_1_640' title='bbox 2103 3741 2405 3807; x_wconf 88' lang='grc' dir='ltr'>Βαϐυλῶνι,</span> <span class='ocrx_word' id='word_1_641' title='bbox 2460 3743 2528 3795; x_wconf 77' lang='grc' dir='ltr'>τὰ</span> <span class='ocrx_word' id='word_1_642' title='bbox 2575 3741 2719 3795; x_wconf 80' lang='grc' dir='ltr'>κατὰ</span> <span class='ocrx_word' id='word_1_643' title='bbox 2762 3740 2858 3810; x_wconf 79' lang='grc' dir='ltr'>τὴν</span> <span class='ocrx_word' id='word_1_644' title='bbox 2901 3739 3131 3810; x_wconf 87' lang='grc' dir='ltr'>κάμινον</span> <span class='ocrx_word' id='word_1_645' title='bbox 3173 3737 3268 3790; x_wconf 78' lang='grc' dir='ltr'>καὶ</span> <span class='ocrx_word' id='word_1_646' title='bbox 3303 3736 3372 3790; x_wconf 86' lang='grc' dir='ltr'>τὰ</span> <span class='ocrx_word' id='word_1_647' title='bbox 3412 3737 3684 3806; x_wconf 84' lang='grc' dir='ltr'>ὀνείρατα.</span> 
     </span>
    </p>
   </div>
   <div class='ocr_carea' id='block_1_88' title="bbox 2116 3825 3688 3904">
    <p class='ocr_par' dir='ltr' id='par_1_88' title="bbox 2116 3825 3688 3904">
     <span class='ocr_line' id='line_1_88' title="bbox 2116 3825 3688 3904; baseline -0.006 -15"><span class='ocrx_word' id='word_1_648' title='bbox 2116 3837 2362 3904; x_wconf 84' lang='grc' dir='ltr'>Ἐγένετο</span> <span class='ocrx_word' id='word_1_649' title='bbox 2393 3835 2449 3889; x_wconf 83' lang='grc' dir='ltr'>δὲ</span> <span class='ocrx_word' id='word_1_650' title='bbox 2479 3834 2572 3888; x_wconf 74' lang='grc' dir='ltr'>καὶ</span> <span class='ocrx_word' id='word_1_651' title='bbox 2598 3833 2759 3904; x_wconf 84' lang='grc' dir='ltr'>ἡνίκα</span> <span class='ocrx_word' id='word_1_652' title='bbox 2793 3832 2918 3886; x_wconf 83' lang='grc' dir='ltr'>καθ’</span> <span class='ocrx_word' id='word_1_653' title='bbox 2948 3830 3172 3894; x_wconf 79' lang='grc' dir='ltr'>ἑαυτοὺς</span> <span class='ocrx_word' id='word_1_654' title='bbox 3201 3825 3363 3902; x_wconf 82' lang='grc' dir='ltr'>ἦσαν,</span> <span class='ocrx_word' id='word_1_655' title='bbox 3396 3830 3599 3899; x_wconf 89' lang='grc' dir='ltr'>σημεῖα</span> <span class='ocrx_word' id='word_1_656' title='bbox 3629 3829 3688 3879; x_wconf 85' lang='grc' dir='ltr'>ὲν</span> 
     </span>
    </p>
   </div>
   <div class='ocr_carea' id='block_1_89' title="bbox 2102 3919 3692 4000">
    <p class='ocr_par' dir='ltr' id='par_1_89' title="bbox 2102 3919 3692 4000">
     <span class='ocr_line' id='line_1_89' title="bbox 2102 3919 3692 4000; baseline -0.005 -20"><span class='ocrx_word' id='word_1_657' title='bbox 2102 3930 2167 3999; x_wconf 85' lang='grc' dir='ltr'>τῇ</span> <span class='ocrx_word' id='word_1_658' title='bbox 2199 3929 2410 4000; x_wconf 84' lang='grc' dir='ltr'>ἐρήμῳ,</span> <span class='ocrx_word' id='word_1_659' title='bbox 2449 3926 2698 3998; x_wconf 88' lang='grc' dir='ltr'>καθάπερ</span> <span class='ocrx_word' id='word_1_660' title='bbox 2741 3925 2836 3977; x_wconf 72' lang='grc' dir='ltr'>καὶ</span> <span class='ocrx_word' id='word_1_661' title='bbox 2873 3924 2955 3991; x_wconf 83' lang='grc' dir='ltr'>ἐφ’</span> <span class='ocrx_word' id='word_1_662' title='bbox 2990 3921 3165 3993; x_wconf 90' lang='grc' dir='ltr'>ἡμῶν·</span> <span class='ocrx_word' id='word_1_663' title='bbox 3203 3921 3298 3974; x_wconf 77' lang='grc' dir='ltr'>καὶ</span> <span class='ocrx_word' id='word_1_664' title='bbox 3328 3921 3436 3992; x_wconf 85' lang='grc' dir='ltr'>γὰρ</span> <span class='ocrx_word' id='word_1_665' title='bbox 3476 3919 3570 3974; x_wconf 77' lang='grc' dir='ltr'>καὶ</span> <span class='ocrx_word' id='word_1_666' title='bbox 3600 3919 3692 3988; x_wconf 82' lang='grc' dir='ltr'>ἐφ’</span> 
     </span>
    </p>
   </div>
   <div class='ocr_carea' id='block_1_90' title="bbox 2104 4011 3690 4092">
    <p class='ocr_par' dir='ltr' id='par_1_90' title="bbox 2104 4011 3690 4092">
     <span class='ocr_line' id='line_1_90' title="bbox 2104 4011 3690 4092; baseline -0.006 -17"><span class='ocrx_word' id='word_1_667' title='bbox 2104 4021 2282 4092; x_wconf 91' lang='grc' dir='ltr'>ἡμῶν,</span> <span class='ocrx_word' id='word_1_668' title='bbox 2327 4020 2488 4091; x_wconf 87' lang='grc' dir='ltr'>ἡνίκα</span> <span class='ocrx_word' id='word_1_669' title='bbox 2522 4019 2619 4088; x_wconf 91' lang='grc' dir='ltr'>τῆς</span> <span class='ocrx_word' id='word_1_670' title='bbox 2651 4017 2858 4085; x_wconf 84' lang='grc' dir='ltr'>πλάνης</span> <span class='ocrx_word' id='word_1_671' title='bbox 2901 4015 3171 4086; x_wconf 79' lang='grc' dir='ltr'>ἐξῄειμεν,</span> <span class='ocrx_word' id='word_1_672' title='bbox 3222 4011 3395 4066; x_wconf 88' lang='grc' dir='ltr'>πολλά</span> <span class='ocrx_word' id='word_1_673' title='bbox 3433 4011 3690 4082; x_wconf 84' lang='grc' dir='ltr'>θαύματα</span> 
     </span>
    </p>
   </div>
   <div class='ocr_carea' id='block_1_91' title="bbox 2106 4103 3687 4184">
    <p class='ocr_par' dir='ltr' id='par_1_91' title="bbox 2106 4103 3687 4184">
     <span class='ocr_line' id='line_1_91' title="bbox 2106 4103 3687 4184; baseline -0.006 -18"><span class='ocrx_word' id='word_1_674' title='bbox 2106 4112 2340 4184; x_wconf 85' lang='grc' dir='ltr'>ἐδείχθη·</span> <span class='ocrx_word' id='word_1_675' title='bbox 2367 4111 2505 4183; x_wconf 85' lang='grc' dir='ltr'>μετά</span> <span class='ocrx_word' id='word_1_676' title='bbox 2528 4110 2585 4163; x_wconf 78' lang='grc' dir='ltr'>δὲ</span> <span class='ocrx_word' id='word_1_677' title='bbox 2618 4109 2788 4164; x_wconf 90' lang='grc' dir='ltr'>ταῦτα</span> <span class='ocrx_word' id='word_1_678' title='bbox 2817 4107 2930 4180; x_wconf 52' lang='grc'>[47⁷]</span> <span class='ocrx_word' id='word_1_679' title='bbox 2967 4106 3119 4179; x_wconf 75' lang='grc' dir='ltr'>ἔστη,</span> <span class='ocrx_word' id='word_1_680' title='bbox 3153 4103 3427 4175; x_wconf 86' lang='grc' dir='ltr'>πανταχοῦ</span> <span class='ocrx_word' id='word_1_681' title='bbox 3459 4103 3562 4174; x_wconf 85' lang='grc' dir='ltr'>τῆς</span> <span class='ocrx_word' id='word_1_682' title='bbox 3593 4104 3687 4156; x_wconf 89' lang='grc' dir='ltr'>εύ-</span> 
     </span>
    </p>
   </div>
   <div class='ocr_carea' id='block_1_92' title="bbox 2107 4196 3690 4273">
    <p class='ocr_par' dir='ltr' id='par_1_92' title="bbox 2107 4196 3690 4273">
     <span class='ocr_line' id='line_1_92' title="bbox 2107 4196 3690 4273; baseline -0.006 -15"><span class='ocrx_word' id='word_1_683' title='bbox 2107 4205 2320 4268; x_wconf 79' lang='grc' dir='ltr'>σεϐείας</span> <span class='ocrx_word' id='word_1_684' title='bbox 2348 4202 2720 4273; x_wconf 85' lang='grc' dir='ltr'>φυτευθείσης.</span> <span class='ocrx_word' id='word_1_685' title='bbox 2754 4202 2817 4254; x_wconf 73' lang='lat' dir='ltr'>EE</span> <span class='ocrx_word' id='word_1_686' title='bbox 2849 4200 2906 4253; x_wconf 80' lang='grc' dir='ltr'>δὲ</span> <span class='ocrx_word' id='word_1_687' title='bbox 2938 4199 3032 4253; x_wconf 79' lang='grc' dir='ltr'>καὶ</span> <span class='ocrx_word' id='word_1_688' title='bbox 3073 4198 3210 4270; x_wconf 83' lang='grc' dir='ltr'>μετά</span> <span class='ocrx_word' id='word_1_689' title='bbox 3239 4197 3414 4251; x_wconf 89' lang='grc' dir='ltr'>ταῦτα</span> <span class='ocrx_word' id='word_1_690' title='bbox 3440 4196 3690 4266; x_wconf 78' lang='grc' dir='ltr'>γέγονεν,</span> 
     </span>
    </p>
   </div>
   <div class='ocr_carea' id='block_1_93' title="bbox 2105 4285 3686 4367">
    <p class='ocr_par' dir='ltr' id='par_1_93' title="bbox 2105 4285 3686 4367">
     <span class='ocr_line' id='line_1_93' title="bbox 2105 4285 3686 4367; baseline -0.007 -15"><span class='ocrx_word' id='word_1_691' title='bbox 2105 4297 2261 4365; x_wconf 86' lang='grc' dir='ltr'>ὀλίγα</span> <span class='ocrx_word' id='word_1_692' title='bbox 2309 4298 2403 4352; x_wconf 78' lang='grc' dir='ltr'>καὶ</span> <span class='ocrx_word' id='word_1_693' title='bbox 2439 4294 2733 4367; x_wconf 84' lang='grc' dir='ltr'>σποράδην·</span> <span class='ocrx_word' id='word_1_694' title='bbox 2783 4285 2915 4354; x_wconf 79' lang='grc' dir='ltr'>οἷον,</span> <span class='ocrx_word' id='word_1_695' title='bbox 2957 4292 3120 4364; x_wconf 89' lang='grc' dir='ltr'>ἡνίκα</span> <span class='ocrx_word' id='word_1_696' title='bbox 3159 4293 3186 4346; x_wconf 88' lang='grc' dir='ltr'>ό</span> <span class='ocrx_word' id='word_1_697' title='bbox 3229 4291 3378 4361; x_wconf 78' lang='grc' dir='ltr'>ἥλιος</span> <span class='ocrx_word' id='word_1_698' title='bbox 3422 4289 3551 4359; x_wconf 77' lang='grc' dir='ltr'>ἔστη</span> <span class='ocrx_word' id='word_1_699' title='bbox 3589 4287 3686 4342; x_wconf 89' lang='grc' dir='ltr'>τοῦ</span> 
     </span>
    </p>
   </div>
   <div class='ocr_carea' id='block_1_94' title="bbox 2109 4369 3690 4452">
    <p class='ocr_par' dir='ltr' id='par_1_94' title="bbox 2109 4369 3690 4452">
     <span class='ocr_line' id='line_1_94' title="bbox 2109 4369 3690 4452; baseline -0.006 -20"><span class='ocrx_word' id='word_1_700' title='bbox 2109 4379 2496 4450; x_wconf 87' lang='grc' dir='ltr'>γεγενημένοις</span> <span class='ocrx_word' id='word_1_701' title='bbox 2529 4377 2842 4452; x_wconf 79' lang='grc' dir='ltr'>ἐπιχειρῶν.</span> <span class='ocrx_word' id='word_1_702' title='bbox 2875 4375 2999 4439; x_wconf 88' lang='grc' dir='ltr'>Πῶς</span> <span class='ocrx_word' id='word_1_703' title='bbox 3018 4369 3109 4428; x_wconf 79' lang='grc' dir='ltr'>οὖν</span> <span class='ocrx_word' id='word_1_704' title='bbox 3151 4373 3432 4436; x_wconf 79' lang='grc' dir='ltr'>ὁΛουκᾶς,</span> <span class='ocrx_word' id='word_1_705' title='bbox 3474 4371 3568 4425; x_wconf 73' lang='grc' dir='ltr'>καὶ</span> <span class='ocrx_word' id='word_1_706' title='bbox 3595 4387 3690 4440; x_wconf 85' lang='grc' dir='ltr'>γε-</span> 
     </span>
    </p>
   </div>
   <div class='ocr_carea' id='block_1_95' title="bbox 2107 4459 3690 4541">
    <p class='ocr_par' dir='ltr' id='par_1_95' title="bbox 2107 4459 3690 4541">
     <span class='ocr_line' id='line_1_95' title="bbox 2107 4459 3690 4541; baseline -0.009 -14"><span class='ocrx_word' id='word_1_707' title='bbox 2107 4472 2374 4541; x_wconf 86' lang='grc' dir='ltr'>νεαλογεῖ,</span> <span class='ocrx_word' id='word_1_708' title='bbox 2429 4471 2522 4523; x_wconf 72' lang='grc' dir='ltr'>καὶ</span> <span class='ocrx_word' id='word_1_709' title='bbox 2562 4469 2650 4522; x_wconf 84' lang='grc' dir='ltr'>διὰ</span> <span class='ocrx_word' id='word_1_710' title='bbox 2700 4468 2957 4522; x_wconf 85' lang='grc' dir='ltr'>πλειόνων</span> <span class='ocrx_word' id='word_1_711' title='bbox 2999 4465 3158 4518; x_wconf 90' lang='grc' dir='ltr'>τοῦτο</span> <span class='ocrx_word' id='word_1_712' title='bbox 3201 4466 3373 4532; x_wconf 72' lang='grc' dir='ltr'>ποιεῖς</span> <span class='ocrx_word' id='word_1_713' title='bbox 3419 4463 3549 4515; x_wconf 82' lang='grc' dir='ltr'>Ἀτε</span> <span class='ocrx_word' id='word_1_714' title='bbox 3593 4459 3690 4514; x_wconf 91' lang='grc' dir='ltr'>τοῦ</span> 
     </span>
    </p>
   </div>
   <div class='ocr_carea' id='block_1_96' title="bbox 2108 4553 3694 4633">
    <p class='ocr_par' dir='ltr' id='par_1_96' title="bbox 2108 4553 3694 4633">
     <span class='ocr_line' id='line_1_96' title="bbox 2108 4553 3694 4633; baseline -0.009 -14"><span class='ocrx_word' id='word_1_715' title='bbox 2108 4563 2384 4619; x_wconf 87' lang='grc' dir='ltr'>Ματθαίου</span> <span class='ocrx_word' id='word_1_716' title='bbox 2411 4561 2956 4633; x_wconf 75' lang='grc' dir='ltr'>προοδοποιῆσαντος,</span> <span class='ocrx_word' id='word_1_717' title='bbox 2985 4556 3229 4629; x_wconf 84' lang='grc' dir='ltr'>βούλεταί</span> <span class='ocrx_word' id='word_1_718' title='bbox 3257 4574 3309 4609; x_wconf 88' lang='grc' dir='ltr'>τι</span> <span class='ocrx_word' id='word_1_719' title='bbox 3337 4554 3445 4608; x_wconf 87' lang='grc' dir='ltr'>τῶν</span> <span class='ocrx_word' id='word_1_720' title='bbox 3471 4553 3694 4625; x_wconf 77' lang='grc' dir='ltr'>εἰρημέ-</span> 
     </span>
    </p>
   </div>
   <div class='ocr_carea' id='block_1_97' title="bbox 2109 4645 3691 4722">
    <p class='ocr_par' dir='ltr' id='par_1_97' title="bbox 2109 4645 3691 4722">
     <span class='ocr_line' id='line_1_97' title="bbox 2109 4645 3691 4722; baseline -0.007 -14"><span class='ocrx_word' id='word_1_721' title='bbox 2109 4673 2214 4708; x_wconf 91' lang='grc' dir='ltr'>νων</span> <span class='ocrx_word' id='word_1_722' title='bbox 2245 4652 2448 4719; x_wconf 81' lang='grc' dir='ltr'>διδάξαι</span> <span class='ocrx_word' id='word_1_723' title='bbox 2483 4652 2643 4706; x_wconf 85' lang='grc' dir='ltr'>πλέον</span> <span class='ocrx_word' id='word_1_724' title='bbox 2671 4653 2836 4722; x_wconf 74' lang='grc' dir='ltr'>ἡμὲἱς,</span> <span class='ocrx_word' id='word_1_725' title='bbox 2867 4651 2978 4705; x_wconf 76' lang='grc' dir='ltr'>Καὶ</span> <span class='ocrx_word' id='word_1_726' title='bbox 3017 4650 3244 4710; x_wconf 75' lang='grc' dir='ltr'>ἕκαστος</span> <span class='ocrx_word' id='word_1_727' title='bbox 3282 4648 3340 4701; x_wconf 81' lang='grc' dir='ltr'>δὲ</span> <span class='ocrx_word' id='word_1_728' title='bbox 3371 4646 3572 4718; x_wconf 84' lang='grc' dir='ltr'>ὁμοίως</span> <span class='ocrx_word' id='word_1_729' title='bbox 3599 4645 3691 4698; x_wconf 87' lang='grc' dir='ltr'>τὸν</span> 
     </span>
    </p>
   </div>
   <div class='ocr_carea' id='block_1_98' title="bbox 2109 4736 3691 4816">
    <p class='ocr_par' dir='ltr' id='par_1_98' title="bbox 2109 4736 3691 4816">
     <span class='ocr_line' id='line_1_98' title="bbox 2109 4736 3691 4816; baseline -0.008 -15"><span class='ocrx_word' id='word_1_730' title='bbox 2109 4747 2425 4800; x_wconf 84' lang='grc' dir='ltr'>διδάσκαλον</span> <span class='ocrx_word' id='word_1_731' title='bbox 2453 4745 2780 4816; x_wconf 80' lang='grc' dir='ltr'>ἐμιμήσατο·</span> <span class='ocrx_word' id='word_1_732' title='bbox 2817 4743 2845 4796; x_wconf 93' lang='lat'>6</span> <span class='ocrx_word' id='word_1_733' title='bbox 2875 4741 2973 4814; x_wconf 78' lang='grc' dir='ltr'>μὲν</span> <span class='ocrx_word' id='word_1_734' title='bbox 3006 4741 3097 4795; x_wconf 83' lang='grc' dir='ltr'>τὸν</span> <span class='ocrx_word' id='word_1_735' title='bbox 3133 4741 3367 4806; x_wconf 87' lang='grc' dir='ltr'>Παῦλον,</span> <span class='ocrx_word' id='word_1_736' title='bbox 3396 4739 3536 4810; x_wconf 78' lang='grc' dir='ltr'>ὑπὲρ</span> <span class='ocrx_word' id='word_1_737' title='bbox 3563 4736 3691 4802; x_wconf 82' lang='grc' dir='ltr'>τοὺς</span> 
     </span>
    </p>
   </div>
   <div class='ocr_carea' id='block_1_99' title="bbox 2111 4829 3691 4906">
    <p class='ocr_par' dir='ltr' id='par_1_99' title="bbox 2111 4829 3691 4906">
     <span class='ocr_line' id='line_1_99' title="bbox 2111 4829 3691 4906; baseline -0.006 -17"><span class='ocrx_word' id='word_1_738' title='bbox 2111 4837 2387 4906; x_wconf 83' lang='grc' dir='ltr'>ποταμοὺς</span> <span class='ocrx_word' id='word_1_739' title='bbox 2421 4834 2632 4905; x_wconf 73' lang='grc' dir='ltr'>ῥέοντα·</span> <span class='ocrx_word' id='word_1_740' title='bbox 2661 4835 2689 4886; x_wconf 91' lang='grc' dir='ltr'>ὁ</span> <span class='ocrx_word' id='word_1_741' title='bbox 2721 4833 2777 4886; x_wconf 85' lang='grc' dir='ltr'>δὲ</span> <span class='ocrx_word' id='word_1_742' title='bbox 2803 4831 2893 4886; x_wconf 83' lang='grc' dir='ltr'>τὸν</span> <span class='ocrx_word' id='word_1_743' title='bbox 2923 4833 3147 4903; x_wconf 86' lang='grc' dir='ltr'>Πέτρον,</span> <span class='ocrx_word' id='word_1_744' title='bbox 3179 4829 3541 4903; x_wconf 83' lang='grc' dir='ltr'>βραχυλογίας</span> <span class='ocrx_word' id='word_1_745' title='bbox 3569 4829 3691 4881; x_wconf 85' lang='grc' dir='ltr'>ἐπι-</span> 
     </span>
    </p>
   </div>
   <div class='ocr_carea' id='block_1_100' title="bbox 2113 4920 3690 5001">
    <p class='ocr_par' dir='ltr' id='par_1_100' title="bbox 2113 4920 3690 5001">
     <span class='ocr_line' id='line_1_100' title="bbox 2113 4920 3690 5001; baseline -0.005 -21"><span class='ocrx_word' id='word_1_746' title='bbox 2113 4928 2461 5001; x_wconf 88' lang='grc' dir='ltr'>μελούμενον.</span> <span class='ocrx_word' id='word_1_747' title='bbox 2498 4927 2609 4980; x_wconf 76' lang='grc' dir='ltr'>Καὶ</span> <span class='ocrx_word' id='word_1_748' title='bbox 2645 4925 2698 4978; x_wconf 88' lang='grc' dir='ltr'>τί</span> <span class='ocrx_word' id='word_1_749' title='bbox 2744 4925 2941 4996; x_wconf 80' lang='grc' dir='ltr'>δήποτε</span> <span class='ocrx_word' id='word_1_750' title='bbox 2989 4923 3288 4994; x_wconf 86' lang='grc' dir='ltr'>ἀρχόμενος</span> <span class='ocrx_word' id='word_1_751' title='bbox 3339 4923 3368 4975; x_wconf 89' lang='lat'>6</span> <span class='ocrx_word' id='word_1_752' title='bbox 3411 4920 3690 4984; x_wconf 79' lang='grc' dir='ltr'>Ματθαῖος</span> 
     </span>
    </p>
   </div>
   <div class='ocr_carea' id='block_1_101' title="bbox 2107 5009 3692 5089">
    <p class='ocr_par' dir='ltr' id='par_1_101' title="bbox 2107 5009 3692 5089">
     <span class='ocr_line' id='line_1_101' title="bbox 2107 5009 3692 5089; baseline -0.004 -15"><span class='ocrx_word' id='word_1_753' title='bbox 2107 5023 2206 5074; x_wconf 79' lang='grc' dir='ltr'>οὐκ</span> <span class='ocrx_word' id='word_1_754' title='bbox 2236 5017 2408 5082; x_wconf 80' lang='grc' dir='ltr'>εἶπεν,</span> <span class='ocrx_word' id='word_1_755' title='bbox 2435 5019 2622 5089; x_wconf 88' lang='grc' dir='ltr'>ῶσπερ</span> <span class='ocrx_word' id='word_1_756' title='bbox 2648 5019 2675 5071; x_wconf 91' lang='lat'>6</span> <span class='ocrx_word' id='word_1_757' title='bbox 2706 5019 2991 5088; x_wconf 82' lang='grc' dir='ltr'>προφήτης</span> <span class='ocrx_word' id='word_1_758' title='bbox 3013 5017 3057 5047; x_wconf 76' lang='grc' dir='ltr'>’ί</span> <span class='ocrx_word' id='word_1_759' title='bbox 3081 5032 3095 5046; x_wconf 91' lang='grc'>·</span> <span class='ocrx_word' id='word_1_760' title='bbox 3130 5015 3373 5082; x_wconf 83' lang='grc' dir='ltr'>Ὅρασις</span> <span class='ocrx_word' id='word_1_761' title='bbox 3400 5011 3482 5081; x_wconf 82' lang='grc' dir='ltr'>ἣν</span> <span class='ocrx_word' id='word_1_762' title='bbox 3503 5009 3692 5068; x_wconf 77' lang='grc' dir='ltr'>εἶδον·-</span> 
     </span>
    </p>
   </div>
   <div class='ocr_carea' id='block_1_102' title="bbox 2109 5107 3692 5182">
    <p class='ocr_par' dir='ltr' id='par_1_102' title="bbox 2109 5107 3692 5182">
     <span class='ocr_line' id='line_1_102' title="bbox 2109 5107 3692 5182; baseline -0.004 -17"><span class='ocrx_word' id='word_1_763' title='bbox 2109 5113 2223 5175; x_wconf 73' lang='grc' dir='ltr'>καὶ,</span> <span class='ocrx_word' id='word_1_764' title='bbox 2266 5113 2321 5164; x_wconf 90' lang='grc' dir='ltr'><strong><em>Ὁ</em></strong></span> <span class='ocrx_word' id='word_1_765' title='bbox 2346 5113 2530 5182; x_wconf 72' lang='grc' dir='ltr'>λόγος</span> <span class='ocrx_word' id='word_1_766' title='bbox 2558 5113 2590 5164; x_wconf 84' lang='grc' dir='ltr'>ό</span> <span class='ocrx_word' id='word_1_767' title='bbox 2617 5109 2928 5180; x_wconf 78' lang='grc' dir='ltr'>γενόμενος</span> <span class='ocrx_word' id='word_1_768' title='bbox 2968 5108 3118 5178; x_wconf 81' lang='grc' dir='ltr'>πρός</span> <span class='ocrx_word' id='word_1_769' title='bbox 3143 5123 3255 5177; x_wconf 86' lang='grc' dir='ltr'>με;</span> <span class='ocrx_word' id='word_1_770' title='bbox 3279 5109 3398 5164; x_wconf 88' lang='grc' dir='ltr'>Ὅτι</span> <span class='ocrx_word' id='word_1_771' title='bbox 3428 5107 3566 5178; x_wconf 83' lang='grc' dir='ltr'>πρὸς</span> <span class='ocrx_word' id='word_1_772' title='bbox 3599 5107 3692 5159; x_wconf 85' lang='grc' dir='ltr'>εύ-</span> 
     </span>
    </p>
   </div>
   <div class='ocr_carea' id='block_1_103' title="bbox 2109 5199 3683 5274">
    <p class='ocr_par' dir='ltr' id='par_1_103' title="bbox 2109 5199 3683 5274">
     <span class='ocr_line' id='line_1_103' title="bbox 2109 5199 3683 5274; baseline -0.002 -18"><span class='ocrx_word' id='word_1_773' title='bbox 2109 5203 2391 5274; x_wconf 85' lang='grc' dir='ltr'>γνώμονας</span> <span class='ocrx_word' id='word_1_774' title='bbox 2443 5203 2672 5274; x_wconf 77' lang='grc' dir='ltr'>ἔγραφε,</span> <span class='ocrx_word' id='word_1_775' title='bbox 2717 5203 2810 5255; x_wconf 73' lang='grc' dir='ltr'>καὶ</span> <span class='ocrx_word' id='word_1_776' title='bbox 2851 5201 3054 5271; x_wconf 85' lang='grc' dir='ltr'>σφόδρα</span> <span class='ocrx_word' id='word_1_777' title='bbox 3109 5199 3258 5271; x_wconf 83' lang='grc' dir='ltr'>αύτῷ</span> <span class='ocrx_word' id='word_1_778' title='bbox 3297 5199 3683 5271; x_wconf 87' lang='grc' dir='ltr'>προσέχοντας.</span> 
     </span>
    </p>
   </div>
   <div class='ocr_carea' id='block_1_104' title="bbox 2110 5292 3695 5366">
    <p class='ocr_par' dir='ltr' id='par_1_104' title="bbox 2110 5292 3695 5366">
     <span class='ocr_line' id='line_1_104' title="bbox 2110 5292 3695 5366; baseline -0.004 -17"><span class='ocrx_word' id='word_1_779' title='bbox 2110 5297 2222 5350; x_wconf 73' lang='grc' dir='ltr'>Καὶ</span> <span class='ocrx_word' id='word_1_780' title='bbox 2243 5295 2350 5366; x_wconf 83' lang='grc' dir='ltr'>γὰρ</span> <span class='ocrx_word' id='word_1_781' title='bbox 2383 5295 2478 5348; x_wconf 71' lang='grc' dir='ltr'>καὶ</span> <span class='ocrx_word' id='word_1_782' title='bbox 2503 5293 2570 5348; x_wconf 84' lang='grc' dir='ltr'>τά</span> <span class='ocrx_word' id='word_1_783' title='bbox 2596 5293 2862 5365; x_wconf 89' lang='grc' dir='ltr'>γενόμενα</span> <span class='ocrx_word' id='word_1_784' title='bbox 2891 5293 3145 5364; x_wconf 88' lang='grc' dir='ltr'>θαύματα</span> <span class='ocrx_word' id='word_1_785' title='bbox 3172 5293 3320 5355; x_wconf 87' lang='grc' dir='ltr'>ἐϐόα,</span> <span class='ocrx_word' id='word_1_786' title='bbox 3356 5292 3449 5346; x_wconf 84' lang='grc' dir='ltr'>καὶ</span> <span class='ocrx_word' id='word_1_787' title='bbox 3479 5294 3528 5345; x_wconf 88' lang='grc' dir='ltr'>οί</span> <span class='ocrx_word' id='word_1_788' title='bbox 3548 5293 3695 5362; x_wconf 67' lang='grc' dir='ltr'>δεχός</span> 
     </span>
    </p>
   </div>
   <div class='ocr_carea' id='block_1_105' title="bbox 2113 5379 3688 5456">
    <p class='ocr_par' dir='ltr' id='par_1_105' title="bbox 2113 5379 3688 5456">
     <span class='ocr_line' id='line_1_105' title="bbox 2113 5379 3688 5456; baseline -0.001 -18"><span class='ocrx_word' id='word_1_789' title='bbox 2113 5402 2260 5456; x_wconf 87' lang='grc' dir='ltr'>μενοι</span> <span class='ocrx_word' id='word_1_790' title='bbox 2313 5385 2516 5455; x_wconf 80' lang='grc' dir='ltr'>σφόδρα</span> <span class='ocrx_word' id='word_1_791' title='bbox 2561 5379 2701 5454; x_wconf 81' lang='grc' dir='ltr'>ἦσαν</span> <span class='ocrx_word' id='word_1_792' title='bbox 2749 5383 2945 5437; x_wconf 88' lang='grc' dir='ltr'>πιστοί.</span> <span class='ocrx_word' id='word_1_793' title='bbox 2992 5384 3116 5436; x_wconf 77' lang='grc' dir='ltr'>Ἐπὶ</span> <span class='ocrx_word' id='word_1_794' title='bbox 3155 5382 3211 5436; x_wconf 78' lang='grc' dir='ltr'>δὲ</span> <span class='ocrx_word' id='word_1_795' title='bbox 3246 5382 3356 5437; x_wconf 92' lang='grc' dir='ltr'>τῶν</span> <span class='ocrx_word' id='word_1_796' title='bbox 3394 5383 3688 5453; x_wconf 85' lang='grc' dir='ltr'>προφητῶν</span> 
     </span>
    </p>
   </div>
   <div class='ocr_carea' id='block_1_106' title="bbox 2109 5470 3684 5546">
    <p class='ocr_par' dir='ltr' id='par_1_106' title="bbox 2109 5470 3684 5546">
     <span class='ocr_line' id='line_1_106' title="bbox 2109 5470 3684 5546; baseline -0.002 -16"><span class='ocrx_word' id='word_1_797' title='bbox 2109 5476 2232 5530; x_wconf 71' lang='grc' dir='ltr'>οὔτε</span> <span class='ocrx_word' id='word_1_798' title='bbox 2287 5475 2540 5546; x_wconf 83' lang='grc' dir='ltr'>θαύματα</span> <span class='ocrx_word' id='word_1_799' title='bbox 2584 5470 2652 5544; x_wconf 84' lang='grc' dir='ltr'>ἦν</span> <span class='ocrx_word' id='word_1_800' title='bbox 2703 5473 2939 5527; x_wconf 88' lang='grc' dir='ltr'>τοσαῦτα</span> <span class='ocrx_word' id='word_1_801' title='bbox 2976 5474 3173 5537; x_wconf 79' lang='grc' dir='ltr'>αὐτοὺς</span> <span class='ocrx_word' id='word_1_802' title='bbox 3217 5472 3684 5546; x_wconf 84' lang='grc' dir='ltr'>ἀνακηρύττοντα,</span> 
     </span>
    </p>
   </div>
   <div class='ocr_carea' id='block_1_107' title="bbox 2112 5561 3688 5638">
    <p class='ocr_par' dir='ltr' id='par_1_107' title="bbox 2112 5561 3688 5638">
     <span class='ocr_line' id='line_1_107' title="bbox 2112 5561 3688 5638; baseline -0.001 -18"><span class='ocrx_word' id='word_1_803' title='bbox 2112 5566 2206 5620; x_wconf 75' lang='grc' dir='ltr'>καὶ</span> <span class='ocrx_word' id='word_1_804' title='bbox 2262 5566 2398 5619; x_wconf 81' lang='grc' dir='ltr'>πολὺ</span> <span class='ocrx_word' id='word_1_805' title='bbox 2449 5565 2510 5619; x_wconf 81' lang='grc' dir='ltr'>τὸ</span> <span class='ocrx_word' id='word_1_806' title='bbox 2566 5563 2676 5621; x_wconf 87' lang='grc' dir='ltr'>τῶν</span> <span class='ocrx_word' id='word_1_807' title='bbox 2731 5562 3194 5638; x_wconf 75' lang='grc' dir='ltr'>ψευδοπροφητῶν</span> <span class='ocrx_word' id='word_1_808' title='bbox 3245 5561 3603 5636; x_wconf 81' lang='grc' dir='ltr'>ἐπεκώμαζεν</span> <span class='ocrx_word' id='word_1_809' title='bbox 3640 5565 3688 5599; x_wconf 82' lang='grc'>⁷³</span> 
     </span>
    </p>
   </div>
   <div class='ocr_carea' id='block_1_108' title="bbox 512 5763 2006 5870">
    <p class='ocr_par' dir='ltr' id='par_1_108' title="bbox 512 5763 2006 5870">
     <span class='ocr_line' id='line_1_108' title="bbox 512 5763 2006 5870; baseline -0.005 -18"><span class='ocrx_word' id='word_1_810' title='bbox 512 5795 559 5831; x_wconf 71' lang='grc'>’⁸</span> <span class='ocrx_word' id='word_1_811' title='bbox 587 5796 846 5870; x_wconf 73' lang='grc' dir='ltr'>Χριστὸν]</span> <span class='ocrx_word' id='word_1_812' title='bbox 880 5771 1100 5870; x_wconf 73' lang='grc' dir='ltr'>Ἰησοῦν</span> <span class='ocrx_word' id='word_1_813' title='bbox 1262 5798 1303 5870; x_wconf 61' lang='grc' dir='ltr'>Ϊ¹</span> <span class='ocrx_word' id='word_1_814' title='bbox 1329 5797 1379 5852; x_wconf 81' lang='grc' dir='ltr'>οἱ</span> <span class='ocrx_word' id='word_1_815' title='bbox 1407 5795 1689 5870; x_wconf 76' lang='grc' dir='ltr'>προφῆται</span> <span class='ocrx_word' id='word_1_816' title='bbox 1857 5793 1912 5870; x_wconf 37' lang='grc' dir='ltr'>ξ’.</span> <span class='ocrx_word' id='word_1_817' title='bbox 1933 5763 2006 5846; x_wconf 70' lang='grc' dir='ltr'>ὲκι</span> 
     </span>
    </p>
   </div>
   <div class='ocr_carea' id='block_1_109' title="bbox 2103 5763 3706 5870">
    <p class='ocr_par' dir='ltr' id='par_1_109' title="bbox 2103 5789 3706 5870">
     <span class='ocr_line' id='line_1_109' title="bbox 2103 5789 3706 5870; baseline 0.001 -25"><span class='ocrx_word' id='word_1_818' title='bbox 2103 5791 2200 5870; x_wconf 71' lang='grc' dir='ltr'>ιζεν</span> <span class='ocrx_word' id='word_1_819' title='bbox 2224 5789 2350 5861; x_wconf 83' lang='lat' dir='ltr'>(sic)</span> <span class='ocrx_word' id='word_1_820' title='bbox 2482 5791 2773 5870; x_wconf 77' lang='grc' dir='ltr'>ἐκῲμασεν</span> <span class='ocrx_word' id='word_1_821' title='bbox 2947 5791 3206 5870; x_wconf 60' lang='grc' dir='ltr'>⁷³[ἐγίνετο</span> <span class='ocrx_word' id='word_1_822' title='bbox 3234 5791 3292 5846; x_wconf 89' lang='grc' dir='ltr'>Β.</span> <span class='ocrx_word' id='word_1_823' title='bbox 3319 5791 3382 5846; x_wconf 85' lang='lat' dir='ltr'>C.</span> <span class='ocrx_word' id='word_1_824' title='bbox 3418 5790 3506 5870; x_wconf 79' lang='lat' dir='ltr'>E._</span> <span class='ocrx_word' id='word_1_825' title='bbox 3572 5793 3706 5870; x_wconf 54' lang='lat' dir='ltr'>&quot;pl</span> 
     </span>
    </p>
   </div>
   <div class='ocr_carea' id='block_1_110' title="bbox 442 5862 3698 5939">
    <p class='ocr_par' dir='ltr' id='par_1_110' title="bbox 442 5862 3698 5939">
     <span class='ocr_line' id='line_1_110' title="bbox 442 5862 3698 5939; baseline -0.002 -17"><span class='ocrx_word' id='word_1_826' title='bbox 442 5885 612 5939; x_wconf 80' lang='grc' dir='ltr'>ποτε..</span> <span class='ocrx_word' id='word_1_827' title='bbox 630 5862 653 5924; x_wconf 56' lang='grc'>,⁷</span> <span class='ocrx_word' id='word_1_828' title='bbox 675 5862 1100 5939; x_wconf 73' lang='grc' dir='ltr'>κεκρατηκέναι]</span> <span class='ocrx_word' id='word_1_829' title='bbox 1135 5868 1288 5939; x_wconf 42' lang='grc' dir='ltr'>ἵν’-εἴ</span> <span class='ocrx_word' id='word_1_830' title='bbox 1314 5862 1679 5939; x_wconf 58' lang='grc' dir='ltr'>ποτεάύτοίις</span> <span class='ocrx_word' id='word_1_831' title='bbox 1707 5867 1755 5919; x_wconf 84' lang='grc' dir='ltr'>οἱ</span> <span class='ocrx_word' id='word_1_832' title='bbox 1779 5862 2044 5939; x_wconf 71' lang='grc' dir='ltr'>πολέμιοί</span> <span class='ocrx_word' id='word_1_833' title='bbox 2066 5864 2295 5939; x_wconf 83' lang='grc' dir='ltr'>λάϐωσι,</span> <span class='ocrx_word' id='word_1_834' title='bbox 2318 5862 2412 5939; x_wconf 44' lang='grc' dir='ltr'>-μὴ</span> <span class='ocrx_word' id='word_1_835' title='bbox 2445 5862 2762 5939; x_wconf 70' lang='grc' dir='ltr'>νομίσωσιν,</span> <span class='ocrx_word' id='word_1_836' title='bbox 2791 5862 3170 5939; x_wconf 35' lang='grc' dir='ltr'>ιῦς...λδντ,ων,</span> <span class='ocrx_word' id='word_1_837' title='bbox 3198 5862 3600 5939; x_wconf 73' lang='grc' dir='ltr'>κεκρατηκέναι</span> <span class='ocrx_word' id='word_1_838' title='bbox 3629 5863 3698 5917; x_wconf 83' lang='grc' dir='ltr'>Α.</span> 
     </span>
    </p>
   </div>
   <div class='ocr_carea' id='block_1_111' title="bbox 443 5934 2237 6010">
    <p class='ocr_par' dir='ltr' id='par_1_111' title="bbox 443 5934 2237 6010">
     <span class='ocr_line' id='line_1_111' title="bbox 443 5934 2237 6010; baseline -0.003 -18"><span class='ocrx_word' id='word_1_839' title='bbox 443 5939 502 5992; x_wconf 78' lang='grc' dir='ltr'>Β.</span> <span class='ocrx_word' id='word_1_840' title='bbox 539 5938 600 5993; x_wconf 87' lang='lat' dir='ltr'>C.</span> <span class='ocrx_word' id='word_1_841' title='bbox 647 5939 706 5992; x_wconf 73' lang='grc' dir='ltr'>Ε.</span> <span class='ocrx_word' id='word_1_842' title='bbox 782 5939 828 6010; x_wconf 52' lang='grc'>’(⁸</span> <span class='ocrx_word' id='word_1_843' title='bbox 851 5941 879 5992; x_wconf 90' lang='lat'>6</span> <span class='ocrx_word' id='word_1_844' title='bbox 907 5934 1234 6010; x_wconf 59' lang='grc' dir='ltr'>σύμμικτος]</span> <span class='ocrx_word' id='word_1_845' title='bbox 1266 5937 1570 6010; x_wconf 79' lang='grc' dir='ltr'>σύμμικτος</span> <span class='ocrx_word' id='word_1_846' title='bbox 1602 5937 1663 5994; x_wconf 86' lang='lat' dir='ltr'>C.</span> <span class='ocrx_word' id='word_1_847' title='bbox 1707 5937 1800 5992; x_wconf 70' lang='grc' dir='ltr'>καὶ</span> <span class='ocrx_word' id='word_1_848' title='bbox 1840 5934 2144 6006; x_wconf 84' lang='grc' dir='ltr'>σύμμικτος</span> <span class='ocrx_word' id='word_1_849' title='bbox 2174 5935 2237 5986; x_wconf 83' lang='grc' dir='ltr'>Α.</span> 
     </span>
    </p>
   </div>
   <div class='ocr_carea' id='block_1_112' title="bbox 446 6007 1244 6076">
    <p class='ocr_par' dir='ltr' id='par_1_112' title="bbox 446 6007 1244 6076">
     <span class='ocr_line' id='line_1_112' title="bbox 446 6007 1244 6076; baseline 0.001 -16"><span class='ocrx_word' id='word_1_850' title='bbox 446 6011 617 6064; x_wconf 57' lang='lat' dir='ltr'>haud.</span> <span class='ocrx_word' id='word_1_851' title='bbox 656 6025 753 6076; x_wconf 71' lang='grc' dir='ltr'>λιι,</span> <span class='ocrx_word' id='word_1_852' title='bbox 795 6009 882 6071; x_wconf 77' lang='grc'>58.</span> <span class='ocrx_word' id='word_1_853' title='bbox 920 6007 1030 6064; x_wconf 79' lang='lat' dir='ltr'>Jcr.</span> <span class='ocrx_word' id='word_1_854' title='bbox 1067 6024 1106 6073; x_wconf 88' lang='grc' dir='ltr'>ι,</span> <span class='ocrx_word' id='word_1_855' title='bbox 1158 6007 1244 6064; x_wconf 76' lang='grc'>57.</span> 
     </span>
    </p>
   </div>
   <div class='ocr_carea' id='block_1_113' title="bbox 2317 5929 3700 6006">
    <p class='ocr_par' dir='ltr' id='par_1_113' title="bbox 2317 5929 3700 6006">
     <span class='ocr_line' id='line_1_113' title="bbox 2317 5929 3700 6006; baseline 0.004 -25"><span class='ocrx_word' id='word_1_856' title='bbox 2317 5929 2364 5963; x_wconf 68' lang='grc'>⁷⁸</span> <span class='ocrx_word' id='word_1_857' title='bbox 2399 5929 2588 6006; x_wconf 76' lang='grc' dir='ltr'>ἆνέϐη]</span> <span class='ocrx_word' id='word_1_858' title='bbox 2616 5933 2751 5989; x_wconf 82' lang='lat' dir='ltr'><strong>Add.</strong></span> <span class='ocrx_word' id='word_1_859' title='bbox 2791 5934 2915 5999; x_wconf 83' lang='grc' dir='ltr'>λαός</span> <span class='ocrx_word' id='word_1_860' title='bbox 2955 5932 3016 5987; x_wconf 91' lang='lat' dir='ltr'>D.</span> <span class='ocrx_word' id='word_1_861' title='bbox 3043 5929 3102 5986; x_wconf 83' lang='lat' dir='ltr'>F.</span> <span class='ocrx_word' id='word_1_862' title='bbox 3139 5933 3264 5988; x_wconf 84' lang='lat' dir='ltr'>Sav.</span> <span class='ocrx_word' id='word_1_863' title='bbox 3293 5929 3555 5990; x_wconf 44' lang='lat' dir='ltr'>Beniaed</span> <span class='ocrx_word' id='word_1_864' title='bbox 3589 5933 3700 5989; x_wconf 79' lang='lat' dir='ltr'>vid.</span> 
     </span>
    </p>
   </div>
  </div>
