4078 6372
238 502 365 557 mihs'
384 542 402 566 ,
428 499 569 555 Nolo
599 508 648 554 te
677 514 696 553 .'
726 514 839 554 ecce
862 513 974 568 ego,
1001 495 1155 565 faciat
1182 493 1307 547 mihi
1336 492 1472 554 quod
1496 502 1569 545 est
1599 491 1840 559 placitum

240 597 293 648 in
316 602 592 663 conspectu
615 607 729 662 ejus
758 590 833 661 (2.
858 587 990 659 Reg.
1015 587 1101 641 15.
1126 586 1216 640 25.
1242 584 1353 654 26).
1388 581 1519 637 Illud
1544 596 1673 636 vero
1700 580 1840 651 quod

240 702 367 757 erga
396 686 614 741 Saﬂletu
642 693 698 738 et
719 682 885 737 semel
912 692 966 736 et
992 681 1074 736 bis
1098 690 1154 734 et
1183 678 1378 747 pluries
1404 676 1549 743 fecit,
1581 684 1836 745 quantum

243 796 350 835 non
377 776 735 850 philosophia!
759 776 971 831 culmen
993 772 1252 828 ostendit!
1280 770 1335 824 ld
1360 770 1501 824 enim
1529 778 1583 823 et
1606 778 1841 823 veterem

244 874 417 943 legem
445 870 738 940 superabat
763 912 777 934 ,
810 878 860 923 et
889 867 955 922 ad
985 866 1277 936 apostolica
1310 871 1571 934 pracepta
1604 864 1843 931 proxime

244 962 558 1019 accedebat.
609 961 735 1015 Ideo
771 960 951 1014 omnia
996 973 1115 1027 quae
1148 972 1178 1010 a
1220 956 1329 1010 Deo
1370 954 1843 1025 proﬁciscebantur

245 1054 712 1123 amplectebatur,
754 1066 855 1106 nec
897 1051 1157 1104 rationem
1199 1047 1446 1117 exigebat
1496 1061 1681 1100 eorum
1726 1059 1845 1114 quae

246 1146 585 1209 accidebant,
611 1144 707 1199 sed
727 1157 888 1197 unum
910 1141 1176 1205 studebat,
1201 1151 1258 1193 ut
1279 1140 1476 1208 ubique
1499 1137 1616 1205 ejus
1641 1134 1846 1206 legibus

248 1239 659 1306 obsequeretur.
686 1234 755 1288 Et
777 1242 897 1304 post
928 1241 1005 1286 tot
1030 1240 1281 1300 tantaque
1309 1228 1561 1299 praeclara
1587 1226 1843 1291 facinora,

247 1331 438 1387 videns
469 1341 789 1402 tyrannum,
821 1326 1164 1396 parricidam,
1195 1323 1539 1389 fratricidam,
1566 1330 1845 1376 contume-

250 1424 468 1485 liosum,
488 1422 772 1486 furiosum,
790 1420 877 1489 qui
896 1434 1117 1488 regnum
1141 1433 1293 1472 suum
1314 1416 1601 1477 invaserat,
1630 1429 1697 1469 ne
1717 1413 1844 1467 illud

247 1515 466 1587 quidem
512 1515 615 1584 ipsi
658 1510 979 1569 ofl‘endicnlo
1010 1510 1141 1564 fuit:
1172 1508 1266 1563 sed
1294 1509 1337 1562 si
1368 1506 1439 1562 ita
1471 1507 1578 1561 Deo
1605 1506 1845 1575 placeat,

249 1608 442 1678 inquit,
476 1608 602 1675 pelli
630 1621 737 1671 me,
770 1619 951 1660 errare
978 1612 1033 1658 et
1060 1601 1264 1672 fugere,
1294 1600 1442 1655 illum
1465 1610 1643 1653 autem
1675 1599 1727 1652 in
1751 1598 1849 1653 ho-

250 1717 384 1755 nore
419 1715 566 1760 esse,
601 1700 651 1754 id
679 1698 973 1767 amplector
1015 1705 1176 1765 atque
1216 1694 1448 1763 suscipio
1472 1734 1487 1757 ,
1533 1701 1589 1747 et
1626 1692 1845 1761 gratiam

252 1794 430 1849 habeo
458 1808 556 1861 pro
576 1793 734 1846 malis
763 1789 1079 1844 innumeris.
1105 1787 1218 1841 Non
1248 1796 1306 1840 ut
1330 1786 1480 1839 multi
1512 1785 1849 1853 impudentes

250 1902 311 1939 ac
334 1884 659 1956 petulantes,
690 1882 779 1952 qui
807 1896 876 1935 ne
905 1880 1176 1934 minimam
1203 1876 1418 1947 quidem
1450 1886 1652 1944 partem
1681 1874 1849 1944 probe

252 1988 526 2047 gestorum
556 1977 672 2044 ejus
697 1974 977 2044 exsequuti
1006 1979 1151 2035 sunt,
1177 1970 1373 2040 quique
1399 1969 1444 2022 si
1470 1983 1604 2038 quos
1633 1966 1847 2021 videant

253 2083 513 2139 prospere
532 2082 715 2138 agere,
736 2081 798 2120 se
812 2078 940 2119 vero
961 2076 1180 2133 parvam
1200 2058 1498 2115 molestiam
1518 2057 1852 2113 maestitiam-

1438 369 1508 426 ΙΝ
1548 364 1965 427 ΠΔΤΤΗᾸΞΠΜ
2017 364 2252 424 ιιοωιι.
2274 364 2368 425 Π.

3462 371 3537 428 40

1939 508 2042 564 que
2070 491 2272 558 subire,
2300 486 2595 545 innumeris
2622 486 2826 541 animas
2852 497 2975 539 suas
3002 475 3347 555 blasphemiis
3368 482 3523 539 labe-

1940 582 2158 639 factant.
2205 581 2276 636 At
2315 593 2422 635 non
2452 578 2517 632 iis
2540 575 2731 632 similis
2759 573 2925 630 David
2958 582 3106 641 erat,
3132 574 3223 643 qui
3252 574 3350 628 fuit
3377 576 3522 629 omni

1946 674 2203 729 modestia
2231 671 2504 743 praeditus.
2542 666 2667 724 Ideo
2693 666 2905 722 dicebat
2938 665 3079 722 Deus
3105 706 3115 719 .
3155 664 3331 720 Inveni
3361 664 3528 718 David

1943 768 2104 835 ﬁlium
2129 764 2312 829 Jessaa,
2343 764 2506 818 cirum
2527 760 2806 816 secundum
2829 774 2918 812 cor
2941 772 3105 811 meum
3128 761 3149 827 ι
3173 753 3320 811 Psal.
3355 755 3443 811 88.
3473 757 3527 810 6.

1940 857 2003 913 21
2028 860 2068 927 ).
2097 856 2282 914 Talem
2306 866 2361 912 ct
2385 870 2486 911 nos
2510 852 2877 925 possideamus
2900 850 3131 904 animam
3149 888 3166 916 ,
3193 857 3249 904 et
3275 849 3532 919 quidquid

1945 950 2209 1020 patimur,
2239 949 2431 1005 leniter
2453 948 2686 1003 feramus
2704 986 2721 1013 ,
2748 952 2802 1000 et
2824 951 2948 998 ante
2972 957 3193 1013 regnum
3214 983 3230 1009 ,
3260 942 3347 998 hic
3376 943 3535 998 nobis

1947 1042 2215 1112 pariamus
2253 1039 2564 1095 humilitatis
2593 1043 2929 1108 proventum.
2962 1033 3094 1088 Nam
3134 1033 3247 1088 ait:
3284 1032 3474 1089 Discite
3498 1050 3532 1086 a

1946 1150 2047 1198 me,
2069 1133 2186 1200 quia
2207 1133 2340 1186 mitis
2359 1147 2470 1186 sum
2486 1140 2533 1185 et
2553 1127 2761 1182 humilis
2780 1126 2948 1191 corde,
2967 1136 3013 1181 et
3033 1125 3293 1180 invenietis
3310 1126 3535 1195 requiem

1948 1232 2207 1288 animabus
2243 1227 2419 1285 vestris
2457 1227 2479 1298 (
2500 1226 2692 1282 Matth.
2721 1226 2809 1280 il.
2831 1224 2903 1281 29
2924 1223 2965 1295 ).
3003 1222 3074 1279 Ut
3099 1223 3254 1293 igitur
3281 1229 3338 1277 et
3361 1220 3449 1275 hic
3473 1228 3529 1274 et

1950 1325 2057 1383 illic
2082 1322 2266 1393 requie
2293 1320 2551 1385 fruamur,
2578 1332 2783 1374 summa
2804 1332 2931 1372 cura
2958 1316 3197 1371 omnium
3221 1314 3482 1370 bonorum
3508 1313 3527 1345 ι

1946 1426 2170 1474 matrem
2208 1415 2558 1471 humilitatem
2589 1412 2642 1467 in
2666 1411 2945 1466 animabus
2983 1408 3177 1464 nostris
3208 1407 3523 1462 inseramus.

1948 1516 2039 1571 Sic
2062 1514 2202 1570 enim
2228 1524 2283 1569 et
2304 1511 2461 1581 hujus
2486 1510 2607 1564 vita:
2632 1509 2847 1578 pelagus
2872 1506 2990 1562 sine
3011 1504 3262 1560 fluctibus
3288 1504 3532 1573 trajicere

1952 1605 2267 1677 poterimus,
2296 1612 2350 1659 et
2374 1601 2443 1658 ad
2468 1599 2810 1670 tranquillum
2839 1597 2989 1653 illum
3018 1605 3231 1665 portum
3259 1596 3527 1664 navigare,

1950 1701 2118 1773 gratia
2154 1707 2209 1754 et
2245 1696 2570 1767 benignitate
2593 1691 2802 1747 Domini
2826 1688 2997 1744 nostri
3022 1687 3152 1744 Jesu
3174 1686 3411 1755 Christi,
3443 1696 3530 1742 cut

1951 1793 2119 1867 gloria
2142 1802 2198 1849 et
2219 1789 2499 1862 imperium
2523 1787 2577 1842 in
2602 1784 2794 1841 saecula
2823 1780 3163 1838 saeculorum.
3196 1778 3386 1834 Amen.

2016 1986 2048 2059 ξ
2068 1987 2372 2059 Manuscripti
2403 1998 2498 2059 non
2530 1985 2687 2059 pauci,
2722 1985 2967 2059 virtnturn,
2988 1984 3205 2059 lingunt,
3240 1997 3353 2049 qua;
3385 1983 3539 2036 lectio

1953 2049 2134 2112 Optime
2158 2046 2444 2111 quadraret;
2469 2046 2560 2097 sed
2581 2046 2797 2096 Anianus
2821 2047 2959 2109 legit.
2982 2046 3211 2098 emtum

280 2293 3535 2361 ___________________..__________—_——————-

1660 2458 2013 2525 HOMILIA
2061 2456 2167 2523 IV.

299 2754 429 2808 Car.
463 2748 503 2803 l.
529 2764 581 2800 ν.
609 2748 694 2800 17.
737 2743 922 2797 Omnes
955 2740 1109 2810 igitur
1146 2735 1486 2807 generationes
1528 2730 1589 2784 ab
1633 2727 1889 2782 Abraham

372 2857 529 2911 usque
554 2839 620 2892 ad
650 2835 833 2898 David,
858 2831 1200 2903 generationes
1225 2823 1604 2898 quatuordecim
1622 2838 1643 2885 ;
1671 2828 1716 2873 et
1736 2834 1768 2871 a
1788 2816 1890 2869 Da-

371 2908 456 2987 vid
482 2946 639 2999 usque
666 2928 734 2981 ad
754 2923 1248 2991 transmigrationem
1274 2916 1571 2987 Babylonis,
1600 2908 1883 2983 generatio-

373 3042 462 3079 nes
500 3019 925 3093 qualuordecim;
966 3024 1010 3069 el
1052 3030 1084 3066 a
1130 3008 1571 3079 lransmigratione
1612 2999 1887 3072 Babylonis

372 3132 529 3187 usque
550 3114 618 3167 ad
647 3113 921 3175 Christum,
948 3106 1288 3179 generationes
1317 3097 1715 3172 quatuordecim.

372 3252 426 3305 1.
450 3247 653 3303 Omnes
678 3242 1049 3315 generationes
1070 3239 1120 3291 in
1151 3246 1257 3291 tres
1284 3242 1461 3303 partes
1482 3230 1682 3293 divisit,
1706 3234 1889 3282 osten-

302 3344 437 3398 dens
468 3341 588 3395 illos
616 3338 779 3393 etiam
808 3342 929 3405 post
956 3330 1259 3399 reipublicae
1288 3325 1510 3379 formam
1540 3321 1738 3393 pluries
1767 3335 1886 3373 mu-

302 3444 469 3489 tatam
497 3446 603 3485 non
633 3430 868 3484 evasisse
905 3424 1151 3478 meliores
1174 3460 1190 3485 ,
1226 3418 1318 3472 sed
1356 3417 1468 3471 sive
1506 3412 1849 3468 aristoeratim
1872 3451 1888 3475 ,

301 3526 415 3579 sive
442 3536 630 3591 regno,
658 3520 771 3572 sive
792 3513 1095 3585 oligarchim
1124 3518 1392 3579 parerent,
1418 3510 1470 3560 in
1502 3504 1689 3559 iisdem
1714 3517 1892 3556 versa-

301 3628 387 3671 tos
413 3615 574 3670 malis
600 3626 720 3667 esse
751 3628 763 3662 :
792 3624 853 3661 ac
879 3621 1053 3676 neque
1098 3602 1319 3656 ducibus
1342 3641 1358 3665 ,
1400 3612 1572 3667 neque
1602 3592 1893 3649 sacerdoti-

301 3708 422 3769 bus,
453 3719 629 3774 neque
670 3700 885 3771 regibus
928 3712 1040 3751 rem
1084 3693 1344 3764 publicam
1374 3685 1889 3750 administrantibus,

303 3800 563 3869 majorem
593 3808 760 3865 penes
784 3792 901 3846 illos
928 3787 1136 3841 virtutis
1158 3784 1420 3839 rationem
1451 3778 1632 3833 fuisse.
1666 3775 1772 3830 Cur
1795 3789 1893 3826 au-

303 3905 411 3949 tem
435 3893 487 3946 in
510 3888 686 3944 media
710 3894 857 3956 parte
882 3892 991 3936 tres
1007 3874 1346 3948 praetermisit
1365 3886 1534 3942 reges,
1556 3870 1608 3923 in
1627 3877 1893 3937 postrema

304 3994 484 4040 autem
513 3988 664 4051 parte
682 3971 1113 4047 generationibus
1137 3965 1417 4022 duodecim
1451 3969 1651 4016 tantum
1685 3958 1888 4028 positis,

304 4071 710 4146 qnatuordecim
755 4068 895 4136 ipsas
923 4078 1042 4118 esse
1070 4059 1232 4115 dicit?
1275 4058 1510 4112 Primam
1541 4050 1892 4121 quaestionem

303 4166 459 4221 vobis
483 4158 800 4217 solvendam
831 4156 1104 4224 relinquo;
1153 4164 1257 4204 non
1295 4148 1436 4202 enim
1472 4143 1647 4197 omnia
1688 4139 1896 4194 solvere

202 4239 221 4251 ”
303 4259 459 4315 Vobis
485 4266 710 4310 necesse
736 4258 837 4311 est,
870 4262 938 4301 ne
963 4245 1114 4299 vobis
1143 4239 1412 4296 fastidium
1433 4247 1752 4307 generemus
1777 4243 1898 4284 :se—

306 4351 536 4407 cuudam
562 4358 737 4401 autem
765 4338 1172 4409 explanabimus
1193 4335 1233 4389 ί.
1261 4332 1385 4387 Mihi
1413 4338 1557 4384 certe
1582 4325 1789 4380 videtur
1807 4333 1899 4409 ca-

308 4432 572 4507 ptivitatis
602 4439 812 4497 tempus
838 4406 923 4478 hic
952 4435 1048 4491 pro
1077 4433 1179 4473 una
1205 4414 1549 4487 generatione
1584 4406 1895 4473 numerari,

310 4500 405 4585 sed
433 4536 489 4583 et
518 4527 692 4594 ipsum
718 4519 987 4575 Christum
1016 4512 1256 4587 [alteram
1285 4504 1563 4577 implere],
1592 4518 1751 4574 quem
1780 4500 1897 4556 ubi-

308 4635 416 4688 que
458 4616 614 4671 nobis
641 4607 933 4679 conjungit.
972 4606 1014 4659 E
1055 4619 1113 4658 re
1146 4613 1320 4659 autem
1356 4596 1710 4667 captivitatem
1751 4594 1894 4649 illam

311 4713 702 4768 commemorat
724 4745 740 4769 ,
770 4698 1059 4756 ostendens
1088 4695 1213 4748 illuc
1237 4691 1491 4747 deductos
1515 4730 1531 4755 ,
1561 4704 1666 4742 non
1694 4695 1899 4753 tempe-

312 4802 578 4857 rantiores
596 4794 860 4855 evasisse;
890 4791 959 4844 ita
982 4797 1038 4841 ut
1057 4799 1271 4855 prorsus
1297 4781 1631 4836 necessarius
1657 4779 1900 4833 videatur

315 4894 476 4950 fuisse
492 4886 692 4946 Christi
708 4885 986 4939 adventus.
1010 4876 1143 4949 Quid
1165 4890 1292 4945 ergo
1313 4874 1518 4929 Marcus
1543 4885 1645 4925 non
1668 4869 1895 4939 idipsum

315 4990 441 5058 agit,
467 5000 641 5054 neque
662 4981 786 5036 Jesu
809 4973 1167 5046 genealogiam
1189 4976 1448 5029 recenset,
1465 4962 1561 5018 sed
1583 4960 1899 5032 compendio

317 5054 494 5136 omnia
541 5073 740 5132 refert?
784 5069 908 5125 Mihi
954 5064 1167 5136 quidem
1212 5060 1420 5115 videtur
1461 5054 1735 5110 Mattltmus
1776 5063 1899 5106 ante

319 5186 503 5228 omnes
531 5180 745 5222 manum
775 5159 927 5215 oneri
951 5153 1253 5212 admovisse
1277 5169 1292 5206 :
1314 5154 1636 5219 quapropter
1653 5143 1903 5216 genealo-

383 5402 403 5435 ¹
440 5409 563 5451 Tres
582 5406 688 5448 Mss.
724 5396 795 5445 sic
817 5393 1099 5448 habent,....
1140 5386 1403 5451 secundum
1446 5388 1605 5451 autem
1636 5373 1915 5451 explanabi-

326 5441 569 5523 πιιιεξέιῖιό
585 5441 1103 5523 ἶῇἱγῦἧσήιηφιοιίυει
1122 5449 1315 5523 etc._lbi
1342 5460 1444 5496 tres
1467 5446 1656 5523 paginae
1678 5441 1911 5523 adjiciunt:

327 5506 832 5585 ξἰῖιῖςνιῇᾙκίῖιιξξρηιιιν
864 5506 958 5565 ilim
996 5506 1363 5576 quatuordecim
1395 5506 1765 5585 generationes,
1802 5512 1913 5585 quae

327 5566 441 5638 531,9
454 5566 793 5647 canini-tatem
829 5566 1163 5647 numerantur,
1187 5586 1375 5647 necnon
1398 5566 1760 5647 {ptatuordeicim
1784 5566 1912 5619 alim,

961 5638 1077 5713 (mia
1101 5625 1217 5684 vero
1236 5634 1339 5704 haec
1358 5625 1642 5713 alinAnianlo
1666 5625 1791 5673 lecta
1817 5636 1912 5713 ιιριι

329 5688 579 5767 Eaiiifiiéé
590 5688 832 5767 addentur
852 5688 1329 5767 ἰιεβεξζιινεδυδῐοιιιῂ
1358 5696 1406 5744 in
1439 5692 1585 5741 liuent
1609 5688 1914 5740 Commenta-

326 5760 511 5823 riorum
537 5772 581 5819 iu
599 5766 869 5819 Matthtcum
886 5760 1110 5822 ablegata
1134 5765 1263 5809 sunt.

1980 2728 2118 2799 giam
2164 2728 2412 2778 accurate
2455 2717 2635 2789 ponit,
2672 2722 2728 2770 et
2753 2713 2804 2768 in
2831 2713 2896 2766 iis
2922 2725 3040 2782 qua:
3070 2714 3366 2763 necessaria
3404 2707 3554 2761 erant

1981 2797 2208 2882 insistit;
2254 2813 2460 2869 Marcus
2506 2822 2636 2863 vero
2676 2812 2795 2874 post
2839 2804 3010 2872 ipsum
3055 2800 3284 2869 scripsit,
3334 2797 3557 2863 ideoque

1980 2906 2297 2979 compendio
2318 2903 2513 2966 studet,
2540 2908 2723 2968 utpote
2742 2895 2828 2966 qui
2850 2895 2959 2964 jam
2986 2892 3124 2946 dicta
3146 2900 3199 2944 et
3225 2898 3346 2942 nota
3374 2902 3561 2942 recen-

1980 3011 2116 3058 seat.
2162 2998 2269 3051 Cur
2305 3010 2431 3061 ergo
2476 2994 2644 3046 Lucas
2682 2988 2840 3043 etiam
2870 2983 3230 3055 genealogiam
3258 2989 3313 3034 et
3342 2979 3555 3049 quidem

1980 3094 2220 3166 pluribus
2270 3086 2488 3143 scribit?
2544 3082 2675 3149 Quia
2728 3079 3007 3134 Matthmus
3047 3076 3155 3146 jam
3214 3082 3561 3144 prmcesscrat

1980 3165 2227 3254 viamque
2269 3184 2582 3250 paraverat,
2620 3173 2784 3226 voluit
2833 3170 2919 3222 ille
2962 3166 3156 3236 aliquid
3199 3165 3423 3234 amplius
3463 3179 3560 3217 nos

1982 3278 2228 3332 educere.
2270 3271 2507 3338 Quisque
2549 3262 2927 3331 discipulorum
2960 3259 3266 3327 magistrum
3299 3272 3450 3309 suum
3479 3264 3562 3309 est

1983 3369 2248 3428 imitatus;
2287 3364 2370 3415 hic
2399 3359 2639 3421 Paulum,
2665 3355 2906 3408 ubertate
2935 3349 3149 3404 ﬂumina
3178 3356 3516 3416 superantem
3540 3362 3557 3410 ;

1983 3462 2071 3516 ille
2094 3460 2331 3519 Petrum,
2360 3449 2601 3508 brevitati
2624 3446 2943 3502 studentem.
2974 3441 3080 3496 Cur
3101 3455 3260 3509 porro
3284 3438 3560 3493 Matthqu

1982 3554 2036 3609 in
2063 3550 2282 3605 exordio
2312 3560 2417 3599 non
2446 3543 2616 3605 dixit,
2647 3538 2785 3591 sicut
2809 3546 2861 3590 et
2888 3533 3160 3604 prophetae.
3179 3571 3195 3596 ,
3237 3530 3373 3584 Visio
3408 3546 3559 3597 quam

1981 3644 2104 3704 vidi,
2132 3639 2237 3703 vel,
2272 3637 2450 3692 Sermo
2487 3633 2574 3699 qui
2615 3634 2776 3701 [actus
2816 3634 2888 3679 est
2924 3624 2991 3677 ad
3032 3622 3145 3676 me?
3189 3621 3449 3688 Quoniam
3490 3618 3556 3673 ad

1983 3734 2119 3803 frugi
2163 3730 2406 3785 homines
2440 3721 2739 3787 scribebat,
2769 3717 2857 3786 qui
2887 3713 3173 3770 admodum
3205 3713 3359 3766 dictis
3386 3720 3563 3766 atten-

1984 3829 2191 3883 derent.
2239 3821 2449 3877 Etenim
2488 3820 2595 3883 jam
2635 3821 2836 3882 patrata
2868 3808 3117 3863 miracula
3143 3806 3480 3869 clamabant,
3511 3814 3566 3861 et

1985 3922 2073 3991 qui
2101 3915 2432 3985 evangelium
2463 3908 2814 3978 accipiebant,
2845 3903 2999 3971 plane
3025 3899 3215 3972 fideles
3239 3909 3410 3953 erant.
3438 3899 3564 3954 Pro-

1987 3990 2262 4082 phetarum
2288 4022 2413 4060 vero
2440 4014 2679 4066 tempore
2709 4013 2813 4052 non
2842 4004 2918 4050 tot
2942 4001 3095 4047 erant
3122 3990 3374 4045 miracula
3396 4031 3411 4054 ,
3444 4006 3563 4058 qua:

1990 4099 2362 4154 auctoritatem
2387 4095 2517 4165 ipsis
2538 4093 2806 4158 inderent,
2827 4101 2882 4148 et
2903 4105 3090 4161 magna
3114 4098 3241 4145 tunc
3260 4088 3577 4158 erumpebat

1993 4187 2574 4260 pseudoprophetarum
2606 4185 2757 4239 turba
2775 4226 2790 4249 ,
2819 4182 3011 4252 quibus
3038 4180 3206 4251 magis
3231 4178 3579 4234 attendebant

1991 4285 2180 4340 Jttdzui.
2204 4283 2561 4348 Quamobrem
2584 4278 2669 4332 hic
2687 4275 3065 4346 prooemiorum
3087 4271 3277 4327 modus
3294 4270 3433 4341 apud
3454 4271 3576 4325 illos

1993 4374 2325 4431 necessarius
2363 4378 2497 4425 erat.
2545 4368 2600 4423 Si
2645 4383 2772 4422 vero
2818 4368 2968 4436 signa
3005 4363 3321 4433 quandoque
3363 4362 3581 4429 ﬁerent,

1994 4466 2342 4522 barbarorum
2363 4475 2547 4525 causa,
2570 4467 2626 4512 ut
2644 4458 2793 4513 multi
2813 4456 3063 4526 proselyti
3087 4453 3424 4521 accederent,
3449 4452 3580 4505 ede-

1996 4559 2210 4611 Lantur.
2243 4554 2467 4609 Fiebant
2494 4566 2704 4622 quoque
2725 4550 2873 4619 signa
2898 4548 2963 4601 ad
2994 4548 3083 4602 Dei
3119 4547 3406 4615 potentiam
3432 4544 3585 4600 exni-

1995 4648 2241 4708 bcndem.
2276 4644 2488 4716 quando
2517 4642 2804 4697 adversarii
2832 4640 3068 4695 subactis
3100 4637 3320 4703 ςιιιὼιεὶε,
3357 4637 3582 4691 deorum

1995 4754 2212 4796 auorum
2243 4738 2291 4791 vi
2321 4746 2376 4792 et
2403 4734 2602 4789 auxilio
2629 4747 2687 4786 se
2714 4732 2909 4786 vicisse
2936 4728 3211 4799 putabant,
3244 4737 3299 4781 ut
3326 4727 3378 4781 in
3409 4726 3582 4798 Αἰπ-

1999 4840 2090 4903 pto
2113 4828 2368 4898 contigit,
2399 4825 2538 4880 unde
2579 4824 2875 4893 promiscua
2917 4821 3068 4875 turba
3112 4819 3344 4889 profecta
3371 4827 3456 4873 est
3485 4836 3497 4869 :
3531 4826 3588 4873 et

1997 4931 2182 4993 postea
2212 4918 2264 4973 in
2294 4917 2585 4988 Babylone,
2616 4930 2734 4984 quae
2760 4913 2825 4967 ad
2854 4912 3124 4967 fornacem
3154 4918 3209 4965 et
3232 4909 3435 4964 somnia
3463 4923 3586 4979 spe-

1996 5023 2162 5070 ctant.
2210 5012 2340 5067 Erat
2374 5010 2533 5064 etiam
2575 5021 2697 5060 cum
2735 5005 2886 5075 signa
2924 5003 3213 5058 ederentur
3255 5000 3310 5054 in
3348 5000 3585 5064 deserto,

1997 5105 2212 5177 quando
2240 5104 2319 5156 sui
2347 5101 2487 5171 juris
2508 5106 2682 5165 erant,
2714 5093 3162 5167 quemadmodum
3192 5102 3247 5148 et
3272 5090 3411 5161 apud
3439 5106 3537 5145 nos
3569 5107 3586 5146 :

1999 5200 2196 5255 etenim
2224 5196 2363 5266 apud
2397 5209 2494 5249 nos
2523 5208 2643 5247 cum
2675 5193 2742 5245 ab
2768 5205 2952 5245 errore
2978 5202 3397 5259 emergeremus,
3429 5187 3582 5257 signa

2000 5292 2163 5347 multa
2189 5288 2426 5343 exhibita
2452 5294 2608 5348 sunt;
2635 5294 2757 5353 post
2780 5282 2895 5337 ham
2922 5289 3124 5348 autem,
3153 5296 3274 5335 cum
3305 5295 3427 5334 vera
3457 5279 3586 5333 reli-

1976 5383 2091 5454 -gio
2120 5382 2317 5449 ubique
2341 5377 2683 5433 disseminata
2713 5382 2891 5437 esset,
2923 5373 3011 5426 illa
3039 5378 3407 5427 cessaverunt.
3434 5368 3587 5435 Quod

2004 5477 2048 5530 si
2072 5482 2191 5544 post
2216 5474 2415 5525 exitum
2444 5485 2511 5524 ex
2543 5469 2755 5522 deserto
2776 5468 2924 5537 signa
2955 5465 3092 5520 facta
3117 5473 3242 5519 sunt
3263 5505 3278 5528 ,
3310 5464 3399 5517 illa
3424 5477 3588 5533 pauca

2005 5576 2060 5622 ct
2083 5567 2282 5620 rariora
2310 5564 2557 5623 fuerunt;
2596 5571 2653 5615 ut
2677 5576 2798 5615 cum
2826 5560 2905 5614 sol
2932 5558 3168 5613 substitit
3191 5600 3204 5621 ,
3238 5558 3319 5612 vel
3350 5573 3470 5612 cum
3499 5573 3590 5612 re-

2010 5672 2242 5715 trorsum
2273 5656 2456 5711 abivit.
2500 5653 2665 5722 Signa
2707 5667 2918 5722 quoque
2945 5650 3082 5720 apud
3114 5664 3214 5704 nos
3244 5648 3377 5704 facta
3411 5650 3591 5705 videre

2009 5752 2158 5809 licuit
2182 5767 2195 5805 :
2225 5765 2345 5806 nam
2372 5756 2529 5805 aetate
2556 5754 2735 5803 nostra
2765 5744 2865 5801 sub
2889 5743 3119 5811 Juliano,
3142 5740 3233 5811 qui
3259 5753 3448 5795 omnes
3481 5737 3586 5791 int-
