4078 6372
474 377 535 429 41

476 480 676 543 pietate
702 463 997 538 superavit,
1020 466 1183 521 multa
1209 465 1578 533 mirabiliaque
1605 465 1739 519 facta
1761 473 1904 518 sunt.
1934 463 2065 515 Cum

476 564 620 617 enim
676 561 845 617 Judmi
892 558 1146 628 templum
1192 555 1699 626 Jerosolymitanum
1743 558 2068 616 resediﬁcare

480 663 765 717 tentarent,
797 651 934 722 ignis
977 666 1006 702 e
1045 648 1402 702 fundamentis
1439 663 1728 716 erumpens
1757 663 1945 703 omnes
1969 649 2066 703 de-

481 746 706 809 terruit;
735 753 788 798 et
815 757 936 796 cum
966 740 1212 796 Julianus
1242 739 1474 794 furorem
1503 753 1657 794 suum
1690 741 1741 793 in
1772 755 1894 794 vasa
1918 756 2067 794 sacra

480 846 794 898 exerceret,
823 844 1061 905 quaestor
1085 841 1138 887 et
1166 832 1362 886 Juliani
1401 831 1694 886 avunculus
1731 832 1829 901 ipsi
1868 846 2068 902 cogno-

482 929 641 984 minis
690 927 830 998 plexi
874 935 1042 980 sunt:
1073 925 1220 995 prior
1256 924 1398 978 enim
1441 940 1470 977 a
1507 925 1778 979 vermibus
1816 939 2070 979 corrosus

485 1021 686 1078 interiit
711 1063 726 1088 ,
755 1021 892 1074 alter
917 1032 1046 1073 vero
1075 1017 1282 1072 medius
1309 1015 1554 1087 diruptus
1579 1024 1694 1083 est;
1738 1017 2072 1086 peractisque

486 1116 680 1171 ibidem
710 1112 987 1168 sacriﬁciis
1010 1112 1183 1166 fontes
1205 1111 1534 1175 defecerunt,
1561 1121 1616 1166 et
1643 1111 1809 1166 fames
1838 1127 1956 1181 qua:
1981 1126 2070 1165 eo-

484 1209 606 1264 dem
647 1208 944 1276 imperante
981 1205 1224 1260 civitates
1250 1205 1483 1271 invasit,
1515 1205 1808 1259 maximum
1837 1213 1954 1259 erat
1977 1203 2078 1257 mi-

486 1299 751 1355 raculum.

537 1505 597 1562 2.
623 1504 773 1562 Solet
808 1502 951 1559 enim
987 1501 1128 1557 Deus
1175 1499 1295 1556 haec
1341 1498 1635 1555 exhibere:
1663 1496 1877 1569 quando
1919 1497 2062 1552 mala

470 1615 633 1669 supra
653 1595 872 1652 modum
897 1605 1175 1665 augentur,
1201 1607 1322 1647 cum
1353 1606 1480 1646 suos
1501 1591 1552 1644 itt
1569 1591 1822 1645 aerumnis
1836 1588 2060 1654 versari,

473 1692 920 1758 adversariosque
964 1687 1238 1758 tyrannica
1281 1685 1330 1740 vi
1377 1683 1693 1740 debaccharl
1724 1683 1908 1748 videt,
1941 1693 2068 1735 tunc

476 1797 629 1836 suam
643 1779 876 1834 ostendit
892 1775 1201 1846 potentiam.
1217 1775 1272 1829 Id
1287 1773 1426 1844 quod
1444 1773 1605 1829 etiam
1623 1775 1674 1826 in
1692 1771 1910 1826 Perside
1927 1771 2066 1824 circa

475 1874 691 1929 Judteos
721 1870 988 1942 praestitit.
1016 1867 1167 1935 Quod
1198 1882 1325 1937 ergo
1351 1881 1458 1921 non
1509 1866 1626 1920 sine
1664 1878 1826 1918 causa
1869 1860 2068 1918 Christi

481 1965 846 2034 progenitores
894 1962 947 2015 in
990 1969 1104 2014 tres
1150 1967 1330 2028 partes
1367 1955 1735 2018 distribuerit,
1781 1970 1849 2008 ex
1897 1967 2060 2021 supra

481 2056 636 2108 dictis
671 2053 845 2123 palam
873 2059 973 2106 est.
1006 2049 1412 2105 Animadvertas
1442 2047 1602 2101 velim
1655 2045 1743 2098 ubi
1771 2044 1991 2111 incipiat
2019 2051 2072 2093 et

487 2165 594 2221 quo
618 2147 833 2204 desinat
861 2165 876 2202 :
905 2145 988 2202 Ab
1018 2143 1286 2200 Abraham
1316 2144 1368 2198 in
1408 2141 1694 2206 Davidem;
1727 2155 1757 2194 a
1787 2139 1986 2194 Davide
2015 2152 2068 2194 In

483 2242 840 2312 captivitatem
868 2239 1183 2311 Babylonis;
1232 2239 1301 2293 ab
1349 2236 1449 2291 hac
1479 2236 1534 2289 in
1568 2235 1743 2304 ipsum
1775 2232 2068 2288 Christum.

481 2332 615 2389 Nam
640 2332 790 2386 initio
811 2331 1001 2385 ambos
1029 2345 1133 2384 una
1163 2328 1302 2383 serie
1324 2327 1520 2396 posuit,
1544 2325 1793 2379 Davidem
1825 2334 1878 2379 et
1903 2324 2071 2379 Abra-
2110 2396 2117 2404 _

484 2428 496 2479 Ι
519 2442 699 2480 amum
738 2443 752 2480 :
779 2424 975 2480 deinde
1004 2430 1276 2490 resumpta
1307 2420 1618 2491 genealogia
1645 2429 1931 2487 utrumque
1953 2433 2070 2470 me-

482 2519 727 2572 moravit.
761 2516 914 2579 Nam,
943 2524 1002 2569 ut
1024 2515 1133 2583 jam
1162 2513 1304 2577 dixi,
1338 2513 1442 2567 illis
1473 2512 1626 2566 facta:
1681 2511 1894 2565 fuerant
1939 2524 2069 2578 pro-

484 2609 784 2662 missiones.
813 2605 922 2661 Cur
965 2621 1158 2675 porro,
1214 2614 1271 2659 ut
1300 2603 1675 2672 Babylonicam
1724 2601 2073 2670 transmigra-

483 2702 684 2755 tionem
718 2700 1056 2763 memoravit,
1091 2714 1194 2751 non
1233 2697 1454 2768 perinde
1481 2697 1773 2750 descensus
1805 2694 1856 2747 in
1905 2693 2074 2764 IEgy-

484 2806 632 2861 ptum
653 2791 978 2847 mentionem
1007 2790 1130 2844 fecit
1153 2791 1176 2842 ?
1201 2789 1332 2856 Quia
1363 2787 1645 2858 Egyptios
1674 2801 1778 2839 non
1799 2786 1932 2839 ultra
1958 2800 2072 2839 me-

485 2887 735 2951 tuebant,
789 2884 1111 2956 Babylonios
1155 2899 1284 2937 vero
1313 2881 1488 2935 adhuc
1541 2879 1838 2934 tremebant
1893 2877 2068 2932 :illud

481 2981 623 3032 enim
652 2980 882 3047 priscum
915 2986 1064 3038 erat,
1089 2976 1190 3030 hoc
1219 2990 1346 3028 vero
1387 2989 1575 3028 recens
1599 3013 1615 3039 ,
1661 2983 1716 3027 et
1744 2973 1902 3052 paulo
1943 2979 2071 3026 ante

482 3081 729 3139 gestum;
762 3079 922 3139 atque
953 3068 1079 3122 illuc
1109 3082 1213 3120 non
1261 3066 1330 3119 ob
1361 3075 1576 3134 peccata
1625 3063 1840 3119 deducti
1870 3071 2027 3117 erant
2049 3105 2064 3127 ,

483 3166 618 3217 istuc
660 3178 786 3216 vero
830 3161 1093 3214 scelerum
1119 3173 1277 3213 causa
1310 3157 1554 3212 translati
1583 3155 1812 3211 fuerant.
1853 3155 1908 3211 Si
1939 3155 2061 3224 quis

485 3273 615 3310 vero
647 3257 920 3310 nominum
946 3251 1440 3321 interpretationem
1464 3249 1682 3319 aggredi
1723 3249 1891 3313 velit,
1925 3250 2067 3303 mul-

480 3357 588 3400 tam
622 3347 690 3401 ibi
721 3347 951 3416 reperiet
976 3342 1286 3413 speculandi
1331 3343 1609 3396 materiam
1637 3381 1652 3406 ,
1686 3355 1807 3410 qua:
1831 3340 1896 3394 ad
1936 3339 2069 3394 Novi

481 3437 808 3492 'l‘estamenti
832 3436 1235 3504 intelligentiam
1266 3432 1495 3487 maxime
1528 3430 1805 3495 conferat;
1837 3430 2071 3498 exempli

480 3546 638 3584 causa
663 3545 730 3583 cx
765 3527 1072 3582 nominilms
1113 3524 1400 3580 Ahrahami
1432 3565 1447 3590 ,
1473 3522 1680 3586 Jacobi,
1716 3521 2024 3577 Salomonis
2049 3562 2066 3588 ,

480 3621 822 3676 'Imrobabelis
853 3639 865 3674 :
901 3636 1005 3674 non
1038 3619 1180 3674 enim
1210 3627 1412 3672 temere
1440 3617 1554 3670 haec
1593 3615 1696 3669 illis
1740 3615 1954 3668 nomina
1980 3614 2064 3667 in-

479 3715 588 3768 «lita
621 3722 759 3766 sunt.
787 3712 891 3767 Sed
923 3727 989 3765 ne
1031 3712 1238 3779 longius
1265 3717 1612 3763 excurrentes
1654 3706 1953 3761 molestiam
1981 3705 2068 3760 inv

483 3805 736 3869 feramus,
770 3803 948 3856 missis
979 3802 1103 3866 illis,
1131 3800 1198 3854 ad
1226 3800 1392 3869 magis
1420 3797 1723 3852 necessaria
1766 3798 2064 3851 veniamus.

480 3899 612 3950 Cum
647 3897 825 3964 itaque
877 3893 1243 3963 progenitores
1269 3905 1456 3944 omnes
1485 3897 1891 3952 enumerasset,
1915 3897 1971 3942 et
2013 3888 2068 3942 in

479 3986 771 4055 Josephum
793 3985 1060 4045 desiisset,
1088 3999 1193 4036 non
1222 3981 1309 4036 hic
1326 3981 1494 4044 stetit,
1519 3980 1612 4035 sed
1632 3979 1856 4043 addidit,
1873 3979 2067 4049 Joseplt

479 4080 646 4130 virum
667 4076 850 4131 Maria:
875 4091 894 4129 :
920 4074 1210 4130 ostendens
1239 4089 1298 4128 se
1323 4081 1541 4142 propter
1561 4073 1704 4126 illam
1727 4072 1844 4140 ejus
1867 4087 2065 4141 genea-

482 4171 674 4240 logiam
718 4169 957 4223 duxisse.
992 4165 1193 4220 Deinde
1236 4180 1305 4219 ne
1335 4165 1558 4218 audiens
1582 4205 1598 4228 ,
1641 4161 1816 4216 Virum
1840 4161 2064 4230 Marica,

481 4270 699 4330 putares
725 4259 993 4315 communi
1024 4268 1225 4311 natura:
1256 4257 1372 4325 lege
1399 4255 1674 4310 Christum
1707 4263 1888 4312 natum
1916 4270 2060 4310 esse:

479 4351 844 4406 animadverte
863 4347 1132 4419 quomodo
1157 4362 1220 4402 ea
1241 4345 1401 4400 addat
1423 4362 1542 4416 qua:
1569 4345 1876 4413 Opinionem
1906 4346 2062 4401 istam

478 4445 768 4513 porrigant.
807 4442 1035 4507 Audisti,
1072 4440 1282 4508 inquit,
1313 4440 1525 4502 virum,
1567 4438 1762 4493 audisti
1790 4448 2015 4493 matrem
2045 4479 2062 4503 ,

479 4536 673 4591 audisti
700 4549 894 4589 nomen
927 4548 1093 4601 puero
1121 4531 1330 4595 datum;
1362 4529 1484 4584 audi
1517 4529 1678 4583 etiam
1703 4531 2064 4599 generationis

480 4627 719 4682 modum.
761 4625 849 4680 18.
896 4622 1023 4677 Iesu
1067 4621 1256 4678 Christi
1303 4631 1472 4675 autem
1519 4621 1776 4691 generatio
1822 4621 1894 4674 sic
1931 4629 2060 4674 erat.

478 4719 648 4785 Quam
675 4717 826 4777 mihi,
865 4729 1069 4785 quaeso,
1102 4713 1502 4782 generationem
1534 4712 1748 4766 narras?
1777 4727 1899 4765 nam
1928 4727 2058 4780 pro-

477 4815 747 4884 genitores
773 4809 888 4879 ejus
909 4809 1018 4877 jam
1051 4807 1255 4861 dixisti.
1279 4807 1348 4860 At
1373 4805 1493 4859 volo
1514 4805 1673 4858 etiam
1695 4805 2058 4874 generationis

477 4903 694 4960 modum
743 4915 1030 4970 exponere.
1069 4897 1250 4952 \‘itleu’
1287 4895 1558 4965 quomodo
1582 4895 1879 4950 auditorem
1907 4896 2059 4951 exci-

473 4983 690 5048 taverit?
702 4981 835 5038 Nam
861 4985 1010 5052 quasi
1028 4984 1152 5039 novi
1168 4983 1440 5055 quidpiam
1461 4984 1723 5052 dicturus,
1751 5000 1810 5041 se
1832 4985 2050 5040 modum

468 5090 682 5145 quoque
730 5075 1116 5144 explicaturum
1163 5077 1443 5145 promittit.
1474 5077 1538 5131 Et
1567 5077 1689 5132 vide
1728 5077 1859 5132 mihi
1906 5075 2054 5149 opti-

469 5183 611 5224 mam
636 5167 900 5222 dictorum
949 5169 1412 5238 consequentiam.
1435 5168 1553 5224 Non
1596 5169 1739 5223 enim
1781 5170 1959 5222 statim
1987 5168 2054 5222 ad

468 5261 872 5328 generationem
901 5261 1048 5316 venit
1079 5279 1093 5315 :
1125 5260 1218 5316 sed
1249 5275 1347 5316 nos
1367 5261 1596 5331 primum
1626 5261 1831 5325 edocet,
1861 5271 2058 5331 quotus

469 5354 703 5407 essetab
730 5352 1036 5407 Abrahamo
1059 5394 1074 5419 ,
1103 5361 1300 5422 quotus
1343 5369 1374 5407 a
1405 5353 1604 5407 Davide
1631 5364 1685 5407 et
1727 5367 1756 5405 a
1791 5349 2044 5406 transmi-
2073 5373 2096 5395 ο

470 5444 712 5509 gratione
739 5442 1046 5514 Babylonis,
1072 5453 1126 5496 et
1148 5441 1458 5512 diligentem
1485 5442 1782 5498 auditorem
1811 5457 1906 5511 per
1937 5441 2053 5496 Ita-c

469 5534 534 5587 ad
561 5545 858 5604 temporum
875 5537 1330 5602 computationem
1361 5534 1569 5597 invitat,
1598 5533 1892 5588 ostendens
1917 5533 2055 5587 hunc

468 5640 588 5679 esse
616 5625 886 5680 Christum
917 5640 947 5679 a
992 5624 1269 5695 prephetis
1317 5623 1685 5694 praedicatum.
1728 5622 1865 5678 Cum
1911 5623 2055 5677 enim

468 5720 840 5793 generationes
870 5719 1270 5786 numeraveris,
1301 5727 1464 5786 atque
1507 5732 1573 5774 ex
1618 5716 1872 5788 temporis
1907 5729 2054 5770 com-

1215 364 1274 418 S.
1313 362 1601 418 JOANMS
1639 361 2124 419 CHRYSOSTOMI
2161 365 2482 423 ARCHIEP.
2521 369 3064 429 CONSTANTINOP.

3672 383 3742 439 49

2196 475 2468 542 putatione
2496 475 2748 532 didiceris
2773 479 3023 533 eumdem
3056 479 3233 550 ipsum
3255 495 3376 536 esse
3401 524 3416 548 ,
3449 480 3604 538 facile
3622 486 3777 538 exci—

2188 567 2304 633 pies
2346 567 2664 622 miraculum
2711 569 2762 622 in
2793 570 2911 638 ejus
2953 578 3078 625 ortu
3117 580 3403 639 patratum.
3449 573 3583 640 Quia
3629 576 3775 629 enim

2187 673 2438 728 tnagnum
2467 659 2740 729 quidpiam
2771 661 3088 730 loquuturus
3117 670 3252 730 erat,
3293 664 3436 734 quod
3463 681 3528 719 ex
3551 664 3775 735 Virgine

2185 759 2344 802 natus
2364 758 2524 813 esset,
2551 751 2860 820 priusquam
2886 761 3098 822 tempus
3117 764 3392 824 computet
3409 795 3425 819 ,
3445 755 3784 813 subobscure

2185 837 2442 909 loquitur,
2479 839 2656 894 Virum
2683 841 2866 897 Mariis
2892 843 3078 899 dicens
3103 885 3119 911 ,
3149 844 3278 915 quin
3319 855 3374 901 et
3400 849 3766 916 generationis

2185 931 2382 986 seriem
2408 932 2698 988 intersecat
2729 953 2742 988 :
2777 935 3101 1007 insuperque
3125 953 3295 1002 annos
3323 948 3643 1006 enumerat,
3669 940 3767 994 ad-

2183 1037 2408 1078 monens
2445 1023 2742 1080 auditorem
2759 1067 2775 1092 ,
2799 1025 2940 1081 hunc
2961 1027 3136 1096 ipsum
3165 1043 3286 1084 esse
3309 1070 3324 1094 ,
3351 1045 3512 1099 quem
3545 1032 3777 1100 patriar-

2180 1112 2282 1167 cha
2295 1113 2462 1169 Iacob
2480 1114 2633 1184 (Gen-
2656 1116 2744 1172 49.
2775 1116 2886 1189 10),
2913 1117 3281 1174 deficientibus
3304 1120 3519 1176 demum
3537 1121 3775 1177 Judaicis

2181 1204 2528 1275 principibus,
2566 1206 2868 1263 adfuturum
2904 1209 3037 1265 dixit
3062 1228 3074 1263 :
3099 1227 3259 1282 quem
3303 1213 3556 1283 propheta
3583 1215 3769 1270 Daniel

2182 1296 2350 1369 (Cap.
2380 1298 2434 1354 9.
2468 1315 2515 1353 υ.
2547 1300 2618 1356 25
2639 1331 2666 1342 -
2691 1300 2799 1374 27)
2839 1312 2960 1374 post
2987 1304 3180 1358 multas
3234 1305 3350 1359 illas
3401 1305 3766 1362 hebdomadas

2178 1399 2459 1445 venturum
2523 1407 2644 1448 esse
2706 1395 2972 1464 prmdixit.
3039 1394 3095 1450 Si
3144 1396 3264 1465 quis
3315 1405 3492 1451 autem
3542 1400 3773 1453 voluerit

2179 1497 2349 1537 annos
2376 1483 2496 1538 illos
2533 1500 2632 1554 per
2670 1485 3126 1541 hebdomadarum
3163 1503 3442 1542 numerum
3473 1489 3542 1542 ab
3569 1491 3767 1560 angelo

2178 1575 2381 1631 Danieli
2411 1577 2582 1632 dictos
2605 1620 2621 1644 ,
2663 1578 2731 1632 ab
2754 1579 3108 1635 aedificatione
3135 1580 3281 1634 urbis
3307 1596 3627 1636 enumerans
3648 1624 3664 1644 .
3696 1585 3748 1636 in

2177 1665 2349 1736 ipsius
2372 1677 2546 1721 ortum
2578 1661 2908 1725 descendere
2935 1712 2950 1735 ,
2998 1669 3114 1725 haec
3160 1685 3282 1725 cum
3316 1671 3421 1726 illis
3444 1674 3751 1729 consentire

2175 1757 2561 1828 deprehendet.
2596 1761 2690 1816 Dic
2713 1777 2842 1832 ergo
2867 1763 3139 1832 quomodo
3165 1772 3322 1818 natus
3345 1766 3416 1818 sit
3441 1781 3454 1816 :
3479 1762 3605 1818 Cum
3627 1775 3757 1819 esset

2175 1852 2487 1922 desponsata
2517 1861 2678 1906 mater
2695 1854 2807 1923 ejus
2833 1853 3024 1908 Maria.
3059 1854 3172 1909 Non
3203 1855 3370 1919 dixit,
3416 1856 3578 1924 Virgo
3602 1898 3616 1921 ,
3661 1858 3756 1912 sed

2173 1943 2490 2011 simpliciter
2513 1986 2528 2010 ,
2587 1943 2775 2012 Mater,
2805 1955 2862 2000 ut
2889 1961 3068 2001 sermo
3108 1947 3260 2001 facile
3286 1959 3590 2017 caperetur.
3626 1949 3750 2003 Ideo

2171 2049 2291 2088 cum
2324 2037 2470 2105 prius
2496 2048 2846 2107 prmparasset
2872 2039 3167 2095 auditorem
3198 2041 3264 2094 ad
3293 2042 3491 2111 aliquid
3538 2058 3747 2110 eorum,

2170 2144 2289 2198 qua:
2318 2145 2380 2183 ex
2415 2145 2564 2184 more
2608 2132 2857 2197 veniunt,
2885 2133 3209 2188 audiendum
3234 2175 3249 2196 ,
3295 2144 3351 2189 et
3394 2137 3444 2188 in
3487 2136 3587 2191 hac
3613 2137 3759 2206 cogi-

2172 2221 2371 2273 tatione
2400 2221 2714 2275 retinuisset
2737 2262 2751 2283 ,
2783 2233 2908 2278 tunc
2934 2225 3192 2292 percellit,
3239 2240 3354 2280 rem
3385 2225 3752 2280 admirandam

2168 2309 2500 2380 subjungens
2530 2310 2614 2365 his
2642 2311 2816 2366 verbis
2847 2329 2860 2365 :
2895 2314 3174 2385 Antequam
3194 2316 3534 2380 convenirent,
3558 2317 3758 2370 inventa

2168 2412 2240 2455 est
2265 2404 2316 2454 in
2335 2413 2476 2456 utero
2502 2404 2693 2458 habens
2719 2407 2779 2459 de
2817 2405 3018 2473 Spiritu
3041 2417 3234 2461 sancto.
3265 2408 3378 2462 Non
3409 2409 3561 2473 dixit,
3594 2413 3758 2466 Ante-

2174 2519 2332 2575 quam
2355 2503 2640 2559 duceretur
2672 2504 2726 2558 in
2771 2503 2989 2559 domum
3019 2507 3198 2575 sponsi
3231 2525 3244 2558 :
3288 2507 3430 2561 intus
3465 2508 3606 2561 enim
3647 2508 3759 2575 jam

2172 2607 2308 2652 erat.
2327 2596 2463 2652 Nam
2489 2612 2606 2651 mos
2636 2596 2825 2666 priscis
2852 2607 2966 2651 erat
2993 2613 3218 2667 Sponsas
3247 2608 3299 2652 ut
3331 2601 3614 2667 plurimum
3640 2601 3741 2653 do-

2171 2691 2245 2745 mi
2274 2699 2494 2754 tcnere,
2542 2690 2650 2743 imo
2678 2689 3005 2743 etiamnunc
3041 2689 3092 2742 id
3130 2689 3310 2743 videre
3351 2700 3435 2744 est
3477 2707 3493 2745 ε
3537 2703 3592 2744 et
3636 2690 3753 2744 Loti

2169 2781 2354 2851 generi
2383 2796 2504 2835 cunt
2550 2781 2666 2850 ipso
2695 2779 3024 2836 habitabant.
3054 2779 3334 2834 Habitabat
3387 2796 3517 2851 ergo
3545 2793 3599 2836 et
3644 2782 3757 2852 ipsa

2173 2889 2290 2931 cum
2319 2872 2576 2943 Josepho.

2246 3043 2302 3098 5.
2350 3042 2455 3096 Cur
2483 3039 2654 3095 Maria
2694 3056 2795 3094 non
2820 3047 2937 3094 ante
2961 3037 3220 3110 sponsalia
3257 3036 3561 3107 conceperit.
3588 3036 3766 3105 Spiri-

2173 3144 2249 3188 tus
2277 3133 2501 3204 Operatio
2529 3133 2581 3186 in
2610 3130 2816 3203 Virgine
2836 3147 2935 3184 non
2964 3129 3292 3198 exploranda.
3316 3159 3387 3168 —
3403 3129 3509 3184 Sed
3530 3144 3627 3183 cur
3651 3144 3761 3183 non

2171 3235 2296 3280 ante
2348 3223 2616 3293 sponsalia
2665 3221 3074 3291 concepiHUt,
3117 3219 3564 3289 quemadmodum
3608 3219 3742 3283 dixi,
3831 3291 3836 3294 _

2174 3331 2260 3368 res
2289 3315 2667 3376 occultaretur,
2697 3320 2752 3367 ct
2781 3322 2840 3367 ut
2868 3312 3032 3382 Virgo
3072 3326 3289 3381 pravam
3334 3326 3550 3365 omnem
3577 3313 3760 3380 suSpi-

2170 3410 2376 3464 cionem
2405 3408 2683 3478 effugeret.
2722 3407 2946 3473 Quando
2987 3407 3130 3460 enim
3175 3407 3284 3467 ille,
3328 3406 3416 3474 qui
3445 3405 3566 3474 plus
3596 3419 3757 3474 quam

2170 3514 2355 3554 omnes
2398 3500 2657 3569 zelotypia
2691 3498 2885 3566 corripi
2916 3505 3144 3567 poterat,
3189 3497 3474 3552 videbatur
3500 3511 3618 3551 eam
3651 3512 3758 3551 non

2174 3591 2334 3646 modo
2365 3607 2470 3645 non
2503 3591 2786 3647 traducere
2810 3633 2824 3658 ,
2858 3605 2956 3644 nec
3000 3589 3322 3643 inhonorare
3347 3630 3362 3654 ,
3391 3589 3484 3644 sed
3513 3591 3676 3643 etiam
3704 3592 3756 3644 in

2170 3683 2498 3737 consortium
2545 3683 2807 3751 accipere,
2857 3682 3061 3750 ipsique
3092 3681 3394 3734 ministrare
3437 3683 3754 3751 prmgnanli,

2171 3774 2344 3842 palam
2376 3783 2458 3828 est
2485 3789 2605 3827 eum
2639 3788 2743 3826 non
2773 3773 2849 3826 sic
2880 3772 3164 3837 facturum,
3199 3771 3298 3825 nisi
3323 3773 3631 3840 persuasum
3663 3771 3757 3824 ha-

2166 3865 2370 3920 buisset
2413 3881 2530 3918 eam
2579 3881 2641 3918 ex
2671 3865 2868 3932 Spiritu
2914 3875 3099 3919 sancto
3136 3863 3490 3932 concepisse;
3521 3864 3754 3932 alioquin

2168 3957 2309 4010 illam
2357 3973 2456 4011 nec
2502 3957 2641 4025 apud
2684 3970 2744 4011 se
2787 3957 3118 4020 retinuisset,
3151 3969 3250 4009 nec
3279 3955 3332 4008 in
3359 3955 3480 4008 aliis
3520 3969 3619 4009 suo
3649 3955 3754 4008 mi-

2168 4047 2389 4101 nisterio
2418 4047 2666 4117 dignatus
2692 4057 2855 4102 esset.
2888 4046 3145 4117 Apposite
3186 4055 3363 4100 autem
3403 4054 3458 4100 et
3499 4045 3625 4100 illud
3667 4047 3757 4099 ad-

2163 4138 2321 4208 jecit,
2354 4138 2570 4194 Inventa
2599 4149 2673 4193 est
2701 4141 2754 4193 in
2795 4149 2935 4192 utero
2966 4138 3196 4204 habens;
3228 4137 3281 4192 id
3311 4136 3454 4208 quod
3481 4137 3583 4192 dici
3616 4139 3756 4192 solet

2167 4230 2218 4282 in
2262 4230 2422 4285 rebus
2451 4230 2748 4299 stupendis,
2799 4245 2917 4299 quae
2961 4238 3160 4298 praeter
3200 4243 3351 4298 spem
3396 4237 3450 4282 et
3477 4238 3756 4297 exspecta-

2166 4321 2366 4376 tionem
2415 4337 2628 4377 omnem
2672 4323 2941 4377 accidunt.
2987 4321 3065 4377 Ne
3110 4324 3268 4393 igitur
3294 4323 3429 4377 ultra
3469 4323 3752 4392 procedas,

2166 4431 2234 4471 ne
2263 4415 2387 4485 quid
2416 4433 2624 4486 quzeras
2657 4418 2790 4470 ultra
2819 4432 2878 4471 ea
2909 4433 3028 4486 quae
3053 4417 3190 4471 dicta
3221 4425 3366 4476 sunt.
3396 4432 3572 4486 neque
3599 4416 3754 4471 dixe-

2164 4510 2260 4574 ris,
2289 4511 2566 4577 Quomodo
2587 4511 2819 4578 Spiritus
2841 4520 3056 4565 sanctus
3082 4509 3134 4564 id
3158 4521 3222 4564 ex
3250 4509 3469 4580 Virgine
3497 4519 3752 4578 operatus

2156 4614 2237 4658 est
2261 4605 2284 4658 ?
2312 4604 2368 4660 Si
2405 4605 2546 4658 enim
2575 4614 2760 4658 natura
2791 4613 3046 4674 operante
3073 4618 3231 4658 nemo
3263 4612 3436 4673 potest
3465 4603 3736 4658 formatio-

2159 4697 2240 4750 nis
2279 4695 2494 4750 modum
2539 4696 2806 4765 explicare
2831 4738 2846 4759 ,
2879 4696 3148 4766 quomodo
3177 4695 3380 4765 Spiritu
3429 4695 3748 4749 mirabiliter

2157 4797 2345 4858 agente
2369 4830 2384 4854 ,
2429 4789 2722 4858 poterimus
2766 4789 2881 4844 haec
2924 4788 3258 4858 explanare?
3289 4788 3367 4843 Ne
3395 4788 3537 4843 enim
3581 4802 3746 4843 evan-

2156 4881 2398 4950 gelistam
2428 4897 2650 4935 vexares
2679 4890 2734 4935 et
2761 4882 3078 4950 importunis
3106 4881 3492 4950 qumstionibus
3514 4878 3747 4948 exagita-

2156 4988 2264 5037 res,
2292 4973 2404 5039 ipse
2422 4973 2699 5027 enuntiato
2722 4973 2961 5026 miraculi
2992 4983 3213 5028 auctore
3238 4987 3358 5027 sese
3390 4973 3472 5027 his
3497 4971 3748 5027 omnibus

2159 5065 2418 5119 liberavit.
2455 5063 2593 5118 Nihil
2641 5065 2774 5118 ultra
2805 5066 2937 5129 scio,
2972 5065 3170 5134 inquit,
3205 5065 3308 5118 nisi
3339 5065 3441 5118 hoc
3477 5079 3506 5117 a
3537 5063 3742 5133 Spiritu

2157 5155 2351 5208 faetutn
2384 5171 2529 5210 esse.
2567 5155 2896 5210 Ertthescant
2928 5157 2960 5208 ii
3006 5157 3094 5225 qui
3127 5171 3412 5226 supernam
3443 5154 3747 5224 generatio-

2157 5262 2278 5300 nem
2310 5248 2576 5302 Curiosius
2601 5248 2902 5318 explorant.
2931 5247 2982 5302 Si
3014 5249 3155 5306 enim
3191 5249 3327 5302 hanc
3353 5264 3472 5316 qua:
3498 5248 3746 5301 innume-

2156 5339 2229 5392 ris
2251 5339 2473 5394 testibus
2497 5339 2816 5403 celebratur,
2843 5349 2897 5394 et
2918 5349 3041 5394 ante
3065 5350 3142 5394 tot
3171 5339 3365 5395 smcula
3393 5340 3745 5410 prmttuntiata

2156 5429 2326 5485 fuerat
2356 5448 2473 5502 qua:
2499 5440 2552 5486 et
2572 5432 2741 5486 oculis
2767 5441 2822 5485 et
2850 5431 3015 5485 tactui
3065 5433 3248 5500 pervia
3286 5430 3406 5496 fuit,
3457 5446 3617 5484 nemo
3645 5446 3744 5500 po-

2158 5533 2261 5579 test
2283 5526 2551 5594 explicare
2583 5543 2596 5578 :
2630 5526 2684 5579 in
2734 5541 2895 5594 quem
2927 5541 3032 5579 non
3077 5526 3298 5580 insaniae
3338 5525 3607 5579 cumulum
3648 5525 3744 5578 tle-

2156 5617 2376 5671 veniunt
2407 5617 2463 5684 ii,
2504 5616 2597 5686 qui
2640 5632 2890 5671 arcanam
2936 5618 3076 5671 illam
3127 5619 3340 5672 curiose
3365 5626 3666 5672 scrutantur
3693 5627 3748 5671 et

2155 5710 2485 5781 explorant?
2529 5709 2716 5782 Neque
2760 5712 2904 5767 cnim
2951 5711 3204 5781 Gabriel,
3252 5727 3426 5791 neque
3463 5711 3746 5776 Mattlneus
