4078 6372
327 302 391 355 Η
1493 293 1559 346 IN
1599 289 2014 346 MATTIIAZUM
2080 287 2301 344 ιιολιιί..
2350 288 2437 344 ιν.

342 422 583 493 δρόμου,
618 412 713 477 καὶ
739 422 901 477 πάλιν
932 438 1274 495 ανεχαιτισεν
1314 425 1396 488 εἰς
1428 424 1497 478 τὰ
1517 425 1713 478 ὀπίσω.
1745 423 1872 477 Ἴδοι
1896 423 1942 478 δ’

3544 292 3617 347 49.

2031 414 2163 467 Οὐδὲ
2199 416 2309 485 γάρ
2340 414 2541 475 εὐθέως
2580 418 2673 468 ἐπὶ
2704 416 2802 486 τήν
2840 416 3092 485 γέννησιν
3124 411 3305 487 ἦλθεν,
3337 414 3446 467 ἀλλ’
3477 416 3603 468 ἀνα-

342 518 410 570 ἇν
446 532 540 577 τις
567 515 733 569 τοῦτο
766 516 809 548 ⁷⁷
848 517 939 569 καὶ
958 517 1046 585 ἐφ’
1080 516 1237 586 ήμῶν
1268 516 1654 587 γεγενημένον,
1692 516 1803 568 Καὶ
1835 514 1944 585 γὰρ
2032 507 2334 579 μιμνήσκει
2356 508 2567 577 πρῶτον
2590 510 2755 578 ἡμᾶς,
2777 512 2972 569 πόστος
2994 503 3061 578 ἦν
3082 508 3189 561 ἀπὸ
3210 506 3300 559 τοῦ
3330 505 3597 575 Ἀϐραὰμ,

339 607 435 661 καὶ
468 606 533 658 ἐν
566 608 638 675 τῇ
664 607 827 675 γενεᾷ
849 609 915 676 τῇ
947 607 1209 675 ἡμετέρᾳ,
1246 605 1338 657 ἐπὶ
1365 602 1457 657 τοῦ
1485 604 1692 666 πάντας
1718 599 1943 670 ἀσεϐείᾳ

336 698 677 766 νικήσαντος
727 696 1038 760 Ἰουλιανοῦ,
1074 695 1245 749 πολλὰ
1281 696 1373 749 καὶ
1407 692 1688 765 παράδοξα
1720 691 1941 760 συνέϐη.

336 788 449 841 Καὶ
508 788 632 858 γὰρ
686 791 797 842 τῶν
846 788 1112 842 Ἰουδαίων
1153 788 1245 842 τὸν
1285 790 1342 841 ἐν
1379 785 1770 857 Ἰεροσολύμοις
1813 784 1941 839 ναὸν

333 882 662 951 ἀναστῆσαι
696 882 1139 954 ἐπιχειρούντων.
1178 880 1291 952 πῦρ
1326 881 1437 934 τῶν
1474 880 1737 950 θεμελίων
1764 882 1940 949 ἐκπη-

330 973 508 1044 δῆσαν
542 976 595 1007 ⁷⁸
623 975 867 1037 ἅπαντας
884 973 1199 1028 διεκώλυσε·
1228 974 1322 1027 καί⁸
1343 974 1431 1025 ὅτε
1459 972 1553 1026 ἐπὶ
1582 972 1651 1025 τὰ
1680 971 1846 1042 σκεύη
1873 970 1941 1024 τὰ

334 1068 458 1136 ἱερά
489 1066 599 1136 τὴν
637 1067 803 1121 αὐτοῦ
841 1066 1124 1137 παροινίαν
1150 1068 1197 1105 τ’
1230 1066 1538 1132 ἐπεδείξατο
1567 1066 1594 1118 ὅ
1622 1081 1681 1117 τε
1712 1064 1935 1133 ταμίας,

333 1160 360 1213 ’ὀ
378 1177 436 1211 τε
464 1160 623 1223 θεῖος
645 1160 740 1214 καὶ
761 1160 1051 1230 ὁμώνυμος
1073 1159 1302 1223 ἐκείνου,
1324 1160 1352 1211 6
1376 1158 1473 1227 μὲν
1496 1158 1937 1228 σκοληκόϐρωτος

333 1252 639 1318 γενόμενος
665 1249 941 1318 ἐξέψυξεν,
969 1253 997 1304 6
1021 1250 1077 1302 δὲ
1103 1249 1321 1303 ἐλάκισε
1349 1250 1394 1281 ⁸ο
1424 1250 1606 1319 μέσος⁸
1635 1251 1811 1304 καὶτὸ
1838 1249 1937 1314 τάς

334 1340 521 1409 πηγὰς
568 1340 630 1394 δὲ
672 1341 968 1404 ἐπιλιπεῖν,
1014 1340 1217 1393 θυσιῶν
1252 1342 1367 1393 ἐκεῖ
1400 1340 1727 1410 γενομένων,
1762 1341 1855 1393 καὶ
1889 1341 1932 1372 ⁸¹

335 1436 447 1502 μετ’
481 1434 659 1487 αὑτοῦ
707 1434 802 1487 τοῦ
852 1434 1115 1505 βασιλέως
1164 1436 1254 1489 τὸν
1305 1434 1461 1505 λιμὸν
1499 1436 1579 1498 είς
1616 1434 1715 1499 τὰς
1751 1436 1933 1499 πόλεις

333 1527 731 1595 συνεμπεσεῖν,
760 1528 985 1595 σημεῖον
1022 1528 1277 1596 μέγιστον
1309 1523 1396 1597 ἧν.

397 1616 468 1684 β’.
501 1617 668 1680 Ἐθος
694 1616 805 1685 γάρ
824 1618 1051 1671 τοιαῦτα
1082 1622 1255 1671 ποιεῖν
1282 1619 1361 1688 τῷ
1398 1617 1535 1688 Θεῷ·
1570 1620 1697 1673 ὅταν
1719 1618 1926 1691 αὐξηθῇ

334 1708 393 1759 τὰ
419 1708 598 1770 κακά,
618 1710 710 1761 καὶ
730 1710 856 1771 τοὺς
888 1710 986 1779 μὲν
1004 1710 1168 1763 αὐτοῦ
1200 1712 1570 1781 κακουμένους
1595 1711 1700 1783 ίδῃ,
1718 1714 1841 1776 τοὺς
1871 1713 1927 1766 δὲ

336 1801 619 1864 ἐναντίους
641 1802 848 1873 σφόδρα
868 1804 933 1872 τῇ
956 1804 1078 1855 κατ’
1102 1802 1281 1855 αὐτῶν
1306 1803 1579 1872 τυραννίδι
1603 1804 1924 1874 μεθύοντας,

337 1892 449 1943 τότε
479 1892 589 1961 τὴν
623 1893 833 1946 οἰκείαν
873 1894 1273 1947 ἐπιδείκνυσθαι
1303 1896 1637 1951 δυναστείαν·
1675 1898 1702 1950 ὃ
1736 1898 1829 1951 καὶ
1866 1900 1926 1951 ἐν

336 1980 558 2051 Περσίδι
592 1982 894 2052 πεποίηκεν
939 1983 1169 2037 ἐπὶτῶν
1206 1983 1495 2039 Ἰουδαίων.
1531 1987 1652 2039 Ὅτι
1692 1986 1789 2055 μέν
1831 1980 1924 2039 οῦν

336 2075 423 2139 ›ύχ
447 2073 645 2138 ἀπλῶς
673 2075 795 2127 οὐδὲ
816 2076 893 2139 ὼς
921 2076 1077 2145 ἔτυχε
1100 2076 1287 2135 ποιῶν,
1307 2079 1387 2138 είς
1408 2079 1555 2148 τρεῖς
1585 2079 1778 2148 μοίρας
1798 2079 1924 2142 τοὺς

335 2166 640 2234 προγόνους
666 2166 903 2236 διένειμε
932 2167 1025 2219 τοῦ
1059 2167 1318 2237 Χριστοῦ,
1345 2168 1499 2239 δῆλον
1537 2169 1601 2221 ἐκ
1625 2169 1734 2223 τῶν
1771 2170 1923 2241 είρη-

334 2253 537 2321 μένων.
568 2256 769 2309 Σκόπει
801 2257 858 2309 δέ
883 2260 977 2311 καὶ
1002 2259 1162 2312 πόθεν
1188 2261 1431 2331 ἄρχεται,
1469 2264 1563 2317 καὶ⁸
1592 2272 1693 2316 που
1734 2264 1916 2317 τελευ-

336 2346 418 2415 τᾷ·
456 2345 601 2398 Ἀπὸ
628 2345 721 2399 τοῦ
763 2347 1010 2419 Ἀϐραὰμ
1040 2351 1119 2413 είς
1152 2352 1243 2404 τὸν
1275 2353 1457 2406 Δαυῖδ·
1492 2354 1602 2407 ἀπὸ
1626 2354 1719 2408 τοῦ
1754 2353 1918 2409 Δαυῒδ

333 2436 410 2498 είς
449 2437 556 2507 τὴν
590 2439 933 2507 μετοικεσίαν
970 2440 1305 2504 Βαϐυλῶνος·
1344 2444 1451 2497 ἀπὸ
1475 2445 1678 2516 ταύτης
1712 2446 1790 2509 είς
1823 2447 1919 2499 αὐ-

335 2527 423 2579 τὸν
454 2527 554 2580 τὸν
586 2530 839 2599 Χριστόν.
866 2531 977 2585 Καὶ
1003 2532 1110 2603 γὰρ
1133 2534 1226 2586 καὶ
1254 2536 1551 2607 ἀρχόμενος
1572 2538 1697 2600 τοὺς
1722 2537 1815 2590 δύο
1838 2537 1919 2591 τέ·

336 2618 517 2673 θεικεν
566 2622 785 2692 ἐφεξῆς,
826 2624 916 2676 τόν
959 2641 1019 2677 τε
1060 2626 1223 2679 Δαυῖδ
1265 2630 1358 2680 καὶ
1394 2629 1485 2681 τὸν
1513 2628 1785 2700 Ἁϐραάμ,
1822 2630 1918 2683 καὶ

338 2708 742 2778 ἁνακεφαλαιού
752 2729 910 2779 μενος
932 2714 1255 2787 ἀμφοτέρων
1273 2717 1674 2787 ἐμνημόνευσεν
1694 2717 1913 2787 ὁμοίως.

338 2802 445 2854 Καὶ
494 2803 627 2873 γάρ,
661 2805 796 2875 ὅπερ
835 2805 1005 2876 ἔφθην
1048 2807 1238 2874 εἰπὼν,
1282 2810 1418 2880 πρὸς
1454 2811 1647 2874 αὐτοὺς
1685 2805 1824 2880 ἦσαν
1861 2811 1917 2864 αί

340 2891 669 2960 ἐπαγγελίαι
701 2897 1085 2965 γεγενημέναι.
1120 2899 1184 2951 Τί
1215 2899 1412 2971 δήποτε
1451 2900 1528 2965 δὲ,
1566 2900 1755 2972 ὥσπερ
1802 2899 1914 2973 [48]

340 2980 434 3049 τῆς
477 2984 824 3050 μετοικεσίας
865 2986 1183 3052 Βαϐυλῶνος
1225 2989 1493 3059 ἐμνήσθη,
1536 2990 1636 3043 οὐκ
1673 2990 1917 3061 ἐμνήσθη

342 3075 431 3125 καὶ
455 3076 559 3143 τῆς
590 3075 813 3128 καθόδου
838 3077 935 3146 τῆς
964 3080 1042 3141 είς
1063 3079 1333 3147 Αἴγυπτον
1358 3096 1373 3144 ;
1405 3080 1525 3133 Ὅτι
1551 3080 1792 3143 ἐκείνους
1819 3080 1917 3151 μὲν

343 3165 520 3218 οὐκέτι
553 3165 912 3227 ἐδεδοίκεσαν.
961 3168 1182 3233 τούτους
1225 3169 1283 3222 δέ
1326 3169 1555 3241 ἔτρεμον
1591 3170 1689 3223 ἐτι·
1731 3172 1822 3223 κα)⁵
1857 3169 1919 3223 τὸ

347 3256 438 3323 μὲν
464 3258 695 3325 ἀρχαῖον
718 3253 808 3326 ἦν,
847 3258 908 3310 τὸ
942 3259 999 3311 δέ
1028 3260 1218 3330 νεαρὸν
1258 3261 1350 3312 καὶ
1376 3260 1501 3332 ἄρτι
1532 3261 1915 3331 γεγενημένον’

345 3348 499 3399 κάκεῖ
528 3348 629 3416 μὲν
656 3349 715 3400 οὐ
738 3349 807 3401 δι’
831 3350 1200 3421 ἁμαρτήματα
1227 3351 1652 3422 κατηνέχθησαν,
1684 3350 1918 3405 ἐνταῦθα

344 3434 398 3485 δέ
439 3436 528 3489 διὰ
575 3439 919 3508 παρανομίας
958 3440 1361 3512 ἀπηνέχθησαν.
1391 3442 1454 3494 Εἰ
1486 3441 1542 3494 δέ
1570 3459 1651 3505 τις
1685 3441 1779 3496 καὶ
1810 3441 1919 3495 τῶν

346 3526 623 3596 ὀνομάτων
680 3530 859 3583 αὐτῶν
920 3530 1018 3593 τὰς
1070 3532 1362 3602 ἑρμηνείας
1423 3533 1740 3602 μεταϐαλεῖν
1799 3536 1920 3587 ἐπι-

346 3623 639 3691 χειρήσειε,
669 3623 871 3693 πολλὴν
899 3624 1119 3695 εὑρήσει
1153 3626 1245 3677 καὶ
1274 3624 1524 3678 ἐντεῦθεν
1562 3627 1661 3695 τὴν
1692 3624 1921 3697 θεωρίαν

350 3709 526 3777 οὖσαν,
564 3716 676 3768 ’καὶ
734 3716 943 3786 μεγάλα
990 3718 1127 3788 πρὸς
1169 3718 1266 3789 τὴν
1311 3716 1511 3788 Καινὴν
1569 3718 1922 3772 συντελοῦσαν

350 3804 642 3876 Διαθήκην·
675 3800 806 3870 οἷον,
844 3806 953 3858 ἀπὸ
990 3806 1084 3858 τοῦ
1122 3804 1393 3876 Ἀϐραὰμ.
1428 3806 1536 3859 ἀπὸ
1570 3807 1664 3859 τοῦ
1707 3806 1920 3871 Ἰακὼϐ,

352 3895 450 3947 ἀπὸ
500 3894 599 3948 τοῦ
654 3896 989 3966 Σολομῶνος,
1040 3897 1149 3953 ἀπὸ
1201 3898 1295 3951 τοῦ
1342 3900 1663 3969 Ζοροϐάϐελ·
1709 3902 1768 3954 ού
1814 3902 1922 3972 γὰρ

352 3984 529 4047 ἁπλῶς
555 3983 728 4038 ταῦτα
756 3986 936 4050 αὐτοῖς
969 3987 1248 4040 ἐπετίθετο
1279 3987 1346 4040 τὰ
1372 3987 1627 4057 ὀνόματα.
1672 3990 1808 4043 Ἀλλ’
1836 3991 1923 4043 ἵνα

355 4077 423 4145 μὴ
458 4074 704 4145 δόξωμεν
750 4075 885 4130 πολὺ
923 4076 1096 4145 μῆκος
1136 4075 1413 4140 ποιοῦντες
1462 4077 1718 4147 ἐνοχλεῖν,
1750 4079 1923 4132 ταῦτα

353 4167 615 4233 παρέντες
652 4167 746 4221 ἐπὶ
784 4167 854 4219 τὰ
888 4167 1281 4234 κατεπείγοντα
1318 4167 1506 4239 ἴωμεν.
1538 4167 1721 4223 Εἰπὼν
1747 4170 1923 4224 τοίνυν

353 4263 466 4322 τοὺς
520 4260 819 4329 προγόνους
860 4258 1124 4322 ἅπαντας,
1181 4260 1274 4312 καὶ
1330 4260 1657 4330 τελευτήσας
1706 4262 1785 4325 είς
1833 4262 1923 4315 τὸν

366 4350 579 4421 Ἰωσήφ,
618 4351 719 4403 ούκ
738 4350 876 4421 ’ἐστη
926 4350 1087 4423 μέχρι
1128 4351 1340 4414 τούτου,
1382 4350 1519 4404 ἀλλά
1563 4351 1920 4422 προσέθηκεν·

364 4441 573 4510 Ἰωσὴφ
606 4440 713 4495 τὸν
736 4440 923 4511 ἄνδρα
955 4444 1205 4511 Μαρίας·
1238 4442 1448 4506 δεικνὺς
1488 4443 1570 4496 ὅτι
1604 4444 1672 4497 δι’
1708 4444 1923 4515 ἐκείνην

354 4532 440 4583 καί
494 4531 686 4584 τοῦτον
741 4531 1182 4602 ἐγενεαλόγησεν.
1240 4528 1373 4585 Εἶτα
1417 4533 1505 4586 ἵνα
1559 4534 1633 4604 μὴ
1688 4534 1925 4599 ἀκούσας

358 4623 566 4692 Ἄνδρα
593 4624 843 4692 Μαρίας,
874 4623 951 4694 τῷ
973 4624 1134 4695 κοινῷ
1169 4625 1395 4699 νομίσῃς
1421 4626 1669 4696 τετέχθαι
1697 4626 1795 4695 τῆς
1823 4626 1923 4696 φύ-

358 4732 485 4779 σεως
532 4716 704 4785 νόμῳ,
764 4717 956 4769 σκόπει
1011 4716 1129 4779 πῶς
1185 4716 1317 4769 αὐτὸ
1354 4716 1656 4787 διορθοῦται
1699 4721 1763 4789 τῇ
1825 4720 1920 4771 ἐπ-

354 4810 553 4878 αγωγῇ.
592 4809 890 4871 Ἤκουσας,
939 4808 1123 4879 φησὶν,
1177 4808 1363 4879 ἄνδρα,
1408 4810 1643 4880 ἤκουσας
1689 4811 1919 4882 μητέρα,

356 4899 588 4968 ἡκούσας
632 4899 799 4970 ὄνομα
842 4899 919 4970 τῷ
955 4900 1371 4971 παιδίῳ·τεθέν·
1410 4900 1605 4954 οὐκοῦν
1635 4902 1796 4956 ἄκουε
1831 4903 1924 4955 καὶ

355 4990 437 5042 τὸν
460 4992 662 5061 τρόπον
690 4992 790 5062 τῆς
820 4993 1143 5063 γεννήσεως.
1185 4991 1295 5047 Τοῦ
1328 4990 1397 5044 δὲ
1434 4992 1637 5059 Ἰησοῦ
1665 4994 1921 5060 Χριστοῦ

358 5080 392 5146 ἡ
429 5080 717 5147 γέννησις
744 5079 931 5146 οὕτως
963 5077 1060 5150 ἦν.
1096 5080 1263 5133 Ποίαν
1297 5098 1386 5151 μοι
1418 5080 1669 5151 γέννησιν
1709 5080 1919 5148 λέγεις;

358 5173 471 5224 εἰπέ
503 5187 614 5242 μοι·
644 5170 886 5239 καίτοιγε
922 5173 1049 5235 τοὺς
1078 5171 1374 5242 προγόνους
1394 5166 1573 5234 εἶπας.
1615 5170 1773 5223 Ἀλλὰ
1797 5170 1921 5239 βού-

360 5261 513 5332 λομαι
562 5264 657 5316 καὶ
704 5262 795 5315 τὸν
835 5262 1030 5333 τρόπον
1060 5264 1158 5335 τῆς
1199 5265 1503 5336 γεννήσεως
1543 5265 1738 5318 εἰπεῖν.
1769 5259 1921 5327 Εἶδες

362 5355 468 5419 πῶς
510 5354 827 5425 διανέστησε
863 5355 953 5407 τὸν
993 5354 1300 5426 ἀκροατήν;
1346 5355 1432 5420 Ὠς
1463 5354 1570 5426 γάρ
1614 5353 1822 5425 μέλλων
1870 5370 1924 5407 τι

362 5448 664 5518 καινότερον
702 5449 866 5518 ἐρεῖν,
912 5451 1301 5519 ἐπαγγέλλεται
1334 5453 1428 5506 καὶ
1470 5453 1561 5507 τὸν
1589 5453 1786 5523 τρόπον
1828 5453 1917 5507 λέ-

359 5553 485 5592 γειν.
508 5541 619 5593 Καὶ
645 5541 835 5594 σκόπει
863 5542 970 5594 τῶν
996 5545 1303 5611 εἰρημένων
1320 5545 1638 5600 ἀκολουθίαν
1664 5546 1913 5616 ἀρίστην.

400 5714 442 5744 ’⁷
470 5712 665 5785 τοῦτο]
712 5711 852 5785 Aﬂd.
888 5712 1061 5785 πάλιν
1085 5712 1218 5769 Edd.

341 5782 377 5855 ’ξ
404 5783 513 5855 καί]
541 5786 634 5838 καὶ
654 5782 717 5837 τό
749 5782 887 5837 Edd.

347 5852 421 5907 Sic
450 5852 513 5907 Al
537 5857 721 5909 caeleri
755 5856 961 5919 αὐτοῖς.

1354 5714 1399 5745 ⁷⁸
1429 5712 1663 5785 Codiges
1672 5713 2069 5785 _&ng5ﬁdav.

967 5784 1013 5813 ⁸²
1037 5783 1170 5859 ἀπόῖ
1202 5783 1397 5859 ποστδς
1426 5783 1636 5859 ἀπόῌῐ).
1667 5782 1729 5859 .
1750 5782 1889 5859 _Sa_\[.

2048 5783 2322 5859 61:6_M9r.
2341 5782 2500 5859 Βιζιιη
2546 5782 2598 5859 _“
2616 5782 2743 5859 τήν]
2770 5785 2847 5859 είς
2868 5784 2966 5859 τήν
2989 5782 3142 5859 C._D.
3308 5785 3357 5859 "ﬁ
3386 5786 3581 5859 αύτῆε]

1036 5852 1586 5927 ’δᾲὲπιλειπόντων
1658 5854 1871 5927 *δέμάπῆ
1905 5854 1974 5927 τά
2004 5856 2208 5927 ἀπό
2234 5855 2424 5927 Β.Ηκα“ι
2446 5853 2513 5905 τά
2535 5853 2640 5927 ἀπὸ
2678 5852 2740 5927 υς
2770 5852 2829 5907 F.
2907 5854 2955 5887 ⁸⁷
2985 5854 3306 5927 τοιζτῳλδίε
3336 5856 3400 5911 Α.
3422 5858 3481 5911 Β.

2030 598 2226 662 πόστος
2256 600 2365 652 ἀπὸ
2393 598 2487 651 τοῦ
2517 599 2699 662 Δαυῒδ,
2731 601 2837 653 ἀπὸ
2856 600 2901 632 ⁸¹
2931 600 3028 668 τῆς
3060 597 3397 669 μετοικεσίας
3426 596 3601 648 Βαϐυο

2027 688 2217 755 λῶνος,
2279 691 2371 743 καὶ
2436 690 2524 743 τὸν
2581 692 2779 759 ἀκριϐῆ
2826 691 2913 743 διὰ
2953 689 3154 742 τούτων
3206 686 3476 757 ἀκροατὴν
3523 686 3602 747 εἰς

2029 780 2271 845 ἐξέτασιν
2301 780 2557 850 ἐμϐάλλει
2585 781 2692 833 τῶν
2721 781 2943 852 χρόνων,
2973 778 3087 851 [49]
3112 778 3321 840 δεικνὺς
3350 778 3429 829 ὅτι
3449 772 3599 839 οὗτός

2028 874 2174 925 ἐστιν
2208 872 2411 934 ἐκεῖνος
2449 873 2476 924 6
2506 871 2740 943 Χριστὸς
2765 873 2793 923 6
2833 870 2920 923 διά
2952 870 3059 922 τῶν
3101 866 3399 941 Προφητῶν
3434 882 3602 935 κηρυ-

2028 961 2193 1032 χθείς.
2231 961 2397 1014 Ὅταν
2420 960 2526 1031 γὰρ
2556 960 2866 1033 ἀριθμήσῃς
2901 960 3001 1023 τὰς
3039 959 3250 1028 γενεὰς,
3301 958 3392 1011 καὶ
3425 956 3602 1029 μάθῃς

2026 1053 2134 1106 ἀπὸ
2180 1051 2274 1104 τοῦ
2330 1053 2544 1123 χρόνου,
2591 1054 2673 1106 δτι
2713 1048 2865 1115 οὗτος
2912 1053 3114 1115 ἐκεῖνός
3156 1053 3322 1112 ἐστιν,
3367 1050 3603 1109 εὐκόλως

2025 1141 2150 1215 δέξῃ
2208 1143 2299 1196 καὶ
2352 1143 2412 1195 τὸ
2446 1142 2628 1212 θαῦμα
2677 1144 2736 1196 τὸ
2777 1143 2903 1215 περὶ
2944 1144 3041 1213 τὴν
3080 1142 3328 1212 γέννησιν
3369 1141 3599 1210 συμϐάν.

2039 1231 2257 1302 Ἐπειδὴ
2305 1231 2412 1301 γὰρ
2472 1231 2663 1299 ἔμελλε
2718 1230 2858 1301 μέγα
2919 1247 2970 1282 τι
3017 1228 3366 1298 φθέγγεσθαι,
3414 1228 3494 1279 δτι
3540 1225 3603 1276 ἐκ

2026 1321 2303 1393 Παρθένου
2342 1322 2558 1391 ἐτέχθη,
2588 1323 2713 1393 πρὶν
2747 1322 2779 1392 ἢ
2818 1321 2918 1390 μὲν
2944 1320 3241 1391 ἀριθμῆσαι
3269 1318 3358 1371 τὸν
3391 1317 3601 1387 χρόνον,

2030 1416 2312 1478 συσκιάζει
2326 1415 2386 1467 τὸ
2402 1416 2519 1486 εἱρη
2529 1414 2927 1485 μένον,”Ανδρα
2944 1413 3185 1479 Μαρίας,
3201 1408 3385 1473 εἰπὼν,
3408 1408 3603 1478 μᾶλλον

2026 1506 2083 1560 δέ
2116 1508 2209 1559 καὶ
2242 1506 2524 1575 συντέμνει
2550 1505 2647 1575 τήν
2679 1505 2725 1539 ⁸⁸
2756 1506 3006 1574 διήγησιν
3034 1503 3199 1573 αὐτῆς
3224 1502 3270 1532 ⁸³⁵
3290 1502 3387 1569 τῆς
3410 1500 3601 1569 γεννή-

2027 1613 2184 1660 σεως·
2220 1596 2445 1667 ἀριθμεῖ
2480 1596 2537 1649 δέ
2566 1596 2658 1649 καὶ
2700 1596 2770 1649 τά
2806 1596 2898 1664 ἐτη
2933 1594 3137 1658 λοιπὸν,
3174 1593 3603 1661 ἀναμιμνήσκων

2022 1686 2115 1740 τὸν
2141 1686 2435 1757 ἀκροατὴν,
2461 1686 2541 1739 ὅτι
2568 1682 2721 1749 οὗτος
2748 1685 2951 1747 ἐκεῖνός
2989 1686 3155 1747 ἐστιν,
3189 1684 3246 1736 ὃν
3274 1684 3303 1734 6
3337 1682 3600 1751 πατριάρ-

2026 1792 2127 1847 χης
2173 1774 2389 1839 Ἰακὼϐ,
2442 1775 2801 1829 ἐπιλιπόντων
2833 1774 2877 1805 ⁸⁸
2912 1774 3095 1826 λοιπὸν
3140 1772 3247 1825 τῶν
3304 1768 3602 1825 Ἰουδαϊκῶν

2031 1867 2327 1939 ἀρχόντων,
2353 1867 2688 1938 παρέσεσθαι
2711 1866 2929 1936 ἔφησεν·
2954 1866 3012 1918 δν
3035 1868 3062 1917 6
3087 1865 3368 1934 προφήτης
3406 1862 3600 1930 Δανιὴλ

2029 1959 2167 2028 μετά
2197 1958 2295 2020 τὰς
2326 1956 2625 2027 ἑϐδομάδας
2659 1957 2755 2020 τὰς
2801 1955 3000 2018 πολλὰς
3035 1954 3246 2016 ἐκείνας
3288 1952 3438 2021 ἥξειν
3472 1968 3600 2021 προσ

2023 2048 2356 2120 ἀνεφώνησε.
2417 2050 2537 2102 Κᾶν
2571 2048 2803 2122 ἐθελήσῃ
2853 2066 2935 2111 τις
2984 2048 3051 2101 τά
3093 2048 3187 2115 ἐτη
3221 2045 3389 2098 ταῦτα
3432 2044 3499 2096 τά
3546 2045 3600 2094 ἐν

2024 2139 2332 2209 ἑϐδομάδων
2372 2138 2588 2209 ἀριθμῷ
2635 2139 2787 2210 παρά
2827 2138 2920 2191 τοῦ
2957 2138 3188 2205 ἀγγέλου
3232 2135 3494 2207 εἰρημένα
3529 2135 3599 2202 τῷ

2021 2230 2220 2301 Δανιὴλ
2268 2229 2377 2282 ἀπὸ
2422 2230 2468 2260 ⁸⁸
2508 2228 2610 2299 τῆς
2652 2229 2939 2299 οἰκοδομῆς
2976 2229 3074 2299 τῆς
3111 2228 3315 2289 πόλεως
3354 2225 3599 2297 ἀριθμῶν

2022 2322 2324 2393 καταϐῆναι
2383 2323 2461 2385 είς
2519 2322 2619 2392 τήν
2674 2322 2839 2375 αὑτοῦ
2890 2322 3162 2393 γέννησιν,
3203 2320 3389 2390 ὄψεται
3431 2318 3597 2371 ταῦτα

2020 2413 2253 2475 ἐκείνοις
2303 2413 2715 2482 συμφωνοῦντα.
2777 2414 2902 2475 Πῶς
2950 2408 3043 2465 οῦν
3092 2410 3383 2480 ἐγεννήθη,
3442 2410 3598 2475 εἶπές

2020 2506 2520 2574 Μνηστευθείσης
2558 2504 2670 2573 τῆς
2712 2506 2937 2575 μητρὸς
2976 2506 3162 2559 αὑτοῦ
3205 2505 3453 2571 Μαρίας.
3491 2502 3588 2554 Οὐ)

2022 2594 2164 2661 εἷπε,
2193 2598 2491 2669 Παρθένου,
2519 2597 2631 2651 ἀλλ’
2657 2598 2865 2661 ἁπλῶς,
2901 2598 3156 2667 Μητρὸς,
3186 2596 3327 2649 ὥστε
3361 2596 3577 2664 εὐπαρά

2022 2691 2207 2744 δεκτόν
2232 2690 2484 2759 γενέσθαι
2512 2691 2603 2745 τὸν
2634 2691 2809 2759 λόγον.
2840 2691 2930 2744 Διὸ
2961 2690 3223 2761 πρότερον
3249 2687 3595 2760 παρασκευά-

2030 2799 2126 2844 σας
2180 2782 2484 2853 προσδοκᾷν
2538 2782 2629 2835 τὸν
2683 2781 2958 2853 ἀκροατὴν
3010 2779 3339 2833 ἀκούσεσθαί
3388 2795 3440 2831 τι
3495 2777 3596 2830 τῶν

2028 2872 2291 2944 συνήθων,
2328 2874 2423 2926 καὶ
2457 2872 2741 2943 κατασχὼν
2775 2873 2949 2944 τούτῳ
2976 2874 3045 2936 ⁸⁷,
3074 2873 3193 2926 τότε
3219 2869 3509 2941 ἐκπλήττει
3534 2871 3597 2939 τῇ

2022 2963 2115 3017 τοῦ
2179 2964 2477 3034 παραδόξου
2546 2965 2870 3036 πράγματος
2917 2965 3198 3032 ἐπαγωγῇ,
3262 2962 3463 3029 λέγων,
3520 2960 3595 3012 δτι

2020 3052 2167 3121 Πρὶν
2228 3053 2266 3121 ἢ
2322 3054 2640 3107 συνελθεῖν
2690 3054 2932 3120 αὐτοὺς,
2997 3052 3206 3121 εὑρέθη
3266 3052 3336 3105 ἐν
3389 3049 3600 3120 γαστρὶ

2023 3144 2253 3210 ἔχουσα
2274 3144 2341 3197 ἐκ
2361 3146 2704 3214 Πνεύματος
2718 3145 2909 3215 ἁγίου.
2931 3146 3045 3198 Οὐκ
3065 3142 3204 3197 εἷπε·
3234 3144 3365 3210 Πρὶν
3383 3142 3415 3213 ἥ
3435 3141 3599 3211 ἁχθῆ-

2026 3251 2113 3306 ναι
2152 3235 2318 3306 αὐτὴν
2344 3237 2422 3299 είς
2446 3236 2543 3306 τὴν
2575 3238 2748 3291 οἰκίαν
2780 3237 2873 3291 τοῦ
2907 3237 3163 3306 νυμφίου·
3193 3235 3284 3287 καὶ
3318 3236 3426 3304 γὰρ
3453 3232 3600 3286 ἔνδον

2025 3320 2115 3397 ἦν.
2158 3328 2318 3390 Ἔθος
2345 3328 2454 3398 γὰρ
2488 3330 2600 3392 τοῖς
2648 3328 2893 3392 παλαιοῖς
2941 3328 3017 3391 ὼς
3056 3327 3123 3379 τὰ
3153 3326 3321 3378 πολλὰ
3361 3327 3417 3376 ὲν
3451 3325 3598 3394 οἰκία

2023 3418 2121 3480 τὰς
2151 3414 2631 3487 μεμνηστευμένας
2653 3415 2816 3485 ἔχειν,
2842 3416 2975 3467 ὅπου
3006 3433 3067 3482 γε
3097 3416 3188 3466 καὶ
3214 3414 3307 3466 νῦν
3336 3414 3490 3466 τοῦτο
3516 3432 3599 3481 γι-

2026 3510 2247 3578 νόμενον
2279 3507 2378 3559 ἴδοι
2414 3524 2496 3568 τις
2518 3507 2602 3559 ἄν·
2631 3509 2722 3559 καὶ
2743 3508 2791 3559 ot
2825 3508 3065 3577 γαμϐροὶ
3094 3508 3147 3560 δὲ
3178 3507 3272 3559 τοῦ
3301 3506 3422 3560 Λὼτ
3453 3507 3600 3559 ἔνδον

2026 3594 2165 3669 ἦσαν
2199 3600 2313 3669 μετ’
2346 3597 2530 3651 αὑτοῦ.
2562 3598 2748 3651 Ἔνδον
2778 3594 2870 3652 οὖν
2909 3600 3001 3651 καὶ
3030 3599 3167 3669 αὑτὴ
3200 3600 3336 3669 μετὰ
3365 3598 3457 3651 τοῦ

2041 3687 2231 3757 Ἰωσὴφ
2263 3684 2348 3757 ἦν.

2093 3787 2163 3847 γ’.
2191 3780 2298 3833 Καὶ
2322 3780 2464 3843 τίνος
2489 3779 2674 3833 ἐνεκεν
2694 3779 2754 3832 ού
2781 3780 2885 3851 πρὸ
2906 3780 3005 3848 τῆς
3021 3780 3315 3850 μνηστείας
3332 3779 3561 3851 ἐκύησεν
3585 3796 3599 3841 ;

2031 3873 2163 3936 Ἵνα,
2187 3874 2323 3943 ὅπερ
2347 3872 2481 3944 ἔφην
2520 3874 2565 3904 ⁸⁸
2587 3872 2647 3937 ἐξ
2675 3874 2867 3943 ἀρχῆς,
2896 3873 3197 3942 συσκιασθῇ
3240 3871 3301 3924 τὸ
3323 3872 3603 3941 γινόμενον

2027 3966 2187 4029 τέως,
2219 3967 2312 4018 καὶ
2353 3966 2439 4018 ἵνα
2486 3967 2663 4018 πᾶσαν
2704 3966 2947 4036 πονηράν
2985 3964 3286 4036 διαφύγῃή
3327 3961 3603 4033 Παρθένος

2028 4059 2300 4113 ὑπόνοιαν.
2326 4059 2494 4112 Ὅταν
2529 4059 2636 4130 γὰρ
2681 4061 2709 4112 6
2749 4058 3069 4128 ζηλοτυπεῖν
3098 4056 3326 4126 ὀφείλων
3368 4057 3603 4126 μάλιστα

2027 4151 2244 4204 πάντων
2303 4152 2559 4222 φαίνηται
2615 4152 2688 4221 μὴ
2734 4151 2893 4221 μόνον
2924 4152 2967 4182 ⁸ο
3000 4149 3363 4220 ἐκπομπεύων
3408 4149 3601 4219 αὐτὴν,

2029 4244 2162 4315 μηδὲ
2195 4244 2497 4314 ἀτιμάζων,
2531 4244 2667 4298 ἀλλὰ
2701 4244 2793 4298 καὶ
2821 4244 3109 4314 δεχόμενος
3150 4244 3245 4296 καὶ
3283 4241 3605 4312 θεραπεύων

2028 4336 2166 4406 μετὰ
2185 4337 2282 4406 τήν
2316 4335 2530 4406 κύησιν,
2561 4334 2782 4405 εὔδηλον
2802 4338 2883 4390 ὅτι
2909 4338 2956 4389 εί
2991 4337 3064 4406 μή
3100 4335 3287 4403 σαφῶς
3310 4331 3378 4407 ἦν
3412 4352 3605 4388 πεπει-

2024 4426 2136 4490 κὼς
2176 4426 2387 4491 ἐαυτὸν,
2420 4428 2501 4480 ὅτι
2537 4428 2601 4479 ἐκ
2623 4427 2724 4496 τῆς
2755 4426 2848 4480 τοῦ
2880 4425 3193 4496 Πνεύματος
3228 4425 3504 4495 ἐνεργείας
3542 4425 3608 4478 τὸ

2025 4518 2449 4588 γεγεννημένον,
2493 4518 2594 4571 οὐκ
2651 4518 2717 4571 ἂν
2750 4518 2979 4587 κατέσχε
3005 4556 3020 4580 ,
3072 4520 3164 4570 καὶ
3204 4516 3372 4570 τάλλα
3425 4517 3607 4570 πάντα

2027 4612 2363 4682 ὑπηρέτησε.
2398 4611 2618 4682 Κυρίως
2659 4611 2715 4664 δέ
2750 4611 2956 4680 σφόδρα
3002 4610 3093 4662 καὶ
3138 4609 3220 4670 τὸ.
3268 4608 3497 4676 Εὐρὲθη
3535 4610 3609 4661 ἐν

2028 4703 2235 4772 γαστρὶ
2272 4701 2521 4770 ἔχουσα,
2554 4701 2815 4753 τέθεικεν·
2849 4703 2985 4768 ὅπερ
3006 4701 3097 4753 ἐπὶ
3123 4700 3231 4753 τῶν
3262 4701 3607 4771 παραδόξων,

2026 4795 2119 4846 καὶ
2159 4793 2289 4865 παρ’
2325 4793 2511 4846 ἐλπίδα
2544 4794 2723 4845 πᾶσαν
2754 4792 3132 4855 ἐκϐαινόντων,
3160 4792 3252 4845 καὶ
3280 4793 3339 4849 ού
3374 4792 3603 4862 προσδοκ-

2027 4882 2286 4952 κωμένων
2313 4882 2566 4948 λέγεσθαι
2600 4882 2778 4937 εἴωθε.
2814 4883 2906 4953 Μὴ
2942 4881 3119 4934 τοίνυν
3152 4881 3465 4953 περαιτέρω
3492 4882 3603 4951 χὼ-

2028 4993 2130 5046 ρει,
2164 4976 2298 5046 μηδέ
2337 4975 2487 5046 ζήτει
2512 4975 2672 5029 πλέον
2705 4994 2757 5028 τι
2791 4976 2899 5028 τῶν
2933 4976 3255 5047 εἰρημένων,
3290 4976 3425 5047 μηδέ
3452 4976 3597 5044 λέγει·

2026 5068 2133 5119 Καὶ
2154 5066 2268 5129 πῶς
2290 5068 2350 5120 τὸ
2373 5068 2597 5137 Πνεῦμα
2624 5069 2913 5136 εἰργάσατο
2936 5067 3095 5120 τοῦτο
3121 5070 3184 5121 ἐκ
3204 5069 3499 5139 παρθένου;
3533 5070 3598 5122 El

2026 5160 2133 5231 γὰρ
2157 5160 2256 5231 τῆς
2287 5160 2498 5229 φύσεως
2541 5160 2913 5231 ἐργαζομένης
2960 5161 3218 5214 ἀδύνατον
3262 5160 3605 5231 ἑρμηνεῦσαι

2023 5252 2121 5322 τῆς
2147 5252 2484 5315 διαπλάσεως
2510 5251 2600 5305 τὸν
2624 5254 2842 5324 τρόπον,
2872 5253 2989 5315 πῶς
3014 5252 3107 5305 τοῦ
3135 5252 3446 5322 Πνεύματος
3469 5252 3598 5305 θαυ-

2027 5346 2457 5417 ματουργοῦντος
2501 5346 2841 5419 δυνησόμεθα
2879 5346 3050 5400 ταῦτα
3094 5344 3304 5407 είπεῖν;
3333 5342 3449 5397 Ἵνα
3484 5341 3599 5413 γάρ

2028 5435 2101 5506 μὴ
2121 5437 2327 5509 κόπτῃς
2347 5438 2392 5469 ⁹⁰
2413 5437 2505 5490 τὸν
2521 5436 2929 5508 εὐαγγελιστὴν,
2961 5434 3094 5506 μηδὲ
3116 5433 3336 5505 ἐνοχλῇς
3360 5432 3595 5504 συνεχῶς

2024 5529 2197 5582 ταῦτα
2247 5528 2485 5601 ἐρωτῶν,
2527 5528 2695 5581 είπὼν
2738 5528 2830 5581 τὸν
2872 5528 3239 5598 ἐργασάμενον
3282 5524 3344 5578 τὸ
3385 5524 3592 5595 θαῦμα,

2262 5713 2568 5785 παράνοιας(
2596 5713 2659 5769 Α,
2798 5714 2859 5767 Ε.
2918 5784 2921 5785 ν
2991 5710 3039 5785 ξθ
3066 5712 3299 5785 ἐλάξησε
3326 5714 3387 5769 C.
3416 5713 3479 5770 Ι).
3514 5714 3581 5773 Ρ.

421 5935 484 6000 ιιι
505 5925 818 6000 conjeceral
830 5918 978 6000 ’ξεν
1004 5925 1166 6000 νειιεο
1190 5926 1366 5980 τοῦτο.
1442 5924 1488 5957 ⁸⁸
1510 5922 1669 5996 ἔφην]
1702 5918 1874 5997 ἔφθην
1897 5943 1921 5979 ε

2026 5944 2067 5978 ιν
2094 5924 2230 5981 Edd,
2290 5924 2337 5956 ⁸ο
2367 5924 2441 5995 μή
2474 5924 2658 5994 μόνον,
2678 5924 2934 5998 μὴμόνον
2960 5930 3032 5999 μή
3062 5918 3199 5983 Εᾶἄξ
3270 5929 3313 5961 ⁹⁰
3349 5926 3579 6000 κόπτῃς]

348 5989 501 6059 Vulgo
525 5997 801 6061 σκώπτης.
830 5994 955 6050 Vid.
989 5989 1179 6055 adnbt.
