4078 6372
497 353 570 410 45
1302 359 1358 417 S.
1401 360 1684 419 JOANNIS
1721 357 2209 418 CHRYSOSTOMI
2245 357 2568 418 ARCHIEP.
2608 360 3151 424 CONSTANTINOP.
3695 365 3763 428 Η

503 455 815 529 ἀπηλλάγη.
848 456 1013 512 Ούδέν
1055 460 1164 530 γὰρ
1193 452 1329 523 οῖδα,
1376 461 1531 530 φησὶ,
1570 459 1752 520 πλέον,
1787 456 1903 512 ἀλλ’
1928 455 1964 527 ἢ
1997 455 2082 510 ὅτι

504 549 569 602 ἐκ
597 550 910 621 Πνεύματος
935 554 1090 622 ἁγίου
1120 556 1160 592 ⁹¹
1191 554 1379 624 γέγονε
1401 555 1462 608 16
1484 550 1864 623 γεγενημένον.
1890 549 2084 619 Αἰσχυ-

501 639 781 695 νέσθωσαν
817 644 866 696 οί
906 643 1005 714 τὴν
1044 644 1155 698 ἄνω
1182 645 1670 717 περιεργαζόμενοι
1711 641 1980 713 γέννησιν.
2013 639 2076 694 Εἰ

500 731 612 803 γὰρ
648 733 852 805 ταύτην
876 734 973 806 τὴν
1011 736 1236 807 μυρίους
1265 738 1492 806 ἔχουσαν
1521 736 1824 807 μάρτυρας,
1849 733 1942 786 καὶ
1973 731 2079 803 πρὸ

501 824 770 879 τοσούτων
795 827 1265 898 ἀνακηρυχθείσαν
1295 828 1523 900 χρόνων,
1554 827 1650 879 καὶ
1677 827 1959 894 φανεῖσαν,
1985 821 2080 875 καὶ

498 916 936 988 ψηλαφηθεῖσαν,
992 919 1167 983 οὐδεὶς
1221 917 1554 989 ἑρμηνεῦσαι
1612 917 1852 978 δύναται,
1916 913 2077 967 ποίαν

499 1009 891 1063 καταλείπουσι
947 1012 1140 1079 μανίας
1181 1009 1484 1082 ὑπερϐολὴν
1527 1008 1576 1062 οἰ
1626 1008 1724 1078 τὴν
1769 1006 2076 1077 ἀπόρρητον

499 1099 713 1169 ἐκείνην
774 1101 1258 1172 περιεργαζόμενοι
1321 1102 1416 1154 καὶ
1464 1097 2074 1171 πολυπραγμονοῦντεςς

499 1191 634 1244 Οὐδὲ
659 1191 768 1262 γάρ
795 1193 823 1244 ὁ
858 1192 1113 1264 Γαϐριὴλ,
1139 1192 1258 1246 0666
1287 1196 1314 1246 6
1341 1191 1616 1255 Ματθαῖος
1649 1191 1982 1263 ἐδυνήθησάν
2023 1206 2076 1243 τι

499 1281 661 1334 πλέον
699 1285 891 1344 εἰπεῖν,
929 1283 1042 1337 ἀλλ’
1079 1283 1110 1354 ῆ
1147 1285 1228 1337 ὃτι
1261 1287 1324 1338 ἐκ
1353 1283 1665 1354 Πνεύματος
1694 1283 1871 1352 μόνον·
1907 1281 1969 1335 16
1997 1280 2074 1347 66,

499 1372 616 1436 πῶς
659 1374 722 1426 ἐκ
755 1373 1090 1444 Πνεῦματος,
1141 1377 1233 1429 καὶ
1273 1376 1379 1428 τίνι
1417 1376 1623 1446 τρόπῳ,
1659 1374 1832 1437 οὐδεὶς
1871 1373 2074 1426 τούτων

503 1466 866 1535 ’ήρμήνευσεν⁸
899 1468 1016 1521 0666
1048 1469 1156 1538 γὰρ
1196 1468 1419 1521 δυνατὸν
1446 1462 1534 1536 ῆν.
1576 1465 1725 1537 Μηδὲ
1755 1465 1981 1537 νομίσῃς
2012 1465 2074 1517 τὸ

503 1554 618 1626 [51]
664 1557 772 1609 πᾶν
809 1556 1204 1627 μεμαθηκέναι,
1243 1559 1306 1609 ἐκ
1339 1553 1651 1624 Πνεύματος
1700 1551 1932 1606 ἀκούων·
1981 1551 2075 1604 καί¹

500 1647 610 1718 γάρ
639 1648 802 1701 πολλά
827 1649 1125 1719 ἀγνοοῦμεν
1157 1650 1255 1713 ἔτι,
1292 1649 1384 1701 καὶ
1412 1649 1570 1700 τοῦτο
1605 1644 1962 1715 μανθάνοντες
1987 1644 2032 1675 ⁹²
2055 1660 2070 1675 ⁶

495 1733 629 1804 οἷον,
662 1740 778 1804 πῶς
809 1743 835 1794 6
863 1741 1084 1812 ἄπειρος
1117 1743 1172 1793 ἐν
1210 1741 1393 1812 μήτρᾳ
1419 1738 1533 1792 ἐστί
1562 1742 1639 1772 ⁸³·
1676 1736 1791 1799 πῶς
1832 1738 1860 1789 6
1894 1736 2072 1788 πάντα

499 1831 738 1900 συνέχων
780 1835 1123 1903 κυοφορείται
1184 1832 1288 1884 ὑπὸ
1329 1830 1604 1900 γυναικός·
1654 1829 1769 1891 πῶς
1818 1827 1990 1880 τίκτει
2038 1827 2071 1896 ή

497 1922 787 1992 Παρθένος,
832 1923 926 1975 καὶ
982 1922 1129 1993 μένει
1176 1922 1464 1994 παρθένος.
1508 1922 1632 1984 Πῶς
1667 1918 1920 1981 ἔπλασεν,
1953 1917 2074 1970 εἰπέ

498 2033 607 2086 μοι,
631 2013 693 2068 τὸ
718 2014 946 2084 Πνεῦμα
981 2016 1073 2070 τὸν
1101 2015 1227 2069 ναὸν
1255 2017 1460 2070 ἐκεῖνον
1481 2033 1495 2084 ;
1520 2015 1637 2078 πῶς
1662 2013 1723 2066 ού
1759 2013 1936 2066 πᾶσαν
1975 2010 2072 2079 τὴν

499 2112 678 2182 σάρκα
699 2111 807 2165 ἀπὸ
835 2111 933 2183 τῆς
964 2113 1178 2185 μήτρας
1206 2114 1254 2148 ⁸⁸
1280 2114 1492 2180 ἐλαϐεν,
1522 2116 1658 2172 ἀλλά
1693 2117 1858 2189 μέρος
1892 2118 2080 2188 αὐτῆς,

498 2203 591 2256 καὶ
641 2201 844 2274 ηὔξησε
879 2203 972 2256 καὶ
1021 2204 1387 2273 διετύπωσεν;
1417 2209 1538 2261 ’Ὁτι
1569 2209 1668 2278 μὲν
1704 2209 1811 2279 γάρ
1841 2208 1949 2263 ἀπὸ
1982 2209 2084 2280 τῆς

499 2295 701 2367 σαρκὸς
729 2296 827 2366 τῆς
854 2296 1129 2368 Παρθένου
1161 2299 1451 2370 προῆλθεν,
1489 2300 1760 2371 ἐδήλωσεν
1788 2300 1977 2355 εἰπών·
2013 2301 2084 2356 T6

496 2388 607 2456 γὰρ
633 2389 701 2440 ἐν
737 2387 892 2455 αὐτῇ
921 2387 1228 2456 γεννηθένο
1261 2391 1356 2444 καὶ
1385 2393 1413 2444 6
1433 2391 1665 2458 Παῦλος,
1685 2395 2022 2463 Γενόμενος
2039 2395 2085 2426 ’⁸

497 2480 567 2531 ἐκ
599 2481 916 2549 γυνιιικόςο
949 2481 1314 2551 ἐπιστομίζων
1358 2483 1484 2546 τοὺς
1520 2483 1798 2554 λέγοντας,
1852 2485 1934 2539 ὅτι
1982 2485 2089 2539 ὥσ-

499 2588 608 2638 περ
645 2570 734 2624 διά
758 2589 902 2636 τινος
944 2573 1180 2645 σωλῆνος
1221 2577 1499 2647 παρῆλθεν
1531 2579 1560 2630 6
1587 2578 1840 2649 Χριστός.
1874 2579 1936 2632 Εἰ
1977 2580 2086 2650 γὰρ

499 2661 656 2715 τοῦτο
691 2658 779 2733 ἦν,
807 2663 890 2726 τίς
916 2665 1074 2735 χρεία
1105 2665 1204 2735 τῆς
1240 2668 1484 2738 μήτρας;
1533 2669 1594 2722 Εἰ
1625 2669 1782 2722 τοῦτο
1810 2666 1898 2742 ἦν,
1935 2671 2088 2724 οὐδὲν

503 2751 615 2822 ἔχει
647 2752 822 2806 κοινὸν
855 2753 991 2824 πρὸς
1029 2756 1195 2824 ἡμᾶς·
1229 2755 1341 2809 ἀλλ’
1367 2757 1500 2828 ἄλλη
1539 2758 1620 2822 τίς
1648 2761 1794 2813 ἐστιν
1831 2759 2012 2831 ἐκείνη
2053 2762 2086 2830 ή

507 2844 663 2915 σάρξ,
697 2846 756 2899 o6
797 2845 890 2898 τοῦ
923 2848 1242 2918 φυράματος
1280 2849 1372 2903 τοῦ
1406 2852 1696 2923 ήμετέρου.
1742 2853 1867 2917 Πῶς
1904 2849 1997 2908 οὖν
2023 2857 2087 2908 ἐκ

502 2937 600 3008 τῆς
629 2937 785 3009 ῥίζης
821 2938 1052 3006 ’ῐεσσαί;
1088 2941 1202 3006 πῶς
1245 2942 1301 2995 δέ
1329 2943 1554 3012 ράϐδος;
1590 2944 1707 3008 πῶς
1733 2946 1850 3008 υίὸς
1882 2945 2093 3017 ἀνθρώ-

503 3045 607 3081 που
639 3031 685 3061 ⁹⁶
711 3046 725 3094 ;
761 3029 882 3094 πῶς
911 3030 968 3084 δὲ
997 3032 1180 3104 μήτηρ
1208 3035 1241 3104 ἠ
1269 3035 1312 3065 ³⁷
1345 3035 1618 3106 Μαριάμ;
1664 3035 1783 3100 πῶς
1816 3039 1880 3090 ἐκ
1923 3038 2090 3109 σπέρ-

505 3137 674 3190 ματος
714 3122 912 3188 Δαυῒδ;
964 3125 1078 3187 πῶς
1127 3125 1342 3197 μορφὴν
1387 3127 1574 3180 δούλου
1623 3128 1817 3195 ἔλαϐε;
1865 3129 1984 3194 πῶς
2027 3132 2090 3184 Ὁ

501 3214 694 3282 Λόγος
737 3213 975 3283 ἐγένετο
1031 3216 1224 3286 σάρξ;
1275 3219 1389 3283 πῶς
1425 3220 1482 3274 66
1520 3220 1810 3292 Ῥωμαίοις
1857 3223 2022 3294 φησὶν
2062 3226 2092 3278 6

502 3304 733 3370 Παῦλος·
777 3307 878 3372 Ἐξ
902 3302 990 3361 ὧν
1033 3312 1067 3362 ὁ
1108 3311 1364 3380 Χριστὸς
1398 3313 1465 3366 τὸ
1500 3316 1651 3369 κατὰ
1680 3316 1901 3382 σάρκα,
1936 3320 1970 3372 ὁ
2004 3317 2092 3372 ὢν

499 3395 598 3450 ἐπὶ
650 3395 893 3451 πάντων
944 3400 1121 3465 Θεὸς;
1154 3402 1273 3455 "O11
1317 3402 1416 3473 μὲν
1445 3399 1539 3458 οὖν
1577 3403 1636 3469 ἐξ
1666 3405 1824 3476 ήμῶν
1868 3406 1962 3460 καὶ
1995 3407 2088 3462 τοῦ

503 3489 825 3560 φυράματος
852 3491 946 3544 τοῦ
975 3492 1270 3564 ἡμετέρου,
1304 3495 1397 3548 καὶ
1434 3499 1535 3565 τῆς
1571 3499 1784 3569 μήτρας
1816 3499 1914 3570 τῆς
1942 3517 2090 3572 παρ-

503 3581 742 3652 θενικῆς,
773 3583 930 3654 δῆλον
952 3585 1016 3638 ἐκ
1045 3583 1254 3638 τούτων
1283 3587 1376 3639 καὶ
1408 3586 1470 3652 ἐξ
1493 3588 1698 3660 ἐτέρων
1723 3590 2003 3645 πλειόνωνο
2031 3593 2092 3647 τὸ

501 3672 558 3726 δέ
585 3674 720 3738 πῶς,
748 3675 932 3728 οὐκέτι
953 3675 1129 3747 δῆλον.
1155 3677 1246 3746 Μὴ
1275 3677 1453 3730 τοίνυν
1484 3679 1620 3750 μηδέ
1651 3681 1714 3733 σὺ
1750 3681 1920 3752 ζήτει,
1955 3683 2092 3738 ἀλλά

500 3763 657 3834 δέχου
678 3764 738 3818 τὸ
765 3766 1168 3836 ἀποκαλυφθὲν.
1205 3769 1300 3821 11011
1327 3770 1402 3841 μὴ
1438 3772 1804 3843 περιεργάζου
1840 3773 1900 3827 16
1933 3793 2087 3848 σιγη-

502 3853 614 3910 θέν.
657 3856 881 3926 Ἰωσὴφ
921 3857 990 3911 δὲ
1031 3862 1064 3912 ὁ
1092 3859 1248 3928 ἀνὴρ
1283 3860 1495 3930 αὐτῆς,
1524 3862 1756 3931 δίκαιος
1785 3864 1890 3931 ὢν,
1931 3869 2088 3939 φησί,

503 3946 603 4001 καὶ
627 3947 714 4018 μὴ
746 3948 940 4003 θέλων
977 3950 1173 4018 αὐτὴν
1197 3953 1749 4023 παραδειγματίσαι,
1778 3957 2090 4028 ἠϐουλήθη

504 4035 699 4104 λάθρα
737 4036 1044 4092 ἀπολῦσαι
1081 4039 1294 4106 αὐτήν.
1323 4039 1508 4094 Εἰπὼν
1541 4042 1624 4095 ὅτι
1669 4044 1733 4096 ἐκ
1777 4042 2090 4114 Πνεύματος

503 4128 686 4198 ἁγίου,
739 4130 831 4183 καὶ
880 4130 1165 4196 συνουσίας
1211 4132 1402 4203 χωρὶς,
1453 4133 1548 4186 καὶ
1605 4134 1869 4205 ἑτέρωθεν
1923 4153 2093 4189 κατα-

506 4219 762 4286 σκευάζει
809 4223 902 4277 τὸν
953 4223 1128 4294 λόγον.
1156 4225 1271 4280 ’Ίνα
1320 4226 1427 4298 γάρ
1483 4228 1556 4298 μή
1601 4245 1685 4292 τις
1729 4228 1882 4302 λέγῃ,
1925 4229 2094 4283 Πόθεν

504 4312 662 4367 τοῦτο
692 4315 876 4387 δῆλον;
922 4314 1007 4380 τίς
1053 4312 1181 4382 εἶδε,
1228 4317 1314 4382 τίς
1351 4318 1551 4390 ῆκουσε
1589 4318 1829 4373 τοιοῦτόν
1875 4320 1928 4373 τί
1963 4339 2094 4375 ποτε

500 4418 882 4489 συμϐεϐηκός;
930 4416 1064 4488 μηδὲ
1104 4412 1451 4486 ὑποπτεύσῃς
1501 4412 1593 4466 τὸν
1641 4412 1757 4485 [521
1812 4415 2078 4488 μαθητὴν,

495 4510 573 4574 ὡς
614 4507 967 4580 χαριζόμενον
1006 4506 1084 4577 τῷ
1120 4505 1442 4572 διδασκάλῳ,
1483 4503 1657 4557 ταῦτα
1683 4506 1728 4537 ⁸⁸
1757 4505 2077 4572 πλάττοντα,

495 4603 704 4672 εἰσάγει
733 4603 823 4656 τὸν
850 4601 1068 4670 Ἰωσὴφ,
1099 4599 1166 4653 δι’
1196 4591 1270 4652 ὧν
1300 4597 1490 4662 ἔπαθε,
1518 4597 1656 4670 πρὸς
1682 4597 1781 4668 τὴν
1803 4599 1910 4653 τῶν
1940 4602 2076 4672 είρη·

501 4694 678 4764 μένων
704 4691 1070 4753 ,συντελοῦντα
1115 4691 1319 4753 πίστιν,
1370 4690 1650 4760 μονονουχὶ
1688 4689 1861 4758 λέγων
1903 4691 1970 4745 δι’
2004 4686 2077 4745 ὧν

498 4783 854 4852 ἀπαγγέλλει·
902 4784 967 4836 Εἰ
1007 4784 1253 4846 ἀπιστεῖς
1297 4781 1440 4853 ἐμοὶ,
1482 4779 1578 4834 καὶ
1608 4781 1936 4844 ὑποπτεύεις
1980 4799 2077 4852 μου

497 4875 597 4945 τὴν
635 4874 956 4946 μαρτυρίαν,
1011 4873 1299 4928 πίστευσον
1351 4870 1428 4942 τῷ
1465 4871 1638 4943 ἀνδρί.
1701 4869 1934 4940 Ἰωσὴφ,
1971 4871 2078 4943 γὰρ

499 4967 684 5039 φησὶν,
717 4969 750 5020 ὀ
783 4967 938 5035 ἀνὴρ
965 4964 1172 5032 αὐτῆς,
1207 4964 1437 5029 δίκαιος
1467 4963 1567 5017 ὢν.
1593 4964 1808 5018 Δίκαιον
1848 4962 2079 5018 ἐνταῦθα

497 5057 589 5112 16v
617 5059 868 5130 ἐνάρετον
902 5059 958 5110 ἐν
1001 5056 1172 5111 ἅπασι
1203 5056 1370 5125 λέγει.
1400 5059 1555 5111 Ἔστι
1589 5056 1686 5127 μὲν
1731 5056 1841 5128 γάρ
1871 5057 2079 5110 δικαιο-

501 5147 634 5218 σύνη
665 5149 758 5203 καὶ
789 5148 849 5202 16
879 5149 956 5219 μὴ
985 5147 1349 5201 πλεονεκτεῖνο
1385 5148 1497 5202 ἔστι
1541 5147 1596 5200 δὲ
1644 5147 1740 5202 καὶ
1777 5149 1810 5218 ἡ
1849 5148 2080 5201 καθόλου

497 5239 688 5310 ἀρετή·
725 5240 816 5293 καὶ
857 5239 1087 5310 μάλιστα
1131 5238 1225 5292 6111
1264 5239 1452 5292 τούτου
1494 5239 1560 5310 τῇ
1600 5237 1699 5309 τῆς
1737 5237 2080 5308 δικαιοσύνης

501 5331 850 5403 προσηγορίᾳ
875 5331 1139 5402 κέχρηται
1173 5333 1206 5401 ή
1246 5331 1456 5402 Γραφὴ,
1491 5329 1565 5393 ὡς
1601 5330 1729 5385 ὅταν
1770 5327 1922 5402 λέγῃ·
1959 5330 2085 5383 Ἅν-

499 5425 731 5490 θρωπος
769 5420 1019 5485 δίκαιος,
1066 5420 1372 5487 ἀληθινός-⁸
1426 5419 1520 5472 καὶ
1573 5417 1756 5482 πάλιν,
1787 5412 1991 5472 Ἦσαν
2017 5415 2084 5468 δὲ

496 5510 713 5566 δίκαιοι
743 5513 1081 5582 ἀμφότεροι.

568 5603 630 5657 δ’.
659 5606 893 5671 Δίκαιος
912 5601 1006 5658 οὖν
1028 5601 1131 5668 ὢν,
1151 5601 1419 5666 τουτέστι,
1451 5601 1684 5674 χρηστὸς
1701 5600 1796 5656 καί
1815 5598 2082 5671 ἐπιεικὴς,

571 5743 619 5777 ’ί
649 5743 806 5813 ἁγίου
833 5757 946 5813 on).
974 5740 1034 5796 F.

1137 5744 1182 5776 "
1219 5743 1479 5798 μαθόντες
1508 5745 1573 5798 Α.

574 5762 619 5777 ν·
649 5762 806 5813 αγιου
833 5762 946 5797 om.
974 5762 1034 5796 ιι.
1139 5762 1182 5776 ’-
1218 5762 1476 5813 μαυοντες

506 5815 714 5886 μητρός
742 5815 848 5868 A11.
869 5812 1023 5886 _Edd.
1126 5813 1173 5846 "
1207 5814 1476 5884 γεννῶμεν

1137 5744 1182 5776 οι
1218 5743 1479 5813 μαθόντες
1508 5745 1573 5798 Α,
1676 5745 1722 5776 ³³
1755 5743 1893 5815 ἐστί]
1927 5746 2082 5813 γίνετι

1126 5813 1173 5846 οι
1207 5814 1543 5886 γεννώμενος
1569 5813 1636 5868 Α.
1666 5813 1724 5868 Ε.
1761 5812 1823 5886 Ε.
1857 5821 2082 5883 γενόμεν

2181 5743 2227 5798 Β.
2280 5744 2342 5800 Ε.
2447 5747 2494 5780 ⁸η
2524 5743 2759 5816 μήτρας]
2801 5743 2892 5799 Sic
2923 5744 3087 5799 codd.
3133 5744 3284 5799 Arm.
3319 5753 3373 5800 et
3407 5761 3597 5816 margo
3640 5747 3750 5805 An.

2181 5816 2288 5886 An.
2322 5815 2458 5886 Edd.
2495 5818 2626 5871 P051
2657 5815 2913 5886 γυναικός
2943 5815 3097 5886 ψ]οά
3134 5818 3295 5886 vulgo
3331 5816 3524 5886 legitur
3554 5819 3618 5870 ἐκ
3655 5833 3758 5885 γυ-

2183 457 2495 530 ήϐουλήθη
2519 462 2713 532 λάθρα
2732 465 3044 522 ἀπολῦσαι
3069 468 3282 536 αὑτήν.
3311 471 3412 524 Διά
3440 473 3598 528 τοῦτο
3623 477 3776 544 λέγει

2181 549 2244 604 τὸ
2278 551 2492 622 συμϐὰν
2524 553 2631 625 πρὸ
2660 555 2761 626 τῆς
2793 556 3069 626 γνώσεως,
3103 559 3190 614 ἵνα
3229 561 3304 632 μὴ
3326 563 3634 639 ἀπιστήσῃς
3659 569 3775 630 τοῖς

2184 645 2322 716 μετά
2361 643 2461 716 τὴν
2504 645 2706 714 γνῶσιν
2751 649 3158 720 γεγενημένοις.
3192 652 3452 724 Καίτοιγε
3495 657 3558 709 06
3593 675 3777 729 παρα-

2181 737 2580 810 δειγματισμοῦ
2640 739 2802 810 μόνον
2841 741 3140 808 ὑπεύθυνος
3169 739 3238 815 ἦν
3275 747 3310 817 ή
3355 747 3601 820 τοιαύτη,
3635 749 3774 804 ἀλλὰ

2183 828 2277 881 καὶ
2311 829 2638 894 κολάζεσθαι
2663 833 2836 905 αὐτὴν
2860 833 2890 887 6
2915 833 3082 906 νόμος
3106 835 3380 893 ἐκέλευεν.
3423 840 3561 894 Ἀλλ’
3588 843 3618 895 6
3659 841 3774 897 Ἰωο

2185 919 2293 990 σὴφ
2333 922 2395 975 o6
2427 923 2588 993 μόνον
2617 923 2678 977 16
2707 924 2890 996 μεῖζον
2929 927 3124 991 ἐκεῖνο,
3155 929 3293 984 ἀλλά
3329 933 3422 986 καὶ
3451 933 3513 986 16
3551 933 3772 988 ἔλαττον

2184 1013 2552 1086 συνεχώρησε,
2597 1016 2695 1088 τὴν
2732 1018 3018 1091 αἰσχύνην.
3052 1022 3127 1075 Οὐ
3156 1021 3267 1094 γὰρ
3299 1024 3461 1094 μόνον
3501 1026 3561 1079 06
3609 1025 3770 1080 κολά-

2180 1124 2291 1172 σαι,
2321 1109 2438 1163 άλλ’
2465 1111 2586 1164 0666
2611 1113 3107 1185 παραδειγματίσαι
3137 1114 3408 1170 ἐϐούλετο.
3431 1112 3588 1182 Εἶδες
3616 1117 3770 1187 φιλό-

2176 1218 2338 1270 σοφον
2373 1201 2541 1273 ἄνδρα
2572 1204 2666 1257 καὶ
2693 1204 2901 1268 πάθους
2927 1207 3349 1278 ἀπηλλαγμένον
3384 1209 3480 1262 τοῦ
3515 1227 3769 1282 τυραννι-

2175 1294 2419 1348 κωτάτου
2441 1311 2455 1361 ;
2481 1295 2626 1349 Ἴστε
2656 1297 2764 1369 γάρ
2797 1298 2981 1370 ἡλίκον
3013 1299 3332 1372 ζηλοτυπία.
3365 1302 3463 1356 A16
3487 1301 3646 1357 τοῦτο
3672 1305 3768 1359 καὶ

2174 1389 2202 1440 6
2232 1387 2402 1441 ταῦτα
2429 1390 2618 1458 σαφῶς
2646 1392 2800 1456 εἰδὼς
2827 1394 3002 1462 ἐλεγε-
3031 1397 3270 1463 Μεστὸς
3307 1396 3418 1468 γὰρ
3443 1395 3624 1464 ζήλου
3662 1400 3768 1454 01;-

2178 1482 2293 1551 μὸς
2311 1485 2532 1553 ἀνδρός
2549 1488 2616 1520 ³⁸·
2641 1491 2712 1544 οὐ
2736 1491 3003 1559 φείσεται
3032 1495 3102 1548 ἐν
3124 1497 3314 1565 ἡμέρᾳ
3347 1501 3622 1567 κρίσεως·
3641 1500 3759 1562 καὶν

2184 1571 2456 1639 Σκληρός
2507 1575 2588 1640 ὡς
2636 1576 2786 1645 ᾅδης
2826 1577 3024 1647 ζῆλος.
3066 1583 3175 1636 K011
3221 1587 3382 1656 ἡμεῖς
3426 1586 3483 1639 δὲ
3533 1588 3761 1652 πολλοὺς

2186 1664 2345 1733 ἴσμεν
2396 1665 2494 1736 τὴν
2533 1666 2709 1739 ψυχὴν
2745 1670 3031 1742 ἑλομένους
3059 1676 3317 1744 προέσθαι
3358 1677 3576 1747 μᾶλλον,
3612 1680 3645 1752 ἢ
3683 1685 3763 1745 εἰς

2183 1755 2509 1824 ζηλοτυπίας
2540 1759 2772 1830 ὑποψίαν
2801 1764 3078 1832 ἐμπεσεῖν.
3097 1768 3358 1822 Ἐνταῦθα
3385 1769 3442 1822 δὲ
3469 1771 3590 1825 0666
3622 1773 3768 1826 ὑπο-

2181 1846 2279 1914 ψία
2316 1843 2406 1918 ἦν,
2437 1851 2530 1904 τοῦ
2593 1853 2691 1923 τῆς
2729 1857 2962 1926 γαστρὸς
2995 1858 3159 1926 δγκου
3195 1860 3578 1932 διελέγχοντος.
3623 1864 3764 1917 Ἀλλ’

2181 1936 2332 2026 ὅμως
2365 1937 2538 2003 οὕτως
2560 1937 2628 2011 ἦν
2656 1943 2864 2008 πάθους
2887 1946 3142 2019 καθαρὸς,
3172 1949 3247 2014 ὡς
3279 1951 3353 2022 μὴ
3391 1952 3506 2024 [55]
3539 1954 3764 2026 θελῆσαι

2185 2029 2318 2098 μηδὲ
2363 2031 2422 2082 ἐν
2473 2035 2584 2096 τοῖς
2633 2039 2978 2105 μικροτάτοις
3032 2041 3270 2111 λυπῆσαι
3322 2045 3421 2116 τὴν
3464 2047 3762 2115 Παρθένον.

2194 2119 2412 2192 Ἐπειδὴ
2436 2123 2543 2192 γάρ
2582 2125 2640 2178 16
2682 2127 2781 2196 μὲν
2807 2130 3056 2200 κατέχειν
3079 2132 3222 2187 ἔνδον
3255 2137 3597 2208 παρανομίας
3621 2133 3765 2193 εἶναι

2181 2211 2373 2276 ἐδόκει,
2402 2215 2461 2267 16
2489 2217 2546 2268 66
2579 2217 2947 2289 ἐκπομπεύειν
2978 2225 3071 2276 καὶ
3099 2227 3178 2288 εἰς
3200 2225 3550 2300 δικαστήριον
3585 2229 3762 2299 ἄγειν,

2183 2301 2396 2376 θανάτῳ
2423 2309 2760 2379 παραδοῦναι
2786 2313 3118 2381 ἠνάγκαζενο
3143 2318 3296 2372 οὐδὲν
3324 2323 3530 2375 τούτων
3553 2325 3702 2375 ποιεῖ
3722 2324 3764 2388 ί,

2183 2395 2296 2448 ἀλλ’
2324 2398 2466 2470 ὑπὲρ
2494 2401 2656 2470 νόμον
2680 2404 2781 2474 ήδη
2809 2405 3165 2463 πολιτεύεται.
3206 2411 3352 2465 Ἔδει
3387 2413 3496 2485 γάρ
3521 2414 3624 2484 τῆς
3660 2415 3768 2486 χά-

2183 2507 2332 2560 ριτος
2372 2495 2824 2566 παραγενομένης
2872 2497 3040 2551 πολλὰ
3075 2498 3258 2553 λοιπὸν
3286 2497 3427 2558 εἶναι
3463 2504 3532 2558 τά
3562 2509 3768 2577 σημεῖα

2181 2583 2280 2652 τῆς
2325 2584 2537 2655 ὑψηλῆς
2576 2587 2868 2652 πολιτείας.
2924 2592 3192 2664 Καθάπερ
3242 2595 3351 2666 γάρ
3408 2597 3435 2649 6
3475 2597 3628 2668 ἥλιος
3671 2601 3768 2653 καὶ

2185 2673 2411 2744 μηδέπω
2435 2675 2534 2739 τὰς
2564 2678 2788 2743 ἀκτῖνας
2816 2681 3013 2748 δείξας,
3043 2685 3325 2757 πόρρωθεν
3352 2689 3431 2758 τῷ
3461 2692 3600 2758 φωτὶ
3628 2709 3767 2744 κατ·-

2182 2765 2409 2830 αυγάζει
2431 2766 2530 2836 τῆς
2555 2771 2876 2842 οἰκουμένης
2904 2775 2964 2827 16
2983 2775 3166 2829 πλέον’
3195 2777 3337 2832 οὕτω
3365 2782 3460 2834 καὶ
3481 2784 3509 2834 6
3530 2783 3768 2854 Χριστὸς

2185 2855 2392 2926 μέλλων
2432 2860 2671 2930 ἀνίσχειν
2717 2865 2824 2916 6116
2853 2868 2966 2936 τῆς·
2994 2869 3205 2940 μήτρας
3234 2872 3469 2944 ἐκείνης,
3505 2875 3600 2928 καὶ
3634 2877 3766 2946 πρὶν

2182 2946 2214 3017 ἢ
2248 2948 2504 3015 ἐξελθεῖν,
2536 2952 2636 3024 τὴν
2672 2958 2992 3029 οἰκουμένην
3019 2962 3364 3033 κατέλαμψεν
3400 2965 3638 3023 ἅπασαν.
3673 2973 3769 3026 A16

2181 3041 2273 3092 καὶ
2307 3041 2413 3111 πρὸ
2447 3043 2554 3096 τῶν
2582 3045 2786 3101 ὠδίνων
2817 3052 3088 3122 προφῆται
3118 3055 3405 3126 ἐσκίρτων,
3437 3059 3531 3112 καὶ
3572 3067 3767 3128 γυναῖ-

2183 3145 2278 3195 κες
2316 3133 2386 3186 16
2416 3135 2677 3204 μέλλοντα
2708 3140 3029 3211 προῦλεγον,
3065 3145 3159 3198 καί
3191 3145 3444 3219 Ἰωάννης
3481 3149 3633 3205 οὔπω
3667 3155 3767 3224 τῆς

2181 3221 2725 3316 νηδύοςῐπροελθὼν,
2775 3231 2885 3285 ἀπὸ
2934 3233 3038 3303 τῆς
3092 3237 3304 3309 μήτρας
3355 3241 3526 3312 αὐτῆς
3568 3221 3763 3316 ἐπήδα.

2193 3312 2474 3370 Ἐντεῦθεν
2515 3318 2609 3371 καὶ
2646 3312 2801 3385 οὗτος
2842 3323 3043 3396 πολλὴν
3092 3329 3438 3385 ἐπεδείκνυτο
3481 3334 3502 3364 ²
3545 3312 3766 3402 φιλοσο-

2181 3406 2332 3476 φίαν·
2361 3409 2485 3463 οὗτε
2512 3411 2620 3483 γάρ
2659 3414 2999 3482 ἐνεκάλεσεν,
3034 3417 3156 3472 0616
3182 3419 3479 3488 ὠνείδισεν,
3517 3425 3632 3480 ἀλλ’
3666 3429 3765 3482 ἐκ⁴

2181 3499 2364 3555 ϐαλεῖν
2389 3504 2713 3577 ἐπεχείρησε
2758 3509 2935 3578 μόνον.
2975 3511 3061 3565 Ἐν
3091 3512 3265 3585 τούτῳ
3297 3515 3475 3570 τοίνυν
3495 3519 3606 3572 τῶν
3628 3539 3766 3592 πρα·

2181 3593 2410 3662 γμάτων
2436 3595 2622 3664 ὄντων,
2647 3601 2740 3654 καί⁹
2762 3601 2975 3655 πάντων
2997 3603 3054 3656 ἐν
3076 3605 3357 3678 ἀμηχανίᾳ
3380 3609 3760 3676 καθεστώτων,

2181 3686 2542 3754 παραγίνεται
2571 3691 2599 3743 6
2625 3690 2855 3760 ἄγγελος
2879 3693 3056 3748 πάντα
3080 3695 3220 3749 λύων
3246 3697 3315 3750 τά
3341 3699 3541 3770 ἄπορα.
3576 3703 3763 3768 Ἄξιον

2180 3776 2239 3831 66
2267 3779 2538 3847 ἐξετάσαι,
2563 3782 2650 3837 διὰ
2678 3785 2732 3838 τί
2764 3785 2838 3857 μὴ
2865 3787 2972 3858 πρὸ
2992 3787 3184 3842 τούτου
3209 3786 3361 3844 εἶπεν
3395 3793 3415 3824 ³
3503 3793 3758 3864 ἄγγελος,

2179 3867 2290 3926 πρὸ
2308 3870 2401 3922 τοῦ
2430 3870 2771 3945 διανοηθῆναι
2797 3875 2886 3928 τὸν
2918 3876 3086 3947 ἄνδρα
3108 3877 3283 3945 τοῦτο,
3315 3881 3430 3934 ἀλλ’
3454 3883 3638 3956 ἐπειδὴ
3669 3889 3761 3938 ὲν-

2182 3959 2450 4032 εθυμήθη,
2481 3961 2601 4014 τότε
2630 3964 2957 4031 ἀφικνεῖταιο
2992 3964 3180 4019 Ταῦτα
3204 3966 3313 4032 γὰρ
3333 3964 3542 4029 αὐτοῦ,
3570 3966 3756 4035 φησὶν,

2180 4051 2634 4120 ἐνθυμηθέντος,
2662 4056 2695 4106 ό
2735 4054 2989 4124 ἅγγελος
3015 4053 3270 4121 ἕρχεταυ
3310 4053 3553 4123 καίτοιγε
3586 4055 3760 4126 αὐτὴν

2182 4143 2277 4195 καὶ
2322 4143 2427 4214 πρὸ
2481 4143 2575 4196 τοῦ
2621 4143 2901 4198 συλλαϐεῖν
2947 4143 3377 4212 εὐαγγελίζεται,
3426 4145 3456 4197 δ
3503 4142 3761 4198 1101111616

2181 4233 2344 4286 πάλιν
2383 4234 2571 4305 ἑτέραν
2605 4236 2837 4306 ἀπορίαν
2881 4235 3011 4307 ἔχει.
3062 4237 3122 4289 Εί
3173 4235 3280 4307 γὰρ
3321 4235 3414 4289 καὶ
3459 4239 3488 4289 6
3529 4236 3761 4304 ἄγγελος

2180 4327 2280 4379 οὐκ
2311 4321 2454 4390 εἷπε,
2487 4327 2631 4390 τίνος
2662 4327 2847 4379 ἓνεκεν
2877 4329 2909 4398 ἡ
2957 4325 3231 4400 Παρθένος
3277 4326 3552 4398 ἐσίγησεν,
3589 4327 3760 4380 ἀκού-

2182 4435 2326 4472 σασα
2377 4418 2529 4491 παρά
2577 4418 2669 4472 τοῦ
2715 4419 2946 4489 ἀγγέλου
2971 4461 2983 4482 ,
3023 4419 3117 4473 καὶ
3148 4419 3237 4472 16v
3267 4419 3551 4489 μνηστῆρα
3576 4420 3760 4490 δρῶσα

2183 4509 2597 4582 θορυϐούμενον,
2631 4510 2728 4564 οὐκ
2763 4511 2949 4563 ἔλυσεν
2973 4509 3136 4564 αὐτοῦ
3170 4509 3267 4580 τὴν
3296 4511 3566 4577 ἀπορίαν;
3602 4509 3760 4572 Τίνος

2181 4597 2274 4656 οὖν
2312 4601 2495 4654 ἕνεκεν
2523 4600 2628 4673 πρὸ
2664 4600 2757 4653 τοῦ
2785 4601 3147 4673 θορυϐηθῆναι
3171 4601 3332 4654 αὐτὸν
3356 4603 3384 4654 6
3410 4600 3638 4669 ἄγγελος
3659 4599 3759 4653 οὐκ

2182 4689 2334 4746 εἶπεν
2355 4709 2369 4756 ;
2394 4691 2484 4744 καὶ
2513 4691 2622 4762 γὰρ
2649 4693 2940 4760 ἀναγκαῖον
2966 4692 3026 4744 16
3055 4692 3317 4763 πρότερον
3338 4691 3496 4745 λῦσαι
3520 4692 3755 4761 πρῶτον.

2182 4783 2338 4846 Τίνος
2377 4780 2470 4837 οὖν
2510 4782 2693 4836 ἕνεκεν
2723 4783 2822 4836 ούκ
2847 4781 3036 4847 εἶπεν;
3068 4782 3180 4835 Ἵνα
3219 4782 3293 4852 μὴ
3322 4783 3621 4852 ἀπιστήσῃ,
3664 4782 3760 4833 καὶ

2183 4875 2332 4946 πάθῃ
2359 4874 2421 4928 16
2462 4872 2593 4927 01616
2622 4874 2700 4945 τῷ
2731 4874 2996 4946 Ζαχαρία.
3045 4873 3354 4944 Ὀρωμένου
3386 4873 3485 4942 μὲν
3515 4872 3624 4942 γάρ
3663 4870 3759 4925 τοῦ

2183 4934 2524 5038 πράγματος,
2557 4934 2773 5028 εῦκολος
2863 4934 3043 5030 πίστις
3071 4934 3274 5018 λοιπόν·
3311 4934 3537 5034 μηδέπω
3561 4934 3616 5015 66

2183 5058 2357 5130 ἀρχὴν
2386 5057 2662 5120 λαϐόντος,
2696 5058 2793 5127 οὐχ
2820 5054 3020 5126 ὁμοίως
3046 5055 3449 5127 εὐπαράδεκτον
3479 5049 3548 5124 ἦν
3578 5054 3639 5107 τὸ
3667 5053 3756 5107 λει-

2183 5151 2432 5220 γόμενον.
2483 5147 2581 5201 Διά
2618 5147 2774 5201 τοῦτο
2818 5147 2918 5199 οὐκ
2949 5141 3102 5199 εἶπεν
3135 5147 3192 5212 ἐξ
3231 5147 3406 5217 ἀρχῆς
3438 5148 3467 5199 6
3503 5144 3756 5214 ἄγγελος·

2182 5239 2276 5292 καὶ
2301 5241 2332 5307 ή
2367 5237 2642 5309 Παρθένος
2660 5237 2715 5290 66
2743 5237 2841 5306 τῆς
2866 5236 3034 5306 αὐτῆς
3061 5236 3246 5289 ’ἐνεκεν
3272 5235 3450 5299 αἰτίας
3479 5235 3757 5306 ἐσίγησεν.

2180 5329 2254 5383 Οὐ
2280 5329 2389 5400 γάρ
2410 5327 2624 5399 ἐνόμιζε
2649 5326 2998 5381 πιστεύεσθαι
3029 5327 3178 5397 παρά
3197 5324 3275 5398 τῷ
3302 5328 3594 5399 μνηστῆρι,
3619 5328 3760 5399 πρᾶ-

2178 5437 2296 5490 γμα
2328 5419 2744 5491 ἀπαγγέλλουσα
2775 5419 2942 5483 ξένον·
2970 5417 3104 5470 ἀλλά
3132 5420 3227 5472 καὶ
3261 5419 3583 5490 παροξύνειν
3621 5419 3754 5489 μᾶλ-

2179 5513 2268 5567 λον
2299 5515 2482 5574 αὑτὸν,
2516 5513 2591 5576 ὡς
2621 5513 2922 5584 ἁμάρτημα
2965 5511 3327 5582 γεγενημένον
3363 5511 3753 5574 συσκιάζουσα.

2180 5607 2241 5657 Εἰ
2263 5608 2371 5676 γάρ
2392 5603 2530 5675 αὐτὴ
2554 5604 2586 5655 ὑ
2619 5602 2971 5674 ὑποδέχεσθαι
3000 5601 3268 5673 μέλλουσα
3287 5601 3552 5672 τοσαύτην
3571 5602 3754 5673 χάριν,

2447 5747 2494 5780 ⁸η
2524 5743 2759 5816 μήτρας]
2801 5743 2892 5816 Sic
2923 5744 3087 5799 codd.
3133 5744 3284 5799 Arm.
3319 5753 3373 5800 et
3407 5761 3597 5816 margo
3640 5747 3750 5805 An.

504 5883 715 5959 ναικὸς,
745 5883 911 5959 φησίν
941 5899 1050 5959 non
1082 5893 1394 5959 ngn_osgnn£
1408 5885 1570 5959 c0111]:
1604 5886 1709 5959 An_.
1743 5885 1904 5959 A_rm._
1972 5885 2082 5959 ’°_6

2181 5885 2362 5959 161136]
2385 5887 2528 5942 Add.
2557 5885 2910 5959 πῶς-ἄνθος
2941 5884 3077 5959 Mor.
3109 5883 3252 5959 Ben:
3274 5883 3404 5959 gidf
3428 5885 3554 5959 lsai.
3584 5883 3718 5959 311,1!
3739 5930 3755 5944 .

502 5951 1314 6080 Eaﬁf‘"‘fa?3£z£ff:l"a%d'."
1353 5952 1412 6078 ξε

1525 5955 1578 6026 “ﬁ
1594 5953 1792 6026 ταῦτα]
1821 5955 1916 6026 11011
1951 5957 2124 6011 ταῦτα
2155 5953 2227 6011 ἶ).
2258 5955 2320 6012 F.

2421 5959 2466 5990 οε
2496 5955 2708 6028 ἀνδρός]
2737 5955 2876 6010 ΑιιιΙ.
2921 5956 3094 6028 αὐτῆς
3133 5957 3236 6012 Αη.
3273 5955 3406 6014 Edd.
3523 5957 3538 5989 ι
3574 5957 3752 6012 ἐποίει

507 6021 662 6081 ΕΜ.⁷
722 6021 747 6054 ’⁷
773 6021 1116 6077 ἐνεδείκνυτο
1138 6024 1275 6080 Edd.
1353 6025 1372 6056 ³
1401 6021 1581 6102 εἶπεν]
1609 6027 1698 6082 Sic
1727 6021 1790 6081 DS
1830 6022 1894 6082 F.
1926 6026 2078 6083 Arm.

2181 6068 2186 6091 ,
2225 6035 2285 6083 ut
2319 6026 2554 6093 videtur,
2586 6021 2903 6083 Anfcaetcri
2931 6021 3117 6098 ἦλθεν.
