4078 6372
484 327 553 380 45
1186 333 1243 390 S.
1284 333 1570 392 JOANNIS
1601 335 2096 396 CHRYSOSTOMI
2125 338 2446 402 ARCHIEP.
2483 342 3031 402 CONSTANTINOP.

545 448 598 501 5.
630 446 755 500 ldeo
783 444 944 513 Virgo
965 443 1178 515 quidem
1209 444 1338 497 nihil
1370 443 1470 513 ipsi
1493 443 1623 497 dicit
1647 463 1659 496 :
1688 443 1910 511 angelus
1934 456 2065 498 vero

473 550 716 607 tempore
736 537 1052 607 congruenti
1081 534 1315 589 advenit.
1343 537 1542 602 Quare,
1573 533 1805 604 inquies,
1835 533 2065 604 idipsum

471 645 599 700 erga
632 628 904 698 Virginem
931 642 1035 680 non
1068 624 1215 689 fecit,
1244 639 1347 679 nec
1380 631 1503 694 post
1520 624 1928 693 conceptionem
1958 623 2064 695 ipsi

472 736 588 776 rem
613 717 896 772 nuntiavit.
925 714 1004 771 Ne
1027 714 1079 769 in
1102 713 1506 785 perturbatione
1529 728 1721 785 magna
1748 712 1904 768 foret.
1929 713 2063 769 Nam

480 809 778 866 timendum
801 819 917 866 erat
941 825 1009 865 ne
1030 811 1119 865 illa
1147 810 1225 865 rei
1254 810 1532 865 veritatem
1560 823 1665 865 non
1694 809 1841 865 clare
1865 811 2062 879 sciens,

476 901 545 957 de
586 916 645 957 se
673 900 802 972 quid
848 901 1104 956 acerbum
1154 900 1491 967 decerneret,
1522 916 1631 955 neu
1674 900 1911 956 dedecus
1958 916 2066 958 nou

436 1006 448 1014 ‘
476 992 654 1048 ferens
680 991 746 1046 ad
771 992 1016 1060 laqueum
1047 991 1129 1047 vel
1157 991 1223 1045 ad
1248 990 1483 1061 gladium
1522 1000 1853 1061 properaret.
1882 992 2066 1047 Admi-

475 1083 640 1138 randa
675 1084 872 1154 quippe
898 1081 1059 1154 Virgo
1097 1090 1238 1149 erat,
1269 1082 1492 1153 ejusque
1533 1080 1785 1138 virtutem
1827 1082 2066 1140 declarat

474 1175 646 1231 Lucas
689 1189 811 1230 cum
853 1175 951 1243 ait,
990 1189 1108 1228 eam
1152 1175 1368 1244 quando
1410 1174 1789 1229 salutationem
1833 1177 2059 1247 accepit,

471 1285 577 1323 non
607 1270 786 1323 statim
817 1269 1017 1340 gaudio
1064 1268 1333 1340 perfusam
1362 1267 1551 1333 fuisse,
1580 1283 1679 1323 nec
1705 1269 1845 1325 dicta
1875 1273 2062 1326 susce-

470 1363 649 1431 pisse;
682 1364 777 1419 sed
807 1364 1072 1419 turbatam
1108 1364 1420 1434 quaesivisse
1449 1363 1625 1435 qualis
1666 1373 1808 1419 esset
1842 1364 1940 1418 ista
1970 1378 2060 1417 sa-

468 1455 677 1511 lutatio.
706 1456 834 1523 Qua:
854 1470 1033 1513 autem
1061 1457 1139 1513 sic
1162 1470 1469 1527 comparata
1494 1468 1631 1525 erat,
1664 1472 1903 1513 mterore
1930 1472 2063 1514 con-

467 1546 606 1602 fecta
658 1546 887 1617 fuisset,
936 1550 1338 1609 rei'infamiam
1387 1565 1570 1605 secum
1624 1559 1915 1620 reputans,
1958 1565 2062 1607 nec

466 1653 691 1707 sperans
723 1654 882 1710 posse
924 1656 986 1697 se
1013 1642 1318 1711 quempiam
1360 1642 1690 1696 audientium
1718 1641 1785 1697 ad
1826 1640 2058 1698 creden-

470 1731 599 1785 dum
628 1731 903 1794 inducere,
931 1732 1072 1803 quod
1099 1732 1152 1787 id
1184 1748 1289 1787 non
1338 1748 1404 1788 ex
1456 1732 1725 1788 adulterio
1756 1732 2053 1803 profectum

468 1832 633 1878 esset.
657 1823 733 1878 Ne
762 1825 938 1894 itaque
966 1825 1018 1879 id
1044 1828 1304 1890 eveniret,
1324 1834 1448 1880 ante
1475 1824 1880 1896 conceptionem
1907 1827 2056 1881 venit

469 1915 712 1986 angelus.
739 1914 949 1970 Etenim
979 1916 1263 1985 oportebat
1287 1915 1728 1987 imperturbatum
1769 1931 1891 1970 esse
1932 1924 2054 1972 utc-

459 2022 578 2060 rutn
620 2007 808 2072 illum,
852 2006 905 2061 in
951 2022 1111 2077 quem
1157 2007 1399 2061 omnium
1439 2006 1665 2063 Creator
1712 2007 2051 2076 ingressurus

457 2107 593 2162 erat,
625 2105 683 2151 et
710 2097 854 2151 omni
908 2097 1138 2150 tumultu
1172 2112 1396 2151 vacuam
1443 2097 1678 2152 animam
1730 2096 1899 2164 illam,
1930 2111 2051 2168 qua:

464 2187 842 2258 mysteriorum
896 2195 1165 2242 tantorum
1212 2188 1456 2242 ministra
1502 2186 1682 2243 futura
1725 2196 1861 2243 erat.
1914 2188 2049 2243 Pro-

457 2288 639 2348 pterea
689 2279 888 2351 Virgini
929 2291 1054 2336 ante
1084 2282 1520 2349 conceptionem,
1567 2279 1806 2351 .loseplio
1845 2289 2045 2347 autem,

453 2386 577 2426 cum
596 2380 831 2440 gestaret
854 2379 1067 2425 uterum
1094 2370 1277 2441 Virgo,
1297 2371 1550 2441 loquutus
1592 2380 1695 2426 est.
1719 2369 1874 2438 Quod
1894 2369 2048 2426 multi

454 2463 838 2533 simpliciornm
860 2478 985 2521 ῖιοη⁸
1000 2462 1383 2534 intelligentes,
1418 2463 1503 2518 hic
1522 2463 1904 2519 dissonantiam
1926 2478 2047 2519 esse

452 2554 704 2609 dixerunt
740 2573 754 2610 :
797 2555 1050 2624 quoniam
1080 2554 1255 2610 Lucas
1282 2555 1421 2610 dixit
1454 2554 1637 2610 Mariae
1667 2556 1916 2611 nuntium
1948 2571 2043 2611 ve-

452 2646 619 2715 nisse,
663 2644 945 2701 Matthaeus
990 2656 1171 2701 autem
1215 2644 1499 2715 Josepho:
1544 2660 1653 2700 non
1699 2644 2044 2702 advertentes

450 2749 736 2811 utrumque
759 2748 969 2811 gestum
1002 2739 1188 2795 fuisse.
1224 2737 1279 2793 ld
1305 2738 1450 2810 quod
1477 2739 1644 2794 etiam
1690 2739 1745 2794 in
1791 2737 2042 2794 omnibus

449 2833 689 2889 historiis
715 2833 1109 2888 observandum
1155 2840 1240 2891 est
1267 2849 1280 2885 :
1312 2833 1393 2887 sic
1437 2832 1583 2887 enim
1634 2832 1828 2887 multas
1866 2830 2039 2887 disso-

448 2926 682 2991 nantias,
706 2935 761 2978 ut
785 2924 1001 2995 quidem
1040 2932 1312 2994 putantur,
1344 2924 1713 2993 expediemus.
1746 2922 1908 2978 Venit
1936 2925 2038 2977 ita-

448 3031 551 3083 que
580 3016 823 3083 angelus,
853 3014 1166 3084 perturbato
1191 3014 1447 3085 Josepho.
1474 3014 1608 3070 Nam
1640 3019 1695 3069 et
1721 3023 1948 3085 propter
1973 3029 2036 3069 ea

443 3120 560 3178 quae
597 3120 756 3176 supra
794 3104 937 3162 dicta
968 3113 1115 3170 sunt.
1148 3113 1203 3159 et
1232 3112 1291 3159 ut
1336 3105 1457 3173 ejus
1500 3104 1840 3176 philosophia
1864 3121 2033 3178 appa-

443 3206 607 3264 reret,
624 3195 912 3252 adventum
933 3211 1093 3251 suum
1119 3194 1319 3250 dill'ert.
1340 3194 1474 3250 Cum
1502 3210 1632 3252 vero
1652 3212 1740 3252 res
1759 3196 1872 3267 jam
1891 3207 2037 3255 esset

443 3288 728 3359 implenda,
768 3288 986 3349 advenit
1015 3289 1254 3344 demum.
1299 3285 1429 3342 Hac
1470 3298 1640 3342 autem
1674 3305 1733 3344 eo
1759 3290 2033 3361 cogitante,

441 3382 651 3454 angelus
677 3382 732 3437 in
756 3383 945 3437 somnis
971 3382 1216 3455 apparuit
1241 3381 1454 3451 Ioseph.
1487 3380 1676 3436 Viden‘
1706 3382 1806 3437 viri
1849 3382 2037 3439 mode-

443 3472 749 3528 rationem?
788 3471 902 3527 Non
932 3473 1093 3527 modo
1123 3488 1228 3525 non
1259 3471 1483 3542 punivit,
1515 3470 1612 3526 sed
1638 3471 1842 3526 nemini
1868 3471 2023 3539 dixit,

441 3579 505 3620 ac
539 3580 606 3620 ne
635 3563 708 3618 illi
738 3564 956 3634 quidem
979 3578 1100 3633 qua;
1126 3563 1178 3617 in
1208 3563 1569 3632 suspicionem
1596 3561 1879 3629 veniebat;
1932 3562 2028 3618 sed

445 3674 560 3713 rem
587 3672 771 3713 secum
803 3658 1099 3728 cogitabat,
1118 3667 1173 3712 et
1201 3671 1452 3713 secessus
1479 3656 1907 3727 causamVirgini
1938 3658 2036 3712 ob-

442 3759 624 3820 tegere
669 3748 939 3804 studebat.
989 3748 1175 3819 Neque
1222 3749 1365 3803 enim
1395 3747 1531 3803 dixit
1580 3748 1756 3817 ipsum
1800 3745 2035 3801 voluisse

442 3839 586 3896 illam
612 3840 832 3909 ejicere,
857 3839 951 3895 sed
977 3839 1249 3895 dimittere
1281 3860 1295 3895 :
1323 3853 1493 3909 usque
1521 3837 1661 3893 adeo
1686 3836 1951 3908 benignus
1976 3845 2034 3890 et

445 3929 761 3985 moderatus
797 3931 881 3985 vir
909 3940 1044 3988 erat.
1073 3929 1201 3986 Haec
1238 3941 1416 3985 autem
1447 3929 1702 4000 cogitanti
1741 3928 1796 3984 in
1827 3926 2036 3983 somnis

439 4034 665 4094 apparet
694 4022 936 4092 angelus.
967 4021 1037 4078 Et
1062 4037 1163 4078 cur
1184 4036 1296 4077 non
1323 4031 1530 4093 aperte,
1562 4030 1621 4075 ut
1648 4019 1951 4090 pastoribus
1977 4027 2036 4074 et

440 4114 720 4170 Zachariae
764 4114 911 4169 visus
952 4121 1056 4180 est,
1092 4127 1300 4168 necnon
1331 4114 1493 4168 etiam
1536 4110 1782 4182 Virgini?
1825 4110 2032 4166 Admo-

439 4204 568 4259 dum
597 4203 770 4260 tidelis
797 4204 877 4258 vir
915 4212 1051 4270 erat,
1085 4217 1260 4274 neque
1302 4204 1494 4273 egebat
1521 4202 1613 4257 tali
1642 4202 1865 4257 visione.
1899 4200 2032 4256 Nam

440 4294 623 4367 Virgo,
657 4296 744 4351 cui
785 4295 1209 4351 aununtiabatur
1249 4310 1340 4351 res
1369 4303 1536 4361 tanta,
1560 4303 1617 4350 et
1656 4294 1818 4365 longe
1864 4292 2033 4364 major

440 4404 599 4458 quam
631 4388 923 4453 Zachariae,
952 4388 1118 4444 etiam
1148 4396 1274 4443 ante
1300 4403 1418 4444 rem
1443 4388 1613 4460 ipsam
1654 4387 1846 4459 egebat
1872 4388 2034 4443 mira-

438 4478 536 4535 bili
584 4478 817 4548 quadam
873 4478 1128 4535 visione:
1180 4488 1429 4551 pastores
1487 4495 1655 4546 vero,
1707 4488 1889 4548 utpote
1939 4478 2032 4548 qui

440 4569 767 4640 agrestiores
795 4578 999 4638 essent,
1026 4569 1295 4640 apertiore
1325 4569 1532 4625 visione
1565 4583 1701 4639 opus
1742 4568 2030 4623 habebant.

441 4659 540 4715 Hic
558 4670 737 4715 autem
763 4669 890 4732 post
918 4671 1154 4731 partum,
1184 4674 1304 4715 cum
1332 4674 1496 4730 prava
1523 4661 1829 4730 suspicione
1867 4658 2033 4714 animi

443 4760 737 4815 teneretur,
765 4760 821 4807 et
862 4760 1085 4824 paratus
1133 4761 1312 4805 tamen
1343 4759 1492 4806 esset
1532 4750 1598 4805 ad
1643 4751 1837 4805 bonam
1881 4765 2033 4821 spem

442 4842 599 4898 facile
648 4842 858 4911 reduci,
886 4842 933 4896 si
962 4843 1085 4910 quis
1124 4842 1224 4897 hac
1269 4842 1323 4897 in
1351 4857 1411 4897 re
1436 4841 1547 4896 dux
1598 4830 1683 4898 illi
1719 4851 2030 4913 appareret,

442 4934 828 4990 revelationem
854 4933 1071 5003 accipit.
1122 4931 1251 4989 ldeo
1301 4941 1425 5004 post
1477 4933 1839 5004 suspicionem
1882 4933 2033 4990 adest

441 5025 617 5082 bonus
645 5024 886 5091 nuntius,
919 5032 978 5078 ut
1004 5022 1109 5079 hoc
1137 5022 1309 5094 ipsum
1340 5023 1417 5078 illi
1448 5022 1589 5079 foret
1616 5039 1741 5080 vera
1766 5023 2032 5080 dictorum

440 5118 848 5176 demonstratio.
880 5116 1015 5173 Cum
1051 5116 1198 5173 enim
1226 5117 1427 5173 nemini
1453 5117 1694 5184 dixisset,
1723 5116 1819 5172 sed
1848 5117 2029 5172 animo

441 5213 618 5268 solum
649 5213 765 5267 hac
783 5210 1096 5281 cogitasset,
1122 5216 1178 5264 et
1203 5207 1305 5264 hac
1332 5208 1401 5264 de
1441 5223 1501 5264 re
1528 5208 1840 5279 loquentem
1867 5223 2032 5278 ange-

444 5306 555 5362 lum
582 5303 816 5369 audiret,
850 5301 1207 5357 indubitatum
1243 5300 1345 5372 ipsi
1368 5300 1580 5370 signum
1604 5307 1752 5366 erat,
1780 5298 2029 5369 angelum

447 5411 479 5451 a
500 5394 612 5450 Deo
651 5392 879 5463 iussum,
908 5385 1027 5444 btec
1051 5385 1255 5443 dictum
1288 5385 1539 5443 venisse:
1568 5383 1735 5455 ipsius
1774 5384 1919 5439 enim
1946 5397 2034 5438 so.

451 5487 557 5542 lius
578 5491 663 5540 est
689 5480 869 5539 cordis
898 5493 1091 5535 arcana
1122 5478 1281 5535 scire.
1313 5475 1449 5534 Vide
1475 5475 1655 5547 itaque
1692 5484 1891 5547 quanta
1919 5475 2037 5532 eftl-

449 5578 700 5641 ciantur;
738 5571 843 5628 viri
868 5569 1205 5642 philosophia
1228 5566 1547 5632 ostenditur,
1580 5575 1635 5621 et
1674 5565 1804 5622 illud
1833 5580 2034 5637 oppor-

455 5678 582 5724 tune
616 5664 686 5721 ab
714 5662 907 5737 angelo
944 5662 1209 5735 prolatum
1247 5658 1317 5717 ad
1353 5656 1515 5714 fidem
1561 5656 1677 5730 ejus
1718 5656 2034 5713 ﬁrmandam

3669 349 3746 413 ιθ

2170 436 2402 505 confert,
2416 438 2728 510 dictumque
2749 444 2923 511 ipsum
2941 458 3058 497 sme
3073 443 3381 515 suspicione
3399 455 3603 513 manet,
3616 452 3762 517 quod

2172 530 2415 586 ostendit
2454 532 2633 601 ipsum
2659 548 2725 590 ea
2750 550 2964 606 passum
3005 551 3148 604 esse,
3178 553 3299 609 quae
3329 541 3410 595 vir
3435 540 3611 611 quivis
3637 540 3763 612 jure

2171 621 2283 694 pati
2314 631 2525 693 poterat

2236 795 2292 851 6.
2339 790 2621 858 Quomodo
2657 801 2836 849 autem
2865 792 3026 849 fidem
3054 793 3154 865 ipsi
3182 793 3309 850 facit
3334 796 3592 868 angelus?
3621 798 3760 856 Audi

2165 895 2220 939 et
2241 885 2436 939 mirare
2459 884 2722 941 dictorum
2746 886 3084 956 sapientiam.
3108 888 3383 945 Accedens
3407 891 3515 944 ait:
3539 891 3757 962 Joseplt,

2163 976 2243 1044 ﬁli
2265 973 2434 1029 David
2453 1017 2468 1042 ,
2492 977 2598 1031 noli
2618 976 2791 1032 timere
2809 980 3035 1050 accipere
3055 977 3281 1035 Mariam
3307 983 3575 1055 conjugem
3594 995 3757 1040 tuam.

2163 1068 2351 1122 Statim
2384 1068 2635 1123 Davidem
2667 1069 2720 1123 in
2766 1069 3079 1125 memoriam
3112 1081 3362 1139 revocat,
3396 1075 3536 1130 unde
3581 1079 3759 1132 nasci-

2164 1168 2317 1214 turus
2341 1170 2455 1213 erat
2498 1159 2782 1226 Christus;
2816 1177 2989 1229 neque
3025 1162 3153 1218 sinit
3177 1163 3324 1218 illum
3360 1164 3596 1233 turbari,
3626 1166 3758 1223 dum

2164 1265 2258 1319 per
2276 1250 2536 1316 majorum
2560 1266 2753 1306 nomen
2780 1253 3187 1320 promissionem
3207 1254 3458 1311 universo
3475 1261 3658 1328 generi
3677 1258 3759 1313 fa—

2161 1352 2299 1395 ctam
2326 1342 2376 1395 in
2397 1343 2710 1397 memoriam
2740 1353 2974 1398 revocat.
2997 1328 3102 1400 Sed
3118 1346 3271 1415 cujus
3293 1348 3369 1402 rei
3395 1349 3563 1418 gratia
3587 1349 3754 1405 filium

2167 1433 2326 1487 David
2383 1440 2558 1504 ipsum
2607 1435 2872 1506 appellat?
2903 1435 2987 1490 Ne
3028 1439 3206 1493 timeas
3228 1454 3247 1493 :
3276 1445 3596 1511 quamquam
3626 1444 3756 1500 alibi

2165 1524 2303 1579 Deus
2333 1539 2436 1579 non
2468 1526 2537 1579 ita
2565 1525 2719 1591 fecit;
2742 1526 2836 1581 sed
2861 1527 3090 1596 quodam
3116 1528 3183 1584 de
3207 1545 3374 1586 uxore
3402 1533 3633 1590 Abrahae
3658 1549 3753 1592 se-

2159 1634 2254 1672 ens
2283 1634 2439 1689 quam
2471 1630 2779 1690 oportuerat
2805 1623 3072 1693 cogitante
3095 1665 3112 1692 ,
3158 1626 3454 1685 terroribus
3484 1630 3752 1704 minisque

2161 1712 2211 1764 in
2262 1712 2527 1782 loquendo
2571 1727 2699 1769 usus
2745 1714 2887 1771 Deus
2928 1724 3049 1784 est;
3080 1718 3289 1775 etiamsi
3319 1719 3393 1776 ibi
3418 1738 3630 1795 quoque
3659 1742 3749 1783 res

2159 1817 2252 1871 per
2277 1804 2628 1873 ignorantiam
2653 1804 2806 1862 fieret
2832 1824 2845 1859 :
2877 1822 3050 1879 neque
3071 1809 3214 1865 enim
3237 1827 3416 1868 rerum
3441 1830 3637 1886 gnarus
3658 1817 3753 1874 ille

2158 1892 2345 1948 Soram
2368 1903 2649 1965 acceperat
2674 1914 2687 1950 :
2712 1906 2946 1953 attamen
2978 1901 3340 1969 perterrefecit
3362 1920 3484 1960 eum
3506 1924 3521 1973 ;
3546 1906 3631 1963 hic
3651 1924 3752 1965 au-

2158 1994 2263 2038 tem
2292 1986 2474 2041 mitius
2497 1985 2690 2057 agitur.
2721 1988 2914 2060 lugens
2941 1991 3083 2046 enim
3113 2003 3231 2048 erat
3259 2011 3438 2051 rerum
3468 2014 3587 2067 qua:
3616 2015 3748 2071 age-

2156 2075 2350 2131 bantur
2369 2079 2700 2148 magnitudo,
2729 2095 3084 2152 magnumque
3107 2085 3247 2141 inter
3270 2088 3437 2143 virum
3461 2100 3747 2163 utrumque

2154 2168 2443 2226 discrimen
2472 2188 2486 2225 :
2518 2182 2843 2242 quaprOpter
2867 2189 2972 2229 non
3002 2185 3120 2231 erat
3149 2176 3516 2250 increpatione
3543 2197 3697 2253 opus.
3726 2186 3740 2216 '

2153 2255 2285 2313 Cum
2312 2271 2490 2316 autem
2517 2262 2684 2330 dixit,
2719 2263 2803 2319 Ne
2831 2265 3011 2321 timeas
3029 2308 3045 2334 ,
3074 2269 3313 2325 declarat
3338 2272 3512 2341 ipsum
3536 2285 3746 2331 metue-

2156 2365 2217 2405 re
2246 2367 2314 2406 ne
2342 2351 2507 2407 Deum
2547 2354 2815 2421 ollendat,
2842 2356 2887 2411 si
2913 2358 3208 2414 adulteram
3251 2376 3473 2418 uxorem
3504 2364 3698 2422 habeat
3723 2385 3740 2427 :

2153 2447 2224 2496 ita
2256 2443 2355 2497 nisi
2381 2443 2482 2500 hoc
2507 2446 2728 2513 fuisset,
2760 2447 2907 2503 illam
2929 2448 3199 2507 dimittere
3220 2468 3288 2508 ne
3312 2454 3600 2526 cogitasset
3622 2461 3746 2531 qui-

2154 2532 2298 2589 dem.
2343 2535 2436 2592 llis
2481 2537 2640 2608 igitur
2683 2541 2930 2597 omnibus
2965 2543 3267 2601 declaratur
3288 2588 3303 2611 ,
3333 2562 3364 2603 a
3395 2549 3505 2605 Deo
3531 2553 3743 2610 venisse

2152 2627 2432 2696 angelum,
2468 2631 2557 2699 qui
2597 2626 2773 2686 Omnia
2815 2649 2935 2703 quae
2971 2635 3224 2706 cogitavit
3251 2646 3307 2694 et
3342 2640 3522 2695 animo
3551 2660 3741 2713 passus

2150 2718 2472 2791 estloseph,
2501 2721 2553 2776 in
2576 2723 2810 2780 medium
2840 2729 3019 2782 attulit
3036 2732 3373 2802 etexposuit.
3397 2734 3629 2806 Virginis
3648 2753 3749 2791 au-

2154 2820 2257 2864 tem
2286 2813 2628 2879 pronuntiato
2651 2816 2884 2883 nomine,
2918 2832 3026 2875 non
3054 2819 3141 2876 hic
3169 2823 3353 2891 stetit,
3381 2825 3476 2880 sed
3504 2825 3743 2891 addidit.

2147 2900 2427 2973 Coniugem
2471 2914 2642 2971 tuam,
2687 2922 2848 2977 quam
2896 2925 3004 2965 non
3055 2912 3127 2968 ita
3174 2926 3441 2984 vocasset,
3481 2918 3528 2973 si
3558 2920 3741 2974 vitiata

2151 2994 2356 3051 fuisset.
2385 2996 2677 3068 Conjugem
2703 3015 2833 3056 vero
2861 3000 2948 3057 hic
2973 3019 3225 3074 sponsam
3255 3019 3409 3064 vocat
3435 3028 3449 3062 :
3477 3011 3758 3080 quemad-.

2153 3086 2368 3141 modum
2401 3095 2452 3142 et
2479 3104 2709 3159 generos
2747 3106 2942 3148 vocare
2984 3096 3121 3150 solet
3165 3097 3436 3169 Scriptura
3476 3117 3738 3174 sponsos,

2148 3189 2271 3233 ante
2297 3181 2527 3249 nuptias.
2546 3181 2682 3250 Quid
2698 3199 2827 3240 vero
2842 3186 3107 3257 significat
3122 3191 3270 3255 illud,
3288 3193 3564 3264 Accipere?
3586 3197 3741 3253 Domi

2148 3270 2379 3350 retinere
2407 3290 2421 3327 :
2447 3272 2561 3342 jam
2589 3275 2733 3329 enim
2764 3276 2908 3331 illam
2935 3279 3118 3335 animo
3145 3281 3441 3339 dimiserat.
3475 3285 3632 3343 Hanc
3656 3288 3743 3343 di-

2148 3362 2364 3417 missam
2386 3365 2559 3421 retiue
2578 3407 2593 3430 ,
2616 3383 2775 3437 quam
2802 3369 2897 3424 tibi
2923 3370 3060 3427 Deus
3087 3374 3278 3441 tradit,
3311 3392 3417 3431 non
3447 3391 3735 3446 parentes:

2148 3453 2310 3507 tradit
2336 3465 2515 3512 autem
2543 3473 2649 3512 non
2675 3458 2741 3512 ad
2770 3461 2982 3531 nuptias
3000 3503 3016 3529 ,
3045 3464 3139 3519 sed
3164 3476 3220 3520 ut
3239 3483 3358 3521 cum
3385 3468 3473 3524 illa
3497 3469 3738 3537 habites;

2149 3544 2308 3599 tradit
2336 3561 2497 3614 porro
2527 3562 2622 3617 per
2649 3564 2836 3605 vocem
2866 3567 3061 3607 meam.
3095 3554 3163 3610 Ut
3190 3556 3332 3612 illam
3366 3569 3550 3628 postea
3575 3560 3738 3618 Chri-

2145 3645 2259 3689 stus
2287 3636 2503 3693 tradidit
2525 3638 2823 3711 discipulo,
2854 3643 2924 3697 ita
2955 3654 3011 3700 et
3040 3661 3186 3703 nunc
3213 3647 3450 3721 Josepho
3482 3655 3727 3712 traditur.

2143 3726 2347 3783 Deinde
2375 3744 2489 3785 rem
2538 3731 2766 3790 obscure
2808 3734 3051 3793 indicans
3070 3778 3085 3802 ,
3114 3753 3338 3809 pravam
3369 3745 3731 3815 suspicionem

2144 3835 2251 3876 non
2303 3825 2665 3890 memoravit,
2705 3825 2800 3883 sed
2849 3826 3162 3888 honestiore
3216 3839 3736 3910 congruentioreqne

2140 3911 2303 3968 modo
2327 3915 2698 3985 oonceptionis
2722 3919 2962 3987 exposita
2992 3935 3155 3977 causa
3171 3963 3187 3990 ,
3215 3924 3357 3979 illam
3383 3928 3620 3997 sustulit,
3643 3944 3735 3986 os-

2142 4002 2365 4094 tendens
2401 4019 2524 4061 eum
2545 4046 2562 4072 ,
2594 4017 2814 4078 propter
2852 4013 3096 4069 eamdem
3139 4006 3310 4085 ipsani
3341 4033 3558 4076 causam
3583 4061 3601 4089 ,
3630 4038 3735 4094 qua

2142 4092 2364 4149 timebat
2386 4105 2441 4150 et
2465 4096 2609 4152 illam
2631 4098 2902 4158 dimittere
2923 4104 3156 4171 volebat,
3175 4107 3297 4176 jure
3324 4108 3468 4165 illam
3495 4092 3737 4185 recipere

2138 4194 2193 4239 et
2220 4187 2455 4243 retinere
2480 4187 2678 4246 debere
2704 4208 2719 4245 :
2747 4193 2932 4265 sicque
2959 4210 3028 4250 ex
3052 4196 3346 4262 abundanti
3372 4201 3488 4269 ejus
3516 4205 3727 4261 measu-

2138 4275 2267 4331 tiam
2297 4278 2534 4359 resolvit.
2566 4279 2681 4336 Non
2727 4285 2926 4351 modo,
2968 4285 3175 4358 inquit,
3210 4289 3397 4347 illicito
3438 4306 3733 4364 congressu

2137 4381 2268 4436 pura
2296 4376 2380 4423 est
2397 4409 2412 4433 ,
2440 4370 2535 4426 sed
2557 4371 2717 4427 etiam
2739 4389 2900 4445 supra
2925 4386 3171 4434 naturam
3196 4388 3404 4436 uterum
3425 4392 3618 4454 gestat.
3646 4385 3727 4441 Ne

2136 4457 2298 4528 igitur
2323 4469 2524 4516 metum
2558 4477 2726 4533 ponas
2757 4473 2958 4521 tantum
2979 4507 2995 4532 ,
3026 4468 3122 4524 sed
3154 4470 3206 4525 in
3233 4486 3477 4543 magnam
3508 4490 3732 4547 erumpe

2135 4547 2376 4605 lzetitiam
2407 4568 2421 4604 :
2455 4551 2606 4621 Quod
2630 4555 2763 4609 enim
2788 4557 2842 4611 in
2867 4574 2928 4612 ea
2952 4571 3129 4615 natum
3158 4570 3264 4629 est,
3293 4562 3358 4619 de
3385 4563 3585 4636 Spiritu
3613 4583 3731 4622 san-

2131 4649 2213 4693 cto
2238 4650 2332 4696 est.
2379 4640 2714 4714 Stupendum
2744 4645 2946 4702 dictum
2971 4687 2989 4717 ,
3021 4648 3310 4707 humanam
3342 4656 3723 4725 cogitationem

2129 4742 2426 4800 superans,
2458 4730 2713 4805 legesque
2753 4745 2958 4792 natura;
2996 4745 3402 4799 transcenderis.
3441 4743 3727 4814 Quomodo

2130 4819 2288 4891 igitur
2307 4823 2490 4880 credet
2506 4826 2583 4880 vir
2608 4827 2739 4882 tales
2757 4843 2865 4884 non
2883 4842 3135 4900 eXpertus
3153 4836 3522 4893 narrationes?
3538 4841 3579 4892 Α
3597 4854 3726 4909 prte-

2130 4912 2425 4980 teritorum,
2455 4916 2645 4987 inquit,
2673 4920 3021 4976 revelatione.
3048 4923 3172 4980 Ideo
3192 4927 3371 4982 omnia
3393 4944 3512 4999 quae
3534 4940 3716 4987 mente

2128 5004 2417 5092 cogitabat,
2444 5008 2719 5077 revelavit,
2744 5026 2864 5079 qute
2888 5026 3078 5084 passus
3098 5024 3200 5084 est,
3224 5032 3344 5086 quae
3371 5018 3566 5087 timuit,
3592 5036 3716 5092 qua:

2127 5090 2304 5149 facere
2326 5096 2703 5167 meditabatur,
2728 5111 2787 5157 ut
2806 5102 2912 5157 illis
2931 5104 2983 5159 in
3006 5106 3240 5162 medium
3261 5108 3529 5179 adductis,
3550 5090 3715 5169 etiam

2131 5185 2215 5242 bis
2239 5186 2398 5244 fidem
2420 5190 2671 5260 haberet;
2700 5197 2807 5251 imo
2831 5212 2937 5252 non
2959 5213 3023 5253 ex
3052 5202 3336 5270 praeteritis
3357 5212 3558 5259 tantum
3575 5245 3592 5272 ,
3614 5206 3713 5261 sed

2128 5277 2287 5332 etiam
2311 5295 2377 5334 ex
2405 5280 2595 5338 futuris
2614 5284 2683 5340 ad
2706 5287 3026 5344 credendum
3056 5290 3204 5346 illum
3250 5293 3475 5350 inducit.
3497 5294 3588 5351 2L
3618 5295 3727 5351 Pa-

2129 5362 2227 5450 riet
2249 5374 2438 5432 autem,
2463 5365 2654 5438 inquit,
2680 5368 2863 5439 ﬁlium,
2890 5381 2937 5424 et
2956 5375 3155 5430 vocabis
3180 5392 3360 5432 nomen
3383 5379 3494 5450 ejus
3511 5381 3708 5439 letum.

2129 5449 2206 5507 Ne
2226 5463 2379 5512 notes
2399 5456 2538 5512 enim
2563 5459 2687 5528 quia
2707 5473 2772 5515 ex
2795 5458 2995 5531 Spiritu
3018 5476 3203 5521 saneto
3228 5478 3331 5542 est.
3355 5449 3411 5525 te
3432 5470 3554 5528 ideo
3573 5472 3707 5529 alie-

2222 5665 2238 5695 ³
2274 5664 2384 5725 Alii,
2410 5676 2502 5715 non
2524 5663 2788 5729 increpavit
2806 5676 2854 5720 ut
2876 5675 3134 5736 oportebat.
