4078 6372
223 413 303 468 47
1388 385 1458 443 IN
1496 382 1905 443 MATTHEUM
1967 376 2197 439 HOMIL.
2238 375 2328 433 IV.
3420 369 3492 423 48

223 527 369 567 num
389 524 511 567 esse
533 522 564 564 a
591 504 887 563 ministerio
914 501 1226 559 mconomiae
1256 499 1421 555 illius.
1445 497 1663 554 Etiamsi
1686 500 1826 552 cnim

227 601 472 659 nihilad
510 601 912 672 generationem
955 593 1239 656 conferas,
1286 590 1384 645 sed
1429 590 1624 644 intacta
1668 586 1829 657 Virgo

226 704 495 759 maneat;
532 703 770 747 attamen
797 689 940 760 quod
965 697 1047 743 est
1071 685 1208 757 patri
1239 683 1512 755 proprium
1534 723 1548 747 ,
1581 681 1681 736 etsi
1714 680 1825 733 vir-

222 789 477 859 ginitatis
501 786 813 857 dignitatem
843 796 949 836 non
974 780 1290 845 labefactet,
1324 778 1425 831 hoc
1452 775 1548 830 tibi
1575 772 1826 838 confero,

231 871 301 934 ni
327 889 454 935 nato
479 892 675 933 nomen
704 877 965 945 imponas.
990 874 1070 928 Tu
1096 872 1239 927 enim
1270 870 1485 925 vocabis
1514 869 1683 923 illum.
1714 866 1827 921 Etsi

230 987 471 1042 namque
516 970 657 1025 ﬁlius
702 978 824 1023 tuus
856 981 960 1021 non
987 966 1090 1029 sit,
1123 974 1177 1018 tu
1206 972 1482 1034 paternam
1514 976 1638 1030 erga
1679 960 1827 1014 illum

229 1079 395 1135 geres
430 1078 644 1118 curam.
675 1060 799 1116 Ideo
818 1058 906 1114 vel
930 1057 999 1112 ab
1025 1059 1139 1125 ipsa
1166 1055 1398 1110 nominis
1445 1053 1784 1122 impositione
1811 1091 1827 1117 ,

228 1167 366 1213 nato
394 1167 449 1212 te
493 1155 733 1226 parentis
775 1154 894 1208 loco
934 1150 1185 1220 adjungo.
1219 1146 1421 1203 Deinde
1451 1160 1519 1201 ne
1562 1144 1681 1215 quis
1710 1142 1831 1199 ideo

229 1264 362 1305 eum
404 1256 613 1318 patrem
639 1259 760 1301 esse
799 1243 1201 1312 suspicaretur,
1232 1240 1354 1293 audi
1383 1252 1543 1308 quam
1578 1242 1831 1291 accurate

233 1339 521 1410 sequentia
554 1346 753 1408 ponat:
788 1334 999 1398 Pariet,
1030 1332 1236 1399 inquit,
1278 1330 1483 1399 ﬁlium;
1516 1343 1620 1383 non
1659 1327 1828 1391 dicit,

236 1430 424 1485 Pariet
450 1429 543 1484 tibi
568 1447 583 1492 ;
610 1427 704 1481 sed
728 1424 1137 1480 indeterminate
1160 1421 1340 1493 posuit
1363 1438 1376 1475 :
1402 1435 1507 1475 non
1523 1418 1665 1475 enim
1688 1418 1706 1449 ¹
1730 1417 1831 1488 ipsi

237 1521 486 1590 peperit,
506 1519 605 1575 sed
636 1518 882 1573 universo
909 1514 1046 1570 orbi.

309 1708 367 1759 7.
421 1708 654 1775 Ideoque
696 1718 890 1760 nomen
921 1703 1037 1774 ejus
1064 1717 1135 1759 ex
1174 1701 1308 1758 caalo
1351 1701 1540 1758 detulit
1578 1701 1831 1773 angelus,

232 1795 368 1852 hinc
410 1797 703 1852 ostendens
745 1796 1040 1851 mirabilem
1071 1809 1192 1851 esse
1219 1803 1430 1865 partum
1453 1836 1469 1861 ,
1501 1794 1645 1865 quod
1692 1794 1833 1849 Deus

236 1889 358 1958 ipse
388 1904 583 1943 nomen
613 1888 730 1958 ejus
765 1886 835 1943 de
862 1886 995 1942 caelo
1026 1902 1120 1956 per
1147 1886 1389 1956 angelum
1414 1883 1648 1955 Joseplto
1674 1885 1833 1941 mise-

236 1979 330 2033 rit.
354 1976 546 2049 Neque
571 1979 715 2034 enim
742 1993 913 2049 Ipsum
934 1992 1061 2033 casu
1087 1986 1143 2033 et
1171 1977 1287 2032 sine
1307 1991 1466 2031 causa
1492 1976 1675 2033 datum
1697 1976 1795 2031 fuit
1812 2017 1832 2039 ,

236 2070 334 2126 sed
374 2080 462 2125 est
490 2069 638 2124 mille
667 2069 928 2123 bonorum
957 2069 1265 2123 thesaurus.
1296 2066 1500 2122 Idcirco
1532 2067 1706 2138 ipsum
1731 2082 1831 2121 an-

235 2160 391 2231 gelus
421 2161 833 2230 interpretatur,
860 2159 1223 2229 optimamque
1250 2172 1399 2229 spem
1429 2158 1585 2214 oﬁert
1606 2198 1621 2224 ,
1650 2166 1705 2213 et
1734 2157 1833 2213 hac

237 2252 449 2308 ratione
475 2251 638 2308 fidem
664 2252 765 2320 ipsi
789 2250 1040 2305 conciliat
1064 2269 1077 2304 :
1113 2265 1233 2304 nam
1256 2250 1575 2320 propensius
1601 2249 1831 2304 inclina-

239 2360 362 2399 tnur
387 2342 457 2398 ad
489 2358 579 2398 res
604 2341 1008 2411 hujuscemodi;
1038 2340 1267 2411 ideoque
1297 2340 1401 2394 illis
1425 2340 1631 2394 facilius
1650 2338 1831 2395 credi-

240 2452 380 2491 mus.
407 2436 547 2491 Cum
580 2435 739 2504 igitur
766 2449 835 2490 ex
876 2433 1123 2489 omnibus
1150 2433 1216 2487 ad
1249 2432 1410 2487 fidem
1440 2432 1489 2487 ei
1531 2430 1829 2488 habendam

238 2536 635 2597 prmparasset,
666 2540 731 2581 ex
763 2524 1082 2595 praeteritis,
1115 2539 1177 2579 ex
1206 2523 1399 2579 futuris
1421 2533 1477 2579 et
1500 2539 1567 2579 ex
1594 2538 1829 2595 praesen-

238 2620 410 2684 tibus,
438 2632 651 2674 necnon
678 2618 746 2671 ab
768 2617 970 2672 honore
991 2617 1091 2687 ipsi
1116 2616 1299 2672 debito
1320 2658 1336 2681 ,
1368 2617 1571 2671 inducit
1600 2617 1831 2687 prophe-

238 2720 344 2763 tam
366 2750 383 2776 ,
410 2717 712 2779 opportune
730 2708 814 2764 his
836 2709 1083 2764 omnibus
1103 2709 1365 2765 calculum
1388 2709 1625 2765 dantem.
1649 2710 1830 2766 Prius-

236 2816 398 2872 quam
446 2816 578 2857 vero
605 2801 777 2871 ipsum
806 2801 1054 2868 inducat,
1082 2801 1220 2857 bona
1248 2816 1345 2872 per
1365 2802 1536 2871 ipsum
1558 2802 1674 2858 orbi
1696 2818 1829 2858 con-

240 2892 461 2948 ferenda
514 2894 855 2963 praenuntiat.
904 2892 1160 2960 Qnamam
1207 2892 1296 2948 illa
1343 2894 1503 2949 sunt?
1554 2894 1829 2963 Ereptioa

242 2984 477 3053 peccatis
502 3000 518 3043 :
546 2983 670 3050 Ipse
694 2986 829 3040 enim
849 3026 864 3049 ,
897 2985 1102 3054 inquit,
1141 2984 1337 3039 salvum
1387 2985 1538 3053 faciet
1585 2986 1832 3055 populum

224 3093 380 3132 suum
415 3095 452 3133 α
481 3080 700 3148 peccatis
721 3095 913 3134 eorum.
948 3078 1046 3134 Hic
1073 3091 1284 3149 quoque
1315 3074 1638 3144 stupendum
1667 3076 1820 3144 quid-

231 3172 373 3240 piam
403 3172 692 3227 indicatur.
715 3170 833 3227 Non
862 3172 1006 3226 enim
1027 3186 1057 3225 a
1081 3170 1234 3225 bellis
1254 3168 1354 3223 sub
1381 3182 1600 3223 sensum
1624 3166 1821 3223 caden-

229 3264 403 3329 tibus,
432 3277 542 3318 non
571 3279 600 3316 a
626 3262 868 3317 barbaris
889 3304 904 3327 ,
937 3261 1032 3317 sed
1058 3260 1200 3331 quod
1233 3261 1388 3331 longe
1416 3261 1588 3331 majus
1609 3269 1759 3327 erat,
1790 3275 1821 3317 a

230 3354 467 3422 peccatis
514 3353 849 3408 liberandum
900 3353 1158 3423 pepulum
1198 3351 1364 3420 ipsius
1400 3350 1723 3405 annuntiat:
1768 3350 1822 3405 id

227 3443 372 3513 quod
412 3458 575 3499 nemo
611 3452 734 3498 ante
777 3444 955 3498 facere
992 3450 1258 3511 potuerat.
1294 3442 1361 3496 Et
1388 3456 1491 3511 qua
1520 3441 1589 3496 de
1616 3456 1777 3496 causa
1802 3481 1818 3503 .

231 3537 442 3607 inquies
467 3577 485 3603 ,
514 3535 777 3608 Populum
804 3552 954 3590 suum
982 3535 1154 3603 dixit,
1183 3550 1356 3604 neque
1384 3543 1570 3605 gentes
1594 3534 1824 3604 adjecit?

228 3627 305 3684 Ne
331 3629 520 3683 statim
543 3626 844 3683 auditorem
873 3626 1210 3696 percelleret.
1233 3625 1484 3695 Alioquin
1507 3639 1636 3679 vero
1663 3624 1826 3679 intel-

230 3719 448 3790 ligentia
490 3718 743 3788 praeditus
772 3718 982 3772 auditor
1012 3716 1097 3771 hic
1125 3725 1312 3787 gentes
1337 3730 1551 3785 quoque
1576 3714 1821 3771 subindi-

227 3811 338 3866 cari
361 3809 643 3881 perspicit.
665 3808 901 3887 Populus
920 3808 1062 3862 enim
1083 3807 1202 3877 ejus
1227 3815 1351 3861 sunt
1370 3820 1478 3861 non
1501 3804 1671 3861 Judaei
1702 3813 1826 3860 tan-

230 3915 343 3960 tum
360 3944 378 3971 ,
410 3902 508 3959 sed
532 3917 723 3958 omnes
746 3903 835 3972 qui
861 3901 1159 3967 accedunt,
1186 3908 1241 3955 et
1265 3900 1382 3969 ejus
1401 3898 1705 3954 doctrinam
1725 3912 1821 3953 co-

227 3997 632 4067 gnitionemque
688 3994 1002 4064 suscipiunt.
1048 3991 1425 4047 Animadverte
1462 3998 1639 4045 autem
1684 4005 1822 4060 quo-

228 4088 393 4144 modo
414 4088 534 4157 ejus
557 4086 866 4157 dignitatem
888 4084 1045 4140 nobis
1070 4084 1360 4153 aperuerit,
1389 4081 1645 4151 populum
1666 4094 1820 4133 suum

227 4181 515 4254 appellans
559 4180 811 4250 populum
861 4176 1165 4233 Judaicum.
1199 4175 1310 4230 Hoc
1350 4174 1491 4229 enim
1524 4172 1653 4227 nihil
1682 4170 1824 4226 aliud

229 4274 527 4345 signiﬁcat,
547 4286 706 4341 quam
736 4285 856 4326 eum
876 4311 892 4335 ,
914 4269 1003 4339 qui
1028 4278 1183 4322 natus
1203 4275 1288 4323 est
1304 4308 1320 4330 ,
1342 4280 1463 4322 esse
1489 4265 1679 4319 Filium
1703 4264 1818 4324 Dei.

228 4382 295 4422 ac
319 4366 390 4422 de
428 4380 558 4435 rege
581 4378 814 4432 superno
856 4374 1036 4417 sermo
1066 4359 1165 4429 ipsi
1194 4368 1295 4414 est.
1324 4356 1506 4427 Neque
1536 4356 1678 4411 enim
1717 4354 1820 4409 alia

230 4466 475 4528 potestas
501 4463 717 4524 peccata
744 4452 1019 4507 remittere
1040 4443 1201 4512 valet,
1228 4448 1329 4503 nisi
1356 4462 1417 4503 ea
1445 4461 1563 4516 quae
1585 4444 1653 4500 ad
1679 4444 1823 4500 illam

231 4550 595 4606 substantiam
623 4545 875 4616 pertinet.
905 4542 1166 4610 Quoniam
1197 4540 1355 4615 igitur
1383 4547 1586 4592 tantum
1613 4535 1825 4606 accepi-

234 4656 356 4697 mus
379 4640 582 4695 donum
605 4680 620 4703 ,
650 4635 781 4691 nihil
809 4650 915 4689 non
947 4647 1167 4703 agamus
1191 4623 1260 4686 ne
1283 4639 1487 4685 tantum
1509 4628 1823 4685 beneﬁcium

233 4732 675 4788 dehonestemus.
705 4724 761 4781 Si
804 4724 949 4779 enim
976 4738 1040 4778 ea
1066 4735 1185 4793 quae
1221 4729 1346 4775 ante
1384 4719 1527 4773 hunc
1570 4720 1826 4772 honorem

232 4835 382 4896 gesta
404 4831 554 4888 sunt,
579 4821 737 4892 digna
756 4820 958 4874 ultione
975 4826 1148 4885 erant,
1172 4814 1341 4870 multo
1360 4813 1529 4884 magis
1551 4820 1669 4882 post
1690 4809 1813 4864 inef-

234 4916 397 4971 fabile
426 4914 557 4969 illud
588 4910 927 4968 beneﬁcium.

300 5094 499 5150 Fidelis
542 5108 606 5148 ar
631 5091 744 5145 vitta
771 5089 1000 5144 instituto
1029 5079 1620 5157 dignoscendus.-—Ha*c
1661 5093 1820 5147 porro

227 5206 334 5244 non
366 5188 485 5243 sine
532 5198 693 5239 causa
739 5195 881 5236 nunc
909 5179 1063 5242 dico;
1116 5175 1208 5231 sed
1255 5175 1378 5242 quia
1421 5170 1622 5226 multos
1665 5169 1820 5223 video

232 5290 355 5351 post
384 5279 649 5348 baptisma
684 5275 957 5347 segniores
980 5312 995 5337 ,
1044 5283 1203 5340 quam
1245 5267 1283 5321 ii
1332 5265 1424 5335 qui
1456 5262 1688 5318 nondum
1738 5261 1821 5314 in-

228 5376 363 5429 itiati
391 5379 537 5438 sunt,
572 5383 741 5439 neque
765 5366 924 5422 ullam
951 5362 1206 5418 habentes
1232 5356 1455 5414 instituti
1483 5356 1652 5409 nostri
1669 5352 1812 5407 noti-

295 5602 311 5633 ¹
348 5598 490 5650 Savil.
528 5605 581 5650 et
602 5605 712 5648 Mss.
734 5595 903 5659 Morel.
930 5596 998 5645 sic
1020 5594 1204 5659 habent
1229 5604 1240 5638 :
1280 5586 1402 5659 4ndi
1423 5583 1817 5659 qttamgacewla‘tf

226 5646 489 5774 aequet—ui:
738 5646 762 5708 ξ
785 5646 965 5720 Dorici,
992 5674 1014 5704 ν
1051 5650 1415 5708 uideterminate
1440 5646 1682 5709 loquens;
1716 5652 1813 5693 non

227 5737 376 5775 suam.
405 5737 434 5773 e
486 5758 500 5771 .

360 5760 376 5784 ,
405 5737 500 5774 etc.

1926 490 2075 545 tiam.
2107 489 2337 561 Ideoque
2362 501 2460 543 nec
2485 487 2535 541 in
2565 486 2701 548 foro.
2734 499 2832 540 nec
2860 482 2912 540 in
2937 482 3159 539 ecclesia
3184 488 3359 552 potest
3387 480 3501 534 dis-

1925 583 2089 652 tingui
2142 581 2315 637 fidelis
2354 595 2383 634 a
2424 596 2530 634 non
2578 578 2755 641 ﬁdeli,
2803 576 2903 631 nisi
2948 576 3067 646 quis
3094 573 3232 628 adsit
3270 582 3506 642 tempore

1924 674 2340 745 mysteriorum,
2383 682 2439 727 ct
2483 670 2658 726 videat
2702 670 2794 741 qui
2822 669 3133 739 ejiciantur,
3180 674 3236 721 et
3272 666 3362 737 qui
3387 679 3505 720 ma-

1924 773 2104 820 neant.
2132 763 2416 835 Oportcret
2440 772 2616 817 autem
2644 775 2740 817 eos
2779 775 2884 816 non
2912 775 2939 812 a
2967 760 3085 814 loco
3113 799 3129 824 ,
3162 756 3255 812 sed
3283 772 3313 810 a
3341 757 3508 811 mori-

1924 856 2023 911 bus
2063 855 2336 926 distingui.
2384 853 2513 909 Nam
2553 861 2790 909 externae
2823 850 3039 922 quidem
3082 849 3387 919 dignitates,
3438 846 3507 901 ab

1923 947 2160 1002 externis
2188 947 2328 1001 notis
2356 954 2411 1001 et
2432 943 2757 999 ornamentis
2775 942 2893 1013 jure
2919 941 3298 1011 dignoscuntur
3352 954 3365 991 :
3405 952 3506 991 no-

1924 1048 2033 1092 Sll'a
2076 1052 2203 1092 vero
2226 1037 2295 1092 ab
2332 1038 2459 1107 ipsis
2497 1036 2687 1090 animis
2714 1046 2839 1089 nota
2877 1049 2995 1087 csse
3023 1039 3249 1102 oportet.
3273 1029 3511 1086 Fidelem

1922 1140 2154 1196 namque
2178 1140 2283 1181 non
2329 1140 2358 1180 ι
2383 1125 2526 1181 dono
2561 1134 2763 1181 tantum
2785 1168 2801 1192 ,
2845 1127 2940 1183 sed
2969 1128 3128 1184 etiam
3162 1142 3198 1183 a
3224 1142 3365 1183 novo
3388 1128 3514 1184 vita:

1918 1219 2161 1276 instituto
2187 1219 2403 1290 agnosci
2436 1235 2531 1290 par
2556 1230 2717 1275 esset.
2760 1220 2957 1277 Fidelis
2985 1232 3040 1276 et
3064 1222 3323 1277 luminare
3350 1230 3407 1278 et
3428 1222 3513 1277 sal

1924 1308 2105 1363 mundi
2147 1323 2269 1364 esse
2294 1308 2474 1363 debet.
2506 1309 2637 1365 Cum
2684 1319 2863 1365 autem
2891 1326 2990 1366 nec
3021 1312 3116 1366 tibi
3146 1311 3361 1382 quidem
3408 1311 3510 1381 ipsi
3600 1316 3605 1323 ‘

1922 1398 2101 1453 luccas
2124 1439 2140 1464 ,
2174 1414 2273 1453 nec
2303 1399 2569 1469 propriam
2600 1401 2935 1471 putredinem
2964 1403 3298 1473 eonstringas
3320 1443 3335 1468 ,
3371 1403 3513 1458 unde

1923 1491 2135 1545 tandem
2165 1501 2215 1547 te
2240 1507 2397 1545 nosse
2423 1492 2751 1561 poterimus?
2787 1509 2855 1548 an
2883 1494 3003 1564 quia
3028 1494 3081 1548 in
3108 1494 3276 1549 sacris
3296 1493 3511 1549 ﬂuentis

1924 1570 2325 1654 ingressus'es?
2352 1584 2457 1640 Sed
2486 1585 2586 1642 hoc
2614 1596 2667 1642 te
2688 1587 2755 1642 ad
2784 1588 3102 1659 supplicium
3130 1587 3369 1644 deducit.
3400 1588 3512 1644 Ma-

1921 1674 2142 1744 gnitudo
2185 1674 2328 1730 enim
2371 1674 2588 1731 honoris
2610 1718 2626 1744 ,
2675 1678 2740 1733 iis
2765 1678 2855 1747 qui
2884 1679 3044 1733 vitam
3089 1678 3391 1748 hujusmodi
3420 1679 3517 1733 ho-

1927 1781 2057 1821 nore
2082 1765 2295 1837 dignam
2324 1782 2429 1822 non
2467 1777 2660 1838 agunt,
2687 1768 3105 1826 additamentum
3137 1770 3380 1841 supplicii
3410 1780 3513 1829 est.

1924 1857 2162 1913 Fidelem
2188 1858 2332 1913 enim
2366 1875 2470 1915 non
2501 1860 2569 1914 ab
2596 1861 2661 1915 iis
2690 1869 2894 1916 tantum
2920 1877 3041 1933 qua:
3065 1877 3097 1916 a
3128 1862 3237 1918 Deo
3265 1864 3473 1934 accepit
3495 1905 3513 1929 ,

1923 1948 2018 2005 sed
2049 1950 2211 2005 etiam
2236 1950 2305 2005 ab
2346 1950 2410 2005 iis
2436 1966 2553 2021 qute
2583 1951 2697 2022 ipse
2722 1952 2900 2007 intulit
2937 1952 3139 2024 fulgere
3168 1968 3265 2024 par
3289 1962 3374 2010 est
3395 1994 3412 2018 .
3457 1965 3519 2011 et

1922 2040 2158 2112 undique
2185 2057 2245 2097 se
2272 2052 2455 2097 notum
2486 2054 2762 2112 praestare,
2786 2044 2855 2100 ab
2876 2045 3087 2101 incessu
3114 2087 3130 2112 ,
3162 2046 3230 2101 ab
3252 2056 3470 2117 aspectu
3493 2087 3511 2111 ,

1923 2130 1993 2185 ab
2023 2131 2226 2197 habitu,
2252 2147 2282 2185 a
2310 2147 2461 2188 voce.
2491 2133 2614 2188 llazc
2639 2144 2816 2190 autem
2841 2135 2974 2201 dixi,
3008 2152 3116 2191 non
3142 2146 3202 2191 ut
3220 2136 3287 2192 ad
3327 2148 3514 2194 osten-

1927 2222 2182 2279 tationem
2208 2267 2222 2287 ,
2251 2224 2346 2279 sed
2368 2234 2427 2279 ut
2445 2224 2511 2280 ad
2539 2226 2821 2283 utilitatem
2851 2227 3142 2283 videntium
3170 2242 3270 2283 nos
3293 2244 3516 2299 compo-

1928 2330 2137 2372 namus.
2177 2313 2329 2372 Nunc
2357 2328 2533 2373 autem
2566 2318 2939 2389 undecumque
2980 2328 3032 2374 te
3075 2320 3296 2375 voluero
3324 2320 3515 2391 digno-

1927 2424 2103 2475 scere,
2146 2410 2378 2482 undique
2406 2421 2459 2467 te
2490 2412 2703 2469 invenio
2732 2427 2762 2467 a
2788 2414 3071 2469 contrariis
3093 2413 3356 2486 dignosci.
3401 2414 3458 2471 Si
3484 2430 3514 2469 a

1928 2514 2048 2556 loco
2072 2502 2162 2571 qui
2191 2502 2266 2557 sis
2294 2503 2453 2558 velim
2492 2503 2732 2560 ediscere
2751 2545 2765 2569 ,
2798 2504 2853 2559 in
2879 2505 3023 2559 circo
3049 2514 3101 2561 te
3123 2545 3140 2571 ,
3171 2505 3223 2560 in
3251 2506 3474 2561 theatris
3498 2545 3515 2569 ,

1927 2600 1983 2645 et
2025 2591 2220 2663 iniquis
2259 2594 2696 2664 occupationibus
2740 2594 2897 2650 video
2937 2594 3052 2650 dies
3080 2595 3412 2666 transigere,
3464 2595 3519 2651 in

1931 2681 2031 2737 fori
2059 2684 2286 2741 ctetibus
2313 2684 2677 2756 improborum
2701 2726 2716 2752 ,
2746 2686 2798 2740 in
2826 2695 3199 2757 corruptorum
3240 2686 3518 2743 hominum

1926 2776 2236 2842 consortio;
2262 2776 2308 2830 si
2332 2790 2364 2831 a
2388 2775 2569 2832 vultus
2605 2778 3011 2846 compositione,
3039 2776 3253 2834 assidue
3278 2786 3331 2834 te
3353 2794 3519 2835 cerno

1941 2871 2227 2926 cachinnis
2253 2870 2497 2925 deditum
2524 2884 2589 2925 ac
2615 2869 2962 2937 dissolutum,
2995 2873 3139 2928 haud
3166 2888 3326 2931 secus
3352 2888 3518 2944 quam

1944 2960 2279 3015 meretricem
2320 2960 2623 3030 procaciter
2674 2960 2912 3016 hiantem
2959 2970 3013 3016 et
3068 2961 3391 3017 dissolutam
3422 2978 3438 3028 ;
3468 2961 3518 3017 si

1943 3063 1977 3106 ι
2002 3052 2262 3113 vestibus,
2294 3051 2518 3121 perinde
2556 3059 2609 3107 te
2626 3053 2883 3106 amictum
2915 3052 3070 3107 video
3102 3061 3265 3123 atque
3294 3053 3489 3107 histrio
3516 3081 3523 3086 ι

1944 3156 2107 3207 nem;
2166 3142 2212 3195 si
2255 3157 2286 3196 a
2326 3142 2651 3205 clientibus,
2706 3143 2977 3212 parasitos
3044 3143 3412 3198 circumducis
3465 3152 3522 3198 et

1947 3232 2256 3299 adultores;
2287 3232 2331 3286 si
2367 3246 2396 3285 a
2427 3234 2633 3296 verbis,
2659 3233 2794 3295 tibi!
2843 3247 3034 3288 sanum
3056 3273 3072 3298 ,
3104 3232 3241 3287 nihil
3270 3248 3520 3289 necessa-

1947 3325 2113 3387 rium,
2141 3323 2275 3376 nihil
2316 3324 2380 3375 ad
2418 3323 2728 3377 institutum
2762 3324 2896 3399 vitae,
2929 3331 3176 3378 uestrum
3208 3324 3524 3379 concudens

1950 3413 2260 3484 loquentem
2292 3412 2491 3479 audio;
2525 3415 2570 3468 si
2603 3429 2634 3467 a
2673 3428 2881 3479 mensa,
2929 3412 3102 3484 major
3143 3414 3269 3469 uinc
3298 3429 3526 3469 accusa-

1951 3505 2118 3560 tionis
2151 3505 2378 3559 materia
2405 3506 2635 3561 orietur.

2001 3665 2055 3722 8.
2111 3665 2387 3723 Undenam
2439 3668 2641 3741 igitur,
2690 3684 2917 3741 quaeso,
2969 3680 3157 3743 potero
3202 3682 3254 3731 te
3302 3674 3515 3731 ﬁdelem

1927 3771 2259 3828 agnoscere,
2311 3774 2429 3815 cum
2475 3775 2634 3831 supra
2680 3762 2820 3818 dicta
2849 3765 3028 3820 omnia
3073 3768 3397 3822 contrarium
3426 3786 3518 3825 ar-

1926 3850 2130 3919 guant?
2156 3849 2224 3904 Et
2265 3850 2390 3919 quid
2438 3850 2561 3906 dico
2603 3850 2858 3909 ﬁdelem?
2894 3855 3076 3927 Neque
3113 3858 3254 3913 enim
3281 3859 3326 3914 si
3356 3859 3518 3916 homo

1925 3942 2002 3996 sis
2030 3956 2244 4011 possum
2282 3943 2557 3999 evidenter
2592 3961 2903 4018 agnoscere.
2934 3949 3068 4005 Nam
3097 3966 3217 4006 cum
3245 3953 3391 4008 calce
3418 3955 3521 4007 im-

1929 4042 2079 4103 petas
2107 4044 2163 4088 ut
2189 4034 2372 4090 asinus
2394 4077 2410 4103 ,
2439 4037 2656 4093 exsilias
2686 4048 2744 4094 ut
2769 4051 2986 4106 taurus,
3019 4043 3085 4096 ad
3116 4045 3368 4099 mulieres
3398 4044 3518 4101 hin-

1931 4125 2046 4178 nias
2075 4132 2133 4179 ut
2156 4140 2327 4196 equus
2346 4168 2361 4189 ,
2393 4129 2658 4184 veraciter
2686 4130 2813 4185 edas
2842 4140 2900 4186 ut
2928 4147 3084 4187 ursus
3107 4175 3123 4199 ,
3161 4149 3375 4189 carnem
3411 4138 3515 4189 im-

1922 4216 2182 4286 pinguare
2206 4218 2423 4274 studeas
2463 4230 2519 4274 ut
2542 4223 2718 4276 mulus
2742 4264 2757 4287 ,
2791 4224 3099 4294 injuriarum
3125 4242 3331 4283 memor
3358 4228 3432 4282 sis
3459 4238 3517 4283 ut

1926 4308 2183 4375 camelos,
2211 4309 2392 4380 rapias
2422 4320 2479 4366 ut
2500 4312 2654 4383 lupus
2678 4355 2692 4376 ,
2720 4314 2969 4371 irascaris
2996 4326 3054 4371 ut
3077 4332 3322 4388 serpens,
3355 4318 3516 4375 ferias

1927 4408 1986 4454 ut
2015 4400 2246 4471 scorpio,
2279 4402 2575 4473 vcrsipellis
2603 4403 2677 4459 sis
2707 4415 2764 4460 ut
2793 4407 2998 4477 vulpes,
3026 4406 3175 4463 virus
3221 4410 3514 4481 iniquitatis

1926 4505 2110 4546 serves
2136 4500 2195 4546 ut
2234 4492 2376 4563 aspis
2413 4502 2470 4549 et
2513 4496 2729 4565 vipera,
2774 4496 3030 4555 adversus
3077 4501 3269 4557 fratres
3315 4501 3515 4558 bellum

1923 4594 2101 4654 geras,
2158 4590 2216 4638 ut
2254 4584 2486 4640 crudelis
2505 4586 2594 4641 ille
2623 4587 2835 4644 daemon
2874 4607 2887 4645 :
2934 4592 3203 4661 quomodo
3244 4601 3298 4647 te
3328 4604 3515 4664 potero

1934 4681 2077 4724 inter
2115 4672 2359 4727 homines
2403 4688 2799 4741 annumerare,
2848 4691 2970 4731 cum
3022 4677 3267 4732 humana:
3312 4690 3518 4736 naturae

1930 4761 2267 4818 characteres
2313 4764 2365 4817 in
2407 4773 2459 4819 te
2489 4780 2595 4821 non
2633 4767 2883 4824 videam?
2923 4769 3235 4835 Quzerebam
3264 4771 3519 4829 differen~
3601 4817 3607 4824 .

1933 4853 2058 4908 tiam
2107 4854 2551 4910 catechumenum
2591 4856 2731 4913 inter
2761 4865 2817 4912 et
2858 4858 3070 4915 ﬁdelem
3094 4902 3108 4926 ,
3140 4870 3195 4916 et
3222 4862 3517 4932 periculum

1928 4956 2009 5000 est
2051 4961 2119 5002 ne
2160 4946 2401 5002 invenire
2436 4964 2696 5019 nequeam
2737 4950 2909 5005 virum
2942 4952 3081 5007 inter
3106 4962 3156 5007 et
3200 4953 3365 5009 feram
3395 4956 3510 5010 dis-

1923 5035 2147 5091 crimen.
2190 5037 2392 5107 Ecquid
2433 5048 2485 5093 te
2532 5039 2705 5095 dicam
2734 5041 2890 5096 esse?
2915 5041 3138 5097 Feram?
3164 5045 3232 5098 At
3256 5043 3383 5099 ferte
3409 5062 3515 5101 uno

1925 5135 2132 5183 tantum
2161 5130 2290 5184 vitio
2318 5139 2612 5187 tenentur:
2660 5141 2714 5187 tu
2768 5150 2897 5189 vero
2939 5136 3029 5205 qui
3068 5135 3243 5190 omnia
3287 5137 3518 5193 circum.
3610 5202 3613 5205 δ

1917 5227 2029 5273 ters
2061 5218 2182 5273 vitia
2215 5262 2229 5287 ,
2257 5221 2413 5293 longe
2440 5224 2608 5293 magis
2637 5240 2797 5295 quam
2824 5227 2927 5281 illae
2955 5227 3176 5283 rationis
3200 5243 3259 5283 es
3297 5244 3510 5297 expers.

1922 5306 2029 5363 Sed
2054 5308 2351 5367 daemonem
2400 5323 2451 5368 te
2479 5315 2721 5370 vocabo?
2746 5317 2905 5387 Atqui
2929 5316 3141 5373 daemon
3180 5334 3350 5389 neque
3381 5335 3512 5374 ven-

1922 5399 2020 5454 tris
2047 5403 2313 5473 tyrannidi
2340 5406 2584 5460 subditus
2613 5417 2715 5474 est,
2742 5423 2915 5478 neque
2936 5408 3148 5465 divitias
3179 5421 3342 5465 amat.
3376 5412 3511 5468 Cum

1922 5508 2051 5563 ergo
2069 5495 2216 5563 plura
2240 5494 2389 5564 vitia,
2413 5512 2570 5567 quam
2599 5498 2727 5554 ferae
2756 5508 2809 5555 et
2835 5500 3106 5556 dmmones
3130 5501 3350 5569 habeas,
3374 5520 3511 5574 quo-

1923 5585 2105 5653 modo,
2147 5601 2351 5657 quaeso,
2398 5598 2452 5645 te
2490 5589 2761 5647 hominem
2802 5592 3153 5648 vocabimus?
3200 5595 3244 5649 si
3276 5611 3403 5650 vero
3458 5606 3511 5652 te

1922 5676 2193 5736 hominem
2223 5696 2416 5740 vocare
2442 5697 2548 5740 non
2594 5682 2759 5757 licet,
2788 5685 3055 5759 quomodo
3082 5686 3293 5745 ﬁdelem
3325 5689 3508 5760 appel-
