4078 6372
556 365 626 422 49
1280 381 1337 434 S.
1379 381 1668 440 JOANNIS
1705 373 2190 446 CllRYSOSTOMl
2228 393 2546 450 ARCHIEP.
2587 395 3133 454 CONSTANTINOP.

561 476 820 534 labimus?
847 480 998 550 Quod
1027 492 1203 540 autem
1243 487 1479 544 deterius
1507 502 1589 546 est
1615 534 1630 559 ,
1660 507 1784 548 cum
1810 495 1878 548 ita
1908 497 2045 551 male
2070 512 2142 550 sn-

558 581 677 623 mus
703 571 895 638 affecti,
931 592 995 629 ue
1022 579 1318 646 Cogitamus
1347 582 1561 650 quidem
1591 585 1783 641 anima:
1813 598 2011 643 nostrae
2047 589 2144 645 de-

554 657 921 730 formitatem,
971 681 1146 738 neque
1199 671 1316 740 ejus
1372 673 1666 731 fteditatem
1714 679 1982 736 novimus.
2037 680 2144 738 Sed

554 751 690 819 apud
721 761 996 811 tonsorem
1036 759 1232 816 sedens
1259 803 1274 828 ,
1319 774 1526 820 comam
1550 766 1848 824 detonderis
1870 813 1886 837 ,
1932 785 2145 845 arrepto

556 845 777 911 speculo
807 851 1082 905 caesariem
1113 856 1442 922 consideras,
1476 870 1530 912 et
1557 860 1831 917 adstantes
1861 864 2144 936 ipsumque

503 973 507 976 .
552 943 824 992 tonsorem
855 939 1179 1013 interrogas,
1223 963 1349 1002 num
1377 953 1568 1005 ornate
1591 952 1820 1008 frontem
1849 959 2144 1012 concinna-

552 1027 686 1082 verit
717 1047 731 1083 :
763 1046 826 1084 ac
851 1047 994 1101 smpe
1018 1075 1033 1101 ,
1063 1051 1229 1092 senex
1255 1053 1376 1094 cum
1420 1043 1495 1096 sis
1518 1084 1533 1109 ,
1567 1059 1671 1099 non
1703 1048 1903 1101 vereris
1926 1048 2144 1117 juveni-

549 1119 686 1176 libus
727 1124 916 1179 studiis
945 1126 1180 1185 insanire
1218 1149 1231 1185 :
1275 1133 1506 1188 animam
1549 1151 1680 1193 vero
1719 1139 1958 1194 ‘noSIram
1985 1183 1999 1205 ,
2033 1159 2138 1200 non

550 1215 710 1268 modo
736 1215 1051 1284 deformem,
1079 1221 1174 1277 sed
1205 1224 1363 1279 etiam
1389 1225 1569 1283 ferinae
1601 1228 1786 1286 forma:
1806 1248 1948 1298 esse,
1973 1236 2141 1291 instar

548 1303 739 1377 Scylla:
765 1318 820 1364 ct
847 1310 1131 1370 Chimaerae
1159 1358 1175 1383 ,
1202 1333 1320 1388 qua:
1351 1321 1402 1375 in
1435 1311 1609 1378 fabula
1637 1324 1900 1395 feruntur,
1941 1345 2010 1385 ne
2039 1330 2140 1385 mi-

547 1397 750 1454 nimum
779 1404 994 1471 quidem
1020 1408 1281 1476 sentimus
1307 1431 1320 1467 :
1353 1429 1670 1486 quamquam
1709 1428 1886 1474 tamen
1917 1421 2002 1477 hic
2025 1423 2138 1492 spi-

544 1486 734 1546 rituale
773 1495 1048 1562 speculum
1094 1499 1385 1560 habeamus
1426 1505 1582 1578 longe
1621 1510 1813 1566 melius
1856 1520 1910 1568 et
1957 1486 2137 1569 utilius

543 1579 658 1636 illo.
702 1583 818 1639 Non
862 1585 1023 1643 modo
1071 1594 1214 1648 enim
1257 1595 1648 1657 deformitatem
1697 1604 1996 1672 monstrat,
2037 1607 2134 1662 sed

542 1675 703 1729 etiam
731 1687 900 1766 mutat
925 1679 1068 1737 illam
1099 1684 1153 1739 in
1189 1688 1637 1756 pulchritudinem
1684 1695 1998 1754 immensam
2023 1739 2039 1766 ,
2084 1698 2132 1755 si

536 1759 762 1836 quidem
785 1772 1030 1830 velimus.

617 1962 728 2019 Vna
755 1963 1043 2020 sanctorum
1065 1967 1534 2036 speculum—[ioc
1556 1984 1715 2040 porro
1742 1973 2016 2042 speculum
2037 1985 2116 2034 est

530 2057 818 2126 proborum
845 2058 1085 2112 virorum
1117 2059 1396 2127 memoria,
1429 2075 1636 2117 necnon
1661 2063 1832 2120 beatae
1885 2066 2119 2136 ipsorum

530 2147 652 2201 vita:
681 2147 898 2203 historia
923 2191 938 2214 ,
967 2148 1358 2219 Scripturarum
1387 2153 1573 2218 lectio,
1601 2155 1742 2225 leges
1768 2171 1795 2209 a
1823 2157 1933 2212 Deo
1960 2158 2116 2214 data.

532 2237 587 2291 Si
637 2238 718 2293 vel
743 2239 910 2293 semel
941 2240 1174 2295 volueris
1218 2241 1536 2297 Sanctorum
1585 2245 1839 2316 imagines
1877 2259 2121 2306 contem-

535 2329 664 2398 plari
695 2370 709 2393 ,
751 2329 1146 2386 deformitatem
1173 2333 1365 2386 animae
1401 2343 1504 2387 tu:e
1547 2336 1750 2391 videbis
1779 2353 1793 2392 ε
1825 2341 1926 2408 qua
1955 2343 2123 2397 semel

532 2431 840 2491 conspecta,
873 2422 1018 2477 nullo
1043 2423 1150 2477 alio
1176 2425 1354 2494 egebis
1381 2433 1439 2479 ut
1465 2425 1535 2480 ab
1559 2427 1658 2482 hac
1683 2425 2007 2500 turpitudine
2053 2434 2123 2487 li—

533 2513 762 2569 bereris.
810 2513 890 2568 Ad
922 2514 1024 2569 hec
1065 2515 1206 2570 enim
1236 2515 1365 2570 utile
1401 2516 1561 2571 nobis
1589 2527 1671 2572 est
1698 2518 1799 2574 hoc
1825 2523 2119 2591 speculum,

534 2607 848 2677 facilemque
872 2607 1025 2662 nobis
1055 2605 1227 2662 reddit
1256 2603 1392 2663 hanc
1432 2611 1802 2668 mutationem.
1831 2613 1996 2669 Nemo
2027 2616 2124 2670 ita-

534 2715 637 2769 que
667 2699 716 2752 in
768 2700 1044 2755 brutorum
1092 2701 1260 2755 form‘a
1294 2711 1523 2758 maneat.
1569 2703 1624 2760 Si
1665 2706 1807 2760 enim
1837 2722 2022 2763 servus
2067 2712 2122 2766 in

532 2791 748 2845 domum
785 2792 949 2862 patris
978 2807 1083 2846 non
1113 2793 1274 2847 intrat
1296 2835 1311 2860 ,
1343 2809 1465 2848 cum
1493 2795 1617 2872 fera:
1644 2796 1865 2852 formam
1900 2793 2120 2869 habeas,

532 2881 803 2952 quomodo
834 2891 887 2936 tu
917 2883 969 2936 in
998 2883 1176 2937 limina
1205 2872 1294 2939 illa
1325 2885 1528 2956 ingredi
1557 2889 2018 2960 poteris?'Ecquid
2053 2894 2122 2947 fe-

533 2989 646 3028 ram
678 2973 836 3029 dico?
865 2974 998 3030 Fera
1028 2975 1169 3030 enim
1211 2975 1450 3034 deterior
1474 2991 1556 3034 est
1587 2978 1892 3050 hujusmodi
1937 2983 2118 3039 homo.

535 3065 685 3120 Ferte
712 3067 852 3121 enim
883 3067 980 3121 etsi
1030 3076 1215 3122 natura
1243 3082 1336 3123 sua
1370 3071 1574 3126 feroces
1605 3073 1731 3140 sint,
1761 3073 1990 3130 humana
2039 3087 2121 3131 ta-

535 3173 654 3214 men
682 3169 796 3214 arte
835 3173 977 3228 saepe
1020 3170 1400 3216 mansuescunt
1442 3180 1453 3214 :
1505 3174 1557 3216 tu
1605 3163 1734 3220 vero
1777 3167 1866 3235 qui
1907 3167 2120 3226 illarum

532 3251 829 3306 naturalem
860 3252 1122 3307 feritatem
1164 3253 1215 3306 in
1243 3255 1725 3320 mansuetudinem,
1768 3274 1887 3326 qua:
1937 3273 2124 3316 contra

535 3351 778 3397 naturam
801 3339 983 3398 earum
1015 3352 1116 3411 est,
1139 3352 1489 3412 transmutas,
1520 3362 1678 3416 quam
1710 3347 1932 3408 habebis
1957 3353 2118 3407 excu-

531 3434 813 3502 sationem,
843 3435 932 3506 qui
955 3435 1435 3503 mansuetudinem,
1463 3453 1618 3508 quam
1637 3456 1702 3497 cx
1723 3454 1906 3499 natura
1936 3442 2120 3512 habes,

533 3528 586 3582 in
609 3529 900 3593 feritatem,
932 3544 1052 3598 qua:
1081 3539 1265 3584 contra
1298 3539 1542 3586 naturam
1567 3542 1684 3602 est,
1731 3536 1998 3591 convertis
2025 3577 2038 3601 ,
2069 3549 2121 3594 et

532 3621 622 3690 qui
664 3620 803 3691 quod
849 3620 1021 3676 ferum
1064 3631 1179 3676 erat
1203 3622 1332 3676 mite
1370 3623 1622 3692 reddens,
1656 3629 1902 3697 teipsum,
1938 3639 2122 3685 natura

533 3713 716 3768 mitem
743 3754 758 3780 ,
785 3721 970 3767 contra
1002 3722 1243 3768 naturam
1274 3713 1508 3772 ferocem
1536 3719 1858 3776 constituisti
1888 3740 1900 3774 :
1931 3737 1992 3777 ac
2031 3723 2122 3792 qui

536 3804 743 3860 leonem
769 3805 976 3860 cicuras
997 3817 1440 3879 mansuetumque
1467 3810 1666 3877 reddis,
1696 3815 1933 3869 animum
1967 3825 2116 3872 tuum

535 3893 690 3950 leone
733 3894 1048 3954 ferociorem
1090 3899 1295 3956 efficis?
1348 3901 1556 3958 etiamsi
1595 3902 1701 3959 duo
1747 3906 1856 3961 illic
1898 3907 2122 3973 impedi-

535 3993 720 4040 menta
751 3983 956 4049 adsint,
996 3992 1053 4039 et
1082 3985 1228 4053 quod
1261 3983 1376 4038 fera
1407 3984 1494 4038 illa
1527 3985 1600 4040 sit
1628 3985 1856 4042 rationis
1886 4005 2103 4060 expers,

522 4080 584 4128 et
609 4071 756 4143 quod
780 4070 1030 4126 omnium
1061 4073 1132 4127 sit
1157 4071 1516 4126 ferocissima.
1549 4072 1801 4129 Attamen
1828 4075 1880 4129 vi
1917 4076 2106 4133 indita:

527 4163 627 4218 tibi
671 4181 702 4219 a
749 4163 860 4218 Deo
905 4161 1208 4232 sapientiae,
1259 4173 1511 4218 naturam
1560 4165 1733 4235 ipsam
1779 4166 1975 4222 vincis.
2020 4170 2103 4224 Tu

523 4255 695 4326 igitur
733 4255 828 4325 qui
867 4255 1106 4309 ferarum
1148 4257 1399 4309 naturam
1441 4257 1638 4323 vincis,
1687 4275 1788 4312 cur
1828 4259 1883 4313 in
1929 4261 2102 4330 teipso

523 4355 582 4401 et
613 4355 823 4401 naturze
853 4356 910 4401 et
951 4346 1251 4401 voluntatis
1291 4345 1494 4401 bonum
1534 4347 1759 4416 prodis?
1785 4349 1863 4404 Ac
1898 4350 1942 4404 si
1980 4351 2100 4419 qui-

524 4438 650 4493 dem
690 4446 745 4493 te
787 4437 954 4492 alium
999 4438 1282 4500 hominem
1327 4439 1513 4494 mitem
1559 4440 1792 4496 reddere
1825 4442 2098 4513 juberem,

524 4546 593 4585 ne
630 4531 712 4584 sic
744 4529 969 4599 quidem
1013 4529 1113 4585 tibi
1151 4547 1215 4585 ea
1251 4530 1513 4585 mandare
1548 4523 1791 4600 viderer,
1826 4550 1946 4604 qua:
1984 4535 2103 4590 fieri

523 4621 820 4691 nequirent
855 4638 868 4674 :
902 4625 1092 4690 posses
1123 4630 1304 4676 tamen
1341 4631 1400 4677 tu
1433 4623 1671 4694 objicere
1703 4633 1754 4679 te
1785 4641 1893 4678 non
1922 4625 2102 4680 domi-

525 4729 658 4769 num
685 4709 805 4770 eSse
833 4713 1132 4770 voluntatis
1156 4715 1404 4778 alterius,
1437 4731 1540 4772 nec
1568 4731 1736 4786 penes
1767 4725 1819 4772 te
1844 4716 1899 4774 id
1927 4726 2101 4772 totum

528 4821 670 4862 esse.
703 4805 863 4861 Nunc
897 4815 1081 4861 autem
1115 4807 1298 4862 bellua
1331 4815 1422 4862 tua
1451 4817 1554 4865 est.
1586 4809 1642 4862 in
1676 4817 1770 4863 tuo
1806 4809 1984 4878 posita
2015 4825 2103 4863 ar-

523 4899 710 4954 bitrio.

592 5086 645 5140 9.
688 5085 754 5141 Ιη
781 5087 910 5140 iram
939 5086 1208 5142 invehitur.
1247 5087 1472 5160 Sanguis
1495 5087 1683 5144 Christi
1720 5089 1917 5142 morbos
1946 5089 2103 5142 animi

518 5180 807 5250 exstinguit.
856 5177 1077 5245 Affectus
1115 5196 1232 5251 erga
1266 5190 1520 5235 creaturas
1554 5196 1772 5234 amorem
1795 5177 1978 5234 Christi
2004 5182 2102 5232 mi-

522 5272 727 5326 nuit.—
745 5270 914 5339 Quam
938 5286 1064 5342 ergo
1095 5270 1258 5326 habes
1283 5271 1670 5336 defensionem,
1699 5272 1823 5326 dum
1857 5280 2100 5326 naturam

520 5373 662 5418 tuam
681 5379 785 5419 non
813 5362 1045 5432 subigis?
1066 5379 1223 5433 quem
1243 5365 1597 5420 excusationis
1611 5366 1844 5420 colorem
1864 5364 2102 5436 proferre

521 5454 743 5523 poteris,
775 5454 901 5508 dum
933 5454 1142 5509 leonem
1168 5454 1218 5508 in
1251 5453 1519 5508 hominem
1545 5456 1830 5520 convertis,
1859 5466 2014 5526 teque
2035 5473 2097 5510 ex

525 5544 738 5601 homine
768 5546 975 5600 leonem
1003 5546 1199 5600 factum
1227 5545 1442 5609 videns,
1478 5546 1526 5602 id
1556 5563 1660 5602 non
1686 5562 1861 5614 curas,
1895 5563 1958 5602 ac
1974 5548 2099 5603 dum

519 5635 597 5692 illi
626 5653 720 5704 ea,
753 5653 872 5708 quae
903 5653 1063 5708 supra
1092 5646 1334 5693 naturam
1368 5637 1486 5709 ejus
1524 5648 1681 5705 sunt,
1719 5638 1958 5710 largiris,
2006 5641 2100 5696 tibi

521 5743 588 5784 ne
613 5744 678 5784 ea
707 5729 918 5800 quidem
947 5745 1150 5799 servas,
1178 5745 1298 5801 qutc
1323 5745 1393 5786 ex
1421 5738 1607 5786 natura
1634 5729 1820 5798 habes,
1851 5731 1943 5788 sed
1972 5731 2098 5788 dum

3761 409 3840 464 50

2252 512 2392 565 feras
2417 519 2654 581 agrestes
2691 510 2757 564 ad
2786 510 3114 565 nobilitatem
3146 519 3381 565 nostram
3411 511 3674 568 deducere
3700 529 3837 569 con-

2252 602 2428 657 tendis
2449 644 2465 668 ,
2500 602 2732 671 teipsum
2760 617 2826 657 ex
2867 602 3004 656 solio
3027 602 3173 672 regni
3195 601 3457 670 detrudis,
3479 607 3608 658 etin
3632 604 3839 658 bellua-
3877 640 3886 648 ν

2250 712 2368 751 rum
2411 695 2649 751 furorem
2690 695 2953 767 depellis?
2985 695 3169 766 Cogita
3211 708 3476 766 namque,
3527 697 3571 751 si
3618 697 3838 766 placet,

2249 788 2383 841 iram
2423 800 2546 843 esse
2566 786 2733 842 feram
2759 804 2771 840 :
2801 796 2856 842 et
2877 795 3128 857 quantam
3159 787 3247 840 alii
3270 787 3410 842 circa
3436 789 3621 843 leones
3649 803 3840 843 curam

2251 877 2600 947 impendunt,
2647 885 2848 932 tantam
2892 885 2947 932 et
2986 886 3043 931 tu
3088 876 3336 946 impende
3373 878 3513 932 circa
3561 879 3789 948 teipsum
3817 907 3836 942 -,

2246 975 2406 1036 atque
2443 969 2680 1022 animum
2723 977 2869 1021 tuum
2908 966 3092 1021 mitem
3136 975 3580 1038 mansuetumque
3623 968 3834 1024 redde:

2246 1073 2367 1112 nam
2397 1066 2450 1112 et
2494 1058 2585 1114 ille
2614 1059 2772 1113 smvis
2805 1057 3055 1112 dentibus
3078 1066 3132 1112 et
3156 1057 3368 1126 ungulis
3386 1057 3685 1112 instructus
3709 1068 3792 1114 est
3816 1099 3835 1124 ,

2243 1164 2306 1204 ac
2334 1150 2435 1204 nisi
2462 1151 2668 1205 cicures
2697 1149 2893 1219 ipsum,
2933 1149 3110 1203 omnia
3137 1148 3344 1218 perdet.
3367 1145 3550 1219 Neque
3577 1151 3720 1205 enim
3749 1151 3840 1205 leo

2247 1251 2302 1296 et
2329 1242 2512 1311 vipera
2541 1241 2620 1295 sic
2657 1241 2863 1295 viscera
2895 1240 3131 1295 lacerare
3165 1247 3422 1308 possunt,
3461 1249 3522 1294 ut
3555 1240 3668 1306 ira,
3712 1257 3839 1309 qua:

2244 1333 2454 1404 ungulis
2497 1331 2684 1388 ferreis
2738 1332 2952 1388 assidue
3001 1332 3186 1386 laniat.
3231 1329 3414 1401 Neque
3461 1347 3593 1387 vero
3633 1348 3838 1403 corpus

2243 1427 2446 1479 tantum
2487 1423 2800 1490 labefactat,
2829 1423 2926 1479 sed
2959 1432 3015 1479 et
3037 1423 3228 1478 anima:
3265 1423 3546 1479 sanitatem
3584 1440 3836 1480 corrum-

2243 1516 2336 1586 pit,
2358 1516 2462 1570 vim
2484 1516 2602 1586 ejus
2617 1531 2827 1571 omnem
2850 1516 3162 1580 eorrodens,
3182 1515 3464 1582 dilaniaus,
3494 1517 3832 1589 discerpens,

2241 1619 2297 1664 et
2323 1609 2389 1663 ad
2417 1611 2594 1663 omnia
2635 1609 2880 1665 inutilem
2907 1610 3157 1665 reddens.
3187 1610 3318 1665 Nam
3351 1611 3395 1665 si
3424 1611 3469 1666 is
3493 1613 3583 1682 qui
3612 1629 3834 1670 vermes

2241 1703 2295 1757 in
2329 1703 2622 1759 visceribus
2667 1705 2871 1769 nutrit,
2920 1719 2989 1759 ne
3030 1705 3296 1774 respirare
3339 1705 3554 1774 quidem
3599 1709 3832 1776 poterit,

2238 1797 2445 1851 cunctis
2487 1797 2628 1851 intus
2665 1795 2933 1865 corruptis
2969 1836 2984 1862 ,
3023 1794 3290 1866 quomodo
3325 1797 3485 1851 talem
3521 1801 3833 1868 serpentem

2241 1887 2523 1953 habentes,
2549 1887 2755 1942 viscera
2780 1886 2960 1942 omnia
2983 1885 3380 1955 oorrodentem,
3412 1887 3544 1943 iram
3567 1887 3708 1952 dico,
3735 1907 3834 1960 ge-

2237 1995 2491 2036 nerosum
2536 1983 2732 2053 aliquid
2781 1999 2972 2055 parere
3014 1991 3347 2056 poterimus?
3385 1993 3664 2061 Quomodo
3688 2009 3823 2064 ergo

2233 2072 2528 2142 poterimus
2567 2073 2635 2128 ab
2674 2074 2774 2129 hac
2812 2085 2960 2145 peste
2991 2077 3249 2134 liberari?
3281 2081 3337 2138 Si
3376 2084 3520 2138 illam
3546 2085 3818 2154 potionem

2231 2162 2497 2231 bibamus,
2525 2180 2643 2234 qua:
2671 2167 2839 2234 possit
2865 2169 3006 2223 intus
3035 2173 3238 2239 positas
3265 2189 3477 2229 vermes
3503 2181 3560 2230 et
3594 2191 3823 2246 serpen-

2233 2264 2312 2311 tes
2357 2260 2719 2327 exstinguere.
2765 2258 2944 2329 Ecqua
2994 2263 3141 2332 potio
3184 2265 3274 2320 illa
3319 2275 3420 2332 est,
3464 2265 3662 2336 inquis,
3694 2283 3820 2340 qua:

2231 2351 2432 2402 tantam
2483 2348 2586 2401 vim
2637 2348 2870 2404 habeat?
2917 2351 3190 2409 Pretiosus
3235 2357 3452 2426 sanguis
3492 2357 3714 2424 Christi,
3767 2361 3817 2416 si

2230 2451 2350 2492 cum
2381 2436 2572 2494 liducia
2600 2451 2840 2495 sumatur
2873 2461 2885 2496 :
2919 2445 3136 2499 morbos
3164 2445 3360 2518 quippe
3387 2463 3573 2504 omnes
3607 2449 3818 2505 exstin-

2229 2539 2392 2597 guere
2429 2527 2677 2599 poterit;
2734 2533 2856 2588 huic
2900 2534 3038 2590 adde
3079 2536 3378 2594 divinarum
3418 2540 3814 2611 Scriptor-arum

2228 2622 2440 2677 lectioni
2469 2625 2814 2680 attentionem
2835 2669 2852 2692 ,
2883 2627 3110 2699 buicque
3140 2630 3357 2701 adjicias
3381 2633 3812 2706 eleemosynam:

2228 2728 2326 2782 per
2369 2713 2486 2770 hinc
2541 2717 2737 2786 quippe
2780 2718 2959 2772 omnia
3014 2721 3286 2792 exstingui
3335 2733 3585 2793 poterunt
3638 2728 3814 2782 morbi

2227 2805 2460 2860 animam
2491 2805 2895 2863 labefactantes.
2924 2809 3177 2880 Tuncque
3199 2813 3371 2868 solum
3401 2815 3664 2883 vivemus,
3686 2831 3812 2872 cum

2222 2894 2335 2964 jam
2382 2910 2488 2950 non
2543 2897 2765 2952 meliore
2797 2899 3115 2955 conditione
3154 2903 3343 2971 simus,
3387 2917 3542 2976 quam
3569 2907 3763 2962 mortui
3794 2923 3811 2961 :

2228 3002 2348 3040 nam
2395 2987 2501 3042 illis
2542 2989 2878 3057 viventibus,
2913 3007 3012 3047 nos
3036 2993 3216 3048 vivere
3242 2996 3554 3067 nequimus,
3589 2999 3682 3055 sed
3711 3015 3813 3056 ne-

2225 3078 2460 3133 cessario
2501 3080 2758 3149 perimus.
2804 3081 2916 3136 Nisi
2953 3084 3094 3138 enim
3132 3084 3217 3140 hic
3261 3087 3381 3142 illos
3424 3089 3811 3156 occiderimtrs,

2227 3168 2337 3222 illic
2367 3181 2464 3224 nos
2503 3171 2724 3226 omnino
2755 3172 3072 3228 interﬁcient
3100 3193 3112 3229 :
3143 3176 3254 3231 imo
3277 3187 3331 3232 et
3355 3189 3478 3233 ante
3508 3188 3808 3236 estremum

2223 3259 2428 3315 obitum
2463 3261 2530 3317 de
2556 3262 2710 3317 nobis
2737 3263 2823 3317 hic
2853 3264 3106 3321 ultionem
3136 3278 3367 3324 sument.
3405 3271 3612 3326 Etenim
3641 3289 3812 3329 unus-

2220 3353 2444 3423 quisque
2476 3355 2694 3410 morbus
2737 3355 3134 3425 hujuscemodi,
3179 3361 3409 3416 crudelis
3440 3403 3456 3428 ,
3503 3366 3814 3434 tyrannicus

2220 3453 2277 3499 et
2301 3444 2614 3500 insatiabilis
2635 3455 2748 3514 est,
2781 3461 2880 3503 nec
2907 3462 3005 3504 nos
3042 3451 3278 3519 quotidie
3301 3454 3616 3510 corrodendi
3643 3456 3810 3513 finem

2221 3533 2349 3590 facit
2375 3552 2389 3588 ε
2420 3551 2540 3590 nam
2571 3536 2763 3592 dentes
2789 3538 3000 3594 leonum
3024 3543 3149 3595 sunt
3181 3541 3372 3599 dentes
3402 3545 3668 3615 ipsorum,
3693 3547 3805 3603 imo

2220 3627 2380 3681 etiam
2435 3628 2593 3698 longe
2643 3631 2918 3686 saaviores.
2965 3631 3075 3686 Leo
3125 3635 3324 3703 quippe
3369 3636 3459 3711 ubi
3512 3638 3809 3692 exsatiatus

2217 3719 2410 3786 fuerit,
2457 3737 2485 3773 a
2536 3723 2794 3779 cadavere
2837 3724 3065 3779 discedit
3103 3743 3116 3777 :
3152 3725 3204 3780 hi
3240 3743 3373 3782 vero
3425 3730 3596 3785 morbi
3641 3731 3807 3786 animi

2220 3827 2510 3882 numquam
2549 3815 2832 3880 satiantur,
2879 3831 3054 3886 neque
3088 3827 3330 3886 cessant,
3377 3804 3548 3877 donec
3589 3834 3807 3893 captum

2217 3903 2489 3960 hominem
2530 3902 2745 3961 diabolo
2789 3909 3088 3978 proximum
3125 3913 3433 3967 statuerint.
3456 3912 3624 3969 Tanta
3651 3917 3800 3972 enim

2215 3993 2426 4049 illorum
2454 3995 2534 4050 vis
2563 4004 2682 4063 est,
2733 4007 2794 4052 ut
2832 4013 2990 4068 quam
3031 4001 3341 4057 servitutem
3368 4001 3581 4060 Christo
3607 4003 3807 4062 Paulus

2214 4086 2476 4152 exhibuit,
2507 4087 2578 4140 ita
2600 4096 2658 4140 ut
2684 4099 2900 4157 propter
2925 4089 3073 4144 illitm
3101 4091 3152 4145 ei
3173 4092 3472 4162 gehennam
3500 4105 3553 4150 et
3578 4112 3804 4166 regnum

2217 4177 2558 4247 despiceret,
2605 4178 2849 4233 eamdem
2890 4179 3058 4250 ipsam
3099 4196 3128 4235 a
3168 4183 3389 4252 captivis
3422 4185 3534 4240 suis
3560 4188 3802 4258 exigant.

2213 4266 2344 4321 Nam
2376 4269 2490 4322 sive
2525 4267 2577 4320 in
2618 4282 2940 4337 corporum,
2981 4271 3095 4326 sive
3134 4273 3187 4326 in
3226 4273 3563 4344 divitiarum,
3605 4278 3718 4333 sive
3745 4279 3803 4334 in

2211 4358 2394 4428 gloria:
2432 4371 2668 4413 antorem
2713 4361 2831 4428 quis
2862 4361 3133 4426 inciderit,
3160 4372 3214 4418 et
3240 4365 3537 4435 gehennam
3567 4369 3800 4434 deridet,

2214 4455 2269 4502 et
2295 4463 2516 4518 regnum
2545 4452 2859 4513 contemnit,
2885 4461 2942 4505 ut
2967 4463 3140 4506 amata
3169 4470 3226 4508 re
3257 4456 3505 4524 potiatur.
3535 4457 3613 4513 Ne
3638 4459 3806 4530 igitur

2211 4539 2378 4594 Paulo
2406 4540 2565 4594 ﬁdem
2593 4553 2846 4611 negemus
2869 4543 3090 4608 dicenti,
3108 4559 3167 4599 se
3183 4543 3448 4601 Christum
3469 4548 3540 4602 ita
3562 4565 3798 4606 amasse.

2219 4628 2344 4686 Cum
2374 4633 2514 4686 cnim
2552 4633 2886 4688 inveniantur
2929 4634 3146 4703 quidam
3190 4635 3354 4690 animi
3396 4635 3673 4691 affectibus
3721 4639 3799 4694 ita

2215 4723 2540 4790 servientes,
2572 4738 2670 4778 cur
2695 4725 2819 4778 illud
2849 4725 3156 4780 incredibile
3184 4726 3339 4780 nobis
3377 4727 3656 4783 videatur?
3690 4730 3802 4783 Et—

2214 4815 2356 4869 enim
2385 4815 2503 4870 ideo
2527 4830 2677 4870 amor
2696 4831 2819 4886 erga
2839 4817 3108 4872 Christum
3138 4819 3400 4872 inﬁrmior
3417 4829 3520 4885 est,
3542 4821 3662 4888 quia
3687 4829 3798 4876 tota

2215 4906 2291 4959 vis
2319 4917 2499 4961 nostra
2524 4907 2574 4960 iu
2598 4908 2847 4962 vitiorum
2872 4923 3056 4963 amore
3075 4910 3406 4964 consumitur
3430 4919 3516 4964 :et
3534 4911 3795 4980 rapimus,

2212 5004 2266 5049 et
2295 4997 2534 5052 avaritize
2568 4997 2732 5052 dediti
2763 5012 2947 5052 sumus
2967 5040 2983 5064 ,
3015 5008 3069 5054 et
3103 5015 3255 5054 vana:
3281 5001 3464 5070 glorite
3490 5005 3752 5058 servimus
3772 5045 3792 5071 ,

2211 5101 2312 5154 qua
2343 5087 2468 5155 quid
2511 5089 2666 5144 vilius
2710 5089 2908 5145 fuerit?
2938 5092 3156 5148 Etiamsi
3195 5093 3336 5147 enim
3381 5094 3666 5150 admodum
3715 5097 3793 5151 sis

2209 5180 2558 5249 conspicuus,
2600 5181 2770 5237 nihilo
2809 5184 3000 5239 melior
3027 5185 3132 5240 eris
3175 5185 3242 5240 iis
3287 5187 3375 5256 qui
3405 5187 3600 5242 infimae
3629 5189 3795 5243 sortis

2209 5280 2366 5336 sunt;
2411 5271 2529 5330 imo.
2567 5271 2636 5327 ob
2675 5274 2778 5329 hoc
2817 5275 2989 5344 ipsum
3033 5276 3137 5332 illis
3165 5276 3384 5333 inferior
3409 5279 3536 5333 eris.
3563 5279 3792 5348 Quando

2207 5363 2346 5416 enim
2375 5362 2534 5418 iidem
2564 5365 2680 5433 ipsi,
2715 5367 2804 5435 qui
2833 5375 2883 5421 te
2901 5367 3189 5438 gloriosum
3217 5383 3280 5424 ac
3305 5371 3638 5440 splendidum
3659 5371 3788 5426 red-

2207 5452 2332 5507 dere
2374 5453 2623 5521 student,
2669 5455 2740 5510 ob
2770 5457 2873 5512 hoc
2899 5459 3073 5528 ipsum
3105 5468 3156 5515 te
3183 5459 3466 5527 derident,
3496 5463 3638 5532 quod
3666 5463 3787 5533 glo-

2205 5543 2336 5597 riam
2368 5545 2435 5599 ab
2463 5545 2590 5614 ipsis
2624 5547 2864 5616 requiras
2885 5589 2901 5615 ,
2941 5550 3208 5619 quomodo
3236 5566 3342 5606 non
3372 5552 3488 5608 hate
3513 5553 3779 5624 cupiditas

2207 5635 2297 5689 tibi
2325 5636 2377 5690 in
2397 5639 2722 5692 contrarium
2746 5643 3026 5697 vertetur?
3049 5642 3182 5699 Nam
3203 5643 3575 5717 illi,-quidquid
3592 5655 3773 5718 agant,

2205 5738 2540 5785 accusatores
2562 5729 2635 5784 tui
2658 5739 2801 5785 sunt.
2845 5751 2847 5754 ⁴
