4078 6372
222 369 293 424 ,ει
1391 358 1456 413 IN
1496 358 1907 420 ιιΑττιιιευιι
1971 358 2201 417 ιιοιιιι.
2243 358 2331 412 ιν.
2781 431 2786 436 ,
3424 373 3493 427 50

227 477 464 541 ἐκεῖνος·
501 478 618 544 πῶς
646 480 945 552 δυνήσομαί
981 499 1038 536 σε
1072 483 1212 554 μετά
1236 485 1346 538 τῶν
1365 487 1667 559 ἀνθρώπων
1687 493 1812 563 ἀρι-

226 567 409 634 θμεῖν,
439 569 538 640 οὐχ
589 570 731 641 ὁρῶν
778 573 836 624 ἐν
883 572 966 625 σοὶ
1010 574 1106 644 τῆς
1150 576 1404 642 τοιαύτης
1445 579 1659 648 φύσεως
1687 582 1811 644 τοὺς

186 658 188 660 ’
224 660 616 730 χαρακτῆρας;
647 663 1067 734 Κατηχουμένου
1089 665 1197 738 γάρ
1221 669 1314 720 καὶ
1335 669 1526 722 πιστοῦ
1549 671 1811 741 διαφορὰν

223 749 429 818 ζητῶν,
477 752 771 806 κινδυνεύω
829 755 964 824 μηδὲ
1011 757 1204 827 ἀνδρὸς
1254 759 1347 812 καὶ
1393 759 1582 830 θηρίου
1631 762 1810 833 εὑρεῖν

222 838 510 910 διαφοράν.
546 841 610 893 Τί
648 844 756 913 γάρ
790 863 848 898 σε
882 848 1050 913 simu;
1089 848 1317 920 Θηρίονς
1358 849 1516 904 Ἀλλά
1550 851 1617 906 τά
1646 851 1810 922 θηρία

223 929 309 980 ἑνὶ
338 929 546 983 τούτων
573 932 680 984 τῶν
713 935 1113 1006 ἐλαττωμάτων
1145 940 1435 1009 κατέχεται
1453 959 1466 972 ο
1497 943 1562 996 σὺ
1593 942 1649 996 δέ
1675 943 1808 1012 όμοῦ

223 1022 591 1090 συμφορήσας
615 1023 812 1090 πάντα,
841 1029 1171 1099 πορρωτέρω
1203 1031 1301 1099 τῆς
1335 1031 1556 1086 ἐκείνων
1586 1033 1809 1101 ἀλογίας

222 1110 449 1174 ὁδεύεις.
471 1113 632 1168 Ἀλλά
655 1116 886 1187 δαίμονά
907 1137 965 1172 σε
992 1121 1272 1190 προσείπω
1293 1125 1336 1154 ¹⁹
1359 1141 1374 1185 ;
1417 1123 1576 1180 Ἀλλά
1599 1126 1685 1178 δαί
1693 1137 1824 1195 μων⁴

222 1199 348 1253 οὗτε
373 1203 615 1273 γαστρὸς
635 1204 873 1260 δουλεύει
898 1209 1186 1279 τυραννίδι,
1217 1209 1340 1279 οῦτε
1363 1214 1660 1284 χρημάτων
1684 1217 1823 1288 ὲρᾷ.’

227 1295 400 1345 Ὅταν
453 1291 549 1348 οὖν
594 1298 688 1364 καὶ
733 1296 937 1368 θηρίων
991 1303 1086 1354 κα)⁸
1143 1301 1411 1373 δαιμόνων
1453 1297 1821 1378 ἐλαττώματα

223 1381 449 1436 πλείονα
477 1383 631 1456 ἔχῃς,
652 1385 766 1458 πῶς
790 1405 848 1439 σε
872 1388 1156 1460 ἄνθρωπον
1187 1392 1506 1464 καλέσομεν,
1535 1397 1656 1450 είπέ
1678 1415 1766 1468 μοι
1790 1415 1805 1464 ;

224 1473 290 1526 ΕΞ
319 1474 374 1526 δὲ
406 1474 694 1547 ἄνθρωπόν
746 1496 803 1532 σε
837 1482 935 1533 ούκ
981 1481 1126 1535 ἔστιν
1164 1485 1360 1551 είπεῖν,
1391 1487 1510 1551 πῶς
1548 1506 1607 1541 σε
1639 1507 1807 1560 προσ-

224 1564 462 1635 εροῦμεν
513 1567 731 1633 πιστόν;
767 1571 873 1622 Καὶ
907 1571 965 1622 τὸ
996 1571 1058 1642 δὴ
1107 1573 1505 1642 χαλεπώτερον,
1539 1577 1619 1629 ὅτι
1665 1577 1808 1632 οὕτω

223 1655 563 1726 διακείμενοι
589 1659 795 1724 κακῶς,
825 1661 943 1713 ούδέ
971 1664 1254 1734 ἐννοοῦμεν
1299 1667 1396 1736 τῆς
1438 1667 1615 1739 ψυχῆς
1651 1669 1808 1740 ἡμῶν

223 1747 321 1818 τὴν
353 1749 656 1820 ἀμορφίαν,
686 1751 806 1804 ούδέ
831 1754 1319 1827 καταμανθάνομεν
1347 1758 1517 1828 αὐτῆς
1541 1759 1601 1812 τὸ
1630 1760 1810 1814 δυσει-

221 1839 331 1904 δές.
351 1840 496 1894 Ἀλλ’
526 1843 582 1894 ἐν
613 1844 847 1914 κουρείῳ
878 1845 978 1914 μὲν
1013 1847 1337 1918 καθήμενος,
1371 1850 1465 1902 καὶ
1495 1850 1594 1922 τὴν
1637 1853 1811 1924 κόμην

222 1932 561 2002 ἀποκείρων,
591 1933 654 1986 τὸ
669 1935 713 1966 ³ο
743 1935 1049 2008 κάτοπτρον
1079 1937 1259 1992 λαϐὼν
1290 1945 1644 2011 περισκοπεῖς
1674 1945 1813 2014 μετά

224 2024 519 2093 ἀκριϐείας
545 2025 781 2096 τὴν-τῶν
832 2030 1033 2099 τριχῶν
1083 2031 1350 2095 σύνθεσιν,
1381 2034 1476 2088 καί⁸
1517 2036 1643 2099 τοὺς
1675 2047 1815 2108 παρέ

225 2114 470 2179 εστῶτας
497 2119 728 2189 ἐρωτᾷς,
762 2119 856 2172 καὶ
887 2122 977 2175 τὸν
1017 2123 1383 2195 ἀποκείραντα
1415 2128 1596 2192 αὐτὸν,
1626 2131 1674 2180 εἰ
1712 2147 1814 2183 κα-

224 2202 330 2267 λῶς
355 2205 432 2258 τὰ
460 2208 600 2278 πρὸς
642 2208 719 2280 τῷ
755 2211 993 2282 μετώπῳ
1027 2215 1289 2284 συνέθηκε
1313 2233 1326 2246 °
1373 2217 1468 2271 καὶ
1512 2219 1690 2290 γέρων
1738 2220 1814 2274 ὢν

226 2296 513 2362 πολλάκις,
541 2299 642 2353 οὐκ
683 2302 910 2374 αἰσχύνῃ
954 2309 1303 2376 νεωτερικαίς
1343 2311 1665 2378 φαντασίαις
1694 2313 1815 2370 ἐπι-

228 2387 595 2458 μαινόμενος·
641 2391 740 2462 τῆς
769 2393 825 2445 δέ
864 2392 1040 2464 ψυχῆς
1080 2397 1235 2466 ἡμῶν
1274 2399 1373 2454 οὐκ
1407 2401 1654 2472 ἀμόρφου
1701 2401 1813 2476 [62]

228 2479 412 2547 μόνον,
445 2481 585 2545 ἀλλά
617 2483 710 2548 καὶ
751 2484 1142 2556 θηριομόρφου,
1175 2490 1270 2542 καὶ
1314 2491 1554 2562 Σκύλλης
1603 2494 1748 2558 τινὸς
1780 2495 1812 2567 ἡ

226 2569 533 2640 Χιμαίρας,
564 2572 707 2624 κατά
753 2573 842 2626 τὸν
889 2574 993 2641 ἔξω
1032 2577 1218 2648 μῦθον,
1251 2583 1656 2654 γεγενημένης,
1697 2586 1815 2640 ούδέ

230 2659 428 2728 μικρὸν
453 2659 839 2733 αἰσθανόμεθα.
864 2665 1118 2736 Καίτοιγε
1146 2670 1239 2723 καὶ
1262 2672 1494 2726 ἐνταῦθα
1516 2675 1816 2747 κάτοπτρον

228 2749 343 2803 ἐστι
385 2754 780 2822 πνευματικὸν,
816 2758 910 2810 καὶ
926 2758 968 2790 ³¹
1000 2760 1180 2832 πολλῷ
1210 2761 1420 2832 βέλτιον
1466 2767 1674 2820 ἐκείνου
1723 2769 1815 2832 καὶ

227 2840 649 2914 χρησιμώτερον
665 2862 678 2876 -
697 2846 815 2900 οὐδὲ
835 2849 943 2922 γὰρ
963 2851 1310 2925 δείκνυσιτὴν
1334 2856 1609 2931 ἀμορφίαν
1635 2858 1814 2930 μόνον,

231 2933 368 2988 ἀλλὰ
400 2936 496 2989 καὶ
532 2940 883 3012 μετατίθησιν
914 2944 1083 3016 αὐτὴν
1119 2947 1254 3016 πρὸς
1285 2949 1479 3014 κάλλος
1509 2952 1812 3022 ἀμήχανον,

231 3024 298 3080 ἂν
328 3025 600 3099 θέλωμεν.

295 3125 471 3186 Τοῦτο
499 3128 567 3220 δέ,
591 3130 740 3184 ἐστιν
773 3135 806 3204 ἡ
846 3134 954 3190 τῶν
992 3131 1211 3206 ἀγαθῶν
1239 3136 1686 3220 ἀνδρῶεΐμνήμη,
1718 3151 1812 3204 καὶ

357 3219 638 3288 μακαρίας
668 3221 814 3293 ζωῆς
859 3225 1035 3280 αὐτῶν
1083 3229 1312 3299 ἱστορία,
1352 3233 1387 3302 ἡ
1433 3214 1540 3288 τῶν
1570 3214 1810 3307 ⁷Ϊ¹ριιφῶν

222 3303 556 3396 ἀνάγνωσις,
586 3311 638 3364 οί
665 3314 814 3382 παρά
867 3315 960 3368 τοῦ
1011 3317 1146 3371 Θεοῦ
1189 3319 1434 3387 δοθέντες
1481 3303 1655 3396 νόμοι.
1691 3303 1810 3383 Κάν

224 3393 500 3468 βουληθῇς
524 3399 671 3468 ἅπαξ
699 3404 857 3472 μόνον
890 3406 1016 3460 ίδεῖν
1044 3410 1124 3472 είς
1147 3410 1246 3472 τάς
1266 3411 1375 3467 τῶν
1398 3393 1568 3482 ἁγίων
1589 3417 1810 3473 ἐκείνων

222 3483 462 3580 είκόνας,
495 3488 589 3540 καὶ
627 3489 689 3542 τὸ
721 3490 956 3558 δυσειδὲς
1000 3495 1121 3565 ὕψει
1161 3499 1260 3570 τῆς
1287 3501 1524 3568 διανοίας
1555 3506 1655 3576 τῆς
1688 3511 1806 3580 σῆς,

220 3575 313 3625 καὶ
342 3574 469 3628 ἰδὼν
505 3578 717 3644 οὐδενὸς
741 3581 906 3654 δεήσῃ
934 3584 1119 3640 λοιπὸν
1142 3589 1330 3661 ἐτέρου
1357 3595 1439 3657 είς
1467 3596 1527 3650 τὸ
1567 3574 1809 3653 ἀπαλλα-

219 3665 385 3734 γῆναι
426 3667 529 3738 τῆς
573 3672 928 3744 αίσχρότητος
961 3678 1182 3750 ταύτης.
1218 3683 1327 3737 Καὶ
1368 3685 1477 3756 γὰρ
1525 3690 1605 3751 είς
1652 3690 1808 3744 τοῦτο

219 3759 496 3855 χρήσιμον
531 3763 751 3855 ἡμῖντὸ
789 3769 1113 3841 κάτοπτρον,
1147 3774 1241 3826 καὶ
1290 3776 1478 3847 ῥᾳδίαν
1525 3784 1669 3834 ποιεῖ
1706 3783 1806 3855 τὴν

221 3848 533 3941 μετάθεσιν.
564 3854 770 3941 Μηδεὶς
797 3858 974 3912 τοίνυν
1008 3862 1066 3914 ἐν
1094 3865 1160 3933 τῇ
1201 3864 1310 3924 τῶν
1355 3867 1564 3936 ἀλόγων
1596 3848 1805 3941 μενέτω

454 3938 518 3991 EE
547 3940 653 4011 γὰρ
677 3946 704 3996 ό
730 3944 914 4011 δοῦλος
941 3951 1022 4013 είς
1047 3950 1145 4022 τὴν
1165 3954 1340 4008 οίκίαν
1357 3957 1450 4011 τοῦ
1474 3938 1684 4031 πατρὸς
1704 3964 1806 4019 οὐκ

216 4028 550 4126 είρέρχεται,
579 4033 705 4087 ὅταν
731 4038 890 4102 αὐτὸς
919 4042 1012 4094 καὶ
1047 4044 1232 4114 θηρίον
1262 4047 1415 4121 γένῃ,
1446 4051 1564 4121 πῶς
1591 4028 1802 4126 ’δυνήσῃ

217 4121 326 4216 “FW
371 4124 661 4194 προθύρων
709 4131 963 4199 ὲπιδῆναι
1013 4136 1264 4203 ἐκείνων;
1296 4141 1404 4194 Καὶ
1440 4141 1494 4194 τι
1531 4143 1674 4212 λέγω
1703 4121 1798 4216 an:

218 4214 368 4283 ρίονς
414 4217 618 4286 Θηρίου
667 4221 767 4291 μὲν
812 4226 1011 4290 παντὸς
1059 4229 1434 4303 χαλεπώτερος
1481 4237 1510 4287 ὀ
1561 4214 1798 4303 τοιοῦτός

217 4307 620 4400 ἐστινηἘκεῖνα
652 4313 751 4383 μὲν
779 4315 904 4385 γάρ,
924 4318 1100 4372 καίτοι
1122 4322 1262 4375 κατὰ
1284 4323 1444 4393 φύσιν
1466 4325 1592 4397 ὄντα
1608 4329 1794 4400 ἄγρια,

213 4399 564 4492 ἀνθρωπίνης
617 4405 999 4462 ἀπολαύσαντα
1051 4412 1268 4483 τέχνης,
1313 4415 1570 4482 πολλάκις
1613 4399 1799 4492 ἥμερα

212 4489 457 4555 γίνεται·
499 4495 564 4545 σὺ
610 4493 668 4546 δὲ
714 4498 742 4548 ό
791 4497 889 4568 τὴν
935 4500 1160 4556 ἐκείνων
1202 4503 1490 4574 θηριωδίαν
1526 4508 1626 4580 τὴν
1654 4489 1797 4566 κατά

213 4580 375 4646 φύσιν
423 4583 503 4645 εἰς
541 4584 640 4656 τὴν
693 4587 844 4655 παρὰ
890 4589 1050 4657 φύσιν
1099 4594 1411 4667 ἡμερότητα
1453 4598 1791 4669 μεταϐαλὼν,

213 4672 372 4726 ποίαν
416 4673 564 4738 ἔξεις
607 4678 920 4747 ἀπολογίαν,
954 4683 1053 4754 τὴν
1097 4688 1324 4741 σεαυτοῦ
1374 4691 1655 4763 πραότητα
1695 4695 1796 4766 τὴν

213 4763 353 4815 κατά
379 4763 542 4830 φύσιν
574 4768 653 4829 εἰς
680 4767 778 4838 τὴν
799 4771 948 4840 παρά
969 4775 1128 4841 φύσιν
1161 4774 1453 4846 θηριωδίαν
1473 4763 1760 4850 ἐξαγαγών
1775 4801 1790 4850 ;

214 4855 306 4905 καὶ
348 4856 410 4907 τὸ
448 4856 549 4926 μὲν
590 4856 780 4928 ἄγριον
822 4861 980 4930 φύσει
1013 4863 1225 4929 δεικνὺς
1252 4867 1478 4938 ἥμερον,
1516 4873 1706 4927 σαυτὸν
1736 4875 1794 4928 δὲ

213 4945 301 4996 τὸν
340 4947 555 5018 ἥμερον
607 4949 784 5017 φύσει,
820 4953 969 5024 παρὰ
1016 4956 1176 5025 φύσιν
1234 4959 1425 5030 ἄγριον
1473 4963 1656 5030 ίστάς;
1701 4967 1795 5019 καὶ

214 5033 399 5088 λέοντα
450 5036 551 5106 μὲν
592 5039 928 5096 τιθασσεύων
980 5046 1073 5098 καὶ
1119 5049 1372 5122 χειροήθη
1407 5053 1592 5119 ποιῶν,
1619 5055 1708 5108 τὸν
1738 5056 1794 5111 δὲ

215 5123 382 5194 θυμὸν
436 5127 529 5180 τὸν
572 5129 666 5181 σὺν
715 5130 929 5198 λέοντος
973 5137 1307 5210 ἀγριώτερον
1333 5145 1791 5214 κατασκευάζων;

213 5217 404 5270 Καίτοι
435 5218 528 5272 δύο
554 5223 671 5274 ἐκεῖ
696 5225 763 5276 τά
796 5226 1112 5298 κωλύματα,
1146 5233 1240 5285 καὶ
1263 5234 1324 5287 τὸ
1350 5235 1609 5310 λογισμοῦ
1643 5241 1796 5293 ἐστε-

219 5308 414 5378 ρῆσθαι
455 5311 517 5364 τὸ
553 5311 761 5386 θηρίον,
798 5319 891 5371 καὶ
936 5320 996 5373 τὸ
1043 5323 1259 5380 πάντων
1288 5323 1424 5382 εἶναι
1456 5308 1792 5400 θυμωδέστεο

216 5419 339 5472 ρον·
373 5402 490 5456 ἀλλ’
518 5405 666 5474 ὅμως
691 5411 757 5478 τῇ
793 5413 1081 5484 περιουσίᾳ
1101 5415 1199 5485 τῆς
1232 5418 1382 5489 παρά
1421 5421 1513 5474 τοῦ
1542 5422 1674 5476 Θεοῦ
1703 5424 1789 5477 δο-

1923 482 2060 553 μετά
2084 484 2184 552 τῆς
2209 483 2419 556 φύσεως
2451 484 2545 538 καὶ
2585 483 2644 538 τὺ
2689 485 2786 555 τῆς
2831 461 3198 554 προαιρεσεως
3231 480 3490 559 προδίδως

1915 573 2118 638 καλόν;
2145 574 2254 627 Καὶ
2288 575 2336 626 εί
2374 573 2472 643 μὲν
2500 573 2656 627 ἀλλον
2685 573 2934 626 ἐκέλευον
2956 573 3240 644 ἄνθρωπον
3274 573 3497 643 ποιῆσαι.

1917 665 2114 735 πρᾶον,
2146 664 2266 717 οὑδὲ
2289 663 2430 717 οὕτω
2455 662 2572 736 [63]
2606 665 2702 734 μὲν
2736 663 2972 718 ἀδύνατα
3000 663 3065 717 ἂν
3090 664 3242 729 ἔδοξα
3271 665 3496 718 ἐπιτάτο

1915 773 2062 810 τειψ
2096 756 2236 828 πλὴν
2279 756 2392 808 ἀλλ’
2428 757 2554 825 ἐνῆν
2597 771 2679 808 σοι
2713 755 3078 826 προϐαλέσθαι
3104 756 3164 809 τὸ
3207 755 3280 827 μὴ
3310 759 3513 829 κύριον-

1917 843 2057 904 εἷναι
2092 849 2190 918 τῆς
2230 848 2419 918 ἐτέρου
2449 847 2694 918 γνώμης,
2749 849 2881 920 μηδὲ
2930 849 3022 902 ἐπὶ
3069 849 3151 901 σοὶ
3192 849 3401 902 κεῖσθαι
3435 850 3516 903 τὺε

1915 942 2045 994 πᾶν.
2079 939 2214 993 Νυνὶ
2256 939 2313 993 δὲ
2359 940 2420 992 τὸ
2462 941 2659 995 σαυτοῦ
2694 940 2900 1013 θηρίον,
2935 941 3029 995 καὶ
3063 935 3124 994 οῦ
3159 942 3375 1005 πάντως
3401 941 3498 995 κύ·
3563 989 3571 1005 ,

1920 1047 2032 1102 ριης
2054 1019 2132 1084 εἴ.

1988 1123 2054 1177 0'.
2075 1123 2206 1176 Τίνα
2225 1117 2317 1176 οῦν
2333 1123 2474 1194 ἔχεις
2503 1124 2796 1193 ἀπολογίαν
2815 1125 2881 1190 ³³,
2896 1126 3053 1179 ποίαν
3073 1126 3120 1158 ³⁸
3146 1125 3200 1179 δὲ
3225 1126 3516 1196 πρόφασιν-

1915 1215 2269 1287 εὑπρόσωπον
2309 1215 2675 1286 προϐαλέσθαι
2707 1215 2932 1288 δυνήσῃ,
2964 1216 3152 1270 λέοντα
3194 1217 3292 1286 μὲν
3327 1217 3519 1288 ποιῶν-

1914 1310 2220 1381 ἀνθρωπον,
2255 1311 2448 1363 σαυτὸν
2484 1311 2540 1363 δέ
2581 1311 2849 1382 περιορῶν
2873 1311 2929 1378 ἐξ
2961 1311 3245 1383 ἀνθρώπου
3279 1312 3496 1382 γινόμε-

1914 1420 2002 1456 νον
2027 1402 2217 1455 λέοντα
2241 1421 2254 1467 ;
2281 1403 2517 1470 κάκείνῳ
2543 1403 2639 1471 μὲν
2663 1403 2730 1455 τὰ
2756 1403 2894 1474 ὑπὲρ
2921 1403 3081 1470 φύσιν
3115 1403 3512 1474 χαριζόμενος,

1917 1491 2097 1563 σαυτῷ
2130 1492 2185 1545 δέ
2212 1494 2329 1546 οῦδέ
2358 1494 2425 1546 τὰ
2453 1495 2592 1548 κατὰ
2624 1494 2783 1563 φύσιν
2807 1495 3021 1564 τηρῶν;
3049 1495 3180 1548 ἀλλὰ
3223 1497 3348 1559 τοὺς
3395 1496 3505 1565 μένι

1918 1584 2137 1654 ἀγρίους
2155 1584 2326 1656 θῆρας
2354 1587 2431 1648 είς
2449 1586 2548 1656 τὴν
2573 1588 2848 1657 ἡμετέραν
2873 1586 3189 1656 φιλονεικῶν
3208 1587 3430 1655 ἀνάγειν
3445 1587 3491 1619 ³⁵

1913 1675 2208 1743 εὐγένειαν,
2245 1676 2439 1730 σαυτὸν
2476 1676 2529 1729 δὲ
2576 1677 2684 1729 ἀπὸ
2715 1677 2808 1730 τοῦ
2851 1677 3040 1748 θρόνου
3079 1679 3175 1748 τῆς
3218 1678 3494 1748 βασιλείας

1914 1766 2326 1836 καταστρέφων,
2358 1767 2452 1820 καὶ
2486 1769 2564 1830 είς
2590 1766 2688 1837 τὴν
2738 1767 2933 1838 μανίαν
2959 1767 3174 1833 ἐξωθῶν
3206 1767 3303 1839 τὴν
3347 1768 3490 1821 ἐκεί-

1913 1875 2049 1924 νων;
2083 1858 2319 1928 Νόμισον
2349 1859 2475 1928 γὰρ,
2508 1860 2555 1911 εἰ
2601 1857 2798 1928 βούλει,
2832 1859 2924 1912 καὶ
2962 1858 3054 1912 τὸν
3097 1859 3264 1929 θυμὸν
3309 1859 3504 1930 θηρίον-

1913 1947 2083 2002 είναι·
2132 1949 2227 2001 καὶ
2270 1949 2403 2019 ὅσην
2449 1948 2575 2018 περὶ
2594 1949 2638 1980 ⁸⁸
2675 1949 2889 2013 λέοντας
2920 1949 3114 2020 ἕτεροι,
3137 1950 3401 2022 τοσαύτην
3429 1952 3494 2004 σὺ

1915 2057 1978 2092 πε
1987 2041 2041 2112 ρί
2071 2041 2262 2094 σαυτὸν
2285 2039 2548 2106 ἐπίδειξαι
2577 2039 2674 2113 τὴν
2710 2040 2963 2112 σπουδὴν,
2992 2042 3084 2094 καὶ
3110 2042 3331 2111 ποίησον
3353 2043 3492 2114 ’ἦρ-ε’

1918 2149 2007 2202 ρον
2042 2133 2133 2186 καὶ
2161 2134 2332 2204 πρᾶον
2369 2127 2507 2184 εἶναι
2531 2132 2623 2184 τὸν
2662 2131 2900 2184 τοιοῦτον
2933 2133 3208 2203 λογισμόν.
3246 2132 3355 2186 Καὶ
3384 2133 3496 2204 γὰρ

1914 2221 2066 2288 οὗτος
2098 2226 2367 2297 χαλεποὺς
2397 2225 2613 2288 ὀδόντας
2637 2224 2747 2294 ἔχει
2774 2225 2866 2277 καὶ
2900 2225 3116 2294 ὄνυχας,
3149 2223 3249 2290 κᾶν
3273 2225 3346 2296 μὴ
3368 2227 3510 2296 ήμε--

1915 2315 2096 2387 ρώσῃς
2132 2315 2314 2376 αὑτὸν,
2346 2315 2525 2368 πάντα
2557 2314 2766 2367 ἀπολεῖ.
2793 2313 2924 2366 Οὐδὲ
2950 2313 3054 2384 γὰρ
3076 2312 3216 2367 οὕτω
3243 2313 3377 2366 λέων
3399 2316 3495 2368 καὶ

1915 2406 2027 2476 ἔχις
2059 2406 2126 2458 τὰ
2172 2405 2454 2475 σπλάγχνα
2498 2401 2862 2475 διασπαράξαι
2907 2403 3148 2468 δύναται,
3180 2404 3254 2468 ὡς
3301 2404 3490 2474 θυμὸς,

1916 2501 2025 2560 τοῖς
2057 2497 2293 2567 σιδηροῖς
2325 2495 2474 2561 ὄνυξι
2502 2495 2761 2568 διηνεκῶς
2791 2494 2948 2548 τοῦτο
2979 2497 3167 2548 ποιῶν.
3193 2496 3266 2548 Οὐ
3297 2497 3404 2568 γὰρ
3428 2498 3506 2566 δὴ,

1914 2589 1974 2644 τὸ
2011 2589 2173 2660 σῶμα
2196 2589 2512 2659 λυμαίνεται
2547 2589 2726 2661 μόνον,
2759 2587 2893 2642 ἀλλὰ
2922 2589 3015 2643 καὶ
3055 2589 3222 2660 αὐτὴν
3259 2589 3358 2659 τῆς
3387 2591 3490 2661 ψυ-

1915 2681 2014 2750 χῆς
2051 2681 2350 2752 διαφθείρει
2383 2679 2479 2750 τὴν
2520 2679 2750 2749 ὑγίειαν,
2786 2680 3106 2746 κατεσθίων,
3146 2684 3489 2752 σπαράττων,

1914 2769 2200 2834 διαξαίνων
2243 2771 2341 2840 τὴν
2371 2770 2599 2839 δύναμιν
2628 2769 2796 2841 αὐτῆς
2825 2770 3061 2834 ἀπασαν,
3095 2771 3189 2823 καὶ
3225 2771 3496 2842 ἄχρηστον

1915 2862 2050 2931 πρὸς
2085 2863 2262 2916 πάντα
2289 2863 2476 2926 τιθείς.
2508 2863 2569 2915 Εἰ
2601 2862 2706 2934 γὰρ
2737 2862 3024 2933 σκώληκάς
3058 2880 3142 2926 τις
3172 2865 3229 2916 ἐν
3262 2866 3372 2927 τοῖς
3404 2865 3494 2931 ἐγ-

1914 2955 2101 3018 κάτοις
2149 2955 2362 3025 τρέφων
2401 2953 2520 3006 ούδέ
2565 2954 2823 3006 ἀναπνεῖν
2871 2952 3492 3024 δυνήσεται,’πάντων³⁷

1913 3046 2019 3098 τῶν
2050 3044 2196 3097 ἔνδον
2222 3043 2370 3112 αύτῷ
2395 3041 2821 3112 δαπανωμένων,
2858 3040 2974 3104 πῶς
3003 3040 3123 3110 ὅφιν
3149 3042 3310 3111 ἡμεῖς
3343 3041 3492 3112 τηλι-

1915 3136 2104 3191 κοῦτον
2150 3135 2362 3206 ἔχοντες
2410 3133 2830 3205 κατατρώγοντα
2878 3133 3054 3186 πάντα
3093 3132 3161 3184 τὰ
3194 3132 3360 3196 ἔνδον,
3396 3132 3490 3184 τὸν

1915 3227 2084 3298 θυμὸν
2111 3226 2275 3294 λέγω,
2296 3226 2635 3296 δυνησόμεθά
2660 3243 2714 3278 τι
2740 3227 2982 3293 γενναῖον
3009 3226 3215 3289 τεκεῖν;
3247 3223 3370 3286 Πῶς
3397 3219 3490 3277 οὖν

1915 3319 2114 3390 ταύτης
2171 3317 2666 3388 ἀπαλλαγησόμεθα
2714 3317 2816 3387 τῆς
2863 3316 3074 3387 λύμης;
3129 3316 3228 3366 Ἂν
3279 3315 3491 3385 πίωμεν

1917 3414 2076 3468 ποτὸν
2107 3413 2378 3484 νεκρῶσαι
2414 3413 2710 3482 δυνάμενον
2745 3416 2870 3476 τοὺς
2902 3413 3047 3467 ἔνδον
3085 3415 3372 3484 σκώληκας
3403 3417 3498 3471 καὶ

1912 3504 2038 3562 τοὺς
2080 3501 2195 3575 [64]
2226 3503 2397 3580 ὄφεις.
2426 3506 2533 3557 Καὶ
2563 3507 2712 3558 ποῖον
2739 3505 2804 3558 ἂν
2831 3505 2914 3577 είη
2943 3505 3001 3558 τὸ
3027 3505 3205 3567 ποτὸν,
3242 3507 3397 3577 φησὶ,
3429 3506 3494 3560 τὸ

1911 3597 2010 3667 τὴν
2043 3597 2194 3666 ἰσχὺν
2223 3595 2425 3666 ταύτην
2457 3595 2578 3666 ἔχον
2604 3613 2618 3658 ;
2650 3596 2724 3648 Τὸ
2747 3596 2926 3666 τίμιον
2959 3590 3096 3669 αἷμα
3123 3595 3216 3649 τοῦ
3233 3597 3492 3668 Χριστοῦ,

1912 3689 1959 3740 εἰ
1988 3689 2125 3758 μετὰ
2161 3687 2469 3760 παρρησίας
2503 3687 2732 3758 ληφθείη
2752 3705 2764 3717 ’
2799 3689 2979 3741 πᾶσαν
2998 3688 3107 3761 γάρ
3129 3689 3283 3743 νόσον
3305 3689 3493 3743 σϐέσαι

1909 3780 2197 3850 δυνήσεται
2226 3779 2402 3844 τοῦτο,
2430 3781 2523 3834 καὶ
2554 3780 2692 3850 μετά
2717 3781 2907 3834 τούτου
2941 3782 3046 3834 τῶν
3075 3781 3232 3836 θείων
3259 3782 3493 3853 Γραφῶν

1910 3872 1942 3941 ἡ
1999 3873 2114 3941 μετ’
2181 3872 2466 3941 ἀκριϐείας
2521 3873 2820 3944 ἀκρόασις,
2871 3875 2966 3928 καὶ
3024 3874 3360 3946 ἐλεημοσύνη
3423 3878 3490 3947 τῇ

1909 3963 2168 4033 ἀκροάσει
2203 3963 2605 4035 προσγινομένη
2625 3982 2638 3995 ·
2671 3964 2760 4020 διὰ
2782 3965 2891 4037 γὰρ
2923 3965 3127 4020 τούτων
3161 3966 3375 4020 πάντων
3401 3967 3486 4020 δυ-

1909 4056 1972 4126 νή
1984 4073 2132 4108 σεται
2157 4057 2494 4128 νεκρωθῆναι
2515 4057 2581 4110 τά
2603 4056 2972 4128 λυμαινόμενα
3004 4057 3102 4128 τὴν
3133 4058 3309 4128 ψυχὴν
3329 4057 3488 4128 ἡμῶν

1908 4148 2077 4219 πάθη.
2116 4150 2225 4201 Καὶ
2262 4148 2382 4200 τότε
2416 4147 2691 4218 ζησόμεθα
2734 4149 2925 4218 μόνον·
2974 4148 3048 4212 ὡς
3088 4149 3181 4201 νῦν
3227 4166 3290 4216 γε.
3337 4149 3488 4202 οὐδὲν

1906 4241 2014 4294 τῶν
2060 4239 2368 4294 τεθνεώτων
2431 4242 2650 4309 ἄμεινον
2705 4241 3052 4311 διακείμεθα·
3105 4240 3332 4311 ἐπείπερ
3387 4242 3488 4294 οὐκ

1905 4334 2041 4397 ἔστι,
2088 4333 2300 4398 ζώντων
2344 4332 2587 4395 ἐκείνων,
2625 4333 2719 4386 καὶ
2769 4335 2914 4404 ἡμᾶς
2959 4331 3078 4405 ζῇν,
3128 4333 3241 4387 ἀλλ’
3269 4333 3480 4405 ἀνάγκη

1905 4427 2051 4496 ἡμᾶς
2101 4424 2416 4480 ἀπολέσθαι.
2461 4424 2636 4479 Κᾶν⁴¹⁸
2686 4426 2760 4496 μὴ
2814 4425 3105 4496 φθάσωμεν
3157 4426 3296 4479 αύτά
3345 4426 3484 4479 ἀπο-

1904 4517 2213 4581 κτείναντες
2243 4516 2475 4571 ἐνταῦθα
2492 4517 2558 4583 ³⁸,
2601 4518 2718 4570 ἐκεῖ
2746 4518 2961 4581 πάντως
2987 4519 3135 4589 ἡμᾶς
3163 4519 3450 4574 ἀποκτενεῖ
3468 4535 3482 4549 ⁸

1906 4607 2104 4676 μᾶλλον
2143 4607 2200 4660 δὲ
2242 4608 2333 4659 καὶ
2368 4607 2474 4677 πρὸ
2503 4608 2710 4660 ἐκείνου
2743 4608 2836 4662 τοῦ
2868 4607 3096 4662 θανάτου
3119 4608 3218 4680 τὴν
3248 4611 3484 4682 ἐσχάτην

1902 4697 2049 4766 ἡμᾶς
2065 4695 2108 4728 ⁸ο
2146 4697 2237 4749 καὶ
2263 4697 2494 4750 ἐνταῦθα
2543 4698 2832 4768 ἀπαιτήσει
2872 4697 3046 4769 δίκην.
3079 4700 3189 4751 Καὶ
3218 4700 3324 4770 γάρ
3355 4701 3484 4754 ’ἐκα-

1905 4805 2025 4841 στον
2056 4787 2160 4840 τῶν
2191 4789 2378 4842 παθῶν
2415 4789 2520 4842 τῶν
2547 4789 2822 4852 τοιούτων,
2854 4791 2947 4844 καί
2980 4790 3128 4860 ὠμὸν
3162 4792 3252 4844 καὶ
3283 4810 3482 4864 τυραν-

1903 4881 2049 4934 νικὸν
2103 4881 2196 4933 καὶ
2242 4883 2555 4953 ἀκόρεστον,
2584 4882 2678 4935 καὶ
2719 4881 2840 4936 καθ’
2865 4882 3101 4953 ἑκάστην
3129 4885 3276 4952 ἡμᾶς
3305 4883 3481 4937 ἐσθίον

1900 4972 1999 5042 τὴν
2033 4973 2245 5042 ἡμέραν
2270 4973 2524 5026 οὐδέποτε
2556 4974 2790 5027 ἵσταται.
2809 4973 3048 5036 Ὀδόντες
3071 4975 3178 5046 γάρ
3200 4975 3410 5039 λέοντος
3431 4978 3479 5030 cl

1899 5064 2109 5126 ὀδόντες
2153 5063 2330 5117 αὐτῶν
2352 5082 2364 5094 ⁸
2399 5064 2597 5134 μᾶλλον
2647 5064 2703 5117 δέ
2750 5066 2845 5118 καὶ
2873 5064 3052 5136 πολλῷ
3085 5065 3476 5138 χαλεπώτεροι.

1911 5153 1968 5205 ’0
2001 5152 2100 5223 μὲν
2149 5152 2256 5224 γάρ
2282 5153 2416 5206 λέων
2453 5153 2587 5223 ὁμοῦ
2613 5171 2670 5206 τε
2699 5155 2984 5228 ἐκορέσθη,
3022 5156 3116 5208 καὶ
3144 5155 3354 5226 ἀπέστη
3383 5153 3484 5208 τοῦ

1900 5245 2305 5316 παραπεσόντος
2326 5246 2368 5278 ⁸⁸
2406 5246 2556 5317 αὐτῷ
2608 5246 2891 5318 σώματος·
2927 5246 3097 5301 ταῦτα
3129 5247 3184 5300 δέ
3217 5249 3286 5300 τά
3330 5246 3482 5318 πάθη

1893 5334 2020 5390 οὔτε
2053 5338 2412 5407 ἐμπίπλαται,
2449 5339 2572 5393 οὔτε
2600 5340 2911 5408 ἀφίσταται,
2945 5340 3049 5403 ἔως
3081 5340 3146 5394 ἂν
3177 5341 3341 5409 ἐγγὺς
3382 5341 3476 5393 τοῦ

1897 5428 2141 5483 διαϐόλου
2179 5432 2352 5502 στήσῃ
2394 5431 2484 5484 τὸν
2514 5432 2707 5484 ἁλόντα
2738 5432 3041 5504 ἄνθρωπον.
3075 5432 3320 5502 Τοσαύτη
3365 5432 3473 5503 γὰρ

215 5492 403 5596 θείσης
427 5511 511 5596 σοι
538 5497 749 5596 σρφίας,
782 5502 878 5554 καὶ
905 5502 1006 5572 τῆς
1034 5505 1247 5573 φύσεως
1278 5515 1515 5581 κρατεῖς.
1531 5513 1591 5567 Ὀ
1616 5515 1792 5570 τοίνυν
1893 5523 2075 5580 αὐτῶν
2106 5527 2139 5596 ἡ
2175 5525 2422 5594 δύναμις,
2443 5524 2516 5589 ὼς
2540 5526 2638 5596 τὴν
2665 5525 2928 5591 δουλείαν,
2955 5527 3022 5596 ἣν
3049 5528 3076 5579 ό
3104 5524 3313 5588 Παῦλος
3345 5523 3474 5595 περὶ

214 5583 305 5636 ἐπὶ
345 5586 552 5656 θηρίων
568 5590 611 5620 ³²
641 5593 736 5643 καί¹
765 5593 866 5664 τὴν
901 5594 1061 5662 φύσιν
1088 5599 1280 5669 νικῶν,
1305 5602 1424 5668 πῶς
1470 5607 1562 5659 ἐπὶ
1595 5609 1790 5662 σαυτοῦ
1892 5618 1984 5669 τδν
2013 5614 2249 5686 Χριστὸν
2281 5614 2640 5681 ἐπεδείκνυτο,
2672 5617 2766 5671 καὶ
2795 5617 3017 5687 γεέννης
3059 5616 3152 5669 καὶ
3197 5613 3470 5684 βασιλείας

285 5722 333 5824 ’ἰ
359 5739 428 5824 σε
449 5724 875 5824 προσείπωριιι.
993 5727 1054 5783 C.
1087 5727 1148 5785 E.
1167 5801 1193 5811 α
1229 5731 1274 5761 ³⁰
1304 5730 1386 5815 τό]
1416 5734 1510 5785 καὶ
1531 5733 1592 5822 τό
1613 5732 1673 5787 C.
1704 5734 1762 5786 D.

1925 5738 2111 5824 ,δυξας
2133 5755 2250 5821 ὀτη,
2616 5748 2662 5779 ³¹
2697 5747 2925 5821 Θηρίων]
2956 5752 3062 5804 τῶν
3097 5752 3302 5824 θηρίων
3323 5755 3460 5813 Edd.

216 5790 263 5869 'f
293 5790 620 5869 ἀπολογίαν]
640 5792 1096 5869 -Αιξᾱὶιιιιιιιῇιιιιηι
1131 5801 1234 5869 τῆς
1263 5790 1477 5869 φύσεως

215 5862 370 5918 Arm.
474 5863 523 5895 “
550 5862 736 5936 πόίαν]
758 5867 878 5920 τίνα
917 5867 1050 5924 Edd.

221 5932 352 5987 ΙειΙιΙ.
448 5934 496 5966 ⁸³
527 5935 668 5987 Κᾶνῖ
697 5937 786 5987 Sic
823 5937 882 5987 D-
917 5937 975 5987 E-
1007 5957 1050 5987 (τι

448 5934 506 6011 ιη
527 5935 668 6011 ιςάν]
697 5934 799 6011 Sig;
823 5937 882 6011 υ.
917 5937 976 6011 Ε.
997 5942 1188 6011 ueteri
1216 5934 1482 6011 τιν’γάφι

1222 5805 1492 5888 Ξφύσεωςὶ
1520 5805 1594 5888 μή
1638 5806 1875 5888 κρατῶν,
1912 5809 2066 5888 (ιιιρό
2092 5810 2180 5888 Ιιίρ
2214 5812 2628 5888 vu!go_legitul'.
2679 5805 2784 5888 ιιοῖἰ
2824 5805 3460 5888 οδιῖοεοιιιιι

1147 5872 1190 5902 ευ
1219 5873 1432 5939 ἐνάγειν
1454 5872 1611 5929 B.‘C.
1642 5872 1703 5928 E.
1783 5875 1827 5906 ιθ
1859 5872 2009 5949 περί]
2045 5881 2186 5937 Add.
2213 5872 2340 5945 τούς
2374 5872 2530 5940 (1.1).
2569 5872 2630 5941 FZ

1147 5942 1188 5995 ri
1216 5943 1313 5992 Ἂν
1351 5944 1482 5998 γάο.
1582 5945 1625 5977 ³³
1657 5945 1913 5998 ἐνταῦθα]
1955 5949 2093 5998 Add-
2123 5952 2377 5998 ἀπελθεῖν
2420 5957 2474 5998 Δγ
2507 5955 2545 5998 1ιῖ
2598 5957 2628 5998 Λ

221 5977 352 5987 ---....
527 5977 667 6007 ..ν-ν]
698 5977 786 5991 νιν
823 5977 882 5991 υ.
917 5977 976 5993 υ.
1007 5977 1188 5995 ιωιιιι
1237 5977 1312 5992 λιν
1363 5977 1482 6012 Iul-'1.
1657 5977 1850 5998 ινυυουυ

215 6004 308 6055 τοῦ
341 6005 596 6058 ἀπελθεῖν
625 6009 684 6063 C.
765 6008 808 6039 "°
842 6009 1012 6081 ἡμᾶς]
1043 6010 1182 6065 ΑιΙιΙ.
1216 6013 1352 6066 αὑτά
1387 6014 1450 6068 Α.
1482 6014 1541 6070 C.
1621 6015 1660 6046 “
1695 6032 1854 6087 παρεε

2721 5887 2768 5920 ³⁷
2801 5887 3017 5955 πάντως
3043 5904 3095 5948 (ιι
3139 5913 3262 5950 mox
3297 5900 3460 5952 αὑτοῦ

1845 5946 2377 6074 ὲῖἐίὲᾖξιῖῗλθεῖν
2413 5957 2477 6012 Α.
2506 5955 2563 6014 ιι.
2591 5957 2728 6013 Add.
2759 5946 3063 6018 ἀπελθόντι-α
3083 5946 3460 6041 ίιιζζέῐᾶιιῗὲῥῑ,

1887 6036 2142 6084 πεσόντος
2174 6036 2240 6077 Α.
