4078 6372
544 415 614 476 5'1

546 506 611 558 δι’
635 500 798 556 αὐτὸν
824 493 1198 568 καταφρονῶν,
1218 489 1318 559 τὴν
1341 489 1511 559 αὐτὴν
1539 485 1632 540 καὶ
1658 479 1809 551 παρὰ
1837 475 1946 529 τῶν
1969 472 2122 526 ἁλόν-

1267 391 1324 445 S.
1361 386 1648 445 JOANNIS
1684 376 2169 439 CHRYSOSTOMI
2207 373 2525 432 ARCIHEP.
2564 362 3110 429 CONSTANTI‘NOP.

3717 351 3800 410 δὲ

2229 474 2494 545 φαντασία
2525 471 2660 542 πρὸς
2689 471 2790 542 τὴν
2814 468 3109 540 ἐπιθυμίαν
3137 467 3358 538 ἢρκεσε.
3385 467 3478 520 καϊ
3518 466 3579 518 τὸ
3623 466 3798 529 δεῖξαι

545 556 656 651 ὧν
671 595 718 628 ιι
765 556 1146 648 ἀπαιτεέν’.”Αν
1176 556 1238 638 τε
1274 556 1388 655 γὰρ
1435 556 1702 650 σωμάτων
1745 571 1930 644 ἔρωτι,
1960 566 2025 619 ἄν
2062 575 2149 616 τε
2232 565 2435 637 μέγανο
2471 563 2683 625 τούτοις
2728 559 2784 615 δὲ
2838 557 3042 614 τούτων
3088 557 3303 612 πάντων
3353 556 3810 628 γεγυμνωμένοις·

547 645 868 760 χρημάτων,
900 683 965 738 ἄν
1009 697 1069 733 τε
1113 677 1271 748 δόξης
1291 645 1582 744 ’περιπέσῃ
1627 683 1731 731 τις,
1765 663 1862 716 καὶ
1899 657 2122 760 γεέννης
2229 657 2460 760 ἤρκεσεν
2484 656 2518 725 ὴ
2547 651 2831 760 φιλοσοφία
2857 649 3076 760 μόνηὶη,
3103 646 3205 750 καί⁹
3223 645 3318 700 τοῦ
3347 647 3409 700 τὸ
3431 646 3675 760 inagna:
3703 645 3816 698 καὶ

465 781 496 846 λι
549 746 828 846 καταγελᾷ
854 746 1072 832 λοιπὸν,
1103 770 1197 824 καὶ
1229 746 1516 838 βασιλείας
1565 755 1914 827 καταφρονεῖ,
1943 751 2032 846 ἴνῌα
2063 746 2125 800 τὸ

491 840 498 940 ἱ
550 840 762 940 θέλημα
801 840 1014 920 τούτων
1070 859 1389 934 ἐργάσηται.
1429 856 1521 926 Μὴ
1574 851 1753 906 τοίνυν
1807 840 2126 940 ἀπιστῶμεν
2171 919 2177 924 ⁸

551 934 750 1029 Παύλῳ
801 959 1030 1023 λέγοντι,
1085 956 1166 1009 ὅτι
1212 951 1304 1006 τὸν
1348 947 1580 1020 Χριστὸν
1626 941 1798 1003 οὓτως
1851 934 2125 1002 ἐφίλησεν.
2167 963 2179 1029 ί

555 1049 722 1102 Ὅταν
741 1046 850 1117 γὰρ
870 1044 1132 1117 εὑρεθῶσί
1154 1061 1299 1108 τινες
1322 1046 1434 1106 τοῖς
1453 1040 1678 1095 πάθεσιν
1699 1037 1842 1092 οῦτω
1860 1033 2131 1089 δουλεύον-

551 1160 664 1207 τες,
693 1141 807 1204 πῶς
839 1140 1063 1194 ἄπιστον
1093 1139 1265 1191 ἐκεῖνο
1291 1134 1431 1201 δόξει
1457 1128 1596 1186 εἶναι
1632 1129 1851 1196 λοιπόν;
1879 1127 1989 1181 Καὶ
2021 1124 2130 1196 γὰρ

552 1235 641 1288 διὰ
669 1233 826 1287 τοῦτο
872 1235 902 1287 ὁ
946 1231 1076 1303 περί
1121 1229 1214 1282 τὸν
1258 1226 1491 1299 Χριστὸν
1528 1223 1690 1288 πόθος
1722 1221 2125 1291 ἀσθενέστερος,

554 1326 740 1396 ἐπειδὴ
780 1327 928 1379 πᾶσα
951 1323 1136 1394 ήμῖνή
1165 1319 1394 1390 δύναμις
1416 1319 1499 1380 εἰς
1524 1315 1712 1370 τοῦτον
1733 1312 2131 1368 καταναλοῦται

554 1419 645 1470 τὸν
670 1417 868 1487 ἔρωτα,
902 1414 998 1468 καὶ
1042 1410 1383 1484 ἀρπάζομεν,
1414 1408 1510 1462 καὶ
1542 1403 1997 1474 πλεονεκτοῦμεν,
2037 1400 2132 1453 καὶ

554 1507 678 1578 δόξῃ
711 1505 1031 1574 δουλεύομεν
1058 1504 1222 1573 κενῇ·
1251 1497 1320 1572 ἧς
1360 1499 1414 1552 τί
1458 1497 1654 1566 γένοιτ’
1678 1496 1743 1550 ἂν
1771 1491 2132 1566 [651εὐτελέ-

558 1613 778 1666 στερον;
810 1594 928 1648 Κᾶν
953 1593 1065 1664 γὰρ
1099 1590 1355 1662 μυριάκις
1401 1588 1534 1658 γένῃ
1575 1585 1954 1657 περίϐλεπτος,
1982 1582 2132 1636 οὐδὲν

554 1689 664 1743 τῶν
694 1687 903 1758 ἀτίμων
932 1685 1038 1757 έσῃ
1058 1683 1300 1754 βελτίων,
1324 1681 1459 1736 ἀλλά
1489 1680 1558 1733 δι’
1579 1678 1711 1731 αὐτὸ
1743 1677 1840 1748 μὲν
1865 1672 1957 1730 οὖν
1975 1675 2136 1728 τοῦτο

557 1782 652 1836 καὶ
691 1775 1208 1850 ἁτιμότερος.“οταν
1233 1774 1343 1845 γὰρ
1371 1775 1424 1826 οἰ
1456 1770 1770 1843 βουλόμενοί
1799 1787 1858 1822 σε
1891 1767 2134 1832 δοξάζειν

559 1871 652 1924 καὶ
675 1867 925 1940 λαμπρὸν
947 1865 1350 1929 ἀποδεικνύναι,
1378 1864 1443 1917 δι’
1460 1863 1590 1916 αὐτὸ
1609 1861 1768 1914 τοῦτό
1797 1876 1856 1912 σε
1881 1857 2134 1927 γελῶσιν,

558 1965 638 2014 im
668 1962 764 2031 τῆς
794 1960 922 2030 παρ’
953 1959 1131 2013 αὐτῶν
1157 1957 1440 2028 ἐπιθυμεῖς
1465 1954 1644 2025 δόξης,
1674 1951 1793 2014 πῶς
1829 1951 1929 2004 οὐκ
1966 1950 2047 2013 εἰς
2075 1947 2138 2002 τὸ

560 2054 798 2108 ἐναντίον
839 2049 1308 2124 περιτραπήσεταί
1337 2065 1421 2102 σοι·
1454 2047 1522 2102 τὰ
1561 2045 1660 2116 τῆς
1690 2041 1943 2114 τοιαύτης
1971 2058 2136 2095 σπου-

559 2147 654 2217 δῆς
673 2163 688 2212 ;

633 2244 685 2292 ι’.
710 2237 819 2290 Kal
837 2236 943 2308 γὰρ
964 2233 1070 2289 τῶν
1094 2231 1580 2305 κατηγορουμένων
1613 2229 1674 2283 τὸ
1712 2227 1945 2300 πρᾶγμά
1967 2228 2132 2280 ἐστιν.

566 2328 773 2397 Ὠσπερ
817 2324 925 2396 γὰρ
965 2327 1058 2377 τδν
1099 2319 1466 2391 ἐπιθυμοῦντα
1500 2317 1772 2389 μοιχεύειν
1799 2317 1834 2387 ἢ
1858 2314 2138 2388 πορνεύειν

563 2420 628 2475 ἂν
657 2419 854 2488 ἐπαινῇ
873 2434 957 2478 τις
984 2417 1080 2469 καί
1108 2413 1400 2484 κολακεύῃ,
1430 2411 1578 2483 αὐτῷ
1599 2409 1770 2481 τούτῳ
1793 2409 1993 2478 μᾶλλον
2015 2426 2141 2462 κατ-

565 2515 764 2580 ήγορος
797 2508 1008 2577 γίνεται
1051 2506 1086 2577 ἢ
1135 2505 1423 2575 ἐπαινέτης
1455 2502 1548 2556 τοῦ
1579 2502 1648 2556 τά
1676 2500 1898 2554 τοιαῦτα
1947 2497 2136 2551 ἐπιθυ-

570 2599 798 2673 μοῦντος
816 2616 831 2629 υ
859 2597 1002 2651 οῦτω
1033 2596 1127 2650 καὶ
1150 2595 1242 2648 τόν
1269 2594 1426 2666 δόξης
1455 2591 1824 2662 ἐπιθυμοῦντα
1841 2629 1856 2652 ,
1880 2589 2007 2642 ὅταν
2038 2589 2138 2640 ἐπ-

565 2689 805 2761 αινῶμεν
833 2689 1090 2752 ἅπαντες,
1121 2688 1417 2760 κατήγοροι
1453 2684 1650 2756 μᾶλλόν
1676 2685 1842 2752 ἐσμεν
1865 2681 1903 2754 ἢ
1925 2679 2142 2734 ἐπαινέ-

566 2801 655 2836 ται
677 2781 782 2834 τῶν
823 2780 1160 2851 βουλομένων
1192 2776 1532 2845 δοξάζεσθαι..
1567 2776 1632 2830 Τί
1669 2775 1846 2828 τοίνυν
1873 2772 2074 2842 ἐφέλκῃ
2095 2769 2142 2802 ⁸³

568 2875 628 2930 τὸ
656 2875 908 2945 πρᾶγμα.
941 2874 1033 2944 ἀφ’
1063 2866 1123 2925 οὐ
1155 2870 1216 2924 τδ
1257 2869 1496 2924 ἐναντίον
1540 2885 1622 2922 σοι
1671 2864 1985 2936 συμϐαίνειν
2019 2861 2144 2915 εἵω-

569 2965 696 3033 θεν;
745 2966 808 3016 Εἰ
848 2965 957 3034 γὰρ
1003 2959 1320 3027 δοξάζεσθαι
1354 2958 1556 3031 βούλει,
1585 2955 1915 3026 καταφρόνει
1959 2950 2140 3023 δόξης,

572 3056 667 3110 καὶ
703 3055 919 3110 πάντων
944 3053 1040 3126 ἔσῃ
1072 3052 1468 3127 λαμπρότερος.
1499 3049 1564 3102 Τί
1593 3048 1822 3118 πάσχεις
1843 3046 1980 3114 ὅπερ
2007 3043 2144 3097 ἐπα-

571 3143 663 3197 θεν
705 3145 734 3197 ό
776 3141 1269 3214 Ναϐουχοδονόσορ;
1317 3141 1428 3194 Kal
1463 3137 1572 3211 γάρ
1610 3137 1703 3191 καὶ
1735 3137 1938 3197 ἐκεῖνος
1961 3133 2146 3187 εἰκόνα

570 3235 820 3306 ἔστησεν,
853 3233 961 3288 ἀπὸ
987 3232 1081 3286 τοῦ
1133 3231 1288 3298 ξύλου
1324 3232 1418 3298 καὶ
1445 3231 1545 3300 τῆς
1572 3226 1898 3297 ἀναισθήτου
1933 3222 2146 3296 μορφῆς

570 3325 888 3398 προσθήκην
926 3321 1161 3394 νομίζων
1189 3318 1369 3390 ἐαυτῷ
1386 3316 1630 3389 πορίζειν
1662 3313 1959 3388 εὐφημίας⁹
1985 3313 2078 3369 καὶ
2104 3312 2138 3368 6

564 3413 675 3478 ζῶν
719 3415 828 3469 ἀπὸ
857 3413 950 3468 τοῦ
983 3412 1068 3485 μὴ,
1103 3410 1303 3476 ζῶντος
1350 3409 1726 3480 λαμπρότερος
1760 3404 1919 3478 ήθελε
1956 3403 2140 3474 φαίνε-

565 3505 710 3559 σθαι.
742 3503 894 3568 Εἶδες
924 3504 1024 3574 τῆς
1058 3503 1252 3574 μανίας
1299 3500 1397 3573 τὴν
1441 3497 1745 3570 ὑπερϐολήν
1762 3515 1782 3564 ς
1823 3494 2004 3548 Δοκῶν
2030 3493 2140 3567 γάρ

565 3596 756 3648 ἑαυτὸν
780 3597 968 3666 τιμαίᾫ,
1003 3593 1200 3664 μᾶλλον
1225 3590 1702 3662 ἐξύϐρισεν.⁶’οταν
1742 3588 1850 3660 γάρ
1881 3588 2140 3659 φαίνηται

563 3686 642 3756 τῷ
673 3685 866 3756 ἀψύχῳ
899 3684 1117 3755 θαρρῶν
1155 3682 1352 3754 μᾶλλον
1392 3682 1426 3753 ἢ
1461 3681 1638 3752 ἐαυτῷ
1668 3681 1762 3734 καί
1788 3683 1856 3751 τῇ
1902 3681 1960 3733 ἐν
1992 3678 2143 3750 αὐτῷ

565 3776 715 3849 ζώσῃ
735 3775 902 3847 ψυχῇ,
928 3775 1020 3828 καὶ
1048 3774 1138 3828 διά
1163 3772 1322 3827 τοῦτο
1351 3772 1414 3825 τὸ
1443 3771 1596 3837 ξύλον
1623 3771 1714 3825 ἐπὶ
1741 3771 2007 3842 τοσαύτην
2032 3771 2142 3842 ἄγῃ

565 3866 874 3937 προεδρίαν,
906 3864 1024 3929 πῶς
1073 3865 1174 3917 οὐκ
1213 3863 1278 3918 ἂν
1320 3865 1404 3934 εἴη
1439 3862 1673 3932 γέλωτος
1703 3861 1872 3929 ἄξιος,
1897 3862 1998 3916 οὐκ
2035 3861 2142 3916 ἀπὸ

565 3959 802 4030 τρόπων,
834 3957 948 4011 ἀλλ’
971 3956 1080 4011 ἀπὺ
1123 3955 1352 4009 σανίδων
1388 3953 1825 4019 καλλωπίζεσθαι
1856 3953 2098 4007 σπεύδων
2123 3971 2142 4016 ς

569 4051 775 4121 Ὠσπερ
806 4049 870 4103 ἂν
916 4049 969 4102 εί
995 4066 1080 4112 τις
1109 4047 1198 4101 διὰ
1227 4045 1288 4100 τὸ
1315 4045 1514 4118 βάθρον
1540 4045 1601 4098 τὸ
1647 4047 1704 4099 ἐν
1751 4047 1817 4116 τῇ
1860 4045 2006 4116 οἰκίᾳ
2049 4045 2144 4098 καὶ

566 4143 654 4195 διὰ
677 4141 771 4214 τὴν
804 4141 1045 4212 κλίμακα
1075 4137 1244 4210 καλὴν
1281 4134 1448 4193 οὖσαν
1489 4137 1630 4202 ἀξιοῖ
1658 4137 1877 4207 μᾶλλον,
1907 4136 1941 4207 ἣ
1974 4135 2062 4189 διά
2082 4134 2144 4189 τὸ

448 4291 453 4296 ,
566 4233 850 4305 ἄνθρωπος
877 4229 1034 4298 εἶναι,
1060 4230 1467 4302 ἐναϐρύνεσθαι.
1497 4227 1697 4283 Τοῦτον
1727 4229 1822 4282 καὶ
1867 4230 1950 4298 ἐφ’
1987 4229 2144 4300 ήμῶν

567 4315 755 4380 πολλοὶ
803 4326 1094 4398 μιμοῦνται
1128 4325 1462 4395 νῦν.”Ωσπερ
1496 4322 1604 4394 γὰρ
1645 4323 1850 4386 ἐκεῖνος
1895 4321 2003 4375 ἀπὸ
2045 4320 2146 4390 τῆς

568 4418 795 4482 εἰκόνος,
829 4417 1003 4482 οῦτως
1030 4417 1138 4470 ἀπὸ
1169 4416 1397 4486 ἱματίων
1417 4414 1616 4485 ἕτεροι,
1646 4415 1740 4468 καὶ
1768 4413 1826 4478 ἐξ
1853 4412 2029 4476 οἰκίας
2049 4411 2146 4468 ἀλ-

569 4513 672 4573 λοι,
711 4511 804 4563 καὶ
838 4508 896 4576 ἐξ
923 4508 1161 4578 ἡμιόνων
1188 4507 1282 4560 καὶ
1312 4507 1624 4577 ὀχημάτων,
1651 4505 1766 4578 [66]
1789 4505 1878 4558 καὶ
1900 4505 2007 4557 ἀπὸ
2027 4504 2143 4557 κιό-

571 4619 677 4654 νων
704 4601 811 4653 τῶν
834 4601 892 4653 ἐν
911 4601 1031 4662 ταῖς
1057 4597 1256 4661 οἰκίαις
1284 4595 1491 4661 ἀξιοῦσι
1516 4593 1908 4666 θαυμάζεσθαι.
1928 4593 2145 4666 Ἐπειδὴ

570 4692 680 4763 γάρ
703 4691 764 4745 τὸ
792 4690 1064 4762 ἄνθρωποι
1090 4685 1228 4742 εἶναι
1262 4687 1569 4751 ἀπώλεσαν,
1603 4687 1978 4758 περιέρχονται
2019 4685 2144 4738 συλ-

569 4784 818 4852 λέγοντες
854 4783 1064 4843 έαυτοῖς
1109 4779 1373 4851 ἑτέρωθεν
1417 4779 1516 4850 τὴν
1546 4777 1742 4830 πολλοῦ
1791 4777 2024 4846 γέλωτος
2054 4778 2146 4845 γέ-

573 4891 779 4945 μουσαν
820 4872 997 4939 δόξαν.
1017 4871 1156 4924 Ἀλλ’
1179 4872 1277 4942 οὐχ
1310 4871 1359 4924 οἱ
1402 4872 1638 4939 γενναῖοι
1668 4871 1759 4923 καὶ
1792 4870 2015 4940 μεγάλοι
2050 4869 2143 4923 τοῦ

569 4963 704 5018 Θεοῦ
734 4963 1059 5034 θεράποντες
1084 4960 1353 5024 ἐντεῦθεν,
1383 4959 1496 5012 ἀλλ’
1528 4959 1619 5028 ἀφ’
1643 4951 1718 5012 ὧν
1748 4957 1856 5011 ἔδει
1889 4957 2141 5028 μάλιστα,

569 5062 634 5112 ἐκ
671 5057 875 5111 τούτων
903 5055 1164 5124 ἔλαμπον.
1198 5054 1310 5108 Kal
1341 5052 1514 5122 γάρ⁸⁴
1539 5052 1870 5123 αἰχμάλωτοι
1905 5051 1998 5104 καί
2026 5051 2146 5103 δοῦ-

570 5148 651 5199 λοι
679 5147 772 5200 καὶ
799 5145 908 5197 νέοι
938 5144 1032 5197 καί
1061 5141 1196 5206 ξένοι
1236 5142 1330 5194 καὶ
1362 5142 1577 5194 πάντων
1616 5139 1724 5192 τῶν
1761 5138 1970 5192 οἷκοθεν
1994 5137 2146 5201 ὄντες

570 5239 786 5310 ἔρημοι,
810 5234 905 5288 τοῦ
937 5235 1113 5288 πάντα
1143 5231 1607 5304 περιϐεϐλημένου
1627 5230 1801 5284 ταῦτα
1832 5230 2146 5301 σεμνότεροι

572 5328 746 5399 πολλῷ
777 5327 898 5380 τότε
925 5327 1216 5397 ἐφάνησαν.
1253 5324 1362 5378 Kal
1410 5323 1487 5393 τῷ
1530 5323 1629 5393 μὲν
1673 5321 2147 5392 Ναϐουχοδονόσορ

575 5425 678 5476 οὐκ
709 5418 872 5474 εἰκὼν
903 5419 1159 5488 τοσαύτη.
1203 5417 1264 5472 οὐ
1314 5417 1610 5487 σατράπαι,
1649 5417 1710 5468 οὐ
1739 5415 2052 5486 στρατηγοὶ,
2083 5413 2145 5465 οὐ

581 5512 918 5587 στρατόπεδα
962 5511 1163 5566 ἄπειοα
1226 5509 1286 5563 οὐ
1321 5507 1543 5582 χρυσίου
1593 5505 1815 5576 πλῆθος,
1867 5505 1968 5558 οὐκ
2014 5503 2148 5573 ἄλλη

2227 750 2329 822 τὴν
2354 745 2656 818 πορφυρίδα
2691 744 2903 815 ἔχοντος
2927 742 3019 796 καὶ
3055 737 3279 794 τοιαῦτα
3309 736 3809 810 περιϐεϐλημένου,

2227 840 2356 903 τοὺς
2401 838 2554 892 οὐδὲν
2595 836 2800 890 τούτων
2844 831 3214 902 κεκτημένους
3243 827 3653 900 λαμπροτέρους
3693 826 3807 879 ἀπ-

2230 933 2394 1002 έφηνε
2425 927 2698 989 τοσοῦτον,
2720 927 2842 980 ὅσον
2880 925 2910 978 ό
2940 924 3092 993 ἥλιός
3134 925 3250 976 ἐστι
3288 919 3570 991 μαργάρου
3590 917 3639 950 ⁸⁵
3664 916 3816 986 λαμ-

2229 1020 2512 1094 πρότερος.
2543 1017 2656 1073 Kal
2684 1015 2790 1088 γὰρ
2819 1017 2878 1069 ἐν
2913 1015 3064 1085 μέσῳ
3096 1014 3195 1083 τῆς
3234 1010 3554 1080 οἰκουμένης
3583 1007 3817 1076 ἀπάσης

2231 1113 2446 1186 ἤγοντο,
2473 1111 2583 1165 νέοι
2611 1127 2670 1163 τε
2696 1109 2846 1171 ὅντες
2875 1107 2970 1160 καὶ
3001 1105 3332 1176 αἰχμάλωτοι
3360 1102 3454 1156 καὶ
3482 1100 3677 1164 δοῦλοι,
3707 1099 3811 1153 καὶ

2230 1204 2506 1275 φανέντων
2536 1200 2740 1263 εὐθέως
2765 1201 2794 1253 ό
2820 1197 3070 1269 βασιλεὺς
3099 1195 3213 1267 πῦρ
3243 1194 3349 1248 ἀπὸ
3372 1193 3480 1247 τῶν
3510 1189 3821 1261 ὀφθαλμῶν

2230 1297 2401 1367 ἡφίει,
2431 1295 2527 1348 καί
2559 1292 2854 1365 στρατηγοί
2885 1291 2982 1344 καὶ
3012 1288 3246 1360 ὕπαρχοι
3281 1287 3376 1341 xal
3410 1286 3678 1358 τοπάρχαι
3707 1284 3810 1336 καὶ

2231 1386 2379 1442 ἀπαν
2399 1385 2493 1439 τοῦ
2520 1383 2765 1438 διαϐόλου
2787 1383 2846 1436 τὸ
2869 1381 3095 1452 θέατρον
3123 1380 3518 1451 περιειστήκει,
3541 1378 3637 1431 καὶ
3652 1374 3818 1446 φωνὴ

2233 1474 2510 1547 συρίγγων
2534 1471 2870 1544 πανταχόθεν
2902 1471 2996 1524 καὶ
3023 1470 3340 1538 σαλπίγγων
3361 1467 3454 1523 καὶ
3474 1467 3652 1536 πάσης
3676 1482 3814 1536 μου·

2233 1564 2392 1635 σικῆς
2423 1561 2558 1632 πρὸς
2581 1561 2673 1614 τὸν
2706 1560 2934 1633 οὐρανὸν
2965 1559 3236 1630 φερομένη
3272 1560 3522 1630 περιήχει
3546 1556 3644 1619 τὰς
3665 1554 3815 1608 ἐκεί-

2231 1671 2339 1710 νων
2372 1653 2562 1717 ἀκοὰς,
2593 1651 2688 1707 καί
2722 1651 2948 1722 κάμινος
2981 1649 3264 1704 ἀνεκαίετο
3313 1650 3448 1720 πρὸς
3479 1647 3610 1718 ὕψος
3657 1647 3818 1701 άπει⁶

2235 1763 2350 1820 ρον,
2373 1746 2468 1800 καί
2487 1745 2665 1799 αὐτῶν
2686 1744 2719 1814 ἠ
2744 1743 2873 1812 φλὸξ
2890 1744 3095 1814 ἥπτετο
3109 1741 3222 1796 τῶν
3241 1740 3496 1811 νεφελῶν,
3521 1741 3613 1795 καὶ
3632 1741 3816 1794 πάντα

2237 1838 2402 1909 φόϐου
2445 1838 2540 1891 καὶ
2586 1835 2898 1906 ἐκπλήξεως
2947 1829 3018 1905 ἦν
3067 1833 3367 1904 ἀνάμεστα.
3402 1833 3538 1886 Ἀλλ’
3569 1831 3824 1895 ἐκείνους
3905 1869 3911 1877 .

2234 1926 2387 1980 οὐδὲν
2414 1924 2620 1978 τούτων
2652 1921 2972 1993 ἐξέπληξεν·
3003 1921 3118 1976 ἀλλ’
3137 1921 3327 1993 ῶσπερ
3359 1921 3565 1976 παίδων
3589 1919 3817 1985 παιζόν-

2235 2035 2344 2072 των
2385 2014 2875 2085 καταγελάσαντες,
2906 2013 3005 2085 τὴν
3051 2013 3300 2085 ἀνδρείαν
3348 2011 3445 2066 καὶ
3487 2012 3588 2084 τὴν
3639 2011 3822 2065 ἐπιεί-

2236 2125 2394 2163 κειαν
2420 2106 2817 2172 ἐπεδείκνυντο,
2849 2106 2942 2160 καί
2965 2103 3074 2159 τῶν
3104 2104 3420 2174 σαλπίγγων
3436 2103 3658 2158 ἐκείνων
3671 2102 3814 2174 λαμ-

2238 2200 2511 2272 προτέραν
2562 2198 2811 2268 ἀφιέντες
2851 2195 3034 2270 φωνὴν
3079 2196 3263 2266 ελεγον
3284 2214 3299 2230 ·
3338 2197 3626 2252 Γνωστὸν
3655 2196 3815 2251 ἐστι..

2239 2291 2660 2356 σοι,,βασιλεῦ.
2689 2289 2803 2363 [67]
2825 2289 2959 2344 Οὐδὲ
2993 2288 3102 2361 γὰρ
3129 2290 3292 2362 μέχρι
3325 2291 3566 2361 ῥήματος
3596 2288 3815 2359 ὑϐρίσαι

2243 2382 2523 2437 ἐϐούλοντο
2551 2381 2642 2435 τὸν
2668 2380 2950 2452 τύραννον,
2982 2381 3117 2434 ἀλλά
3159 2381 3258 2453 τὴν
3303 2380 3583 2434 εὐσέϐειαν
3612 2380 3823 2433 ἐπιδεί-

2243 2473 2437 2542 ξασθαι
2465 2473 2643 2544 μόνον.
2671 2474 2874 2542 Διόπερ
2912 2472 3035 2526 οὐδὲ
3083 2473 3326 2544 μακροὺς
3349 2472 3702 2526 ἀπετείναντο
3729 2470 3824 2524 λό-

2249 2587 2399 2640 γους,
2423 2572 2538 2625 ἀλλ’
2565 2572 2624 2623 ἐν
2646 2569 2832 2641 βραχεί
2850 2551 3025 2622 πάκῖτα
3048 2566 3463 2619 ἐπιδείκνυνται·
3489 2564 3662 2617 Ἔστι
3677 2564 3817 2635 γὰρ,

2249 2661 2404 2732 φησί,
2435 2661 2579 2728 Θεὸς
2609 2661 2676 2714 ἐν
2711 2657 2943 2728 οὐρανῷ
2982 2655 3239 2722 δυνατὸς
3279 2653 3589 2720 ἐξελέσθαι
3628 2650 3812 2723 ἡμᾶς.

2247 2755 2315 2808 Τί
2344 2772 2434 2826 μοι
2458 2754 2518 2807 τὸ
2552 2753 2755 2823 πλῆθος
2775 2749 3066 2815 δεικνύεις;
3098 2747 3149 2801 τί
3179 2764 3268 2817 μοι
3295 2746 3394 2817 τὴν
3417 2745 3644 2816 κάμινον
3663 2761 3677 2809 ;
3699 2745 3818 2798 τί¹⁵¹⁸

2246 2844 2313 2899 τὰ
2337 2845 2462 2916 ξίφη
2486 2843 2552 2898 τά
2577 2843 2920 2914 ἠκονημένας
2947 2841 3144 2903 τί”τούς
3165 2838 3428 2908 φοϐεροὺς
3450 2837 3818 2908 δορυφόρουςς

2247 2933 2470 2986 Πάντων
2497 2932 2701 2985 τούτων
2725 2929 2994 3003 ἀνώτερος
3013 2927 3168 3000 ήμῶν
3195 2928 3512 2998 όΔεσπότης
3537 2927 3630 2980 καὶ
3655 2927 3808 2980 δυνα-

2247 3018 2498 3092 τώτερος.
2538 3017 2672 3076 Εἶτα
2704 3023 3051 3092 ἐννοήσαντες
3094 3020 3175 3073 ὅτι
3215 3019 3498 3089 συμϐαίνει
3543 3016 3635 3071 τὸν
3682 3015 3818 3070 Θεὸν

2251 3111 2575 3184 βουληθῆναι
2601 3113 2696 3167 καὶ
2723 3112 3071 3184 συγχωρῆσαι
3098 3111 3295 3171 αὐτοὺς
3319 3109 3604 3179 καυθῆναι,
3630 3107 3718 3161 ἵνα
3741 3105 3820 3178 μὴ

2249 3202 2436 3256 τούτου
2465 3203 2756 3274 γενομένου
2784 3202 2976 3269 δόξωσι
3015 3200 3184 3272 φευδῆ
3237 3199 3436 3270 λέγειν,
3463 3197 3824 3271 προστιθέασι

2250 3296 2344 3350 καὶ
2387 3295 2565 3371 τοῦτο,
2596 3295 2866 3364 λέγοντες,
2905 3296 2984 3348 ὅτι
3027 3294 3164 3348 Ἐὰν
3203 3291 3289 3363 μλὴ
3336 3291 3512 3346 τοῦτο
3556 3289 3821 3361 γένηται,

2249 3388 2521 3458 γνωστὸν
2545 3387 2702 3442 ἕσσω
2729 3403 2848 3455 σοι,
2867 3386 2957 3442 ὅτι
2977 3386 3103 3454 τοῖς
3129 3385 3284 3453 θεοῖς
3308 3402 3428 3440 σου
3441 3386 3519 3439 οὐ
3537 3383 3824 3452 λατρεύο-

2246 3498 2380 3550 μεν.

2329 3579 2417 3628 ια’.
2437 3574 2502 3627 Εἰ
2523 3574 2636 3645 γὰρ
2661 3569 2832 3640 εἷπον,
2849 3574 2929 3628 ὅτι
2945 3573 3013 3627 δι’
3030 3572 3398 3644 ἁμαρτήματα
3416 3569 3476 3623 οὐ
3496 3570 3700 3639 ῥύεται,
3717 3563 3833 3620 κάν

2171 3679 2196 3695 ‘
2255 3665 2330 3734 μὴ
2361 3664 2616 3736 ρύσηται,
2643 3665 3020 3737 ἠπιστήθησαν
3042 3665 3127 3720 ἄν.
3159 3664 3258 3717 Διά
3283 3661 3440 3716 τοῦτο
3459 3658 3692 3714 ἐνταῦθα
3721 3657 3824 3728 μὲν

2251 3752 2410 3806 τοῦτο
2444 3753 2670 3823 σιγῶσι·
2701 3754 2914 3823 λέγουσι
2942 3755 2999 3808 δὲ
3028 3753 3158 3808 αὐτὸ
3181 3752 3274 3806 ἐπὶ
3302 3752 3399 3823 τῆς
3429 3749 3680 3820 καμίνου.
3708 3747 3828 3801 ἀνω

2253 3845 2347 3897 καὶ
2371 3844 2523 3898 κάτω
2551 3844 2621 3898 τὰ
2639 3845 3008 3917 ἁμαρτήματα
3031 3842 3473 3916 προϐαλλόμενοι.
3491 3839 3614 3892 Ἐπὶ
3641 3836 3698 3890 δὲ
3723 3833 3827 3888 τοῦ

2255 3935 2518 4006 βασιλέως
2547 3936 2702 3989 οὐδὲν
2725 3937 2983 3998 τοιοῦτον,
3012 3935 3127 3990 ἀλλ’
3149 3937 3230 3989 ὅτι
3262 3933 3366 3988 κᾶν
3409 3930 3657 3986 καίεσθαι
3691 3928 3828 4000 μέλ-

2253 4025 2407 4090 λωσι,
2449 4025 2549 4095 τὴν
2595 4024 2877 4080 εὐσέϐειαν
2924 4026 2986 4078 οὐ
3032 4022 3416 4097 προδώσουσιν.
3453 4020 3526 4074 οὐ
3576 4019 3685 4090 γὰρ
3734 4015 3836 4070 ἐπ*

2254 4118 2510 4190 ἀμοιϐαῖς
2544 4117 2638 4170 καὶ
2671 4116 3000 4170 ἀντιδόσεσιν
3033 4115 3298 4186 ἔπραττον
3343 4111 3488 4182 άπερ
3535 4108 3826 4180 ἔπραττον,

2255 4212 2372 4266 ἀλλ’
2394 4211 2453 4279 ἐξ
2475 4210 2696 4282 ἀγάπης
2727 4211 2895 4282 μόνης
2914 4227 2926 4239 ·
2961 4209 3201 4277 καίτοιγε
3235 4205 3383 4260 καίδδ
3405 4207 3463 4258 ἐν
3486 4201 3833 4274 αἰχμαλωσίᾳ

2255 4298 2430 4375 ἦσαν,
2473 4303 2568 4356 καὶ
2615 4304 2671 4356 ἐν
2712 4301 2960 4373 δουλείᾳ,
3009 4301 3103 4354 καὶ
3146 4298 3357 4362 οὐδενὸς
3400 4295 3831 4359 ἀπολελαυκότες

2258 4394 2517 4468 χρηστοῦ.
2552 4395 2663 4448 Kal
2700 4393 2809 4464 γάρ
2846 4394 2939 4447 καὶ
2973 4391 3229 4464 πατρίδος
3261 4391 3356 4444 καὶ
3396 4388 3701 4460 ἐλευθερίας
3733 4387 3835 4440 καὶ

2258 4486 2368 4540 τῶν
2405 4485 2579 4540 ὄντων
2614 4487 2830 4540 πάντων
2886 4483 3163 4551 ἐξέπεσον.
3217 4483 3309 4554 Μὴ
3347 4481 3455 4554 γάρ
3489 4498 3578 4552 μοι
3624 4479 3723 4543 τὰς
3771 4480 3832 4532 ἐν

2261 4581 2384 4643 ταῖς
2417 4577 2720 4648 βασιλικαῖς
2746 4576 2936 4640 αὐλαῖς
2963 4577 3122 4650 εἴπῃς
3141 4575 3323 4645 τιμάς.
3350 4575 3521 4627 Ὅσιοι
3543 4574 3650 4644 γὰρ
3679 4573 3837 4634 ὅντες

2266 4669 2361 4720 καὶ
2406 4666 2623 4730 δίκαιοι,
2669 4667 2926 4738 μυριάκις
2981 4668 3048 4721 ἂν
3089 4670 3292 4723 εἴλοντο
3338 4673 3651 4740 προσαιτεῖν
3678 4673 3847 4737 οἴκοι,

2266 4759 2362 4811 καὶ
2393 4757 2501 4810 τῶν
2531 4759 2589 4810 ἐν
2617 4757 2695 4828 τῷ
2723 4759 2836 4829 ναῷ
2867 4758 3047 4814 καλῶν
3090 4760 3403 4814 ἀπολαύειν.
3438 4761 3848 4832 Ἐξελεξὰμην

2267 4849 2396 4919 γὰρ,
2424 4849 2576 4919 φησί,
2607 4850 3127 4919 παραρῤιπτεῖσθαι
3163 4852 3232 4905 ἐν
3263 4852 3343 4919 τῷ
3373 4854 3520 4920 οἴκῳ
3549 4854 3654 4906 τοῦ
3690 4856 3846 4909 Θεοῦ

2260 4957 2401 5010 μου,
2434 4939 2676 5010 μᾶλλον
2707 4941 2747 5010 ἣ
2779 4942 2965 4996 οἰκεῖν
2987 4960 3064 5012 με
3108 4945 3177 4998 ὲν
3219 4943 3609 5015 σκηνώμασιν
3656 4946 3834 5014 ἀμαρ-

2263 5030 2470 5085 τωλῶν
2493 5051 2505 5063 ·
2541 5033 2656 5098 καί,
2693 5035 2984 5100 Κρείττων
3019 5036 3209 5104 ἡμέρα
3232 5037 3342 5106 μία
3366 5039 3436 5091 ἐν
3461 5039 3588 5105 ταῖς
3620 5040 3844 5108 αὐλαῖς

2261 5137 2378 5175 σου
2409 5119 2562 5189 ὑπὲρ
2600 5120 2897 5190 χιλιάδας.
2926 5124 3202 5194 Μυριάκις
3228 5121 3322 5178 οὖν
3344 5125 3409 5180 ἀν
3436 5127 3638 5180 εἵλοντο
3663 5129 3843 5201 ἀπερο

2263 5211 2448 5283 ιτδίφθαι
2481 5212 2637 5273 οἴκοι,
2672 5213 2704 5282 ἢ
2732 5212 3032 5281 βασιλεύειν
3087 5218 3144 5268 ἐν
3196 5217 3491 5272 Βαϐυλῶνι.
3541 5218 3648 5272 Καὶ
3677 5219 3842 5273 τοῦτο

2258 5303 2417 5374 δῆλον
2444 5303 2502 5369 ἐξ
2534 5300 2608 5356 ὧν
2653 5306 2748 5356 καὶ
2792 5307 2849 5358 ἐν
2891 5308 2957 5376 τῇ
2997 5306 3210 5377 καμίνῳ
3239 5306 3477 5377 δηλοῦσι,
3511 5308 3837 5382 βαρούμενοι

2259 5395 2357 5464 τὴν
2385 5394 2500 5466 [681
2530 5395 2720 5448 αὐτόθι
2755 5397 3058 5469 διατριϐήν.
3096 5399 3158 5452 Εἰ
3185 5399 3294 5470 γὰρ
3319 5401 3414 5454 καὶ
3443 5403 3594 5456 αὐτοί
3634 5404 3838 5476 πολλῆς

2259 5485 2532 5540 ἀπέλαυον
2560 5487 2748 5560 τιμῆς,
2784 5487 2882 5554 τὰς
2917 5489 3024 5544 τῶν
3067 5491 3241 5546 ἄλλων
3276 5492 3512 5563 ὁρῶντες
3549 5498 3835 5570 συμφοράς
3907 5517 3925 5570 ε

656 5871 702 5902 ⁸³
735 5868 995 5939 ἁλόντωνι
1019 5868 1112 5925 Sic
1138 5869 1201 5923 D.
1235 5868 1295 5923 F.
1332 5869 1459 5926 Sav.
1494 5869 1732 5924 ἁλόντων
1752 5870 1930 5925 αὐτῶν
1961 5870 2025 5922 Α.
2059 5869 2141 5924 αὐτ

2277 5866 2336 5922 Β.
2369 5863 2531 5939 αὐτόν
2754 5863 2888 5939 Μοτ.
2915 5863 3077 5939 ῐῖριι..
3125 5862 3170 5894 ⁸³
3323 5861 3478 5939 DAJK
3507 5859 3746 5939 ἐφέὲικῃί
3764 5857 3832 5914 Ε.

585 5940 720 6025 ξὶιίςι.
756 5939 1048 6025 ἐφιέλιιςεῖις.⁸
1125 5941 1171 5974 ⁸⁵
1203 5942 1467 6025 καίχάρ]
1495 5942 1588 6025 καὶ.
1609 5943 1717 6025 γὰρ
1752 5942 1844 5996 καί

586 6015 739 6067 Ann.
817 6010 861 6040 ’⁸⁷
891 6009 966 6080 τί]
995 6011 1048 6062 τί
1089 6028 1180 6080 μοι
1205 6013 1267 6068 C.
1304 6012 1363 6067 Ι).
1400 6009 1462 6066 [δῖ
1539 6012 1584 6042 ’⁸⁸
1610 6009 1702 6068 καί
1730 6029 1840 6068 om.
1872 6012 2003 6067 Edd.

2132 5939 2176 5972 ’⁵⁵
2212 5939 2372 6009 μόνη]
2389 5938 2548 6007 μόνον
2583 5935 2720 5996 Edd.

2821 5918 3210 6006 ⁸ιῦνρ,ςιργὰρτ)ι›]
3245 5934 3504 6009 βορϐόρου
3629 5918 3830 5984 ENA".
