4078 6372
242 370 304 424 5|
1417 361 1479 417 IN
1520 361 1814 418 MATTIIIE

1991 364 2217 421 llOMlL.
2263 366 2350 423 IV.
3449 364 3521 421 52

312 470 398 525 ID.
439 468 671 524 Gloriam
709 468 1031 535 consequitur
1069 468 1154 538 qui
1195 467 1409 538 gloriam
1440 469 1728 522 contemnit.
1758 498 1827 510 —

231 559 693 629 Quemadmodum
710 561 851 614 enim
871 559 1127 615 adulterio
1142 558 1223 612 vel
1244 557 1822 614 fornicationid’editum

230 654 276 706 si
307 652 429 721 quis
455 651 783 714 laudaverit,
824 650 907 703 vel
937 649 1036 720 ipsi
1082 647 1332 703 adulatus
1377 647 1555 713 fuerit,
1600 664 1666 705 eo
1708 649 1826 719 ipso

232 744 411 812 potius
460 752 781 805 accusator,
830 757 989 811 quam
1036 740 1280 796 laudator
1323 741 1467 795 illius
1493 749 1577 797 est
1605 758 1618 794 :
1647 742 1725 797 sic
1765 751 1821 797 et

230 850 383 889 vanae
406 835 595 905 gloriae
619 833 895 903 cupidum,
924 849 1044 888 cum
1068 832 1346 887 laudamus
1372 848 1581 900 omnes,
1610 849 1827 889 accusa-

229 939 376 982 tores
417 928 598 997 petius
638 926 755 996 ejus
784 942 945 996 quam
980 925 1283 981 laudatores
1326 940 1529 981 sumus.
1560 927 1667 983 Cur
1694 942 1824 998 ergo

229 1036 344 1074 rem
372 1022 591 1075 venaris
618 1060 633 1085 ,
674 1020 829 1089 cujus
870 1019 1196 1074 contrarium
1239 1017 1333 1073 tibi
1359 1018 1498 1073 solet
1524 1019 1773 1075 accidere
1797 1020 1822 1073 ?

229 1113 361 1167 Nam
394 1114 441 1167 si
470 1113 697 1183 gloriam
726 1111 984 1183 consequi
1012 1112 1097 1166 vis
1117 1152 1133 1178 ,
1166 1111 1389 1181 gloriam
1415 1120 1699 1167 contemne
1718 1154 1733 1176 ,
1770 1121 1825 1167 et

229 1207 474 1260 omnium
527 1205 945 1275 gloriosissimus
995 1204 1127 1258 eris.
1184 1202 1293 1257 Cur
1350 1202 1399 1257 id
1447 1204 1644 1272 pateris
1684 1204 1823 1274 quod

231 1314 423 1370 passus
472 1310 560 1355 est
606 1298 1139 1354 Nabuchodonosor?
1193 1297 1324 1351 Nam
1370 1308 1424 1352 et
1470 1299 1557 1352 ille
1600 1308 1828 1351 statuam

230 1390 425 1457 erexit,
444 1407 511 1445 ex
534 1391 676 1460 ligno
693 1391 766 1460 (a)
785 1400 839 1445 et
857 1405 923 1445 ex
942 1388 1235 1444 insensibili
1256 1388 1421 1443 forma
1440 1398 1632 1460 putans
1649 1404 1707 1443 se
1727 1388 1829 1443 sibi

230 1484 432 1538 famam
458 1484 871 1538 conciliaturum
900 1498 1055 1548 esse,
1089 1492 1143 1538 et
1165 1483 1256 1552 qui
1283 1482 1433 1535 vivus
1460 1492 1576 1535 erat
1616 1497 1679 1534 ex
1723 1496 1827 1533 non

230 1578 445 1631 vivente
475 1576 733 1629 illustrior
755 1588 1015 1642 apparere
1039 1573 1310 1643 cupiebat.
1346 1571 1533 1627 Viden'
1554 1572 1823 1641 ingentem

228 1669 539 1723 insaniam?
571 1669 701 1722 Dum
732 1669 833 1722 sibi
864 1678 1013 1737 putat
1040 1668 1297 1724 honorem
1328 1670 1653 1739 conciliare,
1684 1685 1819 1726 con-

228 1760 509 1814 tumeliam
552 1760 728 1829 potius
756 1761 858 1815 sibi
891 1762 1048 1830 parit.
1081 1761 1211 1815 Dum
1238 1763 1379 1816 enim
1413 1762 1623 1817 videtur
1648 1763 1822 1817 inani-

228 1861 387 1905 matae
418 1851 497 1905 rei
527 1852 699 1920 magis
722 1851 908 1917 fidere,
931 1867 1089 1921 quam
1119 1852 1220 1907 sibi
1248 1853 1345 1922 ipsi
1369 1892 1386 1919 ,
1413 1861 1468 1908 et
1489 1854 1682 1907 animm
1711 1868 1825 1908 sum

225 1944 451 2009 viventi,
479 1954 641 2013 atque
667 1943 787 1997 ideo
818 1944 1017 2014 lignum
1050 1944 1102 1998 in
1136 1952 1338 1998 tantum
1371 1944 1590 1999 honoris
1610 1946 1821 2000 culmen

232 2034 502 2103 provehit,
534 2034 806 2104 quomodo
836 2049 941 2087 non
973 2035 1131 2088 fuerit
1158 2035 1267 2089 risu
1299 2034 1489 2106 dignus
1510 2076 1525 2098 ,
1558 2034 1683 2089 dum
1713 2052 1818 2091 non

230 2140 259 2178 a
287 2125 554 2189 moribus,
581 2125 677 2180 sed
704 2125 773 2179 ab
793 2126 1064 2181 asseribus
1090 2127 1269 2181 ornari
1314 2126 1523 2182 studet?
1553 2128 1817 2194 Quemad—

228 2216 450 2270 modum
480 2218 527 2270 si
556 2218 675 2287 quis
706 2233 769 2271 ex
804 2217 1109 2286 pavimento
1137 2218 1328 2273 domus
1357 2228 1448 2273 aut
1477 2235 1539 2273 ex
1586 2220 1821 2289 pulchri-

226 2308 415 2361 tudine
463 2308 625 2361 scalu:
671 2309 868 2376 suspici
910 2309 1082 2374 malit,
1117 2324 1275 2378 quant
1304 2324 1370 2364 ex
1399 2325 1465 2364 eo
1495 2310 1635 2380 quod
1662 2311 1821 2364 homo

223 2399 292 2450 sit
320 2416 334 2450 :
370 2397 682 2466 hujusmodi
713 2398 886 2452 virum
928 2400 1079 2453 multi
1122 2414 1263 2454 nunc
1294 2400 1585 2454 imitantur.
1617 2400 1813 2468 Quem-

222 2488 514 2541 admodum
555 2490 813 2543 enimille
838 2489 905 2544 ab
931 2490 1190 2560 imagine,
1224 2491 1303 2545 sic
1344 2492 1432 2546 alii
1476 2507 1508 2546 a
1544 2493 1815 2561 vestibus,

223 2578 307 2633 alii
334 2578 407 2632 ab
451 2579 691 2645 mdibus,
741 2597 769 2632 a
819 2581 1006 2643 mulis,
1055 2596 1085 2635 a
1132 2583 1439 2649 carpentis,
1487 2597 1517 2635 a
1557 2583 1821 2637 columnis

222 2685 339 2738 qua:
364 2680 495 2724 sunt
521 2672 571 2724 in
600 2671 867 2736 domibus,
899 2672 950 2725 in
981 2672 1337 2726 admiratione
1365 2672 1551 2727 haberi
1578 2675 1818 2744 cupiunt.

224 2761 355 2817 Nam
378 2777 506 2816 cum
536 2762 663 2816 illud
689 2804 704 2826 ,
736 2764 875 2832 quod
905 2763 1149 2818 homines
1174 2764 1281 2818 sint
1306 2804 1321 2829 ,
1361 2765 1677 2830 amiserint,
1709 2768 1818 2820 cir-

222 2862 483 2907 cumeunt
502 2895 516 2917 ,
552 2864 609 2908 ut
651 2855 749 2907 sibi
778 2853 991 2909 aliunde
1022 2854 1244 2924 gloriam
1272 2855 1438 2910 multo
1469 2857 1576 2909 risu
1602 2856 1815 2927 dignam

221 2944 537 2997 concilient.
579 2943 775 2998 Verum
823 2946 1069 3014 generosi
1102 2944 1177 2998 illi
1207 2954 1263 3000 et
1291 2946 1469 3015 magni
1508 2945 1601 3000 Dei
1631 2947 1815 3003 famuli

221 3052 327 3089 non
356 3036 518 3099 inde,
551 3036 647 3090 sed
676 3052 742 3091 ex
790 3038 985 3107 quibus
1019 3053 1117 3108 par
1156 3044 1308 3104 erat,
1350 3037 1689 3094 effulserunt.
1721 3041 1816 3095 Et-

220 3128 367 3181 enim
396 3138 453 3182 et
482 3128 700 3198 captivi,
732 3138 787 3182 et
810 3128 976 3192 servi,
1006 3137 1061 3182 et
1082 3128 1306 3197 juvenes
1326 3171 1342 3195 ,
1366 3139 1421 3185 et
1449 3131 1734 3200 peregrini,
1760 3143 1818 3188 et

219 3218 386 3273 rebus
411 3220 665 3274 omnibus
694 3219 1010 3275 domesticis
1037 3221 1207 3283 vacui,
1236 3220 1407 3276 multo
1433 3222 1693 3277 clariores
1716 3224 1813 3278 visi

219 3320 386 3375 sntit,
432 3327 595 3380 quam
642 3311 676 3365 ii
723 3311 814 3381 qui
856 3311 960 3365 illis
1003 3311 1251 3366 omnibus
1290 3312 1601 3368 circumdati
1638 3323 1812 3369 erant.

217 3400 378 3456 Certe
403 3401 916 3457 Nabuchodonosori
942 3418 1042 3458 nec
1068 3412 1213 3458 tanta
1238 3403 1325 3459 illa
1350 3414 1523 3461 statua
1546 3444 1561 3470 ,
1590 3419 1689 3459 nec
1716 3420 1817 3457 sa-

220 3503 389 3561 trapa:
410 3534 426 3556 ,
486 3509 585 3548 nec
633 3493 832 3560 duces,
862 3509 960 3548 nec
990 3495 1234 3569 immensi
1255 3497 1542 3559 exercitus,
1576 3510 1674 3549 nec
1699 3494 1813 3548 auri

217 3588 300 3639 vis
319 3627 336 3640 .
364 3602 468 3641 nec
494 3587 696 3656 qumvis
722 3588 823 3641 alia
852 3602 1041 3657 pompa
1063 3629 1078 3652 ,
1113 3587 1403 3642 secundum
1431 3588 1814 3658 concupiscen-

219 3678 349 3730 tiam
377 3677 499 3745 ejus
530 3677 683 3731 fuere
712 3678 864 3741 satis,
897 3688 955 3730 ut
981 3693 1205 3747 magnus
1234 3690 1549 3748 appareret;
1580 3679 1663 3734 bis
1683 3693 1813 3733 vero

215 3769 307 3834 qui
332 3767 438 3821 illis
460 3768 711 3822 omnibus
731 3767 973 3823 destituti
993 3778 1168 3829 erant.
1191 3770 1303 3823 sola
1324 3769 1655 3840 philosophia
1683 3770 1812 3824 satis

215 3860 314 3913 fuit
346 3878 360 3913 :
389 3875 510 3929 qua:
536 3861 630 3915 illo
656 3861 744 3931 qui
783 3861 1086 3917 diademate
1112 3870 1167 3917 et
1196 3876 1427 3931 purpura
1466 3870 1685 3916 ornatus
1710 3902 1726 3927 ,
1757 3872 1814 3918 et

215 3960 296 4004 tot
322 3952 446 4006 aliis
472 3952 865 4023 circumseptus
893 3963 1009 4009 erat
1028 3994 1044 4017 ,
1090 3968 1184 4009 eos
1222 3955 1311 4024 qui
1340 3954 1473 4008 nihil
1503 3970 1690 4009 eorum
1714 3955 1812 4010 ha-

213 4043 442 4107 bebant,
478 4051 628 4098 tanto
670 4044 1062 4112 Splendidiores
1102 4044 1359 4111 faciebat,
1386 4055 1587 4115 quanto
1616 4046 1697 4099 sol
1731 4056 1814 4101 est

213 4134 532 4193 margarita‘
567 4134 915 4203 splendidior.
944 4135 1157 4190 Etenim
1186 4136 1236 4189 in
1272 4136 1505 4192 medium
1530 4137 1676 4192 orbis
1698 4137 1813 4192 uni-

210 4223 359 4279 versi
393 4221 800 4278 adducebantur
821 4222 1047 4291 juvenes
1071 4264 1086 4289 ,
1117 4224 1355 4293 captivi,
1400 4227 1587 4292 servi,
1635 4227 1805 4296 iisque

210 4314 460 4368 adductis
502 4314 683 4367 Statim
716 4328 811 4369 rex
852 4314 1027 4383 ignem
1071 4314 1139 4368 ab
1176 4315 1345 4370 oculis
1371 4318 1682 4384 emittebat,
1711 4316 1803 4371 ad-

209 4408 483 4461 stantibus
509 4406 757 4473 ducibus,
792 4407 1086 4476 toparchis,
1108 4409 1436 4478 principibus
1464 4425 1526 4465 ac
1549 4420 1660 4466 toto
1682 4410 1802 4465 dia-

213 4495 319 4548 boli
347 4497 585 4560 theatro,
613 4497 740 4551 dum
770 4514 873 4551 vox
906 4498 1199 4553 fistularum
1237 4515 1300 4554 ac
1332 4500 1577 4558 tubarum
1603 4502 1805 4556 omnis-

209 4602 318 4655 que
360 4590 553 4644 musici
597 4590 936 4644 instrumenti
964 4590 1030 4644 ad
1061 4591 1250 4645 czelum
1286 4606 1454 4662 usque
1479 4593 1798 4659 ascendens,

210 4680 429 4735 illorum
456 4681 676 4737 auribus
699 4689 1031 4751 personaret.
1064 4681 1275 4736 Fornax
1301 4684 1724 4739 succendebatur
1748 4694 1803 4740 et

210 4773 429 4828 flamma
459 4775 526 4828 ad
574 4773 888 4827 immensam
934 4772 1267 4828 altitudinem
1309 4790 1479 4844 usque
1521 4775 1589 4830 ad
1631 4775 1802 4831 nubes

209 4864 581 4929 ascendebat,
638 4863 818 4918 omnia
866 4873 1011 4918 metu
1059 4872 1368 4934 terroreque
1423 4866 1576 4935 plena
1625 4877 1798 4921 erant.

210 4958 412 5012 Verum
458 4957 578 5011 illos
608 4956 823 5025 quidem
853 4956 984 5011 nihil
1013 4956 1200 5011 horum
1240 4960 1534 5023 exterruit;
1576 4958 1672 5013 sed
1700 4959 1799 5013 ad-

207 5059 418 5104 stantes
442 5050 593 5119 quasi
616 5047 859 5103 ludentes
884 5062 1078 5118 pueros
1106 5048 1429 5113 deriserunt,
1463 5063 1525 5103 ac
1549 5050 1797 5104 virtutem

210 5140 788 5210 mansuetudinemque
812 5154 961 5196 suam
992 5139 1366 5206 ostenderunt,
1398 5139 1635 5224 ipsisque
1656 5140 1798 5197 tubis

282 5430 357 5490 (a)
390 5429 474 5477 Hic
498 5427 734 5477 memoria
766 5425 861 5490 labi
896 5426 1090 5490 videtur
1130 5425 1518 5490 Chrysostomus,
1556 5439 1668 5490 cum
1696 5426 1816 5477 dicit

215 5487 425 5540 statuam
459 5490 588 5538 illam
622 5502 649 5537 a
674 5488 1138 5551 Nabuchodonosore
1180 5487 1351 5537 factam
1386 5501 1451 5537 ea:
1484 5488 1613 5551 ligno
1646 5488 1812 5538 fuisse.

215 5561 329 5602 Nam
353 5565 503 5600 aurea
528 5550 617 5613 illa
634 5552 683 5599 in
706 5549 1071 5613 exemplaribus
1087 5551 1312 5600 omnibus
1333 5549 1597 5610 Hebraiéis,
1614 5551 1808 5612 Grtecis,

218 5615 398 5663 ulmis
419 5613 571 5662 fuisse
590 5612 784 5662 dicitur.

238 5682 292 5787 ,ει
302 5678 633 5788 ἑιἪξῑῗιτίρϋ
657 5689 753 5727 non
776 5678 912 5739 pauci
934 5675 1127 5740 legunt,
1162 5674 1277 5737 luto,
1301 5689 1407 5740 pro,
1430 5674 1715 5740 margarita.
1748 5682 1801 5730 Et

238 5767 252 5788 ι
346 5753 376 5787 ιι
525 5771 541 5787 ο

209 5751 283 5788 διε
302 5750 541 5788 Διιιωιιιδ.

1952 475 2229 531 clariorem
2256 476 2563 531 emittentcs
2588 490 2773 533 vocem
2804 475 3048 534 dicebant
3074 498 3087 535 :
3115 478 3168 534 Ν
3172 491 3308 535 otum
3334 483 3523 551 sittiln,

1948 581 2038 621 rea:
2068 564 2242 637 (Dan.
2276 566 2327 623 5.
2362 567 2428 620 {8
2447 566 2489 636 ).
2534 565 2715 637 Neque
2743 570 2883 623 enim
2914 571 3089 625 verbis
3120 581 3403 643 tyrannum
3426 574 3548 630 de--

1951 656 2237 714 honestare
2266 659 2533 726 volebant,
2565 660 2659 714 sed
2689 670 2890 716 tantum
2921 663 3171 731 pietatem
3200 678 3350 719 suam
3375 666 3528 722 exhi-

1945 748 2091 806 bere.
2124 751 2458 822 Quapropter
2495 767 2599 805 non
2642 752 2814 823 longis
2858 755 3195 810 sermonibus
3236 766 3359 811 sunt
3402 758 3480 811 usi
3506 800 3521 825 ,

1947 842 2043 896 sed
2075 842 2258 911 paucis
2282 852 2472 897 cuncta
2502 843 2839 898 declararunt
2870 863 2883 898 :
2915 843 3041 911 Est,
3075 847 3351 917 inquiunt,
3380 846 3545 903 Deus-

1942 932 1996 985 in
2025 932 2169 999 cwlo,
2199 932 2286 1002 qui
2312 943 2469 1001 potest
2497 950 2585 987 nos
2610 950 2781 987 eruere
2801 933 2964 1001 (Ibid.
2988 952 3034 989 υ.
3066 936 3176 1007 17).
3208 938 3341 1005 Quid
3374 940 3526 993 nobis

1945 1031 2143 1075 tantam
2184 1022 2573 1078 multitudinem
2602 1024 2873 1078 ostendis?
2896 1026 3021 1096 quid
3051 1026 3360 1083 fornacem?
3394 1028 3551 1099 quid"

1944 1113 2148 1182 gladios
2184 1125 2403 1179 acutos,
2454 1114 2579 1185 quid
2611 1115 2876 1171 terribiles
2921 1116 3042 1173 illos
3092 1120 3387 1175 satellites?
3431 1120 3553 1174 llis~

1937 1204 2185 1260 omnibus
2218 1205 2461 1275 superior
2487 1218 2539 1261 et
2580 1208 2848 1275 potentior
2886 1218 2968 1262 est
3008 1209 3283 1264 Dominus.
3319 1210 3549 1265 Deinde

1936 1296 2229 1364 cogitantes
2258 1298 2571 1365 contingere
2613 1314 2769 1368 posse
2803 1300 2969 1353 Deum
3003 1301 3072 1355 ita
3089 1302 3235 1355 veiie
3258 1343 3272 1365 ,
3307 1317 3369 1355 ac
3401 1315 3521 1371 per-

1937 1386 2151 1439 mittere
2202 1396 2258 1440 ut
2308 1387 2406 1455 ipsi
2450 1388 2941 1454 comburerentur;
2987 1407 3059 1445 ne
3105 1391 3197 1445 illo
3244 1392 3551 1447 accideme'

1937 1474 2246 1530 viderentur
2274 1478 2549 1533 mendacia
2582 1480 2783 1549 loquuti
2810 1496 2950 1547 esse,
2975 1482 3076 1537 hoc
3097 1483 3257 1538 etiam
3284 1484 3483 1539 addunt
3503 1504 3545 1538 :-

1940 1565 2088 1630 Quod
2117 1568 2160 1621 si
2182 1569 2275 1621 hoc
2301 1586 2402 1622 non
2427 1570 2520 1638 ﬁat
2540 1611 2555 1637 ,
2585 1581 2759 1625 notum
2786 1573 2851 1627 sit
2889 1573 2980 1627 tibi
3014 1590 3105 1628 nos
3140 1574 3259 1631 deos
3285 1585 3397 1630 tam
3421 1592 3548 1630 none

1937 1660 2099 1713 colere
2120 1659 2281 1727 (Dan.
2300 1663 2352 1717 5.
2386 1661 2496 1733 τε).

2008 1752 2095 1805 ll.
2136 1752 2189 1807 Si
2220 1754 2362 1807 enim
2388 1753 2671 1818 dixissent,
2698 1756 2840 1811 Deus
2865 1756 2935 1812 ob
2966 1767 3316 1827 peccata’non
3358 1770 3531 1815 eruet‘

1936 1855 2054 1907 nos,
2083 1842 2223 1911 quod
2254 1844 2297 1897 si
2328 1860 2431 1898 non
2460 1846 2671 1915 eripiat,
2704 1846 2834 1901 fides
2865 1848 2993 1917 ipsis
3023 1864 3127 1903 non
3171 1850 3346 1905 habita
3392 1851 3523 1907 fuis-

1934 1943 2035 1987 set.
2071 1933 2193 1987 ldco
2224 1932 2307 1988 hic
2330 1935 2459 1990 illud
2492 1946 2695 2001 tacent;
2729 1938 2779 1992 id
2809 1954 2937 1993 vero
2957 1940 3143 1995 dicunt
3188 1940 3239 1995 in
3277 1940 3515 2005 fornace,

1934 2021 2364 2093 frequentissime
2392 2036 2607 2097 peccata
2637 2041 3142 2086 commemorantes.
3171 2030 3363 2086 Coram
3395 2047 3521 2102 rege

1932 2124 2109 2171 autem
2139 2117 2270 2171 nihil
2300 2118 2600 2187 hujusmodi
2622 2135 2637 2186 ;
2660 2121 2753 2177 sed
2784 2122 2995 2178 etiamsi
3016 2124 3366 2180 comburendi
3388 2126 3518 2189 sint,

1932 2208 2073 2277 piam
2101 2209 2410 2279 religionem
2435 2225 2493 2266 se
2520 2226 2625 2266 non
2654 2213 2959 2283 prodituros
2998 2229 3118 2270 esse
3156 2215 3358 2271 dicunt.
3402 2216 3524 2271 Non

1930 2301 2072 2353 enim
2104 2314 2199 2368 pro
2231 2301 2582 2357 retributione
2611 2311 2771 2372 atque
2801 2304 3049 2360 mercede
3076 2305 3126 2360 id
3154 2307 3400 2377 agebant,
3424 2308 3537 2363 seti

1930 2404 1997 2445 ex
2022 2391 2135 2444 sola
2164 2393 2386 2447 caritate
2416 2411 2429 2446 :
2460 2394 2667 2448 etiamsi
2697 2395 2749 2449 in
2777 2396 3084 2465 captivitate
3108 2398 3233 2452 etin
3261 2399 3520 2454 servitute

1923 2490 2131 2546 essent,
2152 2483 2298 2537 nullo
2326 2483 2559 2539 fruentes
2588 2485 2749 2539 bono.
2773 2485 2904 2540 Nam
2932 2496 2987 2542 et
3004 2489 3171 2557 patria
3192 2499 3246 2543 et
3276 2489 3539 2545 libertate~

1933 2580 1989 2625 et
2012 2572 2261 2628 omnibus
2283 2573 2437 2628 bonis
2475 2575 2803 2630 exciderant.
2849 2576 2927 2631 Ne
2955 2578 3087 2631 mibi
3127 2580 3269 2633 enim
3317 2580 3437 2634 illos
3464 2582 3518 2635 in

1937 2663 2101 2732 regali
2127 2664 2245 2719 aula
2275 2680 2669 2722 commemores
2708 2666 2962 2723 honores.
2992 2667 3125 2725 Cum
3163 2671 3307 2725 enim
3350 2673 3540 2726 sancti—

1932 2765 1987 2811 et
2000 2756 2127 2826 justi
2150 2767 2350 2823 essent,
2372 2759 2671 2815 sexcenties
2686 2759 2829 2814 domi
2859 2762 3051 2831 stipem
3079 2777 3271 2832 cogere
3296 2764 3538 2819 maluis-

1931 2854 2074 2911 sent,
2107 2856 2161 2901 et
2196 2849 2374 2919 templi
2401 2850 2558 2906 bonis
2587 2849 2728 2906 frui:
2761 2851 2908 2923 Elegi
2936 2852 3080 2907 enim
3100 2895 3117 2921 ,
3149 2855 3348 2924 inquit,
3375 2856 3517 2922 obje-

1931 2955 2039 3002 cta:
2061 2963 2168 3002 esse
2185 2964 2237 3001 tn
2266 2948 2416 3000 domo
2442 2945 2541 2999 Dei
2573 2945 2671 2998 mei
2688 2983 2705 3009 ,
2734 2945 2895 3014 magis
2924 2959 3075 3012 quam
3101 2944 3325 2996 habitare
3355 2948 3409 2997 in
3434 2951 3533 2995 tam

1930 3041 2212 3093 bernacuiis
2237 3047 2554 3109 peccath
2580 3036 2599 3107 (
2626 3034 2772 3091 Psal.
2798 3036 2888 3091 85.
2922 3035 3069 3115 11.);
3100 3044 3188 3101 et,
3220 3034 3405 3089 Helior
3439 3044 3515 3088 est

1930 3132 2037 3187 dies
2065 3148 2169 3186 una
2186 3133 2238 3186 in
2263 3132 2407 3185 atriis
2432 3132 2529 3183 tuis
2557 3145 2707 3198 super
2728 3128 2889 3183 millia
2908 3125 3114 3199 (lbid.).
3141 3126 3317 3195 Longe
3336 3125 3518 3198 potius

1929 3238 2059 3293 ergo
2086 3223 2397 3277 maluissent
2417 3219 2609 3291 abjecti
2636 3234 2755 3274 esse
2775 3218 2941 3283 domi,
2971 3233 3129 3289 quam
3159 3218 3211 3272 in
3240 3217 3514 3289 Babylone

1929 3329 2176 3385 regnare.
2205 3313 2262 3368 Id
2285 3312 2424 3384 quod
2447 3311 2623 3382 palam
2655 3320 2738 3366 est
2757 3327 2821 3366 ex
2849 3310 2915 3363 its
2938 3322 3057 3379 quae
3086 3309 3137 3363 in
3174 3307 3391 3363 fornace
3416 3307 3514 3362 de-

1926 3408 2152 3471 clarant,
2181 3422 2324 3477 εδει-θ
2347 3421 2407 3461 se
2427 3404 2567 3460 ferre
2591 3419 2786 3473 nempe
2821 3402 3203 3457 habitationem
3234 3401 3515 3473 Babyloni-

1926 3513 2067 3553 cam.
2095 3498 2208 3553 Etsi
2235 3498 2377 3553 enim
2403 3496 2513 3551 illic
2542 3494 2709 3549 multo
2738 3493 3041 3548 fruerentur
3066 3492 3291 3558 honore,
3323 3507 3516 3562 magno

1929 3590 2060 3661 ipsis
2086 3589 2261 3645 dolori
2287 3596 2439 3644 erant
2463 3595 2804 3650 cancrorum,
2832 3599 2966 3655 quas
2991 3584 3089 3655 ipsi
3122 3583 3391 3647 videbant,
3419 3598 3515 3638 ca-

1928 3680 2231 3736 lamitates:
2262 3678 2404 3749 quod
2442 3678 2642 3734 sanctis
2670 3676 2905 3732 maxime
2942 3675 3218 3746 proprium
3260 3685 3363 3742 est,
3406 3691 3513 3730 non

1927 3770 2169 3841 gloriam,
2204 3788 2308 3824 non
2330 3769 2612 3835 honorem,
2632 3784 2739 3823 non
2764 3767 2910 3822 aliud
2936 3767 3224 3838 quidquam
3243 3767 3515 3837 proximo-

1927 3877 2049 3917 rum
2077 3861 2232 3916 saluti
2282 3869 2629 3930 anteponere.
2658 3856 2793 3912 Vide
2836 3856 2997 3929 igitur
3024 3856 3290 3927 quomodo
3326 3857 3378 3911 in
3408 3856 3518 3911 for-

1931 3968 2064 4008 naee
2106 3968 2204 4023 pro
2249 3951 2394 4006 omni
2431 3950 2628 4021 populo
2660 3949 3041 4020 supplicarent.
3071 3947 3181 4004 Nos
3226 3958 3403 4003 autem
3447 3964 3517 4004 ne

1927 4043 2138 4114 quidem
2166 4058 2287 4097 eum
2310 4041 2593 4111 tranquille
2622 4040 2851 4111 agimus,
2876 4038 3099 4093 fratrum
3131 4038 3512 4093 recordamur:

1926 4146 2123 4190 etcum
2176 4134 2381 4189 somnia
2421 4132 2781 4203 explorarent,
2814 4146 2920 4185 non
2968 4145 3085 4197 sua,
3141 4129 3236 4185 sed
3286 4129 3513 4184 aliorum

1927 4228 2209 4283 commoda
2257 4228 2308 4281 in
2348 4242 2512 4296 scopo
2558 4224 3045 4296 habebant:un
3088 4223 3233 4281 enim
3283 4234 3515 4278 mortem

1927 4316 2369 4385 contemnerent,
2421 4318 2605 4373 multis
2648 4327 2832 4387 postea
2882 4315 3243 4371 declararunt.
3305 4314 3519 4385 Ubique

1929 4422 2110 4467 autem
2148 4418 2344 4481 praasto
2371 4418 2493 4465 sunt
2532 4409 2694 4462 Deum
2722 4408 2934 4478 placare
2979 4406 3277 4463 studentes.
3308 4405 3521 4462 Deinde

1925 4505 2048 4575 quia
2075 4520 2135 4560 se
2158 4520 2263 4558 non
2291 4502 2360 4557 ad
2390 4502 2442 4557 id
2472 4501 2719 4557 sufficere
2748 4501 3026 4569 putabant,
3060 4500 3125 4554 ad
3164 4510 3345 4571 patres
3379 4516 3512 4555 con-

1925 4598 2169 4668 fugiunt:
2200 4595 2301 4667 ipsi
2331 4602 2510 4650 autem
2554 4609 2659 4647 non
2699 4592 2841 4647 aliud
2870 4592 3067 4647 afferre
3104 4591 3311 4659 dicunt,
3351 4606 3511 4661 quam

1925 4689 2169 4759 spiritum
2189 4687 2499 4742 contritum.
2530 4685 2640 4741 Hos
2662 4686 2845 4753 itaque
2867 4692 2922 4738 et
2942 4700 3037 4739 nos
3064 4685 3349 4739 imitemur.
3377 4683 3510 4740 Nam

1923 4781 2083 4836 etiam
2112 4792 2253 4833 nunc
2271 4785 2375 4832 stat
2399 4790 2559 4831 aurea
2587 4775 2781 4846 imago,
2809 4789 3071 4829 mamonae
3097 4790 3289 4844 nempe
3331 4785 3515 4847 tyran-

1924 4872 2027 4927 nis.
2056 4870 2160 4927 Sed
2189 4886 2294 4926 non
2336 4868 2673 4925 attendamus
2722 4869 3011 4940 tympanis,
3055 4884 3163 4921 non
3192 4869 3369 4935 tibiis,
3401 4883 3521 4922 non

1923 4964 2161 5037 cinyris,
2211 4979 2317 5018 non
2374 4963 2578 5034 reliquo
2616 4961 2921 5017 divitiarum
2976 4961 3251 5029 apparatni
3282 4976 3517 5015 :vertun

1924 5056 2133 5110 etiamsi
2166 5055 2217 5109 in
2246 5054 2569 5124 paupertatis
2588 5052 2858 5108 fornacem
2890 5050 3128 5105 incidere
3156 5059 3417 5120 oporteat,
3452 5052 3520 5108 id.

1919 5159 2097 5229 potius
2123 5155 2438 5227 deligamus,
2478 5166 2621 5210 utne
2665 5155 2837 5226 ipsum
2867 5154 3173 5218 adoremus,
3214 5159 3271 5206 et
3306 5148 3410 5205 erit
3445 5163 3514 5203 tn.

1922 5251 2100 5307 medio
2139 5248 2369 5305 fornacis
2411 5265 2503 5304 ros
2531 5249 2775 5304 sibilans.
2801 5247 2879 5303 Ne
2922 5251 3102 5318 itaque
3132 5252 3515 5315 paupertatem.

1925 5352 2258 5409 horreamus,
2275 5342 2400 5397 dum
2425 5342 2691 5398 fornacem
2712 5340 2958 5396 audimus
2987 5339 3027 5397 ⁸.
3048 5338 3181 5395 Nam
3204 5346 3329 5394 timo
3342 5337 3520 5393 etiam

1977 5604 1993 5634 ι
2031 5609 2083 5651 In
2104 5593 2246 5650 savii.
2280 5601 2334 5644 et
2368 5590 2550 5653 aliquot
2583 5594 2691 5654 stss.
2716 5586 2919 5649 legitur,
2940 5596 3010 5654 ne
3028 5583 3182 5654 igitur
3211 5582 3499 5654 [torrentium

2232 5645 2493 5732 fornacem.
2518 5649 2610 5703 sed
2648 5645 2883 5714 praestare
2910 5645 3098 5698 videtur
3126 5645 3276 5697 lectio
3296 5645 3503 5708 Novelli,

1914 5719 2024 5797 quae
2047 5729 2095 5779 in
2117 5728 2257 5776 textu
2277 5719 2424 5782 jacet.
