4078 6372
538 312 608 369 55
1227 310 1285 366 S.
1324 308 1608 366 IOANNIS
1644 306 2132 365 CHRYSOSTOMI-
2165 310 2488 368 ARCHIEP.
2527 311 3073 370 CONSTANTINOP.
3713 323 3786 380 54

528 415 565 470 ii
588 413 753 487 quiin
787 405 1056 469 fornacem
1089 411 1392 468 inciderunt
1421 412 1742 468 illustriores
1773 412 1949 469 ell‘eeti
1978 430 1992 467 :
2019 417 2110 484 qui

527 517 704 564 autem
750 516 978 560 statuam
1016 503 1391 569 adoraverunt,
1435 504 1596 560 occisi
1641 512 1784 560 sunt.
1831 503 1939 560 Sed
1986 513 2112 559 tunc

526 602 705 658 omnia
747 600 904 656 simul
934 599 1072 656 facta
1101 609 1259 666 sunt;
1292 615 1434 654 nunc
1461 614 1590 654 vero
1627 598 1730 654 alia
1776 598 1884 665 hic,
1925 600 2027 654 alia
2057 601 2109 658 in

526 696 705 750 futuro
733 694 950 759 saeculo,
980 693 1080 748 alia
1107 701 1160 748 et
1197 691 1285 747 hic
1326 700 1382 747 et
1422 691 1474 745 in
1512 690 1690 748 futuro
1714 691 1936 748 saeculo.
1978 691 2111 748 Nam

526 787 640 858 qui,
669 803 736 842 ne
765 800 1065 840 mamonam
1090 783 1396 850 adorarent,
1426 792 1791 853 paupertatem
1813 783 2110 854 elegerunt,

527 889 584 934 et
609 879 696 934 hic
720 888 774 933 et
799 878 905 933 illic
931 875 1322 946 splendidiores
1343 884 1502 930 erunt
1529 893 1542 930 :
1572 875 1662 946 qui
1702 890 1830 932 vero
1867 877 1953 930 hic
1977 875 2113 946 inju-

481 1003 484 1006 ι
528 980 613 1028 ste
637 970 850 1026 divitias
879 967 1254 1040 possederunt,
1283 977 1408 1023 tunc
1430 979 1697 1024 extremas
1725 967 1874 1022 luent
1901 981 2110 1037 ptenas.

529 1065 611 1119 Ex
637 1063 736 1116 hac
765 1061 984 1116 fornace
1003 1060 1238 1116 Lazarus
1264 1059 1417 1126 exiit,
1447 1073 1557 1115 non
1588 1059 1766 1115 minus
1791 1061 2114 1130 conspicuus

528 1172 688 1229 quam
732 1165 843 1211 tres
879 1154 958 1209 illi
996 1153 1186 1224 pueri;
1217 1151 1365 1207 dives
1412 1159 1612 1219 autem,
1658 1151 1749 1222 qui
1775 1150 2112 1207 adorantium

529 1261 762 1308 statuant
791 1248 958 1304 instar
985 1247 1106 1312 fuit,
1135 1245 1199 1300 ad
1227 1245 1526 1316 gehennam
1551 1243 1834 1309 damnatus
1858 1253 1962 1301 est.
1980 1244 2114 1300 Nam

528 1359 650 1414 qua:
677 1341 818 1397 dicta
847 1347 992 1403 sunt,
1020 1340 1187 1409 figura
1215 1336 1431 1392 illorum
1457 1344 1628 1392 erant.
1660 1335 1730 1393 Ut
1759 1337 1920 1407 igitur
1946 1338 1984 1392 ii
2024 1339 2115 1408 qui

529 1435 584 1490 in
612 1433 887 1489 fornacem
921 1430 1257 1497 inciderunt,
1293 1428 1427 1486 nihil
1468 1429 1613 1498 passi
1649 1437 1808 1495 sunt;
1855 1430 1944 1500 qui
1987 1446 2141 1487 vero.

529 1528 662 1585 foris
685 1537 860 1594 erant,
888 1539 1077 1596 magna
1095 1538 1216 1580 cum
1242 1521 1578 1577 vehementia
1614 1529 1738 1576 sunt
1757 1522 1962 1592 abrepti
1993 1540 2007 1577 :
2039 1524 2117 1579 sic

531 1629 588 1678 et
613 1630 739 1676 tunc
762 1619 902 1684 erit;
931 1615 1108 1672 sancti.
1124 1615 1212 1686 qui
1239 1627 1334 1683 per
1357 1611 1576 1667 ﬂuvium
1602 1614 1814 1684 igneum
1841 1613 2117 1686 incedunt,

533 1715 666 1771 nihil
694 1715 962 1784 ingratum
1009 1709 1299 1780 patientur,
1338 1705 1436 1762 sed
1480 1705 1588 1762 laeti
1628 1707 2117 1779 apparebunt;qui

531 1817 710 1863 autem
752 1804 1034 1873 imaginem
1097 1801 1493 1867 adoraverunt,
1541 1797 1716 1869 ignem
1763 1797 2024 1855 videbunt
2062 1801 2116 1856 in

532 1917 593 1957 se
617 1898 802 1970 quavis
823 1895 932 1952 fera
956 1893 1152 1949 sznvius
1170 1891 1484 1956 irruentem,
1506 1897 1561 1945 et
1580 1890 1722 1945 intus
1737 1890 2114 1947 attrahentem.

536 1995 715 2063 Itaque
741 1992 786 2048 si
805 1990 926 2062 quis
951 1987 1252 2059 gehennam
1273 1999 1380 2040 non
1405 1982 1597 2051 credit,
1621 1983 1760 2040 hanc
1785 1984 1972 2042 videns
2006 1983 2116 2041 for-

533 2089 742 2141 nacem,
768 2089 798 2130 a
830 2074 1178 2144 praesentibus
1206 2073 1387 2128 futura
1419 2070 1645 2128 credere
1669 2071 1908 2137 ediscat,
1951 2085 2014 2126 ac
2042 2085 2112 2126 ne

531 2168 716 2226 timeat
751 2166 1078 2237 paupertatis
1130 2164 1421 2227 fornacem,
1471 2162 1565 2218 sed
1617 2163 1792 2233 potius
1834 2161 2108 2216 fornacem

531 2258 756 2330 peccati.
792 2257 916 2316 Rrec
943 2257 1084 2314 enim
1127 2266 1181 2311 et
1207 2255 1418 2311 ﬂamma
1449 2262 1504 2309 et
1534 2253 1691 2310 dolor
1717 2268 1830 2319 eSt;
1854 2253 1943 2308 illa
1983 2269 2111 2308 vero

532 2365 623 2406 ros
643 2358 699 2406 et
715 2349 948 2420 requies.
997 2349 1052 2403 In
1088 2349 1176 2404 illa
1208 2349 1424 2404 fornace
1466 2356 1573 2403 stat
1599 2347 1872 2412 diabolus;
1918 2349 1970 2403 in
2013 2347 2111 2403 hac

527 2440 702 2512 angeli
731 2441 1062 2497 excutientes
1087 2438 1379 2494 flammam.

601 2532 692 2588 12.
731 2531 856 2594 Huic
879 2531 1101 2586 audiant
1120 2530 1334 2596 divites,
1361 2530 1451 2600 qui
1480 2531 1808 2601 paupertatis
1841 2529 2107 2586 ﬂammam

529 2621 849 2680 accendunt.
905 2621 1238 2692 Pauperibus
1286 2622 1430 2676 enim
1471 2620 1606 2675 nihil
1647 2622 1933 2686 nocebunt,
1987 2636 2111 2677 rore

528 2722 661 2792 ipsis
689 2719 1138 2790 superveniente;
1169 2733 1229 2774 se
1257 2732 1386 2773 vero
1411 2717 1557 2788 ipsos
1596 2715 1825 2771 ﬂammis
1863 2716 2073 2772 tradent
2091 2755 2106 2782 ,

525 2827 661 2884 quas
680 2811 778 2882 ipsi
804 2813 1036 2884 propriis
1077 2811 1325 2866 manibus
1357 2809 1740 2869 accenderunt.
1775 2809 1926 2865 Tunc
1947 2824 2110 2880 ange-

525 2906 612 2962 lus
628 2905 904 2961 descendit
928 2905 997 2960 ad
1024 2919 1216 2974 pueros
1237 2921 1252 2970 ;
1274 2905 1386 2974 jam
1414 2919 1540 2959 vero
1567 2919 1666 2960 nos
1696 2903 1768 2959 ad
1800 2919 1915 2970 eos,
1937 2905 2027 2974 qui
2053 2905 2106 2958 in

527 2997 744 3052 iornace
771 2996 1103 3067 paupertatis
1122 3006 1243 3052 sunt
1261 3038 1276 3061 ,
1307 2996 1724 3064 descendamus,
1751 3004 1807 3051 et
1845 3011 1940 3066 per
1963 2996 2108 3052 elee-

525 3103 803 3160 Inosynam
833 3103 1010 3144 rorem
1037 3090 1326 3159 pariamus,
1355 3088 1729 3159 flammamque
1754 3089 2102 3158 excutiamus,

524 3190 584 3236 ut
605 3197 724 3238 cum
761 3181 866 3238 illis
895 3196 1213 3238 coronarum
1253 3182 1420 3236 simus
1461 3189 1778 3247 consortes;
1811 3190 1972 3252 utque
2010 3198 2106 3252 ge-

522 3272 714 3329 hennae
757 3271 1022 3327 ﬂammam
1071 3271 1269 3328 Christi
1299 3287 1397 3328 vox
1424 3273 1656 3328 excutiat
1687 3273 1872 3328 dicens
1901 3315 1916 3338 ,
1965 3272 2101 3328 Esu-

519 3366 732 3421 riemem
759 3381 839 3420 me
863 3365 1078 3432 vidistis,
1107 3374 1154 3419 et
1188 3365 1393 3436 punisti:
1423 3367 1442 3435 (
1469 3364 1658 3420 Matth.
1689 3365 1784 3420 25.
1811 3366 1881 3421 35
1908 3363 1951 3436 ).
1979 3365 2105 3420 Hmc

521 3457 666 3513 enim
691 3472 797 3512 vox
852 3466 979 3512 tunc
1007 3457 1162 3514 nobis
1209 3473 1306 3527 pro
1348 3471 1471 3513 rore
1514 3456 1686 3512 aderit
1731 3472 1828 3526 per
1874 3456 2103 3512 mediam

519 3550 788 3605 ﬂammam
811 3549 1054 3605 sibilans.
1087 3549 1482 3606 Descendamus
1524 3551 1700 3620 itaque
1719 3565 1839 3605 cum
1871 3551 2106 3606 eleemo-

519 3656 652 3714 syna
704 3642 756 3698 in
814 3641 1081 3697 fornacem
1141 3642 1466 3711 paupertatis
1509 3641 1824 3697 :videamus
1873 3641 2108 3711 philoso-

522 3733 748 3804 phantes
785 3733 904 3788 illos
929 3733 1018 3804 qui
1046 3732 1100 3786 in
1129 3733 1243 3801 ipsa
1285 3732 1597 3797 ambulant,
1628 3742 1682 3787 et
1708 3732 1972 3788 carbones
1996 3733 2106 3788 cal-

518 3834 646 3882 cant
692 3827 760 3878 ιε
807 3825 1085 3882 videamus
1133 3840 1245 3880 rem
1290 3839 1481 3880 novam
1535 3833 1694 3895 atque
1747 3825 2098 3894 stupendam,

520 3915 790 3973 hominem
841 3916 892 3971 in
946 3915 1160 3971 fornace
1204 3915 1540 3984 psallentem,
1571 3915 1841 3971 hominem
1884 3916 1940 3970 in
1979 3916 2101 3985 igne

504 4007 714 4078 gratias
738 4017 1003 4079 agentem,
1032 4015 1268 4062 extrema
1297 4007 1472 4077 inopia
1499 4007 1890 4078 colligatum,et
1908 4008 2102 4064 multas

517 4100 732 4156 Christo
759 4099 950 4158 laudes
980 4099 1327 4156 referentem.
1355 4099 1564 4155 Etenim
1590 4101 1770 4169 pueris
1808 4099 1913 4154 illis
1941 4114 2100 4169 pares

517 4199 642 4248 sunt
657 4192 693 4248 ii
717 4191 807 4263 qui
824 4199 1188 4263 paupertatem
1214 4206 1338 4246 cum
1361 4191 1648 4262 gratiarum
1666 4191 1876 4246 actione
1899 4191 2094 4246 ferunt.

585 4346 604 4379 ί
639 4345 752 4407 Alil,
775 4353 820 4398 et
841 4346 1067 4412 superbos
1079 4345 1438 4412 ealcumlufra
1451 4342 1858 4412 quidam,.muftas
1887 4345 2099 4398 Decum-

518 4404 626 4459 des.
649 4404 752 4471 pro,
778 4404 952 4460 multas
973 4409 1160 4462 chriae
1182 4408 1367 4460 laudes.

2223 417 2356 473 Nam
2386 419 2507 492 igne
2535 419 2822 476 terribilior
2848 428 2932 475 est
2955 417 3288 488 mendicitas,
3325 423 3596 492 magisque
3617 421 3803 478 incen-

2220 507 2351 565 dere
2372 511 2528 564 solet.
2566 509 2670 565 Sed
2715 509 2927 565 ﬂamma
2977 524 3170 579 pneros
3218 509 3339 564 illos
3383 524 3489 566 non
3541 511 3797 582 incendit,

2221 617 2406 658 verum
2458 602 2581 674 quia
2633 605 2830 674 gratias
2884 604 3110 659 Domino
3154 603 3543 672 reddiderunt,
3591 607 3800 663 vincula

2221 710 2456 764 ipsorum
2483 694 2661 750 subito
2679 695 2850 750 soluta
2871 705 3016 750 sunt.
3042 694 3117 750 lta
3145 705 3200 750 et
3225 710 3388 763 nunc,
3416 698 3460 752 si
3503 697 3554 752 in
3579 714 3804 769 pauper-

2221 795 2384 841 tatem
2410 786 2586 856 lapsus
2614 788 2810 858 gratias
2830 802 2976 856 agas,
2994 787 3200 842 vincula
3218 787 3495 842 solvuntur
3512 798 3566 843 et
3587 788 3801 843 ﬂamma

2219 878 2602 947 exstinguitur;
2635 879 2679 933 si
2710 893 2817 932 non
2843 878 3205 948 extinguatur,
3253 877 3304 932 id
3329 879 3470 949 quod
3503 879 3802 934 mirabilius
3873 886 3880 890 ‘

2219 976 2322 1033 est,
2353 983 2448 1038 pro
2470 968 2678 1024 ﬂamma
2705 967 2824 1023 fons
2845 969 3076 1024 efficitur
3091 968 3113 998 ’
3135 985 3150 1035 ;
3172 969 3312 1039 quod
3342 978 3466 1025 tunc
3486 971 3644 1026 etiam
3665 986 3802 1027 con-

2221 1059 2334 1129 tigit
2367 1077 2381 1112 :
2415 1075 2535 1114 nam
2568 1061 2619 1115 in
2667 1060 2841 1116 media
2871 1061 3085 1118 fornace
3128 1077 3251 1117 rore
3289 1076 3424 1131 puro
3467 1063 3799 1118 fruebantur.

2218 1149 2396 1220 lgnem
2423 1150 2637 1221 quidem
2687 1167 2794 1206 non
2837 1153 3112 1216 exstinxit,
3142 1153 3235 1208 sed
3266 1169 3332 1209 ne
3360 1154 3808 1210 comburerentur

2217 1244 2306 1312 qui
2334 1257 2399 1298 eo
2426 1243 2603 1313 injecti
2636 1243 2843 1297 fuerant
2874 1243 3168 1314 impedivit.
3211 1244 3321 1300 lloc
3349 1246 3508 1299 etiam
3545 1244 3596 1300 in
3623 1245 3803 1315 philo-

2217 1333 2566 1402 sophantibus
2595 1334 2777 1390 videre
2800 1342 2920 1390 est:
2947 1335 3144 1390 etenim
3202 1335 3255 1389 in
3291 1344 3600 1406 paupertate
3645 1337 3805 1390 timo-

2218 1431 2292 1485 ris
2343 1429 2510 1498 magis
2548 1436 2795 1497 expertes
2836 1437 2995 1496 sunt,
3051 1443 3209 1498 quam
3244 1427 3457 1483 divites.
3508 1428 3585 1484 Ne
3621 1429 3806 1500 itaque

2217 1528 2368 1574 extra
2395 1519 2662 1573 caminum
2681 1517 2981 1582 sedeamus,
3001 1517 3145 1572 nulla
3169 1533 3292 1588 erga
3311 1532 3573 1589 pauperes
3588 1519 3804 1575 miseri-

2217 1608 2398 1664 cordia
2429 1607 2627 1674 affecti,
2661 1625 2728 1662 ne
2754 1609 3021 1678 patiamur
3049 1607 3192 1678 quod
3219 1617 3345 1662 tunc
3375 1609 3449 1662 illi
3477 1610 3616 1678 passi
3651 1619 3800 1663 sunt.

2217 1701 2272 1757 Si
2298 1700 2438 1755 enim
2467 1699 2800 1755 descendens
2821 1699 2888 1754 ad
2919 1713 3114 1770 pueros
3141 1713 3262 1754 cum
3286 1699 3392 1752 illis
3413 1699 3644 1767 steteris,
3668 1700 3804 1755 nihil

2215 1791 2340 1847 mali
2384 1790 2480 1846 tibi
2521 1789 2718 1846 inferet
2767 1791 2904 1862 ignis
2943 1791 3036 1845 :si
3087 1798 3265 1846 autem
3310 1805 3542 1862 superne
3583 1791 3800 1858 sedens,

2214 1882 2526 1953 despexeris
2576 1883 2700 1938 illos
2749 1883 2802 1938 in
2849 1882 3063 1937 ﬂamma
3093 1881 3444 1952 paupertatis,
3495 1892 3548 1938 te
3587 1881 3801 1939 ﬂamma

2215 1975 2508 2031 comburet.
2543 1971 2819 2030 Descende
2846 1973 3006 2043 igitur
3024 1973 3075 2027 in
3099 1972 3294 2042 ignem,
3319 1987 3388 2028 ne
3410 1971 3708 2029 incendaris
3732 1974 3807 2029 ab

2215 2068 2337 2137 igne
2365 2084 2378 2120 :
2411 2081 2480 2122 ne
2509 2065 2698 2122 sedeas
2717 2075 2868 2121 extra
2899 2066 3099 2136 ignem,
3126 2079 3197 2120 ne
3224 2075 3275 2122 te
3303 2063 3515 2120 ﬂamma
3549 2065 3799 2136 abripiat.

2215 2158 2271 2214 Si
2299 2159 2439 2214 enim
2467 2167 2518 2214 te
2545 2157 2737 2212 viderit
2759 2173 2881 2212 cum
2908 2155 3250 2227 pauperibus,
3279 2171 3311 2210 a
3338 2164 3391 2210 te
3411 2156 3687 2221 abscedet;
3715 2156 3804 2212 sin

2216 2250 2410 2306 abillis
2437 2259 2762 2320 separatum,
2787 2251 2965 2305 statim
2993 2250 3045 2304 in
3070 2258 3122 2304 te
3147 2249 3361 2312 insiliet,
3379 2261 3534 2318 teque
3553 2249 3798 2320 abripiet.

2193 2339 2290 2396 Ne
2334 2341 2493 2410 igitur
2542 2338 2800 2394 abscedas
2853 2337 2924 2392 ab
2976 2337 3080 2391 illis
3114 2351 3180 2391 eo
3225 2336 3519 2406 conjectis:
3547 2334 3640 2390 sed
3669 2349 3795 2389 cum

2210 2434 2450 2490 diabolus
2475 2433 2696 2503 jusserit
2721 2447 2815 2486 eos
2831 2432 2918 2502 qui
2938 2445 3125 2484 aurum
3155 2445 3260 2482 non
3283 2428 3504 2482 adorent
3523 2426 3711 2497 conjici
3740 2427 3793 2480 in

2211 2526 2479 2582 fornacem
2511 2523 2859 2597 paupertatis,
2888 2538 2956 2578 ne
2976 2522 3140 2578 fueris
3166 2537 3231 2575 ex
3283 2521 3630 2590 injicientium
3651 2560 3668 2586 ,
3695 2518 3797 2573 sed

2207 2631 2274 2672 ex
2305 2616 2617 2686 injectorum
2641 2629 2865 2669 numero
2885 2654 2899 2676 ,
2933 2621 2992 2667 ut
3019 2613 3093 2666 sis
3117 2627 3183 2666 ex
3211 2610 3601 2666 servandorum
3626 2651 3642 2676 ,
3684 2625 3795 2664 non

2207 2727 2276 2767 ex
2301 2708 2626 2767 urcndorum
2655 2721 2898 2762 numero.
2939 2705 3070 2760 Nam
3098 2719 3225 2760 vere
3259 2718 3350 2759 ros
3388 2711 3470 2758 est
3506 2702 3753 2772 copiosus
3776 2741 3794 2768 ,

2210 2817 2318 2859 non
2341 2801 2569 2858 detineri
2609 2798 3038 2870 concupiscentia
3059 2797 3362 2852 divitiarum
3385 2837 3400 2860 ,
3431 2805 3486 2850 et
3512 2809 3634 2849 cum
3662 2808 3796 2862 pan-

2205 2893 2426 2964 poribus
2453 2895 2676 2946 versari.
2702 2889 2766 2945 lli
2793 2890 3032 2944 omnium
3075 2898 3200 2943 sunt
3249 2884 3661 2955 opulentissimi,
3704 2883 3797 2954 qui

2205 2985 2546 3056 cupiditatem
2559 2984 2857 3040 divitiarum
2874 2981 3338 3036 conculcaverunt.
3355 2976 3796 3048 Quandoquidem

2206 3078 2282 3133 illi
2310 3078 2399 3147 qui
2431 3085 2555 3130 tunc
2580 3091 2758 3146 regem
2782 3080 3237 3140 contempserunt,
3254 3069 3369 3139 ipso
3391 3083 3515 3138 rege
3544 3067 3800 3122 clariores

2212 3183 2337 3229 sunt
2353 3173 2549 3228 effecti.
2576 3172 2643 3227 Et
2671 3180 2726 3225 tu
2757 3170 2914 3240 igitur
2936 3169 2980 3224 si
3005 3184 3094 3224 res
3117 3168 3271 3238 hujus
3304 3167 3489 3223 mundi
3515 3167 3805 3238 despicias,

2211 3273 2327 3320 toto
2356 3263 2556 3320 mundo
2581 3262 2865 3332 pretiosior
2905 3261 3014 3316 eris
3038 3301 3054 3327 ,
3081 3269 3140 3314 ut
3175 3269 3229 3314 et
3264 3261 3432 3314 sancti
3473 3259 3580 3321 illi,
3613 3260 3806 3327 Quibus

2213 3358 2397 3428 dignus
2427 3372 2526 3410 non
2556 3363 2665 3410 erat
2688 3351 2907 3406 mundus
2933 3350 3118 3421 (Hebr.
3148 3351 3236 3405 Η.
3264 3349 3378 3423 58).
3414 3350 3480 3406 Ut
3523 3350 3700 3420 itaque
3723 3350 3804 3404 di-

2213 3461 2350 3516 gnus
2381 3445 2477 3500 fias
2507 3443 2818 3500 cmleStibus
2840 3443 2880 3510 ί,
2909 3442 3093 3496 deridc
3122 3442 3427 3513 praesentia.
3463 3440 3539 3495 lta
3579 3441 3718 3496 enim
3747 3451 3804 3496 et

2215 3534 2301 3590 hic
2326 3534 2654 3604 Splendidior
2683 3534 2791 3589 eris
2811 3573 2826 3597 ,
2853 3541 2909 3587 et
2934 3531 3128 3586 futuris
3171 3532 3327 3586 bonis
3370 3531 3583 3598 frueris,
3629 3533 3801 3602 gratia

2217 3633 2272 3680 et
2297 3626 2622 3695 benignitate
2645 3624 2856 3679 Domini
2883 3623 3054 3678 nosui
3082 3621 3209 3676 Jesu
3235 3621 3458 3688 Christi,
3499 3623 3585 3678 cui
3629 3622 3801 3678 tzloria
3865 3608 3878 3620 ’

2218 3728 2273 3772 et
2299 3718 2580 3788 imperium
2607 3716 2661 3772 in
2689 3717 2884 3772 saecula
2911 3715 3251 3773 saeculorum.
3283 3715 3477 3770 Amen.

2281 3905 2561 3976 ’__Postl_1as_
2581 3918 2742 3976 voces,
2767 3917 2856 3976 pro
2881 3901 3458 3976 ῙΙιινηηια.Ῑοηδβιῇεξιιιι·ἒ
3493 3902 3803 3976 ῐῃεηυῃίριί

2218 3971 2419 4023 Codices
2441 3969 2630 4032 plurimi
2642 3975 2703 4032 et
2723 3962 2864 4032 sava.
2878 3962 2936 4032 in
2951 3962 3170 4027 margine
3189 3962 3492 4032 sic'ltabeut:
3512 3962 3645 4032 Quod
3656 3962 3805 4032 etiam

2217 4033 2384 4083 videre
2407 4024 2478 4095 est
2500 4029 2551 4080 in
2568 4024 3008 4092 philosophanqu
3035 4024 3078 4076 :'
3087 4024 3272 4095 etenim
3288 4024 3340 4076 in
3357 4030 3639 4095 paupertate
3660 4025 3804 4075 timo-

2218 4095 2287 4145 ris
2308 4091 2462 4156 magis
2485 4084 2710 4156 expertes
2741 4084 2868 4149 sunt,
2893 4101 3040 4156 quam
3054 4085 3260 4156 divites,
3283 4095 3328 4136 et
3352 4084 3403 4136 in
3425 4084 3584 4156 medio
3606 4086 3806 4156 fogmce

2217 4169 2335 4218 rore
2359 4146 2485 4218 pirro
2508 4146 2862 4218 perfruuntur;
2894 4146 3020 4218 Quod
3044 4155 3168 4218 tunc_
3195 4147 3342 4197 etiam
3367 4146 3566 4218 contigit
3593 4146 3614 4196 ;“
3643 4146 3806 4218 igitur!

2253 4208 2417 4268 uident
2435 4208 2530 4266 non
2551 4208 2807 4272 cistittxit,
2831 4208 2917 4263 sed
2950 4225 3010 4262 ne
3043 4208 3437 4261 comburerentur
3460 4208 3546 4273 qui
3565 4221 3621 4260 eo
3641 4208 3811 4272 iitjccti

2253 4232 2417 4268 utaem
2435 4232 2530 4266 non
2551 4232 2807 4272 exsulum,
2831 4232 2916 4263 seu
2950 4232 3010 4262 ne
3043 4232 3160 4261 cumt

2218 4232 2432 4343 inerant,
2446 4276 2711 4340 impedivit.
2748 4274 3039 4343 .‘Vecritqque,
3063 4279 3160 4343 etc.

2288 4341 2306 4372 ι
2339 4335 2605 4404 sie'omiies
2625 4335 2950 4404 uanuscripti,
2978 4348 3031 4390 et
3060 4340 3133 4392 sic
3155 4337 3280 4404 legit
3309 4337 3548 4391 Anianus.
3572 4335 3714 4388 savii.
3750 4341 3810 4387 et

2226 4400 2407 4466 uoreL,
2424 4400 2576 4464 catis,
2599 4415 2707 4468 pro,
2740 4400 3025 4454 caelestibus.
