4078 6372
441 280 515 337 55
1139 271 1198 328 S.
1235 267 1520 327 JOANNIS
1559 263 2055 325 CHRYSOSTOMI
2094 263 2414 322 ARCHIEP.
2455 257 3004 341 CONSTANTINOP.
3145 308 3148 312 .
3622 257 3700 318 56

464 409 799 427 ῌ

792 395 3626 425 W

1903 485 2149 542 OMIAIA
2184 486 2264 540 E'.

451 613 635 669 Τοῦτο
653 611 723 667 δέ
744 612 892 667 ὅλον
906 611 974 682 τέ

523 684 631 738 τοῦ
656 683 879 750 Κυρίου
911 681 1009 735 διὰ
1031 681 1138 735 τοῦ
1170 682 1481 750 προφήτου
1503 681 1576 735 λέ

521 756 560 822 ’ἡ
590 748 888 822 παρθένος
931 753 1002 806 ἐν
1036 751 1248 822 γαστρί
1290 748 1436 815 ἕξει,
1466 753 1572 822 Δκαὶ
1589 748 1833 814 τέξεται
1852 748 2021 822 μυίὸν,

517 819 618 879 καὶ
645 819 983 877 καλέσουσι
1005 819 1072 876 τὸ
1100 821 1288 889 ὄνομα
1306 820 1492 897 αυτοῦ
1535 819 1928 885 Ἐμμανουήλ.
1959 837 1979 870 ι

521 912 592 970 α’.
613 910 826 964 Πολλῶν
837 907 1019 963 ἀκούω
1031 907 1311 978 λεγόντων,
1325 907 1404 961 ὅτι
1421 908 1683 978 παρόντες
1699 909 1796 979 μὲν
1813 909 2017 979 καὶτῆς

451 1004 764 1075 ἀκροάσεως
807 998 1166 1062 ἀπολαύοντες
1185 1036 1200 1061 ,
1237 996 1632 1068 συστελλόμεθα
1653 1012 1667 1027 ’
1716 997 2019 1064 ἐξελθόντες

453 1097 531 1159 δὲ,
563 1094 740 1166 ἐτεροι
771 1092 932 1146 πάλιν
970 1089 1082 1144 ἀνθ’
1125 1089 1326 1160 ἐτέρων
1355 1089 1635 1160 γινόμεθα,
1674 1090 1736 1143 τὸ
1782 1089 1894 1162 πῦρ
1919 1091 2018 1162 τῆς

453 1183 763 1256 προθυμίας
790 1178 1125 1242 σϐεννύντες.
1145 1178 1209 1231 Τί
1237 1173 1330 1231 οῦν
1355 1179 1420 1231 ἂν
1442 1179 1671 1246 γένοιτο,
1687 1180 1834 1244 ὅπως
1858 1180 2019 1234 τοῦτο

455 1275 532 1345 μὴ
581 1273 834 1343 γίνηται;
884 1272 1254 1340 Σκοπήσωμεν
1306 1267 1427 1323 ὅθεν
1468 1270 1693 1338 γίνεται.
1731 1272 1901 1326 Πόθεν
1924 1269 2018 1329 οὖν

453 1366 657 1434 γίνεται
713 1365 842 1434 ἡμῖν
874 1364 908 1434 ἡ
953 1362 1184 1431 τοσαύτη
1236 1361 1534 1432 μεταϐολή;
1590 1363 1721 1416 Ἀπὸ
1765 1365 1864 1434 τῆς
1904 1365 2019 1420 δια-

450 1458 642 1530 τριϐῆς
693 1456 792 1526 τῆς
837 1454 912 1525 μὴ
954 1451 1364 1524 προσηκούσης.
1410 1454 1504 1506 κοιῖ⁹
1552 1456 1651 1524 τῆς
1713 1453 1856 1528 [72]
1907 1457 2018 1512 τῶν

451 1547 702 1620 πονηρῶν
735 1544 1036 1616 ἀνθρώπων
1074 1543 1375 1608 συνουσίας.
1430 1544 1503 1597 Οὐ
1557 1546 1666 1616 γάρ
1697 1547 1865 1618 ἐχρῆν
1911 1549 2018 1603 ἀπὸ

451 1640 550 1710 τῆς
585 1636 857 1703 συνάξεως
882 1631 1313 1706 ἀναχωροῦντας,
1343 1634 1422 1698 είς
1452 1633 1523 1688 τὰ
1566 1637 1640 1706 μὴ
1673 1639 2018 1707 προσήκοντα

451 1733 520 1802 τῇ
546 1727 758 1792 συνάξει
787 1726 1072 1797 ἐμϐάλλειν
1100 1726 1324 1788 ἐαυτοὺς
1353 1725 1667 1799 πράγματα’
1686 1727 1800 1781 ἀλλ’
1815 1730 2014 1795 εὐθέως

451 1818 629 1872 οἴκαδε
654 1815 901 1878 ἐλθόντας
936 1813 996 1866 τὸ
1042 1811 1240 1888 βιϐλίον
1275 1813 1774 1884 μεταχειρίζεσθαι,
1799 1817 1894 1868 καὶ
1920 1809 2017 1887 τὴῦ

452 1893 682 1980 γυναῖκα
710 1908 803 1962 καὶ
824 1905 894 1960 τά
936 1905 1123 1959 παιδία
1170 1905 1307 1977 πρὸς
1338 1905 1437 1976 τὴν
1474 1906 1757 1958 κοινωνίαν
1786 1907 1884 1978 τῆς
1907 1907 2017 1960 τῶν

453 2001 756 2072 εἰρημένων
781 2000 964 2054 καλεῖν
1007 2003 1292 2074 συλλογῆς,
1331 2004 1424 2056 καὶ
1450 2003 1568 2056 τότε
1594 2003 1702 2057 τῶν
1752 2004 2022 2075 βιωτικῶν

452 2093 719 2148 ἅπτεσθαι
750 2094 1110 2164 πραγμάτων.
1144 2095 1208 2147 Εἰ
1240 2093 1350 2166 γάρ
1388 2094 1498 2148 ἀπὸ
1526 2095 1802 2165 βαλανείου
1830 2098 1931 2152 οὑκ
1955 2098 2021 2152 ἀν

452 2185 593 2238 ἕλοιο
614 2186 694 2248 εἰς
716 2185 919 2256 ἀγορὰν
935 2183 1242 2254 ἐμϐάλλειν,
1261 2183 1400 2237 ὥστε
1419 2185 1492 2256 μὴ
1506 2186 1605 2258 τὴν
1621 2187 1830 2242 ἐκεῖθεν
1840 2189 2023 2244 ἄνεσιν

451 2273 794 2347 λυμήνασθαι
821 2278 933 2338 τοῖς
965 2277 1022 2328 ἐν
1055 2276 1230 2345 ἀγορᾷ
1257 2276 1578 2346 πράγμασι·
1614 2278 1794 2350 πολλῷ
1823 2279 2022 2350 μᾶλλον

452 2368 562 2421 ἀπὸ
589 2367 858 2432 συνάξεως
914 2367 1070 2420 τοῦτο
1109 2369 1279 2420 ποιεῖν
1316 2368 1502 2438 ἐχρῆν.
1541 2367 1655 2422 Νῦν
1698 2369 1755 2422 δὲ
1802 2371 2024 2426 τούνανο

452 2460 566 2512 τίον
599 2459 906 2539 ποιοῦμενχ
939 2459 1026 2512 διά
1057 2457 1303 2531 δήτοῦτο
1349 2459 1442 2514 καὶ
1476 2459 1654 2513 πάντα
1693 2461 2019 2533 ἀπόλλυμεν.

453 2549 621 2604 Οὔπω
671 2549 780 2620 γάρ
829 2550 926 2620 τῆς
965 2549 1232 2620 ὠφελείας
1263 2549 1372 2603 τῶν
1423 2549 1720 2620 λεχθέντων
1752 2555 2022 2626 παγείσης

453 2641 655 2706 καλῶς,
690 2643 723 2711 ἡ
759 2639 928 2710 πολλὴ
983 2640 1128 2712 ῥύμη
1165 2641 1274 2695 τῶν
1322 2640 1518 2707 ἔξωθεν
1575 2647 2022 2714 προσπιπτόντων

453 2732 632 2786 πάντα
662 2730 1026 2802 παρασύρασα
1055 2732 1100 2763 ⁶²
1129 2731 1349 2802 οἴχεται.
1382 2732 1478 2785 Ἵν*
1509 2727 1602 2786 οὖν
1640 2732 1714 2804 μὴ
1748 2733 1902 2788 τοῦτο
1935 2735 2018 2804 γί-

453 2841 632 2894 νηται,
663 2822 770 2876 ἀπὸ
791 2823 1058 2889 συνάξεως
1084 2823 1402 2895 ἀναχωρῶν,
1428 2824 1590 2895 μηδὲν
1621 2825 1772 2879 ποιοῦ
1797 2827 1894 2898 τῆς
1914 2829 2017 2883 τῶν

453 2913 759 2985 εἰρημένων
784 2913 1042 2986 συλλογῆς
1065 2916 1506 2986 ἀναγκαιότερον.
1532 2919 1640 2972 Καὶ
1660 2919 1768 2992 γὰρ
1790 2921 2018 2991 ἐσχάτης

453 3004 844 3076 ἀγνωμοσύνης
877 3006 943 3060 ἂν
973 3008 1080 3077 εἴη,
1111 3006 1270 3060 πέντε
1308 3009 1402 3060 καὶ
1433 3007 1494 3074 ἓξ
1515 3009 1725 3081 ἡμέρας
1752 3015 1865 3075 τοῖς
1895 3012 2013 3082 βιω-

453 3098 626 3158 τικοῖς
669 3097 1038 3168 ἀπονέμοντας
1060 3138 1075 3161 ,
1128 3102 1241 3162 τοῖς
1286 3103 1676 3172 πνευματικοῖς
1731 3102 1866 3173 μηδὲ
1894 3090 2020 3172 μίαν

453 3187 690 3258 ἡμέραν,
715 3189 912 3258 μᾶλλον
941 3189 998 3242 δέ
1032 3189 1165 3258 μηδὲ
1191 3191 1235 3222 ⁸³
1264 3193 1459 3264 μικρὸν
1487 3193 1586 3263 τῆς
1621 3193 1833 3266 ἡμέρας
1860 3195 2023 3268 μέρος

455 3278 655 3331 διδόναι
686 3279 750 3332 ⁸⁸.
780 3279 891 3350 Οὐχ
913 3280 1076 3351 ὁρᾶτε
1113 3280 1182 3334 τά
1211 3282 1399 3337 παιδία
1436 3283 1505 3337 τά
1540 3284 1780 3354 ἡμέτερα
1811 3286 1855 3317 ⁸⁸
1878 3327 1893 3352 ,
1941 3287 2022 3340 ὅτι

462 3370 531 3423 τά
566 3368 883 3440 μαθήματα,
918 3371 1060 3443 άπερ
1093 3372 1158 3425 ἂν
1185 3373 1462 3440 δέξωνται,
1481 3374 1651 3428 ταῦτα
1681 3375 1746 3427 δι’
1769 3375 1894 3446 ὅλης
1928 3395 2021 3448 με-

461 3459 653 3513 λετῶσι
679 3461 775 3531 τὴς
797 3462 1004 3534 ἡμέρας
1025 3481 1040 3530 ;
1071 3463 1239 3517 Τοῦτο
1264 3465 1328 3536 δὴ
1349 3467 1442 3519 καὶ
1464 3467 1617 3538 ἡμεῖς
1641 3467 2019 3538 ἐργασώμεθα·

456 3559 580 3612 ἐπεὶ
609 3556 770 3609 πλέον
810 3557 960 3609 οὐδὲν
1000 3559 1132 3627 ἡμῖν
1177 3557 1327 3611 ἔσται
1355 3558 1456 3628 τῆς
1489 3557 1725 3611 ἐνταῦθα
1757 3558 2027 3628 ἀφίξεως,

458 3651 537 3713 είς
565 3648 720 3702 πίθον
752 3647 1080 3718 τετρημένον
1104 3649 1355 3702 ἀντλοῦσι
1377 3649 1498 3703 καθ’
1533 3651 1769 3720 ἑκάστην
1796 3651 2028 3722 ἡμέραν,

463 3741 554 3792 καὶ
576 3739 708 3810 μηδὲ
734 3739 1000 3809 τοσαύτην
1033 3740 1424 3810 παρεχομένοις
1452 3741 1687 3810 σπουδὴν
1717 3744 1783 3813 τῇ
1808 3741 1916 3794 τῶν
1951 3743 2031 3795 εί-

463 3831 709 3903 ρημένων
732 3830 966 3901 φυλακῇ,
996 3831 1127 3903 ὅσην
1149 3834 1276 3903 περὶ
1301 3832 1500 3902 χρυσὸν
1525 3835 1618 3886 καὶ
1645 3833 1882 3905 ἄργυρον
1909 3835 2032 3887 ἐπι-

463 3923 805 3995 δεικνύμεθα.
853 3923 1090 3994 Δηνάρια
1124 3924 1221 3992 μὲν
1249 3925 1357 3995 γάρ
1388 3942 1471 3989 τις
1503 3925 1659 3995 ὀλίγα
1688 3926 1866 3979 λαϐὼν
1890 3965 1905 3989 ,
1937 3927 2033 3980 καὶ

463 4017 542 4079 εἰς
574 4014 853 4085 βαλάντιον
912 4014 1246 4082 ἀποτίθεται,
1277 4017 1371 4070 καὶ¹
1395 4019 1660 4087 σφραγῖδα
1689 4019 1990 4090 ἐπιτίθησιν
2013 4035 2027 4049 ⁸

463 4110 620 4178 ἡμεῖς
640 4108 696 4161 δὲ
719 4109 812 4162 καὶ
839 4107 1060 4179 χρυσίου
1090 4108 1184 4163 καὶ
1210 4109 1372 4162 λίθων
1401 4109 1706 4163 πολυτελῶν
1731 4109 2032 4183 τιμιώτερα

461 4199 736 4269 δεχόμενοι
762 4198 934 4267 λόγια,
965 4200 1058 4252 καὶ
1089 4200 1214 4264 τοὺς
1240 4198 1334 4252 τοῦ
1358 4199 1671 4270 Πνεύματος
1705 4200 2034 4271 ὑποδεχόμε-

463 4309 542 4343 νοι
573 4289 895 4360 θησαυροὺς,
935 4290 1036 4343 οὐκ
1064 4292 1144 4354 εἰς
1172 4290 1240 4344 τὰ
1269 4293 1494 4362 ταμιεῖα
1518 4291 1618 4361 τῆς
1645 4291 1820 4362 ψυχῆς
1847 4293 2035 4344 ἀποτι-

466 4378 689 4447 θέμεθα,
718 4378 833 4432 ἀλλ’
861 4378 1047 4442 ἀπλῶς
1067 4379 1160 4432 καὶ
1192 4378 1266 4442 ὡς
1293 4379 1479 4449 ἔτυχεν
1504 4379 1679 4448 ἐῶμεν
1699 4381 1798 4450 τῆς
1831 4379 2032 4451 ἡμετέ-

470 4486 566 4540 ρας
599 4468 837 4531 διανοίας
855 4469 1056 4540 ἐκρεῖν.
1089 4468 1185 4532 Τίς
1213 4464 1306 4522 οὖν
1339 4470 1486 4540 ἡμᾶς
1523 4467 1637 4541 [75]
1689 4471 1900 4540 ἐλεήσει
1925 4470 2035 4522 λοι-

469 4562 588 4623 πὸν,
627 4560 1070 4622 ἐπιϐουλεύοντας
1117 4561 1348 4625 ἑαυτοῖς,
1394 4561 1488 4614 καὶ
1541 4562 1621 4625 είς
1646 4562 1913 4632 τοσαύτην
1937 4564 2036 4633 ἐμ-

469 4650 757 4714 ϐάλλοντας
797 4651 1016 4717 πενίαν;
1061 4651 1157 4703 'lv‘
1202 4646 1294 4704 οὖν
1325 4651 1398 4723 μὴ
1427 4651 1584 4705 τοῦτο
1626 4652 1869 4724 γίνηται,
1901 4654 2036 4723 γρά-

469 4736 655 4806 ψωμεν
688 4739 896 4799 ἐαυτοῖς
927 4737 1087 4809 νόμον
1111 4738 1383 4808 ἀκίνητον,
1426 4741 1520 4794 καὶ
1547 4743 1666 4804 ταῖς
1695 4743 1910 4810 γυναιξὶ
1941 4743 2036 4796 καὶ

469 4829 578 4892 τοῖς
605 4830 760 4882 παισὶ
786 4833 896 4894 τοῖς
913 4829 1223 4901 ἡμετέροις,
1247 4832 1376 4902 μίαν
1395 4833 1492 4902 τῆς
1513 4833 1800 4904 ἑϐδομάδος
1827 4835 2038 4906 ἡμέραν

468 4920 672 4992 ταύτην
693 4921 821 4993 ὅλην
849 4921 894 4953 ⁸⁸
921 4921 1229 4976 ἀνατιθέναι
1252 4925 1318 4994 τῇ
1341 4924 1600 4995 ἀκροάσει
1626 4928 1720 4978 καὶ
1747 4925 1854 4979 τῶν
1878 4928 2040 4980 ἀκου-

471 5013 704 5066 σθέντων
753 5015 818 5084 τῇ
875 5013 1126 5085 συλλογῇ.
1177 5014 1331 5069 Οὕτω
1363 5016 1472 5088 γάρ
1503 5020 1596 5072 καὶ
1652 5017 2040 5092 εὐμαθέστεροι

469 5104 607 5175 πρὸς
643 5105 712 5158 τά
733 5104 992 5174 μέλλοντα
1015 5105 1348 5176 ῥηθήσεσθαι
1376 5109 1782 5180 ἀπαντήσομεν,
1800 5111 2040 5181 καὶήμῖν

471 5197 705 5250 ἐλάττων
753 5197 781 5250 6
810 5198 970 5258 πόνος
1000 5199 1182 5264 ἔσται,
1219 5201 1315 5254 καὶ
1343 5201 1469 5272 ὑμῖν
1514 5203 1577 5255 τὸ
1612 5203 1802 5274 κέρδος
1855 5203 2038 5269 πλέον,

473 5289 598 5342 ὅταν
628 5288 700 5342 τά
725 5289 913 5359 πρώην
941 5291 1205 5362 εἰρημένα
1238 5292 1494 5364 φέροντες
1515 5294 1608 5347 ἐπὶ
1638 5297 1875 5366 μνήμης,
1902 5296 2045 5350 οὕτω

472 5380 540 5432 τά
569 5379 708 5451 μετά
729 5380 903 5434 ταῦτα
935 5381 1189 5452 ἀκούητε.
1214 5383 1289 5436 Ού
1323 5383 1430 5456 γάρ
1464 5385 1657 5456 μικρόν
1687 5404 1737 5438 τι
1771 5387 2044 5450 καὶτοῦτο

469 5471 711 5524 συντελεῖ
759 5471 896 5543 πρὸς
941 5471 1038 5542 τὴν
1064 5472 1173 5526 τῶν
1217 5472 1522 5543 λεγομένων
1567 5473 1796 5539 σύνεσιν,
1829 5476 1892 5529 τὸ
1942 5481 2038 5538 τὴν

1085 627 1176 675 εν,
1193 610 1295 664 ἵνα
1313 609 1601 680 πληρωθῇ
1617 609 1686 664 τὸ
1695 609 1890 680 ῥηθὲν
1902 607 2025 680 υπῤ

1580 677 1809 750 γονέος·
1833 699 1852 730 ‹
1875 677 2022 750 Ἰδοὺ

2152 601 2471 658 ἀκολουθίαν
2517 600 2716 654 εἰδέναι
2763 601 2900 670 μετά
2928 598 3212 671 ἀκριϐείας
3261 601 3369 654 τῶν
3402 602 3532 673 παρ’
3563 604 3720 674 ἡμῶν

2157 693 2530 765 ὕφαινομένων
2560 693 2701 760 ὑμῖν.
2733 692 3039 764 νοημάτων.
3115 693 3333 766 Ἐπειδὴ
3372 694 3481 767 γάρ
3515 694 3616 749 οὐκ
3639 694 3720 750 ενι

2151 791 2330 845 πάντα
2376 793 2434 846 ἐν
2471 795 2570 865 μιᾷ
2620 793 2944 850 καταϐαλεῖν
2975 795 3020 827 ⁸⁷
3048 791 3253 866 ἡμέρᾳ,
3287 791 3356 845 τὰ
3385 792 3444 846 ἐν
3498 790 3720 856 πολλαῖς

2150 881 2277 952 ὑμῖν
2307 883 2543 955 ἡμέραις
2568 885 2965 957 κατατιθέμενα
2993 887 3060 957 τῇ
3093 888 3192 955 τῆς
3223 884 3440 954 μνήμης
3469 881 3719 952 συνεχείᾳ

2150 970 2339 1046 ὥσπερ
2371 977 2556 1047 σειράν
2591 993 2712 1030 τινα
2745 978 3086 1046 ποιήσαντες,
3115 974 3258 1028 οὕτω
3275 973 3340 1042 δὴ
3370 973 3718 1043 περιτίθεσθε

2147 1066 2215 1135 τῇ
2248 1065 2417 1136 ψυχῇ,
2457 1066 2599 1120 ὥστε
2647 1065 2938 1138 ὁλόκληρον
2987 1065 3271 1137 φαίνεσθαι
3295 1065 3356 1118 τὸ
3399 1064 3560 1134 σῶμα
3608 1063 3719 1116 τῶν

2149 1155 2401 1225 Γραφῶν.
2437 1157 2871 1228 Ἀναμνήσαντες
2894 1156 3074 1211 τοίνυν
3098 1155 3206 1209 τῶν
3237 1153 3461 1223 έναγχος
3492 1153 3721 1225 εἰρημέ-

2149 1261 2256 1298 νων
2285 1247 2545 1312 ἐαυτοὺς,
2595 1247 2737 1302 οὕτω
2771 1248 2865 1302 καὶ
2899 1248 3136 1318 σήμερον
3174 1246 3266 1300 ἐπὶ
3286 1244 3355 1300 τά
3383 1244 3722 1316 προκείμενα

2151 1333 2340 1407 τωμεν.

2225 1455 2290 1525 β’.
2309 1457 2445 1512 Τίνα
2463 1458 2521 1511 δέ
2545 1460 2662 1512 ἐστι
2688 1475 2756 1513 τα
2787 1458 3122 1531 προκείμενα
3147 1459 3213 1529 σή
3221 1475 3285 1529 με
3295 1473 3418 1529 ρον;
3455 1457 3635 1513 Τοῦτο
3653 1456 3727 1512 δὲ

2151 1546 2300 1601 ὅλον
2332 1548 2580 1619 γέγονεν
2605 1590 2620 1612 ,
2655 1551 2758 1605 ἵνα
2795 1549 3081 1619 πληρωθῇ
3124 1549 3193 1604 τὸ
3236 1549 3426 1619 ῥηθὲν
3449 1548 3566 1604 ὑπὸ
3611 1549 3725 1604 τοῦ

2152 1639 2372 1706 Κυρίου
2407 1640 2506 1695 διὰ
2549 1642 2656 1697 τοῦ
2699 1641 3007 1711 προφήτου
3040 1641 3344 1712 λέγοντος.
3393 1640 3584 1708 Ἀξίως
3625 1641 3724 1695 τοῦ

2151 1731 2459 1802 θαύματος,
2498 1733 2572 1797 ὡς
2622 1734 2772 1805 αὐτῷ
2801 1733 3022 1788 δυνατὸν
3053 1729 3142 1806 ἦν,
3172 1733 3483 1804 ἀνεϐόησεν,
3521 1731 3722 1786 είπών·

2155 1825 2334 1878 Τοῦτο
2359 1825 2428 1879 δὲ
2459 1826 2606 1880 ὅλον
2630 1826 2892 1897 γέγονεν.
2942 1827 3158 1898 Ἐπειδὴ
3182 1825 3292 1898 γάρ
3328 1821 3433 1879 εἶδε
3459 1826 3521 1881 τὸ
3555 1825 3726 1878 πέλα-

2149 1931 2242 1983 γος
2266 1917 2360 1970 καὶ
2379 1917 2476 1988 τὴν
2504 1917 2737 1973 ἄϐυσσον
2764 1918 2863 1989 τῆς
2889 1918 3295 1988 φιλανθρωπίας
3313 1916 3406 1971 τοῦ
3437 1917 3592 1981 Θεοῦ,
3625 1918 3726 1972 καὶ

2146 2005 2208 2058 τὸ
2239 2005 2507 2077 μηδέποτε
2542 2007 2796 2061 ἐλπισθὲν
2829 2011 2909 2072 εἰς
2957 2007 3118 2080 έργον
3161 2007 3336 2072 ἐλθὸν,
3387 2008 3480 2063 καὶ
3508 2008 3726 2077 φύσεως

2146 2095 2405 2174 λυθέντας
2430 2099 2649 2170 νόμους,
2684 2100 2779 2154 καὶ
2808 2101 3154 2169 καταλλαγάς
3184 2101 3493 2172 γινομένας,
3515 2102 3611 2155 καὶ
3629 2101 3725 2155 τδν

2149 2189 2366 2244 πάντων
2397 2191 2665 2264 ἀνώτερον
2695 2193 2832 2264 πρὸς
2868 2193 2960 2247 τὸν
2992 2193 3208 2248 πάντων
3247 2193 3556 2266 κατώτερον
3582 2210 3724 2247 κατ·
3779 2257 3787 2262 _

2153 2281 2321 2347 ιόντα,
2353 2282 2447 2336 καὶ
2491 2283 2559 2337 τά
2607 2284 2897 2356 μεσότοιχα
2927 2285 3184 2356 λυόμενα,
3214 2285 3310 2340 καὶ
3334 2283 3402 2339 τὰ
3422 2285 3725 2356 κωλύματα

2150 2374 2538 2446 ἀναιρούμενα,
2572 2377 2666 2430 καὶ
2686 2375 2863 2447 πολλῷ
2893 2375 3115 2431 πλείονα
3150 2377 3355 2430 τούτων
3384 2376 3549 2448 ἕτερα
3572 2377 3722 2447 γινό-

2151 2481 2306 2535 μενα,
2330 2467 2412 2520 ἐνὶ
2439 2467 2644 2539 ῥήματι
2663 2467 2723 2520 τὸ
2739 2465 2924 2536 θαῦμα
2941 2467 3306 2541 παρέστησεν,
3324 2469 3512 2522 εἰπών·
3533 2469 3725 2526 Τοῦτο

2147 2556 2216 2609 δὲ
2237 2557 2385 2610 ὅλον
2405 2557 2670 2628 γέγονεν,
2701 2558 2802 2611 ἵνα
2823 2557 3110 2628 πληρωθῇ
3146 2559 3212 2612 τὸ
3240 2561 3428 2628 ῥηθὲν
3458 2559 3578 2615 ὑπὸ
3612 2561 3721 2615 τοῦ

2146 2645 2392 2714 Κυρίου.
2418 2647 2509 2717 Μὴ
2531 2645 2639 2717 γάρ
2676 2646 2924 2717 νομίσῃς,
2969 2645 3083 2719 [74]
3107 2649 3290 2717 φησὶν,
3327 2649 3408 2702 δτι
3435 2648 3528 2702 νῦν
3549 2647 3724 2702 ταῦτα

2145 2735 2322 2801 ἐδοξεο
2356 2737 2524 2790 πάλαι
2545 2737 2931 2808 προετυποῦτο.
2967 2738 3144 2810 Ὅπερ
3174 2740 3269 2793 καὶ
3293 2742 3320 2794 6
3353 2739 3562 2804 Παῦλος
3582 2757 3716 2794 παν-

2145 2825 2312 2898 ταχοῦ
2335 2827 2504 2892 δεῖξαι
2524 2826 2844 2880 ἐσπούδασε.
2876 2827 2986 2882 Καὶ
3012 2829 3376 2901 παραπέμπει
3407 2830 3497 2884 τὸν
3519 2830 3720 2901 Ἰωσὴφ

2143 2916 2222 2988 τῷ
2261 2918 2458 2989 Ἡσαΐᾳ
2481 2917 2684 2982 λοιπὸν,
2717 2918 2803 2970 ἵνα
2831 2916 2936 2971 κᾶν
2963 2918 3070 2973 τῶν
3101 2920 3264 2975 αὐτοῦ
3305 2921 3563 2992 ῥημάτων
3596 2920 3722 2974 ἐπι-

2102 3017 2105 3020 ’
2143 3012 2372 3084 λάθηται
2396 3011 2772 3080 ἀφυπνισθεὶς.
2798 3012 2893 3066 am
2919 3011 3230 3083 πρόσφατον
3254 3012 3582 3084 εἰρημένων,
3605 3013 3715 3066 τῶν

2146 3103 2516 3175 προφητικῶν,
2539 3097 2619 3166 οἷς
2637 3103 3042 3174 συνανεστράφη
3068 3102 3112 3134 ⁸⁸
3131 3101 3441 3168 διαπαντὸς,
3473 3102 3718 3172 ἀναμνηο

2149 3195 2314 3261 σθεὶς,
2341 3195 2436 3248 καὶ
2465 3193 2533 3248 τά
2557 3195 2690 3264 παρ’
2727 3191 2890 3246 αὐτοῦ
2915 3192 3172 3263 λεχθέντα
3194 3193 3463 3264 κατάσχῃ.
3509 3191 3620 3244 Καὶ
3645 3192 3715 3262 τῇ

2149 3285 2248 3354 μὲν
2276 3283 2496 3352 γυναικὶ
2540 3282 2691 3336 οὐδὲν
2739 3281 2940 3334 τούτων
2974 3282 3216 3352 εἴρηκεν,
3269 3280 3364 3333 ἀτε
3407 3279 3546 3352 κόρῃ
3579 3276 3717 3350 οὔσῃ

2147 3375 2240 3427 καὶ
2269 3375 2512 3446 ἀπείρως
2542 3373 2745 3426 τούτων
2779 3373 2975 3445 ἐχούσῃ
2995 3389 3008 3401 ·
3038 3371 3117 3443 τῷ
3141 3373 3199 3426 δέ
3227 3372 3402 3443 ἀνδρὶ,
3433 3371 3628 3443 δικαίῳ
3653 3389 3718 3424 τε

2145 3465 2260 3519 ὄντι
2293 3466 2388 3520 καὶ
2420 3465 2708 3536 μελετῶντι
2740 3467 3024 3536 προφήτας
3045 3506 3059 3528 ,
3094 3463 3343 3518 ἐντεῦθεν
3387 3464 3716 3533 διαλέγεται.

2148 3556 2256 3609 Καὶ
2280 3557 2386 3626 πρὸ
2410 3556 2508 3627 μὲν
2543 3555 2754 3620 τούτου,
2775 3555 3010 3626 Μαριὰμ
3033 3555 3148 3624 τὴν
3175 3549 3432 3626 γυναῖκά
3457 3569 3596 3616 σου,
3629 3554 3721 3606 λέ-

2147 3662 2264 3713 γει·
2292 3646 2526 3701 ἐνταῦθα
2562 3646 2619 3700 δέ
2665 3648 2754 3700 ὅτε
2805 3646 2896 3700 τὸν
2928 3649 3210 3718 προφήτην
3239 3647 3488 3700 εἵλκυσεν
3528 3648 3608 3711 εἰς
3659 3645 3721 3700 τὸ

2100 3787 2105 3791 .
2153 3736 2334 3805 μέσον,
2366 3737 2486 3790 τότε
2511 3736 2659 3807 αὐτῷ
2690 3737 2932 3790 πιστεύει
2969 3739 3028 3791 τὸ
3059 3739 3158 3808 τῆς
3187 3737 3682 3809 παρθενίας-δνομα
3701 3751 3717 3766 ⁸

2147 3827 2208 3881 οὐ
2245 3827 2352 3900 γάρ
2376 3827 2546 3891 οὕτως
2573 3828 2844 3899 ἀτάραχος
2871 3830 2915 3865 ⁸⁸
2939 3829 3120 3900 ἔμενε,
3156 3830 3426 3901 παρθένον
3459 3830 3589 3899 παρ’
3614 3828 3719 3882 αὐ-

2147 3920 2241 3974 τοῦ
2277 3921 2510 3986 ἀκούων,
2539 3923 2586 3976 εἰ
2717 3923 2762 3955 "
2791 3921 3005 3994 πρῶτον
3029 3924 3123 3976 καὶ
3145 3922 3294 3992 παρά
3335 3920 3578 3974 Ἡσαΐου.
3608 3921 3721 3973 Καὶ

2150 4012 2259 4084 γάρ
2288 4013 2438 4067 οὐδὲν
2477 4013 2642 4078 ξένον,
2686 4013 2825 4069 ἀλλά
2871 4014 2933 4068 τὸ
2961 4013 3190 4084 σύνηθες
3225 4014 3317 4068 καὶ
3345 4013 3405 4066 τὸ
3446 4014 3505 4066 ἐν
3539 4011 3721 4082 πολλῷ

2149 4106 2325 4177 χρόνῳ
2358 4105 2644 4176 μελετηθέν
2677 4105 2899 4176 ἔμελλεν
2940 4104 3265 4160 ἀκούσεσθαι
3292 4105 3441 4176 παρὰ
3464 4102 3558 4156 τοῦ
3586 4119 3720 4174 προ-

2153 4198 2343 4266 φήτου.
2383 4195 2479 4250 Διά
2513 4196 2670 4250 τοῦτο
2705 4197 2874 4252 ποιῶν
2907 4197 3308 4268 εὐπαράδεκτον
3332 4196 3393 4248 τὸ
3424 4193 3718 4266 εἰρημένον

2151 4291 2179 4342 6
2206 4287 2452 4356 ἄγγελος,
2480 4288 2716 4360 παράγει
2747 4289 2827 4351 εἰς
2845 4287 3015 4358 μέσον
3046 4288 3136 4340 τὸν
3173 4287 3418 4340 Ἡσαΐαν.
3462 4285 3572 4340 Καὶ
3599 4283 3722 4337 ούδέ

2153 4378 2385 4433 ἐνταῦθα
2431 4379 2664 4443 ἵσταται,
2716 4380 2832 4433 ἀλλ’
2859 4381 2952 4432 ἐπὶ
2980 4380 3069 4432 τὸν
3102 4379 3234 4432 Θεὸν
3265 4379 3474 4449 ἀναρτᾷ
3508 4375 3601 4429 τὸν
3628 4375 3723 4428 λό-

2151 4487 2247 4538 γον
2273 4485 2287 4501 ο
2314 4469 2374 4522 ού
2397 4469 2505 4540 γάρ
2525 4469 2688 4522 αὑτοῦ
2709 4467 2846 4522 εἷναί
2875 4487 3007 4540 φησι
3036 4469 3095 4522 τὸ
3125 4469 3432 4540 εἰρημένον,
3463 4464 3600 4519 ἀλλά
3623 4463 3721 4517 τοῦ

2153 4560 2261 4612 τῶν
2316 4559 2451 4612 δλων
2502 4558 2658 4612 Θεοῦ.
2693 4559 2790 4614 Διά
2816 4559 2973 4614 τοῦτο
3002 4559 3103 4612 ούκ
3132 4555 3431 4620 εἰπεν,Ἵνα
3459 4554 3720 4625 πληρωθῇ

2151 4649 2215 4703 τὸ
2242 4672 2244 4674 ν
2275 4648 2436 4721 ῥηθὲν
2489 4650 2592 4702 ὑπὸ
2633 4649 2875 4711 Ἡσαΐου,
2927 4648 3060 4702 ἀλλά
3089 4687 3102 4711 ,
3139 4648 3206 4702 T6
3229 4645 3418 4716 ῥηθὲν
3449 4644 3567 4697 ὑπὸ
3614 4642 3724 4696 τοῦ

2155 4743 2396 4810 Κυρίου.
2421 4742 2493 4794 Τὸ
2530 4741 2627 4810 μὲν
2655 4739 2762 4812 γὰρ
2795 4739 2968 4810 στόμα
2984 4740 3029 4771 ’ί
3071 4739 3314 4800 Ἡσαΐου,
3343 4737 3372 4789 6
3395 4735 3452 4789 δέ
3474 4732 3723 4805 χρησμὸς

2155 4832 2359 4887 ἀνωθεν
2388 4833 2629 4904 ἐφέρετο.
2653 4833 2718 4885 Τί
2739 4828 2829 4886 οῦν
2854 4827 3007 4894 οὗτός
3028 4846 3191 4900 φησιν
3218 4829 3247 4881 6
3269 4828 3542 4899 χρησμός;
3565 4823 3724 4879 Ἰδοὺ

2155 4928 2194 4995 ἡ
2229 4926 2520 4995 παρθένος
2545 4926 2614 4979 ὲν
2645 4924 2854 4995 γαστρὶ
2877 4923 3019 4989 ἔξει,
3054 4925 3151 4977 καί
3187 4921 3415 4986 τέξεται
3445 4919 3598 4982 υἱὸν,
3625 4917 3724 4972 καὶ

2155 5013 2485 5068 καλέσουσι
2518 5013 2582 5066 τὸ
2617 5013 2801 5084 ὄνομα
2826 5013 3011 5068 αὑτοῦ
3047 5011 3440 5082 Ἐμμανουήλ.
3477 5009 3602 5072 Πῶς
3631 5003 3727 5061 οὖν

2155 5109 2255 5162 οὐκ
2274 5107 2498 5179 ἐκλήθη,
2527 5107 2680 5178 φησὶ,
2706 5107 2766 5161 τὸ
2792 5106 2958 5177 ὄνομα
2986 5104 3151 5160 αὐτοῦ
3204 5101 3567 5174 Ἐμμανουήλ,
3589 5099 3728 5156 ἀλλά

2169 5199 2372 5272 Ἰησοῦς
2417 5201 2685 5270 Χριστός;
2719 5200 2839 5252 Ὀτι
2894 5198 2994 5250 οὐκ
3054 5193 3203 5262 εἶπε,
3252 5194 3536 5257 Καλέσεις,
3568 5191 3724 5256 ἀλλά,

2156 5289 2563 5352 Καλέσουσιν,
2587 5289 2635 5341 οἰ
2669 5288 2814 5359 ὄχλοι
2845 5287 3111 5350 τουτέστι,
3140 5285 3234 5340 καὶ
3265 5287 3298 5356 ή
3329 5283 3437 5337 τῶν
3468 5282 3729 5354 πραγμά-

2158 5401 2266 5436 των
2293 5382 2535 5445 έκϐασις.
2595 5380 2857 5434 Ἐνταῦθα
2900 5380 3005 5451 γάρ
3039 5378 3098 5432 τὸ
3129 5377 3422 5448 συμϐαῖνον
3471 5375 3518 5410 τ’
3557 5376 3730 5445 δνομα

2159 5473 2370 5542 τίθησι·
2425 5472 2519 5526 καὶ
2563 5471 2680 5534 ἔθος
2709 5471 2861 5524 τοῦτο
2891 5473 2957 5541 τῇ
2990 5471 3199 5541 Γραφῇ,
3244 5470 3313 5524 τά
3361 5467 3729 5539 συμϐαίνοντα

559 5631 1134 5711 ’ξπαρασύρουεα-Α..
1164 5630 1227 5684 ι).
1304 5631 1352 5711 ⁶Δ³
1385 5628 1518 5711 μηδέ
1542 5643 1659 5711 οῐῐξΖ
1789 5627 1849 5683 Β.
1890 5625 1952 5682 C.
2115 5625 2417 5711 ξξδιδόναι]
2451 5628 2525 5711 μὴ
2549 5626 2748 5711 διδόναι
2964 5626 3403 5711 ἑαυτοῖςδιδόναι
3421 5625 3732 5711 1)..ἐαυτοῖς

495 5700 570 5772 μὴ
599 5700 797 5754 διδόναι
818 5700 880 5757 Cl

955 5703 1002 5772 ξ’
1032 5701 1274 5772 ὒμέτερα
1307 5701 1372 5754 Α.
1416 5703 1519 5772 An.

497 5771 672 5840 μένων
693 5773 925 5841 συλλογῇ
957 5771 1020 5825 D.
1061 5776 1165 5824 An.

1243 5773 1286 5802 ⁸⁷
1321 5769 1682 5825 καταϐάλλειν
1716 5768 1776 5822 Β.
1812 5771 1874 5823 (Σ.
1914 5768 1973 5821 ἰΰ.

1615 5700 1661 5730 ⁸⁸
1683 5700 1882 5782 ὃλιηνκ.
1915 5696 2312 5782 συλλογῇλτὴχ
2338 5693 2803 5782 τῆξ-ἀκροάσεως,
2833 5698 2979 5782 ὃλην.
3002 5697 3318 5782 ἀνατιθέναι
3341 5699 3406 5782 τῇ
3441 5693 3550 5782 τῶν
3577 5696 3732 5779 εἰρη-

2069 5769 2116 5799 ⁶³
2143 5766 2242 5822 Sic
2267 5766 2369 5838 Ep.
2393 5766 2449 5822 οι
2477 5766 2636 5822 codd.
2686 5768 3068 5838 συνανετράφη
3105 5770 3208 5820 An.
3245 5766 3402 5838 liddi.‘
3436 5766 3502 5838 ’ξ’
3523 5767 3729 5837 ἀτάρα-

491 5833 616 5905 κτος
643 5857 721 5912 pr.
757 5844 817 5897 υ.
866 5833 937 5875 ’ἢ
964 5843 1012 5894 εἰ
1041 5841 1116 5912 μη
1141 5857 1248 5908 σω.
1281 5857 1492 5898 omnes.
1571 5841 1610 5873 τι
1647 5835 1848 5912 στόμαξ
1876 5840 2000 5895 add.

2147 5840 2192 5894 3.
2225 5838 2284 5891 D.
2321 5833 2333 5838 ’
2363 5840 2406 5871 ⁷²
2437 5839 2494 5892 τὸ
2525 5838 2842 5910 συμϐαῖνονί
2868 5833 2943 5903 τῲ
2969 5833 3320 5900 συμϐαίνοντι
3350 5837 3410 5890 D.
3436 5833 3496 5890 Ρ.
