4078 6372
369 338 435 394 55
1556 331 1620 388 IN
1653 327 2067 386 MATTIIIEUM
2108 329 2345 387 IIOM‘IL.
2387 332 2453 386 γ.
3555 340 3624 396 56

390 477 696 491 ’———————

1764 614 2113 677 HOMILIA
2155 616 2234 676 V.

362 785 487 843 Car.
520 786 565 849 Ι,
593 802 651 837 v.
681 783 770 839 22.
804 782 917 837 Hoc
961 792 1142 837 autem
1183 789 1355 837 totum
1387 784 1587 854 factum
1627 787 1725 846 est,
1762 791 1821 836 ut
1854 782 1952 835 ad-
2046 798 2158 839 non
2183 794 2477 854 possumus
2500 783 2684 838 omnia
2715 798 2828 839 uno
2860 784 2950 840 die
2981 786 3294 857 complecti,
3321 788 3369 843 si
3388 803 3479 855 ea,
3500 804 3623 860 qua:

434 877 748 947 impleretur
778 877 920 947 quod
963 874 1164 929 dictum
1208 882 1287 928 est
1322 893 1355 928 a
1404 874 1631 928 Domino
1683 890 1776 945 per
1823 890 1951 944 pro-
2048 876 2280 947 singulis
2330 876 2491 931 vobis
2543 876 2742 932 diebus
2791 878 3182 948 proponimus,
3236 879 3293 933 in
3345 883 3625 938 memoriae

432 972 645 1041 phetam
667 969 929 1022 dicentem
960 984 977 1022 :
1005 967 1096 1022 25.
1122 967 1258 1021 Ecce
1284 967 1438 1039 Virgo
1467 968 1522 1020 in
1545 975 1694 1020 utero
1723 966 1952 1035 habebit,
2046 969 2285 1040 quadam
2315 968 2461 1025 serie
2492 970 2647 1039 quasi
2676 977 2928 1024 catenam
2966 972 3219 1039 teneatis,
3250 972 3330 1027 sic
3358 973 3417 1027 in
3440 983 3626 1029 mente

435 1071 482 1116 et
525 1064 705 1131 pariet
750 1061 951 1130 ﬁlium,
990 1067 1038 1114 et
1073 1059 1333 1115 uocabunt
1365 1076 1553 1115 nomen
1586 1061 1699 1131 ejus
1731 1059 1953 1115 Emma-
2044 1059 2296 1129 reponite
2320 1099 2336 1124 ,
2378 1068 2441 1113 ut
2482 1066 2655 1114 totum
2697 1059 2994 1129 Scriptura:
3025 1076 3226 1132 corpus
3268 1063 3432 1118 simul
3462 1078 3627 1134 appa-

434 1151 559 1206 nuel
606 1150 751 1222 (Isa.
785 1152 839 1205 7.
880 1150 1006 1223 li).
2041 1157 2181 1204 reat.
2233 1150 2523 1206 Revocatis
2572 1150 2738 1221 igitur
2784 1152 2840 1205 in
2886 1160 3126 1206 mentem
3167 1152 3238 1207 iis
3279 1169 3400 1222 quae
3449 1168 3625 1224 nuper

2039 1240 2185 1297 dicta
2214 1250 2372 1306 sunt,
2406 1244 2486 1299 sic
2516 1242 2682 1298 hodie
2715 1244 2784 1299 ad
2827 1258 2893 1299 ea
2925 1258 3047 1313 quae
3093 1244 3453 1315 proponenda
3495 1250 3625 1300 sunt

416 1340 467 1393 I.
513 1337 857 1392 Externarum
880 1354 1049 1392 rerum
1077 1339 1320 1392 tumultus
1336 1341 1552 1409 fructum
1571 1338 1824 1393 concionis
1841 1356 1936 1394 att-

342 1433 460 1501 fert.
491 1462 561 1471 —
591 1432 783 1487 Multos
800 1431 957 1485 audio
1000 1430 1273 1498 dicentes,
1316 1431 1449 1484 Dum
1489 1440 1777 1500 praesentes
1805 1447 1935 1487 con-

339 1523 478 1576 cioni
504 1537 713 1588 sumus,
746 1531 800 1576 et
822 1521 1063 1576 doctrina
1089 1521 1238 1576 verbi
1284 1518 1529 1586 fruimur,
1559 1521 1626 1576 ad
1656 1522 1931 1577 meliorem

336 1612 541 1682 frugem
565 1613 902 1679 reducimur;
931 1614 1132 1683 egressi
1158 1626 1303 1677 vero,
1325 1612 1410 1665 alii
1432 1611 1712 1678 efficimur,
1736 1627 1798 1667 ac
1815 1612 1926 1668 fer-

334 1706 481 1761 voris
511 1706 687 1775 ignem
709 1705 1117 1776 exstinguimus.
1148 1703 1285 1771 Quid
1309 1718 1438 1774 ergo
1467 1704 1753 1773 agendum,
1782 1718 1850 1759 ne
1875 1702 1929 1758 id

331 1798 580 1851 eveniat?
628 1796 1024 1867 Esplorandum
1054 1795 1196 1851 unde
1231 1796 1452 1851 accidat.
1482 1795 1612 1863 Qua;
1638 1810 1799 1850 causa
1826 1795 1927 1866 igi-

332 1898 421 1941 tur
447 1887 604 1942 nobis
634 1898 714 1942 est
746 1889 866 1943 talis
904 1888 1243 1943 mutationis?
1284 1887 1436 1956 Quod
1464 1888 1575 1942 loca
1616 1887 1924 1958 frequente-

328 1994 447 2033 mus
475 1995 583 2033 non
608 1979 1003 2044 convenientia,
1022 1987 1077 2034 et
1099 1979 1241 2050 quod
1266 1994 1385 2033 cum
1416 1978 1675 2049 improbis
1699 1994 1922 2035 consor-

332 2072 465 2124 tium
486 2069 798 2125 habeamus.
817 2070 933 2124 Non
962 2072 1105 2126 enim
1128 2071 1407 2141 oportebat
1421 2085 1451 2124 a
1468 2071 1726 2127 concione
1742 2087 1924 2141 egres-

327 2177 442 2227 sos,
462 2162 518 2216 in
541 2163 753 2232 negotia
773 2177 872 2216 nos
890 2164 1131 2232 ingerere
1147 2163 1390 2218 concioni
1412 2178 1517 2218 non
1537 2163 1880 2234 congruentia
1901 2179 1915 2215 :

324 2252 420 2307 sed
463 2253 647 2307 statim
670 2253 888 2308 domum
919 2264 1158 2323 petentes
1204 2254 1397 2309 librum
1439 2255 1705 2324 accipere,
1754 2264 1914 2324 atque

323 2358 548 2398 uxorem
597 2352 651 2399 et
674 2343 811 2399 ﬁlios
836 2344 903 2400 ad
924 2360 1112 2400 eorum
1150 2361 1270 2415 qua:
1311 2345 1451 2401 dicta
1502 2345 1709 2402 fuerant
1746 2347 1911 2402 colle-

319 2433 557 2490 ctionem
579 2450 826 2503 evocare,
854 2451 916 2491 ac
940 2447 1064 2490 tunc
1086 2435 1152 2491 ad
1184 2438 1303 2491 vita:
1328 2438 1626 2493 necessaria
1654 2453 1753 2493 nos
1782 2454 1911 2494 con-

309 2527 473 2583 ferre.
521 2528 578 2583 Si
619 2528 760 2583 enim
788 2543 852 2581 ex
882 2528 1073 2582 balneo
1111 2528 1250 2582 nolis
1276 2529 1329 2583 in
1354 2530 1529 2584 forum
1559 2541 1610 2586 te
1639 2532 1902 2589 conferre.

308 2637 380 2675 ne
403 2636 473 2675 ex
521 2620 620 2674 fori
661 2621 893 2690 negotiis
934 2620 1108 2674 balnei
1152 2620 1539 2677 recreationem
1579 2631 1635 2678 et
1677 2623 1903 2679 fructum

307 2713 599 2768 labefactes
623 2730 635 2766 :
660 2712 830 2766 multo
859 2713 1025 2782 magis
1044 2727 1075 2766 a
1091 2712 1348 2768 concione
1367 2728 1638 2783 egressum
1656 2714 1707 2770 id
1731 2715 1905 2775 facere

306 2805 612 2875 oportebat.
631 2803 748 2858 Jam
769 2818 898 2858 vero
912 2804 1237 2859 contrarium
1261 2803 1482 2859 facimus
1501 2846 1516 2872 ,
1540 2805 1763 2877 ideoque
1787 2822 1903 2863 om-

306 2896 398 2948 nia
435 2894 729 2966 perdimus.
766 2894 900 2948 Nam
939 2894 1185 2948 lectionis
1218 2893 1450 2949 fructum
1477 2895 1531 2951 in
1561 2906 1741 2952 mente
1761 2914 1897 2953 non-

304 2989 435 3040 dum
477 2987 641 3056 probe
669 2985 923 3052 defixum,
954 2994 1293 3041 externarum
1321 2974 1500 3043 rerum
1530 2990 1784 3045 tumultus
1812 2992 1897 3046 in-

303 3077 497 3131 cidens
542 3086 710 3132 totum
757 3076 930 3131 aufert
958 3085 1013 3132 et
1038 3076 1252 3146 abripit.
1299 3076 1377 3133 Ne
1414 3078 1592 3149 itaque
1620 3079 1673 3135 id
1696 3081 1806 3147 ﬁat,
1831 3099 1895 3137 ex

295 3169 566 3224 concione
586 3182 856 3238 egressus,
896 3168 1025 3221 nihil
1052 3167 1221 3238 magis
1244 3172 1604 3225 necessarium
1630 3179 1783 3241 putes
1809 3173 1896 3227 illa

302 3261 566 3314 doctrina:
612 3258 946 3314 collectione.
988 3258 1196 3313 Etenim
1236 3269 1489 3314 extrema:
1535 3260 1753 3316 desidia:
1779 3261 1895 3319 fue-

302 3356 397 3420 rit,
428 3353 660 3423 quinque
688 3367 849 3414 sexve
872 3350 987 3405 dies
1028 3350 1373 3405 surcularibus
1418 3352 1643 3423 negotiis
1687 3353 1895 3423 impen-

302 3445 456 3510 dere,
488 3442 849 3512 spiritnalibus
882 3456 1012 3496 vero
1042 3458 1110 3495 ne
1138 3455 1297 3495 unam
1336 3440 1552 3511 quidem
1595 3441 1756 3507 diem,
1789 3444 1896 3498 imo

302 3555 376 3593 ne
397 3540 673 3593 minimam
712 3537 927 3607 quidem
965 3534 1071 3589 diei
1111 3544 1318 3604 partem
1363 3534 1654 3591 insumere.
1701 3535 1892 3591 Annon

296 3631 500 3687 videtis
522 3629 756 3700 quotidie
789 3643 985 3699 pueros
1014 3635 1226 3682 nostros
1250 3627 1558 3698 disciplinas
1586 3643 1718 3698 quas
1743 3644 1894 3685 acce-

300 3734 499 3795 perunt
522 3720 618 3793 per
665 3732 828 3777 totam
875 3721 1018 3776 diem
1062 3720 1414 3776 meditantes?
1455 3719 1687 3790 Idipsum
1716 3730 1771 3777 et
1796 3737 1893 3777 nos

302 3816 596 3880 faciamus;
626 3813 861 3882 alioquin
903 3810 1034 3865 nihil
1064 3810 1216 3865 nobis
1243 3810 1513 3879 supererit
1538 3825 1603 3865 ex
1634 3809 1717 3864 his
1759 3826 1891 3865 con-

299 3909 573 3973 ventibus,
598 3907 641 3961 si
671 3905 815 3959 dolio
845 3911 1059 3972 pertuso
1084 3899 1318 3972 quotidie
1356 3900 1693 3967 hauriamus,
1722 3916 1893 3972 neque

300 4014 505 4059 tantam
544 3995 905 4054 custodienda:
930 3994 1183 4050 doctrinae
1202 3993 1609 4049 sollicitudinem
1638 3993 1859 4049 adhibea
1878 4021 1893 4035 -

309 4108 455 4159 lllllS,
481 4102 736 4164 quantam
775 4093 915 4148 circa
953 4108 1143 4147 aurum
1169 4103 1221 4148 et
1245 4102 1522 4164 argentum
1565 4093 1896 4149 exhibemus.

315 4187 373 4241 Si
414 4187 534 4258 quis
574 4186 719 4241 enim
759 4186 1011 4241 denarios
1037 4202 1232 4255 paucos
1276 4189 1563 4259 acceperit,
1601 4198 1657 4242 et
1684 4189 1734 4241 in
1778 4204 1902 4243 cru-

310 4296 470 4336 mena
514 4288 726 4349 reponit
748 4288 804 4335 et
844 4281 1018 4343 suillo
1059 4283 1258 4345 munit;
1308 4297 1406 4336 nos
1447 4291 1625 4337 autem
1665 4284 1901 4353 acceptis

306 4374 538 4444 eloquiis
576 4384 632 4428 et
652 4388 784 4428 auro
805 4382 859 4427 et
895 4375 1119 4443 geminis
1158 4376 1583 4445 pretiosioribus,
1609 4379 1901 4447 perceptis-

313 4480 420 4533 que
450 4462 680 4532 Spiritus
708 4463 877 4518 sancti
924 4465 1207 4530 thesauris,
1230 4482 1334 4519 non
1356 4481 1420 4521 ea
1448 4467 1499 4521 in
1521 4467 1715 4522 anima:
1756 4485 1896 4539 penu

304 4557 671 4622 recondimus,
689 4557 783 4613 sed
805 4558 1135 4629 negligenter
1153 4563 1369 4614 omnino
1390 4560 1612 4615 sinimus
1634 4577 1698 4616 ex
1720 4572 1898 4618 mente

307 4662 489 4707 nostra
515 4652 753 4708 effluere.
780 4653 910 4720 Quis
954 4653 1111 4723 igitur
1153 4653 1287 4707 ultra
1318 4655 1486 4708 nostri
1533 4654 1892 4721 miserebitur,

305 4761 429 4799 cum
458 4746 611 4801 nobis
634 4746 762 4815 ipsis
791 4746 1008 4801 insidias
1033 4760 1300 4814 paremus,
1325 4754 1378 4801 et
1399 4747 1449 4799 in
1479 4755 1676 4801 tantam
1705 4757 1897 4816 sponte

305 4839 605 4894 incidamus
638 4842 1046 4909 paupertatem?
1070 4839 1145 4894 Ne
1172 4841 1328 4910 igitur
1348 4839 1398 4894 id
1428 4840 1657 4905 eveniat,
1691 4840 1894 4895 scriba-

304 4948 431 4986 mus
471 4932 629 4986 nobis
678 4932 950 4986 immotam
991 4932 1162 4999 legem
1193 4940 1247 4987 et
1276 4931 1531 4986 uxoribus
1560 4942 1611 4986 et
1642 4932 1765 4986 filiis
1794 4947 1893 4986 no-

302 5022 450 5087 stris,
479 5031 537 5076 ut
577 5022 717 5077 hanc
755 5037 913 5076 unam
954 5021 1300 5077 hebdomadas
1343 5022 1483 5077 diem
1518 5038 1896 5079 consecremus

302 5130 425 5168 Cum
468 5115 746 5169 audiendis
773 5114 1050 5181 doctrinae,
1073 5124 1180 5168 tum
1222 5114 1532 5182 colligendis
1562 5115 1626 5169 iis
1651 5131 1768 5186 qum
1795 5131 1890 5169 au-

301 5209 408 5262 dita
437 5218 577 5262 sunt.
606 5208 681 5263 Ita
711 5208 852 5263 enim
875 5210 1041 5262 multo
1060 5208 1341 5262 dociliores
1360 5206 1426 5261 ad
1455 5222 1515 5261 ea
1533 5223 1651 5278 qua:
1666 5208 1891 5263 dicenda

299 5311 427 5353 sunt
442 5314 824 5361 occurremus;
867 5300 1121 5369 nobisque
1142 5299 1291 5355 labor
1312 5301 1487 5354 minor
1504 5340 1517 5362 ,
1534 5313 1596 5353 ac
1618 5301 1765 5354 vobis
1781 5317 1895 5354 ma-

293 5391 382 5460 jus
406 5392 611 5445 lucrum
634 5392 870 5452 accedet,
906 5406 1025 5445 cum
1050 5407 1110 5445 ea
1136 5406 1253 5459 qum
1280 5407 1447 5460 nuper
1468 5390 1605 5444 dicta
1632 5400 1753 5443 sunt
1780 5406 1892 5443 me-

300 5484 468 5536 moria
488 5483 808 5548 retinentes,
840 5482 917 5536 sic
942 5482 1217 5551 sequentia
1242 5482 1487 5536 audietis.
1520 5482 1636 5536 Non
1666 5481 1810 5536 enim
1837 5483 1890 5537 id

299 5587 483 5641 parum
519 5573 728 5627 confert
760 5572 826 5626 ad
854 5573 1111 5628 dicturum
1157 5573 1554 5642 intelligentiam
1576 5614 1591 5638 ,
1622 5575 1665 5626 si
1696 5574 1887 5627 seriem

298 5665 684 5720 sententiarum
710 5673 1009 5719 nostrarum
1032 5673 1277 5719 accurate
1303 5664 1548 5720 teneatis.
1586 5664 1719 5732 Quia
1745 5664 1885 5719 enim

2039 1334 2370 1389 accedamus

2080 1511 2132 1564 2.
2166 1511 2293 1575 Qua:
2329 1514 2394 1564 sit
2433 1512 2504 1565 vis
2543 1515 2723 1566 horum
2760 1521 3022 1567 uerborum
3084 1513 3260 1588 Isaia,
3282 1519 3403 1575 Hoc
3432 1527 3599 1576 totum

2011 1598 2206 1655 factum
2249 1611 2349 1656 est.
2381 1600 2485 1656 Cur
2502 1601 2695 1671 Ioseph
2715 1604 2783 1657 ad
2798 1603 2993 1659 Isaiam
3021 1609 3312 1663 remittitur.
3337 1609 3439 1664 Cur
3453 1611 3602 1666 Chri-

2011 1703 2117 1747 stus
2142 1711 2245 1747 non
2272 1693 2576 1749 Emmanuel
2600 1697 2747 1766 uulgo
2784 1699 3091 1768 appellatus.
3118 1732 3187 1743 —
3210 1701 3465 1770 Quaenam
3505 1705 3603 1775 igi-

2011 1795 2098 1842 tur
2124 1787 2279 1843 nobis
2319 1787 2478 1844 hodie
2515 1790 2859 1858 proponenda
2881 1793 3040 1847 sunt?
3076 1792 3189 1849 Hoc
3229 1804 3398 1849 autem
3436 1807 3600 1856 totum

2008 1883 2200 1951 factum
2224 1890 2297 1935 est
2323 1891 2379 1935 ut
2400 1881 2692 1952 impleretur
2716 1884 2850 1954 quod
2870 1885 3061 1939 dictum
3085 1896 3159 1940 est
3181 1903 3213 1941 α
3242 1887 3465 1943 Domino
3509 1906 3599 1957 per

2007 1976 2303 2045 praphetam
2331 1975 2594 2029 dicentem.
2628 1975 2794 2046 Digna
2820 1977 3076 2033 miraculo
3103 1995 3234 2035 voce
3271 1996 3369 2051 pro
3393 1982 3599 2038 viribus

2006 2066 2253 2121 clamavit
2292 2066 2479 2122 dicens
2513 2086 2527 2122 :
2562 2066 2676 2121 Hoc
2719 2078 2884 2122 autem
2911 2078 3071 2124 totum
3114 2075 3305 2142 factum
3340 2083 3430 2128 est.
3463 2074 3596 2141 Quia

2005 2156 2148 2211 enim
2187 2156 2319 2211 vidit
2340 2157 2554 2228 pelagus
2582 2168 2637 2212 et
2663 2158 2913 2229 abyssum
2946 2160 3287 2230 benignitatis
3322 2162 3440 2231 Dei,
3468 2173 3522 2218 et
3543 2163 3596 2219 id

2006 2248 2147 2318 quod
2165 2263 2452 2318 numquam
2476 2257 2743 2316 speratum
2767 2250 2937 2303 fuerat
2955 2251 3219 2316 evenisse,
3234 2263 3438 2308 natura:
3452 2254 3599 2308 solu-

2006 2351 2087 2396 tas
2108 2342 2272 2412 leges,
2312 2341 2799 2397 reconciliationem
2827 2341 3040 2408 factam,
3069 2353 3122 2398 et
3148 2346 3385 2400 omnium
3412 2362 3599 2417 supre-

2005 2448 2150 2487 mum
2165 2433 2230 2487 ad
2248 2433 2484 2486 omnium
2504 2432 2741 2486 infimum
2755 2431 3118 2499 descendisse,
3138 2435 3369 2490 medium
3386 2451 3595 2491 murum

2006 2523 2291 2591 sublatum,
2324 2534 2378 2580 et
2402 2523 2780 2595 impedimenta
2801 2524 3005 2589 abacta,
3038 2528 3314 2596 multoque
3343 2526 3490 2596 plura
3514 2527 3599 2583 his

2005 2628 2151 2688 gesta
2165 2618 2290 2685 alia,
2310 2633 2417 2672 uno
2428 2617 2593 2673 verbo
2606 2617 2917 2672 miraculum
2933 2617 3224 2672 declaravit
3247 2619 3430 2675 dicens
3451 2638 3465 2675 :
3491 2618 3599 2674 Hoc

2004 2723 2171 2765 autem
2200 2720 2352 2764 totum
2374 2713 2562 2781 factum
2590 2718 2751 2776 est,ut
2769 2706 3063 2779 impleretur
3098 2709 3233 2780 quod
3254 2711 3441 2766 dictum
3471 2720 3543 2765 est
3565 2728 3599 2765 α

2008 2802 2245 2857 Domino.
2263 2799 2341 2855 Ne
2356 2801 2649 2866 existimes,
2664 2799 2852 2869 inquit,
2882 2799 2932 2853 id
2958 2799 3115 2854 modo
3130 2799 3406 2855 decretum
3436 2815 3595 2866 esse;

2002 2894 2112 2965 jam
2139 2894 2265 2949 olim
2294 2892 2687 2963 prteﬁguratum
2728 2890 2921 2947 fuerat.
2942 2889 2998 2945 Id
3023 2891 3163 2961 quod
3204 2891 3363 2946 etiam
3405 2892 3600 2949 Paulus

2006 2988 2205 3058 ubique
2247 2985 2617 3042 demonstrare
2645 2983 2868 3039 studuit.
2909 2983 3026 3038 Jam
3054 2999 3181 3038 vero
3209 2983 3499 3053 .losephum
3531 2985 3598 3039 ad

2008 3079 2200 3134 Isaiam
2245 3078 2490 3146 remittit,
2520 3088 2579 3131 ut
2612 3076 2656 3132 si
2697 3085 3040 3146 experrectus
3083 3076 3362 3133 verborum
3409 3078 3599 3148 ipsius,

2021 3191 2205 3250 utpote
2249 3195 2438 3235 recens
2485 3178 2771 3239 dictorum.
2816 3179 3014 3233 oblitus
3056 3188 3225 3242 esset,
3267 3181 3604 3250 prophetico-

2021 3289 2160 3328 rnm.
2190 3288 2242 3326 tn
2269 3286 2493 3341 quorum
2537 3270 2883 3325 meditatione
2910 3272 3141 3325 nutritus
3169 3270 3357 3338 fuerat,
3389 3288 3604 3341 semper

2019 3366 2326 3419 recordatus
2351 3405 2365 3427 ,
2392 3378 2510 3433 quae
2536 3363 2677 3418 dicta
2702 3362 2801 3417 sibi
2831 3372 2984 3417 erant
3012 3364 3286 3419 retineret.
3319 3363 3483 3419 Uxori
3506 3381 3603 3419 att-

2018 3464 2123 3509 tem
2155 3456 2286 3509 nihil
2318 3456 2422 3509 tale
2468 3455 2619 3521 dixit,
2653 3463 2837 3525 utpote
2864 3470 2983 3525 qua:
3021 3456 3191 3524 puella
3211 3454 3384 3510 adhuc
3410 3456 3600 3511 horum

2016 3547 2255 3601 notitiam
2300 3563 2404 3615 non
2442 3547 2709 3603 haberet:
2739 3548 2852 3603 viro
2877 3557 3055 3603 autem
3102 3556 3286 3618 utpote
3315 3550 3482 3619 justo,
3508 3552 3599 3620 qni

2014 3640 2301 3709 prophetas
2336 3639 2701 3705 meditaretur,
2720 3640 2845 3694 hinc
2866 3639 3132 3694 edisserit.
3151 3640 3217 3695 Et
3238 3639 3462 3696 antehac
3482 3641 3603 3712 qui-

2011 3730 2132 3787 dem
2157 3731 2361 3786 dixerat
2395 3749 2408 3784 :
2441 3731 2659 3784 Mariam
2681 3732 2944 3803 conjugem
2975 3742 3113 3785 tuam
3135 3748 3155 3785 :
3180 3732 3265 3788 hic
3292 3747 3423 3788 vero
3447 3740 3599 3802 post-

2009 3837 2168 3892 quam
2216 3823 2527 3892 prophetam
2572 3822 2790 3877 adduxit
2817 3824 2867 3877 in
2898 3822 3154 3889 medium,
3200 3840 3341 3881 nunc
3379 3824 3595 3881 demum

2011 3930 2204 3969 nomen
2253 3916 2566 3985 virginitatis
2615 3916 2689 3970 illi
2740 3916 2965 3971 credidit
2999 3924 3054 3970 et
3093 3917 3373 3988 patefecit;
3424 3932 3597 3987 neque

2009 4007 2152 4060 enim
2180 4014 2287 4059 tam
2338 4005 2723 4076 imperturbato
2749 4008 2929 4060 animo
2958 4005 3163 4071 fuisset,
3191 4006 3375 4062 audito
3414 4007 3593 4076 Virgi-

2008 4097 2091 4152 nis
2134 4098 2369 4165 nomine,
2408 4098 2509 4153 nisi
2557 4098 2704 4168 prius
2737 4098 2787 4152 id
2818 4098 2886 4153 ab
2924 4099 3055 4154 Isaia
3100 4099 3408 4154 audivisset.
3449 4099 3591 4155 Nihil

2005 4188 2146 4243 enim
2191 4189 2534 4258 stupendum,
2567 4190 2662 4245 sed
2700 4204 2812 4245 rem
2846 4190 2943 4245 sibi
2996 4190 3110 4245 lucc
3138 4191 3307 4245 multo
3348 4200 3593 4260 tempore

2004 4280 2281 4335 meditanti
2311 4280 2626 4357 familiarem
2654 4280 2928 4336 auditurus
2953 4290 3071 4337 erat
3096 4298 3124 4336 a
3151 4281 3429 4352 propheta.
3464 4282 3592 4339 Ideo

2001 4372 2221 4442 angelus
2264 4380 2323 4426 ut
2364 4388 2476 4427 rem
2523 4372 2833 4428 credibilem
2876 4373 3155 4438 redderet,
3187 4374 3369 4429 Isaiam
3402 4375 3451 4429 in
3479 4391 3593 4429 me-

2001 4462 2145 4517 dium
2202 4461 2437 4517 adducit.
2488 4463 2669 4534 Neque
2723 4464 2808 4519 hic
2863 4465 3087 4535 gradum
3136 4466 3314 4531 sistit,
3366 4467 3460 4522 sed
3519 4468 3587 4523 ad

2001 4553 2167 4608 Deum
2195 4552 2307 4609 haec
2330 4553 2633 4624 loquentem
2651 4554 2807 4625 erigit
2829 4570 2986 4621 eum;
3019 4571 3124 4610 non
3156 4558 3296 4611 enim
3314 4557 3589 4628 propheta:

2004 4648 2164 4700 verba
2209 4661 2327 4701 esse
2376 4646 2548 4713 dixit,
2594 4646 2686 4702 sed
2724 4663 2754 4701 a
2785 4648 2892 4702 Deo
2936 4644 3303 4704 universorum
3357 4652 3581 4721 prolata.

1998 4736 2123 4792 Ideo
2167 4753 2273 4793 non
2313 4737 2466 4805 dixit,
2516 4747 2571 4793 ut
2602 4739 2915 4809 impleretur
2963 4740 3107 4811 quod
3145 4740 3343 4797 dictum
3386 4752 3469 4799 est
3515 4744 3589 4800 ab

1998 4827 2164 4892 Isaia;
2208 4826 2337 4893 sed,
2394 4828 2543 4895 Quod
2582 4827 2771 4882 dictum
2808 4837 2881 4883 est
2922 4846 2954 4882 ιι
2988 4829 3245 4887 Domino:
3274 4846 3337 4886 os
3387 4833 3584 4903 quippe

1994 4931 2108 4976 erat
2135 4920 2284 4975 Isaia:
2305 4962 2321 4986 ,
2350 4922 2625 4975 oraculum
2662 4936 2788 4975 vero
2814 4936 2845 4976 e
2874 4924 3118 4991 supernis
3161 4925 3414 4981 delatum.
3443 4928 3583 4993 Quid

1992 5023 2171 5068 autem
2201 5014 2272 5068 ait
2296 5013 2399 5067 hoc
2422 5014 2693 5068 oraculum
2720 5031 2733 5068 ε
2758 5011 2891 5067 Ecce
2923 5013 3076 5086 Virgo
3102 5017 3155 5069 in
3182 5029 3321 5072 utero
3346 5021 3576 5086 habebit,

1990 5115 2037 5159 et
2059 5106 2220 5176 pariet
2264 5106 2461 5174 ﬁlium,
2508 5115 2552 5159 et
2591 5105 2833 5159 vocabunt
2872 5122 3054 5161 nomen
3096 5109 3207 5179 ejus
3250 5110 3573 5168 Emmanuel.

1993 5196 2143 5266 (Isai.
2171 5198 2223 5251 7.
2253 5195 2364 5267 I4).
2389 5196 2494 5252 Cur
2511 5212 2659 5266 ergo,
2689 5196 2854 5263 dices,
2869 5212 2974 5253 non
3002 5210 3220 5255 vocatus
3243 5210 3324 5256 est
3361 5202 3578 5259 Emma-

1992 5290 2133 5354 nuel,
2161 5288 2254 5344 sed
2297 5288 2451 5345 Jesus
2491 5288 2777 5344 Christus?
2820 5289 2952 5355 Quia
2985 5306 3092 5347 non
3138 5290 3297 5357 dixit,
3322 5292 3571 5363 Vocabis,

1992 5384 2106 5450 sed,
2139 5382 2422 5449 Vocabunt,
2454 5399 2647 5452 nempe
2696 5383 2894 5453 populi,
2920 5392 2974 5439 et
3012 5384 3124 5454 ipse
3166 5401 3344 5440 rerum
3376 5388 3570 5442 exitus.

1993 5477 2084 5530 llic
2109 5476 2183 5531 rei
2210 5491 2327 5545 qua:
2363 5476 2583 5544 contigit
2624 5490 2817 5530 nomen
2846 5476 3104 5545 imponit:
3138 5486 3192 5531 et
3222 5477 3308 5532 hic
3336 5487 3418 5533 est
3455 5495 3574 5537 mos

1990 5568 2299 5636 Scripturai,
2335 5582 2423 5621 res
2446 5582 2566 5636 quae
2615 5568 2927 5636 contingunt
2955 5584 3049 5637 pro
3089 5569 3304 5625 nomine
3347 5585 3567 5639 ponere.

1989 5659 2123 5714 Nihil
2154 5659 2294 5715 enim
2325 5658 2466 5713 aliud
2489 5668 2572 5714 cst
2601 5658 2749 5727 illud,
2768 5658 3018 5715 Vocabunt
3050 5659 3367 5730 Emmanuel,
3388 5676 3570 5734 quam,
