4078 6372
445 367 450 373 ι
504 320 576 378 57
1199 333 1259 392 s.
1297 331 1576 391 JOANNIS
1609 329 2080 389 cnnvsosront
2118 329 2432 388 ARCHIEP.
2471 328 3004 388 CONSTANTINOP.
3683 333 3754 390 58

504 432 775 489 Videbunt
814 433 983 487 Deum
1011 444 1133 486 cum
1178 430 1511 495 hominibus;
1552 444 1673 483 nam
1712 444 1926 499 semper
1963 444 2085 485 cum

2180 438 2295 477 rum
2317 429 2614 496 acceptioni
2657 432 2985 488 obnoxiam?
3021 435 3204 508 Neque
3246 453 3387 494 enim
3435 458 3582 499 cum:
3607 444 3760 505 triste

505 525 810 581 hominibus
833 522 963 589 fuit,
990 521 1087 578 sed
1112 536 1403 591 numquam
1430 523 1503 576 ita
1529 520 1831 577 manifeste.
1859 522 2011 590 Quod
2041 538 2066 577 s

2175 514 2444 584 quidpiam
2471 528 2525 574 et
2545 528 2697 589 turpe
2720 525 3108 595 suspicabatur,
3135 529 3281 586 illam
3311 533 3450 603 apud
3476 551 3535 591 se
3562 540 3760 595 retine-

501 616 839 688 tmpudenter
885 614 1147 670 obsistant
1186 613 1357 670 Judaei
1380 654 1397 681 ,
1444 615 1889 686 interrogabimus
1932 629 2027 672 eos
2068 631 2083 669 :

494 716 846 784 Quandonam
882 726 1100 773 vocatus
1136 727 1217 773 est
1238 732 1389 787 puer,
1422 715 1533 772 Cito
1560 717 1811 789 prcedere,
1842 716 2079 772 velociter

491 808 661 876 spolia
672 808 858 876 aufer?
889 807 994 864 Sed
1021 807 1152 862 nihil
1173 807 1500 878 respondere
1522 815 1787 876 poterunt.
1810 808 1920 862 Cur
1949 822 2079 878 ergo

491 900 754 969 propheta
781 899 913 954 dixit
937 918 951 953 :
996 900 1128 955 Voca
1156 916 1335 959 nomen
1363 901 1502 969 ejus,
1530 897 1641 953 Cito
1665 900 1897 971 prtedare
1920 898 2074 971 (Isai.

492 990 547 1043 8.
577 991 661 1057 5)?
701 990 963 1059 Quoniam
1002 990 1122 1061 ipso
1167 1001 1293 1046 nato
1331 989 1670 1059 depopulatio
1706 999 1760 1046 et
1783 990 2074 1061 spoliorum

490 1082 720 1152 direptio
744 1082 881 1137 facta
905 1091 989 1138 est
1018 1101 1031 1137 :
1061 1084 1284 1152 ideoque
1310 1098 1425 1138 rem
1451 1098 1571 1150 qum
1597 1085 1737 1137 circa
1761 1083 1933 1153 ipsum
1950 1098 2077 1138 con-

491 1174 628 1244 tigit,
651 1174 803 1243 quasi
832 1189 1026 1229 nomen
1055 1175 1151 1244 ipsi
1183 1174 1424 1244 imponit.
1445 1173 1514 1228 Et
1538 1175 1733 1239 civitas,
1770 1174 1958 1244 inquit,
1990 1191 2073 1228 vo-

490 1266 687 1320 cabitur
730 1268 907 1321 civitas
941 1267 1178 1337 justitiat,
1220 1266 1513 1335 metropolis
1556 1267 1722 1335 ﬁdelis
1763 1265 1893 1321 Sion
1917 1265 2072 1336 (Isai.

491 1357 544 1411 1.
569 1356 665 1427 26)
694 1374 707 1411 :
736 1367 791 1412 et
812 1372 1070 1427 nusquam
1119 1357 1415 1412 invenimus
1457 1357 1599 1412 illam
1643 1356 1807 1412 fuisse
1838 1366 2076 1413 vocatam

484 1447 745 1518 justitiam
777 1450 816 1512 ³,
846 1449 940 1504 sed
984 1464 1176 1503 nomen
1208 1447 1309 1518 ipsi
1343 1449 1539 1503 mansit
1571 1447 1940 1520 Jerosolyma;
1975 1466 2071 1505 ve-

486 1554 608 1593 rum
646 1541 768 1609 quia
802 1541 915 1610 ipsa
944 1543 996 1594 in
1018 1540 1211 1595 melius
1234 1549 1556 1594 commutata
1585 1540 1686 1595 hoc
1729 1541 1829 1611 ipsi
1860 1541 2070 1605 accidit,

488 1632 613 1688 ideo
636 1633 805 1702 ipsam
827 1634 896 1687 ita
929 1633 1106 1688 vocari
1133 1632 1285 1687 dixit.
1319 1631 1419 1687 Ubi
1445 1631 1587 1686 enim
1614 1617 1878 1702 contingit
1904 1632 2074 1702 quod-

486 1726 610 1781 dam
645 1725 960 1795 praeclarum
1003 1723 1231 1790 facinus,
1280 1723 1422 1794 quod
1462 1723 1659 1779 clarius
1700 1739 1857 1794 quam
1897 1724 2073 1794 ipsum

485 1816 760 1887 proprium
790 1829 983 1870 nomen
1013 1814 1210 1870 indicat
1248 1825 1520 1869 auctorem
1547 1813 1685 1883 ejus,
1712 1824 1808 1869 aut
1832 1829 1952 1869 eum
1980 1814 2072 1885 qui

485 1909 603 1981 ejus
630 1908 853 1964 fructum
876 1909 1132 1979 percepit,
1156 1923 1351 1965 nomen
1369 1908 1485 1980 ejus
1503 1908 1777 1978 Scriptura
1802 1909 1927 1964 dicit
1950 1921 2074 1964 esse

483 2001 563 2057 rei
584 2000 882 2056 veritatem.
914 2000 1066 2067 Quod
1091 2000 1135 2055 si
1169 1999 1294 2055 hinc
1330 2000 1584 2057 confutati
1621 1998 1762 2054 aliud
1806 2009 2068 2070 quierant,

485 2106 678 2162 nempe
705 2092 772 2146 de
798 2092 1099 2163 virginitate
1127 2090 1348 2156 dictum,
1380 2099 1434 2145 et
1461 2091 1716 2160 objiciant
1738 2090 1893 2146 nobis
1935 2091 2069 2145 alios

483 2184 823 2253 interpretes,
852 2183 1094 2239 dicentes
1118 2199 1132 2235 :
1156 2181 1221 2236 Hi
1251 2197 1359 2235 non
1387 2181 1636 2237 dixerunt
1658 2182 1949 2253 Virginem.
1972 2182 2069 2238 sed

484 2276 712 2346 puellam
743 2275 839 2346 (a):
866 2276 1037 2345 primo
1077 2274 1294 2345 quidem
1328 2274 1460 2328 illud
1491 2274 1732 2329 dicemus
1752 2316 1768 2336 ,
1794 2275 1917 2344 jure
1936 2275 2063 2346 Sep-

484 2370 720 2441 tuaginta
750 2370 1069 2439 interpretes
1088 2367 1205 2422 aliis
1222 2366 1328 2422 fide
1354 2367 1619 2437 digniores
1639 2367 1843 2421 haberi.
1863 2366 1994 2422 Nam
2016 2368 2068 2424 bi

482 2462 741 2533 postremi
763 2468 885 2532 post
909 2461 1109 2516 Christi
1135 2460 1423 2515 adventum
1444 2461 1772 2529 interpretati
1809 2470 1950 2526 sunt,
1972 2460 2068 2515 Ju-

482 2554 688 2626 dznique
729 2560 1079 2618 manserunt,
1110 2551 1249 2607 unde
1279 2552 1330 2606 in
1359 2551 1714 2621 suspicionem
1744 2550 1954 2615 cadant,
1979 2558 2064 2606 ut-

481 2654 609 2715 pote
644 2644 736 2714 qui
761 2659 826 2698 cx
855 2642 1128 2697 inimicitia
1155 2642 1231 2697 sic
1258 2642 1434 2713 potius
1457 2641 1709 2706 dixerint,
1740 2656 1802 2696 ac
1829 2641 2065 2711 prophe-

483 2737 584 2791 tias
624 2735 693 2791 de
720 2735 978 2790 industria
1008 2734 1237 2789 obscure
1278 2733 1641 2789 converterint
1671 2748 1685 2787 :
1718 2732 2063 2803 Septuaginta

480 2842 614 2884 vero
640 2827 732 2898 qui
766 2835 982 2882 centum
1007 2833 1099 2882 aut
1125 2824 1369 2896 pluribus
1396 2825 1552 2880 annis
1579 2834 1704 2887 ante
1725 2823 1927 2880 Christi
1962 2823 2063 2880 ad-

482 2929 700 2978 ventum
726 2921 850 2976 huic
895 2920 975 2976 rei
1025 2927 1105 2974 tot
1146 2932 1372 2973 numero
1412 2932 1630 2972 manum
1677 2916 2061 2985 admoverunt,

482 3014 551 3071 ab
575 3013 719 3070 omni
743 3010 1045 3082 hujusmodi
1076 3010 1381 3079 suSpicione
1400 3008 1554 3063 liberi
1579 3016 1739 3075 sunt,
1767 3022 1831 3061 ac
1856 3014 1967 3061 tum
1992 3008 2063 3063 ob

480 3117 706 3172 tempus,
738 3114 849 3158 tum
876 3105 946 3158 ob
975 3103 1394 3167 multitudinem,
1443 3110 1555 3159 tum
1576 3102 1647 3159 ob
1665 3111 1902 3158 mutuum
1921 3116 2053 3158 con-

478 3208 697 3249 sensum
724 3195 829 3252 ﬁde
852 3196 998 3261 digni
1019 3194 1246 3250 habendi
1273 3203 1416 3249 sunt.

552 3373 607 3428 '5.
647 3372 741 3428 Sin
770 3381 950 3428 autem
977 3372 1330 3429 recentiorum
1362 3373 1723 3427 testimonium
1762 3370 2054 3440 proferant,

479 3464 639 3520 etiam
666 3464 767 3521 hoc
795 3464 955 3521 modo
975 3466 1194 3520 victoria
1225 3478 1386 3533 penes
1415 3477 1512 3519 nos
1537 3463 1640 3519 erit
1669 3480 1684 3516 :
1716 3478 1838 3516 nam
1868 3461 2057 3531 puellas

478 3557 696 3613 nomine
729 3558 867 3613 solet
904 3555 1176 3627 Scriptura
1212 3556 1472 3626 virginem
1514 3569 1735 3620 vocare;
1767 3554 1924 3623 idque
1949 3567 2058 3608 non

477 3650 549 3705 de
580 3650 893 3706 mulieribus
929 3658 1164 3716 tantum,
1200 3649 1294 3704 sed
1324 3649 1485 3704 etiam
1531 3647 1598 3704 de
1646 3648 1774 3701 viris
1816 3646 2012 3701 dicitur
2041 3662 2056 3700 :

482 3755 606 3795 nam
647 3741 750 3806 ait,
801 3738 1018 3794 Iuvenes
1060 3749 1106 3794 et
1128 3740 1376 3810 virgines,
1421 3754 1562 3793 senes
1606 3754 1723 3792 cum
1770 3736 2061 3809 junioribus

482 3829 666 3899 (Psal.
699 3829 823 3886 148.
870 3829 939 3884 12
958 3830 996 3899 ).
1028 3830 1101 3885 Ac
1128 3844 1337 3885 rursum
1366 3828 1434 3883 de
1461 3828 1628 3897 puella
1659 3826 1884 3896 loquens
1908 3824 2063 3894 cujus

479 3921 755 3991 virginitas
774 3920 1048 3990 impetitur
1070 3920 1198 3996 dicit
1228 3937 1243 3974 :
1274 3920 1335 3975 Si
1364 3920 1653 3974 clamauerit
1678 3917 1851 3988 puella
1884 3918 2058 3990 (Deut.

478 4012 570 4070 22.
625 4012 768 4083 97),
816 4012 870 4068 id
902 4020 1022 4078 est,
1063 4013 1246 4083 virgo,
1280 4011 1332 4066 id
1358 4026 1487 4066 vero
1513 4010 1864 4069 confirmatur
1900 4024 1968 4065 ex
1996 4010 2063 4065 iis

479 4118 600 4171 qum
635 4117 795 4173 supra
823 4101 964 4157 dicta
1001 4111 1147 4158 sunt.
1178 4100 1358 4171 Neque
1382 4102 1526 4157 enim
1558 4099 1869 4170 simpliciter
1888 4099 2060 4166 dixit,

479 4193 615 4250 Ecce
649 4197 789 4267 virgo
831 4195 887 4250 in
929 4203 1068 4250 utero
1111 4194 1346 4260 habebit;
1373 4193 1470 4248 sed
1496 4208 1616 4248 cum
1639 4202 1763 4249 ante
1801 4192 2057 4260 dixisset,

480 4286 614 4341 Ecce
639 4287 779 4341 dabit
804 4285 1051 4343 Dominus
1083 4286 1192 4356 ipse
1214 4285 1352 4339 vobis
1376 4285 1574 4355 signum
1591 4325 1607 4351 ,
1639 4292 1767 4339 tunc
1795 4283 2056 4354 subjecit,

480 4374 613 4433 Ecce
632 4377 771 4447 virgo
803 4377 857 4430 in
882 4385 1021 4431 utero
1051 4376 1246 4430 habebit
1285 4373 1454 4447 (Isai.
1497 4374 1552 4431 8.
1590 4376 1716 4439 14).
1763 4375 1921 4446 Atqui
1959 4375 2061 4430 nisi

479 4468 631 4537 virgo
651 4465 835 4521 fuisset
859 4466 945 4522 illa
975 4482 1095 4536 quae
1123 4466 1356 4536 paritura
1387 4477 1538 4534 erat,
1570 4474 1625 4521 et
1649 4466 1694 4521 si
1715 4480 1782 4521 ex
1806 4465 2060 4523 connubii

484 4558 602 4626 lege
639 4557 693 4613 id
726 4556 962 4615 futurum
1001 4567 1155 4626 erat,
1196 4558 1338 4628 quod
1371 4557 1584 4617 tandem
1614 4557 1667 4613 id
1695 4559 1904 4630 signum
1934 4558 2066 4614 fuis-

481 4650 600 4705 set?
629 4648 850 4720 Signum
884 4650 1026 4705 enim
1055 4665 1234 4705 rerum
1262 4664 1599 4705 communem
1629 4649 1873 4707 ordinem
1903 4649 2064 4705 debet

484 4739 777 4805 excedere,
805 4747 965 4809 atque
999 4740 1220 4795 omnino
1258 4740 1675 4810 inexspectatum
1714 4750 1768 4796 et
1793 4741 2065 4797 insolitum

484 4844 636 4897 esse;
658 4829 888 4899 alioquin
917 4830 1185 4901 quomodo
1223 4832 1430 4901 signum
1450 4833 1630 4888 essetl
1653 4831 1744 4887 ‘24.
1776 4832 2069 4904 Exsurgens

487 4930 657 4974 autern
677 4918 870 4990 Ioseph
894 4937 926 4975 α
947 4937 1149 4989 somno,
1189 4924 1307 4993 fecit
1330 4924 1458 4977 sicut
1490 4926 1727 4994 praecepit
1762 4925 1812 4978 ei
1858 4924 2069 4995 angelus

492 5011 719 5068 Domini.
734 5012 978 5068 \‘idistin’
1001 5013 1400 5084 obsequentiam
1427 5024 1480 5069 et
1514 5016 1748 5069 animum
1791 5015 2067 5085 obtempe-

488 5104 737 5161 rantem?
768 5104 994 5161 vidistin‘
1025 5105 1256 5161 animam
1292 5105 1527 5176 vigilem,
1559 5114 1613 5162 et
1636 5107 1769 5161 nulli
1809 5122 2069 5177 persona-

545 5359 562 5389 ί
597 5356 693 5405 Alii
715 5369 810 5405 non
831 5355 977 5414 male,
989 5354 1215 5416 justilite.

542 5418 616 5481 (α)
649 5420 737 5475 Qui
769 5430 889 5481 vero
912 5414 1169 5481 verterunt
1206 5414 1435 5481 puellam,
1479 5424 1592 5467 sunt
1624 5417 1818 5481 Aquila,
1851 5424 2061 5481 Symma-

480 5479 605 5530 chus
621 5486 674 5530 et
693 5479 977 5536 Theodotio,
995 5486 1051 5528 ut
1076 5479 1243 5528 videas
1267 5480 1315 5528 in
1336 5481 1565 5540 Hexaplis
1587 5479 1764 5530 nostris
1786 5479 1897 5529 Isai.
1914 5479 1962 5537 7,
1986 5480 2060 5528 14.

480 5548 573 5589 tlac
593 5540 657 5590 de
681 5553 739 5590 re
771 5541 903 5605 vide
920 5541 1257 5604 Hieronymum
1278 5554 1327 5590 ιιι
1352 5539 1542 5599 Isaiam,
1578 5542 1661 5604 qui
1699 5544 1872 5605 probat
1895 5554 2062 5590 vocem

480 5626 777 5685 ttcbraicam,
802 5601 964 5682 ηὼς
982 5666 998 5688 ,
1037 5601 1132 5674 non
1155 5624 1314 5688 modo,
1338 5601 1785 5686 virgineae—sedet,
1802 5621 2059 5676 abscondi-

480 5702 579 5746 tam
602 5693 850 5761 virginem,
873 5694 1167 5758 signiﬁcare.

2173 622 2233 663 re
2261 609 2449 677 voluit,
2483 625 2656 682 neque
2682 626 2855 670 amota
2882 618 3182 687 suspicione
3203 661 3217 683 ,
3241 621 3383 677 illam
3414 625 3548 679 ultra
3573 625 3756 683 dimit-

2174 709 2287 757 tere
2314 703 2596 770 sustinuit;
2624 705 2731 760 imo
2759 723 2888 763 vero
2919 710 3060 764 illam
3088 715 3338 782 retinuit;
3365 732 3429 772 ac
3456 718 3617 774 totius
3644 719 3759 776 dis-

2175 793 2499 858 pensationis
2536 796 2781 857 minister-
2815 798 3034 865 eﬂ'eetus
3062 813 3163 867 est.
3197 803 3264 867 Et
3288 809 3514 877 accepit,
3542 810 3713 881 inquit
3741 852 3760 880 ,

2179 880 2400 939 Mariam
2425 887 2690 957 conjugem
2721 904 2886 955 suam.
2930 891 3119 948 Viden’
3143 911 3303 966 quam
3330 880 3637 970 frequenter
3660 902 3765 959 hoc

2175 988 2380 1033 nomen
2432 976 2676 1046 proferat
2732 980 3089 1051 evangelista,
3142 984 3295 1054 quod
3344 987 3485 1043 nolit
3535 990 3761 1047 interim

2177 1067 2497 1139 mysterium
2553 1070 2689 1126 illud
2751 1072 2998 1140 revelare
3022 1115 3041 1146 ,
3092 1075 3225 1145 dum
3283 1077 3485 1149 malam
3540 1091 3762 1140 amovet

2177 1161 2548 1232 suspicionem
2567 1164 2592 1218 ‘l

2242 1326 2413 1382 Maria
2444 1340 2555 1400 post
2593 1342 2797 1402 partum
2824 1338 2963 1408 virgo
2991 1340 3195 1395 mansit.
3228 1372 3299 1382 —
3317 1343 3407 1398 25.
3441 1343 3565 1401 Cum
3588 1360 3757 1403 autem

2167 1420 2437 1510 accepisset
2486 1438 2631 1484 eam,
2678 1441 2779 1479 non
2824 1430 3058 1498 cognovit
3114 1430 3295 1499 illam,
3352 1434 3513 1494 donec
3564 1441 3764 1510 peperit

2166 1508 2330 1576 ﬁlium
2367 1525 2515 1573 suum
2560 1514 2983 1586 primogenitum;
3028 1519 3154 1575 illud
3194 1521 3364 1577 Donec
3407 1525 3492 1580 hic
3531 1508 3707 1597 po<uit
3731 1571 3750 1597 ,

2168 1616 2274 1656 non
2299 1613 2358 1657 ut
2375 1607 2680 1673 suspiceris,
2713 1608 2854 1663 illam
2882 1622 3068 1682 postea
3097 1617 3413 1685 cognovisse
3431 1617 3748 1691 Josephum,

2164 1692 2258 1783 sed
2307 1703 2364 1748 ut
2413 1695 2549 1751 scias
2596 1697 2866 1771 Virginem
2917 1717 3087 1772 usque
3130 1705 3197 1760 ad
3242 1718 3447 1774 partum
3490 1709 3747 1783 intactam

2167 1781 2347 1841 fuisse.
2378 1784 2487 1842 Cur
2525 1788 2704 1860 itaque
2731 1792 2832 1855 ait,
2863 1792 3035 1853 Donec
3063 1798 3297 1866 peperit?
3339 1799 3437 1855 Hic
3493 1781 3611 1857 mos
3658 1803 3747 1859 lo-
3828 1858 3832 1862 .

2164 1876 2362 1944 quendi
2388 1877 2440 1933 in
2467 1878 2744 1951 Scriptura
2783 1900 2927 1955 saepe
2952 1886 3295 1955 observatur;
3324 1892 3393 1948 ita
3415 1903 3475 1949 ut
3504 1894 3618 1950 lnne
3645 1911 3747 1954 vox

2164 1980 2269 2020 non
2312 1982 2409 2038 pro
2447 1970 2668 2039 deﬁnito
2691 1975 2920 2044 quodam
2948 1986 3188 2048 tempore
3231 1993 3478 2052 ponatur.
3509 1985 3640 2042 Nam
3684 1987 3754 2044 de

2163 2072 2286 2113 arca
2336 2060 2559 2133 loquens
2605 2066 2680 2123 ait
2723 2084 2737 2120 :
2781 2066 2902 2123 Non
2938 2087 3166 2127 reversus
3221 2084 3293 2129 est
3335 2092 3548 2145 cornus,
3594 2081 3754 2137 donec

2166 2151 2438 2208 siccaretur
2484 2164 2616 2219 terra
2657 2158 2676 2226 (
2699 2158 2825 2214 Gen.
2869 2163 2921 2216 8.
2968 2164 3072 2234 7),
3126 2167 3224 2221 etsi
3276 2180 3457 2240 postca
3511 2188 3757 2239 reversus

2167 2257 2271 2296 non
2295 2243 2383 2299 sit.
2417 2245 2495 2307 De
2523 2247 2640 2317 ipso
2666 2251 2823 2305 etiam
2855 2252 2964 2307 Deo
2993 2255 3069 2310 sic
3099 2255 3334 2326 loquitur
3365 2278 3379 2314 :
3418 2259 3462 2314 Α
3491 2241 3750 2333 saeculoet

2166 2350 2322 2403 usque
2362 2337 2413 2389 in
2440 2339 2679 2394 steculum
2708 2352 2762 2395 tu
2785 2359 2837 2397 es
2863 2342 3044 2414 (Psal.
3075 2346 3163 2403 89.
3191 2348 3294 2418 2);
3324 2351 3496 2423 nullos
3524 2353 3613 2411 hic
3647 2364 3758 2419 ter-

2169 2425 2344 2481 minos
2383 2443 2622 2497 ponens;
2669 2448 2959 2504 rursusque
3010 2441 3421 2507 przenuntians:
3464 2443 3668 2501 Urietur
3696 2448 3751 2502 in

2167 2516 2340 2570 diebus
2379 2519 2487 2587 ejus
2519 2521 2726 2589 justiiia
2762 2533 2807 2576 et
2851 2524 3163 2581 abundantia
3191 2531 3365 2599 pacis,
3398 2532 3559 2590 donec
3608 2541 3757 2608 aufe-

2165 2620 2311 2661 ratur
2335 2609 2458 2677 luna
2493 2609 2681 2681 (Psal.
2709 2614 2798 2668 7i.
2823 2616 2924 2686 7);
2960 2618 3161 2673 nullum
3203 2622 3487 2681 terminum
3531 2627 3755 2696 pulchro

2168 2700 2289 2754 huic
2318 2700 2585 2757 elemento
2610 2705 2812 2771 statuit.
2843 2706 2918 2761 ita
2948 2717 3001 2761 et
3029 2707 3131 2762 hoc
3160 2711 3306 2775 loco,
3340 2711 3543 2781 Donec,
3573 2715 3743 2783 dixit,

2170 2799 2224 2845 ut
2247 2807 2366 2863 quia:
2390 2800 2602 2863 partum
2628 2796 3016 2854 antecedebant
3041 2800 3306 2869 ﬁrmaret,
3326 2816 3375 2859 et
3408 2820 3527 2876 qum
3556 2823 3754 2879 seque-

2170 2889 2360 2942 lmttlltt‘
2400 2886 2494 2941 tibi
2536 2888 2919 2956 consideranda
2961 2891 3303 2962 relinqueret.
3332 2895 3485 2960 Quod
3515 2899 3655 2952 enim
3686 2900 3753 2956 ab

2136 2975 2226 3038 'eo
2260 2984 2356 3039 tibi
2399 2982 2714 3043 discendum
2744 2997 2893 3054 erat,
2923 2988 3027 3049 hoc
3054 2990 3223 3058 dixit,
3258 3008 3451 3067 nempe
3469 2997 3750 3068 Virginem

2163 3089 2327 3144 usque
2356 3076 2424 3131 ad
2453 3086 2664 3148 partum
2697 3079 2945 3149 intactam
2975 3083 3235 3139 mansisse
3264 3100 3278 3139 :
3307 3087 3449 3156 quod
3480 3101 3658 3147 autem
3682 3108 3751 3149 ex

2163 3164 2316 3220 «lictis
2338 3168 2592 3238 consequi
2616 3169 2747 3227 ct.in
2775 3170 3015 3228 confesso
3043 3187 3163 3229 esse
3190 3174 3486 3244 videbatur,
3508 3179 3609 3237 hoc
3642 3184 3739 3240 tibi

2164 3257 2564 3328 intelligendum
2603 3260 2836 3330 reliquit.
2879 3261 3084 3332 Nempe
3112 3265 3283 3320 virum
3324 3268 3472 3324 illum
3502 3254 3746 3341 justum,

2159 3365 2274 3403 eam
2307 3366 2428 3421 quae
2467 3353 2546 3408 sic
2573 3361 2744 3409 mater
2771 3353 2957 3408 effecta
2977 3396 2992 3422 ,
3038 3370 3101 3409 ac
3142 3364 3247 3411 tam
3279 3374 3418 3416 novo
3444 3370 3499 3417 et
3532 3363 3749 3423 insolito

2165 3444 2447 3513 puerperio
2475 3443 2687 3515 dignata
2714 3448 2916 3510 fuerat,
2946 3454 3162 3519 tangere
3203 3467 3306 3504 non
3332 3467 3517 3509 ausum
3560 3455 3745 3511 fuisse.

2163 3535 2293 3589 Nam
2323 3535 2369 3591 si
2408 3537 2750 3609 cognovisset
2797 3553 2915 3595 eam
2961 3547 3016 3594 et
3060 3540 3240 3597 uxoris
3277 3541 3396 3598 loco
3436 3544 3743 3612 habuisset,

2160 3625 2426 3695 quomodo
2452 3628 2597 3695 illam
2637 3630 2786 3700 quasi
2826 3629 3031 3686 nullum
3071 3631 3354 3688 habentem
3385 3637 3551 3692 virum
3586 3637 3749 3694 disci-

2161 3719 2283 3787 pulo
2332 3720 2800 3791 commendasset,
2846 3722 3039 3791 jubens
3083 3737 3201 3778 eam
3232 3725 3285 3780 in
3323 3740 3416 3780 sua
3453 3728 3746 3796 accipere?

2157 3811 2273 3879 Quo
2301 3821 2454 3881 pacto
2483 3827 2631 3884 ergo,
2664 3813 2871 3883 inquies
2890 3855 2905 3878 ,
2932 3813 3160 3870 Iacobus
3186 3827 3237 3871 et
3260 3819 3383 3884 alii,
3413 3820 3531 3888 ejus
3556 3819 3747 3878 fratres

2157 3904 2529 3972 appellantur?
2576 3904 3030 3971 Quemadmodum
3079 3914 3134 3965 et
3173 3906 3372 3978 Ioseph
3430 3911 3513 3963 vir
3564 3909 3747 3968 Mariae

2157 4008 2276 4048 esse
2304 3994 2726 4051 existimabatur.
2770 3995 2930 4050 Multa
2968 3997 3110 4053 enim
3148 4009 3301 4053 erant
3329 4001 3496 4069 posita
3525 4003 3747 4058 velami-

2158 4101 2224 4139 na
2243 4126 2257 4149 ,
2288 4095 2347 4140 ut
2374 4085 2673 4157 hujusmodi
2703 4096 2885 4157 partus
2909 4088 3267 4146 occultaretur
3294 4108 3307 4144 :
3341 4074 3565 4164 ideoque
3584 4092 3747 4148 Joan-

2157 4193 2251 4235 nes
2280 4179 2398 4234 illos
2427 4180 2505 4235 sic
2532 4180 2755 4235 vocabat
2799 4180 2883 4235 his
2929 4181 3102 4236 verbis
3125 4223 3140 4248 ,
3199 4182 3372 4254 Neque
3401 4185 3531 4238 enim
3560 4188 3746 4258 fratres

2158 4270 2266 4339 ejus
2300 4269 2565 4324 credebant
2614 4270 2668 4324 in
2717 4288 2829 4325 eum
2884 4269 3078 4342 (Joan.
3121 4274 3172 4327 7.
3237 4274 3338 4340 5).
3389 4275 3635 4331 Attamen
3681 4279 3742 4345 ii,

2157 4360 2245 4429 qui
2293 4362 2440 4430 prius
2485 4378 2590 4417 non
2632 4363 3009 4426 crediderant,
3055 4363 3352 4420 admirandi
3399 4374 3455 4421 et
3502 4369 3745 4436 prteclari

2158 4463 2341 4523 postea
2387 4455 2723 4509 exstiterunt.
2783 4455 3007 4521 Quando
3061 4470 3189 4526 ergo
3228 4455 3534 4527 dogmatum
3581 4474 3744 4514 causa

2158 4547 2354 4602 Paulus
2407 4547 2794 4620 Jerosolymam
2846 4548 3195 4615 ascendebat,
3246 4548 3502 4606 Jacobum
3561 4552 3744 4606 statim

2158 4637 2323 4692 adiit:
2352 4638 2441 4709 qui
2474 4639 2546 4693 ita
2570 4637 2913 4694 admirandus
2941 4649 3089 4707 erat,
3116 4647 3175 4694 ut
3201 4639 3343 4695 illius
3363 4641 3511 4697 urbis
3530 4642 3745 4713 episeo-

2159 4738 2337 4798 patum
2379 4728 2580 4798 primus
2623 4730 2907 4799 acciperet.
2960 4729 3190 4785 Narrant
3231 4741 3409 4789 autem
3442 4732 3588 4787 illum
3630 4742 3742 4788 tam

2158 4833 2349 4889 aspere
2383 4822 2543 4873 vitam
2573 4819 2818 4888 duxisse,
2865 4829 2924 4875 ut
2966 4821 3204 4876 membra
3232 4822 3345 4893 ejus
3378 4823 3558 4879 omnia
3588 4826 3743 4895 quasi

2157 4922 2398 4969 emortua
2427 4924 2625 4981 essent,
2657 4924 2816 4986 atque
2854 4930 2919 4970 ex
2957 4915 3209 4986 precandi
3247 4916 3581 4982 assiduitate,
3609 4917 3739 4973 dum

2157 5008 2350 5077 jngiter
2380 5008 2431 5061 in
2474 5008 2777 5079 pavimento
2810 5009 3215 5079 procumberet,
3243 5007 3473 5064 frontem
3516 5008 3632 5080 ejus
3669 5011 3743 5064 ita

2158 5097 2511 5161 obduruisse,
2552 5106 2611 5153 ut
2644 5113 2878 5168 genuum
2912 5099 3102 5154 cameli
3132 5098 3381 5155 duritiem
3414 5114 3552 5170 pene
3579 5100 3743 5154 attin-

2159 5197 2306 5257 geret
2333 5186 2407 5260 (α)
2431 5230 2448 5255 ,
2473 5189 2546 5243 ita
2583 5188 2892 5260 frequenter
2932 5190 3077 5243 illam
3116 5190 3232 5245 solo
3256 5190 3598 5260 applicuerat.
3645 5190 3746 5247 llic

2158 5293 2369 5351 quoque
2395 5280 2636 5348 Paulum,
2667 5282 2757 5352 qui
2786 5280 2961 5337 denuo
2984 5279 3369 5354 Jerosolymam
3391 5281 3741 5348 ascenderat,

2227 5513 2299 5577 (ᾳ)
2330 5511 2865 5577 Anianijnterpretatio
2884 5512 3056 5577 refert,
3080 5514 3240 5564 Jacobi
3262 5526 3425 5577 genua
3446 5516 3743 5577 obduruisse

2164 5574 2303 5643 callo,
2329 5575 2378 5643 id
2400 5574 2530 5637 quod
2551 5576 2599 5623 in
2621 5574 2786 5643 praeco
2809 5588 2904 5623 non
2927 5575 3158 5643 habetur;
3173 5574 3398 5643 versione
3418 5584 3577 5643 tamen
3601 5576 3746 5627 Aniu-

2165 5640 2214 5685 ni
2228 5637 2357 5687 ducti
2380 5638 2634 5749 omnum
2657 5637 2702 5685 id
2715 5636 3102 5700 Chrysostomum
3121 5638 3186 5688 de
3203 5644 3247 5688 s.
3259 5641 3436 5689 Jacobo
3452 5639 3639 5689 dixisse
3654 5652 3745 5702 pu-

2166 5706 2285 5750 tant.
2308 5698 2403 5748 V.l
2477 5705 2568 5749 -at.
2595 5699 2618 5761 ς
2642 5712 2688 5748 v.
