4090 6366
342 391 407 444 δῖ
1449 383 1514 435 IN
1557 384 1911 439 ΜΛΤΤΙΙΑἮΖ

2024 381 2242 437 EIOMIL.
2289 379 2331 426 ν
3500 389 3572 442 5⁴ζ

340 489 638 561 πράγματα
674 488 796 542 ἀντὶ
828 487 1104 558 ὀνομάτων
1157 485 1378 540 τιθέναι.
1430 485 1593 538 Οὐδὲν
1645 480 1738 539 οὖν
1773 483 1900 536 ἀλλο

337 581 487 651 δηλοῖ
510 581 590 645 τὸ,
622 579 1002 634 Καλέσουσιν
1026 579 1423 648 Ἐμμανουὴλ,
1458 577 1494 649 ἢ
1525 578 1608 631 ὅτι
1641 576 1898 646 Ὄψονται

248 697 258 728 2
329 675 462 726 Θεὸν
501 676 636 745 μετὰ
663 674 997 744 ἀνθρώπωνο
1031 675 1116 726 ἀεὶ
1139 673 1237 743 μέν
1259 674 1366 744 γάρ
1400 672 1512 744 [75]
1539 672 1728 741 γέγονε
1762 675 1902 744 μετὰ

326 765 650 836 ἀνθρώπων,
675 765 930 818 οὐδέποτε
955 765 1010 817 δέ
1034 763 1175 817 οὕτω
1205 765 1413 833 σαφῶς.
1446 765 1508 816 Εἰ
1535 765 1590 816 δέ
1612 765 1900 835 ἀναισχυνο

325 860 468 910 τοῖεν
509 856 770 918 Ἰουδαῖοι.
793 856 1101 926 ἐρησόμεθα
1126 854 1320 920 αὐτούς
1344 872 1356 885 ·
1391 855 1526 910 Πότε
1554 855 1755 926 ἐκλήθη
1777 857 1834 909 τὸ
1855 857 1902 888 ⁷³

327 945 557 1010 παιδίον,
599 945 828 1014 Ταχέως
851 946 1222 1008 σκύλευσον,
1244 944 1426 1010 ὀξέως
1449 945 1901 1013 προνόμευσον;

339 1037 477 1090 Ἀλλ’
517 1037 618 1089 οὐκ
670 1036 737 1090 ἂν
781 1034 953 1106 ἔχοιεν
986 1037 1178 1088 εἰπεῖν.
1226 1035 1352 1098 Πῶς
1391 1030 1485 1088 οῦν
1541 1035 1570 1086 ὁ
1619 1036 1901 1105 προφήτης

327 1129 480 1195 ἔλεγε
502 1142 515 1154 ·
544 1127 820 1183 Κάλεσον
850 1128 916 1181 τὸ
951 1127 1135 1197 ὄνομα
1155 1125 1360 1188 αὑτοῦ,
1391 1124 1616 1194 Ταχέως
1639 1126 1900 1178 σκύλευ-

307 1213 481 1282 ’σονς
538 1221 660 1272 Ὅτι
694 1219 1044 1290 γεννηθέντος
1099 1216 1259 1270 αὑτοῦ
1319 1216 1564 1289 προνομὴ
1617 1215 1828 1268 σκύλων
1854 1215 1902 1248 ’⁷⁸

328 1311 546 1379 ἐγένετο
567 1312 660 1364 καὶ
687 1312 914 1381 διανομή
937 1327 952 1344 ·
983 1310 1070 1364 διὰ
1095 1309 1254 1362 τοῦτο
1279 1309 1336 1362 τὸ
1368 1309 1453 1362 ἐπ’
1482 1307 1646 1362 αὑτοῦ
1670 1311 1900 1379 πρᾶγμα

332 1402 674 1474 συμϐεϐηκὸς
702 1403 776 1465 ὠς
801 1402 969 1471 ὄνομα
995 1401 1157 1454 αὐτοῦ
1182 1401 1383 1471 τίθησι.
1412 1399 1521 1454 Καὶ
1547 1401 1585 1468 ἡ
1609 1401 1783 1466 πόλις
1808 1398 1896 1461 δὲ,

328 1494 485 1562 φησὶ,
513 1493 879 1562 κληθήσεται
902 1494 1078 1558 πόλις
1097 1492 1508 1558 δικαιοσύνης.
1533 1491 1901 1560 μητρόπολις

326 1582 515 1652 πιστὴ
542 1582 690 1637 Σιών
710 1601 723 1613 ·
756 1584 850 1637 καὶ
875 1582 1107 1654 οὐδαμοῦ
1138 1583 1462 1654 εὑρίσκομεν
1483 1583 1565 1635 ὅτι
1591 1581 1898 1650 δικαιοσύνη

325 1676 534 1747 ἐκλήθη
557 1677 590 1746 ἡ
623 1675 795 1740 πόλις,
819 1676 932 1729 ἀλλ’
955 1675 1168 1747 ἔμεινεν
1201 1676 1266 1729 Ἰε
1277 1675 1462 1746 ροσόλυ
1471 1693 1546 1745 μα
1568 1673 1896 1744 καλουμένη·

326 1766 441 1820 ἀλλ’
469 1767 653 1838 ἐπειδὴ
685 1767 841 1820 τοῦτο
868 1766 1050 1836 ἐξέϐη,
1082 1766 1218 1837 πρὸς
1265 1765 1324 1819 τὸ
1360 1764 1565 1834 βέλτιον
1593 1763 1763 1833 αὐτῆς
1798 1779 1896 1834 με·

320 1857 711 1929 ταὸληθείσης,
744 1857 834 1912 διὰ
877 1856 1034 1910 τοῦτο
1066 1857 1234 1928 αὐτὴν
1282 1856 1423 1909 οῦτω
1451 1854 1731 1908 καλεῖσθαι
1769 1853 1896 1923 ἔφη.

327 1953 500 2004 Ὅταν
525 1951 634 2021 γάρ
658 1967 710 2003 τι
739 1952 917 2020 συμϐῇ
945 1950 1198 2021 πρᾶγμα,
1230 1948 1258 2001 ὃ
1286 1948 1384 2016 τῆς
1408 1944 1777 2016 προσηγορίας
1803 1959 1898 1996 σα-

326 2044 589 2112 φέστερον
617 2042 870 2112 γνωρίζει
892 2041 982 2094 τὸν
1009 2038 1373 2110 κατορθοῦντα
1401 2036 1551 2099 αὐτὸ,
1583 2035 1616 2106 ἢ
1647 2035 1739 2088 καὶ
1767 2036 1900 2088 ἁπο-

324 2134 557 2187 λαύοντα
576 2134 760 2195 αὑτοῦ,
790 2133 961 2202 ὄνομα
991 2131 1138 2200 αὑτῷ
1170 2147 1332 2200 φησιν
1361 2124 1498 2181 εἶναι
1526 2125 1619 2180 τοῦ
1645 2126 1900 2197 πράγμα-

324 2244 421 2288 τος
455 2227 557 2296 τὴν
589 2226 864 2297 ἀλήθειαν.
902 2226 964 2278 El
1019 2224 1076 2276 δέ
1128 2221 1373 2276 ἐντεῦθεν
1432 2218 1898 2289 ἐπιστομισθέντες

325 2317 516 2386 ἓτερον
542 2317 770 2386 ζητοῖεν,
797 2316 858 2368 τὸ
895 2313 1147 2386 περὶτῆς
1196 2310 1492 2383 παρθενίας
1541 2309 1748 2380 λεχθὲν,
1808 2309 1901 2362 καὶ

328 2407 714 2478 προϐάλλοιντο
743 2407 871 2476 ἡμῖν
894 2406 1111 2474 ἐτέρους
1139 2401 1500 2474 ἐρμηνευτάς,
1531 2400 1800 2469 λέγοντες,
1821 2401 1901 2452 ὅτι

329 2499 446 2552 Οὐκ
473 2494 626 2550 εἷπον
657 2496 940 2567 παρθένον,
967 2494 1101 2549 ἀλλά
1123 2495 1300 2548 νεάνιν
1322 2509 1335 2523 °
1365 2491 1580 2563 πρῶτον
1614 2491 1711 2561 μὲν
1729 2492 1901 2543 ἐκεῖνο

329 2587 586 2659 ἐροῦμεν,
613 2588 694 2640 ὅτι
725 2586 831 2640 τῶν
859 2586 1030 2640 ἄλλων
1071 2584 1268 2655 μᾶλλον
1310 2584 1562 2637 ἁπάντων
1599 2582 1660 2634 τὸ
1688 2579 1902 2645 ἀξιόπι-

332 2696 458 2732 στον
483 2679 533 2731 οῖ
567 2677 965 2748 Ἐὁδομήκοντα
989 2676 1159 2746 ἔχοιεν
1176 2675 1241 2729 ἂν
1260 2674 1504 2737 δικαίως.
1531 2675 1591 2726 Οἱ
1612 2672 1708 2743 μὲν
1728 2672 1839 2743 γάρ
1855 2671 1904 2704 τ⁸

334 2767 475 2841 μετά
509 2769 608 2837 τὴν
636 2766 729 2820 τοῦ
761 2766 996 2838 Χριστοῦ
1027 2765 1331 2837 παρουσίαν
1371 2764 1742 2835 ήρμήνευσαν,
1767 2763 1903 2828 ,Ἰου-

330 2861 470 2914 δαῖοι
505 2859 806 2928 μείναντες,
863 2857 956 2910 καὶ
987 2857 1207 2922 δικαίως
1253 2855 1320 2910 ἂν
1351 2853 1756 2919 ὑποπτεύοιντο,
1806 2851 1904 2904 ἅτε

330 2948 600 3020 ἀπεχθείᾳ
630 2948 829 3017 μᾶλλον
857 2947 1156 3020 εἰρηκότες,
1187 2947 1282 3000 καὶ
1316 2945 1416 3010 τάς
1448 2943 1780 3017 προφητείας
1803 2933 1893 2996 ⁶συ.

332 3037 647 3102 σκιάζοντες
679 3038 948 3107 ἐπίτηδες·
991 3039 1041 3091 οί
1057 3038 1114 3091 δὲ
1159 3037 1552 3108 Ἑϐδομήκοντα
1583 3033 1688 3104 πρὸ
1714 3032 1902 3086 ἑκατὸν

330 3133 369 3202 ἢ
394 3135 491 3187 καὶ
518 3133 778 3186 πλειόνων
804 3131 939 3186 ἐτῶν
970 3133 1069 3202 τῆς
1093 3129 1186 3184 τοῦ
1214 3128 1452 3203 Χριστοῦ
1481 3126 1781 3198 παρουσίας
1814 3122 1910 3175 ἐπὶ

333 3224 494 3279 τοῦτο
523 3223 769 3286 ἐλθόντες
822 3223 915 3276 καὶ
942 3221 1181 3275 τοσοῦτοι
1220 3221 1391 3282 ὄντες,
1427 3219 1606 3288 πάσης
1651 3213 1898 3283 τοιαύτης

335 3319 472 3370 εἰσὶν
503 3315 736 3386 ὑποψίας
767 3313 1192 3386 ἀπηλλαγμένοι,
1223 3313 1316 3365 καὶ
1348 3310 1435 3363 διὰ
1455 3310 1544 3362 τὸν
1576 3306 1784 3377 χρόνον,
1811 3305 1898 3358 καὶ

333 3413 425 3467 διά
450 3413 512 3466 τὺ
541 3413 766 3484 πλῆθος,
823 3415 916 3468 καὶ
950 3414 1037 3468 διά
1070 3413 1183 3487 [76]
1219 3414 1315 3487 τὴν
1362 3415 1675 3485 συμφωνίαν
1707 3414 1905 3486 μᾶλλον

334 3504 401 3558 ἂν
420 3500 533 3557 εἷεν
560 3504 912 3558 πιστεύεσθαι
937 3505 1154 3559 δίκαιοι.

406 3596 480 3664 γ’.
504 3597 570 3649 EE
594 3596 652 3649 δέ
679 3598 770 3650 καὶ
791 3597 888 3669 τὴν
911 3599 1130 3652 ἐκείνων
1151 3597 1444 3672 παράγοιεν
1466 3599 1792 3670 μαρτυρίαν,
1816 3597 1911 3652 καὶ

339 3685 482 3738 οὑτω
517 3685 588 3738 τά
618 3688 908 3758 νικητήρια
934 3689 1060 3759 παρ’
1083 3689 1232 3759 ἡμῖν.
1261 3690 1370 3743 Καὶ
1403 3687 1511 3760 γὰρ
1554 3688 1614 3741 τὸ
1659 3688 1760 3758 τῆς
1785 3705 1912 3742 νεα-

339 3778 584 3850 νιότητος
627 3777 796 3848 ὄνομα
829 3779 921 3833 ἐπὶ
956 3779 1056 3850 τῆς
1091 3779 1386 3850 παρθενίας
1439 3779 1626 3834 εἴωθεν
1654 3781 1688 3850 ἡ
1722 3781 1911 3851 Γραφὴ

341 3867 574 3931 τιθέναι,
605 3868 706 3922 οὑκ
732 3870 824 3922 ἐπὶ
850 3871 1116 3940 γυναικῶν
1151 3872 1309 3942 μόνον
1332 3871 1400 3936 ⁷⁸,
1425 3871 1562 3925 ἀλλά
1584 3870 1678 3925 καὶ
1709 3871 1802 3924 ἐπὶ
1821 3871 1916 3925 ἀν-

343 3959 486 4030 δρῶν
509 3976 523 3989 ·
552 3960 877 4015 Νεανίσκοι
903 3962 1042 4032 γάρ,
1075 3963 1208 4034 φησὶ
1232 4002 1247 4026 ,
1277 3963 1376 4017 καί
1422 3963 1724 4031 παρθένοι,
1771 3977 1913 4030 πρε-

345 4051 626 4118 σϐύτεροι
642 4052 792 4120 μετὰ
817 4052 1134 4122 νεωτέρων.
1164 4054 1275 4108 Καὶ
1304 4055 1429 4126 περὶ
1453 4055 1499 4086 ⁷⁷
1531 4054 1699 4126 κόρης
1727 4052 1786 4106 δέ
1807 4054 1920 4105 ἐπι-

348 4141 745 4213 ϐουλευομένης
790 4144 1140 4216 διαλεγομένη
1178 4146 1368 4211 πάλιν,
1416 4144 1551 4198 Ἐὰν
1599 4143 1848 4214 φωνήσῃ
1878 4144 1916 4210 ἡ

348 4233 574 4299 νεᾶνις,
598 4235 752 4306 φησὶ,
772 4235 1046 4289 τουτέστιν
1073 4237 1106 4307 ἡ
1129 4237 1412 4309 παρθένος.
1441 4237 1552 4291 Kal
1582 4237 1651 4290 τὰ
1682 4237 1787 4308 πρὸ
1801 4236 1922 4288 τού-

353 4344 446 4380 του
475 4327 533 4380 δέ
583 4329 850 4400 εἰρημένα
880 4329 1065 4383 τοῦτον
1104 4330 1193 4384 τὸν
1219 4331 1376 4400 λόγον
1415 4331 1745 4400 συνίστησιν.
1787 4329 1922 4382 Οὐδέ

352 4417 462 4488 γάρ
490 4418 675 4482 ἀπλῶς
698 4415 871 4482 εἶπεν,
889 4419 1044 4474 Ἰδοὺ
1061 4420 1102 4487 ή
1127 4421 1426 4488 παρθένος
1446 4421 1516 4474 ἐν
1540 4419 1749 4488 γαστρί
1772 4419 1892 4482 ἕξει
1908 4435 1922 4448 ·

355 4508 493 4562 ἀλλὰ
525 4509 789 4583 πρότερον
835 4509 1023 4577 εἰπὼν,
1087 4511 1238 4567 Ἰδοὺ
1269 4511 1456 4565 δώσει’
1487 4512 1700 4578 Κύριος
1745 4509 1926 4574 αὐτὸς

357 4600 501 4669 ὑμῖν
535 4601 808 4671 σημεῖον,
847 4603 967 4656 τότε
1014 4605 1292 4675 ἐπήγαγεν
1313 4621 1327 4635 ·
1370 4603 1528 4657 Ἰδοὺ
1562 4605 1601 4672 ἡ
1631 4601 1927 4670 παρθένος

359 4691 428 4742 ἐν
449 4692 658 4760 γαστρὶ
687 4691 828 4757 ἕξει.
850 4694 1041 4746 Καίτοι
1063 4695 1110 4746 εἰ
1134 4696 1207 4765 μὴ
1234 4693 1498 4765 παρθένος
1515 4690 1581 4764 ῆν
1602 4695 1635 4762 ἡ
1662 4693 1928 4762 μέλλουσα

363 4783 536 4848 κύειν,
588 4785 721 4838 ἀλλά
750 4785 896 4856 νόμῳ
920 4785 1096 4856 γάμου
1127 4785 1285 4839 τοῦτο
1326 4784 1534 4853 ἐγίνετο
1566 4784 1633 4848 ⁷⁸,
1684 4786 1835 4837 ποῖον
1863 4783 1929 4839 ἂν

362 4876 448 4945 εἴη
482 4878 706 4946 σημεῖον
733 4877 796 4928 τὸ
821 4877 1133 4947 γινόμενον;
1167 4875 1210 4929 Τ
1214 4877 1241 4930 ὸ
1272 4876 1379 4947 γὰρ
1422 4877 1643 4947 σημεῖον
1667 4873 1935 4946 ὑπερϐαί-

363 4982 480 5020 νειν
504 4967 587 5020 δεῖ
609 4967 708 5038 τὴν
736 4966 846 5020 τῶν
875 4965 1081 5021 πολλῶν
1127 4965 1465 5032 ἀκολουθίαν,
1501 4966 1596 5020 καὶ
1619 4965 1766 5030 ξένον
1795 4961 1932 5017 εἶναι

369 5056 464 5110 καὶ
510 5057 960 5127 παρηλλαγμένον
983 5075 995 5088 ·
1018 5059 1156 5110 ’ἐπεὶ
1183 5058 1298 5122 πῶς
1329 5057 1394 5111 ἂν
1420 5057 1504 5128 εῖη
1538 5060 1795 5128 σημεῖονς
1843 5059 1935 5108 Δι-

367 5150 627 5219 εγερθεὶς
649 5149 717 5202 δὲ
743 5152 776 5204 ό
791 5149 1010 5218 Ἰωσὴφ
1039 5149 1157 5203 ἀπὸ
1179 5149 1286 5202 τοῦ
1316 5149 1530 5213 ὕπνου,
1552 5149 1841 5216 ἐποίησεν
1858 5149 1938 5211 ὠς

371 5244 745 5315 προσέταξεν
799 5244 958 5311 αὐτῷ
987 5249 1018 5299 ὁ
1051 5245 1303 5314 ἄγγελος
1350 5244 1587 5313 Κυρίου.
1648 5239 1799 5307 Εἶδες
1839 5243 1940 5294 ὑπ-

376 5341 562 5410 ακοὴν,
586 5340 679 5394 καὶ
695 5338 1000 5408 καταπειθῆ
1015 5339 1252 5392 διάνοιαν
1271 5355 1286 5405 ;
1311 5333 1452 5400 εἶδες
1469 5336 1643 5407 ψυχὴν
1663 5337 1943 5406 διεγηγερ-
1977 5340 1980 5342 ’

443 5501 493 5535 ⁷³
517 5501 578 5555 τό
610 5515 721 5555 om.
752 5497 911 5554 D.°F.

376 5571 561 5643 Ep;5é

372 5639 435 5698 Ἐξ
462 5641 560 5712 Epf
591 5639 774 5695 Celeri
797 5640 949 5712 οὐδέ.

984 5498 1034 5530 ’⁸
1058 5496 1214 5552 σκύλ.
1245 5496 1390 5566 ἐγέν.
1410 5493 1537 5566 καί]

371 5703 523 5782 pag:
541 5709 918 5782 διωρισμένον.
931 5750 942 5762 .
955 5749 968 5764 .
1007 5703 1200 5782 χρόνον
1209 5703 1229 5782 τ’
1245 5703 1828 5782 Διωρισμένουῼχρόνου
1840 5703 2013 5782 βαιὴ.

1571 5495 1665 5548 καὶ
1692 5495 1844 5548 σκύλ.
1871 5494 2013 5562 ἐγέν.
2032 5493 2095 5549 C.
2123 5494 2187 5549 D.
2225 5493 2288 5549 F.
2319 5493 2418 5565 Ep.

601 5570 771 5640 μόνον
795 5571 854 5624 Β.
890 5569 951 5623 Ε.
1026 5565 1254 5640 ⁷Ῐίπερί]
1281 5560 1381 5640 Sig
1405 5560 1696 5640 Ep._'['_1ul|1_.
1726 5566 1818 5616 ἐπί
1851 5566 1910 5640 l)_.

2024 5565 2284 5640 [ἐγένετο
2312 5560 2378 5618 DL
2443 5565 2514 5640 ﬁt
2544 5560 2866 5640 ﬁngatque»:
2981 5565 3174 5640 F_._Ep.
3240 5560 3297 5640 ξσ
3326 5560 3473 5635 οὐτε]
3489 5560 3597 5640 Δ816

1054 5636 1099 5708 *ξι
1134 5632 1432 5708 παρέλαϐε]
1452 5632 1588 5689 ἐιΜ.
1618 5634 1745 5708 γὰρ,
1772 5634 1905 5708 φησι
1936 5632 2074 5708 Edd.

2025 486 2210 556 μένην,
2241 488 2335 540 καὶ
2380 489 2436 540 ἐν
2467 487 2668 541 ἅπασιν
2715 486 3046 553 ἁδέκαστον;
3095 485 3233 541 Οὑτε
3283 487 3392 558 γὰρ
3417 487 3580 558 ἡνίκα

2025 577 2433 635 ὑπώπτευσεν⁷⁹
2470 580 2629 652 ἀηδές
2660 596 2712 634 τι
2754 582 2851 656 καὶἶ
2875 580 3070 634 ἄτοπον
3090 619 3105 643 ,
3151 582 3438 649 κατασχεῖν
3485 581 3581 646 ὴν-

2015 670 2202 740 ἐσχετο
2225 672 2322 742 τὴν
2339 672 2630 743 Παρθένον,
2646 672 2769 724 οὔτε
2787 673 2830 702 ⁸⁸⁰
2859 672 3043 742 ἐπειδὴ
3067 671 3266 743 ταύτης
3290 672 3575 742 ἀπηλλάγη

2012 759 2110 829 τῆς
2145 760 2397 830 ὑποψίας,
2423 762 2668 816 ἐκϐαλεῖν
2696 763 2986 831 ὑπέμεινεν
3011 778 3023 789 ·
3058 762 3193 816 άλλά
3221 764 3312 816 καὶ
3338 764 3576 833 κατέχει,

2011 852 2108 904 καὶ
2142 852 2464 909 διακονεῖται
2493 858 2557 926 τῇ
2591 856 2869 926 οἰκονομίᾳ
2889 855 3057 926 πάσῃ.
3082 855 3191 909 Καὶ
3217 856 3515 924 παρέλαϐε
3534 857 3578 888 ⁸⁸

2009 945 2244 1010 Μαρίαν
2295 945 2410 1011 τὴν
2442 946 2695 1014 γυναῖκα
2719 947 2923 1000 αὐτοῦ.
2985 943 3135 1006 Εἶδες
3180 947 3297 1010 πῶς
3343 949 3579 1018 συνεχῶς

2009 1033 2167 1086 τοῦτο
2192 1034 2369 1102 τίθησι
2397 1035 2456 1088 τὸ
2479 1035 2650 1107 ὄνομα
2681 1038 2709 1088 ὁ
2738 1035 3146 1107 εὐαγγελιστὴς,
3165 1037 3226 1090 οὐ
3261 1037 3581 1108 βουλόμενος

2011 1123 2413 1194 ἐκκαλυφθῆναι
2449 1127 2510 1178 τὸ
2551 1129 2845 1196 μυστήριον
2879 1128 3054 1180 ἐκεῖνο
3101 1127 3237 1191 τέως
3267 1167 3282 1191 ,
3347 1129 3441 1182 καὶ
3484 1129 3582 1199 τὴν

2011 1216 2250 1286 πονηράν
2283 1217 2328 1248 ³³
2363 1218 2574 1287 ἐκείνην
2599 1217 2834 1290 ἀναιρῶν
2861 1219 3123 1288 ὑποψίανς

2081 1307 2446 1376 Παρωαόὼν
2477 1308 2545 1361 δὲ
2587 1309 2800 1376 αὐτὴν,
2853 1311 2962 1363 οὐκ
3007 1311 3335 1380 ἐγῖνωο-κεν
3363 1312 3579 1378 αὐτὴν,

2010 1396 2120 1464 ἕως
2158 1393 2228 1453 οὗ
2263 1399 2427 1452 ἔτεκε
2467 1399 2575 1452 τὸν
2626 1401 2763 1454 υἱὸν
2803 1399 2992 1467 αὐτῆς
3029 1404 3137 1454 τόν
3185 1404 3579 1471 πρωτότοκον.

2013 1487 2127 1560 [77]
2159 1488 2251 1552 ἰ’ὺ,
2278 1489 2444 1554 Ἕως,
2473 1490 2705 1544 ἐνταῦθα
2736 1491 2978 1563 εἴρηκεν,
3002 1493 3099 1563 οὐχ
3127 1494 3212 1546 ἵνα
3238 1493 3583 1564 ὑποπτεύσῃς

2011 1581 2092 1634 ὅτι
2131 1582 2267 1652 μετά
2299 1581 2470 1645 ταῦτα
2503 1583 2672 1654 αὐτὴν
2701 1584 2864 1651 ἔγνω,
2903 1584 3018 1638 ἀλλ’
3050 1586 3135 1638 ἵνα
3168 1585 3344 1656 μάθῃς
3367 1587 3448 1639 ὃτι
3475 1586 3583 1654 πρὸ

2011 1671 2120 1725 τῶν
2155 1671 2358 1725 ὠδίνων
2387 1672 2604 1737 πάντως
2634 1673 2911 1744 ἀνέπαφος
2933 1670 3000 1746 ἦν
3037 1677 3070 1745 ἡ
3101 1675 3392 1746 Παρθένος.
3427 1675 3586 1739 Τίνος

2011 1757 2103 1816 οὖν
2135 1763 2340 1828 ἕνεκεν,
2368 1765 2520 1836 φησὶ,
2555 1765 2635 1830 τὸ,
2675 1765 2848 1832 ’Ἐως,
2881 1765 3153 1830 τέθεικεν;
3201 1766 3324 1819 Ὅτι
3369 1765 3489 1829 ἔθος
3513 1768 3582 1837 τῇ

2012 1855 2200 1927 Γραφῇ
2225 1856 2379 1910 τοῦτο
2406 1857 2664 1920 πολλάκις
2702 1859 2895 1923 ποιεῖν,
2945 1859 3039 1911 καὶ
3068 1858 3167 1930 τὴν
3201 1859 3358 1928 ῥῆσιν
3381 1856 3586 1927 ταύτην

2021 1947 2097 2016 μὴ
2135 1947 2227 2000 ἐπὶ
2257 1947 2626 2018 διωρισμένων
2658 1948 2703 1980 ⁸³
2735 1949 2939 2003 τιθέναι
2964 1949 3190 2021 χρόνων.
3221 1949 3331 2002 Kal
3362 1948 3471 2020 γὰρ
3492 1948 3587 2002 καὶ⁸

2017 2038 2112 2092 ἐπὶ
2138 2038 2235 2109 τῆς
2260 2039 2494 2094 κιϐωτοῦ
2516 2058 2676 2112 φησιν
2695 2053 2708 2067 '
2727 2043 2850 2111 Οὐχ
2870 2041 3250 2110 ὑπέστρεψεν
3274 2041 3320 2073 ⁸⁵
3348 2044 3382 2095 ό
3400 2039 3588 2108 κόραξ

2017 2130 2126 2197 ἕως
2155 2126 2227 2187 οὗ
2256 2131 2552 2202 ἐξηράνθη
2583 2133 2622 2200 ή
2654 2133 2729 2203 γῆ
2747 2149 2760 2163 ·
2812 2133 3052 2203 καίτοιγε
3095 2133 3215 2187 οὐδὲ
3247 2132 3384 2204 μετά
3413 2131 3588 2186 ταῦτα

2019 2223 2346 2294 ὑπέστρεψε.
2376 2224 2484 2278 Kal
2512 2222 2753 2295 περὶτοῦ
2778 2223 2910 2277 Θεοῦ
2940 2224 2996 2278 δὲ
3023 2224 3377 2294 διαλεγομένη
3399 2223 3582 2294 φησίν·

2028 2316 2158 2368 Ἀπὸ
2188 2315 2294 2368 τοῦ
2337 2315 2548 2381 αἰῶνος
2595 2316 2692 2369 καὶ
2721 2315 2832 2380 ἕως
2871 2315 2976 2370 τοῦ
3005 2315 3218 2381 αἰῶνος
3265 2315 3347 2368 σὺ
3377 2315 3461 2367 εἷ’
3487 2315 3588 2384 οὐχ

2018 2406 2174 2476 ὅρους
2216 2405 2424 2459 τιθεῖσα
2457 2406 2686 2460 ἐνταῦθα
2705 2407 2749 2439 ³⁵
2773 2423 2784 2434 ·
2809 2407 2905 2461 καὶ
2943 2407 3102 2462 πάλιν
3130 2405 3588 2476 εὐαγγελιζομένη

2019 2497 2112 2550 καὶ
2138 2495 2369 2564 λέγουσα
2403 2497 2449 2527 ⁸⁸
2470 2513 2482 2526 ·
2533 2495 2827 2550 Ἀνατελεῐ
2862 2496 2930 2550 ὲν
2961 2496 3090 2563 ταῖς
3131 2497 3378 2565 ἡμέραις
3399 2494 3588 2548 αὑτοῦ

2018 2586 2370 2654 δικαιοσύνη
2419 2586 2518 2642 καί
2562 2585 2792 2654 πλῆθος
2840 2587 3116 2656 εἰρήνης,
3165 2587 3276 2655 ἕως
3319 2584 3391 2645 οὗ
3444 2588 3586 2642 dm:-

2019 2675 2301 2746 αναιρεθῇ
2323 2679 2360 2746 ἡ
2383 2677 2637 2748 σελήνη
2661 2678 2720 2731 οὐ
2747 2678 2918 2750 πέρας
2945 2677 3126 2732 δίδωσι
3148 2677 3226 2749 τῷ
3251 2677 3398 2748 καλῷ
3417 2678 3590 2748 τούτῳ

2023 2769 2290 2840 στοιχείῳ.
2343 2768 2496 2824 Οῦτω
2525 2769 2588 2842 δὴ
2618 2771 2712 2823 καὶ
2739 2769 2968 2824 ἐνταῦθα
2995 2771 3076 2834 τὸ,
3131 2771 3304 2837 Ἕως,
3353 2765 3494 2834 εἷπε,
3520 2770 3592 2822 τά

2028 2859 2132 2932 πρὸ
2160 2857 2268 2912 τῶν
2299 2858 2498 2913 ὠδίνων
2529 2860 2934 2932 ἀσφαλιζομένη
2953 2902 2969 2926 ,
3000 2863 3068 2916 τὰ
3099 2862 3155 2915 δέ
3185 2863 3323 2934 μετά
3344 2863 3517 2917 ταῦτα
3547 2865 3594 2897 ⁸⁷

2026 2951 2108 3003 σοὶ
2127 2949 2609 3021 καταλιμπάνουσα
2627 2951 3051 3021 συλλογίζεσθαι.
3081 2955 3145 3008 Ὃ
3170 2956 3271 3025 μὲν
3299 2953 3407 3027 γὰρ
3428 2957 3597 3026 ἀναγ-

2027 3044 2180 3093 καῖον
2199 3037 2267 3113 ἦν
2293 3043 2422 3114 παρ’
2451 3041 2616 3096 αὐτοῦ
2646 3061 2706 3096 σε
2737 3045 2945 3114 μαθεῖν,
2973 3045 3130 3100 τοῦτο
3157 3047 3318 3111 αὐτὸς
3349 3049 3595 3120 εἴρηκεν,

2027 3132 2106 3182 ὅτι
2137 3131 2410 3201 ἀνέπαφος
2433 3129 2500 3204 ἦν
2530 3136 2562 3204 ἡ
2601 3134 2872 3205 Παρθένος
2908 3137 3012 3198 ἕως
3048 3137 3142 3191 τοῦ
3169 3139 3329 3192 τόκου
3351 3155 3364 3170 °
3390 3140 3418 3194 ὃ
3443 3141 3498 3193 δὲ
3531 3143 3598 3194 ἐκ

2028 3220 2136 3274 τῶν
2190 3225 2493 3294 εἰρημένων
2532 3225 2923 3299 ἀκόλουθόν-τε
2966 3229 3216 3298 ἐφαίνετο
3266 3231 3359 3284 καὶ
3391 3231 3599 3302 ὡμολο-

2029 3313 2288 3383 γημένον,
2312 3315 2468 3368 τοῦτο
2498 3318 2579 3369 σοὶ
2605 3317 2786 3370 λοιπὸν
2815 3319 3008 3390 ἀφίησι
3055 3321 3286 3374 συνιδεῖν
3308 3338 3321 3350 ·
3353 3318 3484 3390 οἷον,
3514 3324 3597 3377 ὅτι

2029 3405 2148 3459 οὐδέ
2177 3407 2311 3475 μετά
2349 3407 2520 3461 ταῦτα
2551 3409 2648 3477 τὴν
2687 3409 2826 3462 οὑτω
2851 3411 3147 3484 γενομένην
3197 3413 3410 3484 μητέρα
3434 3453 3449 3473 ,
3502 3413 3599 3467 καὶ

2031 3496 2233 3550 καινῶν
2253 3496 2457 3552 ὠδίνων
2481 3501 2573 3553 καὶ
2596 3501 2760 3566 ξένων
2786 3501 3211 3566 καταξιωθεῖσαν
3230 3503 3596 3574 λοχευμάτων,

2030 3587 2127 3638 οὐκ
2155 3586 2220 3641 ἂν
2249 3587 2452 3653 δίκαιος
2482 3589 2556 3644 ῶν
2594 3593 2796 3656 ἐκεῖνος
2837 3593 3095 3663 ὑπέμεινε
3136 3596 3337 3662 γνῶναι
3390 3595 3596 3649 λοιπόν.

2032 3677 2093 3728 Εἰ
2127 3677 2235 3746 γὰρ
2257 3677 2397 3746 ἔγνω
2417 3680 2607 3751 αὐτὴν,
2629 3682 2722 3734 καὶ
2751 3683 2809 3735 ἐν
2843 3683 2990 3750 τάξει
3030 3686 3285 3751 γυναικὸς
3313 3683 3445 3756 εἶχε,
3482 3688 3598 3750 πῶς

2031 3768 2106 3830 ὠς
2133 3769 2565 3840 άπροστάτευτον
2591 3773 2761 3845 αὐτὴν
2787 3773 2881 3827 καὶ
2898 3775 3090 3830 οὐδένα
3123 3777 3352 3846 ἔχουσαν
3383 3777 3462 3848 τῷ
3493 3797 3600 3850 μα-

2033 3859 2168 3932 θητῇ
2198 3863 2573 3934 παρατίθεται,
2603 3864 2696 3918 καὶ
2729 3865 2937 3919 κελεύει
2980 3867 3128 3939 αὑτῷ
3160 3870 3242 3932 είς
3267 3869 3336 3922 τὰ
3365 3869 3470 3924 ίδια
3495 3872 3600 3924 αὐ-

2031 3952 2129 4023 τὴν
2155 3953 2366 4018 λαϐεῖν;
2397 3955 2521 4019 Πῶς
2547 3953 2659 4021 οὖν,
2690 3957 2872 4030 φησὶν,
2901 3959 3115 4027 ἀδελφοὶ
3138 3960 3300 4015 αὐτοῦ
3329 3963 3601 4033 χρηματί-

2033 4042 2213 4106 ζουσιν
2233 4045 2281 4096 οί
2309 4047 2437 4116 περὶ
2468 4046 2754 4113 Ἰάκωϐον;
2785 4047 2996 4120 ’Ὠσπερ
3016 4049 3111 4103 καὶ
3133 4050 3292 4113 αὐτὸς
3322 4050 3600 4121 ἐνομίζετο

2032 4137 2172 4208 ἀνὴρ
2191 4138 2291 4207 τῆς
2314 4137 2524 4208 Μαρίας
2550 4141 2616 4194 ⁸⁸.
2647 4139 2823 4194 Πολλά
2847 4141 2956 4213 γὰρ
2983 4141 3198 4210 ἐγένετο
3235 4141 3306 4194 τά
3349 4159 3597 4214 παραπε-

2033 4229 2302 4298 τάσματα,
2339 4229 2476 4282 ὥστε
2529 4232 2917 4301 συσκιασθῆναι
2956 4233 3091 4296 τέως
3128 4234 3216 4287 τὸν
3245 4233 3483 4288 τοιοῦτον
3512 4237 3601 4288 τό·

2033 4338 2147 4374 κον.
2180 4321 2271 4374 Διὸ
2300 4322 2393 4375 καὶ
2426 4323 2675 4393 Ἰωάννης
2699 4323 2870 4386 οὕτως
2895 4325 3091 4389 αὐτοὺς
3121 4326 3166 4357 ⁸³
3197 4326 3378 4380 ἐκάλει
3403 4327 3597 4395 λέγων’

2036 4412 2186 4466 Οὐδὲ
2217 4414 2327 4483 γὰρ
2347 4417 2399 4468 οἱ
2421 4415 2671 4484 ἀδελφοί
2705 4415 2890 4470 αὑτοῦ
2917 4416 3240 4471 ἐπίστευον
3263 4420 3348 4484 είς
3391 4420 3596 4473 αὐτόν.

2045 4503 2182 4556 Ἀλλ’
2213 4505 2357 4574 ὅμως
2386 4506 2434 4557 οἱ
2466 4505 2540 4576 μὴ
2579 4505 2924 4572 πιστεύοντες
2955 4507 3237 4579 πρότερον,
3295 4509 3601 4579 θαυμαστοί⁸

2034 4597 2123 4649 καὶ
2149 4601 2464 4667 περιφανεῖς
2486 4599 2774 4666 γεγόνασιν
2802 4598 3044 4670 ὕστερον.
3075 4601 3202 4652 Ὅτε
3228 4599 3358 4669 γοῦν
3387 4603 3466 4663 είς
3504 4601 3600 4654 Ἰε-

2035 4684 2221 4754 ροσόλυ
2230 4703 2303 4755 μα
2329 4685 2555 4754 ἀνῆλθον
2575 4686 2624 4738 οί
2646 4705 2712 4738 πε
2722 4687 2774 4758 9l
2807 4687 3016 4742 Παῦλον
3035 4687 3150 4760 [78]
3181 4689 3462 4759 δογμάτων
3485 4690 3602 4742 ἐνε-

2033 4793 2146 4840 κεν,
2183 4778 2316 4846 πρὸς
2347 4777 2506 4830 αὐτὸν
2536 4778 2580 4810 ⁸ο
2608 4778 2808 4842 εὐθέως
2838 4780 3085 4850 εἰσῆλθον
3119 4782 3184 4834 ⁹¹.
3213 4780 3368 4835 Οὑτω
3394 4781 3500 4850 γὰρ
3530 4779 3599 4854 ἧν

2032 4866 2357 4935 θαυμαστὸς,
2382 4868 2456 4931 ὠς
2473 4869 2564 4921 καὶ
2584 4870 2683 4939 τὴν
2707 4871 3010 4942 ἐπισκοπὴν
3027 4873 3431 4943 ἐγχειρισθῆναι
3448 4873 3600 4943 πρῶ-

2032 4976 2140 5022 τος.
2170 4959 2304 5011 Φασὶ
2335 4959 2390 5012 δὲ
2417 4961 2576 5013 αὐτὸν
2605 4963 2698 5014 καὶ
2724 4962 3112 5036 σκληραγωγίᾳ
3157 4966 3446 5036 προσέχειν
3478 4983 3601 5020 τοσ-

2034 5047 2191 5117 αύτῃ,
2217 5046 2292 5110 ὠς
2316 5047 2408 5100 καὶ
2435 5047 2503 5100 τά
2531 5048 2664 5130 μέλη
2698 5051 3034 5123 νεκρωθῆναι
3078 5053 3294 5108 ἅπαντα
3312 5095 3327 5118 ,
3371 5056 3460 5109 καὶ
3491 5057 3600 5110 ἀπὸ

2042 5138 2128 5207 τῆς
2158 5138 2413 5208 συνεχοῦς
2439 5139 2622 5210 εὐχῆς,
2659 5143 2753 5195 καὶ
2779 5141 2879 5211 τῆς
2904 5143 3183 5214 διηνεκοῦς
3214 5147 3349 5213 πρὸς
3387 5147 3449 5200 τὸ
3482 5147 3594 5200 ἐδα-

2039 5247 2129 5299 ρος
2154 5231 2370 5300 ὁμιλίας
2389 5233 2448 5285 τὸ
2480 5233 2726 5303 μέτωπον
2749 5234 2920 5300 οὑτως
2954 5237 3101 5307 αὐτῷ
3147 5239 3596 5309 κατεσκληκέναι,

2040 5325 2105 5386 ὣς
2139 5324 2303 5394 μηδὲν
2341 5325 2560 5394 ἄμεινον
2587 5328 2824 5394 γονάτων
2869 5330 3114 5398 καμήλου
3148 5330 3446 5384 διακεῖσθαι
3496 5334 3595 5403 τῆς

2513 5493 2558 5526 ’⁷³
2579 5493 2708 5566 γάρ]
2742 5493 2868 5549 add.
2890 5492 2990 5564 Ep.
3009 5495 3113 5548 An.
3208 5495 3254 5528 το
3287 5491 3473 5635 μόνονῦ
3501 5491 3594 5547 Sic

2544 5565 2866 5635 ὑπώπτευεν
2894 5565 2956 5635 Ι).
2981 5565 3042 5620 F.
3076 5566 3174 5634 Ep.
3247 5566 3293 5598 ⁸⁰
3326 5563 3447 5617 οὔτε
3504 5560 3594 5618 Sic

2177 5639 2222 5706 '3
2248 5633 2515 5706 πονηράν]
2546 5637 2602 5688 δέ
2631 5637 2692 5690 F.
2735 5634 2835 5706 Ep.
2879 5634 2962 5706 -ιι
3013 5637 3104 5690 Sic
3123 5633 3198 5688 ίΑ.
3230 5633 3502 5706 gemmea
3536 5641 3596 5686 ul

2118 5704 2165 5777 3f
2185 5704 2272 5759 Sic
2301 5703 2403 5777 Ep}-
2425 5703 2764 5777 ἐπέστρεψεν
2788 5704 2848 5759 D.
2879 5703 2942 5759 F.
3046 5707 3091 5738 ⁸⁸
3123 5705 3362 5777 ἐνταῦθα
3391 5705 3596 5777 habent

369 5779 430 5836 ι).
458 5780 519 5835 F.
553 5774 718 5834 Euih.
741 5774 1224 5835 "AnArmIEaeleri
1252 5774 1532 5832 ominum.
1606 5774 1654 5806 ³⁸
1676 5777 1770 5846 καὶ
1800 5775 1912 5842 λέγι

2024 5793 2100 5846 ι...
2129 5774 2442 5846 δικαιοσύνη
2476 5774 2958 5846 καίΪΗέεο-νεῑυιι,
2985 5792 3103 5844 quae
3127 5777 3323 5846 desunt
3354 5776 3408 5828 in
3433 5775 3591 5828 codd.

372 5859 593 5937 ευθειιυι
623 5849 733 5937 ξι».
754 5851 1044 5937 Axs-.5"?-
1078 5845 1912 5937 ,“f’f.PQSE.“P§”ﬁiad‘ll"Pf.EI

2024 5845 2036 5896 5
2065 5845 2244 5907 λέγειν
2276 5842 2466 5900 omnés
2508 5842 2704 5915 printer
2745 5842 2803 5897 Ι).

2025 5915 2199 5937 :_-L\__
2236 5915 2472 5937 I____\.!l.1
2510 5921 2523 5937 ι
2561 5910 2757 5937 ειη..-]
2788 5917 2803 5937 ί

372 5925 432 5978 Δ.
463 5920 522 5975 Β.
553 5920 614 5976 C.
648 5915 733 5974 E.’
788 5919 832 5952 ⁸⁸
860 5917 1098 5988 Μαρίας]
1128 5915 1252 5972 add}
1278 5918 1322 5988 ὅ⁸
1343 5915 1668 5988 Ἰωσὴφί),
1716 5915 1759 5988 θῗ
1791 5916 1912 5988 αὐτη

2024 5915 2204 5988 ἐκάλει
2235 5916 2412 5988 (καλ-εἰ
2425 5915 2472 5988 Ε
2486 5921 2526 5982 .)

2903 5847 2946 5916 δῖ
2981 5845 3176 5916 ταῦτα]
3208 5846 3333 5900 add.
3371 5846 3592 5916 ἐσίγησε

2561 5910 2757 5986 λέγω]
2788 5916 2877 5986 sic
3018 5915 3078 5971 F.
3111 5910 3214 5972 Αἱι.
3245 5919 3429 5972 caeleri
3465 5910 3595 5986 πέρι

372 5925 432 5978 Δ.
463 5920 522 5975 Β.
553 5920 614 5976 C.
648 5917 733 5974 E.’
788 5919 832 5952 ⁸⁸
860 5919 1075 5988 Μαρίας
1128 5918 1252 5972 add.
1278 5918 1306 5970 ὁ
1343 5917 1545 5985 Ἰωσὴφ
1577 5917 1640 5970 D.
1716 5917 1759 5946 ⁸⁸
1791 5917 1988 5975 αὐτοὺς
2020 5917 2204 5967 ἐκάλει
2235 5917 2412 5986 (καλεῖ
2434 5917 2526 5982 ιτ.)
2561 5917 2757 5982 λέγωνι
2788 5917 2877 5970 Sic
2919 5917 2960 5966 Ι)

364 5991 553 6046 αὐτῶν
577 5991 745 6058 λέγει.
822 5989 869 6021 ⁹⁰
905 5917 1098 6060 αὐτὸν]
1133 5986 1553 6059 ἸάκωϐονδΕιίιΙ.
1628 5986 1671 6018 ⁹¹
1707 5983 1977 6055 εἰσῆλθον]
2013 5985 2238 6055 ἀνῆλθον
2263 5987 2322 6054 D,
2345 5981 2506 6056 ἦλθον
2540 5989 2603 6040 Α.
2632 5985 2692 6040 Β.
2721 5982 2882 6058 ἦλθεν
2908 5985 2967 6039 Ε.
