4078 6372
531 410 600 467 59
1658 423 1667 432 '
1755 411 1822 468 IN
1861 407 2269 468 MATTHEUM
2309 413 2538 470 HOMIL.
2575 413 2642 468 ν.
3742 402 3812 456 60

530 525 700 578 fausta
740 521 991 576 nuntians
1032 521 1112 576 sic
1147 520 1470 591 compellat:
1510 518 1698 583 Vides,
1749 521 1940 585 frater,
1993 533 2109 587 quot

530 613 691 666 millia
716 622 831 666 sunt
849 614 935 680 qui
960 619 1293 666 conuenerunt
1323 610 1349 678 (
1362 610 1472 662 Act.
1505 609 1592 663 21.
1623 607 1768 678 20)?
1799 609 1968 661 Tanta
1995 617 2112 661 erat

522 704 640 771 ejus
666 704 940 774 pmdentia
964 746 979 766 ,
1013 712 1186 758 tantus
1213 703 1389 766 zelus;
1423 702 1532 756 imo
1554 715 1684 756 vero
1727 710 1870 755 tanta
1901 700 2102 754 Christi

526 800 713 851 virtus.
757 796 886 850 Nam
927 796 1017 866 qui
1063 795 1208 850 illum
1252 794 1626 864 vituperabant
1679 795 1982 857 viventem,
2033 793 2104 847 ita

523 896 645 956 post
668 898 892 941 mortem
922 887 1093 955 ipsum
1127 885 1374 940 admirati
1404 896 1563 949 sunt,
1594 894 1649 938 ιιι
1676 899 1799 938 cum
1827 884 2106 938 alacritate

523 993 712 1047 magna
758 979 918 1032 vitam
965 993 1062 1048 pro
1097 978 1212 1047 ipso
1263 975 1675 1047 profunderent;
1708 991 1829 1046 qua:
1855 976 2104 1028 virtutem

523 1069 928 1124 resurrectionis
981 1083 1104 1122 cum
1156 1067 1339 1138 primis
1382 1075 1825 1122 commonstrant.
1880 1065 2110 1134 Ideoque

522 1159 636 1224 illa,
667 1175 787 1230 quae
811 1159 1039 1214 clariora
1067 1167 1252 1223 erant,
1284 1157 1350 1211 ad
1381 1166 1677 1212 extremum
1701 1165 1908 1225 tempus
1935 1170 2110 1210 reser-

521 1250 818 1316 vabantur,
865 1258 923 1304 ut
950 1249 1064 1304 haec
1091 1249 1220 1304 nulli
1253 1248 1414 1303 dubio
1440 1247 1669 1303 obnoxia
1707 1256 1852 1303 esset
1885 1246 2108 1300 demon-

521 1339 890 1420 stratiuaNam
912 1340 955 1394 si
985 1341 1103 1394 illos
1131 1339 1290 1394 etiam
1319 1339 1408 1409 qui
1448 1339 1500 1392 in
1528 1340 1633 1393 vita
1678 1353 1773 1392 sua
1799 1337 2102 1391 admirandi

521 1443 709 1497 erant,
754 1431 1032 1487 defunctos
1078 1431 1468 1495 obliviscimur,
1509 1445 1616 1500 quo
1657 1436 1816 1500 pacto
1851 1429 1962 1493 illi,
2005 1427 2093 1497 qui

522 1523 791 1580 viventem
820 1527 992 1594 ipsum
1035 1523 1360 1587 irridebant,
1394 1524 1559 1578 Deum
1591 1536 1709 1576 esse
1747 1520 2108 1575 existimavis-

522 1623 674 1682 sent,
713 1615 760 1669 si
799 1613 1071 1669 hominem
1113 1612 1508 1676 credidissent-‘2
1545 1611 1814 1680 quomodo
1851 1624 1949 1680 pro
1990 1608 2109 1678 ipso

525 1716 752 1762 mortem
795 1707 978 1762 subire
1005 1707 1331 1771 voluissent,
1364 1705 1463 1760 nisi
1497 1705 1830 1774 perspicuam
1872 1703 2111 1772 accepis-

523 1805 644 1852 sent
671 1797 1080 1852 resurrectionis
1096 1795 1610 1852 demonstrationem
1630 1793 1655 1849 ?

589 1998 802 2070 Cognati
849 1997 980 2068 justi
1028 1994 1227 2050 nonnisi
1255 1991 1567 2062 resipiscenti
1596 1987 1844 2060 peccatori
1871 1994 2104 2057 prosunt.

521 2091 764 2147 Precibus
799 2099 1087 2145 sanctorum
1126 2105 1227 2142 non
1274 2087 1424 2140 nimis
1475 2083 1756 2155 ﬁdendum.
1806 2081 1947 2136 -4.
1982 2079 2108 2135 Haec

522 2197 687 2253 porro
713 2182 962 2245 dicimus,
993 2194 1099 2234 non
1127 2185 1187 2232 ut
1214 2177 1439 2231 audiatis
1477 2183 1702 2239 tantum,
1733 2172 1827 2228 sed
1852 2180 1911 2227 ut
1934 2170 2111 2226 imite-

521 2273 650 2328 mini
669 2269 1272 2335 fortitudinem,dicendi
1312 2267 1569 2330 iduciam,
1599 2263 1962 2332 justitiamque
1989 2276 2108 2317 om—

524 2381 647 2420 nem
671 2381 686 2427 ;
711 2373 768 2419 ut
791 2379 952 2419 nemo
974 2363 1042 2418 de
1067 2376 1126 2416 se
1154 2360 1423 2430 desperet,
1453 2356 1664 2412 etiamsi
1685 2356 1908 2409 antehac
1935 2352 2114 2422 segnis

523 2455 928 2524 desidiosusque
973 2452 1163 2516 fuerit;
1213 2457 1373 2519 utque
1418 2447 1561 2502 nulla
1608 2447 1662 2501 iu
1718 2459 1780 2500 re
1833 2443 1940 2499 alia
1963 2457 2114 2513 spem

525 2545 738 2612 habeat,
767 2544 868 2599 nisi
893 2552 1013 2613 post
1039 2541 1131 2596 Dei
1158 2537 1578 2596 misericordiam
1603 2536 1657 2590 in
1679 2549 1886 2589 morum
1914 2532 2116 2588 sancti-

528 2635 788 2692 tate.Nam
810 2635 854 2689 si
873 2633 1002 2688 nihil
1019 2633 1122 2687 illis
1145 2629 1344 2702 profuit
1356 2627 1496 2700 quod
1512 2627 1577 2683 ex
1593 2627 1928 2697 cognatione,
1955 2623 2116 2678 domo

527 2737 584 2782 et
605 2727 772 2798 patria
794 2725 986 2780 Christi
1014 2732 1195 2778 essent
1215 2764 1231 2786 ,
1261 2721 1434 2775 donec
1461 2720 1654 2774 virtute
1677 2717 1976 2772 clarerent:
2008 2728 2110 2784 qua

529 2820 686 2876 venia
726 2817 870 2888 digni
909 2816 1143 2881 erimus,
1170 2815 1297 2869 dum
1336 2821 1590 2882 cognatos
1627 2819 1683 2864 et
1718 2809 1905 2863 fratres
1939 2808 2110 2878 iustos

531 2911 896 2976 ostendimus,
944 2909 1045 2963 nisi
1102 2922 1223 2960 cum
1277 2919 1467 2975 magna
1506 2901 1758 2972 aequitate
1808 2900 2109 2974 Vvirtuteque

531 3006 694 3059 vitam
749 3001 1045 3058 ducamus?
1099 2998 1233 3054 Illud
1287 2998 1429 3052 enim
1470 2994 1812 3049 subindicans
1854 2991 2117 3061 propheta

531 3095 742 3149 dicebat
772 3110 786 3146 :
817 3091 1001 3146 Frater
1024 3106 1124 3144 non
1149 3089 1367 3152 redimit,
1400 3085 1608 3141 redimet
1642 3084 1791 3138 homo
1821 3081 2000 3152 (Psal.
2027 3080 2121 3137 48.

532 3187 636 3258 7);
668 3184 879 3242 etiamsi
909 3184 1115 3256 Moyses
1147 3181 1343 3246 fuerit,
1375 3178 1581 3234 etiamsi
1619 3175 1873 3243 Samuel,
1915 3172 2123 3228 etiamsi

533 3277 814 3334 Jeremias.
861 3275 994 3329 Audi
1025 3275 1165 3329 enim
1188 3271 1315 3343 quid
1345 3271 1422 3326 illi
1448 3269 1590 3324 dicat
1619 3269 1759 3324 Deus
1791 3283 1810 3324 :
1845 3265 1970 3320 Noli
1998 3282 2118 3335 pre-

533 3370 642 3424 cari
679 3385 770 3440 pro
799 3368 988 3438 populo
1013 3366 1127 3431 hoc,
1159 3363 1395 3434 quoniam
1437 3378 1538 3415 non
1562 3359 1832 3414 exaudiam
1873 3367 1923 3410 te
1973 3355 2115 3426 (λεν.

535 3462 625 3516 11.
655 3459 776 3530 14).
801 3459 866 3514 Ει
887 3457 1014 3528 quid
1043 3454 1252 3510 miraris
1278 3454 1322 3508 si
1350 3461 1402 3508 te
1427 3467 1537 3506 non
1565 3450 1760 3505 audio?
1781 3448 1913 3504 Nam
1938 3447 1981 3502 si
2005 3459 2121 3516 Ipse

537 3554 784 3625 Moyses,
810 3551 1018 3622 inquit,
1041 3548 1088 3604 si
1109 3547 1324 3603 Samuel
1349 3543 1630 3606 adessent,
1660 3555 1845 3596 eorum
1877 3553 1974 3609 pro
2010 3537 2128 3591 istis

535 3648 974 3719 supplicationem
1019 3662 1126 3701 non
1179 3645 1514 3701 admitterem
1563 3640 1711 3702 (Jer.
1749 3641 1831 3695 15.
1864 3639 1949 3709 1).
1976 3637 2114 3692 Εῑθο

536 3739 677 3796 cblel
698 3738 907 3793 etiamsi
941 3737 1200 3806 supplicet
1222 3779 1237 3803 ,
1266 3736 1367 3790 hoc
1405 3733 1588 3788 audiet
1619 3750 1633 3786 :
1673 3731 1734 3786 Si
1755 3730 1980 3785 steterint
2006 3725 2121 3780 Noe

537 3843 584 3886 ot
609 3831 709 3886 Job
756 3839 801 3884 et
830 3829 1046 3892 Daniel,
1093 3829 1228 3897 ﬁlios
1277 3827 1507 3895 ﬁliasque
1547 3839 1666 3878 suas
1702 3839 1805 3876 non
1843 3820 2120 3874 liberabant

536 3919 765 3991 (Ezech.
815 3918 1180 3989 14.11.16).
1232 3917 1457 3972 Etiamsi
1503 3913 1770 3970 Abraham
1819 3909 2120 3982 patriarcha

539 4028 638 4084 pro
657 4014 722 4068 iis
741 4013 830 4084 qui
853 4011 1132 4066 incurabili
1158 4010 1345 4065 morbo
1363 4007 1625 4072 laborant,
1651 4021 1750 4061 nec
1779 4003 2116 4074 resipiscunt,

537 4103 832 4173 supplicet,
867 4103 1006 4157 Deus
1044 4101 1297 4157 abscedet
1336 4107 1392 4156 et
1433 4099 1701 4168 relinquet
1741 4112 1899 4162 eum;
1945 4096 2016 4148 ita
2065 4103 2125 4148 ut

537 4209 724 4249 eorum
766 4195 933 4264 gratia
983 4193 1233 4248 emissam
1285 4205 1472 4247 vocem
1519 4206 1627 4244 non
1665 4188 1865 4244 audiat.
1899 4185 2122 4242 Etiamsi

540 4287 757 4343 Samuel
785 4286 886 4342 hoc
914 4286 1086 4356 ipsum
1111 4285 1331 4351 fecerit,
1358 4283 1503 4339 dicet
1526 4283 1626 4353 ipsi
1657 4299 1672 4336 :
1705 4279 1789 4336 Ne
1815 4281 2010 4351 ﬂeveris
2033 4294 2123 4348 pro

542 4379 702 4434 Saule
727 4379 746 4449 (
769 4381 820 4434 l.
847 4377 974 4450 Reg.
1008 4379 1095 4433 16.
1124 4379 1216 4448 1).
1246 4375 1470 4431 Etiamsi
1509 4390 1604 4445 pro
1648 4388 1832 4429 sorore
1861 4371 2123 4442 quispiam

541 4485 648 4526 non
665 4479 964 4541 opportune
983 4469 1236 4531 oraverit,
1261 4469 1489 4537 idipsum
1517 4466 1696 4521 audiet
1714 4465 1856 4536 quod
1882 4465 2121 4536 Moyses:

542 4562 604 4617 Si
664 4577 945 4632 conspuens
994 4561 1303 4631 conspuisset
1341 4569 1484 4629 pater
1524 4559 1633 4628 ejus
1684 4559 1739 4611 in
1795 4557 1976 4628 faciem
2015 4557 2125 4625 ejus

540 4651 740 4724 (Num.
795 4653 884 4707 12.
948 4651 1084 4721 14).
1134 4650 1211 4705 Ne
1262 4651 1439 4715 itaque
1491 4649 1718 4704 aliorum
1773 4646 2124 4718 patrocinium

542 4748 722 4802 hiante
749 4761 844 4801 ore
868 4757 1188 4816 spectemus.
1216 4742 1345 4798 Nam
1379 4758 1564 4812 preces
1585 4741 1797 4812 quidem
1820 4749 2124 4796 sanctorum

539 4838 648 4892 vim
678 4836 876 4892 habent
902 4837 1229 4900 maximam;
1259 4835 1352 4889 sed
1391 4835 1434 4888 si
1467 4849 1566 4887 nos
1604 4832 1968 4902 ptenitentiam
1999 4847 2126 4901 aga-

542 4945 664 4984 mus
712 4937 768 4983 et
825 4927 1220 4996 resipiscamus.
1257 4924 1695 4994 Quandoquidem
1748 4924 1992 4996 Moyses,
2036 4925 2126 4994 qui

542 5024 760 5078 fratrem
807 5036 962 5075 suum
987 5031 1042 5075 et
1065 5029 1316 5075 sexcenta
1344 5019 1504 5073 millia
1534 5017 1812 5072 hominum
1854 5017 1922 5072 ab
1950 5017 2128 5072 immi-

542 5125 702 5169 nente
747 5114 824 5167 ira
872 5111 1150 5178 liberavit,
1204 5127 1444 5166 sororem
1498 5127 1603 5164 non
1653 5111 1825 5180 potuit
1875 5111 2122 5180 eripere;

543 5204 752 5258 etiamsi
778 5217 882 5258 non
913 5219 1008 5272 par
1033 5211 1304 5274 peceatum
1333 5211 1476 5256 esset
1507 5217 1520 5254 :
1555 5201 1641 5254 illa
1669 5202 1865 5272 quippe
1887 5201 2125 5272 Moysem

542 5295 862 5351 contumelia
887 5293 1171 5360 affecerat;
1198 5295 1248 5348 hi
1276 5303 1453 5349 autem
1477 5293 1696 5362 impium
1731 5293 1934 5348 facinus
1955 5294 2128 5348 admi-

543 5394 742 5442 serant.
773 5385 970 5441 Verum
999 5385 1134 5440 hanc
1166 5399 1266 5455 ego
1291 5385 1442 5440 vobis
1469 5384 1819 5454 quaestionem
1847 5384 2123 5454 relinquo,

544 5476 640 5533 sed
679 5477 766 5532 illa
819 5477 1115 5548 graviorem
1158 5477 1370 5532 solvere
1407 5476 1661 5532 conabor.
1709 5477 1847 5544 Quid
1885 5477 2026 5532 enim
2059 5479 2127 5533 de

546 5582 734 5624 sorore
758 5568 1016 5634 dicamus,
1046 5567 1257 5638 quando
1287 5567 1400 5637 ipse
1427 5567 1588 5622 etiam
1629 5569 1758 5621 tanti
1786 5569 1966 5638 populi
1995 5569 2123 5634 dux,

547 5657 600 5713 id
631 5659 771 5726 quod
801 5674 902 5729 pro
927 5659 1102 5728 seipso
1133 5659 1350 5730 rogabat
1379 5659 1663 5729 impetrare
1691 5673 1796 5712 non
1817 5659 2002 5726 valuit,
2031 5661 2128 5716 sed

551 5760 670 5806 eost
708 5760 784 5807 tot
825 5761 1107 5812 tantosaue
1153 5751 1364 5810 labores
1408 5759 1463 5810 et
1505 5767 1804 5820 aerumnas,
1848 5764 2126 5821 postquam

2236 527 2330 580 per
2369 525 2539 566 annos
2563 510 2906 581 quadraginta
2935 511 3128 582 populo
3172 509 3493 581 praefuerat,
3538 528 3588 565 in
3620 486 3818 568 terram

2237 602 2392 656 toties
2443 601 2760 671 promissam
2810 603 3010 656 intrare
3064 602 3367 672 prohibitus
3414 603 3538 657 est?
3581 603 3696 671 Qua
3749 606 3821 662 de

2228 693 2427 748 causa?
2471 692 2586 746 Non
2634 693 2778 747 utilis
2834 691 2950 747 btec
2990 693 3158 762 gratia
3199 691 3423 760 fuisset,
3475 693 3582 747 imo
3630 695 3812 751 damni

2229 787 2450 840 multum
2477 784 2774 846 intulisset.
2810 784 3225 855 Judazorumque
3265 786 3462 841 multos
3499 786 3814 857 supplanta-

2229 878 2414 932 visset.
2440 878 2496 933 Si
2525 879 2667 933 enim
2706 893 2771 932 ex
2795 877 3030 950 Egypto
3071 886 3271 931 tantum
3297 893 3326 932 a
3349 878 3531 949 Moyse
3559 880 3764 933 liberati
3789 921 3806 946 ,

2222 970 2329 1024 Deo
2359 969 2602 1036 dimisso,
2627 970 2841 1042 Moysen
2868 969 3213 1036 requirebant
3242 971 3446 1040 ipsique
3473 980 3640 1025 totum
3666 971 3806 1026 refe-

2222 1060 2410 1114 rebant
2442 1077 2456 1113 :
2485 1061 2529 1114 si
2561 1075 2622 1116 se
2663 1061 2920 1115 vidissent
2947 1061 3015 1115 ab
3051 1061 3141 1114 illo
3169 1061 3501 1116 introductos
3532 1063 3581 1115 in
3612 1073 3811 1118 terram

2218 1152 2584 1220 promissionis
2608 1193 2622 1217 ,
2655 1167 2761 1222 quo
2783 1168 2886 1206 non
2919 1152 3286 1222 prorupissent
3315 1152 3641 1220 impietatis?
3660 1153 3810 1208 Ideo.

2215 1260 2319 1314 que
2361 1245 2659 1314 sepulcrum
2702 1245 2818 1315 ejus
2859 1245 3124 1300 occultum
3152 1246 3346 1300 mansit
3372 1246 3561 1314 (Deut.
3594 1248 3683 1302 34.
3715 1247 3813 1316 6).

2219 1338 2434 1393 Samuel
2463 1353 2592 1392 vero
2627 1337 2842 1393 Saitlem
2886 1337 3112 1394 liberare
3137 1338 3373 1408 nequivit
3400 1353 3430 1392 a
3466 1339 3644 1393 divina
3694 1339 3770 1393 ira
3795 1381 3811 1403 ,

2217 1430 2306 1497 qui
2347 1439 2521 1484 tamen
2568 1428 2833 1484 lsraelitas
2884 1445 3028 1499 smpe
3070 1430 3300 1485 servavit
3339 1431 3423 1502 (1.
3453 1431 3578 1501 Reg.
3619 1431 3701 1486 16.
3736 1432 3813 1502 1).

2217 1522 2474 1578 Jeremias
2503 1521 2717 1576 Judreos
2769 1536 2983 1577 servare
3020 1537 3127 1577 non
3183 1523 3390 1592 potuit,
3431 1523 3582 1576 alteri
3636 1537 3815 1578 tamen

2219 1613 2270 1667 in
2324 1612 2598 1684 prophetia
2650 1628 2743 1668 sua
2791 1614 3156 1682 patrocinatns
3210 1625 3313 1668 est.
3384 1614 3570 1669 Daniel
3619 1614 3816 1670 barba-

2219 1722 2308 1762 ros
2352 1707 2443 1777 qui
2490 1706 2865 1776 iugulabantur
2915 1705 3140 1777 eripuit,
3203 1721 3302 1760 nec
3353 1705 3568 1760 Iudaeos
3623 1721 3690 1762 ne
3760 1706 3816 1761 in

2217 1798 2572 1867 captivitatem
2603 1796 2995 1851 abducerentur
3036 1811 3253 1851 servare
3292 1798 3464 1867 potuit
3490 1799 3508 1866 (
3535 1795 3666 1850 Dan.
3697 1796 3734 1850 2
3760 1800 3802 1867 ).

2218 1890 2275 1945 In
2305 1889 2607 1960 Evangeliis
2632 1903 2843 1959 quoque
2883 1904 2987 1942 non
3021 1888 3071 1942 in
3102 1888 3364 1953 diversis,
3397 1887 3492 1944 sed
3525 1888 3576 1942 in
3619 1887 3816 1942 iisdem

2219 1985 2346 2056 ipsis
2374 1995 2660 2054 utrumque
2707 1981 3066 2052 conspicimus
3109 1999 3122 2036 :
3174 1981 3531 2050 eamdemque
3560 1979 3810 2036 videmus

2217 2078 2446 2132 salutem
2474 2075 2576 2130 sibi
2600 2089 2810 2144 parare,
2835 2084 2889 2128 et
2917 2082 3100 2144 postea
3127 2072 3352 2128 salutem
3380 2087 3532 2127 suam
3553 2071 3806 2141 prodere.

2217 2168 2350 2223 Nam
2387 2167 2478 2238 qui
2506 2165 2696 2221 decem
2731 2165 2895 2219 millia
2929 2164 3124 2219 talenta
3153 2162 3415 2228 debebat,
3465 2162 3818 2233 supplicando

2219 2277 2278 2318 se
2302 2277 2365 2316 ex
2390 2261 2628 2330 periculo
2661 2258 2858 2330 eripuit
2888 2265 3176 2327 posteaque
3206 2255 3440 2327 idipsum
3469 2270 3574 2310 non
3603 2255 3815 2326 potuit;

2217 2353 2354 2408 alius
2383 2360 2567 2406 contra
2590 2392 2605 2416 ,
2636 2351 2725 2420 qui
2770 2348 2916 2420 prius
2958 2349 3191 2417 seipsum
3237 2346 3551 2416 prodiderat
3581 2388 3596 2410 ,
3630 2354 3818 2415 postea

2217 2444 2319 2499 sibi
2345 2443 2442 2511 ipsi
2470 2443 2754 2512 plurimum
2799 2440 3055 2511 prodesse
3098 2440 3290 2510 potuit.
3320 2439 3452 2507 Quis
3480 2439 3569 2493 ille
3593 2438 3723 2493 est?
3768 2437 3820 2492 ls

2219 2535 2308 2606 qui
2335 2545 2604 2607 paternam
2630 2534 2978 2590 substantiam
3019 2533 3364 2588 devoraverat
3387 2531 3539 2606 (Luc.
3573 2532 3658 2588 15.
3696 2530 3816 2601 50).

2221 2629 2403 2698 Itaque
2440 2628 2484 2683 si
2530 2643 2719 2698 segnes
2743 2635 2796 2681 et
2820 2625 3072 2682 socordes
3100 2625 3390 2693 fuerimus,
3437 2641 3508 2682 ne
3555 2641 3655 2697 per
3678 2625 3821 2680 alios

2221 2721 2435 2793 quidem
2465 2720 2664 2776 servari
2695 2719 3022 2790 poterimus;
3071 2718 3116 2772 si
3157 2725 3333 2773 autem
3360 2718 3676 2788 vigilemus,
3719 2732 3820 2786 per

2224 2812 2579 2882 nosmetipsos
2607 2808 2658 2865 id
2695 2809 2993 2865 valebimus
3019 2827 3033 2863 :
3064 2809 3173 2865 imo
3199 2809 3367 2880 magis
3412 2817 3625 2873 nostra,
3652 2823 3819 2879 quam

2222 2906 2448 2960 aliorum
2496 2917 2678 2972 opera.
2721 2901 2918 2956 Mavult
2964 2901 3160 2972 quippe
3205 2900 3344 2956 Deus
3389 2901 3612 2972 gratiam
3656 2899 3816 2954 nobis

2226 2997 2354 3068 ipsis
2375 2995 2535 3062 dare,
2566 3009 2725 3064 quam
2748 2993 2852 3048 alio
2877 3009 2974 3063 pro
3005 2993 3157 3048 nobis
3183 3005 3435 3063 precante
3453 3013 3464 3047 :
3484 3005 3541 3046 ut
3556 2986 3815 3047 curantes

2243 3090 2418 3162 ipsius
2479 3091 2612 3146 iram
2643 3091 2886 3161 placare,
2916 3105 3037 3146 cum
3066 3087 3254 3143 fiducia
3279 3101 3495 3158 agamus
3531 3095 3586 3142 et
3628 3086 3816 3158 resipi-

2239 3196 2469 3239 scamus.
2487 3181 2575 3237 Sic
2589 3181 2942 3238 Chananzeam
2961 3182 3241 3236 miseratus
3255 3189 3364 3246 est;
3384 3179 3463 3234 sic
3478 3179 3820 3235 meretricem

2237 3275 2410 3330 salute
2437 3273 2672 3338 donavit,
2695 3273 2774 3329 sic
2797 3274 3056 3330 latronem
3077 3315 3092 3341 ,
3125 3272 3268 3327 nullo
3295 3269 3682 3327 interveniente
3707 3284 3821 3324 me-

2238 3365 2445 3421 diatore
2471 3375 2526 3421 et
2555 3373 2800 3432 patrono.

2305 3547 2358 3603 5.
2384 3546 2692 3602 Sanctorum
2710 3543 2973 3599 invocatio.
2999 3539 3345 3612 Eleemosyna:
3363 3537 3579 3610 fructus.
3601 3567 3672 3581 ---
3693 3535 3822 3591 llaec

2234 3650 2412 3695 autem
2437 3639 2558 3694 dico
2580 3681 2595 3705 ,
2625 3654 2730 3692 non
2762 3645 2820 3692 ut
2845 3637 3042 3691 sanctis
3071 3652 3176 3690 non
3207 3634 3565 3705 supplicemus
3583 3673 3599 3699 ,
3627 3630 3722 3688 sed
3751 3647 3824 3686 ne

2235 3735 2402 3788 simus
2431 3733 2777 3803 negligentes,
2803 3745 2934 3786 neve
2960 3732 3010 3784 in
3037 3727 3333 3784 socordiam
3357 3742 3710 3796 somnumque
3729 3724 3825 3780 de—

2235 3824 2406 3894 lapsi,
2435 3825 2555 3879 aliis
2600 3825 2833 3894 ipsisque
2870 3823 2998 3876 solis
3039 3837 3125 3876 res
3163 3831 3374 3874 nostras
3402 3818 3822 3874 committamus.

2233 3916 2365 3972 Nam
2393 3931 2515 3971 cum
2535 3915 2776 3982 dixisset,
2805 3914 2984 3970 Facite
3007 3914 3141 3968 vobis
3167 3915 3376 3980 amicos,
3403 3929 3508 3967 non
3541 3911 3626 3966 hic
3650 3912 3822 3978 stetit,

2235 4011 2329 4066 sed
2360 4010 2580 4077 addidit,
2609 4009 2691 4064 Ea:
2715 4010 2887 4080 iniquo
2915 4025 3150 4062 mamona
3179 4006 3346 4077 (Luc.
3375 4006 3463 4061 16.
3497 4006 3530 4061 9
3554 4006 3571 4076 )
3606 4014 3709 4078 ξιιι
3735 4022 3826 4060 re-

2234 4113 2320 4158 cte
2347 4103 2542 4158 factum
2571 4117 2697 4158 vere
2723 4103 2792 4157 sit
2817 4111 2985 4156 tuum.
3018 4099 3159 4154 Nihil
3186 4100 3328 4154 enim
3354 4097 3497 4152 aliud
3525 4096 3630 4165 hic,
3661 4114 3825 4169 quam

2237 4195 2630 4264 eleemosynam
2662 4193 2912 4247 indicavit
2943 4211 2956 4247 :
2989 4191 3236 4262 quodque
3263 4189 3657 4256 admirandum,
3691 4190 3825 4246 nihil

2236 4285 2372 4340 ultra
2399 4301 2430 4340 a
2457 4286 2607 4340 nobis
2636 4285 2818 4354 exigit,
2849 4287 2892 4338 si
2920 4284 2987 4338 ab
3013 4284 3288 4358 iniquitate
3315 4281 3682 4337 abscedamus.
3710 4282 3829 4338 Hoc

2236 4377 2377 4432 enim
2415 4376 2527 4431 vult
2563 4375 2860 4446 significare
2893 4393 2906 4428 :
2934 4373 3115 4444 Inique
3149 4373 3370 4442 adeptus
3397 4373 3499 4428 es?
3527 4373 3689 4428 Recte
3718 4374 3826 4428 im-

2237 4466 2429 4536 pende.
2475 4465 2670 4536 lnjuste
2707 4464 3001 4536 collegisti?
3029 4463 3177 4519 Juste
3208 4464 3474 4534 disperge.
3507 4465 3665 4534 Atqui
3705 4480 3830 4534 quae

2240 4556 2450 4610 tandem
2491 4554 2608 4610 lucc
2644 4554 2810 4609 virtus
2835 4563 2949 4621 est,
2977 4553 3045 4609 de
3076 4553 3268 4608 talibus
3303 4553 3545 4609 donare?
3574 4556 3828 4610 Attamen

2241 4648 2399 4714 Deus,
2425 4648 2680 4718 benignus
2707 4662 2829 4702 cum
2853 4647 2942 4713 sit,
2965 4661 3030 4702 eo
3055 4662 3223 4716 usque
3251 4662 3370 4702 sese
3390 4646 3640 4702 demittit.
3669 4647 3724 4704 Si
3753 4645 3828 4703 ita

2239 4739 2510 4804 faciamus,
2539 4738 2675 4794 bona
2703 4737 2857 4793 nobis
2883 4739 3044 4793 multa
3075 4738 3367 4808 pollicetur.
3397 4740 3466 4793 At
3493 4754 3588 4794 nos
3612 4737 3678 4793 ad
3707 4748 3832 4794 tan—

2240 4843 2347 4887 tam
2378 4833 2676 4887 socordiam
2705 4832 3050 4899 devenimus,
3081 4841 3138 4886 ut
3179 4847 3246 4888 ne
3287 4831 3499 4902 quidem
3539 4848 3604 4888 ex
3643 4832 3831 4903 inique

2238 4927 2403 4997 partis
2431 4926 2752 4997 largiamur;
2784 4926 2878 4982 sed
2909 4926 3200 4981 innumeris
3227 4927 3365 4980 aucti
3400 4926 3634 4997 rapinis,
3665 4927 3710 4981 si
3740 4927 3829 4982 vel

2241 5019 2513 5072 minimam
2536 5027 2736 5088 partem
2759 5017 3082 5081 dederimus,
3108 5032 3206 5073 nos
3224 5027 3391 5072 totum
3413 5018 3706 5074 absolvisse
3727 5034 3834 5089 pu-

2239 5117 2432 5164 temus.
2464 5108 2579 5163 Non
2618 5109 2810 5164 audisti
2849 5107 3070 5163 Paulum
3100 5109 3395 5175 dicentem,
3427 5109 3528 5176 Qui
3563 5126 3714 5180 parce
3741 5127 3830 5164 se-

2239 5202 2415 5266 minat,
2447 5217 2598 5272 parce
2623 5212 2670 5255 et
2693 5211 2838 5256 metet
2866 5201 2940 5273 (2.
2974 5200 3091 5256 Cor.
3123 5201 3176 5256 9.
3206 5200 3298 5271 6)?
3325 5200 3432 5256 Cur
3460 5217 3588 5272 ergo
3617 5201 3832 5270 parcis?

2240 5312 2363 5350 num
2391 5307 2632 5366 sumptus
2655 5304 2738 5350 est
2764 5294 2932 5350 illud?
2953 5311 3079 5350 num
3105 5297 3379 5365 expensa?
3404 5295 3515 5350 lino
3536 5306 3831 5365 proventus

2239 5397 2293 5440 et
2317 5387 2624 5456 negotiatio.
2650 5385 2748 5442 Ubi
2775 5387 2914 5442 enim
2945 5401 3127 5441 semen
3152 5387 3364 5456 jacitur,
3391 5387 3460 5441 ibi
3491 5389 3678 5442 messis
3697 5403 3832 5442 eon-

2239 5478 2478 5549 sequitur
2510 5495 2522 5532 :
2552 5477 2640 5533 ubi
2668 5493 2851 5534 semen
2871 5518 2887 5544 ,
2921 5478 2992 5532 ibi
3017 5487 3072 5533 et
3097 5478 3522 5549 multiplicatio‘.
3557 5478 3634 5533 Tu
3660 5495 3824 5546 vero,

2245 5761 2292 5816 10
2308 5700 2625 5815 usas-36::
2647 5699 2917 5766 negotiatio,
2945 5698 3014 5750 ibi
3035 5705 3080 5751 et
3104 5697 3415 5761 abundantia,
3442 5697 3489 5748 id
3504 5698 3632 5762 quod
3656 5697 3708 5750 in
3725 5692 3834 5750 nul-

2318 5799 2326 5813 .
2386 5779 2438 5815 .r
2565 5779 2596 5813 ι.
3606 5772 3628 5794 ο

2318 5774 2396 5815 MS.
2414 5772 2596 5815 reneri.
3606 5772 3628 5794 ο
