4078 6372
328 359 392 416 59
1037 339 1097 393 ὃ.
1135 337 1414 394 JOANNIS
1448 338 1919 395 CIIRYSOSTOMI
1956 338 2275 397 ARCHIEP.
2316 343 2847 401 CONS'I‘ANTINOP.
3523 356 3591 410 θ’)

328 456 646 521 ἀντιτυπίας
680 456 867 509 ἐνεκεν
894 456 1063 525 αὐτῆς
1094 455 1161 507 ⁸⁸.
1196 446 1364 526 Οῷτος
1411 454 1505 508 καὶ
1553 454 1644 508 τὸν
1694 452 1903 506 Παῦλον

333 548 472 618 μετά
501 548 677 601 ταῦτα
700 548 863 601 πάλιν
892 550 971 611 εἰς
998 552 1067 600 τὰ
1098 546 1444 617 Ἰεροσόλυμα
1477 546 1768 600 ἀνελθόντα
1812 548 1932 616 ρυι,

329 637 514 709 θμίζει
568 638 781 707 λέγωνολ
817 638 1094 706 Θεωρεῖς,
1126 636 1373 707 ἀδελφέ,
1404 639 1589 692 πόσαι
1621 637 1908 707 μυριάδες

326 726 437 777 εἰσὶ
488 725 613 780 τῶν
647 729 1176 797 συνεληλυθότων.
1233 725 1483 795 Τοσαύτη
1538 723 1606 797 ἦν
1651 726 1817 779 αὑτοῦ
1867 726 1901 795 ἡ

325 814 558 879 σύνεσις,
582 818 678 871 καὶ
702 819 731 870 6
764 816 927 888 ζῆλος
949 835 963 850 ο
1002 818 1203 889 μᾶλλον
1226 818 1282 871 δὲ
1322 817 1556 887 τοσαύτη
1586 819 1620 886 ἡ
1647 815 1742 871 τοῦ
1768 818 1907 889 Χρι-

323 907 446 960 στοῦ
469 909 723 981 δύναμις.
751 914 813 966 Οἱ
836 913 944 984 γὰρ
966 912 1313 983 διασύροντες
1341 912 1503 965 αὑτὸν
1534 910 1731 975 ζῶντα,
1768 910 1908 981 μετά

324 999 379 1051 τὸ
414 1000 710 1055 ἀποθανεῖν
744 1003 918 1068 οὕτως
950 1005 995 1036 ’³
1032 1003 1432 1074 ἐξεπλάγησαν,
1469 1002 1545 1066 ὡς
1576 1002 1670 1055 καὶ
1702 1000 1908 1055 ἀποθα-

324 1092 430 1143 νεῖν
459 1092 603 1163 ὑπὲρ
631 1094 799 1148 αὑτοῦ
841 1095 979 1165 μετά
1012 1096 1215 1166 πολλῆς
1252 1095 1355 1165 τῆς
1381 1094 1691 1166 προθυμίας
1712 1109 1725 1122 ·
1763 1094 1908 1164 άπερ

324 1180 559 1248 μάλιστα
587 1182 823 1237 δείκνυσι
850 1186 951 1254 τῆς
977 1186 1325 1248 ἀναστάσεως
1347 1186 1445 1255 τὴν
1470 1184 1643 1254 ἰσχύν.
1678 1184 1776 1237 Διά
1798 1184 1908 1255 γάρ

322 1287 400 1323 τοι
423 1272 585 1326 τοῦτο
613 1276 682 1327 τά
708 1275 1065 1347 λαμπρότερα
1090 1275 1317 1347 ὕστερον
1337 1277 1605 1346 ἐτηρεῖτο.
1627 1275 1713 1327 ἵνα
1732 1275 1910 1344 ἀναμ-

323 1363 655 1434 φισϐήτητος
676 1364 813 1436 αὕτη
838 1368 871 1436 ή
893 1367 1163 1432 ἀπόδειξις
1187 1367 1433 1436 γένηται.
1464 1368 1527 1420 El
1550 1366 1658 1438 γὰρ
1682 1370 1777 1421 καὶ
1798 1366 1908 1420 τῶν

323 1452 379 1502 ἐν
408 1454 479 1523 τῇ
510 1451 623 1523 ζωῇ
648 1453 1078 1525 θαυμαζομένων
1110 1458 1239 1528 παρ’
1264 1459 1393 1527 ἡμῖν
1423 1456 1761 1510 ἀπελθόντων
1784 1458 1907 1510 ἐπι-

322 1540 718 1611 λανθανόμεθα,
746 1543 863 1607 πῶς
890 1545 940 1596 οί
963 1545 1011 1576 ⁸⁸
1032 1545 1212 1607 ζῶντα
1231 1543 1671 1614 διαχλευάζοντες
1696 1544 1903 1609 τοῦτον,

321 1631 552 1704 ὕστερον
585 1634 718 1688 Θεὸν
750 1629 890 1689 εῖναι
921 1635 1200 1705 ἐνόμισαν,
1239 1637 1287 1689 εί
1310 1636 1417 1689 τῶν
1448 1635 1657 1690 πολλῶν
1686 1631 1765 1700 εἷς
1794 1632 1861 1707 ἦν
1887 1651 1902 1699 ;

322 1723 440 1788 πῶς
460 1726 507 1777 δ’
538 1725 606 1779 ἃν
637 1726 777 1796 ὑπὲρ
805 1726 967 1780 αὐτοῦ
1002 1709 1095 1781 καὶ
1133 1730 1404 1799 σφαγῆναι
1456 1728 1826 1793 κατεδέξαντο,
1855 1728 1905 1781 εί

324 1819 402 1888 μὴ
434 1818 582 1887 σαφῆ
615 1818 715 1887 τῆς
746 1818 1098 1883 ἀναστάσεως
1138 1819 1327 1872 ἐλαϐον
1364 1820 1463 1889 τὴν
1495 1818 1800 1884 ἀπόδειξιν;

392 1905 456 1958 δ’.
482 1907 528 1938 ⁸⁸
542 1906 730 1959 Ταῦτα
746 1906 803 1959 δέ
820 1908 919 1977 οὐχ
935 1908 1021 1960 ἵνα
1037 1907 1272 1978 ἀκούητε
1289 1908 1335 1940 ’⁸
1354 1907 1584 1978 λέγομεν
1606 1905 1906 1977 μόνον,ἀλλ’

320 1998 411 2051 ἵνα
435 1999 531 2051 καὶ
568 1998 811 2069 μιμῆσθε
838 2001 939 2069 τήν
966 2017 1025 2052 τε
1055 2000 1100 2031 ⁸⁷
1132 1999 1384 2071 ἀνδρείαν
1402 2042 1418 2067 ,
1460 2001 1558 2071 τήν
1584 2017 1642 2052 τε
1691 2001 1908 2070 παῤῥη-

320 2091 464 2152 σίαν,
497 2093 601 2161 τήν
621 2109 681 2143 τε
707 2091 1054 2162 δικαιοσύνην
1077 2092 1295 2146 ἃπασαν
1320 2109 1333 2123 ·
1362 2093 1448 2144 ἵνα
1485 2092 1672 2163 μηδεὶς
1713 2089 1906 2144 ἑαυτοῦ

320 2183 680 2258 ἀπογινώσκει
702 2225 716 2247 ,
778 2185 881 2239 κᾶν
913 2185 1020 2257 πρὸ
1049 2186 1240 2239 τούτου
1295 2184 1535 2257 ῥᾴθυμος
1562 2181 1630 2257 ἦν
1654 2201 1667 2214 ·
1706 2186 1791 2237 ἵνα
1829 2188 1909 2248 εἰς

316 2277 488 2347 μηδὲν
524 2277 715 2346 ἕτερον
747 2275 845 2347 ἔχῃ
879 2276 976 2340 τάς
1009 2278 1264 2342 ἐλπίδας,
1317 2276 1456 2348 μετὰ
1503 2277 1593 2330 τὸν
1623 2278 1769 2331 ἐλεον
1813 2278 1907 2331 τοῦ

318 2367 477 2429 Θεοῦ,
516 2368 634 2421 ἀλλ’
666 2371 747 2432 είς
781 2370 981 2440 ἀρετὴν
1006 2369 1233 2423 οίκείαν.
1270 2370 1332 2422 Εί
1362 2370 1469 2442 γὰρ
1490 2361 1634 2422 οὗτοι
1670 2368 1781 2443 [79]
1806 2369 1908 2437 τῆς

324 2462 577 2532 τοιαύτης
614 2462 767 2515 οὐδὲν
796 2462 1084 2516 ἀπώναντο
1114 2462 1453 2531 συγγενείας,
1499 2462 1591 2516 καὶ
1633 2462 1780 2515 οίκου
1815 2461 1907 2515 καὶ

320 2556 561 2625 πατριᾶς
587 2555 692 2621 τῆς
721 2554 894 2625 αὐτῆς
953 2555 1110 2618 ὄντες
1151 2554 1230 2625 τῷ
1265 2553 1486 2625 Χριστῷ
1512 2595 1525 2618 ,
1572 2554 1676 2617 ἕως
1707 2554 1906 2625 ἀρετὴν

321 2644 685 2711 ἐπεδείξαντο,
707 2645 853 2707 τίνος
873 2644 1214 2716 δυνησόμεθα
1248 2643 1552 2698 ἀπολαῦσαι
1580 2643 1907 2715 συγγνώμης

320 2736 502 2805 ἡμεῖς,
532 2738 816 2804 συγγενεῖς
844 2738 937 2789 καὶ
967 2736 1229 2805 ἀδελφοὺς
1261 2736 1502 2799 δικαίους
1536 2735 1907 2807 προϐαλλόμε-

321 2840 421 2889 vol,
451 2823 518 2876 ἀν
547 2823 625 2893 μὴ
655 2825 863 2895 σφόδρα
888 2819 1037 2895 ὦμεν
1082 2826 1345 2888 ἐπιεικεῖς
1388 2827 1483 2878 καὶ
1512 2826 1568 2879 ἐν
1608 2827 1776 2897 ἀρετῇ
1814 2824 1904 2895 βε-

316 2912 619 2979 ϐιωκότες;
652 2915 763 2968 Kal
786 2916 893 2987 γὰρ
917 2918 945 2968 6
969 2917 1252 2987 προφήτης
1295 2916 1427 2969 αὐτὸ
1470 2916 1628 2970 τοῦτο
1682 2916 1907 2970 αἰνιττό-

317 3023 481 3077 μενος
509 3006 697 3076 έλεγεν
718 3024 733 3038 ’
777 3008 1056 3077 Ἁδελφός
1075 3010 1147 3062 οὐ
1174 3008 1514 3077 λυτροῦται,
1537 3009 1904 3076 λυτρώσεται

320 3098 663 3167 ἄνθρωπος
692 3098 795 3154 κᾶν
821 3101 1061 3173 Μωῡσῆς
1091 3097 1148 3176 ᾖ,
1183 3102 1284 3156 κᾶν
1312 3103 1582 3173 Σαμουὴλ,
1607 3103 1710 3156 κᾶν
1740 3103 1900 3177 Ἱερε-

321 3192 470 3261 μίας.
502 3194 771 3245 ’Λκουσον
800 3193 929 3262 γοῦν
958 3192 1010 3246 τί
1034 3211 1166 3262 φησι
1193 3193 1329 3264 πρὸς
1359 3194 1521 3247 αὐτὸν
1543 3195 1570 3245 ὁ
1599 3192 1728 3257 Θεός
1747 3212 1761 3226 ο
1803 3192 1900 3260 Μὴ

320 3283 668 3352 προσεύχου
684 3283 834 3352 ὑπὲρ
850 3283 958 3338 τοῦ
973 3284 1125 3338 λαοῦ
1142 3287 1378 3345 τούτου,
1401 3285 1491 3339 ὅτι
1506 3288 1616 3339 οὐκ
1631 3286 1903 3340 εἰσακού-

319 3376 503 3445 (royal
519 3390 662 3429 σου.
688 3375 798 3429 Καὶ
819 3375 873 3428 τί
902 3375 1202 3445 θαυμάζεις
1222 3378 1270 3429 εί
1297 3375 1391 3430 σοῦ
1419 3378 1518 3430 οὐκ
1545 3377 1759 3442 ἀκούω;
1792 3379 1901 3431 Kal

320 3465 427 3534 γὰρ
451 3466 617 3530 αὐτὸς
636 3469 665 3519 6
690 3466 955 3536 Μωῡσῆς,
985 3466 1170 3538 φησὶν,
1191 3469 1238 3520 εί
1269 3469 1469 3541 παρῆν,
1503 3470 1597 3522 καὶ
1623 3468 1895 3539 Σαμουὴλ,

318 3563 417 3616 οὐκ
446 3561 515 3615 ἂν
545 3561 728 3615 αὐτῶν
758 3562 1028 3634 ἐδεξάμην
1064 3565 1161 3634 τὴν
1198 3565 1337 3636 ὑπὲρ
1366 3563 1567 3621 τούτων
1593 3569 1895 3641 ἱκετηρίαν.

318 3654 439 3708 Κᾶν
483 3654 743 3726 Ἰεζεκιὴλ
838 3656 867 3707 6
906 3656 1260 3727 παρακαλῶν,
1291 3659 1606 3724 ἀκούσεται,
1639 3662 1722 3715 ὅτι
1763 3662 1900 3715 Ἐὰν

318 3746 440 3815 στῇ
466 3746 616 3812 Νῶε,
653 3748 754 3801 καὶ
800 3748 947 3812 Ἰὼϐ,
977 3751 1074 3803 καί
1101 3752 1345 3819 Δανιὴλ,
1369 3754 1538 3819 υἱοὺς
1563 3753 1761 3808 αὐτῶν
1798 3753 1898 3808 καὶ

320 3839 651 3907 θυγατέρας
679 3843 749 3895 οὐ
791 3840 872 3910 μὴ
903 3840 1245 3905 ἐξέλωνται.
1286 3843 1403 3897 Κᾶν
1452 3844 1702 3915 Ἀϐραὰμ
1734 3846 1762 3898 6
1793 3862 1892 3897 πα-

318 3946 589 4002 τριαρχης
717 3932 858 4005 ὑπὲρ
900 3933 1009 3987 τῶν
1027 3934 1074 3967 ⁸⁸
1109 3934 1315 4006 σφόδρα
1362 3936 1556 3989 ἀνίατα
1602 3936 1899 3990 νοσούντων

318 4022 413 4073 καὶ
439 4021 515 4091 μὴ
542 4022 1028 4093 μεταϐαλλομένων
1044 4024 1696 4095 δεόμενος,ἀπελεύσεται
1717 4029 1745 4080 6
1766 4026 1898 4091 Θεὸς

319 4113 485 4166 αὐτὸν
527 4116 1024 4187 ἐγκαταλιμπάνων
1066 4120 1134 4185 ⁹⁹,
1183 4118 1323 4173 ὥστε
1369 4121 1444 4191 μὴ
1491 4120 1744 4184 δέξασθαι
1798 4121 1899 4190 τὴν

318 4204 463 4275 ὐπέρ
505 4205 714 4259 τούτων
746 4210 949 4278 φωνήν.
985 4210 1103 4264 Κᾶν
1144 4209 1453 4285 Σαμουὴλῇ
1492 4213 1654 4266 πάλιν
1681 4213 1709 4266 6
1741 4211 1900 4266 τοῦτο

323 4296 510 4360 ποιῶν,
538 4300 657 4368 ἐρεῖ
678 4300 814 4370 πρὸς
833 4302 996 4355 αὐτόν
1013 4317 1026 4333 ·
1044 4302 1141 4372 Μὴ
1167 4302 1371 4357 πένθει
1391 4304 1523 4372 περὶ
1545 4305 1651 4359 τοῦ
1675 4305 1894 4359 Σαούλ.

316 4389 440 4442 Κάν
463 4390 607 4460 ὑπὲρ
645 4391 880 4463 ἀδελφῆς
922 4411 1007 4457 τις
1046 4395 1339 4467 παρακαλῇ
1377 4396 1450 4466 μὴ
1489 4397 1895 4467 προσηκόντως,

314 4479 611 4533 ἀκούσεται
648 4482 810 4536 πάλιν
856 4482 991 4555 ὅπερ
1035 4485 1309 4554 Μωῦσῆς·
1358 4488 1430 4539 Ei
1480 4486 1758 4555 ἐμπτύων
1804 4486 1899 4539 έν-

315 4568 586 4624 έπτυσεν
618 4574 651 4625 ὀ
690 4572 886 4641 πατὴρ
918 4576 1004 4639 εἰς
1034 4574 1098 4628 τὸ
1138 4575 1462 4643 πρόσωπον
1486 4574 1694 4641 αὐτῆς.
1717 4574 1809 4646 Μὴ
1834 4574 1897 4646 δὴ

316 4660 454 4730 πρὸς
485 4661 708 4731 ἐτέρους
730 4656 879 4733 ῶμεν
899 4664 1208 4734 κεχηνότες.
1238 4666 1459 4736 Ἔχουσι
1487 4665 1584 4735 μὲν
1606 4667 1713 4736 γὰρ
1738 4665 1896 4719 δύνα-

321 4768 414 4821 μιν
441 4753 498 4805 αί
527 4754 685 4823 εὐχαὶ
713 4754 821 4807 τῶν
844 4755 1014 4823 ἁγίων
1035 4757 1319 4827 μεγίστην,
1342 4756 1457 4810 ἀλλ’
1471 4758 1597 4811 ὅταν
1620 4758 1715 4811 καὶ
1735 4760 1897 4829 ἡμεῖς

321 4845 678 4915 μετανοῶμεν
708 4846 800 4899 καὶ
822 4845 1099 4916 γινώμεθα
1130 4846 1391 4917 βελτίους.
1431 4847 1585 4900 Ἐπεὶ
1613 4848 1708 4901 καὶ
1740 4850 1897 4902 Μωῡ-

316 4937 417 5006 σῆς
443 4937 535 4989 τὸν
563 4936 792 5005 ἀδελφὸν
822 4937 913 4990 τὸν
948 4938 1140 4991 ἐαυτοῦ
1186 4940 1280 4992 καὶ
1324 4940 1592 5010 μυριάδας
1632 4941 1896 5011 ἐξήκοντα

315 5029 419 5097 τῆς
452 5028 714 5099 θεηλάτου
748 5030 869 5082 τότε
899 5031 916 5061 ¹
955 5030 1126 5101 ὀργῆς
1160 5032 1497 5103 ἐξαρπάσας,
1525 5032 1623 5105 τὴν
1664 5034 1897 5106 ἀδελφὴν
1934 5102 1937 5105 ἱ

315 5121 417 5173 ούκ
454 5120 670 5190 ἴσχυσεν
707 5120 1011 5185 ἐξελέσθαι’
1046 5124 1287 5192 καίτοιγε
1330 5125 1430 5178 οὐκ
1480 5125 1593 5179 ίσον
1624 5125 1685 5178 τὸ
1712 5126 1896 5197 ἀμάρ-

316 5229 470 5282 τημα
497 5209 598 5283 ἦν·
631 5213 812 5283 ἐκείνη
857 5212 954 5282 μὲν
988 5215 1099 5285 γὰρ
1126 5214 1216 5267 τὸν
1246 5216 1484 5268 Μωῦσέα
1521 5216 1772 5285 ὕϐρισεν·
1814 5219 1897 5269 ἐν-

317 5302 495 5357 ταῦθα
534 5304 591 5357 δὲ
622 5302 845 5358 ἀσέϐεια
874 5300 942 5374 ἦν
972 5306 1034 5357 τὸ
1066 5305 1355 5376 τολμηθὲν.
1403 5306 1563 5360 Ἀλλά
1595 5306 1753 5360 τοῦτο
1799 5309 1896 5377 μὲν

319 5397 455 5466 ὑμῖν
481 5398 683 5469 ἀφίημι
712 5399 774 5453 τὸ
804 5396 1054 5471 ζήτημα’
1083 5399 1144 5452 τὸ
1172 5399 1227 5452 δέ
1255 5398 1333 5451 ἔτι
1370 5398 1559 5452 τούτου
1589 5398 1897 5468 χαλεπώτε-

322 5506 418 5561 ρον
468 5491 721 5545 ἐπιλῦσαι
764 5492 1116 5563 πειράσομαι.
1157 5492 1222 5544 Τί
1274 5491 1382 5561 γάρ
1426 5491 1532 5562 χρὴ
1575 5491 1753 5561 λέγειν
1798 5492 1897 5561 τὴν

317 5581 587 5653 mw;
633 5582 692 5636 '0
739 5583 849 5653 γὰρ
891 5583 1145 5638 τοσούτου
1190 5583 1362 5653 δήμου
1404 5582 1667 5654 προστὰς,
1721 5581 1897 5652 ἐαυτῷ

2036 463 2267 530 ἀρκέσαι
2306 464 2407 517 οὐκ
2437 466 2676 536 ἴσχυσεν,
2714 464 2827 537 [80]
2873 464 3011 519 ἀλλά
3043 464 3180 536 μετά
3217 464 3340 527 τοὺς
3373 463 3596 534 μυρίους

2036 555 2230 619 πόνους
2252 556 2347 609 καὶ
2361 556 2459 620 τὰς
2484 557 2875 628 ταλαιπωρίας,
2899 557 2991 609 καὶ
3003 556 3100 626 τὴν
3113 555 3170 608 ἐν
3190 554 3597 625 τεσσαράκοντα

2035 649 2180 702 ἐτεσι
2220 651 2575 723 προσεδρείαν
2624 652 2667 714 ¹,
2714 650 2982 703 ἐκωλύετο
3027 650 3127 719 τῆς
3174 650 3277 718 γῆς
3321 647 3599 715 ἐπιϐῆναι.

2034 741 2176 812 ὑπὲρ
2208 738 2275 814 ἦς
2301 742 2624 811 ἐπαγγελίαι
2640 742 2899 795 τοσαῦται
2931 741 3025 793 καὶ
3056 740 3397 809 ὑποσχέσεις.
3424 740 3488 790 Τί
3510 734 3599 791 οὖν

2027 822 2091 876 τὸ
2114 827 2318 891 αἰτιονς
2354 828 2468 879 Οὐκ
2510 824 2577 893 ὴν
2608 825 2960 878 λυσιτελοῦσα
3000 826 3033 896 ἡ
3073 825 3231 895 χάρις
3268 824 3430 893 αὕτη,
3460 822 3596 876 ἀλλά

2026 918 2121 969 καὶ
2157 916 2292 970 πολὺ
2324 917 2387 970 τὸ
2433 917 2627 987 βλάϐος
2652 917 2871 987 ἔχουσα,
2914 918 3006 970 καὶ
3046 917 3273 979 πολλοὺς
3310 915 3419 968 τῶν
3461 917 3595 967 Ἰου-

2022 1008 2187 1063 δαίων
2228 1011 2603 1075 ὑποσκελίζειν
2631 1011 2875 1082 ἔμελλεν.
2918 1012 2979 1063 Εἰ
3008 1012 3116 1083 γὰρ
3145 1010 3332 1081 ἐπειδὴ
3362 1010 3462 1080 τῆς
3499 1010 3594 1061 Αί-

2021 1101 2230 1167 γύπτου
2262 1104 2430 1175 μόνης
2450 1104 2862 1175 ἀπηλλάγησαν,
2889 1104 2980 1156 τὸν
3000 1103 3131 1155 Θεὸν
3155 1103 3403 1169 ἀφέντες,
3436 1103 3595 1154 Μωῡ-

2022 1196 2120 1249 σέα
2176 1198 2421 1268 ἐζήτουν,
2466 1197 2561 1249 καὶ
2602 1194 2752 1266 αὑτῷ
2796 1197 2857 1249 τὸ
2897 1198 3002 1249 πᾶν
3046 1194 3380 1263 ἐλογίζοντοο
3413 1196 3461 1246 εἰ
3499 1193 3593 1246 καὶ

2020 1290 2385 1357 εἰσαγαγόντα
2424 1284 2561 1342 εἶδον
2597 1290 2676 1350 εἱς
2705 1286 2801 1357 τὴν
2828 1287 2930 1357 γῆν
2968 1287 3067 1357 τῆς
3101 1285 3452 1354 ἐπαγγελίας,
3486 1284 3591 1336 πού

2019 1382 2118 1434 οὐκ
2161 1381 2227 1435 ἂν
2269 1379 2559 1445 ἐξώκειλαν
2609 1379 2890 1443 ἀσεϐείας;
2940 1379 3039 1432 Διά
3069 1396 3149 1431 τοι
3194 1377 3356 1431 τοῦτο
3408 1376 3528 1430 οὐδὲ
3560 1377 3591 1428 6

2018 1473 2193 1541 τάφος
2220 1472 2386 1525 αὑτοῦ
2417 1471 2717 1541 κατάδηλος
2748 1471 2961 1538 γέγονε.
3003 1471 3113 1522 Kal
3144 1468 3395 1539 Σαμουὴλ
3417 1468 3473 1521 δὲ
3497 1468 3589 1521 τὸν

2021 1564 2119 1634 μὲν
2154 1563 2324 1616 Σαοὺλ
2365 1564 2465 1616 οὐκ
2508 1564 2725 1633 ῐσχυσεν
2762 1561 3065 1626 ἀπαλλάξαι
3115 1560 3215 1629 τῆς
3253 1561 3456 1614 ἀνωθεν
3492 1560 3588 1632 69-

2016 1658 2141 1725 γῆς,
2170 1657 2297 1718 τοὺς
2342 1654 2399 1708 δὲ
2445 1654 2782 1725 Ἰσραηλίτας
2815 1653 3074 1716 πολλάκις
3112 1652 3356 1706 διέσωσε.
3401 1652 3514 1705 Καὶ
3559 1653 3590 1704 6

2028 1746 2299 1817 Ἱερεμίας
2336 1746 2607 1809 Ἰουδαίοις
2638 1746 2736 1816 μὲν
2766 1747 2865 1799 οὐκ
2886 1746 3139 1815 ἤρκεσεν,
3171 1747 3356 1815 ἕτερον
3378 1744 3435 1797 δέ
3464 1761 3587 1797 τινα

2016 1837 2285 1906 ἐκάλυψεν
2314 1839 2371 1889 ἐν
2404 1840 2470 1908 τῇ
2513 1837 2839 1908 προφητείᾳ.
2884 1837 2994 1889 Kal
3030 1838 3058 1889 6
3086 1836 3284 1905 Δανιὴλ
3322 1836 3449 1898 τοὺς
3485 1836 3586 1906 μὲν

2016 1929 2322 2001 βαρϐάρους
2347 1927 2578 1994 ἐξείλετο
2610 1927 3026 1996 σφαττομένους,
3051 1928 3177 1990 τοὺς
3208 1926 3264 1979 δέ
3298 1926 3586 1989 Ἰουδαίους

2011 2021 2113 2092 ούκ
2143 2019 2373 2086 ἐξείλετο
2391 2018 2976 2089 αἱχμαλωτιζομένους.
2994 2019 3101 2072 Kal
3125 2019 3182 2071 ἐν
3204 2021 3313 2081 τοῖς
3344 2019 3585 2086 Εὑαγγε-

2013 2112 2149 2172 λίοις
2169 2111 2226 2165 δὲ
2257 2109 2503 2180 ὀψόμεθα
2526 2110 2627 2161 οὑκ
2656 2109 2741 2178 ἐφ’
2762 2109 2982 2180 ἐτέρων,
3011 2109 3123 2163 ἀλλ’
3147 2111 3240 2163 ἐπί
3267 2109 3374 2162 τῶν
3403 2111 3584 2164 αὐτῶν

2012 2204 2297 2275 ἀμφότερα
2336 2200 2509 2255 ταῦτα
2558 2202 2818 2270 γινόμενα
2841 2215 2855 2229 ·
2902 2201 2996 2253 καὶ
3032 2201 3122 2253 τὸν
3160 2201 3321 2254 αὑτὸν
3352 2201 3445 2255 νῦν
3481 2203 3583 2272 μὲν

2011 2294 2322 2364 ἀρκέσαντα
2355 2290 2552 2361 ἐαυτῷ,
2589 2291 2684 2344 νῦν
2730 2290 2787 2343 δὲ
2825 2290 3230 2361 προδεδομένον.
3272 2291 3333 2346 Ὀ
3373 2292 3479 2363 γὰρ
3512 2292 3581 2347 τὰ

2014 2384 2182 2456 μυρία
2220 2383 2456 2437 τάλαντα
2502 2381 2762 2450 ὀφείλων,
2815 2381 2909 2434 καὶ
2954 2380 3188 2444 ἐξείλετο
3240 2381 3431 2434 ἐαυτὸν
3481 2382 3582 2434 τοῦ

2009 2475 2255 2531 κινδύνου
2286 2474 2520 2545 δεηθεὶς,
2556 2474 2649 2526 καὶ
2681 2473 2843 2525 πάλιν
2885 2473 2983 2525 οὐκ
3011 2471 3255 2542 ίσχυσενο
3287 2472 3472 2542 ἔτερος
3520 2472 3579 2526 δὲ

2007 2569 2380 2640 ἀντιστρόφως
2410 2566 2675 2637 πρότερον
2723 2565 2913 2619 ἐαυτὸν
2953 2565 3213 2635 προδοὺς,
3255 2562 3478 2634 ὕστερον
3510 2564 3579 2616 τά

2011 2661 2248 2733 μέγιστα
2273 2659 2450 2729 ἐαυτῷ
2481 2658 2743 2729 βοηθῆσαι
2775 2660 2982 2727 ἴσχυσε.
3016 2656 3110 2719 Τίς
3147 2656 3204 2709 δὲ
3221 2652 3372 2719 οὗτός
3394 2652 3573 2718 ἐστινς

2017 2748 2077 2801 Ὃ
2110 2747 2208 2817 τὴν
2245 2743 2506 2815 πατρῴαν
2547 2741 2879 2810 καταφαγὼν
2907 2740 3114 2794 οὐσίαν.
3148 2742 3310 2793 ’Ὠστε
3346 2738 3440 2792 ἐὰν
3478 2739 3576 2808 μὲν

2010 2838 2369 2913 ρᾳθυμῶμεν,
2413 2836 2533 2889 ούδέ
2572 2836 2639 2889 δι’
2669 2836 2871 2906 ἐτέρων
2896 2831 3235 2905 δυνησόμεθα
3266 2830 3573 2894 σώζεσθαι·

2004 2933 2097 2985 ἐὰν
2125 2931 2183 2984 δέ
2210 2932 2487 3000 νήφωμεν,
2515 2928 2607 2981 κα)⁸
2631 2927 2699 2979 δι’
2726 2925 2933 2979 ἑαυτῶν
2959 2925 3119 2978 τοῦτο
3142 2924 3453 2995 ίσχύσομεν,
3481 2924 3574 2977 καὶ

2002 3023 2069 3076 δι’
2120 3022 2329 3075 ἐαυτῶν
2366 3019 2584 3089 μᾶλλον,
2622 3017 2754 3088 ἢδι*
2783 3016 3003 3089 ἐτέρων.
3055 3018 3164 3069 Kal
3210 3016 3319 3087 γὰρ
3364 3017 3393 3068 6
3441 3015 3572 3078 Θεὸς

2004 3114 2134 3183 ἡμῖν
2184 3110 2383 3181 μᾶλλον
2416 3108 2599 3163 δοῦναι
2633 3107 2878 3178 βούλεται
2925 3106 3023 3178 τὴν
3064 3107 3242 3177 χάριν,
3284 3105 3316 3176 ἢ
3365 3105 3573 3176 ἐτέροις

2004 3204 2143 3272 ὑπὲρ
2190 3200 2380 3271 ἡμῶνο
2424 3200 2512 3253 ἵνα
2558 3200 2654 3251 καὶ
2707 3198 3019 3269 παρρησίας
3053 3199 3436 3267 ἀπολαύωμεν,
3476 3198 3573 3249 καὶ

2006 3296 2244 3368 βελτίους
2282 3294 2594 3366 γινώμεθα,
2639 3294 3025 3359 σπουδάζοντες
3056 3295 3220 3349 αὑτοῦ
3268 3295 3425 3348 λῦσαι
3469 3295 3570 3366 τὴν

1998 3390 2190 3459 ὀργήν.
2221 3386 2377 3440 Οὕτω
2396 3388 2494 3457 τὴν
2522 3388 2829 3441 Χαναναίαν
2860 3388 2971 3460 [81]
3008 3389 3270 3459 ἠλέησεν·
3294 3371 3442 3442 οὕτω
3472 3390 3570 3461 τὴν

1999 3485 2205 3555 πόρνην
2231 3482 2454 3547 ἔσωσεν,
2483 3481 2625 3536 οὕτω
2659 3482 2752 3535 τὸν
2786 3482 3007 3554 λῃστὴν,
3031 3482 3244 3547 οὐδενὸς
3273 3483 3565 3554 γενομένου

2003 3575 2223 3648 μεσίτου
2254 3576 2349 3629 καὶ
2373 3574 2700 3646 προστάτου.
3066 3562 3067 3567 ¹

2075 3746 2138 3803 ε’.
2175 3746 2280 3801 Καὶ
2317 3746 2490 3801 ταῦτα
2522 3746 2687 3815 λέγω,
2718 3746 2816 3817 οὐχ
2854 3747 2941 3800 ἵνα
2972 3747 3046 3817 μὴ
3082 3746 3412 3819 ίκετεύωμεν
3445 3749 3573 3813 τοὺς

2004 3833 2212 3901 ἀγίους,
2248 3834 2362 3887 ἀλλ’
2391 3835 2477 3888 ἵνα
2514 3835 2588 3905 μὴ
2628 3826 2991 3906 ρᾳθυμῶμεν,
3023 3837 3156 3906 μηδέ
3182 3837 3576 3902 ἀναπίπτοντες

2004 3925 2158 3978 αὐτοὶ
2184 3926 2276 3979 καὶ
2301 3926 2675 3990 καθεύδοντες,
2702 3928 2907 3998 ἑτέροις
2932 3927 3000 3981 τὰ
3022 3928 3143 3981 καθ’
3175 3930 3321 4000 ἡμᾶς
3349 3930 3574 4001 ἐπιτρέ-

2013 4034 2205 4087 πωμεν
2248 4018 2448 4089 μόνοις.
2488 4019 2597 4072 Kal
2635 4018 2744 4090 γὰρ
2778 4020 2799 4051 ³
2846 4019 3046 4083 εἰπὼν,
3088 4018 3386 4087 Ποιήσατε
3433 4024 3577 4092 ὑμῖν

2004 4110 2245 4177 φίλους,
2288 4111 2388 4162 ούκ
2422 4110 2549 4180 ἔστη
2583 4111 2744 4181 μέχρι
2781 4111 2970 4165 τούτου
3005 4112 3193 4183 μόνον,
3230 4112 3367 4166 ἀλλὰ
3408 4131 3577 4183 προσ-

2008 4200 2222 4271 έθηκεν,
2259 4202 2360 4255 Ἐκ
2388 4202 2492 4255 τοῦ
2519 4202 2729 4256 ἀδίκου
2760 4203 3009 4272 μαμωνᾶ
3028 4221 3041 4235 ·
3076 4204 3162 4258 ἵνα
3190 4205 3353 4258 πάλιν
3393 4205 3482 4259 σὸν
3514 4206 3577 4259 τὸ

2007 4293 2338 4364 κατόρθωμα
2356 4293 2610 4364 γένηται·
2632 4295 2784 4347 οὐδὲν
2803 4296 2911 4366 γάρ
2936 4295 3119 4369 ἕτερον
3146 4296 3178 4367 ἢ
3207 4296 3576 4368 ἐλεημοσύνην

2006 4383 2239 4437 ἐνταῦθα
2269 4386 2507 4455 ᾐνίξατο.
2561 4387 2667 4439 Καὶ
2704 4387 2766 4440 τὸ
2800 4387 2865 4458 δὴ
2906 4387 3237 4458 θαυμαστὸν,
3272 4389 3353 4442 ὅτι
3385 4389 3406 4421 ⁸
3452 4387 3575 4442 οὐδὲ
3632 4389 3637 4393 ’

2010 4475 2444 4545 ἀκριϐολογεῖται
2480 4478 2614 4549 πρὸς
2641 4480 2811 4549 ἡμᾶς,
2841 4478 2934 4533 ἐὰν
2959 4480 3285 4551 ἀποστῶμεν
3324 4481 3426 4549 τῆς
3462 4479 3576 4532 ἀδι-

2004 4566 2148 4630 κίας.
2176 4569 2241 4622 Ὀ
2274 4569 2384 4640 γὰρ
2417 4568 2565 4637 λέγει
2595 4569 2832 4623 τοιοῦτόν
2861 4572 3007 4624 ἐστιν
3031 4590 3044 4605 ο
3082 4572 3326 4643 Ἐκτήσω
3353 4571 3565 4639 κακῶς;

2006 4661 2282 4737 ἀνάλωσον
2317 4660 2517 4725 καλῶς.
2565 4660 2861 4727 Συνέλεξας
2905 4662 3139 4727 ἀδίκως;
3170 4664 3462 4731 σκόρπισον
3493 4661 3573 4715 δι-

2008 4753 2198 4817 καίως.
2222 4753 2482 4822 Καίτοιγε
2504 4753 2632 4807 ποία
2656 4754 2814 4807 τοῦτο
2848 4754 3016 4825 ἀρετὴ
3040 4754 3101 4806 τὸ
3126 4755 3190 4807 ἐκ
3215 4753 3324 4807 τῶν
3355 4754 3376 4785 ⁵
3398 4754 3575 4806 τοιού-

2005 4864 2114 4900 των
2143 4846 2372 4907 διδόναι;
2408 4845 2545 4899 Ἀλλ’
2564 4846 2713 4915 ὅμως
2737 4846 2766 4897 6
2790 4845 2942 4908 Θεὸς,
2970 4844 3346 4915 φιλάνθρωπος
3363 4842 3461 4907 ῶν,
3478 4844 3575 4897 καὶ

2010 4938 2169 5009 μέχρι
2191 4938 2381 4991 τούτου
2408 4937 2724 4991 καταϐαίνει
2747 4936 2795 4968 ⁸·
2832 4936 2933 4989 κᾶν
2948 4936 3089 4989 οὕτω
3114 4935 3374 5004 ποιῶμεν,
3407 4934 3575 4987 πολλά

2008 5033 2138 5103 ἡμῖν
2167 5029 2559 5099 ἐπαγγέλλεται
2590 5030 2791 5097 ἀγαθά.
2833 5029 2973 5081 Ἀλλ’
3007 5030 3167 5098 ἡμεῖς
3204 5030 3282 5091 εἰς
3324 5025 3575 5080 τοσοῦτον

2010 5123 2366 5193 ἀναισθησίας
2388 5123 2616 5193 ἥκομεν,
2644 5121 2720 5185 ὠς
2744 5121 2878 5192 μηδὲ
2902 5122 2968 5173 ἐκ
2996 5119 3089 5173 τοῦ
3128 5119 3314 5173 ἀδίκου
3341 5118 3539 5171 διδόναι
3559 5133 3573 5147 ο

2014 5212 2142 5267 ἀλλά
2174 5210 2341 5283 μυρία
2370 5210 2730 5283 ἁρπάζοντες,
2762 5209 2828 5263 ἂν
2868 5207 3154 5261 πολλοστὸν
3201 5206 3367 5277 μέρος
3408 5222 3577 5258 κατα-

2013 5305 2281 5375 ϐάλωμεν,
2307 5304 2367 5358 τὸ
2391 5304 2499 5357 πᾶν
2516 5299 2811 5373 νομίζομεν
2825 5298 3266 5370 πεπληρωκέναι.
3289 5297 3402 5350 Οὐκ
3416 5297 3576 5366 ἥκου-

2017 5416 2107 5462 σας
2139 5396 2351 5451 Παύλου
2376 5396 2647 5465 λέγοντος,
2679 5394 2761 5446 ὅτι
2802 5392 2865 5444 '0
2896 5382 3161 5457 σπείρων
3192 5385 3576 5457 φειδομένως,

2008 5490 2369 5562 φειδομένως
2386 5490 2483 5544 καί
2511 5488 2754 5557 θερίσει;
2783 5484 2939 5548 Τίνος
2963 5479 3055 5537 οὖν
3082 5482 3266 5534 ἕνεκεν
3290 5479 3441 5549 φείδῃ
3466 5495 3479 5543 ;
3504 5480 3576 5548 μὴ

2013 5583 2121 5654 γὰρ
2171 5583 2435 5653 ἀνάλωμα
2480 5577 2543 5634 τὸ
2597 5576 2830 5650 πρᾶγμά
2869 5578 3018 5641 ἐστι;
3055 5574 3128 5646 μὴ
3179 5572 3287 5643 γὰρ
3336 5570 3573 5639 δαπάνῃ

396 5690 660 5766 "sum
692 5693 895 5766 ταύτης
913 5693 987 5766 εει).
1014 5694 1116 5766 τῆς
1144 5692 1338 5766 «veraq.
1372 5764 1382 5766 _
1414 5691 1462 5766 οξ
1484 5691 1683 5764 οῡτως]
1707 5692 1832 5766 πέει,
1856 5690 2017 5749 «om
2050 5691 2126 5766 ι),
2143 5691 2207 5766 F-
2244 5764 2253 5766 ,
2281 5688 2549 5766 Wa:
2571 5684 2858 5766 cas-1min
2881 5686 2941 5766 δν
2968 5684 3062 5739 καὶ
3084 5678 3569 5766 ζῶνταέῖιεκλεύςι·

323 5764 419 5826 ζον
452 5763 509 5815 F.

613 5752 660 5796 δέ
690 5752 975 5837 ξιθιιςρΝ.
1013 5752 1135 5817 ’Ότι
1162 5752 1340 5837 ούμδεῖ
1365 5752 1772 5837 ἐτέρωιζάξετῇ
1807 5765 2051 5837 θαῤῥεῖν,
2084 5765 2199 5837 ἀλλ’
2232 5762 2378 5837 ἡμᾶς
2407 5752 2593 5837 ορθῶξ
2614 5752 2804 5837 βιοῦν·¹
2834 5760 2927 5810 καὶ
2971 5755 3111 5837 Ξειτέ
3144 5752 3468 5837 τοκιξόντων
3503 5752 3568 5836 ἢ.

324 5819 375 5864 ί⁸
403 5834 674 5903 ἀκούσητε
705 5832 762 5886 F.
838 5834 969 5904 ⁹⁷Ῠτε
1006 5850 1117 5886 om.
1147 5833 1306 5887 codd.
1329 5819 1524 5904 βείω-οι·
1554 5833 1612 5904 Ε.
1642 5819 1652 5836 ’
1691 5819 1890 5887 ⁹⁸”τῶν’

2013 5819 2057 5888 εί
2094 5835 2146 5886 in
2176 5819 2390 5904 cmi-(1.;
2413 5819 2457 5862 ⁵⁵
2491 5819 2925 5904 κατάλιμπάνων
2970 5825 3031 5879 Ι).
3050 5823 3135 5904 _F.‘
3180 5824 3213 5904 .¹
3248 5819 3573 5904 τότειηταύ-

326 5904 586 5976 mead.
653 5903 1037 5976 _'_a=po_a_69aav
1075 5904 1227 5976 Am

332 5974 357 6003 ⁸
390 5971 815 6042 συγκαταϐαίνει
849 5971 926 6026 Υ.
956 6017 961 6021 .
1127 5971 1201 6033 ’μ

1280 5905 1300 5936 ⁸
1330 5903 1444 5959 Kal
1470 5903 1599 5977 γάρ]
1641 5906 1698 5958 ’0
1729 5907 1837 5976 γάρ
1870 5905 1929 5961 F.

2008 5909 2033 5977 ⁸,
2051 5904 2191 5976 οὐδέ]
2223 5904 2321 5956 οὐκ
2351 5900 2411 5955 F.
2443 5900 2596 5954 οὐδέν
2622 5892 2761 5952 δύαι.
2858 5899 2878 5928 ⁸
2912 5900 2975 5951 ἐκ
3008 5894 3136 5965 τῶν]
3168 5894 3275 5947 ἀπό
3302 5895 3365 5947 Α.
3393 5893 3451 5946 Β.
3506 5892 3565 5944 Ε.
