4078 6372
520 359 611 415 κϐΙ

543 473 590 529 si
613 480 814 529 terram
836 471 1070 530 haberes
1092 474 1348 546 pinguem
1371 489 1427 534 et
1449 479 1706 547 fertilem,
1732 497 1853 554 quae
1873 484 2108 553 plurima

542 572 729 634 posset
757 565 1010 635 excipere
1040 568 1268 632 semina,
1303 570 1451 624 illam
1481 573 1710 637 coleres,
1742 589 1806 628 ac
1830 590 1951 644 quae
1973 590 2107 643 sup-

540 665 792 724 peterent
810 673 1110 728 spargeres,
1134 661 1278 715 etab
1299 662 1418 717 aliis
1439 665 1783 719 commodato
1805 666 2102 735 acciperes,

540 748 1039 819 parcimoniamque
1077 766 1143 805 ea
1185 753 1241 806 in
1273 769 1331 807 re
1360 753 1752 811 detrimentum
1792 773 1912 811 esse
1943 767 2104 827 puta-

537 850 627 890 res
663 854 676 890 :
703 844 759 891 at
789 853 913 892 cum
945 841 1136 895 caelum
1165 843 1345 898 colere
1378 860 1518 914 opus
1545 854 1650 911 est,
1681 848 1817 902 nulli
1845 849 1987 904 aeris
2016 849 2106 902 in-

539 931 819 1000 temperiei
843 932 1164 998 obnoxium,
1190 935 1286 990 sed
1312 952 1434 991 cum
1463 937 1672 993 foenore
1698 940 1937 996 maximo
1958 943 2103 1012 jacta

536 1022 743 1076 semina
770 1023 1137 1089 redditurum,
1172 1027 1352 1097 segnis
1379 1043 1459 1094 es,
1489 1029 1714 1100 refugis,
1747 1045 1925 1101 neque
1953 1032 2102 1102 cogi-

535 1120 638 1178 tas,
683 1129 842 1184 parce
898 1123 1148 1187 agentem
1198 1121 1451 1189 perdere,
1501 1122 1707 1177 affatim
1759 1136 2099 1196 spargentem

533 1207 770 1260 multum
809 1208 1031 1262 lucrari.-
1080 1209 1339 1280 Disperge
1389 1212 1594 1282 itaque,
1643 1230 1712 1268 ne
1751 1215 1980 1284 perdas;
2030 1231 2101 1270 ne

534 1298 730 1364 retine,
757 1306 818 1352 ut
845 1299 1114 1366 retineas;
1141 1302 1367 1371 projice,
1397 1312 1458 1357 ut
1482 1304 1790 1370 custodias;
1822 1305 2096 1375 impende,

534 1392 872 1456 ualuereris.
900 1392 1057 1460 Quod
1081 1394 1126 1448 si
1156 1409 1376 1449 servare
1405 1396 1496 1450 illa
1521 1405 1790 1466 oporteat,
1820 1414 1889 1452 ne
1912 1414 2100 1455 serves

532 1498 590 1545 tu
625 1507 639 1543 :
676 1505 801 1544 nam
833 1486 1184 1561 illaprorsus
1206 1487 1522 1557 perditurus
1551 1505 1647 1556 es;
1673 1490 1766 1545 sed
1797 1491 1909 1545 Deo
1945 1507 2099 1546 com-

530 1582 715 1636 mittas
747 1599 760 1635 :
797 1582 924 1637 inde
959 1593 1395 1652 namquememo
1422 1579 1676 1649 abripiet.
1711 1582 1788 1635 Ne
1833 1591 1892 1636 tu
1927 1599 2099 1654 nego-

532 1673 713 1739 tieris;
749 1675 929 1728 nescis
955 1675 1156 1743 quippe
1185 1670 1387 1727 lucrari
1417 1688 1429 1722 :
1460 1670 1578 1737 sed~
1595 1673 1887 1726 maximam
1927 1674 2096 1731 totius

528 1775 736 1836 partem
769 1765 964 1820 fmnOri
997 1767 1125 1820 dato
1161 1765 1212 1819 ei
1247 1765 1338 1834 qui
1370 1780 1590 1820 usuram
1629 1764 1728 1821 tibi
1763 1765 2094 1835 praebiturus

527 1865 629 1912 est.
649 1857 727 1912 lbi
757 1857 934 1913 fcenus
957 1857 1184 1921 colloca,
1212 1858 1306 1912 ubi
1332 1859 1482 1913 nulla
1507 1858 1731 1922 invidia,
1751 1859 1902 1913 nulla
1927 1874 2092 1913 aecu-

527 1947 685 2010 satio,
724 1948 888 2003 nullae
918 1948 1147 2012 insidiae,
1190 1951 1354 2003 timor
1391 1951 1595 2004 nullus.
1638 1949 1855 2004 Fcenori
1883 1951 2010 2005 dato
2039 1952 2091 2005 ei

526 2042 622 2110 qui
650 2041 800 2096 nullo
831 2041 1057 2111 indiget,
1088 2052 1144 2096 et
1171 2050 1397 2111 propter
1424 2050 1475 2098 te
1512 2053 1695 2097 tamen
1725 2058 1862 2112 opus
1887 2044 2086 2111 habet;

524 2132 576 2185 ei
608 2131 702 2201 qui
733 2146 925 2186 omnes
948 2131 1068 2195 alit,
1108 2144 1164 2187 et
1189 2133 1383 2198 esurit,
1420 2149 1489 2188 ne
1522 2141 1579 2187 tu
1614 2133 1756 2190 fame
1781 2137 2086 2204 premaris;

523 2222 574 2279 ei
598 2222 692 2292 qui
719 2238 925 2292 pauper
949 2222 1177 2279 eﬂectus
1203 2233 1308 2289 est,
1333 2233 1393 2278 ut
1415 2235 1474 2280 tu
1497 2225 1752 2300 diteseas.
1784 2226 1987 2280 Faenus
2011 2227 2088 2280 ibi

523 2314 779 2378 colloces,
825 2314 967 2369 unde
1003 2330 1115 2369 non
1146 2324 1401 2381 mortem,
1436 2317 1532 2372 sed
1575 2318 1740 2372 vitam
1774 2333 1875 2388 pro
1911 2329 2089 2374 morte

523 2409 582 2463 in
624 2409 862 2464 fructum
914 2410 1202 2482 percipies.
1256 2411 1381 2465 Haec
1432 2411 1637 2466 femora
1693 2428 1941 2483 regnum,
1994 2414 2087 2467 illa

522 2499 826 2569 gehennam
880 2500 1286 2569 pariuntzhaac
1340 2501 1488 2556 enim
1539 2503 1606 2557 ad
1650 2504 1956 2569 avaritiam,
1994 2503 2087 2560 illa

522 2589 592 2645 ad
657 2589 1056 2660 philosophiam
1111 2593 1440 2663 pertinent:
1499 2595 1593 2648 illa
1648 2595 2029 2651 crudelitatem
2067 2637 2081 2662 ,

522 2680 640 2737 haec
701 2681 1094 2738 humanitatem
1166 2694 1419 2749 arguunt.
1471 2685 1646 2752 Quam
1712 2686 2085 2744 defensionem

520 2774 864 2842 habebimus,
910 2775 954 2830 si
1005 2791 1133 2831 cum
1177 2777 1454 2846 possimus
1503 2777 1658 2847 plura
1705 2779 1975 2848 accipere,
2021 2795 2086 2836 ac

521 2871 640 2919 tuto
669 2865 834 2934 inque
876 2869 1116 2936 tempore
1159 2875 1488 2938 opportuno,
1517 2882 1642 2922 cum
1681 2868 1937 2923 libertate
1966 2885 2078 2924 ma-

520 2970 664 3024 gna,
717 2955 821 3011 tuti
874 2955 944 3010 ab
996 2959 1334 3027 opprobriis,
1393 2958 1715 3023 timoribus,
1777 2961 2080 3029 periculis;

520 3044 626 3099 hoc
653 3045 1094 3113 dimisso‘lucro,
1137 3046 1228 3101 illa
1257 3048 1615 3118 insequamur
1657 3049 1866 3118 turpia,
1907 3050 2083 3116 levia,

518 3134 752 3201 fallacia,
795 3127 1110 3208 ﬂuxa,'quze
1148 3154 1250 3194 nos
1285 3139 1343 3194 in
1373 3139 1652 3194 fornacem
1678 3139 1956 3210 ingentem
1991 3141 2087 3196 de-

515 3226 708 3298 jiciant
727 3228 751 3281 ?

588 3316 786 3377 Contra
818 3339 1056 3380 usuram.
1085 3354 1157 3366 —-
1182 3323 1332 3381 Nihil
1367 3324 1536 3393 enim,
1571 3325 1709 3380 nihil
1756 3333 1906 3381 certe
1946 3340 2089 3397 prae-

1246 360 1304 420 S.
1341 364 1626 424 JOANNIS
1663 369 2146 428 CHRYSUSTOMI
2184 367 2503 425 ARCHIEP.
2545 365 3088 424 CONSTARTINOP.
3712 369 3785 425 ἰπὶ

2209 484 2349 538 senti
2374 499 2540 539 usura
2569 484 2805 552 turpius,
2823 483 2965 536 nihil
2984 481 3283 537 crudelius.
3307 481 3442 538 Nam
3464 481 3783 553 huiusmodi

2208 574 2507 629 fmnerator
2553 574 2608 627 in
2655 575 2888 627 aliorum
2940 573 3308 646 calamitatem
3351 573 3682 642 negotiatur,
3722 584 3786 628 et

2208 674 2537 736 proventum
2565 665 2666 720 sibi
2707 673 2862 735 parat
2888 679 2955 718 ex
2985 664 3216 717 aliorum
3252 663 3595 732 infelicitate,
3629 679 3782 718 mer-

2207 758 2506 828 cedemque
2555 758 2913 812 humanitatis
2956 757 3125 826 exigit
3158 773 3170 809 :
3205 771 3269 811 ac
3309 756 3480 810 veluti
3526 765 3784 812 metuens

2206 865 2275 903 ne
2316 849 2706 903 immisericors
2745 854 3024 918 appareat,
3071 846 3431 917 benignitatis
3473 847 3655 916 specie
3698 847 3787 900 fo-

2205 956 2360 995 veam
2393 940 2802 1012 profundiorem
2836 939 2990 1003 fodit,
3020 939 3261 1007 dumque
3291 938 3398 992 fert
3427 953 3606 1009 opem,
3638 955 3790 1007 pauv

2204 1049 2392 1104 perem
2431 1033 2712 1103 cpprimit,
2755 1033 2887 1086 dum
2922 1047 3146 1085 manum
3189 1031 3443 1101 porrigit,
3475 1032 3683 1101 dejicit,
3713 1047 3784 1085 ac

2203 1124 2334 1178 dum
2367 1123 2522 1193 quasi
2561 1123 2614 1175 in
2648 1131 2866 1192 portum
2895 1123 3144 1191 recipere
3188 1121 3428 1186 videtur,
3461 1123 3517 1176 in
3547 1124 3782 1175 naufra-

2202 1215 2373 1285 gium,
2421 1213 2476 1266 in
2518 1215 2803 1282 scepulum
2832 1221 2887 1266 et
2917 1212 2972 1266 in
3013 1228 3142 1266 saxa
3171 1212 3396 1267 latentia
3431 1212 3635 1281 dejicit.
3666 1211 3781 1266 Sed

2201 1307 2334 1376 quid
2363 1307 2602 1376 quaeris?
2635 1305 2891 1375 inquies;
2928 1321 2995 1358 an
3031 1315 3094 1359 ut
3133 1305 3418 1359 collectam
3459 1305 3776 1374 pecuniam,

2201 1399 2337 1453 mihi
2379 1399 2588 1463 utilem,
2633 1397 2789 1452 alteri
2821 1397 2876 1451 in
2918 1413 3077 1450 usum
3113 1397 3258 1461 dem,
3304 1385 3408 1450 nec
3435 1397 3600 1450 ullam
3642 1397 3778 1451 inde

2200 1491 2507 1546 mercedem
2539 1489 2868 1560 reposcam?
2899 1489 3057 1543 Absit
3085 1507 3098 1542 :
3135 1504 3245 1542 non
3289 1489 3364 1543 ita
3392 1489 3588 1558 loquor
3615 1506 3631 1554 ;
3661 1489 3778 1542 imo

2200 1583 2363 1652 cupio
2403 1593 2456 1636 te
2495 1581 2626 1636 hinc
2665 1581 2975 1636 mercedem
3017 1581 3288 1650 accipere,
3327 1596 3438 1634 non
3478 1580 3640 1636 vilem
3676 1590 3779 1636 aut

2199 1675 2471 1745 exiguam,
2508 1673 2604 1728 sed
2637 1673 2809 1726 multo
2835 1671 3098 1742 majorem
3129 1689 3143 1724 :
3175 1687 3276 1741 pro
3305 1687 3443 1726 auro
3481 1680 3534 1727 te
3575 1672 3775 1728 caelum

2201 1765 2258 1820 in
2293 1782 2516 1820 usuram
2544 1765 2794 1834 accipere
2822 1765 2971 1818 volo.
2997 1763 3108 1819 Cur
3137 1779 3267 1834 ergo
3299 1771 3351 1818 te
3390 1764 3446 1818 in
3473 1773 3776 1834 pauperta-

2201 1867 2310 1913 tem
2341 1857 2560 1927 redigis,
2608 1856 2740 1910 dum
2770 1856 2825 1909 in
2863 1864 3007 1910 terra
3037 1843 3322 1916 volutaris,
3359 1863 3416 1909 et
3464 1870 3630 1924 parva
3667 1869 3770 1923 pro

2199 1950 2410 2020 magnis
2451 1947 2658 2018 exigis?
2703 1947 2842 2001 lllud
2893 1947 3040 2001 enim
3090 1955 3177 2001 est
3216 1945 3350 2015 quid
3402 1947 3513 2000 sint
3542 1946 3773 2001 divitiae

2198 2043 2431 2096 nescire.
2462 2041 2598 2096 Cum
2639 2040 2783 2094 Deus
2809 2053 2909 2108 pro
2947 2039 3160 2108 exiguis
3191 2039 3300 2092 illis
3341 2039 3594 2108 pecuniis
3619 2037 3771 2092 bona

2198 2133 2298 2186 tibi
2327 2131 2558 2186 caelestia
2574 2128 2864 2199 promittit,
2893 2139 2950 2182 tu
2973 2145 3104 2182 vero
3127 2128 3286 2191 dicis,
3309 2127 3388 2182 Ne
3413 2128 3548 2182 mihi
3570 2129 3770 2183 etclam

2197 2223 2434 2287 dederis,
2475 2221 2570 2276 sed
2596 2237 2696 2291 pro
2725 2222 2856 2276 caelo
2877 2235 3072 2273 aurum
3101 2219 3234 2273 illud
3270 2221 3574 2288 periturum
3601 2236 3614 2272 :
3652 2219 3764 2273 hoc

2194 2325 2278 2370 est
2302 2315 2440 2370 velle
2469 2315 2526 2368 in
2554 2313 2814 2384 pauperie
2844 2327 3087 2366 manere.
3126 2312 3204 2365 lta
3239 2312 3333 2381 qui
3356 2327 3514 2365 veras
3540 2311 3771 2366 divitias

2195 2406 2552 2476 concupiscit,
2597 2405 2644 2459 is
2673 2404 2949 2459 manentia
2987 2419 3088 2473 pro
3121 2402 3406 2472 perituris,
3440 2401 3770 2458 inexhausta

2194 2513 2296 2567 pro
2340 2496 2519 2559 ﬂuxis,
2562 2495 2734 2548 multa
2777 2509 2879 2564 pro
2915 2493 3126 2563 paucis,
3174 2492 3615 2562 incorruptibilia
3660 2508 3768 2562 pro

2193 2587 2641 2658 corruptibilibus
2687 2586 2850 2657 eliget
2880 2603 2893 2639 :
2918 2594 2975 2640 et
3017 2586 3098 2639 sic
3126 2585 3216 2640 illa
3245 2585 3411 2640 etiam
3439 2595 3766 2655 sequentur.

2191 2683 2327 2738 Nam
2350 2682 2444 2752 qui
2468 2689 2670 2734 terram
2697 2687 2824 2733 ante
2851 2679 3042 2733 caelum
3064 2677 3278 2747 quaerit,
3305 2677 3374 2731 ab
3414 2679 3503 2732 illa
3534 2693 3766 2747 prorsus

2192 2771 2409 2828 excidet
2437 2788 2450 2824 :
2487 2769 2582 2839 qui
2624 2777 2807 2822 autem
2834 2767 3028 2821 caelum
3063 2776 3220 2820 terra;
3245 2765 3570 2835 praetulerit,
3601 2774 3764 2821 utro-

2191 2879 2297 2934 que
2329 2877 2493 2932 supra
2518 2859 2739 2914 modum
2766 2859 3000 2914 fruetur.
3036 2852 3210 2924 Quod
3236 2867 3296 2912 ut
3332 2872 3761 2926 consequamur,

2190 2958 2478 3028 praesentia
2501 2955 2685 3010 omnia
2706 2961 3142 3017 contemnentes,
3170 2952 3355 3007 futura
3381 2951 3526 3007 bona
3547 2952 3759 3022 deliga-

2191 3065 2334 3104 mus.
2363 3049 2439 3102 lta
2469 3047 2615 3102 enim
2648 3055 2704 3102 et
2735 3047 2823 3101 his
2852 3056 2910 3100 et
2935 3045 3043 3101 illis
3072 3045 3338 3109 fruemur,
3369 3045 3540 3115 gratia
3574 3053 3630 3098 et
3663 3044 3768 3098 be-

2190 3139 2455 3209 nignitate
2480 3137 2698 3193 Domini
2727 3136 2903 3190 nostri
2928 3136 3059 3192 Iesu
3081 3133 3284 3189 Christi
3323 3150 3336 3186 :
3371 3134 3458 3188 cui
3501 3133 3674 3205 gloria
3701 3141 3766 3188 et

2193 3231 2484 3288 imperium
2511 3229 2566 3284 in
2592 3229 2788 3286 saecula
2817 3228 3161 3284 saeculorum.
3190 3227 3384 3281 Amen.

1893 3967 2245 4031 HOMlLIA
2285 3968 2392 4032 VI.

513 4268 640 4326 CAP.
676 4269 743 4325 ll.
773 4285 827 4325 ν.
859 4270 910 4324 l.
955 4268 1088 4324 Cum
1125 4277 1284 4322 natus
1333 4276 1462 4319 esset
1497 4265 1648 4320 Jesus
1694 4268 1750 4320 in
1783 4266 2081 4322 Bethlehem

584 4362 782 4417 ludere
806 4363 860 4415 in
882 4361 1058 4414 diebus
1077 4360 1295 4416 Herodis
1320 4359 1475 4428 regis,
1499 4374 1610 4411 ecce
1628 4361 1768 4429 magi
1801 4359 1864 4412 ab
1885 4361 2080 4413 oriente

582 4465 835 4511 venerunt
879 4454 1285 4525 Jerosolymam,
1313 4454 1367 4506 2.
1409 4453 1685 4508 dicentes:
1729 4453 1823 4507 Ubi
1873 4463 1947 4507 est
1991 4455 2081 4524 qui

584 4557 743 4602 natus
773 4558 848 4602 est
881 4564 973 4602 rex
999 4547 1307 4601 Indwornm
1339 4546 1363 4599 ?
1412 4545 1642 4599 Vidimus
1689 4547 1829 4599 enim
1869 4545 2081 4599 stellam

581 4639 697 4709 ejus
722 4639 779 4692 in
812 4638 1031 4702 oriente,
1058 4645 1107 4690 et
1135 4638 1369 4690 venimus
1405 4637 1631 4690 adorare
1658 4651 1795 4688 eum.

586 4816 917 4886 Refelluntur
939 4818 977 4871 ii
1010 4818 1099 4887 qui
1136 4833 1198 4870 ex
1227 4814 1385 4870 stella
1436 4833 1714 4880 maqorum
1757 4817 2079 4871 occasionem

515 4911 846 4982 arripiebant
906 4910 1251 4980 astrologiam
1304 4910 1591 4962 asserendi.
1620 4939 1688 4948 —
1715 4909 1880 4964 Multa
1921 4909 2081 4964 nobis

517 5019 656 5072 opus
679 5011 764 5057 est
791 5003 1091 5072 vigilantia,
1118 5002 1306 5056 multis
1334 5003 1610 5070 precibus,
1657 5012 1718 5055 ut
1751 5011 2076 5070 prazsentem

517 5093 699 5148 locum
752 5095 1025 5163 explicare
1069 5093 1361 5163 possimus,
1415 5109 1481 5146 ac
1535 5094 1677 5148 scire
1717 5093 1813 5164 qui
1859 5093 1972 5148 sint
2021 5093 2076 5146 hi

516 5182 681 5254 magi,
712 5183 880 5245 unde,
910 5182 1206 5252 quomodo,
1239 5190 1296 5236 et
1330 5198 1440 5252 quo
1469 5183 1738 5238 suadente
1770 5184 2025 5237 venerint
2059 5200 2075 5249 ;

514 5279 576 5327 et
601 5287 849 5342 quaenam
880 5272 970 5326 illa
1006 5272 1159 5327 stella
1185 5273 1371 5327 fuerit.
1406 5271 1518 5325 lmo
1563 5272 1727 5326 etiam
1753 5313 1768 5336 ,
1801 5273 1844 5326 si
1869 5272 2038 5326 vultis
2060 5313 2075 5337 ,

518 5377 584 5420 ea
612 5363 848 5432 primum
903 5364 959 5416 in
1010 5363 1250 5418 medium
1295 5363 1629 5418 adducamus
1656 5404 1670 5427 ,
1719 5379 1842 5432 quze
1884 5363 2079 5418 dicunt

518 5452 766 5508 veritatis
805 5451 1036 5508 inimici.
1070 5453 1285 5507 Etenim
1307 5467 1480 5522 usque
1507 5451 1645 5506 adeo
1672 5450 1924 5506 diabolus
1952 5451 2073 5506 illos

520 5544 744 5610 amavit,
777 5554 836 5600 ut
861 5547 986 5601 inde
1016 5546 1140 5600 illos
1165 5561 1315 5600 arma
1355 5551 1547 5599 contra
1589 5544 1880 5603 veritatem
1915 5544 2080 5598 mini-

519 5648 695 5695 strare
728 5639 1040 5694 tentaverit.
1095 5637 1236 5703 Quid
1288 5639 1455 5704 igitur
1501 5637 1732 5694 dicunt?
1784 5637 1944 5704 Ecce,
1987 5639 2080 5693 in-

2179 4265 2396 4335 quiunt,
2424 4265 2646 4322 Christo
2689 4279 2822 4324 nato
2860 4269 3017 4324 stella
3070 4271 3364 4340 apparuit,
3415 4272 3565 4342 quod
3616 4285 3757 4329 sane

2180 4357 2395 4426 signum
2449 4368 2534 4414 est
2573 4362 2922 4432 astrologiam
2964 4377 3148 4416 veram
3198 4378 3319 4417 esse
3371 4362 3749 4434 disciplinam.

2179 4449 2460 4515 Quomodo
2505 4467 2636 4522 ergo
2673 4453 2720 4507 si
2766 4454 2860 4508 illo
2910 4454 3019 4508 ritu
3078 4463 3134 4509 et
3180 4456 3344 4510 modo
3407 4466 3574 4511 natus
3615 4467 3703 4512 est
3733 4499 3751 4523 ,

2179 4539 2527 4610 astrologiam
2566 4543 2746 4602 solvit.
2789 4543 2960 4598 fatum
2994 4545 3236 4610 sustulit,
3288 4544 3598 4600 damonum
3645 4562 3749 4602 ora

2179 4629 2475 4696 obturavit,
2517 4647 2764 4688 errorem
2797 4636 3025 4704 expulit,
3054 4643 3109 4690 et
3131 4652 3324 4691 omnes
3351 4637 3740 4707 hujuscemodi

2179 4722 2481 4792 praestigias
2531 4723 2868 4778 eliminavit?
2913 4725 3202 4791 Quomodo
3245 4727 3416 4782 etiam
3454 4729 3596 4799 magi
3628 4745 3732 4798 per

2179 4813 2490 4882 hujusmodi
2523 4815 2736 4868 stellam
2765 4817 3017 4871 ediscunt
3052 4818 3234 4887 ipsum
3270 4834 3391 4874 esse
3429 4835 3612 4889 regem
3643 4821 3744 4877 ιιι-ι

2179 4905 2467 4960 daeorum?
2517 4923 2642 4962 cum
2700 4922 2850 4966 certe
2900 4927 3009 4964 non
3073 4911 3390 4982 hujusmodi
3442 4914 3594 4984 regni
3649 4931 3748 4970 rex

2177 5008 2342 5061 esset,
2375 5008 2433 5052 ut
2466 4999 2582 5070 ipse
2624 5002 2798 5056 Pilato
2832 5003 3050 5057 dicebat
3081 5021 3094 5056 :
3127 5002 3366 5074 Regnum
3411 5022 3585 5058 meum
3642 5023 3752 5061 non

2179 5099 2254 5142 est
2283 5090 2346 5143 de
2372 5092 2466 5144 hoc
2491 5096 2686 5145 mundo
2714 5093 2893 5164 (Joan.
2931 5095 3017 5148 ‘18.
3041 5094 3153 5163 56).
3199 5094 3348 5150 Nihil
3399 5096 3602 5166 quippe
3639 5099 3750 5152 tale

2179 5184 2503 5237 monstravit
2555 5201 2567 5237 :
2630 5200 2742 5239 non
2787 5185 3054 5252 hastatos,
3095 5203 3207 5242 non
3264 5188 3542 5259 clypeatos
3573 5229 3588 5252 ,
3634 5205 3752 5246 non

2179 5289 2370 5343 equos,
2402 5290 2511 5328 non
2546 5277 2822 5330 mulorum
2855 5277 3068 5348 jugum,
3119 5294 3301 5348 neque
3330 5279 3612 5350 quidpiam
3670 5284 3752 5336 si-

2179 5365 2308 5420 mile
2354 5365 2561 5420 circum
2612 5381 2671 5421 se
2721 5367 2955 5433 habuit;
3008 5368 3102 5422 sed
3148 5369 3312 5423 vilem
3362 5379 3418 5424 et
3450 5385 3751 5441 pauperem

2179 5455 2348 5512 vitam
2396 5457 2624 5532 agebat,
2678 5456 2970 5513 duodecim
3033 5468 3244 5514 tantum
3309 5460 3500 5527 viros,
3540 5478 3750 5532 eosque

2181 5528 2649 5614 despicatissimos
2705 5547 3146 5603 circumducens.
3213 5548 3320 5604 Sed
3383 5551 3601 5606 etiamsi
3657 5528 3752 5622 ip-

2182 5652 2305 5704 sum
2367 5637 2575 5693 scirent
2648 5653 2769 5694 esse
2842 5655 3027 5710 regem
3060 5680 3074 5705 ,
3134 5655 3233 5694 cur
3298 5641 3520 5698 tandem
3592 5642 3752 5698 illum
