4078 6372
584 333 655 389 65

577 447 760 513 δόντες
794 448 890 519 τὴν
934 446 1126 521 ἀρχὴν,
1176 447 1480 518 συνέθηκαν
1522 446 1629 500 ἀπὸ
1664 445 1764 512 τῆς
1786 442 1896 495 τῶν
1932 440 2144 511 ἀστρων

580 541 844 609 κινήσεως
868 538 933 591 τά
983 537 1244 608 μέλλοντα
1290 535 1539 589 ἔσεσθαι·
1590 534 1703 586 ἀλλ’
1752 529 2145 601 ἀντιστρόφως,

578 631 785 702 ἀστέρα
814 631 921 701 πρὸ
949 628 1142 683 πολλοῦ
1188 628 1284 683 τοῦ
1325 629 1518 700 χρόνου
1560 626 1885 695 θεασάμενοι
1915 620 2150 691 φανέντα

581 724 672 777 ἐπὶ
694 722 789 792 τῆς
806 720 987 776 αὑτῶν
1013 719 1216 792 χώρας,
1236 719 1486 791 ἔρχονται
1501 713 1857 787 όψόμενοιτὸν
1869 709 2149 781 τεχθέντα·

581 817 721 886 ὅπερ
765 813 861 873 καὶ
888 813 934 844 ¹δ
974 811 1106 865 αὐτὸ
1131 811 1226 864 τοῦ
1258 807 1529 881 προτέρου
1564 805 1773 875 σφόδρα
1802 799 2154 871 ἀπορώτερον

583 913 648 974 ἃν
676 915 783 985 εἴη.
813 913 911 976 Τίς
935 911 1045 983 1&9
1071 910 1267 975 αὐτοὺς
1305 909 1492 962 ἔπεισε
1519 907 1697 976 λόγος,
1737 905 1907 959 ποίων
1937 903 2157 975 ἀγαθῶν

583 1006 758 1071 ἐλπὶς,
803 1005 896 1058 τὸν
938 1005 1005 1058 ἐκ
1048 1000 1307 1057 τοσούτου
1365 1000 1735 1070 διαστήματος
1780 996 2157 1070 προσκυνῆσαι

586 1098 837 1169 βασιλέα;
872 1097 935 1150 EE
979 1096 1080 1167 μὲν
1111 1094 1220 1166 1&9
1244 1091 1426 1146 αὑτῶν
1456 1089 1649 1162 ἔμελλε
1688 1086 2013 1160 βασιλεύειν,
2048 1086 2154 1158 μά-

584 1190 741 1244 λιστα
786 1190 885 1261 μὲν
922 1188 1044 1241 οὑδέ
1070 1186 1213 1240 οὑτω
1237 1184 1396 1252 λόγον
1426 1177 1539 1252 εἶχε
1583 1180 1647 1234 τὸ
1684 1180 1990 1252 γινόμενον.
2043 1178 2157 1233 Καὶ

587 1283 695 1354 γὰρ
737 1284 785 1335 εί
821 1281 921 1352 μὲν
950 1281 1008 1334 ἐν
1053 1278 1364 1349 βασιλικαῖς
1400 1277 1589 1340 αὐλαῖς
1616 1273 1878 1337 ἐτίκτετο,
1920 1271 2015 1325 καὶ
2048 1289 2154 1326 παέ

585 1375 713 1446 τρὸς
742 1373 891 1444 αὐτῷ
943 1371 1208 1443 βασιλέως
1246 1370 1534 1441 παρόντος,
1571 1366 1796 1428 εἰκότως
1835 1365 1901 1419 ἄν
1927 1381 2013 1427 τις
2052 1363 2154 1435 ἔφη

585 1467 829 1529 τούτους,
856 1463 1212 1535 βουλομένους
1238 1462 1331 1516 τὸν
1366 1459 1573 1531 πατέρα
1605 1456 1958 1528 θεραπεῦσαι,
1990 1472 2157 1528 προσ-

588 1558 821 1627 κυνῆσαι
874 1556 935 1610 τὸ
977 1554 1168 1626 τεχθὲν
1208 1552 1439 1616 παιδίον,
1470 1551 1565 1604 καὶ
1601 1549 1776 1622 ταύτῃ
1800 1546 1999 1618 πολλὴν
2032 1548 2157 1601 ἐαυ-

587 1651 700 1709 τοῖς
730 1646 985 1701 ὑπόθεσιν
1015 1642 1424 1716 προαποθέσθαι
1450 1639 1684 1704 εὐνοίας.
1712 1638 1851 1692 Νυνὶ
1873 1637 1931 1691 δὲ
1963 1638 2082 1691 οὐδὲ
2112 1637 2155 1670 ¹⁸

587 1738 766 1791 αὑτῶν
804 1734 1211 1808 προσδοκῶντες
1253 1731 1472 1787 ἔσεσθαι
1506 1729 1749 1803 βασιλέα,
1794 1729 1932 1784 ἀλλά
1970 1728 2158 1794 ἔθνους

591 1826 880 1880 ἀλλοκότου
908 1825 1004 1879 καὶ
1041 1824 1175 1878 πολὺ
1216 1824 1316 1894 τῆς
1344 1821 1524 1876 αὐτῶν
1550 1820 1921 1891 ἀφεστηκότος
1951 1818 2156 1891 χώρας,

588 1917 713 1971 οὐτε
742 1917 915 1988 ἀνδρα
930 1914 1165 1987 ὁρῶντες
1185 1914 1287 1986 ήδη
1314 1913 1624 1985 γενόμενον,
1653 1913 1799 1977 τίνος
1820 1912 2009 1967 ἐνεκεν
2026 1927 2156 1965 τοσ-

589 2009 758 2081 αύτην
783 2008 1090 2062 στέλλονται
1110 2007 1439 2080 ἀποδημίαν,
1462 2006 1558 2060 καὶ
1577 2006 1727 2078 δῶρα
1762 2002 2155 2076 προσφέρουσι,

592 2100 873 2156 καὶταῦτα
895 2101 1179 2172 μέλλοντες
1198 2097 1337 2169 μετά
1356 2097 1616 2153 κινδύνων
1638 2097 1855 2153 ἅπαντα
1877 2095 2159 2169 πράττειν;

593 2194 702 2247 Καὶ
730 2192 838 2263 γὰρ
885 2191 981 2245 καὶ
1031 2189 1280 2261 Ἡρώδης
1318 2188 1559 2253 ἀκούσας
1610 2187 1957 2260 διεταράχθη,
1991 2188 2087 2242 καὶ
2131 2189 2161 2242 ὀ

588 2282 760 2352 δῆμος
787 2280 933 2344 ἄπας
960 2278 1292 2351 ἐθορυϐεῖτο,
1322 2276 1497 2332 ταῦτα
1530 2277 1865 2340 ἀκούσαντες
1890 2279 2025 2349 παρ’
2057 2276 2160 2331 αὐ-

588 2371 715 2425 τῶν.
755 2368 895 2425 Ἀλλ’
935 2371 998 2424 οὑ
1038 2368 1342 2442 προῄδεσαν
1379 2362 1527 2424 οὗτοι
1564 2366 1761 2423 ταῦτα.
1794 2366 1933 2421 Ἀλλ’
1961 2367 2063 2421 οὑκ
2093 2367 2162 2422 ἂν

588 2460 702 2532 ἔχοι
730 2462 910 2531 λόγον.
958 2460 1022 2515 Εἰ
1052 2461 1162 2534 γὰρ
1188 2461 1284 2515 καὶ
1314 2460 1520 2531 σφόδρα
1545 2454 1685 2530 ἦσαν
1722 2458 1964 2529 ἀνόητοι,
2003 2458 2164 2512 τοῦτο

589 2555 689 2608 οὐκ
715 2553 780 2608 ἀν
810 2553 1107 2625 ἠγνόησαν,
1132 2554 1213 2607 ὅτι
1243 2552 1323 2616 είς
1346 2551 1501 2605 πόλιν
1536 2548 1956 2622 βασιλευομένην
1978 2549 2163 2604 ἐλθόν-

578 2655 699 2707 τες,
740 2643 835 2698 καὶ
877 2642 1100 2697 τοιαῦτα
1142 2639 1480 2714 κηρύξαντες
1502 2679 1518 2707 ,
1555 2641 1650 2695 καὶ⁹
1706 2637 1929 2710 βασιλέα
1975 2638 2162 2710 ἔτερον

590 2733 744 2803 παρὰ
770 2733 860 2786 τὸν
891 2732 1013 2786 τότε
1046 2731 1175 2788 ὅντα
1202 2731 1247 2764 ³⁸
1288 2730 1584 2795 δείξαντες,
1627 2728 1749 2800 οὑχὶ
1788 2726 1905 2801 [86]
1938 2728 2164 2800 μυρίους

590 2823 712 2876 καθ’
745 2823 955 2876 ἑαυτῶν
990 2821 1057 2876 ἀν
1089 2821 1471 2875 ἐπεσπάσαντο
1514 2820 1798 2884 θανάτους.
1845 2819 1912 2872 Τί
1937 2819 1995 2873 δέ
2025 2819 2163 2881 ὅλως

590 2913 685 2967 καὶ
741 2911 1109 2984 προσεκύνουν
1151 2913 1210 2965 ἐν
1241 2910 1578 2984 σπαργάνοις
1604 2909 1767 2975 6ντα;
1809 2909 1874 2963 El
1918 2907 2020 2981 μὲν
2046 2908 2157 2981 1&9

590 3002 729 3074 ἀνὴρ
759 2999 848 3074 ἦν,
883 2999 1029 3074 εἶχεν
1059 3004 1125 3059 ἄν
1149 3020 1234 3066 τις
1277 3005 1472 3068 εἰπεῖν,
1514 3002 1596 3056 ὅτι
1625 3000 2035 3073 προσδοκῶντες
2062 3000 2162 3073 τὴν

590 3096 721 3167 παρ’
769 3096 935 3150 αὐτοῦ
970 3095 1220 3168 βοήθειαν
1244 3097 1325 3160 είς
1361 3090 1637 3168 προῦπτον
1663 3093 1890 3156 ἑαυτοὺς
1921 3091 2151 3164 ἔρριψαν

593 3187 837 3243 κίνδυνον
857 3228 874 3254 ,
905 3189 1042 3259 ὅπερ
1062 3189 1156 3243 καὶ
1182 3188 1315 3242 αὑτὸ
1340 3188 1441 3260 τῆς
1463 3188 1695 3259 ἐσχάτης
1712 3183 1936 3254 ἀλογίας
1949 3179 2039 3256 ἦν,
2062 3184 2158 3239 τὸν

592 3272 827 3351 Πέρσην,
863 3280 953 3334 τὸν
977 3282 1019 3311 ¹⁷
1059 3279 1364 3352 βάρὸαρον,
1401 3283 1494 3337 καὶ
1533 3282 1684 3336 οὐδὲν
1733 3282 1913 3337 κοινὸν
1963 3279 2157 3350 ἔχοντα

582 3388 724 3459 πρὸς
750 3392 812 3443 τὸ
841 3387 1114 3443 Ἰουδαίων
1145 3386 1321 3451 ἔθνος,
1349 3384 1632 3456 βούλεσθαι
1664 3382 1765 3456 μὲν
1789 3383 1890 3454 τῆς
1912 3382 2092 3447 οἰκίας
2111 3382 2157 3415 ⁸⁸

582 3478 934 3549 ἀφίστασθαι,
953 3477 1048 3533 καὶ
1072 3476 1308 3549 πατρίδα
1327 3477 1422 3530 καὶ
1444 3478 1725 3545 συγγενεῖς
1753 3475 1845 3529 καὶ
1860 3473 2094 3538 οίκείους
2110 3472 2156 3525 9’

582 3567 820 3637 ἀφιέναι,
853 3566 1017 3639 ἑτέρᾳ
1047 3567 1105 3619 δέ
1138 3566 1367 3628 ἑαυτοὺς
1393 3564 1717 3619 ὑποϐάλλειν
1745 3563 2014 3634 βασιλείᾳ.

654 3656 722 3726 β’.
754 3657 818 3710 Εἰ
847 3657 906 3711 δὲ
939 3655 1098 3710 τοῦτο
1128 3654 1376 3726 ἀνόητον,
1423 3654 1486 3707 τὸ
1518 3654 1656 3725 μετά
1683 3652 1843 3706 τοῦτο
1871 3650 2158 3723 ἀνοητότε-

584 3763 679 3817 ρον
724 3745 905 3815 πολλῴ
943 3743 1125 3799 πλέον.
1171 3743 1330 3798 Ποῖον
1365 3741 1431 3814 δὴ
1468 3741 1664 3807 τοῦτο;
1706 3742 1781 3795 Τὸ
1811 3740 2027 3813 μακρὰν
2063 3738 2159 3792 οὑ·-

584 3853 692 3901 τως
759 3836 1071 3909 ἀποδημίαν
1129 3834 1383 3898 ἐλθόντας
1408 3872 1424 3897 ,
1491 3833 1588 3886 καὶ
1655 3832 2156 3904 προσκυνήσαντας,

584 3928 679 3983 καὶ
723 3929 1064 4001 ταράξαντας
1122 3928 1364 3991 πάντας,
1410 3926 1666 3980 ἀπελθεῖν
1708 3924 1933 3989 εὐθέως.
1984 3924 2048 3977 Τί
2099 3922 2159 3977 δὲ

582 4017 718 4083 ὅλως
756 4019 851 4072 καὶ
907 4018 1180 4089 βασιλείας
1243 4017 1511 4090 σύμϐολον
1562 4013 1724 4082 εἶδον,
1772 4015 2015 4086 καλύϐην
2064 4013 2161 4068 καὶ

582 4104 811 4176 φάτνην,
859 4108 954 4159 καὶ
1011 4106 1223 4160 παιδίον
1270 4106 1329 4160 ἐν
1377 4106 1745 4178 σπαργάνοις,
1798 4106 1895 4158 καὶ
1946 4103 2160 4175 μητέρα

582 4197 803 4267 πτωχὴν
847 4197 1043 4262 ἰδόντες
1081 4198 1157 4263 ²⁰;
1203 4198 1323 4253 Τίνι
1350 4199 1396 4232 ³⁸
1438 4198 1496 4252 δέ
1543 4197 1636 4252 καὶ
1683 4195 1754 4251 τά
1801 4196 1951 4268 δῶρα
1993 4211 2162 4267 προσ-

582 4284 799 4357 έφερον,
836 4287 930 4340 καὶ
957 4286 1100 4359 τίνος
1142 4287 1360 4353 ’ένεκενς
1403 4283 1552 4357 ’Λρα
1586 4284 1748 4357 νόμος
1787 4279 1856 4356 ἦν
1884 4284 1978 4337 καὶ
2007 4282 2159 4350 ἔθος,

582 4376 708 4438 τοὺς
766 4376 1039 4447 πανταχοῦ
1096 4376 1445 4446 τικτομένους
1500 4373 1751 4446 βασιλέας
1802 4372 1944 4426 οὑτω
1996 4371 2161 4443 θερα-

583 4465 808 4532 πεύειν;
844 4468 939 4521 καὶ
972 4468 1152 4520 πᾶσαν
1182 4467 1479 4538 περιῄεσαν
1529 4464 1618 4518 ἀεὶ
1670 4464 1768 4535 τὴν
1802 4463 2158 4534 οἰκουμένην,

583 4552 675 4616 οὓς
695 4554 1214 4627 ᾔδεσαν-ἐσομένους
1241 4554 1496 4625 βασιλέας
1528 4553 1639 4607 ἀπὸ
1678 4552 1888 4624 μικρῶν
1931 4553 2025 4607 καὶ
2067 4554 2161 4608 εὑ-

584 4643 772 4708 τελῶν,
804 4644 933 4716 πρὶν
960 4644 1052 4698 ἐπὶ
1088 4645 1181 4699 τὸν
1210 4645 1394 4717 θρόνον
1422 4645 1513 4699 τὸν
1550 4643 1826 4715 βασιλικὸν
1858 4644 2160 4715 ἀναϐῆναι,

583 4731 1046 4801 προσκυνοῦντεςς
1092 4732 1231 4787 Ἀλλ’
1264 4733 1364 4787 οὑκ
1404 4733 1471 4787 ἀν
1518 4732 1632 4804 ἔχοι
1668 4750 1753 4798 τις
1779 4732 1937 4786 τοῦτο
1958 4735 2157 4788 εἰπεῖν.

583 4821 740 4885 Τίνος
764 4822 819 4876 δέ
847 4824 1032 4876 ἕνεκεν
1058 4825 1152 4878 καὶ
1183 4823 1583 4896 προσεκύνουν;
1605 4825 1669 4878 Εἰ
1702 4824 1801 4895 μὲν
1832 4824 1940 4878 τῶν
1961 4824 2163 4896 παρόν-

583 4930 689 4968 των
712 4916 917 4979 ἐνεκεν,
940 4918 1036 4971 καὶ⁵
1069 4918 1123 4970 τί
1149 4917 1492 4989 προσεδόκων
1522 4918 1673 4989 παρά
1694 4917 1905 4971 παιδίου
1940 4918 2034 4971 καὶ
2059 4934 2164 4988 μη-

581 5006 709 5077 τρὸς
733 5007 982 5071 εὐτελοῦς
1005 5007 1303 5079 λήψεσθωιη
1328 5010 1377 5062 εἰ
1399 5009 1457 5062 δέ
1486 5009 1593 5064 τῶν
1626 5009 1926 5083 μελλόντων
1952 5011 2160 5079 ἕνεκεν,

582 5098 678 5150 καὶ
730 5096 893 5151 πόθεν
931 5099 1129 5171 ᾔδεσαν
1162 5101 1244 5154 ὅτι
1272 5100 1747 5173 ἀπομνημονεύσει
1784 5102 1893 5156 τῶν
1919 5102 2040 5156 τότε
2077 5119 2163 5172 γι-

585 5188 843 5259 νομένωνι
863 5192 910 5222 ¹⁹
947 5193 977 5245 ό
1005 5194 1134 5256 παῖς
1167 5193 1223 5245 ἐν
1257 5193 1591 5263 σπαργάνοις
1636 5192 2066 5265 προσκυνηθείςς
2099 5193 2164 5246 Ei

582 5280 643 5333 δὲ
677 5282 711 5351 ή
745 5282 929 5353 μήτηρ
962 5282 1186 5353 ἔμελλεν
1209 5284 1645 5354 ἀναμιμνήσκειν
1670 5284 1853 5347 αὑτὸν,
1878 5282 1997 5336 οὑδέ
2019 5281 2164 5336 οὑτω

548 5372 771 5443 ρτιμῆς,
803 5373 938 5427 ἀλλά
970 5373 1242 5437 κολάσεως
1267 5369 1407 5444 ἦσαν
1445 5374 1605 5439 ἄξιοι,
1644 5376 1726 5438 εἰς
1755 5369 2030 5444 προῦπτον
2060 5373 2164 5443 ἐμ-

587 5463 872 5530 ϐάλλοντες
895 5466 1059 5521 αὑτὸν
1096 5467 1359 5521 κίνδυνον.
1396 5465 1672 5520 Ἐντεῦθεν
1704 5465 1830 5535 γοῦν
1856 5467 1884 5521 ὁ
1923 5465 2165 5537 Ἡρώδης

1307 332 1365 392 S.
1402 332 1681 392 JOANNIS
1717 330 2198 391 CIIRYSOSTOMI
2238 332 2555 391 ARCHIEP.
2595 328 3132 392 CONSTANTINOP.

3760 339 3834 393 6L

2257 449 2579 520 ταραχθεὶς,
2620 453 2714 506 καὶ
2746 453 2958 525 ἐζήτει,
2992 456 3085 507 καὶ
3124 453 3551 525 περιειργάζετο,
3594 455 3688 508 καὶ
3734 457 3831 508 ἀνὲ

2257 538 2399 595 ελεῖν
2422 543 2713 614 ἐπεχείρει.
2749 547 2858 599 Καὶ
2886 545 3160 617 πανταχοῦ
3189 547 3245 599 δὲ
3268 548 3297 599 ό
3325 548 3414 600 τὸν
3439 549 3696 618 μέλλοντα
3730 550 3831 620 βα-

2258 631 2488 688 σιλεύειν
2528 634 2643 708 [87]
2675 636 2972 708 κατάδηλον
3010 637 3213 695 ποιῶν.
3248 638 3312 690 ἐκ
3359 640 3579 710 πρώτης
3615 640 3835 711 ἡλικίας

2259 725 2475 798 ἰδιώτην
2496 728 2648 791 ὄντα,
2675 728 2828 782 οὐδὲν
2854 729 3041 800 ἓτερον
3069 729 3102 800 ῆ
3134 734 3315 803 σφαγῇ
3341 734 3676 803 παραδίδωσι
3694 776 3711 801 ,
3734 738 3834 794 καὶ

2257 819 2485 890 μυρίους
2540 820 2769 874 ἀνάπτει
2825 820 3098 891 πολέμους
3146 822 3316 893 αὑτῷ.
3369 818 3523 888 Εἶδες
3545 825 3646 879 ὅσα
3670 826 3718 858 ³³
3761 827 3834 881 τά

2250 910 2429 964 ἄτοπα
2445 910 2712 981 φαίνεται,
2737 912 2788 965 εί
2820 910 2963 966 κατὰ
2996 912 3346 984 ἀνθρωπίνην
3388 915 3708 971 ἀκολουθίαν
3735 918 3834 973 καὶ

2250 1001 2439 1074 κοινὴν
2458 1001 2747 1075 συνήθειαν
2766 1003 2941 1057 ταῦτα
2959 1003 3345 1075 ἐξετάσαιμεν;
3369 1006 3503 1060 Οὐδὲ
3521 1007 3631 1079 1&9
3652 1006 3835 1061 ταῦτα

2254 1093 2436 1165 μόνον,
2461 1095 2598 1149 ἀλλά
2619 1096 2713 1149 καί
2738 1096 2959 1151 πλείονα
2978 1096 3187 1152 τούτων
3207 1097 3335 1169 ἐνῆν
3361 1100 3536 1153 εἰπεῖν
3554 1139 3570 1166 ,
3601 1100 3833 1172 ζήτησιν

2250 1184 2441 1256 ἔχοντα
2471 1184 2643 1240 πλείω
2664 1188 2711 1218 ³⁸
2738 1186 2847 1240 τῶν
2865 1187 3188 1259 εἰρημένων.

2335 1276 2475 1330 Ἀλλ’
2507 1277 2595 1330 ἵνα
2626 1277 2703 1348 μὴ
2728 1279 3092 1343 συνάπτοντες
3127 1279 3363 1350 ἀπορίας
3392 1279 3648 1350 ἀπορίαις
3686 1279 3831 1350 ἰλιγ-

2250 1369 2377 1440 γιᾷν
2414 1369 2559 1439 ὑμᾶς
2587 1369 2851 1440 ποιῶμεν,
2885 1370 3020 1443 φέρε
3046 1370 3113 1443 δὴ
3137 1371 3320 1425 λοιπον
3349 1373 3441 1426 ἐπὶ
3465 1375 3511 1405 ³⁸
3545 1374 3644 1445 τήν
3673 1373 3832 1428 λύσιν

2249 1458 2359 1512 τῶν
2383 1458 2728 1530 ζητουμένων
2757 1460 3022 1531 ἔλθωμεν,
3044 1461 3220 1533 ἀρχὴν
3241 1462 3342 1534 τῆς
3367 1462 3573 1528 λύσεως
3604 1464 3712 1519 ἀπὸ
3734 1464 3830 1518 τοῦ

2250 1549 2477 1621 ἀστέρος
2524 1550 2688 1604 αὑτοῦ
2733 1552 3063 1624 τωιούμενοι.
3116 1554 3214 1608 ’Ἂν
3251 1554 3360 1626 1&9
3389 1556 3652 1627 μάθωμεν
3680 1557 3766 1621 τίς
3796 1560 3830 1611 ὁ

2249 1640 2446 1713 ἀστὴρ,
2474 1644 2569 1696 καὶ
2593 1643 2859 1710 ποταπὸς,
2888 1646 2984 1699 καὶ
3008 1645 3057 1698 εί
3087 1643 3197 1699 τῶν
3216 1646 3427 1701 πολλῶν
3456 1643 3538 1711 εἷς
3555 1688 3572 1711 ,
3605 1648 3639 1719 ἦ
3679 1648 3830 1715 ξένος

2250 1732 2403 1804 παρὰ
2423 1733 2549 1798 τοὺς
2580 1734 2792 1803 ἄλλους,
2833 1737 2927 1791 καὶ
2950 1738 2999 1791 εἰ
3033 1736 3193 1807 φύσει
3219 1738 3417 1811 ἀστὴρ,
3441 1740 3476 1812 ἦ
3510 1740 3632 1811 ὄψει
3667 1743 3832 1812 μόνον

2251 1820 2447 1893 ἀστὴρ,
2478 1823 2713 1888 εὐκόλως
2734 1825 2828 1879 καὶ
2856 1827 2924 1879 τά
2959 1826 3095 1882 ἄλλα
3118 1829 3294 1882 πάντα
3335 1829 3612 1902 εἰσόμεθα.
3658 1832 3832 1886 Πόθεν

2249 1906 2343 1965 οὖν
2368 1912 2542 1968 ταῦτα
2556 1913 2709 1970 ἔσται
2727 1916 2863 1988 δῆλα
2880 1933 2895 1981 ;
2931 1918 3062 1971 ’Λπδ
3083 1919 3190 1973 τῶν
3204 1920 3605 1992 γεγραμμένων
3625 1923 3830 1981 αὐτῶν.

2252 2000 2374 2056 ’Ότι
2400 2002 2510 2074 γάρ
2534 2003 2596 2057 οὐ
2625 2004 2734 2058 τῶν
2766 2006 2973 2060 πολλῶν
2995 2003 3076 2071 εἷς
3107 2008 3137 2060 ό
3164 2009 3339 2082 ἀστὴρ
3377 2005 3531 2074 οὗτος
3557 2006 3646 2082 ἦν,
3686 2015 3829 2082 μᾶλ-

2250 2088 2341 2145 λον
2363 2092 2422 2147 δὲ
2439 2093 2561 2147 οὑδὲ
2592 2095 2791 2167 ἀστὴρ,
2813 2097 2888 2161 ὡς
2909 2097 3099 2168 ἔμοιγε
3125 2099 3291 2165 δοκεῖ,
3323 2101 3461 2156 ἀλλά
3482 2103 3711 2175 δύναμίς
3738 2123 3830 2172 τις

2249 2181 2481 2254 ἀόρατος
2529 2184 2612 2249 εἰς
2655 2184 2860 2257 ταύτην
2892 2191 3464 2260 μετασχηματισθεῖσα
3510 2194 3611 2266 τὴν
3661 2197 3787 2267 ὄψιν
3810 2237 3829 2261 ,

2250 2272 2466 2344 πρῶτον
2491 2274 2600 2329 ἀπὸ
2627 2275 2725 2346 τῆς
2750 2277 2979 2348 πορείας
3004 2278 3174 2350 αὐτῆς
3203 2281 3381 2352 δῆλον.
3423 2283 3500 2336 Οὑ
3522 2286 3629 2358 γάρ
3655 2287 3832 2351 ἐστιν,
3876 2348 3883 2352 ,

2249 2360 2352 2414 οὐκ
2381 2360 2526 2416 ἔστιν
2568 2362 2743 2434 ἀστήρ
2776 2381 2860 2428 τις
2883 2365 2934 2397 ⁸⁸
2967 2365 3176 2437 ταύτην
3203 2367 3434 2438 βαδίζων
3483 2372 3584 2442 τὴν
3658 2373 3781 2427 ὁδόν
3808 2392 3825 2405 ·

2248 2451 2387 2507 ἀλλά
2424 2453 2527 2506 κᾶν
2555 2452 2705 2524 ἥλιον
2725 2454 2904 2526 εἴπῃς,
2935 2457 3041 2511 κᾶν
3075 2458 3323 2530 σελήνην,
3350 2460 3456 2514 κᾶν
3476 2464 3605 2526 τοὺς
3630 2463 3829 2528 ἄλλους

2251 2543 2500 2607 ἅπαντας
2544 2544 2808 2616 ἀστέρας,
2858 2546 2920 2612 ἐξ
2950 2548 3222 2605 ἀνατολῶν
3270 2551 3365 2604 ἐπὶ
3409 2550 3562 2606 δύσιν
3609 2554 3833 2627 ὁρῶμεν

2251 2635 2586 2707 χωροῦντας·
2622 2631 2775 2701 οὗτος
2814 2638 2871 2692 δὲ
2911 2640 3020 2693 ἀπὸ
3049 2641 3252 2712 ἄρκτου
3292 2642 3431 2714 πρὸς
3482 2645 3832 2718 μεσημϐρίαν

2251 2726 2509 2797 ἐφέρετο·
2548 2726 2690 2782 οὑτω
2712 2729 2820 2800 1&9
2849 2731 2883 2800 ἡ
2937 2731 3262 2804 Παλαιστίνη
3296 2734 3434 2806 πρὸς
3467 2735 3568 2807 τὴν
3589 2737 3827 2810 Περσίδα

2251 2817 2449 2870 κεῖται.
2465 2816 2744 2888 Δεύτερον,
2762 2819 2855 2873 καὶ
2873 2819 2982 2875 ἀπὸ
3004 2822 3097 2876 τοῦ
3116 2822 3307 2895 καιροῦ
3327 2824 3488 2878 τοῦτο
3504 2827 3652 2881 ἐστιν
3674 2828 3827 2884 ἰδεῖν.

2251 2906 2327 2960 Οὐ
2357 2907 2465 2977 1&9
2495 2908 2553 2959 ἐν
2576 2908 2731 2961 νυκτὶ
2754 2909 3024 2979 φαίνεται,
3054 2911 3171 2966 ἀλλ’
3198 2915 3257 2968 ἐν
3280 2914 3465 2987 ἡμέρᾳ
3483 2917 3645 2991 μέσῃ,
3673 2918 3831 2989 ήλίου

2249 2998 2585 3069 λάμποντος·
2615 3001 2754 3073 ὅπερ
2794 3003 2895 3058 οὑκ
2940 3004 3056 3058 ἔστι
3087 3006 3369 3078 δυνάμεως
3409 3010 3657 3082 ἀστέρος,
3709 3011 3827 3066 ἀλλ’

2250 3090 2374 3147 οὑδὲ
2407 3092 2635 3164 σελήνης
2656 3110 2670 3124 ·
2695 3095 2729 3166 ή
2762 3094 2872 3167 γὰρ
2915 3096 3167 3153 τοσοῦτον
3197 3099 3415 3154 πάντων
3446 3101 3788 3173 ὑπερέχουσα
3808 3143 3827 3166 ,

2249 3187 2351 3261 τῆς
2375 3187 2591 3250 ἀκτῖνος
2615 3185 2872 3257 φανείσης
2898 3188 2996 3258 τῆς
3019 3186 3273 3258 ἡλιακῆς,
3294 3185 3596 3257 κρύπτεται
3624 3185 3837 3251 εὐθέως

2251 3278 2347 3333 καὶ
2376 3278 2713 3348 ἀφανίζεται.
2748 3273 2916 3341 Οὗτος
2944 3279 3001 3332 δὲ
3034 3281 3100 3350 τῇ
3134 3279 3234 3349 τῆς
3266 3279 3473 3342 οίκείας
3510 3278 3835 3349 λαμπρότη·

2251 3387 2344 3435 τος
2375 3369 2647 3442 ὑπερϐολῇ
2676 3370 2770 3423 καὶ
2796 3369 2895 3435 τὰς
2925 3371 3149 3434 ἀκτῖνας
3174 3370 3391 3442 ἐνίκησε
3443 3369 3545 3434 τὰς
3575 3369 3833 3440 ήλιακάς,

2254 3464 2550 3535 φανότερος
2572 3464 2800 3517 ἐκείνων
2826 3463 3040 3532 φανεὶς,
3069 3463 3164 3517 καὶ
3198 3464 3256 3516 ἐν
3282 3461 3523 3533 τοσούτῳ
3551 3463 3691 3531 φωτὶ
3713 3460 3835 3534 [88]

2258 3555 2442 3627 μεῖξον
2470 3554 2709 3626 λάμψας.
2734 3556 2951 3626 Τρίτον,
2977 3554 3086 3608 ἀπὸ
3107 3553 3202 3608 τοῦ
3232 3554 3517 3622 φαίνεσθαι
3551 3553 3644 3608 καὶ
3668 3553 3839 3607 πάλιν

2256 3645 2609 3718 κρύπτεσθαι.
2641 3645 2752 3717 Τήν
2778 3647 2875 3717 μὲν
2898 3645 3005 3719 γὰρ
3024 3647 3130 3710 ἕως
3149 3646 3508 3717 Παλαιστίνης
3532 3645 3650 3700 όδὸν
3681 3647 3838 3715 ἐφαί-

2255 3756 2376 3793 νετο
2410 3740 2795 3809 χειραγωγῶν·
2829 3740 3016 3811 ἐπειδὴ
3036 3740 3092 3793 δέ
3111 3739 3389 3811 ἐπέδησαν
3406 3740 3513 3794 τῶν
3543 3740 3840 3811 Ἰεροσολύ-

2261 3848 2397 3901 μων,
2427 3830 2663 3903 ἔκρυψεν
2697 3832 2888 3886 ἐαυτόν
2906 3849 2920 3863 ·
2954 3828 3073 3886 εἷτα
3100 3814 3260 3886 πάλιν
3294 3832 3381 3885 ὅτε
3394 3833 3440 3864 ’⁷
3465 3832 3556 3885 τὸν
3586 3830 3842 3904 Ἡρώδην

2260 3921 2508 3993 ἀφέντες,
2538 3922 2844 3989 διδάξαντες
2866 3923 2914 3955 ³⁸
2941 3923 3105 3978 αὑτὸν
3122 3923 3265 3995 ὑπὲρ
3293 3917 3369 3978 ὧν
3395 3919 3580 3995 ἦλθον,
3610 3923 3842 3994 ἔμελλον

2257 4012 2499 4078 ἀπιέναι,
2544 4012 2816 4067 δείκνυσιν
2862 4014 3091 4069 ἐαυτόν·
3134 4015 3272 4087 ὅπερ
3310 4015 3411 4068 οὑκ
3455 4015 3602 4067 ἔστιν
3635 4015 3842 4085 ἄστρου

2261 4103 2546 4172 κινήσεως,
2576 4102 2712 4157 ἀλλά
2753 4104 3033 4176 δυνάμεώς
3072 4121 3215 4169 τινος
3263 4105 3654 4175 λογικωτάτης.
3700 4105 3842 4158 Οὐδὲ

2261 4195 2370 4266 γάρ
2389 4193 2525 4247 ίδίαν
2550 4193 2672 4248 τινὰ
2689 4193 2913 4266 πορείαν
2936 4190 3104 4266 εἶχεν,
3123 4195 3238 4249 ἀλλ’
3259 4196 3348 4250 ὅτε
3374 4195 3473 4266 μὲν
3495 4195 3600 4249 ἔδει
3625 4195 3844 4266 βαδίσαι

2263 4289 2490 4352 αὐτοὺς,
2520 4287 2802 4353 ἐϐάδιζεν·
2843 4288 2933 4342 ὅτε
2976 4288 3034 4343 δέ
3069 4289 3297 4360 στῆναι,
3330 4289 3546 4350 ἵστατο.
3594 4288 3729 4360 πρὸς
3779 4288 3846 4341 τὸ

2263 4379 2383 4431 δέον
2412 4380 2587 4432 πάντα
2624 4378 2921 4451 οἰκονομῶν
2944 4394 2957 4408 ·
2989 4379 3241 4450 καθάπερ
3281 4380 3310 4432 ό
3336 4377 3524 4442 στῦλος
3556 4379 3656 4449 τῆς
3683 4377 3844 4446 νεφέ-

2265 4470 2381 4540 λης,
2417 4470 2510 4524 καὶ
2536 4471 2580 4502 ’⁸
2614 4469 2852 4534 καθίζων
2880 4470 2975 4524 καὶ
3008 4470 3237 4541 ἐγείρων
3257 4468 3317 4523 τὸ
3347 4468 3705 4542 στρατόπεδον
3728 4468 3846 4521 τῶν

2277 4562 2564 4629 Ἰουδαίων,
2599 4562 2762 4634 ήνίκα
2803 4564 2993 4633 ἐχρῆν.
3034 4562 3338 4633 Τέταρτον,
3366 4560 3476 4615 ἀπὸ
3500 4559 3594 4614 τοῦ
3633 4557 3844 4631 τρόπον

2263 4655 2363 4725 τῆς
2391 4653 2607 4718 δείξεως
2633 4653 2794 4708 τοῦτο
2836 4652 2902 4708 ἄν
2929 4671 3017 4717 τις
3040 4652 3347 4724 καταμάθοι
3391 4650 3598 4721 σαφῶς.
3630 4651 3705 4704 Οὑ
3731 4649 3848 4721 1&9

2265 4746 2379 4801 ἀνω
2414 4746 2589 4817 μένων
2625 4746 2717 4799 τὸν
2748 4745 2909 4799 τόπον
2935 4745 3146 4799 ἐδείκνυ
3170 4761 3183 4773 ·
3225 4744 3344 4797 οὑδέ
3374 4744 3483 4814 γὰρ
3519 4742 3743 4796 δυνατὸν
3770 4737 3844 4813 ἦν

2267 4821 2450 4900 αὐτοῖς
2507 4836 2647 4889 οὑτω
2705 4835 2896 4906 μαθεῖν
2917 4852 2932 4867 ·
2993 4834 3130 4890 ἀλλὰ
3179 4835 3329 4888 κάτω
3379 4832 3623 4896 καταὸἀς
3682 4831 3848 4886 τοῦτο

2269 4928 2460 4982 ἐποίει.
2489 4929 2632 4981 Ἵστε
2669 4928 2797 5000 γάρ,
2826 4929 2908 4981 ὅτι
2936 4928 3101 4983 τόπον
3122 4926 3264 4980 οὑτω
3289 4925 3505 4997 μικρὸν,
3542 4925 3699 4978 καὶ³⁰
3718 4925 3848 4979 ὅσον

2269 5018 2415 5081 είκδς
2446 5016 2687 5088 καλύϐην
2722 5020 3032 5090 κατασχεῖν,
3067 5017 3267 5090 μᾶλλον
3286 5016 3342 5069 δὲ
3372 5018 3495 5069 ὅσον
3514 5013 3661 5077 εἰκὸς
3686 5014 3850 5086 σῶμα

2267 5106 2478 5160 παιδίου
2516 5108 2711 5179 μικροῦ
2736 5108 2985 5179 κατέχειν
3003 5109 3070 5176 ³¹,
3106 5110 3205 5179 οὐχ
3234 5104 3349 5163 οἶόν
3383 5127 3441 5162 τε
3465 5108 3672 5180 ἀστέρα
3710 5125 3853 5176 γνω-

2269 5199 2458 5270 ρίζειν.
2503 5199 2718 5270 Ἐπειδὴ
2740 5200 2849 5272 γὰρ
2877 5200 3103 5272 ἄπειρον
3124 5202 3183 5255 τὸ
3213 5201 3366 5271 ὑψος,
3397 5201 3497 5254 οὑκ
3524 5201 3682 5271 ἤρκει
3703 5200 3854 5256 οὕτω

2271 5290 2453 5344 στενὸν
2482 5291 2645 5344 τόπον
2672 5292 3073 5364 χαρακτηρίσαι
3102 5292 3198 5347 καὶ
3228 5291 3493 5363 γνωρίσαι
3520 5294 3635 5357 τοῖς
3661 5292 3852 5364 βουλο-

2273 5382 2454 5452 μένοις
2488 5383 2631 5436 ίδεῖν.
2667 5384 2777 5437 Καὶ
2800 5377 2959 5438 τοῦτο
2985 5384 3093 5438 ἀπὸ
3121 5384 3219 5455 τῆς
3253 5385 3479 5456 σελήνης
3513 5386 3613 5439 ίδοι
3636 5401 3719 5448 τις
3744 5384 3813 5438 ἀν
3837 5403 3852 5415 ·

2272 5475 2306 5545 ἢ
2338 5475 2590 5528 τοσοῦτον
2617 5476 2930 5547 ὑπερφερὴς
2972 5472 3104 5531 οὖσα
3144 5477 3251 5533 τῶν
3281 5478 3529 5547 ἄστρων,
3565 5481 3698 5533 πᾶσι
3735 5485 3858 5546 τοῖς

656 5690 704 5771 1‘
735 5688 1081 5772 αῠτ⁶]-τσῑνξο
1122 5691 1258 5772 Εςιέ·
1295 5703 1357 5772 ρι
1385 5695 1507 5772 cod:
1535 5704 1736 5772 ρνεεῑεν
1761 5697 1822 5772 E-
1872 5699 1965 5772 ,η
1999 5698 2144 5772 οὐδέ]

2256 5728 2258 5769 ι
2290 5698 2427 5772 ῌόῤ.
2466 5767 2508 5772 _
2533 5699 2588 5772 ’ξ
2607 5698 2775 5772 δντα’]·
2801 5696 2895 5755 Sic
3131 5698 3441 5772 κρατοῦντα
3465 5696 3527 5752 F.
3564 5695 3850 5772 vul_gO_0l-

593 5758 816 5841 ξιοῇταῖ
938 5760 1051 5841 τόν]
1080 5763 1172 5817 καί
1195 5755 1257 5841 1:.
1278 5765 1384 5819 An.
1465 5766 1508 5841 ξ⁸
1530 5755 1737 5841 οἰκείας
1765 5769 1825 5822 Β.
1861 5768 1949 5841 οη
2003 5770 2045 5801 ⁸⁸
2064 5755 2157 5824 οίκι

2256 5755 2323 5841 λς]
2354 5770 2445 5841 S_ic
2466 5767 2530 5826 F.
2557 5768 2686 5841 δαν.
2712 5755 3123 5841 οἶμοι-[οἴκους.
3172 5755 3247 5841 '__’°
3274 5768 3609 5841 ἰδόντες-οφ.
3642 5755 3842 5841 ῧςΑΑιι.

595 5831 640 5862 ³⁸
674 5828 824 5906 Τίνι]
844 5831 908 5906 Τί
940 5828 1128 5906 ὶίιίιίηι.
1196 5835 1249 5906 ξ’
1280 5836 1588 5906 γενομένων
1620 5838 1681 5892 F.

593 5898 824 5981 ταύτην]
860 5901 1255 5981 είς-ταύτηνμί).
1278 5898 1343 5981 Εἒ
1364 5898 1450 5971 τίς
1469 5925 1553 5981 τις
1573 5907 1777 5981 ταύτην
1804 5910 1864 5981 B_.
1890 5898 2150 5981 τόιαύτην

588 5967 907 6036 διδάξαντες
942 5971 1003 6030 D.
1030 5971 1094 6030 E.
1121 5967 1134 5975 ’
1171 5975 1215 6008 ²⁹
1249 5975 1343 6031 καί
1374 5967 1483 6035 oni).
1518 5967 1580 6041 Ᾱ.
1613 5978 1673 6035 Β.
1701 5967 1762 6036 Ε.
1840 5978 1885 6013 ³⁰
1912 5981 2005 6035 καί
2033 5967 2140 6038 οιιί.

1757 5838 1952 5912 ³[ὃσα]
1990 5841 2132 5912 πόσα
2367 5838 2416 5870 ’⁸
2443 5839 2637 5912 πλείω]
2674 5840 2847 5912 μείζω
3014 5840 3067 5912 Ἶ⁸Α
3095 5842 3167 5912 ἐπ

2174 5909 2409 6036 ἓαδίζων
2437 5911 2556 5965 ὁδόν
2590 5909 2846 5982 (duiut-Lg)
2884 5909 2946 5966 F.
3022 5910 3068 5943 ’⁷
3092 5910 3180 5964 ὅτε

2224 6024 2236 6035 .
2313 5982 2354 6011 ³¹
2389 5984 2681 6036 κατασγεῖν
2708 5979 2769 6036 F.

3172 5837 3212 5899 ί]
3231 5841 3323 5892 καὶ
3347 5841 3439 5893 ἐπὶ
3468 5836 3607 5892 Εσιιί.
3683 5837 3729 5870 ’⁸
3757 5853 3849 5899 τις

3231 5841 3323 5892 καὶ
3347 5841 3439 5893 ἐπὶ
3468 5837 3607 5892 Ειιιί.
3683 5837 3729 5870 ’⁸
3757 5853 3849 5899 τις

3186 5837 3212 5983 ί
3241 5910 3430 5982 ἐπειδὴ
3457 5906 3602 5965 E.F.
3677 5907 3722 5941 ’⁸
3745 5906 3851 5961 καὶ

2313 5982 2354 6011 ³¹
2389 5979 2681 6052 κατασχεῖν
2708 5979 2769 6037 F.
