4078 6372
182 325 252 379 65
1366 315 1431 368 IN
1468 309 1875 366 MA'I‘TIIALUSI
1917 308 2144 359 HUMIL.
2190 307 2270 358 Vl.
3402 296 3475 352 64

187 431 420 485 adeunt?
444 429 628 499 Neque
650 428 793 483 enim
819 427 945 481 illud
973 435 1353 481 astronomiam
1381 435 1607 495 spectat,
1636 434 1694 479 ιιι
1719 441 1783 477 cx

136 560 149 591 δ
187 522 357 576 stellis
383 528 777 591 cognoscantur
806 518 839 572 ii
870 517 957 587 qui
998 524 1327 581 nascuntur;
1358 514 1451 569 scd
1479 523 1536 569 ut
1561 529 1623 568 ex
1655 515 1783 568 hom

132 571 151 680 ἔ
188 627 289 680 qua
320 620 647 675 nascuntur,
682 607 1106 678 praenunticutur
1130 620 1194 660 ca
1221 618 1339 674 qua:
1380 603 1509 673 ipsis
1533 612 1786 659 eventura

128 672 141 792 ξ
187 711 331 767 sunt,
356 702 433 756 uti
464 701 682 771 quidem
712 709 950 753 narrant.
978 697 1042 752 lli
1075 712 1203 753 vero
1223 710 1394 766 neque
1420 696 1643 765 paricuti
1670 711 1786 751 ma-

140 830 143 833 -
187 795 252 848 tri
281 794 549 857 aderant,
581 806 754 862 neque
794 800 1001 860 tempus
1034 797 1327 855 noverant,
1354 803 1459 859 quo
1487 796 1642 841 natus
1667 797 1750 843 est
1771 830 1784 851 ,

187 903 363 957 neque
391 886 517 942 inde
543 886 697 940 initio
720 885 903 951 ducto,
931 899 996 939 ex
1024 883 1295 938 stellarum
1317 892 1464 937 motu
1487 898 1606 951 qure
1625 898 1784 937 even-

188 988 301 1031 tura
324 986 483 1032 erant
507 976 877 1046 pra'dixcrunt
898 992 911 1028 :
935 973 1030 1030 scd
1060 989 1092 1029 c
1118 974 1405 1036 contrario,
1430 988 1550 1026 cum
1578 974 1785 1027 stellam

186 1068 356 1123 multo
391 1077 520 1123 ante
556 1077 799 1137 tempore
832 1066 886 1120 in
926 1066 1144 1135 regione
1178 1079 1272 1119 sua
1304 1063 1591 1135 fulgentem
1620 1065 1782 1123 vidis-

180 1174 301 1219 sent
323 1207 340 1231 ,
370 1174 556 1219 natum
599 1164 766 1220 visuri
804 1164 1065 1220 accedunt
1095 1182 1109 1219 :
1141 1164 1287 1234 quod
1327 1179 1458 1220 sane
1495 1163 1787 1234 majoribus

182 1258 475 1312 obnoxium
504 1256 905 1311 difﬁcultatibus
933 1264 1036 1319 est,
1067 1271 1228 1326 quam
1254 1254 1307 1311 id
1336 1255 1479 1327 quod
1514 1254 1786 1326 praecedit.

184 1347 439 1413 Quasnam
485 1346 609 1400 illos
654 1346 794 1400 ratio
838 1345 1053 1400 movit?
1094 1360 1201 1416 qua
1238 1359 1335 1415 spe
1373 1344 1489 1400 fulti
1530 1360 1598 1400 ex
1640 1352 1785 1400 tanto

186 1452 449 1495 terrarum
501 1439 677 1508 spatio
722 1438 1005 1493 adoratum
1045 1452 1229 1508 regem
1271 1436 1531 1493 veniunt?
1568 1436 1705 1492 Nam
1741 1436 1788 1491 si

184 1531 399 1601 quidem
431 1545 531 1584 mx
562 1531 801 1599 ipsorum
830 1529 1043 1584 futurus
1070 1536 1187 1583 erat
1209 1568 1226 1595 ,
1258 1542 1327 1583 ne
1356 1527 1434 1583 sic
1459 1526 1620 1582 etiam
1650 1540 1784 1581 con-

186 1631 471 1691 gruentem
504 1620 741 1675 habuere
771 1621 1054 1674 rationem.
1079 1618 1292 1674 Etenim
1320 1618 1366 1673 si
1393 1618 1447 1673 in
1475 1617 1636 1688 regiis
1660 1616 1790 1672 ardi-

186 1719 279 1771 bus
320 1725 488 1770 natus
534 1714 764 1781 fuisset,
810 1729 935 1783 rege
976 1722 1130 1785 patre
1172 1722 1477 1783 praesente,
1517 1712 1637 1783 jure
1670 1710 1791 1781 quis

187 1808 407 1870 diceret,
443 1806 595 1876 ipsos
636 1815 691 1860 ut
722 1806 857 1875 patri
916 1806 1191 1875 placerent
1226 1813 1407 1859 natum
1438 1817 1664 1873 puerum
1695 1800 1793 1855 ad-

190 1901 454 1964 oraviSse,
490 1907 550 1952 ut
572 1897 674 1952 hoc
694 1896 968 1966 [immisso
994 1896 1163 1961 cultu,
1193 1895 1335 1966 regis
1371 1892 1795 1950 benevolentiam

188 1992 283 2046 sibi
306 1989 690 2044 conciliarent.
713 1988 844 2043 Cum
867 2002 994 2042 vero
1016 1988 1217 2042 scirent
1236 1989 1411 2057 ipsum
1435 2000 1616 2056 regem
1639 1998 1792 2039 suum

190 2097 293 2135 non
324 2095 453 2135 esse
497 2080 730 2134 futurum
751 2120 767 2144 ,
797 2077 890 2132 sed
921 2077 1111 2133 alienae
1139 2076 1314 2147 gentis
1334 2118 1350 2143 ,
1382 2090 1414 2130 a
1451 2076 1668 2146 regione
1696 2088 1791 2129 sua

194 2172 350 2241 longe
382 2179 634 2236 remotae,
666 2170 949 2240 ipsumque
971 2169 1037 2223 ad
1057 2168 1156 2223 viri
1177 2176 1387 2223 artatein
1414 2166 1650 2221 nondum
1673 2180 1796 2235 per-

192 2265 424 2327 venisse,
462 2277 562 2317 cur
590 2271 791 2316 tantam
835 2260 1316 2331 peregrinationem
1352 2259 1669 2328 suscipiunt,
1700 2272 1796 2311 cur

192 2362 330 2410 dona
361 2354 624 2421 afferunt,
654 2351 869 2422 quando
898 2353 1129 2406 maxime
1154 2366 1275 2406 cum
1308 2349 1547 2420 periculo
1577 2348 1692 2403 haec
1720 2347 1797 2401 fa-

195 2449 329 2502 cturi
373 2446 571 2502 erant?
612 2445 886 2516 Siquidem
929 2444 1029 2498 hoc
1066 2443 1247 2499 audito
1285 2441 1523 2497 Herodes
1554 2439 1796 2495 turbatus

195 2553 276 2597 est
298 2582 313 2605 ,
343 2539 599 2594 turbatus
638 2537 767 2593 item
808 2536 1034 2608 populus
1077 2543 1217 2591 totus
1241 2577 1257 2602 ,
1288 2549 1409 2589 cum
1449 2532 1567 2588 haec
1595 2548 1660 2587 ex
1695 2532 1798 2585 illis

197 2632 427 2686 audiret.
452 2630 544 2693 At,
575 2628 801 2699 inquies,
827 2628 942 2682 haec
967 2627 1042 2682 illi
1067 2641 1174 2681 non
1196 2624 1570 2697 prieseiebant.
1600 2624 1796 2678 Verum

200 2723 247 2775 id
271 2736 397 2775 cum
426 2721 638 2775 ratione
662 2726 881 2790 pugnat.
905 2717 1035 2773 Nam
1060 2717 1160 2772 etsi
1181 2715 1464 2771 admodum
1488 2714 1800 2783 insipientes

197 2815 468 2877 fuissent,
514 2812 762 2883 ignorare
804 2826 909 2865 non
953 2817 1232 2880 poterant,
1270 2822 1330 2863 se
1370 2808 1423 2863 in
1463 2807 1648 2862 urbem
1688 2804 1799 2874 regi

200 2904 473 2959 subditam
498 2902 797 2968 venientes,
826 2900 1056 2969 taliaque
1082 2899 1410 2963 nuntiantes,
1441 2897 1709 2965 aliumque
1733 2895 1801 2948 ab

202 3011 267 3050 co
286 2995 381 3066 qui
409 3004 522 3049 tum
547 2992 804 3064 regnabat
823 3006 1001 3061 regem
1029 3005 1149 3047 esse
1175 2997 1555 3056 monstrantes,
1578 3000 1801 3053 sexcen-

204 3087 270 3140 tis
299 3099 426 3139 sese
457 3084 647 3138 mortis
686 3082 936 3153 periculis
974 3080 1224 3151 obiicere.
1255 3079 1367 3135 Cur
1397 3087 1576 3134 autem
1615 3078 1803 3148 pannis

206 3176 509 3230 involutum
538 3171 870 3228 adorarunt?
896 3172 1027 3227 Nam
1056 3172 1102 3226 si
1135 3171 1217 3226 vir
1243 3170 1433 3227 saltem
1464 3169 1668 3234 fuisset,
1700 3166 1804 3222 dici

206 3270 473 3339 potuisset
508 3268 627 3321 illos
648 3307 665 3332 ,
696 3266 838 3335 quod
867 3280 1021 3335 Opem
1062 3264 1179 3334 ejus
1218 3270 1629 3333 exspectarent,
1660 3275 1721 3315 se
1749 3258 1803 3313 in

205 3368 457 3430 apertum
506 3356 801 3427 periculum
839 3355 1135 3426 conjecisse
1177 3372 1190 3409 :
1228 3353 1370 3424 quod
1411 3363 1585 3408 tamen
1633 3351 1806 3423 ipsum

205 3464 475 3508 extremae
533 3453 832 3511 dementia:
890 3452 1107 3518 fuisset,
1165 3451 1425 3516 Persam,
1471 3448 1808 3513 barbarum,

208 3543 305 3613 qui
347 3543 493 3598 nihil
527 3558 822 3601 commune
854 3543 1085 3598 haberet
1114 3557 1241 3597 cum
1276 3539 1594 3596 Iudaeorum
1623 3545 1807 3609 gente,

206 3651 241 3690 a
272 3635 510 3706 propria
548 3644 702 3691 terra
733 3636 1022 3692 discedere
1070 3635 1234 3699 velle,
1289 3648 1355 3688 ac
1398 3630 1638 3703 patriam
1661 3670 1675 3697 ,
1717 3644 1812 3684 co-

208 3737 413 3798 gnatos
444 3738 501 3783 et
544 3728 772 3784 domum
814 3728 1168 3799 relinquere,
1217 3740 1388 3795 seque
1430 3722 1591 3779 alteri
1642 3737 1811 3793 regno

210 3820 517 3893 subjicere.

285 4034 347 4088 2.
407 4032 559 4100 Quod
606 4033 652 4087 si
704 4032 809 4087 hoc
852 4032 1075 4089 stultum
1119 4031 1340 4098 fuisset,
1388 4030 1530 4101 quod
1581 4030 1822 4100 sequitur

220 4125 391 4194 longe
430 4123 664 4179 stultius.
711 4124 977 4192 Quidnam
1016 4123 1147 4180 illud
1199 4123 1324 4178 est?
1363 4122 1515 4190 Quod
1542 4134 1648 4176 iam
1679 4123 1822 4192 longi

216 4217 460 4285 spatium
509 4216 715 4270 itineris
755 4217 990 4282 emensi,
1040 4225 1320 4285 postquam
1348 4214 1733 4280 adoraverant,
1770 4223 1825 4268 et

214 4316 434 4361 tantum
478 4307 619 4376 apud
667 4322 855 4362 omnes
898 4308 1182 4362 tumultum
1221 4308 1615 4371 excitaverant,
1643 4307 1822 4360 statim

215 4400 430 4455 reversi
478 4402 605 4454 sint.
655 4402 785 4466 Quae
832 4401 1045 4456 tandem
1086 4399 1337 4463 viderunt
1372 4400 1522 4469 regni
1563 4398 1825 4468 insignia?

217 4491 554 4562 Tuguriuni,
604 4507 876 4561 praesepe,
926 4492 1209 4562 puerulum
1254 4492 1306 4546 in
1354 4491 1667 4556 cunabulis,
1711 4506 1827 4544 ma-

219 4592 365 4637 trem
414 4598 725 4652 pauperem.
766 4584 989 4638 L‘uinam
1020 4597 1244 4639 munera
1275 4581 1614 4647 obtulerunt,
1645 4590 1698 4636 et
1722 4596 1825 4650 qua

218 4676 292 4733 de
330 4678 543 4732 causa?
586 4678 667 4732 An
710 4692 771 4731 ea
817 4678 900 4731 lex
924 4717 940 4742 ,
978 4677 1024 4731 is
1062 4692 1178 4731 mos
1203 4686 1350 4741 erat,
1379 4684 1435 4728 ut
1460 4674 1705 4729 omnibus
1734 4689 1828 4743 per

220 4771 418 4826 orbem
461 4770 809 4826 nascentibus
848 4770 1063 4841 regibus
1105 4769 1158 4825 id
1184 4768 1424 4839 obsequii
1457 4767 1827 4823 tribueretur?

222 4878 297 4917 an
319 4878 541 4932 semper
555 4871 822 4918 terrarum
847 4861 1034 4917 orbem
1059 4861 1374 4927 circuibant,
1396 4870 1453 4914 ut
1476 4874 1611 4929 quos
1631 4859 1830 4913 scirent

220 4969 298 5009 ex
331 4954 529 5009 vilibus
566 4963 624 5009 et
660 4953 982 5024 pauperibus
1019 4967 1175 5023 reges
1200 4952 1435 5018 futuros,
1466 4960 1749 5020 antequam
1777 4950 1829 5004 in

221 5048 441 5118 regium
490 5047 681 5102 solium
725 5045 1109 5114 ascenderent,
1153 5044 1479 5101 adorarent?
1507 5044 1673 5098 Nemo
1701 5057 1832 5098 sane

144 5210 151 5215 .
219 5137 360 5192 illud
411 5138 626 5192 dixerit.
669 5137 780 5192 Cur
821 5152 952 5207 ergo
996 5136 1147 5192 illum
1194 5135 1529 5191 adorarunt?
1570 5134 1624 5189 Si
1652 5149 1829 5187 rerum

218 5230 578 5299 prmsentium
628 5243 818 5295 causa,
864 5229 989 5299 quid
1029 5243 1089 5285 se
1127 5242 1345 5299 sperare
1374 5236 1618 5298 poterant
1643 5243 1671 5279 a
1706 5242 1832 5296 pue-

221 5321 353 5376 rulo
385 5329 442 5375 et
462 5322 625 5391 inope
645 5331 818 5376 matre
844 5323 1202 5391 accepturos?
1227 5320 1273 5375 si
1298 5319 1599 5374 futurorum
1623 5319 1791 5389 gratia
1813 5360 1829 5378 .

218 5414 377 5467 unde
402 5413 541 5468 scire
563 5421 812 5484 poterant
840 5412 1120 5483 puerulum
1146 5412 1200 5467 in
1227 5411 1505 5467 cunabulis
1526 5410 1830 5474 adoratum,

219 5519 419 5559 eorum
445 5519 569 5575 qua:
594 5512 706 5559 tum
736 5513 884 5576 gesta
910 5496 1039 5559 sunt
1062 5502 1464 5560 recordaturum
1494 5502 1656 5558 esse?
1679 5500 1833 5568 Quod

220 5598 273 5652 si
326 5606 501 5653 mater
551 5598 701 5653 illum
754 5597 1090 5653 admonitura
1142 5606 1289 5661 erat,
1347 5596 1607 5667 supplicio
1656 5597 1834 5666 potius

222 5707 395 5760 quam
433 5690 657 5761 pricmio
679 5689 824 5762 digni
855 5699 1007 5748 erant
1026 5734 1040 5760 ,
1068 5691 1159 5762 qui
1187 5692 1239 5746 iu
1265 5699 1506 5761 apertum
1541 5688 1832 5760 periculum

1886 440 2037 495 illum
2080 434 2456 507 conjecissent.
2507 427 2711 485 Exinde
2755 426 2897 482 enim
2929 421 3165 479 Herodes
3194 419 3433 473 turbatus
3457 458 3473 481 ,

1887 532 2164 603 quicrebat
2204 530 2350 583 illum
2375 568 2387 591 ,
2420 523 2791 587 scrutabatur,
2823 529 2877 575 et
2898 516 3197 573 interficere
3220 510 3477 567 tcntabal.

1890 626 2065 693 Atque
2094 623 2290 692 ubique
2316 628 2578 674 terrarum
2600 656 2615 680 ,
2646 614 2734 685 qui
2762 612 2993 682 aliquem
3022 610 3074 663 in
3108 604 3299 661 tenella
3327 610 3478 655 aetate

1894 719 2160 788 privatum
2182 756 2197 780 ,
2236 723 2580 784 regnaturum
2622 723 2743 763 esse
2778 707 2949 777 palam
2977 698 3286 773 prmdixerit
3306 738 3319 760 ,
3352 694 3480 748 nihil

1892 808 2034 862 aliud
2073 808 2181 869 agit
2200 846 2215 871 ,
2253 819 2412 875 quam
2443 800 2583 871 quod
2608 800 2781 869 ipsum
2812 796 2929 851 neci
2958 793 3161 855 tradat,
3190 790 3273 843 vel
3300 796 3481 841 contra

1886 911 2033 965 illum
2075 905 2212 960 bella
2239 901 2435 956 excitet
2460 898 2757 952 innumera.
2784 890 2975 946 Viden’
3001 900 3195 960 quanta
3229 888 3353 943 hinc
3378 887 3479 942 ab-

1883 1000 2045 1056 surda
2074 1002 2361 1052 nascantur
2381 1032 2395 1056 ,
2423 989 2469 1045 si
2494 988 2785 1045 secundum
2809 998 2989 1038 rerum
3018 981 3369 1035 humanarum
3396 995 3456 1035 se

1887 1092 2055 1153 riem,
2114 1086 2490 1157 vulgaremque
2528 1092 2735 1133 morem
2777 1090 2866 1131 res
2911 1072 3260 1145 exploretur?
3300 1072 3485 1142 Neque

1890 1192 2069 1238 tamen
2115 1178 2231 1233 haec
2261 1183 2463 1231 tantum
2487 1214 2502 1238 ,
2531 1169 2627 1228 sed
2656 1169 2818 1225 etiam
2846 1166 3014 1222 multo
3044 1164 3194 1234 plura
3220 1164 3321 1219 dici
3356 1180 3483 1233 pos-

1890 1284 2014 1332 sent
2034 1316 2050 1341 ,
2076 1287 2195 1343 quae
2225 1268 2457 1339 majores
2487 1266 2552 1320 iis
2571 1305 2585 1331 ,
2609 1275 2741 1333 quas
2763 1273 2926 1329 supra
2949 1258 3209 1318 diximus,
3240 1266 3485 1326 parerent

1892 1365 2235 1439 qua‘stiones.

1957 1559 2122 1616 Stella
2141 1599 2156 1623 ,
2185 1572 2298 1628 quae
2318 1554 2593 1625 apparuit,
2622 1568 2724 1606 non
2749 1567 2776 1604 e
2804 1564 3014 1604 numero
3042 1557 3342 1603 cceteraritm
3362 1548 3483 1602 stel-

1887 1654 2054 1709 larum
2098 1660 2225 1707 erat.
2261 1680 2330 1690 —
2368 1647 2475 1704 Sed
2506 1662 2571 1701 ne
2596 1643 2937 1699 difficultates
2956 1640 3359 1698 difﬁcultatibus
3384 1655 3486 1695 ne-

1886 1756 2130 1812 ctentes,
2182 1745 2234 1799 in
2278 1743 2559 1812 caliginem
2599 1738 3089 1806 obscuritatemque
3127 1750 3225 1790 vos
3261 1734 3485 1804 dejicia-

1888 1855 2047 1904 mus;
2092 1851 2192 1909 age
2227 1836 2443 1891 demum
2472 1832 2539 1887 ad
2567 1832 2913 1902 quiesitorum
2939 1827 3257 1884 solutionem
3291 1841 3486 1895 prope-

1889 1946 2071 1988 remus
2087 1972 2101 1996 ,
2128 1938 2183 1986 et
2203 1945 2233 1984 a
2262 1927 2413 1983 stella
2437 1925 2695 1980 ducamus
2720 1922 2949 1977 initium.
2972 1919 3027 1977 Si
3052 1918 3196 1974 enim
3217 1918 3489 1972 discamus
3567 1928 3579 1944 ‘

1891 2042 2011 2098 qua:
2054 2024 2139 2079 vel
2182 2021 2358 2093 qualis
2403 2019 2493 2079 illa
2539 2018 2647 2084 sit,
2691 2032 2759 2071 an
2788 2031 2855 2071 ex
2886 2028 3109 2068 numero
3137 2013 3392 2077 aliarum,
3419 2025 3485 2063 au

1893 2120 2104 2174 diversa
2146 2115 2214 2170 ab
2260 2113 2399 2177 illis,
2447 2126 2515 2164 an
2566 2116 2757 2163 natura
2806 2120 2936 2169 sua,
2979 2119 3047 2159 an
3074 2104 3255 2174 Specie
3285 2110 3489 2156 tantum

1895 2211 2047 2267 stella
2068 2251 2084 2275 ,
2136 2217 2261 2262 tunc
2292 2205 2446 2261 facile
2471 2212 2665 2259 caetera
2696 2201 2873 2255 omnia
2902 2199 3155 2254 sciemus.
3185 2194 3337 2252 Unde
3362 2209 3492 2266 ergo

1897 2306 2013 2360 haec
2051 2296 2485 2369 comperiamus?
2527 2294 2608 2349 Ex
2652 2293 2766 2362 ipsa
2804 2289 3097 2361 Scriptura.
3149 2288 3301 2355 Quod
3348 2288 3493 2343 enim

1898 2397 2015 2451 hinc
2063 2393 2217 2449 stella
2261 2405 2368 2446 non
2413 2404 2481 2443 ex
2530 2398 2756 2441 numero
2794 2383 3053 2449 aliarum,
3098 2382 3207 2436 imo
3246 2394 3314 2435 ne
3338 2379 3493 2437 stella

1900 2487 2115 2559 quidem
2136 2490 2315 2547 esset,
2341 2488 2400 2536 ut
2426 2479 2557 2534 milii
2582 2477 2797 2547 quidem
2818 2475 3031 2530 videtur
3048 2515 3064 2541 ,
3092 2472 3187 2528 sed
3215 2471 3495 2527 invisibilis

1900 2580 2145 2653 quaedam
2170 2578 2360 2641 virtus,
2387 2588 2507 2645 quae
2533 2571 2702 2627 stella:
2728 2568 2965 2639 speciem
2997 2566 3291 2637 prmferret,
3322 2564 3497 2635 primo

1903 2674 1969 2728 ab
2016 2671 2131 2740 ejus
2174 2669 2363 2723 itinere
2409 2664 2669 2735 arguitur.
2713 2660 2868 2716 Nulla
2912 2660 3094 2725 enim,
3142 2657 3286 2712 nulla
3317 2655 3499 2725 utique

1904 2764 2059 2820 stella
2106 2769 2188 2816 est
2232 2774 2351 2829 qua:
2394 2755 2484 2812 tali
2526 2763 2714 2827 pergat
2736 2752 2820 2806 via
2851 2768 2864 2805 :
2899 2765 3021 2805 nam
3052 2757 3108 2805 et
3135 2748 3307 2803 solem
3332 2755 3385 2801 et
3412 2745 3500 2801 lii-

1908 2872 2029 2911 nam
2052 2896 2065 2918 ,
2114 2863 2171 2907 et
2210 2850 2342 2906 alias
2386 2860 2572 2903 omnes
2609 2843 2794 2900 stellas
2829 2843 2898 2898 ab
2929 2840 3136 2897 oriente
3164 2838 3406 2892 videmus
3432 2836 3502 2891 ad

1907 2948 2239 3004 occidentem
2284 2956 2509 3014 pergere
2556 2957 2569 2992 :
2602 2937 2717 2992 ιιωο
2745 2950 2872 2990 vero
2899 2932 3051 2989 stella
3082 2946 3112 2985 a
3139 2929 3503 3000 septentrione

1909 3042 1975 3096 ad
2015 3038 2291 3094 meridiem
2339 3032 2609 3089 ferebatur
2654 3048 2668 3083 :
2714 3027 3010 3084 Palaestinae
3036 3025 3230 3095 quippe
3256 3022 3343 3077 hic
3368 3022 3504 3076 situs

1910 3143 1993 3187 cst
2021 3132 2064 3186 si
2095 3127 2365 3185 Persidem
2394 3132 2625 3193 spectes.
2652 3118 2902 3176 Secundo
2920 3160 2933 3183 ,
2968 3116 3097 3171 illud
3128 3115 3287 3169 etiam
3310 3128 3339 3167 a
3366 3122 3505 3168 tem-

1915 3239 2043 3295 pore
2084 3219 2297 3291 probari
2330 3224 2524 3288 potest.
2554 3214 2739 3283 Neque
2760 3212 2903 3267 enim
2930 3217 3089 3264 noctu
3121 3214 3377 3277 apparet,
3409 3202 3505 3259 sed

1914 3318 1967 3371 in
1998 3312 2220 3369 meridie
2240 3353 2254 3377 ,
2283 3310 2496 3365 lucente
2536 3309 2651 3361 sole
2675 3320 2690 3371 ;
2732 3318 2891 3374 quam
2918 3302 3023 3356 vim
3052 3313 3150 3354 nec
3175 3297 3327 3353 stella
3352 3338 3367 3363 ,
3397 3296 3506 3350 imo

1916 3424 1984 3463 ne
2027 3409 2148 3461 luna
2192 3402 2407 3474 quidem
2456 3401 2569 3467 ipsa
2613 3397 2811 3461 habet,
2856 3408 2977 3465 qua:
3004 3392 3130 3447 licet
3155 3390 3332 3445 omnia
3360 3397 3506 3444 astra

1918 3506 2155 3566 superet,
2188 3504 2309 3549 orto
2338 3493 2467 3547 solis
2488 3490 2695 3559 fulgore
2723 3487 2903 3543 statim
2932 3482 3228 3539 occultatur
3249 3496 3346 3536 nec
3375 3496 3504 3535 con-

1915 3594 2156 3666 spicitur.
2199 3591 2325 3646 inec
2351 3605 2478 3646 vero
2503 3588 2656 3645 stella
2683 3583 2987 3658 splendoris
3010 3582 3091 3638 sui
3124 3582 3171 3635 vi
3197 3580 3357 3635 etiam
3385 3577 3514 3633 solis

1917 3688 2093 3742 radios
2116 3682 2401 3753 splendore
2420 3680 2743 3751 superabat,
2767 3677 3104 3748 majoresque
3127 3671 3405 3728 emittebat
3426 3683 3514 3723 ra-

1918 3778 2056 3832 dios.
2089 3775 2275 3831 Tertio
2300 3815 2314 3839 ,
2339 3773 2594 3844 probatur
2614 3813 2629 3835 ,
2651 3770 2793 3841 quod
2816 3784 2877 3825 ea
2908 3766 3070 3823 modo
3095 3765 3267 3821 lucem
3297 3762 3510 3818 emitte-

1918 3878 1999 3923 ret
2017 3910 2032 3933 ,
2080 3867 2241 3922 modo
2285 3873 2542 3921 cessaret.
2569 3863 2704 3918 Nam
2726 3861 3062 3919 venientibus
3091 3858 3145 3913 in
3174 3855 3510 3912 Palaestinam

1918 3962 2049 4015 luxit
2097 3979 2109 4014 ε
2160 3967 2442 4029 postquam
2488 3966 2665 4012 autem
2711 3954 3099 4025 Jerosolymam
3144 3949 3510 4009 advenerant,

1918 4068 2037 4109 sese
2075 4053 2361 4108 occultavit
2384 4049 2497 4122 (a);
2526 4049 2719 4106 deinde
2747 4047 2957 4103 Herode
2982 4046 3202 4108 relicto,
3234 4052 3511 4113 postquam

1920 4147 2069 4200 illum
2098 4145 2166 4201 de
2191 4160 2349 4200 causa
2380 4144 2584 4199 itineris
2609 4143 2888 4198 certiorem
2920 4141 3176 4203 fecerant,
3206 4140 3305 4191 iter
3330 4149 3511 4191 susce-

1920 4238 2088 4305 pturis
2107 4237 2352 4306 apparuit
2377 4253 2391 4289 :
2421 4236 2560 4305 quod
2587 4243 2732 4290 certe
2761 4249 2865 4288 non
2896 4233 3065 4287 stellm
3093 4231 3259 4285 motui
3290 4243 3511 4298 compc-

1921 4328 2021 4392 tit,
2073 4327 2167 4382 sed
2220 4327 2399 4380 virtuti
2447 4326 2794 4395 intelligentia
2846 4323 3102 4394 praeditas.
3156 4322 3339 4390 Neque
3367 4320 3513 4376 enini

1920 4420 2193 4491 proprium
2233 4418 2333 4472 sibi
2374 4433 2591 4473 cursum
2635 4416 2890 4483 habebat,
2935 4415 3027 4470 sed
3067 4414 3153 4467 ubi
3188 4411 3515 4482 pergendum

1920 4522 2029 4568 erat
2052 4553 2067 4579 ,
2095 4512 2179 4567 illa
2209 4510 2497 4581 pergebat;
2527 4511 2613 4565 ubi
2639 4509 2886 4565 standum
2908 4552 2921 4575 ,
2957 4510 3163 4573 stabat,
3224 4507 3515 4565 secundum

1920 4605 2369 4676 opportunitatem
2417 4604 2595 4658 omnia
2664 4603 3021 4672 diSpensaus;
3079 4602 3219 4656 sicut
3267 4602 3517 4657 columna

1922 4699 2009 4753 illa
2047 4696 2206 4751 nubis
2249 4711 2365 4765 qure
2419 4694 2619 4750 Judaeis
2665 4694 3032 4755 monstrabat.
3080 4693 3293 4762 quando
3339 4702 3517 4747 castra

1923 4804 2158 4854 movere,
2190 4788 2401 4858 quando
2426 4788 2613 4844 sistere
2635 4798 2909 4859 oporteret
2937 4785 3129 4857 (Exod.
3146 4788 3232 4841 15.
3255 4785 3309 4840 Ν
3312 4803 3413 4841 um.
3437 4786 3512 4854 9).

1920 4882 2122 4951 Quarto
2145 4923 2161 4949 ,
2207 4881 2275 4936 ab
2312 4881 2427 4950 ipso
2454 4878 2664 4934 lucendi
2693 4878 2851 4933 modo
2879 4878 2929 4931 id
2957 4879 3099 4933 clare
3124 4878 3368 4933 discitur.
3400 4877 3516 4932 Non

1922 4975 2065 5027 enim
2110 4972 2163 5027 in
2206 4972 2317 5027 alto
2358 4972 2491 5026 caelo
2528 4972 2813 5025 constituta
2839 5012 2854 5035 ,
2899 4984 3069 5039 neque
3096 4971 3240 5024 enim
3272 4978 3517 5038 poterant

1923 5064 2015 5118 illo
2054 5064 2214 5119 modo
2252 5062 2442 5134 dirigi,
2487 5063 2580 5118 sed
2611 5061 2818 5117 inferne
2858 5061 3088 5117 demissa
3109 5104 3124 5129 ,
3156 5062 3329 5116 locum
3361 5077 3516 5117 mou-

1991 5376 2065 5440 (a)
2099 5375 2230 5440 Quod
2251 5373 2470 5440 hicdicit
2493 5371 2877 5440 Chrysostomiis,
2897 5366 3266 5440 stellam_mag_is
3289 5384 3446 5433 usque
3471 5374 3519 5420 iu

1929 5430 2227 5489 Palm'stinam
2251 5436 2454 5493 luxisse,
2481 5442 2534 5483 et
2553 5430 2663 5483 cum
2680 5430 3025 5494 Jerosolymam
3048 5430 3205 5479 adven
3212 5430 3384 5490 issent,
3402 5447 3519 5482 sese

1930 5500 2228 5558 occultasse,
2254 5511 2352 5547 non
2375 5496 2567 5545 videtur
2587 5506 2855 5558 consonare
2877 5506 2987 5542 cum
3011 5494 3272 5558 Evangelia
3296 5496 3518 5558 Mat_th.2,

1931 5564 1979 5623 9,
2004 5563 2081 5621 10,
2098 5561 2183 5623 ubi
2202 5553 2382 5621 legitur
2407 5574 2419 5607 :
2448 5562 2635 5623 tgtecce
2651 5555 2809 5613 stella,
2829 5568 2985 5623 quant
2997 5553 3221 5623 viderant
3239 5556 3293 5623 in
3314 5553 3515 5611 oriente;

1933 5614 2396 5675 antecedebatéos...
2425 5618 2649 5671 Videntes
2680 5614 2852 5668 autem"
2877 5614 3063 5668 stellam
3097 5616 3248 5682 gavisi
3272 5625 3380 5668 sunt
3404 5632 3520 5681 gau-

1934 5687 2014 5738 dio
2036 5697 2208 5750 magno
2230 5684 2389 5746 valde,
2425 5690 2521 5732 etc.
