  <div class='ocr_page' id='page_1' title='image "/cluster/home/n/w/nwhite01/storage/ocr_20150623/57/nnc1.0046980075/077.png"; bbox 0 0 4078 6372; ppageno 0'>
   <div class='ocr_carea' id='block_1_1' title="bbox 592 300 3886 376">
    <p class='ocr_par' dir='ltr' id='par_1_1' title="bbox 592 300 3886 376">
     <span class='ocr_line' id='line_1_1' title="bbox 592 300 3886 376; baseline 0.002 -9"><span class='ocrx_word' id='word_1_1' title='bbox 592 300 670 355; x_wconf 73' lang='lat'><strong>’65</strong></span> <span class='ocrx_word' id='word_1_2' title='bbox 1307 308 1366 369; x_wconf 90' lang='lat' dir='ltr'><strong>S.</strong></span> <span class='ocrx_word' id='word_1_3' title='bbox 1403 311 1683 370; x_wconf 80' lang='lat' dir='ltr'><strong>JOANNIS</strong></span> <span class='ocrx_word' id='word_1_4' title='bbox 1717 311 2191 373; x_wconf 77' lang='lat' dir='ltr'><strong>CHRYSOSTOMI</strong></span> <span class='ocrx_word' id='word_1_5' title='bbox 2224 313 2542 374; x_wconf 79' lang='lat' dir='ltr'><strong>ARCHIEP.</strong></span> <span class='ocrx_word' id='word_1_6' title='bbox 2581 314 3115 376; x_wconf 80' lang='lat' dir='ltr'><strong>CONSTANTINOP.</strong></span> <span class='ocrx_word' id='word_1_7' title='bbox 3817 319 3886 375; x_wconf 84' lang='lat'><strong>66</strong></span> 
     </span>
    </p>
   </div>
   <div class='ocr_carea' id='block_1_2' title="bbox 593 422 2197 495">
    <p class='ocr_par' dir='ltr' id='par_1_2' title="bbox 593 422 2197 495">
     <span class='ocr_line' id='line_1_2' title="bbox 593 422 2197 495; baseline 0 -14"><span class='ocrx_word' id='word_1_8' title='bbox 593 423 830 481; x_wconf 74' lang='lat' dir='ltr'><strong>strabat.</strong></span> <span class='ocrx_word' id='word_1_9' title='bbox 875 422 1057 480; x_wconf 89' lang='lat' dir='ltr'><strong>Nostis</strong></span> <span class='ocrx_word' id='word_1_10' title='bbox 1103 423 1246 479; x_wconf 88' lang='lat' dir='ltr'><strong>enim</strong></span> <span class='ocrx_word' id='word_1_11' title='bbox 1293 439 1401 479; x_wconf 92' lang='lat' dir='ltr'><strong>non</strong></span> <span class='ocrx_word' id='word_1_12' title='bbox 1450 437 1608 495; x_wconf 90' lang='lat' dir='ltr'><strong>posse</strong></span> <span class='ocrx_word' id='word_1_13' title='bbox 1654 423 1867 480; x_wconf 76' lang='lat' dir='ltr'><strong>stellam</strong></span> <span class='ocrx_word' id='word_1_14' title='bbox 1913 423 2090 480; x_wconf 90' lang='lat' dir='ltr'><strong>locum</strong></span> <span class='ocrx_word' id='word_1_15' title='bbox 2126 426 2197 481; x_wconf 88' lang='lat' dir='ltr'><strong>ita</strong></span> 
     </span>
    </p>
   </div>
   <div class='ocr_carea' id='block_1_3' title="bbox 597 517 2199 590">
    <p class='ocr_par' dir='ltr' id='par_1_3' title="bbox 597 517 2199 590">
     <span class='ocr_line' id='line_1_3' title="bbox 597 517 2199 590; baseline 0.001 -18"><span class='ocrx_word' id='word_1_16' title='bbox 597 531 822 590; x_wconf 86' lang='lat' dir='ltr'><strong>parvum</strong></span> <span class='ocrx_word' id='word_1_17' title='bbox 867 525 1209 584; x_wconf 90' lang='lat' dir='ltr'><strong>monstrare,</strong></span> <span class='ocrx_word' id='word_1_18' title='bbox 1256 517 1348 588; x_wconf 88' lang='lat' dir='ltr'><strong>qui</strong></span> <span class='ocrx_word' id='word_1_19' title='bbox 1393 517 1657 588; x_wconf 88' lang='lat' dir='ltr'><strong>tugurium</strong></span> <span class='ocrx_word' id='word_1_20' title='bbox 1701 517 2039 585; x_wconf 77' lang='lat' dir='ltr'><strong>contineret;</strong></span> <span class='ocrx_word' id='word_1_21' title='bbox 2088 518 2199 574; x_wconf 92' lang='lat' dir='ltr'><strong>imo</strong></span> 
     </span>
    </p>
   </div>
   <div class='ocr_carea' id='block_1_4' title="bbox 595 606 2196 680">
    <p class='ocr_par' dir='ltr' id='par_1_4' title="bbox 595 606 2196 680">
     <span class='ocr_line' id='line_1_4' title="bbox 595 606 2196 680; baseline 0.001 -15"><span class='ocrx_word' id='word_1_22' title='bbox 595 608 775 665; x_wconf 80' lang='lat' dir='ltr'><strong>locum</strong></span> <span class='ocrx_word' id='word_1_23' title='bbox 810 608 902 680; x_wconf 90' lang='lat' dir='ltr'><strong>qui</strong></span> <span class='ocrx_word' id='word_1_24' title='bbox 930 623 1127 679; x_wconf 90' lang='lat' dir='ltr'><strong>corpus</strong></span> <span class='ocrx_word' id='word_1_25' title='bbox 1153 606 1397 663; x_wconf 75' lang='lat' dir='ltr'><strong>iniantuli</strong></span> <span class='ocrx_word' id='word_1_26' title='bbox 1423 623 1616 678; x_wconf 82' lang='lat' dir='ltr'><strong>capere</strong></span> <span class='ocrx_word' id='word_1_27' title='bbox 1646 617 1869 679; x_wconf 87' lang='lat' dir='ltr'><strong>posset:</strong></span> <span class='ocrx_word' id='word_1_28' title='bbox 1899 608 2023 680; x_wconf 82' lang='lat' dir='ltr'><strong>quia</strong></span> <span class='ocrx_word' id='word_1_29' title='bbox 2050 611 2196 666; x_wconf 88' lang='lat' dir='ltr'><strong>enim</strong></span> 
     </span>
    </p>
   </div>
   <div class='ocr_carea' id='block_1_5' title="bbox 593 701 2194 771">
    <p class='ocr_par' dir='ltr' id='par_1_5' title="bbox 593 701 2194 771">
     <span class='ocr_line' id='line_1_5' title="bbox 593 701 2194 771; baseline -0.001 -11"><span class='ocrx_word' id='word_1_30' title='bbox 593 704 856 760; x_wconf 79' lang='lat' dir='ltr'><strong>immensa</strong></span> <span class='ocrx_word' id='word_1_31' title='bbox 891 710 1020 757; x_wconf 84' lang='lat' dir='ltr'><strong>erat</strong></span> <span class='ocrx_word' id='word_1_32' title='bbox 1059 701 1284 756; x_wconf 89' lang='lat' dir='ltr'><strong>altitudo</strong></span> <span class='ocrx_word' id='word_1_33' title='bbox 1308 743 1324 768; x_wconf 89' lang='lat'><strong>,</strong></span> <span class='ocrx_word' id='word_1_34' title='bbox 1373 716 1481 756; x_wconf 91' lang='lat' dir='ltr'><strong>non</strong></span> <span class='ocrx_word' id='word_1_35' title='bbox 1528 710 1740 771; x_wconf 85' lang='lat' dir='ltr'><strong>poterat</strong></span> <span class='ocrx_word' id='word_1_36' title='bbox 1781 702 1936 758; x_wconf 85' lang='lat' dir='ltr'><strong>stella</strong></span> <span class='ocrx_word' id='word_1_37' title='bbox 1964 711 2072 758; x_wconf 89' lang='lat' dir='ltr'><strong>tam</strong></span> <span class='ocrx_word' id='word_1_38' title='bbox 2093 717 2194 758; x_wconf 83' lang='lat' dir='ltr'><strong>an-</strong></span> 
     </span>
    </p>
   </div>
   <div class='ocr_carea' id='block_1_6' title="bbox 593 793 2196 866">
    <p class='ocr_par' dir='ltr' id='par_1_6' title="bbox 593 793 2196 866">
     <span class='ocr_line' id='line_1_6' title="bbox 593 793 2196 866; baseline 0.001 -18"><span class='ocrx_word' id='word_1_39' title='bbox 593 805 810 866; x_wconf 87' lang='lat' dir='ltr'><strong>gustum</strong></span> <span class='ocrx_word' id='word_1_40' title='bbox 867 794 1045 848; x_wconf 92' lang='lat' dir='ltr'><strong>locum</strong></span> <span class='ocrx_word' id='word_1_41' title='bbox 1100 793 1338 849; x_wconf 90' lang='lat' dir='ltr'><strong>indicare</strong></span> <span class='ocrx_word' id='word_1_42' title='bbox 1386 794 1690 850; x_wconf 90' lang='lat' dir='ltr'><strong>volentibus</strong></span> <span class='ocrx_word' id='word_1_43' title='bbox 1743 793 1998 850; x_wconf 86' lang='lat' dir='ltr'><strong>invisere.</strong></span> <span class='ocrx_word' id='word_1_44' title='bbox 2057 794 2196 851; x_wconf 90' lang='lat' dir='ltr'><strong>Illud</strong></span> 
     </span>
    </p>
   </div>
   <div class='ocr_carea' id='block_1_7' title="bbox 598 885 2198 957">
    <p class='ocr_par' dir='ltr' id='par_1_7' title="bbox 598 885 2198 957">
     <span class='ocr_line' id='line_1_7' title="bbox 598 885 2198 957; baseline 0.003 -17"><span class='ocrx_word' id='word_1_45' title='bbox 598 901 727 942; x_wconf 87' lang='lat' dir='ltr'><strong>vero</strong></span> <span class='ocrx_word' id='word_1_46' title='bbox 752 901 816 941; x_wconf 85' lang='lat' dir='ltr'><strong>ex</strong></span> <span class='ocrx_word' id='word_1_47' title='bbox 851 885 962 956; x_wconf 90' lang='lat' dir='ltr'><strong>ipsa</strong></span> <span class='ocrx_word' id='word_1_48' title='bbox 993 886 1117 941; x_wconf 90' lang='lat' dir='ltr'><strong>luna</strong></span> <span class='ocrx_word' id='word_1_49' title='bbox 1144 885 1551 956; x_wconf 84' lang='lat' dir='ltr'><strong>deprehendere</strong></span> <span class='ocrx_word' id='word_1_50' title='bbox 1575 897 1659 942; x_wconf 91' lang='lat' dir='ltr'><strong>est</strong></span> <span class='ocrx_word' id='word_1_51' title='bbox 1683 903 1696 940; x_wconf 88' lang='lat'><strong>:</strong></span> <span class='ocrx_word' id='word_1_52' title='bbox 1718 901 1840 957; x_wconf 70' lang='lat' dir='ltr'><strong>quae</strong></span> <span class='ocrx_word' id='word_1_53' title='bbox 1864 902 1988 943; x_wconf 89' lang='lat' dir='ltr'><strong>eum</strong></span> <span class='ocrx_word' id='word_1_54' title='bbox 2010 886 2198 945; x_wconf 82' lang='lat' dir='ltr'><strong>stellas</strong></span> 
     </span>
    </p>
   </div>
   <div class='ocr_carea' id='block_1_8' title="bbox 593 978 2194 1050">
    <p class='ocr_par' dir='ltr' id='par_1_8' title="bbox 593 978 2194 1050">
     <span class='ocr_line' id='line_1_8' title="bbox 593 978 2194 1050; baseline 0.003 -19"><span class='ocrx_word' id='word_1_55' title='bbox 593 991 783 1032; x_wconf 89' lang='lat' dir='ltr'><strong>omnes</strong></span> <span class='ocrx_word' id='word_1_56' title='bbox 809 985 1013 1031; x_wconf 90' lang='lat' dir='ltr'><strong>tantum</strong></span> <span class='ocrx_word' id='word_1_57' title='bbox 1041 986 1281 1049; x_wconf 89' lang='lat' dir='ltr'><strong>superet,</strong></span> <span class='ocrx_word' id='word_1_58' title='bbox 1311 978 1578 1035; x_wconf 88' lang='lat' dir='ltr'><strong>universis</strong></span> <span class='ocrx_word' id='word_1_59' title='bbox 1607 978 1794 1035; x_wconf 89' lang='lat' dir='ltr'><strong>orbem</strong></span> <span class='ocrx_word' id='word_1_60' title='bbox 1817 979 2194 1050; x_wconf 84' lang='lat' dir='ltr'><strong>incolentibus,</strong></span> 
     </span>
    </p>
   </div>
   <div class='ocr_carea' id='block_1_9' title="bbox 594 1067 2198 1140">
    <p class='ocr_par' dir='ltr' id='par_1_9' title="bbox 594 1067 2198 1140">
     <span class='ocr_line' id='line_1_9' title="bbox 594 1067 2198 1140; baseline 0.005 -18"><span class='ocrx_word' id='word_1_61' title='bbox 594 1076 652 1122; x_wconf 92' lang='lat' dir='ltr'><strong>et</strong></span> <span class='ocrx_word' id='word_1_62' title='bbox 687 1067 739 1122; x_wconf 93' lang='lat' dir='ltr'><strong>in</strong></span> <span class='ocrx_word' id='word_1_63' title='bbox 770 1075 913 1122; x_wconf 91' lang='lat' dir='ltr'><strong>tanta</strong></span> <span class='ocrx_word' id='word_1_64' title='bbox 945 1077 1102 1124; x_wconf 61' lang='lat' dir='ltr'><strong>terra:</strong></span> <span class='ocrx_word' id='word_1_65' title='bbox 1128 1069 1410 1125; x_wconf 91' lang='lat' dir='ltr'><strong>latitudine</strong></span> <span class='ocrx_word' id='word_1_66' title='bbox 1433 1070 1638 1126; x_wconf 82' lang='lat' dir='ltr'><strong>diti&#39;usis</strong></span> <span class='ocrx_word' id='word_1_67' title='bbox 1657 1111 1676 1140; x_wconf 96' lang='lat'><strong>,</strong></span> <span class='ocrx_word' id='word_1_68' title='bbox 1705 1071 1878 1127; x_wconf 88' lang='lat' dir='ltr'><strong>vicina</strong></span> <span class='ocrx_word' id='word_1_69' title='bbox 1903 1087 2022 1128; x_wconf 91' lang='lat' dir='ltr'><strong>esse</strong></span> <span class='ocrx_word' id='word_1_70' title='bbox 2047 1073 2198 1130; x_wconf 88' lang='lat' dir='ltr'><strong>vide-</strong></span> 
     </span>
    </p>
   </div>
   <div class='ocr_carea' id='block_1_10' title="bbox 595 1158 2194 1236">
    <p class='ocr_par' dir='ltr' id='par_1_10' title="bbox 595 1158 2194 1236">
     <span class='ocr_line' id='line_1_10' title="bbox 595 1158 2194 1236; baseline 0.005 -23"><span class='ocrx_word' id='word_1_71' title='bbox 595 1168 702 1213; x_wconf 91' lang='lat' dir='ltr'><strong>tur.</strong></span> <span class='ocrx_word' id='word_1_72' title='bbox 757 1158 1035 1226; x_wconf 86' lang='lat' dir='ltr'><strong>Quomodo</strong></span> <span class='ocrx_word' id='word_1_73' title='bbox 1076 1161 1278 1230; x_wconf 84' lang='lat' dir='ltr'><strong>igitur,</strong></span> <span class='ocrx_word' id='word_1_74' title='bbox 1323 1176 1540 1232; x_wconf 83' lang='lat' dir='ltr'><strong>quaeso,</strong></span> <span class='ocrx_word' id='word_1_75' title='bbox 1587 1163 1762 1218; x_wconf 93' lang='lat' dir='ltr'><strong>locum</strong></span> <span class='ocrx_word' id='word_1_76' title='bbox 1806 1165 1880 1219; x_wconf 88' lang='lat' dir='ltr'><strong>ita</strong></span> <span class='ocrx_word' id='word_1_77' title='bbox 1909 1173 2194 1236; x_wconf 86' lang='lat' dir='ltr'><strong>angustum</strong></span> 
     </span>
    </p>
   </div>
   <div class='ocr_carea' id='block_1_11' title="bbox 594 1254 2193 1324">
    <p class='ocr_par' dir='ltr' id='par_1_11' title="bbox 594 1254 2193 1324">
     <span class='ocr_line' id='line_1_11' title="bbox 594 1254 2193 1324; baseline 0.005 -18"><span class='ocrx_word' id='word_1_78' title='bbox 594 1254 856 1323; x_wconf 60' lang='lat' dir='ltr'><strong>praesepis</strong></span> <span class='ocrx_word' id='word_1_79' title='bbox 884 1263 938 1309; x_wconf 92' lang='lat' dir='ltr'><strong>et</strong></span> <span class='ocrx_word' id='word_1_80' title='bbox 967 1254 1161 1324; x_wconf 68' lang='lat' dir='ltr'><strong>tuguroii</strong></span> <span class='ocrx_word' id='word_1_81' title='bbox 1192 1255 1347 1310; x_wconf 84' lang='lat' dir='ltr'><strong>stella</strong></span> <span class='ocrx_word' id='word_1_82' title='bbox 1377 1254 1705 1311; x_wconf 87' lang='lat' dir='ltr'><strong>ostendisset</strong></span> <span class='ocrx_word' id='word_1_83' title='bbox 1731 1271 1746 1322; x_wconf 90' lang='lat'><strong>;</strong></span> <span class='ocrx_word' id='word_1_84' title='bbox 1776 1257 1878 1312; x_wconf 90' lang='lat' dir='ltr'><strong>nisi</strong></span> <span class='ocrx_word' id='word_1_85' title='bbox 1899 1257 2081 1314; x_wconf 89' lang='lat' dir='ltr'><strong>relicta</strong></span> <span class='ocrx_word' id='word_1_86' title='bbox 2104 1257 2193 1314; x_wconf 91' lang='lat' dir='ltr'><strong>illa</strong></span> 
     </span>
    </p>
   </div>
   <div class='ocr_carea' id='block_1_12' title="bbox 585 1347 2190 1420">
    <p class='ocr_par' dir='ltr' id='par_1_12' title="bbox 585 1347 2190 1420">
     <span class='ocr_line' id='line_1_12' title="bbox 585 1347 2190 1420; baseline 0.003 -18"><span class='ocrx_word' id='word_1_87' title='bbox 585 1347 914 1403; x_wconf 89' lang='lat' dir='ltr'><strong>celsitudine</strong></span> <span class='ocrx_word' id='word_1_88' title='bbox 957 1348 1024 1402; x_wconf 91' lang='lat' dir='ltr'><strong>ad</strong></span> <span class='ocrx_word' id='word_1_89' title='bbox 1053 1349 1302 1403; x_wconf 83' lang='lat' dir='ltr'><strong>interiora</strong></span> <span class='ocrx_word' id='word_1_90' title='bbox 1331 1347 1698 1404; x_wconf 89' lang='lat' dir='ltr'><strong>descendisset</strong></span> <span class='ocrx_word' id='word_1_91' title='bbox 1719 1390 1735 1415; x_wconf 95' lang='lat'><strong>,</strong></span> <span class='ocrx_word' id='word_1_92' title='bbox 1763 1357 1819 1404; x_wconf 90' lang='lat' dir='ltr'><strong>et</strong></span> <span class='ocrx_word' id='word_1_93' title='bbox 1840 1364 2003 1420; x_wconf 82' lang='lat' dir='ltr'><strong>supra</strong></span> <span class='ocrx_word' id='word_1_94' title='bbox 2027 1360 2190 1420; x_wconf 87' lang='lat' dir='ltr'><strong>caput</strong></span> 
     </span>
    </p>
   </div>
   <div class='ocr_carea' id='block_1_13' title="bbox 590 1437 2193 1514">
    <p class='ocr_par' dir='ltr' id='par_1_13' title="bbox 590 1437 2193 1514">
     <span class='ocr_line' id='line_1_13' title="bbox 590 1437 2193 1514; baseline 0.005 -22"><span class='ocrx_word' id='word_1_95' title='bbox 590 1437 768 1508; x_wconf 88' lang='lat' dir='ltr'><strong>ipsum</strong></span> <span class='ocrx_word' id='word_1_96' title='bbox 811 1440 959 1510; x_wconf 91' lang='lat' dir='ltr'><strong>pueri</strong></span> <span class='ocrx_word' id='word_1_97' title='bbox 1006 1440 1285 1495; x_wconf 89' lang='lat' dir='ltr'><strong>stetisset?</strong></span> <span class='ocrx_word' id='word_1_98' title='bbox 1323 1440 1474 1508; x_wconf 80' lang='lat' dir='ltr'><strong>Quod</strong></span> <span class='ocrx_word' id='word_1_99' title='bbox 1501 1441 1845 1497; x_wconf 90' lang='lat' dir='ltr'><strong>subindieans</strong></span> <span class='ocrx_word' id='word_1_100' title='bbox 1867 1444 2193 1514; x_wconf 81' lang='lat' dir='ltr'><strong>evangelista</strong></span> 
     </span>
    </p>
   </div>
   <div class='ocr_carea' id='block_1_14' title="bbox 588 1532 2188 1605">
    <p class='ocr_par' dir='ltr' id='par_1_14' title="bbox 588 1532 2188 1605">
     <span class='ocr_line' id='line_1_14' title="bbox 588 1532 2188 1605; baseline 0.003 -18"><span class='ocrx_word' id='word_1_101' title='bbox 588 1532 806 1588; x_wconf 82' lang='lat' dir='ltr'><strong>dicebat</strong></span> <span class='ocrx_word' id='word_1_102' title='bbox 833 1551 846 1586; x_wconf 92' lang='lat'>:</span> <span class='ocrx_word' id='word_1_103' title='bbox 878 1533 932 1588; x_wconf 88' lang='lat'><strong>9.</strong></span> <span class='ocrx_word' id='word_1_104' title='bbox 965 1532 1096 1598; x_wconf 85' lang='lat' dir='ltr'><strong>Ecce</strong></span> <span class='ocrx_word' id='word_1_105' title='bbox 1116 1534 1264 1587; x_wconf 83' lang='lat' dir='ltr'><strong>stella</strong></span> <span class='ocrx_word' id='word_1_106' title='bbox 1281 1535 1598 1588; x_wconf 78' lang='lat' dir='ltr'><strong>antecedebat</strong></span> <span class='ocrx_word' id='word_1_107' title='bbox 1626 1552 1710 1590; x_wconf 86' lang='lat' dir='ltr'><strong>eos</strong></span> <span class='ocrx_word' id='word_1_108' title='bbox 1729 1575 1744 1599; x_wconf 90' lang='lat'><strong>,</strong></span> <span class='ocrx_word' id='word_1_109' title='bbox 1776 1552 1930 1605; x_wconf 86' lang='lat' dir='ltr'><strong>usque</strong></span> <span class='ocrx_word' id='word_1_110' title='bbox 1953 1537 2076 1591; x_wconf 88' lang='lat' dir='ltr'><strong>dum</strong></span> <span class='ocrx_word' id='word_1_111' title='bbox 2098 1553 2188 1592; x_wconf 75' lang='lat' dir='ltr'><strong>ue-</strong></span> 
     </span>
    </p>
   </div>
   <div class='ocr_carea' id='block_1_15' title="bbox 595 1623 2192 1699">
    <p class='ocr_par' dir='ltr' id='par_1_15' title="bbox 595 1623 2192 1699">
     <span class='ocr_line' id='line_1_15' title="bbox 595 1623 2192 1699; baseline 0.006 -23"><span class='ocrx_word' id='word_1_112' title='bbox 595 1623 739 1677; x_wconf 85' lang='lat' dir='ltr'><strong>niens</strong></span> <span class='ocrx_word' id='word_1_113' title='bbox 767 1633 920 1678; x_wconf 80' lang='lat' dir='ltr'><strong>staret</strong></span> <span class='ocrx_word' id='word_1_114' title='bbox 946 1641 1106 1694; x_wconf 89' lang='lat' dir='ltr'><strong>supra</strong></span> <span class='ocrx_word' id='word_1_115' title='bbox 1124 1625 1206 1679; x_wconf 90' lang='lat' dir='ltr'><strong>ubi</strong></span> <span class='ocrx_word' id='word_1_116' title='bbox 1229 1636 1336 1679; x_wconf 85' lang='lat' dir='ltr'><strong>erat</strong></span> <span class='ocrx_word' id='word_1_117' title='bbox 1359 1642 1502 1696; x_wconf 85' lang='lat' dir='ltr'><strong>puer.</strong></span> <span class='ocrx_word' id='word_1_118' title='bbox 1535 1626 1724 1682; x_wconf 77' lang='lat' dir='ltr'><strong>Viden’</strong></span> <span class='ocrx_word' id='word_1_119' title='bbox 1752 1637 1882 1698; x_wconf 88' lang='lat' dir='ltr'><strong>quot</strong></span> <span class='ocrx_word' id='word_1_120' title='bbox 1901 1643 2192 1699; x_wconf 82' lang='lat' dir='ltr'><strong>argumen-</strong></span> 
     </span>
    </p>
   </div>
   <div class='ocr_carea' id='block_1_16' title="bbox 596 1716 2192 1786">
    <p class='ocr_par' dir='ltr' id='par_1_16' title="bbox 596 1716 2192 1786">
     <span class='ocr_line' id='line_1_16' title="bbox 596 1716 2192 1786; baseline 0.006 -17"><span class='ocrx_word' id='word_1_121' title='bbox 596 1716 665 1770; x_wconf 89' lang='lat' dir='ltr'><strong>tis</strong></span> <span class='ocrx_word' id='word_1_122' title='bbox 705 1716 960 1786; x_wconf 86' lang='lat' dir='ltr'><strong>probatur</strong></span> <span class='ocrx_word' id='word_1_123' title='bbox 987 1717 1128 1772; x_wconf 91' lang='lat' dir='ltr'><strong>hanc</strong></span> <span class='ocrx_word' id='word_1_124' title='bbox 1153 1718 1361 1773; x_wconf 83' lang='lat' dir='ltr'><strong>stellam</strong></span> <span class='ocrx_word' id='word_1_125' title='bbox 1385 1733 1494 1774; x_wconf 92' lang='lat' dir='ltr'><strong>non</strong></span> <span class='ocrx_word' id='word_1_126' title='bbox 1522 1719 1688 1777; x_wconf 79' lang='lat' dir='ltr'><strong>fuisse</strong></span> <span class='ocrx_word' id='word_1_127' title='bbox 1715 1736 1781 1776; x_wconf 80' lang='lat' dir='ltr'><strong>ex</strong></span> <span class='ocrx_word' id='word_1_128' title='bbox 1806 1736 2034 1780; x_wconf 91' lang='lat' dir='ltr'><strong>numero</strong></span> <span class='ocrx_word' id='word_1_129' title='bbox 2058 1722 2192 1778; x_wconf 89' lang='lat' dir='ltr'><strong>alia-</strong></span> 
     </span>
    </p>
   </div>
   <div class='ocr_carea' id='block_1_17' title="bbox 594 1808 2192 1884">
    <p class='ocr_par' dir='ltr' id='par_1_17' title="bbox 594 1808 2192 1884">
     <span class='ocr_line' id='line_1_17' title="bbox 594 1808 2192 1884; baseline 0.006 -23"><span class='ocrx_word' id='word_1_130' title='bbox 594 1822 712 1861; x_wconf 88' lang='lat' dir='ltr'><strong>rum</strong></span> <span class='ocrx_word' id='word_1_131' title='bbox 753 1825 767 1862; x_wconf 90' lang='lat'><strong>:</strong></span> <span class='ocrx_word' id='word_1_132' title='bbox 810 1823 984 1878; x_wconf 89' lang='lat' dir='ltr'><strong>neque</strong></span> <span class='ocrx_word' id='word_1_133' title='bbox 1007 1808 1302 1865; x_wconf 90' lang='lat' dir='ltr'><strong>secundum</strong></span> <span class='ocrx_word' id='word_1_134' title='bbox 1331 1810 1526 1866; x_wconf 87' lang='lat' dir='ltr'><strong>seriem</strong></span> <span class='ocrx_word' id='word_1_135' title='bbox 1555 1821 1791 1867; x_wconf 65' lang='lat' dir='ltr'><strong>externae</strong></span> <span class='ocrx_word' id='word_1_136' title='bbox 1813 1811 1957 1868; x_wconf 93' lang='lat' dir='ltr'><strong>illius</strong></span> <span class='ocrx_word' id='word_1_137' title='bbox 1978 1814 2192 1884; x_wconf 83' lang='lat' dir='ltr'><strong>genesis</strong></span> 
     </span>
    </p>
   </div>
   <div class='ocr_carea' id='block_1_18' title="bbox 593 1898 946 1970">
    <p class='ocr_par' dir='ltr' id='par_1_18' title="bbox 593 1898 946 1970">
     <span class='ocr_line' id='line_1_18' title="bbox 593 1898 946 1970; baseline 0.011 -20"><span class='ocrx_word' id='word_1_138' title='bbox 593 1898 904 1970; x_wconf 81' lang='lat' dir='ltr'><strong>apparuisse</strong></span> <span class='ocrx_word' id='word_1_139' title='bbox 921 1899 946 1954; x_wconf 68' lang='grc' dir='ltr'><strong>’ἶ</strong></span> 
     </span>
    </p>
   </div>
   <div class='ocr_carea' id='block_1_19' title="bbox 656 2045 2184 2119">
    <p class='ocr_par' dir='ltr' id='par_1_19' title="bbox 656 2045 2184 2119">
     <span class='ocr_line' id='line_1_19' title="bbox 656 2045 2184 2119; baseline 0.001 -19"><span class='ocrx_word' id='word_1_140' title='bbox 656 2046 710 2100; x_wconf 82' lang='grc'><strong>5.</strong></span> <span class='ocrx_word' id='word_1_141' title='bbox 737 2045 902 2100; x_wconf 85' lang='lat' dir='ltr'><strong>Stella</strong></span> <span class='ocrx_word' id='word_1_142' title='bbox 922 2062 1013 2099; x_wconf 86' lang='lat' dir='ltr'><strong>cur</strong></span> <span class='ocrx_word' id='word_1_143' title='bbox 1032 2046 1290 2118; x_wconf 80' lang='lat' dir='ltr'><strong>apparuit.</strong></span> <span class='ocrx_word' id='word_1_144' title='bbox 1309 2077 1379 2086; x_wconf 96' lang='lat'><strong><em>—</em></strong></span> <span class='ocrx_word' id='word_1_145' title='bbox 1398 2046 1508 2101; x_wconf 90' lang='lat' dir='ltr'><strong>Cur</strong></span> <span class='ocrx_word' id='word_1_146' title='bbox 1532 2062 1662 2119; x_wconf 88' lang='lat' dir='ltr'><strong>ergo</strong></span> <span class='ocrx_word' id='word_1_147' title='bbox 1682 2047 1969 2118; x_wconf 84' lang='lat' dir='ltr'><strong>apparuit?</strong></span> <span class='ocrx_word' id='word_1_148' title='bbox 1997 2047 2066 2103; x_wconf 92' lang='lat' dir='ltr'><strong>Ut</strong></span> <span class='ocrx_word' id='word_1_149' title='bbox 2089 2047 2184 2102; x_wconf 83' lang='lat' dir='ltr'><strong>Ju-</strong></span> 
     </span>
    </p>
   </div>
   <div class='ocr_carea' id='block_1_20' title="bbox 583 2136 2183 2208">
    <p class='ocr_par' dir='ltr' id='par_1_20' title="bbox 583 2136 2183 2208">
     <span class='ocr_line' id='line_1_20' title="bbox 583 2136 2183 2208; baseline -0.001 -17"><span class='ocrx_word' id='word_1_150' title='bbox 583 2136 825 2192; x_wconf 83' lang='lat' dir='ltr'><strong>daeorum</strong></span> <span class='ocrx_word' id='word_1_151' title='bbox 873 2137 1235 2208; x_wconf 91' lang='lat' dir='ltr'><strong>stupiditatem</strong></span> <span class='ocrx_word' id='word_1_152' title='bbox 1277 2137 1570 2192; x_wconf 88' lang='lat' dir='ltr'><strong>incesseret</strong></span> <span class='ocrx_word' id='word_1_153' title='bbox 1593 2179 1608 2203; x_wconf 96' lang='lat'><strong>,</strong></span> <span class='ocrx_word' id='word_1_154' title='bbox 1634 2145 1793 2208; x_wconf 89' lang='lat' dir='ltr'><strong>atque</strong></span> <span class='ocrx_word' id='word_1_155' title='bbox 1820 2137 2040 2208; x_wconf 80' lang='lat' dir='ltr'><strong>ingratis</strong></span> <span class='ocrx_word' id='word_1_156' title='bbox 2070 2137 2183 2192; x_wconf 84' lang='lat' dir='ltr'><strong>adi-</strong></span> 
     </span>
    </p>
   </div>
   <div class='ocr_carea' id='block_1_21' title="bbox 585 2227 2184 2294">
    <p class='ocr_par' dir='ltr' id='par_1_21' title="bbox 585 2227 2184 2294">
     <span class='ocr_line' id='line_1_21' title="bbox 585 2227 2184 2294; baseline 0.001 -13"><span class='ocrx_word' id='word_1_157' title='bbox 585 2237 760 2282; x_wconf 85' lang='lat' dir='ltr'><strong>meret</strong></span> <span class='ocrx_word' id='word_1_158' title='bbox 803 2242 1020 2283; x_wconf 89' lang='lat' dir='ltr'><strong>omnem</strong></span> <span class='ocrx_word' id='word_1_159' title='bbox 1062 2227 1390 2283; x_wconf 80' lang='lat' dir='ltr'><strong>defensionis</strong></span> <span class='ocrx_word' id='word_1_160' title='bbox 1434 2242 1641 2281; x_wconf 85' lang='lat' dir='ltr'><strong>ansam.</strong></span> <span class='ocrx_word' id='word_1_161' title='bbox 1685 2227 1819 2294; x_wconf 85' lang='lat' dir='ltr'><strong>Quia</strong></span> <span class='ocrx_word' id='word_1_162' title='bbox 1853 2227 1996 2283; x_wconf 90' lang='lat' dir='ltr'><strong>enim</strong></span> <span class='ocrx_word' id='word_1_163' title='bbox 2027 2227 2184 2282; x_wconf 82' lang='lat' dir='ltr'><strong>adve-</strong></span> 
     </span>
    </p>
   </div>
   <div class='ocr_carea' id='block_1_22' title="bbox 591 2320 2184 2392">
    <p class='ocr_par' dir='ltr' id='par_1_22' title="bbox 591 2320 2184 2392">
     <span class='ocr_line' id='line_1_22' title="bbox 591 2320 2184 2392; baseline 0.003 -18"><span class='ocrx_word' id='word_1_164' title='bbox 591 2321 749 2375; x_wconf 88' lang='lat' dir='ltr'><strong>niens</strong></span> <span class='ocrx_word' id='word_1_165' title='bbox 776 2320 867 2376; x_wconf 90' lang='lat' dir='ltr'><strong>ille</strong></span> <span class='ocrx_word' id='word_1_166' title='bbox 893 2330 1046 2376; x_wconf 89' lang='lat' dir='ltr'><strong>vetus</strong></span> <span class='ocrx_word' id='word_1_167' title='bbox 1075 2321 1377 2375; x_wconf 89' lang='lat' dir='ltr'><strong>institutum</strong></span> <span class='ocrx_word' id='word_1_168' title='bbox 1407 2320 1776 2390; x_wconf 88' lang='lat' dir='ltr'><strong>abrogaturus,</strong></span> <span class='ocrx_word' id='word_1_169' title='bbox 1803 2321 2092 2392; x_wconf 89' lang='lat' dir='ltr'><strong>orbemque</strong></span> <span class='ocrx_word' id='word_1_170' title='bbox 2117 2320 2184 2379; x_wconf 85' lang='lat' dir='ltr'><strong>ad</strong></span> 
     </span>
    </p>
   </div>
   <div class='ocr_carea' id='block_1_23' title="bbox 591 2413 2186 2486">
    <p class='ocr_par' dir='ltr' id='par_1_23' title="bbox 591 2413 2186 2486">
     <span class='ocr_line' id='line_1_23' title="bbox 591 2413 2186 2486; baseline 0.003 -18"><span class='ocrx_word' id='word_1_171' title='bbox 591 2429 757 2469; x_wconf 90' lang='lat' dir='ltr'><strong>unum</strong></span> <span class='ocrx_word' id='word_1_172' title='bbox 802 2414 1159 2484; x_wconf 86' lang='lat' dir='ltr'><strong>eumdemque</strong></span> <span class='ocrx_word' id='word_1_173' title='bbox 1204 2415 1408 2484; x_wconf 86' lang='lat' dir='ltr'><strong>cultum</strong></span> <span class='ocrx_word' id='word_1_174' title='bbox 1455 2413 1820 2483; x_wconf 86' lang='lat' dir='ltr'><strong>deducturus,</strong></span> <span class='ocrx_word' id='word_1_175' title='bbox 1863 2415 2083 2486; x_wconf 86' lang='lat' dir='ltr'><strong>ipseque</strong></span> <span class='ocrx_word' id='word_1_176' title='bbox 2133 2415 2186 2473; x_wconf 89' lang='lat' dir='ltr'><strong>in</strong></span> 
     </span>
    </p>
   </div>
   <div class='ocr_carea' id='block_1_24' title="bbox 595 2509 2188 2581">
    <p class='ocr_par' dir='ltr' id='par_1_24' title="bbox 595 2509 2188 2581">
     <span class='ocr_line' id='line_1_24' title="bbox 595 2509 2188 2581; baseline -0.003 -14"><span class='ocrx_word' id='word_1_177' title='bbox 595 2513 728 2567; x_wconf 89' lang='lat' dir='ltr'><strong>mari</strong></span> <span class='ocrx_word' id='word_1_178' title='bbox 769 2522 821 2566; x_wconf 91' lang='lat' dir='ltr'><strong>et</strong></span> <span class='ocrx_word' id='word_1_179' title='bbox 863 2521 1001 2566; x_wconf 93' lang='lat' dir='ltr'><strong>terra</strong></span> <span class='ocrx_word' id='word_1_180' title='bbox 1024 2509 1223 2581; x_wconf 88' lang='lat' dir='ltr'><strong>ubique</strong></span> <span class='ocrx_word' id='word_1_181' title='bbox 1242 2509 1546 2564; x_wconf 87' lang='lat' dir='ltr'><strong>adorandus</strong></span> <span class='ocrx_word' id='word_1_182' title='bbox 1575 2517 1720 2574; x_wconf 91' lang='lat' dir='ltr'><strong>erat,</strong></span> <span class='ocrx_word' id='word_1_183' title='bbox 1754 2511 1821 2562; x_wconf 89' lang='lat' dir='ltr'><strong>ab</strong></span> <span class='ocrx_word' id='word_1_184' title='bbox 1850 2509 1982 2580; x_wconf 89' lang='lat' dir='ltr'><strong>ipsis</strong></span> <span class='ocrx_word' id='word_1_185' title='bbox 2009 2509 2188 2563; x_wconf 90' lang='lat' dir='ltr'><strong>statim</strong></span> 
     </span>
    </p>
   </div>
   <div class='ocr_carea' id='block_1_25' title="bbox 593 2593 2189 2672">
    <p class='ocr_par' dir='ltr' id='par_1_25' title="bbox 593 2593 2189 2672">
     <span class='ocr_line' id='line_1_25' title="bbox 593 2593 2189 2672; baseline -0.003 -13"><span class='ocrx_word' id='word_1_186' title='bbox 593 2604 759 2659; x_wconf 87' lang='lat' dir='ltr'><strong>initiis</strong></span> <span class='ocrx_word' id='word_1_187' title='bbox 798 2603 994 2658; x_wconf 89' lang='lat' dir='ltr'><strong>ostium</strong></span> <span class='ocrx_word' id='word_1_188' title='bbox 1021 2601 1266 2672; x_wconf 74' lang='lat' dir='ltr'><strong>gentibus</strong></span> <span class='ocrx_word' id='word_1_189' title='bbox 1291 2593 1497 2670; x_wconf 86' lang='lat' dir='ltr'><strong>aperit,</strong></span> <span class='ocrx_word' id='word_1_190' title='bbox 1532 2607 1588 2654; x_wconf 88' lang='lat' dir='ltr'><strong>ut</strong></span> <span class='ocrx_word' id='word_1_191' title='bbox 1617 2601 1912 2654; x_wconf 89' lang='lat' dir='ltr'><strong>alienorum</strong></span> <span class='ocrx_word' id='word_1_192' title='bbox 1942 2599 2189 2670; x_wconf 76' lang='lat' dir='ltr'><strong>exemplo</strong></span> 
     </span>
    </p>
   </div>
   <div class='ocr_carea' id='block_1_26' title="bbox 592 2690 2187 2761">
    <p class='ocr_par' dir='ltr' id='par_1_26' title="bbox 592 2690 2187 2761">
     <span class='ocr_line' id='line_1_26' title="bbox 592 2690 2187 2761; baseline -0.005 -9"><span class='ocrx_word' id='word_1_193' title='bbox 592 2711 719 2752; x_wconf 89' lang='lat' dir='ltr'><strong>suos</strong></span> <span class='ocrx_word' id='word_1_194' title='bbox 741 2697 901 2752; x_wconf 91' lang='lat' dir='ltr'><strong>etiam</strong></span> <span class='ocrx_word' id='word_1_195' title='bbox 945 2694 1201 2749; x_wconf 89' lang='lat' dir='ltr'><strong>erudiret.</strong></span> <span class='ocrx_word' id='word_1_196' title='bbox 1244 2692 1379 2759; x_wconf 90' lang='lat' dir='ltr'><strong>Quia</strong></span> <span class='ocrx_word' id='word_1_197' title='bbox 1423 2691 1565 2746; x_wconf 91' lang='lat' dir='ltr'><strong>enim</strong></span> <span class='ocrx_word' id='word_1_198' title='bbox 1605 2706 1725 2745; x_wconf 92' lang='lat' dir='ltr'><strong>cum</strong></span> <span class='ocrx_word' id='word_1_199' title='bbox 1763 2693 2050 2761; x_wconf 89' lang='lat' dir='ltr'><strong>prophetas</strong></span> <span class='ocrx_word' id='word_1_200' title='bbox 2077 2690 2187 2745; x_wconf 83' lang='lat' dir='ltr'><strong>fre-</strong></span> 
     </span>
    </p>
   </div>
   <div class='ocr_carea' id='block_1_27' title="bbox 594 2781 2186 2858">
    <p class='ocr_par' dir='ltr' id='par_1_27' title="bbox 594 2781 2186 2858">
     <span class='ocr_line' id='line_1_27' title="bbox 594 2781 2186 2858; baseline -0.004 -16"><span class='ocrx_word' id='word_1_201' title='bbox 594 2781 824 2858; x_wconf 82' lang='lat' dir='ltr'><strong>quenter</strong></span> <span class='ocrx_word' id='word_1_202' title='bbox 861 2787 1107 2841; x_wconf 89' lang='lat' dir='ltr'><strong>audirent</strong></span> <span class='ocrx_word' id='word_1_203' title='bbox 1149 2785 1217 2839; x_wconf 91' lang='lat' dir='ltr'><strong>de</strong></span> <span class='ocrx_word' id='word_1_204' title='bbox 1259 2785 1424 2851; x_wconf 90' lang='lat' dir='ltr'><strong>ipsius</strong></span> <span class='ocrx_word' id='word_1_205' title='bbox 1450 2783 1676 2836; x_wconf 87' lang='lat' dir='ltr'><strong>adventu</strong></span> <span class='ocrx_word' id='word_1_206' title='bbox 1707 2799 1849 2852; x_wconf 66' lang='lat' dir='ltr'><strong>saepe</strong></span> <span class='ocrx_word' id='word_1_207' title='bbox 1872 2783 2186 2852; x_wconf 88' lang='lat' dir='ltr'><strong>loquentes,</strong></span> 
     </span>
    </p>
   </div>
   <div class='ocr_carea' id='block_1_28' title="bbox 592 2871 2188 2939">
    <p class='ocr_par' dir='ltr' id='par_1_28' title="bbox 592 2871 2188 2939">
     <span class='ocr_line' id='line_1_28' title="bbox 592 2871 2188 2939; baseline -0.003 -7"><span class='ocrx_word' id='word_1_208' title='bbox 592 2894 700 2934; x_wconf 90' lang='lat' dir='ltr'><strong>non</strong></span> <span class='ocrx_word' id='word_1_209' title='bbox 743 2877 1028 2932; x_wconf 87' lang='lat' dir='ltr'><strong>admodum</strong></span> <span class='ocrx_word' id='word_1_210' title='bbox 1074 2875 1454 2939; x_wconf 89' lang='lat' dir='ltr'><strong>attendebant,</strong></span> <span class='ocrx_word' id='word_1_211' title='bbox 1503 2872 1679 2928; x_wconf 84' lang='lat' dir='ltr'><strong>ell&#39;ecit</strong></span> <span class='ocrx_word' id='word_1_212' title='bbox 1735 2882 1792 2928; x_wconf 92' lang='lat' dir='ltr'><strong>ut</strong></span> <span class='ocrx_word' id='word_1_213' title='bbox 1863 2873 2078 2928; x_wconf 90' lang='lat' dir='ltr'><strong>barbari</strong></span> <span class='ocrx_word' id='word_1_214' title='bbox 2119 2871 2188 2928; x_wconf 90' lang='lat' dir='ltr'><strong>de</strong></span> 
     </span>
    </p>
   </div>
   <div class='ocr_carea' id='block_1_29' title="bbox 593 2963 2186 3040">
    <p class='ocr_par' dir='ltr' id='par_1_29' title="bbox 593 2963 2186 3040">
     <span class='ocr_line' id='line_1_29' title="bbox 593 2963 2186 3040; baseline -0.005 -14"><span class='ocrx_word' id='word_1_215' title='bbox 593 2979 735 3026; x_wconf 89' lang='lat' dir='ltr'><strong>terra</strong></span> <span class='ocrx_word' id='word_1_216' title='bbox 781 2969 1072 3040; x_wconf 89' lang='lat' dir='ltr'><strong>longinqua</strong></span> <span class='ocrx_word' id='word_1_217' title='bbox 1109 2967 1357 3022; x_wconf 84' lang='lat' dir='ltr'><strong>venirent</strong></span> <span class='ocrx_word' id='word_1_218' title='bbox 1381 3007 1396 3030; x_wconf 88' lang='lat'><strong>,</strong></span> <span class='ocrx_word' id='word_1_219' title='bbox 1423 2966 1512 3036; x_wconf 90' lang='lat' dir='ltr'><strong>qui</strong></span> <span class='ocrx_word' id='word_1_220' title='bbox 1541 2979 1719 3035; x_wconf 74' lang='lat' dir='ltr'><strong>regem</strong></span> <span class='ocrx_word' id='word_1_221' title='bbox 1749 2963 1886 3033; x_wconf 89' lang='lat' dir='ltr'><strong>apud</strong></span> <span class='ocrx_word' id='word_1_222' title='bbox 1916 2964 2061 3034; x_wconf 90' lang='lat' dir='ltr'><strong>ipsos</strong></span> <span class='ocrx_word' id='word_1_223' title='bbox 2087 2979 2186 3018; x_wconf 87' lang='lat' dir='ltr'><strong>na-</strong></span> 
     </span>
    </p>
   </div>
   <div class='ocr_carea' id='block_1_30' title="bbox 591 3049 2185 3131">
    <p class='ocr_par' dir='ltr' id='par_1_30' title="bbox 591 3049 2185 3131">
     <span class='ocr_line' id='line_1_30' title="bbox 591 3049 2185 3131; baseline -0.004 -15"><span class='ocrx_word' id='word_1_224' title='bbox 591 3049 701 3117; x_wconf 85' lang='lat' dir='ltr'><strong>tum</strong></span> <span class='ocrx_word' id='word_1_225' title='bbox 745 3061 1076 3131; x_wconf 88' lang='lat' dir='ltr'><strong>inquirerent</strong></span> <span class='ocrx_word' id='word_1_226' title='bbox 1101 3076 1116 3126; x_wconf 89' lang='lat'><strong>;</strong></span> <span class='ocrx_word' id='word_1_227' title='bbox 1149 3068 1202 3114; x_wconf 90' lang='lat' dir='ltr'><strong>et</strong></span> <span class='ocrx_word' id='word_1_228' title='bbox 1231 3057 1443 3114; x_wconf 90' lang='lat' dir='ltr'><strong>Persica</strong></span> <span class='ocrx_word' id='word_1_229' title='bbox 1472 3071 1602 3112; x_wconf 90' lang='lat' dir='ltr'><strong>voce</strong></span> <span class='ocrx_word' id='word_1_230' title='bbox 1631 3057 1856 3126; x_wconf 88' lang='lat' dir='ltr'><strong>primum</strong></span> <span class='ocrx_word' id='word_1_231' title='bbox 1883 3071 1946 3111; x_wconf 90' lang='lat' dir='ltr'><strong>ea</strong></span> <span class='ocrx_word' id='word_1_232' title='bbox 1977 3055 2185 3111; x_wconf 85' lang='lat' dir='ltr'><strong>edisce-</strong></span> 
     </span>
    </p>
   </div>
   <div class='ocr_carea' id='block_1_31' title="bbox 589 3148 2187 3224">
    <p class='ocr_par' dir='ltr' id='par_1_31' title="bbox 589 3148 2187 3224">
     <span class='ocr_line' id='line_1_31' title="bbox 589 3148 2187 3224; baseline -0.003 -15"><span class='ocrx_word' id='word_1_233' title='bbox 589 3162 752 3222; x_wconf 90' lang='lat' dir='ltr'><strong>rent,</strong></span> <span class='ocrx_word' id='word_1_234' title='bbox 783 3169 902 3224; x_wconf 71' lang='lat' dir='ltr'><strong>quae</strong></span> <span class='ocrx_word' id='word_1_235' title='bbox 927 3169 960 3207; x_wconf 89' lang='lat' dir='ltr'><strong>a</strong></span> <span class='ocrx_word' id='word_1_236' title='bbox 982 3151 1258 3224; x_wconf 88' lang='lat' dir='ltr'><strong>prephetis</strong></span> <span class='ocrx_word' id='word_1_237' title='bbox 1288 3149 1495 3205; x_wconf 90' lang='lat' dir='ltr'><strong>discere</strong></span> <span class='ocrx_word' id='word_1_238' title='bbox 1522 3150 1804 3205; x_wconf 90' lang='lat' dir='ltr'><strong>noluerant</strong></span> <span class='ocrx_word' id='word_1_239' title='bbox 1833 3165 1846 3201; x_wconf 89' lang='lat'><strong>:</strong></span> <span class='ocrx_word' id='word_1_240' title='bbox 1877 3156 1933 3202; x_wconf 93' lang='lat' dir='ltr'><strong>ut</strong></span> <span class='ocrx_word' id='word_1_241' title='bbox 1953 3148 1994 3202; x_wconf 92' lang='lat' dir='ltr'><strong>si</strong></span> <span class='ocrx_word' id='word_1_242' title='bbox 2017 3148 2187 3218; x_wconf 90' lang='lat' dir='ltr'><strong>probe</strong></span> 
     </span>
    </p>
   </div>
   <div class='ocr_carea' id='block_1_32' title="bbox 589 3239 2184 3320">
    <p class='ocr_par' dir='ltr' id='par_1_32' title="bbox 589 3239 2184 3320">
     <span class='ocr_line' id='line_1_32' title="bbox 589 3239 2184 3320; baseline -0.006 -16"><span class='ocrx_word' id='word_1_243' title='bbox 589 3264 649 3304; x_wconf 93' lang='lat' dir='ltr'><strong>se</strong></span> <span class='ocrx_word' id='word_1_244' title='bbox 675 3255 959 3320; x_wconf 90' lang='lat' dir='ltr'><strong>gererent,</strong></span> <span class='ocrx_word' id='word_1_245' title='bbox 990 3246 1277 3301; x_wconf 84' lang='lat' dir='ltr'><strong>maximam</strong></span> <span class='ocrx_word' id='word_1_246' title='bbox 1305 3243 1603 3313; x_wconf 89' lang='lat' dir='ltr'><strong>arriperent</strong></span> <span class='ocrx_word' id='word_1_247' title='bbox 1625 3240 1688 3295; x_wconf 90' lang='lat' dir='ltr'><strong>ad</strong></span> <span class='ocrx_word' id='word_1_248' title='bbox 1711 3239 2184 3310; x_wconf 89' lang='lat' dir='ltr'><strong>obtemperandum</strong></span> 
     </span>
    </p>
   </div>
   <div class='ocr_carea' id='block_1_33' title="bbox 589 3333 2182 3405">
    <p class='ocr_par' dir='ltr' id='par_1_33' title="bbox 589 3333 2182 3405">
     <span class='ocr_line' id='line_1_33' title="bbox 589 3333 2182 3405; baseline -0.008 -9"><span class='ocrx_word' id='word_1_249' title='bbox 589 3357 774 3397; x_wconf 86' lang='lat' dir='ltr'><strong>ansam</strong></span> <span class='ocrx_word' id='word_1_250' title='bbox 801 3358 814 3405; x_wconf 93' lang='lat'><strong>;</strong></span> <span class='ocrx_word' id='word_1_251' title='bbox 845 3340 928 3394; x_wconf 90' lang='lat' dir='ltr'><strong>sin</strong></span> <span class='ocrx_word' id='word_1_252' title='bbox 955 3353 1082 3393; x_wconf 87' lang='lat' dir='ltr'><strong>vero</strong></span> <span class='ocrx_word' id='word_1_253' title='bbox 1104 3335 1526 3398; x_wconf 90' lang='lat' dir='ltr'><strong>contenderent,</strong></span> <span class='ocrx_word' id='word_1_254' title='bbox 1551 3333 1695 3388; x_wconf 90' lang='lat' dir='ltr'><strong>omni</strong></span> <span class='ocrx_word' id='word_1_255' title='bbox 1719 3346 1936 3401; x_wconf 90' lang='lat' dir='ltr'><strong>prorsus</strong></span> <span class='ocrx_word' id='word_1_256' title='bbox 1959 3344 2182 3385; x_wconf 84' lang='lat' dir='ltr'><strong>excusa-</strong></span> 
     </span>
    </p>
   </div>
   <div class='ocr_carea' id='block_1_34' title="bbox 591 3423 2184 3497">
    <p class='ocr_par' dir='ltr' id='par_1_34' title="bbox 591 3423 2184 3497">
     <span class='ocr_line' id='line_1_34' title="bbox 591 3423 2184 3497; baseline -0.008 -8"><span class='ocrx_word' id='word_1_257' title='bbox 591 3436 737 3489; x_wconf 87' lang='lat' dir='ltr'><strong>tione</strong></span> <span class='ocrx_word' id='word_1_258' title='bbox 771 3432 926 3488; x_wconf 84' lang='lat' dir='ltr'><strong>vacui</strong></span> <span class='ocrx_word' id='word_1_259' title='bbox 969 3440 1172 3487; x_wconf 91' lang='lat' dir='ltr'><strong>essent.</strong></span> <span class='ocrx_word' id='word_1_260' title='bbox 1217 3428 1353 3497; x_wconf 93' lang='lat' dir='ltr'><strong>Quid</strong></span> <span class='ocrx_word' id='word_1_261' title='bbox 1382 3429 1525 3483; x_wconf 90' lang='lat' dir='ltr'><strong>enim</strong></span> <span class='ocrx_word' id='word_1_262' title='bbox 1554 3426 1734 3481; x_wconf 88' lang='lat' dir='ltr'><strong>dicere</strong></span> <span class='ocrx_word' id='word_1_263' title='bbox 1761 3425 1965 3496; x_wconf 89' lang='lat' dir='ltr'><strong>possint</strong></span> <span class='ocrx_word' id='word_1_264' title='bbox 1996 3424 2028 3478; x_wconf 94' lang='lat' dir='ltr'><strong>ii</strong></span> <span class='ocrx_word' id='word_1_265' title='bbox 2052 3465 2067 3490; x_wconf 96' lang='lat'><strong>,</strong></span> <span class='ocrx_word' id='word_1_266' title='bbox 2095 3423 2184 3494; x_wconf 89' lang='lat' dir='ltr'><strong>qui</strong></span> 
     </span>
    </p>
   </div>
   <div class='ocr_carea' id='block_1_35' title="bbox 587 3518 2182 3592">
    <p class='ocr_par' dir='ltr' id='par_1_35' title="bbox 587 3518 2182 3592">
     <span class='ocr_line' id='line_1_35' title="bbox 587 3518 2182 3592; baseline -0.006 -13"><span class='ocrx_word' id='word_1_267' title='bbox 587 3524 855 3581; x_wconf 87' lang='lat' dir='ltr'><strong>Christum</strong></span> <span class='ocrx_word' id='word_1_268' title='bbox 872 3538 901 3577; x_wconf 90' lang='lat' dir='ltr'><strong>a</strong></span> <span class='ocrx_word' id='word_1_269' title='bbox 920 3531 993 3577; x_wconf 91' lang='lat' dir='ltr'><strong>tot</strong></span> <span class='ocrx_word' id='word_1_270' title='bbox 1013 3519 1285 3592; x_wconf 88' lang='lat' dir='ltr'><strong>prephetis</strong></span> <span class='ocrx_word' id='word_1_271' title='bbox 1305 3518 1671 3574; x_wconf 91' lang='lat' dir='ltr'><strong>annuntiatum</strong></span> <span class='ocrx_word' id='word_1_272' title='bbox 1690 3533 1796 3572; x_wconf 92' lang='lat' dir='ltr'><strong>non</strong></span> <span class='ocrx_word' id='word_1_273' title='bbox 1814 3523 2182 3586; x_wconf 88' lang='lat' dir='ltr'><strong>susceperunt,</strong></span> 
     </span>
    </p>
   </div>
   <div class='ocr_carea' id='block_1_36' title="bbox 587 3610 2183 3683">
    <p class='ocr_par' dir='ltr' id='par_1_36' title="bbox 587 3610 2183 3683">
     <span class='ocr_line' id='line_1_36' title="bbox 587 3610 2183 3683; baseline -0.006 -11"><span class='ocrx_word' id='word_1_274' title='bbox 587 3633 710 3672; x_wconf 89' lang='lat' dir='ltr'><strong>eum</strong></span> <span class='ocrx_word' id='word_1_275' title='bbox 740 3615 966 3670; x_wconf 88' lang='lat' dir='ltr'><strong>viderint</strong></span> <span class='ocrx_word' id='word_1_276' title='bbox 999 3627 1183 3683; x_wconf 87' lang='lat' dir='ltr'><strong>magos</strong></span> <span class='ocrx_word' id='word_1_277' title='bbox 1203 3628 1268 3667; x_wconf 83' lang='lat' dir='ltr'><strong>ex</strong></span> <span class='ocrx_word' id='word_1_278' title='bbox 1297 3612 1452 3666; x_wconf 91' lang='lat' dir='ltr'><strong>unius</strong></span> <span class='ocrx_word' id='word_1_279' title='bbox 1477 3612 1646 3667; x_wconf 86' lang='lat' dir='ltr'><strong>stellae</strong></span> <span class='ocrx_word' id='word_1_280' title='bbox 1669 3612 1787 3666; x_wconf 86' lang='lat' dir='ltr'><strong>visu</strong></span> <span class='ocrx_word' id='word_1_281' title='bbox 1815 3611 1986 3680; x_wconf 91' lang='lat' dir='ltr'><strong>ipsum</strong></span> <span class='ocrx_word' id='word_1_282' title='bbox 2010 3610 2183 3665; x_wconf 85' lang='lat' dir='ltr'><strong>susei-</strong></span> 
     </span>
    </p>
   </div>
   <div class='ocr_carea' id='block_1_37' title="bbox 589 3701 2184 3777">
    <p class='ocr_par' dir='ltr' id='par_1_37' title="bbox 589 3701 2184 3777">
     <span class='ocr_line' id='line_1_37' title="bbox 589 3701 2184 3777; baseline -0.003 -17"><span class='ocrx_word' id='word_1_283' title='bbox 589 3707 797 3777; x_wconf 88' lang='lat' dir='ltr'><strong>pientes</strong></span> <span class='ocrx_word' id='word_1_284' title='bbox 823 3713 879 3761; x_wconf 88' lang='lat' dir='ltr'><strong>et</strong></span> <span class='ocrx_word' id='word_1_285' title='bbox 917 3702 1247 3758; x_wconf 89' lang='lat' dir='ltr'><strong>adorantes?</strong></span> <span class='ocrx_word' id='word_1_286' title='bbox 1275 3701 1428 3769; x_wconf 89' lang='lat' dir='ltr'><strong>Quod</strong></span> <span class='ocrx_word' id='word_1_287' title='bbox 1459 3702 1618 3772; x_wconf 83' lang='lat' dir='ltr'><strong>igitur</strong></span> <span class='ocrx_word' id='word_1_288' title='bbox 1644 3702 1784 3756; x_wconf 89' lang='lat' dir='ltr'><strong>circa</strong></span> <span class='ocrx_word' id='word_1_289' title='bbox 1815 3701 2077 3756; x_wconf 89' lang='lat' dir='ltr'><strong>Ninivitas</strong></span> <span class='ocrx_word' id='word_1_290' title='bbox 2102 3701 2184 3756; x_wconf 78' lang='lat' dir='ltr'><strong>le-</strong></span> 
     </span>
    </p>
   </div>
   <div class='ocr_carea' id='block_1_38' title="bbox 589 3792 2184 3863">
    <p class='ocr_par' dir='ltr' id='par_1_38' title="bbox 589 3792 2184 3863">
     <span class='ocr_line' id='line_1_38' title="bbox 589 3792 2184 3863; baseline -0.003 -11"><span class='ocrx_word' id='word_1_291' title='bbox 589 3805 738 3852; x_wconf 90' lang='lat' dir='ltr'><strong>cerat</strong></span> <span class='ocrx_word' id='word_1_292' title='bbox 772 3795 960 3851; x_wconf 87' lang='lat' dir='ltr'><strong>Jonam</strong></span> <span class='ocrx_word' id='word_1_293' title='bbox 991 3793 1210 3849; x_wconf 87' lang='lat' dir='ltr'><strong>mittens</strong></span> <span class='ocrx_word' id='word_1_294' title='bbox 1233 3834 1248 3859; x_wconf 91' lang='lat'><strong>,</strong></span> <span class='ocrx_word' id='word_1_295' title='bbox 1279 3801 1334 3847; x_wconf 91' lang='lat' dir='ltr'><strong>et</strong></span> <span class='ocrx_word' id='word_1_296' title='bbox 1359 3793 1501 3863; x_wconf 87' lang='lat' dir='ltr'><strong>quod</strong></span> <span class='ocrx_word' id='word_1_297' title='bbox 1527 3793 1668 3847; x_wconf 91' lang='lat' dir='ltr'><strong>circa</strong></span> <span class='ocrx_word' id='word_1_298' title='bbox 1708 3792 2098 3848; x_wconf 89' lang='lat' dir='ltr'><strong>Samaritanam</strong></span> <span class='ocrx_word' id='word_1_299' title='bbox 2128 3801 2184 3848; x_wconf 92' lang='lat' dir='ltr'><strong>et</strong></span> 
     </span>
    </p>
   </div>
   <div class='ocr_carea' id='block_1_39' title="bbox 586 3882 2183 3955">
    <p class='ocr_par' dir='ltr' id='par_1_39' title="bbox 586 3882 2183 3955">
     <span class='ocr_line' id='line_1_39' title="bbox 586 3882 2183 3955; baseline -0.002 -11"><span class='ocrx_word' id='word_1_300' title='bbox 586 3886 945 3944; x_wconf 72' lang='lat' dir='ltr'><strong>Cbananaaam</strong></span> <span class='ocrx_word' id='word_1_301' title='bbox 967 3928 980 3951; x_wconf 93' lang='lat'><strong>,</strong></span> <span class='ocrx_word' id='word_1_302' title='bbox 1011 3885 1241 3954; x_wconf 92' lang='lat' dir='ltr'><strong>idipsum</strong></span> <span class='ocrx_word' id='word_1_303' title='bbox 1273 3885 1433 3940; x_wconf 90' lang='lat' dir='ltr'><strong>etiam</strong></span> <span class='ocrx_word' id='word_1_304' title='bbox 1455 3898 1553 3953; x_wconf 89' lang='lat' dir='ltr'><strong>per</strong></span> <span class='ocrx_word' id='word_1_305' title='bbox 1577 3899 1761 3955; x_wconf 88' lang='lat' dir='ltr'><strong>magos</strong></span> <span class='ocrx_word' id='word_1_306' title='bbox 1784 3882 1930 3940; x_wconf 80' lang='lat' dir='ltr'><strong>fecit.</strong></span> <span class='ocrx_word' id='word_1_307' title='bbox 1954 3883 2183 3955; x_wconf 89' lang='lat' dir='ltr'><strong>Ideoque</strong></span> 
     </span>
    </p>
   </div>
   <div class='ocr_carea' id='block_1_40' title="bbox 585 3975 2181 4048">
    <p class='ocr_par' dir='ltr' id='par_1_40' title="bbox 585 3975 2181 4048">
     <span class='ocr_line' id='line_1_40' title="bbox 585 3975 2181 4048; baseline -0.004 -11"><span class='ocrx_word' id='word_1_308' title='bbox 585 3980 797 4037; x_wconf 84' lang='lat' dir='ltr'><strong>dicebat</strong></span> <span class='ocrx_word' id='word_1_309' title='bbox 861 3997 876 4034; x_wconf 88' lang='lat'><strong>:</strong></span> <span class='ocrx_word' id='word_1_310' title='bbox 927 3978 1034 4033; x_wconf 86' lang='lat' dir='ltr'><strong>Viri</strong></span> <span class='ocrx_word' id='word_1_311' title='bbox 1089 3975 1333 4032; x_wconf 74' lang='lat' dir='ltr'><strong>Ninivitw</strong></span> <span class='ocrx_word' id='word_1_312' title='bbox 1384 3985 1612 4048; x_wconf 79' lang='lat' dir='ltr'><strong>surgent,</strong></span> <span class='ocrx_word' id='word_1_313' title='bbox 1648 3987 1696 4032; x_wconf 88' lang='lat' dir='ltr'><strong>et</strong></span> <span class='ocrx_word' id='word_1_314' title='bbox 1743 3977 2181 4041; x_wconf 86' lang='lat' dir='ltr'><strong>condemnabunt;</strong></span> 
     </span>
    </p>
   </div>
   <div class='ocr_carea' id='block_1_41' title="bbox 585 4069 2181 4144">
    <p class='ocr_par' dir='ltr' id='par_1_41' title="bbox 585 4069 2181 4144">
     <span class='ocr_line' id='line_1_41' title="bbox 585 4069 2181 4144; baseline -0.002 -16"><span class='ocrx_word' id='word_1_315' title='bbox 585 4082 640 4128; x_wconf 88' lang='lat' dir='ltr'><strong>et</strong></span> <span class='ocrx_word' id='word_1_316' title='bbox 657 4113 673 4140; x_wconf 93' lang='lat'><strong>,</strong></span> <span class='ocrx_word' id='word_1_317' title='bbox 701 4072 897 4144; x_wconf 83' lang='lat' dir='ltr'><strong>Regina</strong></span> <span class='ocrx_word' id='word_1_318' title='bbox 922 4072 1081 4126; x_wconf 77' lang='lat' dir='ltr'><strong>austri</strong></span> <span class='ocrx_word' id='word_1_319' title='bbox 1109 4079 1308 4141; x_wconf 86' lang='lat' dir='ltr'><strong>surget,</strong></span> <span class='ocrx_word' id='word_1_320' title='bbox 1351 4079 1396 4124; x_wconf 87' lang='lat' dir='ltr'><strong>et</strong></span> <span class='ocrx_word' id='word_1_321' title='bbox 1418 4069 1768 4125; x_wconf 73' lang='lat' dir='ltr'><strong>condemnabit</strong></span> <span class='ocrx_word' id='word_1_322' title='bbox 1811 4071 2181 4141; x_wconf 83' lang='lat' dir='ltr'><strong>generationem</strong></span> 
     </span>
    </p>
   </div>
   <div class='ocr_carea' id='block_1_42' title="bbox 586 4160 2178 4234">
    <p class='ocr_par' dir='ltr' id='par_1_42' title="bbox 586 4160 2178 4234">
     <span class='ocr_line' id='line_1_42' title="bbox 586 4160 2178 4234; baseline -0.001 -15"><span class='ocrx_word' id='word_1_323' title='bbox 586 4165 717 4219; x_wconf 84' lang='lat' dir='ltr'><strong>hanc</strong></span> <span class='ocrx_word' id='word_1_324' title='bbox 759 4163 782 4234; x_wconf 95' lang='lat'>(</span> <span class='ocrx_word' id='word_1_325' title='bbox 811 4161 999 4217; x_wconf 78' lang='lat' dir='ltr'><strong>Matth.</strong></span> <span class='ocrx_word' id='word_1_326' title='bbox 1028 4161 1115 4218; x_wconf 72' lang='lat' dir='ltr'><strong>l2.</strong></span> <span class='ocrx_word' id='word_1_327' title='bbox 1145 4163 1233 4218; x_wconf 72' lang='lat' dir='ltr'><strong>ﬂ.</strong></span> <span class='ocrx_word' id='word_1_328' title='bbox 1266 4160 1336 4217; x_wconf 72' lang='grc'><strong>42</strong></span> <span class='ocrx_word' id='word_1_329' title='bbox 1361 4161 1380 4232; x_wconf 92' lang='grc'>)</span> <span class='ocrx_word' id='word_1_330' title='bbox 1410 4179 1423 4217; x_wconf 89' lang='lat'><strong>:</strong></span> <span class='ocrx_word' id='word_1_331' title='bbox 1450 4162 1705 4232; x_wconf 89' lang='lat' dir='ltr'><strong>quoniam</strong></span> <span class='ocrx_word' id='word_1_332' title='bbox 1753 4161 1831 4216; x_wconf 89' lang='lat' dir='ltr'><strong>illi</strong></span> <span class='ocrx_word' id='word_1_333' title='bbox 1885 4161 2178 4218; x_wconf 88' lang='lat' dir='ltr'><strong>minoribus</strong></span> 
     </span>
    </p>
   </div>
   <div class='ocr_carea' id='block_1_43' title="bbox 585 4251 2174 4324">
    <p class='ocr_par' dir='ltr' id='par_1_43' title="bbox 585 4251 2174 4324">
     <span class='ocr_line' id='line_1_43' title="bbox 585 4251 2174 4324; baseline 0 -15"><span class='ocrx_word' id='word_1_334' title='bbox 585 4254 964 4320; x_wconf 86' lang='lat' dir='ltr'><strong>crediderunt,</strong></span> <span class='ocrx_word' id='word_1_335' title='bbox 1005 4252 1061 4308; x_wconf 90' lang='lat' dir='ltr'><strong>hi</strong></span> <span class='ocrx_word' id='word_1_336' title='bbox 1101 4268 1229 4308; x_wconf 90' lang='lat' dir='ltr'><strong>vero</strong></span> <span class='ocrx_word' id='word_1_337' title='bbox 1255 4267 1426 4324; x_wconf 87' lang='lat' dir='ltr'><strong>neque</strong></span> <span class='ocrx_word' id='word_1_338' title='bbox 1456 4251 1764 4323; x_wconf 87' lang='lat' dir='ltr'><strong>majoribus.</strong></span> <span class='ocrx_word' id='word_1_339' title='bbox 1795 4252 1864 4307; x_wconf 83' lang='lat' dir='ltr'><strong>At</strong></span> <span class='ocrx_word' id='word_1_340' title='bbox 1891 4268 1986 4309; x_wconf 91' lang='lat' dir='ltr'><strong>cur</strong></span> <span class='ocrx_word' id='word_1_341' title='bbox 2015 4253 2136 4309; x_wconf 92' lang='lat' dir='ltr'><strong>illos</strong></span> <span class='ocrx_word' id='word_1_342' title='bbox 2156 4296 2174 4322; x_wconf 96' lang='lat'><strong>,</strong></span> 
     </span>
    </p>
   </div>
   <div class='ocr_carea' id='block_1_44' title="bbox 583 4342 2176 4415">
    <p class='ocr_par' dir='ltr' id='par_1_44' title="bbox 583 4342 2176 4415">
     <span class='ocr_line' id='line_1_44' title="bbox 583 4342 2176 4415; baseline -0.001 -15"><span class='ocrx_word' id='word_1_343' title='bbox 583 4346 813 4415; x_wconf 89' lang='lat' dir='ltr'><strong>inquies,</strong></span> <span class='ocrx_word' id='word_1_344' title='bbox 842 4359 937 4413; x_wconf 90' lang='lat' dir='ltr'><strong>per</strong></span> <span class='ocrx_word' id='word_1_345' title='bbox 963 4344 1121 4398; x_wconf 89' lang='lat' dir='ltr'><strong>talem</strong></span> <span class='ocrx_word' id='word_1_346' title='bbox 1146 4343 1319 4398; x_wconf 86' lang='lat' dir='ltr'><strong>visum</strong></span> <span class='ocrx_word' id='word_1_347' title='bbox 1344 4342 1600 4398; x_wconf 82' lang='lat' dir='ltr'><strong>adduxit?</strong></span> <span class='ocrx_word' id='word_1_348' title='bbox 1629 4343 1698 4397; x_wconf 86' lang='lat' dir='ltr'><strong>At</strong></span> <span class='ocrx_word' id='word_1_349' title='bbox 1720 4344 1991 4414; x_wconf 89' lang='lat' dir='ltr'><strong>quomodo</strong></span> <span class='ocrx_word' id='word_1_350' title='bbox 2013 4358 2176 4415; x_wconf 90' lang='lat' dir='ltr'><strong>opor-</strong></span> 
     </span>
    </p>
   </div>
   <div class='ocr_carea' id='block_1_45' title="bbox 584 4433 2172 4506">
    <p class='ocr_par' dir='ltr' id='par_1_45' title="bbox 584 4433 2172 4506">
     <span class='ocr_line' id='line_1_45' title="bbox 584 4433 2172 4506; baseline 0.001 -16"><span class='ocrx_word' id='word_1_351' title='bbox 584 4439 724 4490; x_wconf 83' lang='lat' dir='ltr'><strong>tuu‘!</strong></span> <span class='ocrx_word' id='word_1_352' title='bbox 759 4451 828 4490; x_wconf 90' lang='lat' dir='ltr'><strong>an</strong></span> <span class='ocrx_word' id='word_1_353' title='bbox 862 4435 1151 4506; x_wconf 89' lang='lat' dir='ltr'><strong>prophetas</strong></span> <span class='ocrx_word' id='word_1_354' title='bbox 1186 4434 1442 4490; x_wconf 81' lang='lat' dir='ltr'><strong>mittere?</strong></span> <span class='ocrx_word' id='word_1_355' title='bbox 1469 4433 1575 4491; x_wconf 90' lang='lat' dir='ltr'><strong>Sed</strong></span> <span class='ocrx_word' id='word_1_356' title='bbox 1601 4435 1738 4506; x_wconf 84' lang='lat' dir='ltr'><strong>magi</strong></span> <span class='ocrx_word' id='word_1_357' title='bbox 1766 4435 2040 4505; x_wconf 85' lang='lat' dir='ltr'><strong>prophetis</strong></span> <span class='ocrx_word' id='word_1_358' title='bbox 2063 4451 2172 4493; x_wconf 90' lang='lat' dir='ltr'><strong>non</strong></span> 
     </span>
    </p>
   </div>
   <div class='ocr_carea' id='block_1_46' title="bbox 583 4525 2172 4596">
    <p class='ocr_par' dir='ltr' id='par_1_46' title="bbox 583 4525 2172 4596">
     <span class='ocr_line' id='line_1_46' title="bbox 583 4525 2172 4596; baseline 0 -14"><span class='ocrx_word' id='word_1_359' title='bbox 583 4526 952 4583; x_wconf 86' lang='lat' dir='ltr'><strong>credidissent.</strong></span> <span class='ocrx_word' id='word_1_360' title='bbox 981 4528 1063 4582; x_wconf 85' lang='lat' dir='ltr'><strong>An</strong></span> <span class='ocrx_word' id='word_1_361' title='bbox 1085 4541 1270 4582; x_wconf 86' lang='lat' dir='ltr'><strong>vocem</strong></span> <span class='ocrx_word' id='word_1_362' title='bbox 1289 4541 1520 4596; x_wconf 90' lang='lat' dir='ltr'><strong>superne</strong></span> <span class='ocrx_word' id='word_1_363' title='bbox 1542 4525 1818 4594; x_wconf 74' lang='lat' dir='ltr'><strong>proferre?</strong></span> <span class='ocrx_word' id='word_1_364' title='bbox 1848 4526 2040 4582; x_wconf 87' lang='lat' dir='ltr'><strong>Verum</strong></span> <span class='ocrx_word' id='word_1_365' title='bbox 2061 4542 2172 4582; x_wconf 88' lang='lat' dir='ltr'><strong>non</strong></span> 
     </span>
    </p>
   </div>
   <div class='ocr_carea' id='block_1_47' title="bbox 582 4618 2172 4692">
    <p class='ocr_par' dir='ltr' id='par_1_47' title="bbox 582 4618 2172 4692">
     <span class='ocr_line' id='line_1_47' title="bbox 582 4618 2172 4692; baseline 0.003 -19"><span class='ocrx_word' id='word_1_366' title='bbox 582 4618 952 4674; x_wconf 85' lang='lat' dir='ltr'><strong>attendissent.</strong></span> <span class='ocrx_word' id='word_1_367' title='bbox 983 4619 1063 4673; x_wconf 88' lang='lat' dir='ltr'><strong>An</strong></span> <span class='ocrx_word' id='word_1_368' title='bbox 1093 4619 1339 4691; x_wconf 84' lang='lat' dir='ltr'><strong>angelum</strong></span> <span class='ocrx_word' id='word_1_369' title='bbox 1369 4619 1628 4674; x_wconf 86' lang='lat' dir='ltr'><strong>mittere?</strong></span> <span class='ocrx_word' id='word_1_370' title='bbox 1661 4618 1765 4675; x_wconf 90' lang='lat' dir='ltr'><strong>Sed</strong></span> <span class='ocrx_word' id='word_1_371' title='bbox 1795 4619 1938 4676; x_wconf 90' lang='lat' dir='ltr'><strong>hunc</strong></span> <span class='ocrx_word' id='word_1_372' title='bbox 1961 4635 2172 4692; x_wconf 88' lang='lat' dir='ltr'><strong>quoque</strong></span> 
     </span>
    </p>
   </div>
   <div class='ocr_carea' id='block_1_48' title="bbox 581 4712 2173 4786">
    <p class='ocr_par' dir='ltr' id='par_1_48' title="bbox 581 4712 2173 4786">
     <span class='ocr_line' id='line_1_48' title="bbox 581 4712 2173 4786; baseline 0.001 -18"><span class='ocrx_word' id='word_1_373' title='bbox 581 4713 806 4770; x_wconf 77' lang='lat' dir='ltr'><strong>forsitan</strong></span> <span class='ocrx_word' id='word_1_374' title='bbox 833 4713 1237 4786; x_wconf 79' lang='lat' dir='ltr'><strong>prteteriissent.</strong></span> <span class='ocrx_word' id='word_1_375' title='bbox 1262 4712 1597 4783; x_wconf 84' lang='lat' dir='ltr'><strong>Quapropter</strong></span> <span class='ocrx_word' id='word_1_376' title='bbox 1617 4712 1722 4768; x_wconf 91' lang='lat' dir='ltr'><strong>illis</strong></span> <span class='ocrx_word' id='word_1_377' title='bbox 1743 4713 1989 4768; x_wconf 91' lang='lat' dir='ltr'><strong>omnibus</strong></span> <span class='ocrx_word' id='word_1_378' title='bbox 2009 4714 2173 4770; x_wconf 90' lang='lat' dir='ltr'><strong>omis-</strong></span> 
     </span>
    </p>
   </div>
   <div class='ocr_carea' id='block_1_49' title="bbox 581 4803 2170 4876">
    <p class='ocr_par' dir='ltr' id='par_1_49' title="bbox 581 4803 2170 4876">
     <span class='ocr_line' id='line_1_49' title="bbox 581 4803 2170 4876; baseline 0.001 -16"><span class='ocrx_word' id='word_1_379' title='bbox 581 4806 655 4861; x_wconf 90' lang='lat' dir='ltr'><strong>sis</strong></span> <span class='ocrx_word' id='word_1_380' title='bbox 701 4806 876 4872; x_wconf 89' lang='lat' dir='ltr'><strong>Deus,</strong></span> <span class='ocrx_word' id='word_1_381' title='bbox 922 4819 1131 4860; x_wconf 91' lang='lat' dir='ltr'><strong>summa</strong></span> <span class='ocrx_word' id='word_1_382' title='bbox 1179 4813 1332 4860; x_wconf 90' lang='lat' dir='ltr'><strong>utens</strong></span> <span class='ocrx_word' id='word_1_383' title='bbox 1370 4803 1738 4876; x_wconf 80' lang='lat' dir='ltr'><strong>indulgentia,</strong></span> <span class='ocrx_word' id='word_1_384' title='bbox 1783 4821 1878 4875; x_wconf 90' lang='lat' dir='ltr'><strong>per</strong></span> <span class='ocrx_word' id='word_1_385' title='bbox 1916 4816 2170 4862; x_wconf 88' lang='lat' dir='ltr'><strong>consueta</strong></span> 
     </span>
    </p>
   </div>
   <div class='ocr_carea' id='block_1_50' title="bbox 578 4895 2170 4967">
    <p class='ocr_par' dir='ltr' id='par_1_50' title="bbox 578 4895 2170 4967">
     <span class='ocr_line' id='line_1_50' title="bbox 578 4895 2170 4967; baseline 0.001 -17"><span class='ocrx_word' id='word_1_386' title='bbox 578 4907 736 4953; x_wconf 90' lang='lat' dir='ltr'><strong>vocat</strong></span> <span class='ocrx_word' id='word_1_387' title='bbox 774 4896 890 4953; x_wconf 89' lang='lat' dir='ltr'><strong>illos</strong></span> <span class='ocrx_word' id='word_1_388' title='bbox 910 4939 926 4965; x_wconf 97' lang='lat'><strong>,</strong></span> <span class='ocrx_word' id='word_1_389' title='bbox 967 4895 1306 4967; x_wconf 89' lang='lat' dir='ltr'><strong>ostenditque</strong></span> <span class='ocrx_word' id='word_1_390' title='bbox 1333 4896 1542 4951; x_wconf 90' lang='lat' dir='ltr'><strong>stellam</strong></span> <span class='ocrx_word' id='word_1_391' title='bbox 1571 4910 1814 4966; x_wconf 90' lang='lat' dir='ltr'><strong>magnam</strong></span> <span class='ocrx_word' id='word_1_392' title='bbox 1845 4897 1912 4952; x_wconf 89' lang='lat' dir='ltr'><strong>ab</strong></span> <span class='ocrx_word' id='word_1_393' title='bbox 1940 4898 2059 4952; x_wconf 90' lang='lat' dir='ltr'><strong>aliis</strong></span> <span class='ocrx_word' id='word_1_394' title='bbox 2089 4899 2170 4952; x_wconf 83' lang='lat' dir='ltr'><strong>di-</strong></span> 
     </span>
    </p>
   </div>
   <div class='ocr_carea' id='block_1_51' title="bbox 573 4984 2172 5058">
    <p class='ocr_par' dir='ltr' id='par_1_51' title="bbox 573 4984 2172 5058">
     <span class='ocr_line' id='line_1_51' title="bbox 573 4984 2172 5058; baseline -0.001 -14"><span class='ocrx_word' id='word_1_395' title='bbox 573 5005 786 5046; x_wconf 85' lang='lat' dir='ltr'><strong>versam</strong></span> <span class='ocrx_word' id='word_1_396' title='bbox 806 5030 821 5054; x_wconf 89' lang='lat'><strong>,</strong></span> <span class='ocrx_word' id='word_1_397' title='bbox 865 4996 925 5042; x_wconf 92' lang='lat' dir='ltr'><strong>ut</strong></span> <span class='ocrx_word' id='word_1_398' title='bbox 967 4987 1110 5058; x_wconf 88' lang='lat' dir='ltr'><strong>ipsos</strong></span> <span class='ocrx_word' id='word_1_399' title='bbox 1137 4995 1192 5042; x_wconf 92' lang='lat' dir='ltr'><strong>et</strong></span> <span class='ocrx_word' id='word_1_400' title='bbox 1217 5001 1284 5040; x_wconf 78' lang='lat' dir='ltr'><strong>ex</strong></span> <span class='ocrx_word' id='word_1_401' title='bbox 1309 4984 1674 5057; x_wconf 86' lang='lat' dir='ltr'><strong>magnitudine</strong></span> <span class='ocrx_word' id='word_1_402' title='bbox 1696 4993 1753 5042; x_wconf 92' lang='lat' dir='ltr'><strong>et</strong></span> <span class='ocrx_word' id='word_1_403' title='bbox 1776 5001 1840 5041; x_wconf 83' lang='lat' dir='ltr'><strong>ex</strong></span> <span class='ocrx_word' id='word_1_404' title='bbox 1875 4985 2172 5057; x_wconf 86' lang='lat' dir='ltr'><strong>pulchritu-</strong></span> 
     </span>
    </p>
   </div>
   <div class='ocr_carea' id='block_1_52' title="bbox 519 5077 2172 5148">
    <p class='ocr_par' dir='ltr' id='par_1_52' title="bbox 519 5077 2172 5148">
     <span class='ocr_line' id='line_1_52' title="bbox 519 5077 2172 5148; baseline -0.001 -13"><span class='ocrx_word' id='word_1_405' title='bbox 519 5077 528 5093; x_wconf 74' lang='lat'>&quot;</span> <span class='ocrx_word' id='word_1_406' title='bbox 572 5080 700 5135; x_wconf 90' lang='lat' dir='ltr'><strong>dine</strong></span> <span class='ocrx_word' id='word_1_407' title='bbox 744 5077 1036 5148; x_wconf 89' lang='lat' dir='ltr'><strong>spectaculi</strong></span> <span class='ocrx_word' id='word_1_408' title='bbox 1079 5077 1429 5146; x_wconf 84' lang='lat' dir='ltr'><strong>percelleret,</strong></span> <span class='ocrx_word' id='word_1_409' title='bbox 1457 5091 1668 5133; x_wconf 87' lang='lat' dir='ltr'><strong>necnon</strong></span> <span class='ocrx_word' id='word_1_410' title='bbox 1697 5078 1859 5134; x_wconf 91' lang='lat' dir='ltr'><strong>etiam</strong></span> <span class='ocrx_word' id='word_1_411' title='bbox 1888 5093 1954 5134; x_wconf 82' lang='lat' dir='ltr'><strong>ex</strong></span> <span class='ocrx_word' id='word_1_412' title='bbox 1983 5092 2172 5134; x_wconf 90' lang='lat' dir='ltr'><strong>cur-sus</strong></span> 
     </span>
    </p>
   </div>
   <div class='ocr_carea' id='block_1_53' title="bbox 573 5166 2170 5232">
    <p class='ocr_par' dir='ltr' id='par_1_53' title="bbox 573 5166 2170 5232">
     <span class='ocr_line' id='line_1_53' title="bbox 573 5166 2170 5232; baseline -0.001 -7"><span class='ocrx_word' id='word_1_413' title='bbox 573 5171 754 5225; x_wconf 85' lang='lat' dir='ltr'><strong>modo.</strong></span> <span class='ocrx_word' id='word_1_414' title='bbox 787 5168 913 5223; x_wconf 70' lang='lat' dir='ltr'><strong>Haec</strong></span> <span class='ocrx_word' id='word_1_415' title='bbox 951 5176 1005 5222; x_wconf 93' lang='lat' dir='ltr'><strong>et</strong></span> <span class='ocrx_word' id='word_1_416' title='bbox 1053 5166 1246 5222; x_wconf 87' lang='lat' dir='ltr'><strong>Paulus</strong></span> <span class='ocrx_word' id='word_1_417' title='bbox 1288 5166 1555 5232; x_wconf 89' lang='lat' dir='ltr'><strong>imitatus,</strong></span> <span class='ocrx_word' id='word_1_418' title='bbox 1596 5183 1663 5223; x_wconf 77' lang='lat' dir='ltr'><strong>ex</strong></span> <span class='ocrx_word' id='word_1_419' title='bbox 1700 5184 1791 5221; x_wconf 89' lang='lat' dir='ltr'><strong>ara</strong></span> <span class='ocrx_word' id='word_1_420' title='bbox 1821 5183 1941 5224; x_wconf 92' lang='lat' dir='ltr'><strong>eum</strong></span> <span class='ocrx_word' id='word_1_421' title='bbox 1967 5167 2170 5224; x_wconf 72' lang='lat' dir='ltr'><strong>Graecis</strong></span> 
     </span>
    </p>
   </div>
   <div class='ocr_carea' id='block_1_54' title="bbox 572 5261 2167 5330">
    <p class='ocr_par' dir='ltr' id='par_1_54' title="bbox 572 5261 2167 5330">
     <span class='ocr_line' id='line_1_54' title="bbox 572 5261 2167 5330; baseline -0.004 -10"><span class='ocrx_word' id='word_1_422' title='bbox 572 5263 871 5320; x_wconf 86' lang='lat' dir='ltr'><strong>disserendi</strong></span> <span class='ocrx_word' id='word_1_423' title='bbox 911 5261 1248 5316; x_wconf 88' lang='lat' dir='ltr'><strong>occasionem</strong></span> <span class='ocrx_word' id='word_1_424' title='bbox 1275 5261 1469 5330; x_wconf 90' lang='lat' dir='ltr'><strong>accipit</strong></span> <span class='ocrx_word' id='word_1_425' title='bbox 1491 5302 1507 5325; x_wconf 96' lang='lat'><strong>,</strong></span> <span class='ocrx_word' id='word_1_426' title='bbox 1539 5270 1593 5316; x_wconf 91' lang='lat' dir='ltr'><strong>et</strong></span> <span class='ocrx_word' id='word_1_427' title='bbox 1620 5269 1893 5330; x_wconf 90' lang='lat' dir='ltr'><strong>poetarum</strong></span> <span class='ocrx_word' id='word_1_428' title='bbox 1924 5262 2167 5316; x_wconf 83' lang='lat' dir='ltr'><strong>testimo-</strong></span> 
     </span>
    </p>
   </div>
   <div class='ocr_carea' id='block_1_55' title="bbox 574 5351 2166 5410">
    <p class='ocr_par' dir='ltr' id='par_1_55' title="bbox 574 5351 2166 5410">
     <span class='ocr_line' id='line_1_55' title="bbox 574 5351 2166 5410; baseline -0.001 0"><span class='ocrx_word' id='word_1_429' title='bbox 574 5356 658 5410; x_wconf 80' lang='lat' dir='ltr'><strong>nia</strong></span> <span class='ocrx_word' id='word_1_430' title='bbox 691 5356 743 5409; x_wconf 91' lang='lat' dir='ltr'><strong>in</strong></span> <span class='ocrx_word' id='word_1_431' title='bbox 771 5353 1004 5409; x_wconf 89' lang='lat' dir='ltr'><strong>medium</strong></span> <span class='ocrx_word' id='word_1_432' title='bbox 1031 5352 1248 5408; x_wconf 88' lang='lat' dir='ltr'><strong>adducit</strong></span> <span class='ocrx_word' id='word_1_433' title='bbox 1276 5372 1291 5410; x_wconf 90' lang='lat'>:</span> <span class='ocrx_word' id='word_1_434' title='bbox 1317 5351 1530 5408; x_wconf 78' lang='lat' dir='ltr'><strong>Judteos</strong></span> <span class='ocrx_word' id='word_1_435' title='bbox 1555 5367 1688 5408; x_wconf 83' lang='lat' dir='ltr'><strong>vero</strong></span> <span class='ocrx_word' id='word_1_436' title='bbox 1707 5353 2166 5409; x_wconf 58' lang='lat' dir='ltr'><strong>circumcisione&quot;)</strong></span> 
     </span>
    </p>
   </div>
   <div class='ocr_carea' id='block_1_56' title="bbox 575 5445 2160 5517">
    <p class='ocr_par' dir='ltr' id='par_1_56' title="bbox 575 5445 2160 5517">
     <span class='ocr_line' id='line_1_56' title="bbox 575 5445 2160 5517; baseline 0.001 -16"><span class='ocrx_word' id='word_1_437' title='bbox 575 5462 883 5502; x_wconf 88' lang='lat' dir='ltr'><strong>memorans</strong></span> <span class='ocrx_word' id='word_1_438' title='bbox 928 5448 1248 5517; x_wconf 88' lang='lat' dir='ltr'><strong>alloquitur,</strong></span> <span class='ocrx_word' id='word_1_439' title='bbox 1288 5455 1343 5502; x_wconf 88' lang='lat' dir='ltr'><strong>et</strong></span> <span class='ocrx_word' id='word_1_440' title='bbox 1380 5460 1473 5503; x_wconf 90' lang='lat' dir='ltr'><strong>eos</strong></span> <span class='ocrx_word' id='word_1_441' title='bbox 1499 5445 1589 5516; x_wconf 88' lang='lat' dir='ltr'><strong>qui</strong></span> <span class='ocrx_word' id='word_1_442' title='bbox 1617 5446 1717 5501; x_wconf 90' lang='lat' dir='ltr'><strong>sub</strong></span> <span class='ocrx_word' id='word_1_443' title='bbox 1743 5445 1860 5516; x_wconf 88' lang='lat' dir='ltr'><strong>lege</strong></span> <span class='ocrx_word' id='word_1_444' title='bbox 1886 5447 2160 5510; x_wconf 79' lang='lat' dir='ltr'><strong>viverent,</strong></span> 
     </span>
    </p>
   </div>
   <div class='ocr_carea' id='block_1_57' title="bbox 631 5656 1203 5722">
    <p class='ocr_par' dir='ltr' id='par_1_57' title="bbox 631 5656 1203 5722">
     <span class='ocr_line' id='line_1_57' title="bbox 631 5656 1203 5722; baseline 0.009 -19"><span class='ocrx_word' id='word_1_445' title='bbox 631 5658 648 5686; x_wconf 80' lang='grc' dir='ltr'><strong><em>ι</em></strong></span> <span class='ocrx_word' id='word_1_446' title='bbox 685 5656 864 5719; x_wconf 81' lang='lat' dir='ltr'><strong>Aliqui,</strong></span> <span class='ocrx_word' id='word_1_447' title='bbox 888 5671 974 5721; x_wconf 86' lang='lat' dir='ltr'><strong>per</strong></span> <span class='ocrx_word' id='word_1_448' title='bbox 997 5659 1203 5722; x_wconf 77' lang='lat' dir='ltr'><strong>angelos.</strong></span> 
     </span>
    </p>
   </div>
   <div class='ocr_carea' id='block_1_58' title="bbox 2291 420 3891 489">
    <p class='ocr_par' dir='ltr' id='par_1_58' title="bbox 2291 420 3891 489">
     <span class='ocr_line' id='line_1_58' title="bbox 2291 420 3891 489; baseline 0 -11"><span class='ocrx_word' id='word_1_449' title='bbox 2291 439 2323 478; x_wconf 92' lang='lat' dir='ltr'><strong>a</strong></span> <span class='ocrx_word' id='word_1_450' title='bbox 2371 421 2654 479; x_wconf 80' lang='lat' dir='ltr'><strong>sacriﬁciis</strong></span> <span class='ocrx_word' id='word_1_451' title='bbox 2685 438 2842 477; x_wconf 90' lang='lat' dir='ltr'><strong>orsus</strong></span> <span class='ocrx_word' id='word_1_452' title='bbox 2864 462 2881 487; x_wconf 94' lang='lat'><strong>,</strong></span> <span class='ocrx_word' id='word_1_453' title='bbox 2915 422 3157 478; x_wconf 88' lang='lat' dir='ltr'><strong>doctrina</strong></span> <span class='ocrx_word' id='word_1_454' title='bbox 3196 420 3404 477; x_wconf 90' lang='lat' dir='ltr'><strong>imbuit.</strong></span> <span class='ocrx_word' id='word_1_455' title='bbox 3433 420 3567 489; x_wconf 89' lang='lat' dir='ltr'><strong>Quia</strong></span> <span class='ocrx_word' id='word_1_456' title='bbox 3591 421 3733 477; x_wconf 90' lang='lat' dir='ltr'><strong>enim</strong></span> <span class='ocrx_word' id='word_1_457' title='bbox 3759 437 3891 478; x_wconf 86' lang='lat' dir='ltr'><strong>con-</strong></span> 
     </span>
    </p>
   </div>
   <div class='ocr_carea' id='block_1_59' title="bbox 2291 514 3893 585">
    <p class='ocr_par' dir='ltr' id='par_1_59' title="bbox 2291 514 3893 585">
     <span class='ocr_line' id='line_1_59' title="bbox 2291 514 3893 585; baseline 0.001 -15"><span class='ocrx_word' id='word_1_458' title='bbox 2291 523 2502 570; x_wconf 88' lang='lat' dir='ltr'><strong>suetum</strong></span> <span class='ocrx_word' id='word_1_459' title='bbox 2548 515 2650 569; x_wconf 90' lang='lat' dir='ltr'><strong>sibi</strong></span> <span class='ocrx_word' id='word_1_460' title='bbox 2695 515 2921 585; x_wconf 90' lang='lat' dir='ltr'><strong>quisque</strong></span> <span class='ocrx_word' id='word_1_461' title='bbox 2968 530 3172 569; x_wconf 92' lang='lat' dir='ltr'><strong>morem</strong></span> <span class='ocrx_word' id='word_1_462' title='bbox 3225 514 3455 570; x_wconf 90' lang='lat' dir='ltr'><strong>libenter</strong></span> <span class='ocrx_word' id='word_1_463' title='bbox 3501 515 3784 584; x_wconf 89' lang='lat' dir='ltr'><strong>sequitur,</strong></span> <span class='ocrx_word' id='word_1_464' title='bbox 3834 525 3893 571; x_wconf 91' lang='lat' dir='ltr'><strong>et</strong></span> 
     </span>
    </p>
   </div>
   <div class='ocr_carea' id='block_1_60' title="bbox 2296 607 3894 673">
    <p class='ocr_par' dir='ltr' id='par_1_60' title="bbox 2296 607 3894 673">
     <span class='ocr_line' id='line_1_60' title="bbox 2296 607 3894 673; baseline 0.003 -12"><span class='ocrx_word' id='word_1_465' title='bbox 2296 608 2436 663; x_wconf 91' lang='lat' dir='ltr'><strong>Deus</strong></span> <span class='ocrx_word' id='word_1_466' title='bbox 2473 615 2529 662; x_wconf 90' lang='lat' dir='ltr'><strong>et</strong></span> <span class='ocrx_word' id='word_1_467' title='bbox 2564 607 2662 662; x_wconf 88' lang='lat' dir='ltr'><strong>viri</strong></span> <span class='ocrx_word' id='word_1_468' title='bbox 2705 622 2735 662; x_wconf 90' lang='lat' dir='ltr'><strong>a</strong></span> <span class='ocrx_word' id='word_1_469' title='bbox 2778 607 2891 662; x_wconf 92' lang='lat' dir='ltr'><strong>Deo</strong></span> <span class='ocrx_word' id='word_1_470' title='bbox 2929 607 2996 662; x_wconf 92' lang='lat' dir='ltr'><strong>ad</strong></span> <span class='ocrx_word' id='word_1_471' title='bbox 3043 607 3191 662; x_wconf 91' lang='lat' dir='ltr'><strong>orbis</strong></span> <span class='ocrx_word' id='word_1_472' title='bbox 3232 607 3456 662; x_wconf 91' lang='lat' dir='ltr'><strong>salutem</strong></span> <span class='ocrx_word' id='word_1_473' title='bbox 3490 608 3673 673; x_wconf 88' lang='lat' dir='ltr'><strong>missi,</strong></span> <span class='ocrx_word' id='word_1_474' title='bbox 3699 608 3769 663; x_wconf 89' lang='lat' dir='ltr'><strong>ita</strong></span> <span class='ocrx_word' id='word_1_475' title='bbox 3800 623 3894 666; x_wconf 86' lang='lat' dir='ltr'><strong>res</strong></span> 
     </span>
    </p>
   </div>
   <div class='ocr_carea' id='block_1_61' title="bbox 2292 697 3893 770">
    <p class='ocr_par' dir='ltr' id='par_1_61' title="bbox 2292 697 3893 770">
     <span class='ocr_line' id='line_1_61' title="bbox 2292 697 3893 770; baseline 0.002 -18"><span class='ocrx_word' id='word_1_476' title='bbox 2292 707 2542 753; x_wconf 90' lang='lat' dir='ltr'><strong>tractant.</strong></span> <span class='ocrx_word' id='word_1_477' title='bbox 2586 697 2666 753; x_wconf 88' lang='lat' dir='ltr'><strong>Ne</strong></span> <span class='ocrx_word' id='word_1_478' title='bbox 2710 698 2893 768; x_wconf 85' lang='lat' dir='ltr'><strong>itaque</strong></span> <span class='ocrx_word' id='word_1_479' title='bbox 2930 697 3204 769; x_wconf 88' lang='lat' dir='ltr'><strong>indignum</strong></span> <span class='ocrx_word' id='word_1_480' title='bbox 3243 697 3356 752; x_wconf 92' lang='lat' dir='ltr'><strong>Deo</strong></span> <span class='ocrx_word' id='word_1_481' title='bbox 3393 708 3584 768; x_wconf 88' lang='lat' dir='ltr'><strong>putes,</strong></span> <span class='ocrx_word' id='word_1_482' title='bbox 3621 698 3765 769; x_wconf 88' lang='lat' dir='ltr'><strong>quod</strong></span> <span class='ocrx_word' id='word_1_483' title='bbox 3794 715 3893 770; x_wconf 88' lang='lat' dir='ltr'><strong>per</strong></span> 
     </span>
    </p>
   </div>
   <div class='ocr_carea' id='block_1_62' title="bbox 2291 788 3892 861">
    <p class='ocr_par' dir='ltr' id='par_1_62' title="bbox 2291 788 3892 861">
     <span class='ocr_line' id='line_1_62' title="bbox 2291 788 3892 861; baseline 0 -16"><span class='ocrx_word' id='word_1_484' title='bbox 2291 790 2498 845; x_wconf 90' lang='lat' dir='ltr'><strong>stellam</strong></span> <span class='ocrx_word' id='word_1_485' title='bbox 2543 789 2688 858; x_wconf 90' lang='lat' dir='ltr'><strong>ipsos</strong></span> <span class='ocrx_word' id='word_1_486' title='bbox 2732 789 3006 844; x_wconf 88' lang='lat' dir='ltr'><strong>vocaverit</strong></span> <span class='ocrx_word' id='word_1_487' title='bbox 3055 805 3068 841; x_wconf 89' lang='lat'><strong>:</strong></span> <span class='ocrx_word' id='word_1_488' title='bbox 3123 789 3202 844; x_wconf 87' lang='lat' dir='ltr'><strong>sic</strong></span> <span class='ocrx_word' id='word_1_489' title='bbox 3248 788 3391 843; x_wconf 90' lang='lat' dir='ltr'><strong>enim</strong></span> <span class='ocrx_word' id='word_1_490' title='bbox 3431 788 3651 845; x_wconf 82' lang='lat' dir='ltr'><strong>Judaica</strong></span> <span class='ocrx_word' id='word_1_491' title='bbox 3675 805 3892 861; x_wconf 89' lang='lat' dir='ltr'><strong>quoque</strong></span> 
     </span>
    </p>
   </div>
   <div class='ocr_carea' id='block_1_63' title="bbox 2291 879 3887 952">
    <p class='ocr_par' dir='ltr' id='par_1_63' title="bbox 2291 879 3887 952">
     <span class='ocr_line' id='line_1_63' title="bbox 2291 879 3887 952; baseline 0.001 -16"><span class='ocrx_word' id='word_1_492' title='bbox 2291 882 2471 937; x_wconf 90' lang='lat' dir='ltr'><strong>omnia</strong></span> <span class='ocrx_word' id='word_1_493' title='bbox 2517 879 2844 952; x_wconf 90' lang='lat' dir='ltr'><strong>improbabis</strong></span> <span class='ocrx_word' id='word_1_494' title='bbox 2863 923 2880 949; x_wconf 91' lang='lat'><strong>,</strong></span> <span class='ocrx_word' id='word_1_495' title='bbox 2905 881 3164 936; x_wconf 76' lang='lat' dir='ltr'><strong>sacrificia</strong></span> <span class='ocrx_word' id='word_1_496' title='bbox 3191 895 3383 951; x_wconf 86' lang='lat' dir='ltr'><strong>nempe</strong></span> <span class='ocrx_word' id='word_1_497' title='bbox 3400 923 3418 948; x_wconf 94' lang='lat'><strong>,</strong></span> <span class='ocrx_word' id='word_1_498' title='bbox 3447 881 3852 951; x_wconf 84' lang='lat' dir='ltr'><strong>puriﬁcationes</strong></span> <span class='ocrx_word' id='word_1_499' title='bbox 3869 925 3887 950; x_wconf 96' lang='lat'><strong>,</strong></span> 
     </span>
    </p>
   </div>
   <div class='ocr_carea' id='block_1_64' title="bbox 2292 971 3886 1042">
    <p class='ocr_par' dir='ltr' id='par_1_64' title="bbox 2292 971 3886 1042">
     <span class='ocr_line' id='line_1_64' title="bbox 2292 971 3886 1042; baseline 0.001 -15"><span class='ocrx_word' id='word_1_500' title='bbox 2292 973 2603 1028; x_wconf 89' lang='lat' dir='ltr'><strong>neomenias</strong></span> <span class='ocrx_word' id='word_1_501' title='bbox 2625 1013 2642 1040; x_wconf 95' lang='lat'><strong>,</strong></span> <span class='ocrx_word' id='word_1_502' title='bbox 2671 986 2852 1028; x_wconf 88' lang='lat' dir='ltr'><strong>aream</strong></span> <span class='ocrx_word' id='word_1_503' title='bbox 2871 1015 2886 1038; x_wconf 93' lang='lat'><strong>,</strong></span> <span class='ocrx_word' id='word_1_504' title='bbox 2913 973 3193 1042; x_wconf 88' lang='lat' dir='ltr'><strong>ipsumque</strong></span> <span class='ocrx_word' id='word_1_505' title='bbox 3223 971 3498 1042; x_wconf 89' lang='lat' dir='ltr'><strong>templum.</strong></span> <span class='ocrx_word' id='word_1_506' title='bbox 3528 971 3654 1028; x_wconf 67' lang='lat' dir='ltr'><strong>Haec</strong></span> <span class='ocrx_word' id='word_1_507' title='bbox 3682 973 3886 1042; x_wconf 88' lang='lat' dir='ltr'><strong>quippe</strong></span> 
     </span>
    </p>
   </div>
   <div class='ocr_carea' id='block_1_65' title="bbox 2291 1063 3891 1134">
    <p class='ocr_par' dir='ltr' id='par_1_65' title="bbox 2291 1063 3891 1134">
     <span class='ocr_line' id='line_1_65' title="bbox 2291 1063 3891 1134; baseline 0.001 -16"><span class='ocrx_word' id='word_1_508' title='bbox 2291 1064 2470 1119; x_wconf 91' lang='lat' dir='ltr'><strong>omnia</strong></span> <span class='ocrx_word' id='word_1_509' title='bbox 2512 1078 2583 1120; x_wconf 80' lang='lat' dir='ltr'><strong>ex</strong></span> <span class='ocrx_word' id='word_1_510' title='bbox 2617 1063 2852 1134; x_wconf 89' lang='lat' dir='ltr'><strong>gentium</strong></span> <span class='ocrx_word' id='word_1_511' title='bbox 2879 1063 3232 1118; x_wconf 88' lang='lat' dir='ltr'><strong>crassitudine</strong></span> <span class='ocrx_word' id='word_1_512' title='bbox 3260 1071 3439 1118; x_wconf 91' lang='lat' dir='ltr'><strong>ortum</strong></span> <span class='ocrx_word' id='word_1_513' title='bbox 3467 1063 3754 1119; x_wconf 81' lang='lat' dir='ltr'><strong>duxerunt.</strong></span> <span class='ocrx_word' id='word_1_514' title='bbox 3786 1068 3891 1119; x_wconf 83' lang='lat' dir='ltr'><strong>At-</strong></span> 
     </span>
    </p>
   </div>
   <div class='ocr_carea' id='block_1_66' title="bbox 2291 1153 3892 1225">
    <p class='ocr_par' dir='ltr' id='par_1_66' title="bbox 2291 1153 3892 1225">
     <span class='ocr_line' id='line_1_66' title="bbox 2291 1153 3892 1225; baseline 0 -15"><span class='ocrx_word' id='word_1_515' title='bbox 2291 1163 2470 1210; x_wconf 91' lang='lat' dir='ltr'><strong>tamen</strong></span> <span class='ocrx_word' id='word_1_516' title='bbox 2517 1155 2658 1210; x_wconf 88' lang='lat' dir='ltr'><strong>Deus</strong></span> <span class='ocrx_word' id='word_1_517' title='bbox 2695 1154 2765 1210; x_wconf 89' lang='lat' dir='ltr'><strong>ad</strong></span> <span class='ocrx_word' id='word_1_518' title='bbox 2802 1155 3096 1210; x_wconf 89' lang='lat' dir='ltr'><strong>errantium</strong></span> <span class='ocrx_word' id='word_1_519' title='bbox 3135 1153 3362 1209; x_wconf 89' lang='lat' dir='ltr'><strong>salutem</strong></span> <span class='ocrx_word' id='word_1_520' title='bbox 3387 1153 3471 1210; x_wconf 87' lang='lat' dir='ltr'><strong>his</strong></span> <span class='ocrx_word' id='word_1_521' title='bbox 3498 1168 3558 1209; x_wconf 91' lang='lat' dir='ltr'><strong>se</strong></span> <span class='ocrx_word' id='word_1_522' title='bbox 3586 1169 3777 1225; x_wconf 90' lang='lat' dir='ltr'><strong>passus</strong></span> <span class='ocrx_word' id='word_1_523' title='bbox 3804 1164 3892 1210; x_wconf 89' lang='lat' dir='ltr'><strong>est</strong></span> 
     </span>
    </p>
   </div>
   <div class='ocr_carea' id='block_1_67' title="bbox 2291 1243 3889 1316">
    <p class='ocr_par' dir='ltr' id='par_1_67' title="bbox 2291 1243 3889 1316">
     <span class='ocr_line' id='line_1_67' title="bbox 2291 1243 3889 1316; baseline -0.001 -14"><span class='ocrx_word' id='word_1_524' title='bbox 2291 1245 2431 1313; x_wconf 90' lang='lat' dir='ltr'><strong>coli,</strong></span> <span class='ocrx_word' id='word_1_525' title='bbox 2477 1245 2672 1316; x_wconf 90' lang='lat' dir='ltr'><strong>quibus</strong></span> <span class='ocrx_word' id='word_1_526' title='bbox 2716 1245 2990 1300; x_wconf 70' lang='lat' dir='ltr'><strong>dazmonas</strong></span> <span class='ocrx_word' id='word_1_527' title='bbox 3015 1243 3244 1315; x_wconf 88' lang='lat' dir='ltr'><strong>gentiles</strong></span> <span class='ocrx_word' id='word_1_528' title='bbox 3273 1244 3348 1299; x_wconf 91' lang='lat' dir='ltr'><strong>illi</strong></span> <span class='ocrx_word' id='word_1_529' title='bbox 3374 1243 3652 1311; x_wconf 88' lang='lat' dir='ltr'><strong>colebant,</strong></span> <span class='ocrx_word' id='word_1_530' title='bbox 3681 1244 3775 1300; x_wconf 92' lang='lat' dir='ltr'><strong>illo</strong></span> <span class='ocrx_word' id='word_1_531' title='bbox 3801 1254 3889 1300; x_wconf 83' lang='lat' dir='ltr'><strong>ta-</strong></span> 
     </span>
    </p>
   </div>
   <div class='ocr_carea' id='block_1_68' title="bbox 2290 1335 3886 1408">
    <p class='ocr_par' dir='ltr' id='par_1_68' title="bbox 2290 1335 3886 1408">
     <span class='ocr_line' id='line_1_68' title="bbox 2290 1335 3886 1408; baseline -0.001 -15"><span class='ocrx_word' id='word_1_532' title='bbox 2290 1353 2413 1394; x_wconf 90' lang='lat' dir='ltr'><strong>men</strong></span> <span class='ocrx_word' id='word_1_533' title='bbox 2453 1339 2599 1393; x_wconf 91' lang='lat' dir='ltr'><strong>eultu</strong></span> <span class='ocrx_word' id='word_1_534' title='bbox 2628 1338 2888 1408; x_wconf 89' lang='lat' dir='ltr'><strong>tantisper</strong></span> <span class='ocrx_word' id='word_1_535' title='bbox 2912 1344 3150 1402; x_wconf 88' lang='lat' dir='ltr'><strong>mutato,</strong></span> <span class='ocrx_word' id='word_1_536' title='bbox 3180 1343 3239 1391; x_wconf 90' lang='lat' dir='ltr'><strong>ut</strong></span> <span class='ocrx_word' id='word_1_537' title='bbox 3263 1335 3386 1391; x_wconf 91' lang='lat' dir='ltr'><strong>illos</strong></span> <span class='ocrx_word' id='word_1_538' title='bbox 3416 1335 3667 1406; x_wconf 86' lang='lat' dir='ltr'><strong>paulatim</strong></span> <span class='ocrx_word' id='word_1_539' title='bbox 3691 1352 3720 1391; x_wconf 92' lang='lat' dir='ltr'><strong>a</strong></span> <span class='ocrx_word' id='word_1_540' title='bbox 3749 1351 3886 1392; x_wconf 77' lang='lat' dir='ltr'><strong>con-</strong></span> 
     </span>
    </p>
   </div>
   <div class='ocr_carea' id='block_1_69' title="bbox 2291 1426 3887 1498">
    <p class='ocr_par' dir='ltr' id='par_1_69' title="bbox 2291 1426 3887 1498">
     <span class='ocr_line' id='line_1_69' title="bbox 2291 1426 3887 1498; baseline -0.001 -13"><span class='ocrx_word' id='word_1_541' title='bbox 2291 1429 2572 1486; x_wconf 89' lang='lat' dir='ltr'><strong>suetudine</strong></span> <span class='ocrx_word' id='word_1_542' title='bbox 2596 1428 2855 1484; x_wconf 90' lang='lat' dir='ltr'><strong>abductos</strong></span> <span class='ocrx_word' id='word_1_543' title='bbox 2875 1469 2890 1494; x_wconf 98' lang='lat'><strong>,</strong></span> <span class='ocrx_word' id='word_1_544' title='bbox 2922 1426 2988 1483; x_wconf 90' lang='lat' dir='ltr'><strong>ad</strong></span> <span class='ocrx_word' id='word_1_545' title='bbox 3017 1427 3301 1485; x_wconf 85' lang='lat' dir='ltr'><strong>sublimem</strong></span> <span class='ocrx_word' id='word_1_546' title='bbox 3322 1427 3466 1482; x_wconf 86' lang='lat' dir='ltr'><strong>illam</strong></span> <span class='ocrx_word' id='word_1_547' title='bbox 3490 1427 3887 1498; x_wconf 83' lang='lat' dir='ltr'><strong>philosophiam</strong></span> 
     </span>
    </p>
   </div>
   <div class='ocr_carea' id='block_1_70' title="bbox 2290 1517 3890 1592">
    <p class='ocr_par' dir='ltr' id='par_1_70' title="bbox 2290 1517 3890 1592">
     <span class='ocr_line' id='line_1_70' title="bbox 2290 1517 3890 1592; baseline -0.004 -13"><span class='ocrx_word' id='word_1_548' title='bbox 2290 1523 2604 1579; x_wconf 86' lang='lat' dir='ltr'><strong>deduceret.</strong></span> <span class='ocrx_word' id='word_1_549' title='bbox 2637 1521 2694 1576; x_wconf 91' lang='lat' dir='ltr'><strong>id</strong></span> <span class='ocrx_word' id='word_1_550' title='bbox 2715 1519 2857 1592; x_wconf 90' lang='lat' dir='ltr'><strong>quod</strong></span> <span class='ocrx_word' id='word_1_551' title='bbox 2883 1520 3042 1575; x_wconf 89' lang='lat' dir='ltr'><strong>etiam</strong></span> <span class='ocrx_word' id='word_1_552' title='bbox 3064 1520 3208 1576; x_wconf 90' lang='lat' dir='ltr'><strong>circa</strong></span> <span class='ocrx_word' id='word_1_553' title='bbox 3229 1533 3414 1589; x_wconf 87' lang='lat' dir='ltr'><strong>magos</strong></span> <span class='ocrx_word' id='word_1_554' title='bbox 3435 1517 3645 1586; x_wconf 73' lang='lat' dir='ltr'><strong>effecit,</strong></span> <span class='ocrx_word' id='word_1_555' title='bbox 3670 1535 3793 1575; x_wconf 91' lang='lat' dir='ltr'><strong>cum</strong></span> <span class='ocrx_word' id='word_1_556' title='bbox 3823 1520 3890 1573; x_wconf 93' lang='lat' dir='ltr'><strong>il-</strong></span> 
     </span>
    </p>
   </div>
   <div class='ocr_carea' id='block_1_71' title="bbox 2290 1610 3887 1683">
    <p class='ocr_par' dir='ltr' id='par_1_71' title="bbox 2290 1610 3887 1683">
     <span class='ocr_line' id='line_1_71' title="bbox 2290 1610 3887 1683; baseline -0.001 -15"><span class='ocrx_word' id='word_1_557' title='bbox 2290 1613 2372 1669; x_wconf 91' lang='lat' dir='ltr'><strong>los</strong></span> <span class='ocrx_word' id='word_1_558' title='bbox 2413 1629 2507 1683; x_wconf 88' lang='lat' dir='ltr'><strong>per</strong></span> <span class='ocrx_word' id='word_1_559' title='bbox 2549 1613 2721 1668; x_wconf 62' lang='lat' dir='ltr'><strong>stella:</strong></span> <span class='ocrx_word' id='word_1_560' title='bbox 2759 1611 2931 1666; x_wconf 91' lang='lat' dir='ltr'><strong>visum</strong></span> <span class='ocrx_word' id='word_1_561' title='bbox 2957 1612 3201 1676; x_wconf 78' lang='lat' dir='ltr'><strong>vocavit,</strong></span> <span class='ocrx_word' id='word_1_562' title='bbox 3233 1618 3294 1665; x_wconf 85' lang='lat' dir='ltr'><strong>ut</strong></span> <span class='ocrx_word' id='word_1_563' title='bbox 3319 1610 3514 1666; x_wconf 91' lang='lat' dir='ltr'><strong>deinde</strong></span> <span class='ocrx_word' id='word_1_564' title='bbox 3542 1611 3887 1667; x_wconf 86' lang='lat' dir='ltr'><strong>sublimiores</strong></span> 
     </span>
    </p>
   </div>
   <div class='ocr_carea' id='block_1_72' title="bbox 2291 1699 3890 1773">
    <p class='ocr_par' dir='ltr' id='par_1_72' title="bbox 2291 1699 3890 1773">
     <span class='ocr_line' id='line_1_72' title="bbox 2291 1699 3890 1773; baseline -0.004 -13"><span class='ocrx_word' id='word_1_565' title='bbox 2291 1705 2559 1761; x_wconf 90' lang='lat' dir='ltr'><strong>redderet.</strong></span> <span class='ocrx_word' id='word_1_566' title='bbox 2592 1704 2878 1773; x_wconf 89' lang='lat' dir='ltr'><strong>Postquam</strong></span> <span class='ocrx_word' id='word_1_567' title='bbox 2906 1703 3066 1772; x_wconf 88' lang='lat' dir='ltr'><strong>igitur</strong></span> <span class='ocrx_word' id='word_1_568' title='bbox 3086 1701 3206 1757; x_wconf 91' lang='lat' dir='ltr'><strong>illos</strong></span> <span class='ocrx_word' id='word_1_569' title='bbox 3231 1699 3298 1756; x_wconf 90' lang='lat' dir='ltr'><strong>ad</strong></span> <span class='ocrx_word' id='word_1_570' title='bbox 3325 1715 3567 1771; x_wconf 82' lang='lat' dir='ltr'><strong>praesepe</strong></span> <span class='ocrx_word' id='word_1_571' title='bbox 3591 1702 3741 1770; x_wconf 89' lang='lat' dir='ltr'><strong>quasi</strong></span> <span class='ocrx_word' id='word_1_572' title='bbox 3767 1717 3890 1754; x_wconf 56' lang='lat' dir='ltr'><strong>mas</strong></span> 
     </span>
    </p>
   </div>
   <div class='ocr_carea' id='block_1_73' title="bbox 2293 1790 3887 1861">
    <p class='ocr_par' dir='ltr' id='par_1_73' title="bbox 2293 1790 3887 1861">
     <span class='ocr_line' id='line_1_73' title="bbox 2293 1790 3887 1861; baseline -0.003 -12"><span class='ocrx_word' id='word_1_573' title='bbox 2293 1811 2366 1849; x_wconf 91' lang='lat' dir='ltr'><strong>nu</strong></span> <span class='ocrx_word' id='word_1_574' title='bbox 2411 1793 2738 1859; x_wconf 86' lang='lat' dir='ltr'><strong>deduxerat,</strong></span> <span class='ocrx_word' id='word_1_575' title='bbox 2777 1807 2886 1847; x_wconf 89' lang='lat' dir='ltr'><strong>non</strong></span> <span class='ocrx_word' id='word_1_576' title='bbox 2924 1807 3022 1861; x_wconf 90' lang='lat' dir='ltr'><strong>per</strong></span> <span class='ocrx_word' id='word_1_577' title='bbox 3041 1791 3249 1846; x_wconf 87' lang='lat' dir='ltr'><strong>stellam</strong></span> <span class='ocrx_word' id='word_1_578' title='bbox 3271 1790 3467 1846; x_wconf 91' lang='lat' dir='ltr'><strong>deinde</strong></span> <span class='ocrx_word' id='word_1_579' title='bbox 3486 1832 3502 1856; x_wconf 92' lang='lat'><strong>,</strong></span> <span class='ocrx_word' id='word_1_580' title='bbox 3534 1793 3629 1846; x_wconf 90' lang='lat' dir='ltr'><strong>sed</strong></span> <span class='ocrx_word' id='word_1_581' title='bbox 3657 1807 3754 1860; x_wconf 87' lang='lat' dir='ltr'><strong>per</strong></span> <span class='ocrx_word' id='word_1_582' title='bbox 3783 1806 3887 1846; x_wconf 88' lang='lat' dir='ltr'><strong>an-</strong></span> 
     </span>
    </p>
   </div>
   <div class='ocr_carea' id='block_1_74' title="bbox 2291 1879 3885 1956">
    <p class='ocr_par' dir='ltr' id='par_1_74' title="bbox 2291 1879 3885 1956">
     <span class='ocr_line' id='line_1_74' title="bbox 2291 1879 3885 1956; baseline -0.001 -17"><span class='ocrx_word' id='word_1_583' title='bbox 2291 1884 2471 1956; x_wconf 86' lang='lat' dir='ltr'><strong>gelum</strong></span> <span class='ocrx_word' id='word_1_584' title='bbox 2498 1884 2515 1914; x_wconf 93' lang='grc'>¹</span> <span class='ocrx_word' id='word_1_585' title='bbox 2557 1883 2703 1952; x_wconf 84' lang='lat' dir='ltr'><strong>ipsos</strong></span> <span class='ocrx_word' id='word_1_586' title='bbox 2738 1881 3034 1950; x_wconf 88' lang='lat' dir='ltr'><strong>alloquitur</strong></span> <span class='ocrx_word' id='word_1_587' title='bbox 3075 1897 3091 1933; x_wconf 89' lang='lat'><strong>:</strong></span> <span class='ocrx_word' id='word_1_588' title='bbox 3137 1880 3215 1934; x_wconf 92' lang='lat' dir='ltr'><strong>sic</strong></span> <span class='ocrx_word' id='word_1_589' title='bbox 3243 1880 3315 1934; x_wconf 92' lang='lat' dir='ltr'><strong>illi</strong></span> <span class='ocrx_word' id='word_1_590' title='bbox 3340 1879 3601 1950; x_wconf 87' lang='lat' dir='ltr'><strong>gradatim</strong></span> <span class='ocrx_word' id='word_1_591' title='bbox 3631 1880 3885 1937; x_wconf 88' lang='lat' dir='ltr'><strong>meliores</strong></span> 
     </span>
    </p>
   </div>
   <div class='ocr_carea' id='block_1_75' title="bbox 2291 1971 3885 2042">
    <p class='ocr_par' dir='ltr' id='par_1_75' title="bbox 2291 1971 3885 2042">
     <span class='ocr_line' id='line_1_75' title="bbox 2291 1971 3885 2042; baseline -0.003 -12"><span class='ocrx_word' id='word_1_592' title='bbox 2291 1975 2465 2030; x_wconf 84' lang='lat' dir='ltr'><strong>eil&#39;ecti</strong></span> <span class='ocrx_word' id='word_1_593' title='bbox 2495 1981 2637 2028; x_wconf 89' lang='lat' dir='ltr'><strong>sunt.</strong></span> <span class='ocrx_word' id='word_1_594' title='bbox 2669 1972 2780 2028; x_wconf 84' lang='lat' dir='ltr'><strong>Hoc</strong></span> <span class='ocrx_word' id='word_1_595' title='bbox 2812 1972 2984 2042; x_wconf 89' lang='lat' dir='ltr'><strong>ipsum</strong></span> <span class='ocrx_word' id='word_1_596' title='bbox 3014 1971 3140 2027; x_wconf 80' lang='lat' dir='ltr'><strong>fecit</strong></span> <span class='ocrx_word' id='word_1_597' title='bbox 3161 1972 3300 2026; x_wconf 90' lang='lat' dir='ltr'><strong>circa</strong></span> <span class='ocrx_word' id='word_1_598' title='bbox 3328 1971 3662 2027; x_wconf 84' lang='lat' dir='ltr'><strong>Ascalonitas</strong></span> <span class='ocrx_word' id='word_1_599' title='bbox 3685 1981 3740 2027; x_wconf 92' lang='lat' dir='ltr'><strong>et</strong></span> <span class='ocrx_word' id='word_1_600' title='bbox 3768 1972 3885 2029; x_wconf 78' lang='lat' dir='ltr'><strong>Ga-</strong></span> 
     </span>
    </p>
   </div>
   <div class='ocr_carea' id='block_1_76' title="bbox 2291 2063 3883 2133">
    <p class='ocr_par' dir='ltr' id='par_1_76' title="bbox 2291 2063 3883 2133">
     <span class='ocr_line' id='line_1_76' title="bbox 2291 2063 3883 2133; baseline 0 -14"><span class='ocrx_word' id='word_1_601' title='bbox 2291 2079 2452 2121; x_wconf 69' lang='lat' dir='ltr'><strong>zaaos.</strong></span> <span class='ocrx_word' id='word_1_602' title='bbox 2490 2064 2624 2118; x_wconf 86' lang='lat' dir='ltr'><strong>Nam</strong></span> <span class='ocrx_word' id='word_1_603' title='bbox 2663 2071 2942 2133; x_wconf 89' lang='lat' dir='ltr'><strong>postquam</strong></span> <span class='ocrx_word' id='word_1_604' title='bbox 2971 2063 3206 2132; x_wconf 89' lang='lat' dir='ltr'><strong>quinque</strong></span> <span class='ocrx_word' id='word_1_605' title='bbox 3234 2063 3335 2117; x_wconf 76' lang='lat' dir='ltr'><strong>illae</strong></span> <span class='ocrx_word' id='word_1_606' title='bbox 3358 2063 3597 2117; x_wconf 89' lang='lat' dir='ltr'><strong>civitates</strong></span> <span class='ocrx_word' id='word_1_607' title='bbox 3617 2103 3632 2128; x_wconf 90' lang='lat'><strong>,</strong></span> <span class='ocrx_word' id='word_1_608' title='bbox 3657 2078 3784 2118; x_wconf 88' lang='lat' dir='ltr'><strong>arca</strong></span> <span class='ocrx_word' id='word_1_609' title='bbox 3812 2065 3883 2120; x_wconf 89' lang='lat' dir='ltr'><strong>ad</strong></span> 
     </span>
    </p>
   </div>
   <div class='ocr_carea' id='block_1_77' title="bbox 2290 2153 3883 2223">
    <p class='ocr_par' dir='ltr' id='par_1_77' title="bbox 2290 2153 3883 2223">
     <span class='ocr_line' id='line_1_77' title="bbox 2290 2153 3883 2223; baseline -0.001 -13"><span class='ocrx_word' id='word_1_610' title='bbox 2290 2171 2350 2212; x_wconf 90' lang='lat' dir='ltr'><strong>se</strong></span> <span class='ocrx_word' id='word_1_611' title='bbox 2387 2154 2633 2210; x_wconf 89' lang='lat' dir='ltr'><strong>veniente</strong></span> <span class='ocrx_word' id='word_1_612' title='bbox 2655 2193 2671 2219; x_wconf 87' lang='lat'><strong>,</strong></span> <span class='ocrx_word' id='word_1_613' title='bbox 2701 2153 2844 2208; x_wconf 89' lang='lat' dir='ltr'><strong>letali</strong></span> <span class='ocrx_word' id='word_1_614' title='bbox 2873 2153 3024 2223; x_wconf 90' lang='lat' dir='ltr'><strong>plaga</strong></span> <span class='ocrx_word' id='word_1_615' title='bbox 3047 2166 3313 2223; x_wconf 84' lang='lat' dir='ltr'><strong>percussae</strong></span> <span class='ocrx_word' id='word_1_616' title='bbox 3335 2161 3495 2218; x_wconf 90' lang='lat' dir='ltr'><strong>sunt,</strong></span> <span class='ocrx_word' id='word_1_617' title='bbox 3523 2167 3647 2206; x_wconf 92' lang='lat' dir='ltr'><strong>cum</strong></span> <span class='ocrx_word' id='word_1_618' title='bbox 3670 2154 3883 2209; x_wconf 88' lang='lat' dir='ltr'><strong>nullum</strong></span> 
     </span>
    </p>
   </div>
   <div class='ocr_carea' id='block_1_78' title="bbox 2293 2246 3894 2320">
    <p class='ocr_par' dir='ltr' id='par_1_78' title="bbox 2293 2246 3894 2320">
     <span class='ocr_line' id='line_1_78' title="bbox 2293 2246 3894 2320; baseline -0.004 -16"><span class='ocrx_word' id='word_1_619' title='bbox 2293 2248 2661 2320; x_wconf 79' lang='lat' dir='ltr'><strong>ingruentibus</strong></span> <span class='ocrx_word' id='word_1_620' title='bbox 2689 2247 2844 2303; x_wconf 91' lang='lat' dir='ltr'><strong>malis</strong></span> <span class='ocrx_word' id='word_1_621' title='bbox 2862 2247 3161 2302; x_wconf 85' lang='lat' dir='ltr'><strong>remedium</strong></span> <span class='ocrx_word' id='word_1_622' title='bbox 3185 2246 3523 2309; x_wconf 80' lang='lat' dir='ltr'><strong>Invenirent,</strong></span> <span class='ocrx_word' id='word_1_623' title='bbox 3554 2247 3757 2299; x_wconf 89' lang='lat' dir='ltr'><strong>vocatis</strong></span> <span class='ocrx_word' id='word_1_624' title='bbox 3789 2257 3894 2298; x_wconf 88' lang='lat' dir='ltr'><strong>va-</strong></span> 
     </span>
    </p>
   </div>
   <div class='ocr_carea' id='block_1_79' title="bbox 2291 2335 3897 2410">
    <p class='ocr_par' dir='ltr' id='par_1_79' title="bbox 2291 2335 3897 2410">
     <span class='ocr_line' id='line_1_79' title="bbox 2291 2335 3897 2410; baseline -0.002 -16"><span class='ocrx_word' id='word_1_625' title='bbox 2291 2341 2433 2394; x_wconf 84' lang='lat' dir='ltr'><strong>tibus</strong></span> <span class='ocrx_word' id='word_1_626' title='bbox 2487 2348 2542 2394; x_wconf 89' lang='lat' dir='ltr'><strong>et</strong></span> <span class='ocrx_word' id='word_1_627' title='bbox 2577 2346 2902 2410; x_wconf 90' lang='lat' dir='ltr'><strong>congregato</strong></span> <span class='ocrx_word' id='word_1_628' title='bbox 2938 2346 3083 2394; x_wconf 57' lang='lat' dir='ltr'><strong>cuitu</strong></span> <span class='ocrx_word' id='word_1_629' title='bbox 3109 2337 3378 2407; x_wconf 88' lang='lat' dir='ltr'><strong>quomodo</strong></span> <span class='ocrx_word' id='word_1_630' title='bbox 3402 2335 3661 2390; x_wconf 84' lang='lat' dir='ltr'><strong>divinitus</strong></span> <span class='ocrx_word' id='word_1_631' title='bbox 3683 2335 3897 2390; x_wconf 78' lang='lat' dir='ltr'><strong>immis-</strong></span> 
     </span>
    </p>
   </div>
   <div class='ocr_carea' id='block_1_80' title="bbox 2291 2428 3897 2502">
    <p class='ocr_par' dir='ltr' id='par_1_80' title="bbox 2291 2428 3897 2502">
     <span class='ocr_line' id='line_1_80' title="bbox 2291 2428 3897 2502; baseline -0.001 -15"><span class='ocrx_word' id='word_1_632' title='bbox 2291 2448 2410 2488; x_wconf 87' lang='lat' dir='ltr'><strong>sum</strong></span> <span class='ocrx_word' id='word_1_633' title='bbox 2437 2434 2638 2488; x_wconf 88' lang='lat' dir='ltr'><strong>malum</strong></span> <span class='ocrx_word' id='word_1_634' title='bbox 2657 2441 2970 2488; x_wconf 88' lang='lat' dir='ltr'><strong>amoverent</strong></span> <span class='ocrx_word' id='word_1_635' title='bbox 2987 2430 3362 2486; x_wconf 89' lang='lat' dir='ltr'><strong>consultabant</strong></span> <span class='ocrx_word' id='word_1_636' title='bbox 3386 2431 3465 2499; x_wconf 81' lang='lat' dir='ltr'><strong>(l.</strong></span> <span class='ocrx_word' id='word_1_637' title='bbox 3485 2430 3614 2501; x_wconf 81' lang='lat' dir='ltr'><strong>Reg.</strong></span> <span class='ocrx_word' id='word_1_638' title='bbox 3638 2429 3719 2502; x_wconf 82' lang='lat'><strong>5).</strong></span> <span class='ocrx_word' id='word_1_639' title='bbox 3751 2428 3897 2486; x_wconf 83' lang='lat' dir='ltr'><strong>Hine</strong></span> 
     </span>
    </p>
   </div>
   <div class='ocr_carea' id='block_1_81' title="bbox 2287 2521 3896 2592">
    <p class='ocr_par' dir='ltr' id='par_1_81' title="bbox 2287 2521 3896 2592">
     <span class='ocr_line' id='line_1_81' title="bbox 2287 2521 3896 2592; baseline 0.001 -15"><span class='ocrx_word' id='word_1_640' title='bbox 2287 2524 2497 2578; x_wconf 87' lang='lat' dir='ltr'><strong>vatibus</strong></span> <span class='ocrx_word' id='word_1_641' title='bbox 2537 2524 2875 2590; x_wconf 91' lang='lat' dir='ltr'><strong>dicentibus,</strong></span> <span class='ocrx_word' id='word_1_642' title='bbox 2925 2536 3114 2578; x_wconf 90' lang='lat' dir='ltr'><strong>vaccas</strong></span> <span class='ocrx_word' id='word_1_643' title='bbox 3157 2521 3444 2578; x_wconf 88' lang='lat' dir='ltr'><strong>indomitas</strong></span> <span class='ocrx_word' id='word_1_644' title='bbox 3491 2531 3545 2577; x_wconf 89' lang='lat' dir='ltr'><strong>et</strong></span> <span class='ocrx_word' id='word_1_645' title='bbox 3571 2521 3896 2592; x_wconf 87' lang='lat' dir='ltr'><strong>primiparas</strong></span> 
     </span>
    </p>
   </div>
   <div class='ocr_carea' id='block_1_82' title="bbox 2286 2611 3890 2684">
    <p class='ocr_par' dir='ltr' id='par_1_82' title="bbox 2286 2611 3890 2684">
     <span class='ocr_line' id='line_1_82' title="bbox 2286 2611 3890 2684; baseline -0.001 -17"><span class='ocrx_word' id='word_1_646' title='bbox 2286 2629 2424 2668; x_wconf 73' lang='lat' dir='ltr'><strong>arca:</strong></span> <span class='ocrx_word' id='word_1_647' title='bbox 2448 2614 2598 2684; x_wconf 91' lang='lat' dir='ltr'><strong>jungi</strong></span> <span class='ocrx_word' id='word_1_648' title='bbox 2624 2623 2878 2684; x_wconf 90' lang='lat' dir='ltr'><strong>oportere</strong></span> <span class='ocrx_word' id='word_1_649' title='bbox 2903 2655 2918 2680; x_wconf 94' lang='lat'><strong>,</strong></span> <span class='ocrx_word' id='word_1_650' title='bbox 2951 2623 3010 2667; x_wconf 91' lang='lat' dir='ltr'><strong>ut</strong></span> <span class='ocrx_word' id='word_1_651' title='bbox 3030 2612 3178 2667; x_wconf 91' lang='lat' dir='ltr'><strong>nullo</strong></span> <span class='ocrx_word' id='word_1_652' title='bbox 3203 2611 3339 2667; x_wconf 92' lang='lat' dir='ltr'><strong>duce</strong></span> <span class='ocrx_word' id='word_1_653' title='bbox 3369 2626 3476 2682; x_wconf 91' lang='lat' dir='ltr'><strong>quo</strong></span> <span class='ocrx_word' id='word_1_654' title='bbox 3499 2612 3701 2667; x_wconf 90' lang='lat' dir='ltr'><strong>vellent</strong></span> <span class='ocrx_word' id='word_1_655' title='bbox 3721 2613 3890 2678; x_wconf 89' lang='lat' dir='ltr'><strong>irent;</strong></span> 
     </span>
    </p>
   </div>
   <div class='ocr_carea' id='block_1_83' title="bbox 2289 2704 3894 2776">
    <p class='ocr_par' dir='ltr' id='par_1_83' title="bbox 2289 2704 3894 2776">
     <span class='ocr_line' id='line_1_83' title="bbox 2289 2704 3894 2776; baseline 0.002 -19"><span class='ocrx_word' id='word_1_656' title='bbox 2289 2704 2520 2776; x_wconf 88' lang='lat' dir='ltr'><strong>hincque</strong></span> <span class='ocrx_word' id='word_1_657' title='bbox 2557 2706 2896 2776; x_wconf 83' lang='lat' dir='ltr'><strong>exploratum</strong></span> <span class='ocrx_word' id='word_1_658' title='bbox 2945 2705 3060 2760; x_wconf 80' lang='lat' dir='ltr'><strong>{ore</strong></span> <span class='ocrx_word' id='word_1_659' title='bbox 3087 2720 3152 2759; x_wconf 92' lang='lat' dir='ltr'><strong>an</strong></span> <span class='ocrx_word' id='word_1_660' title='bbox 3181 2704 3437 2759; x_wconf 91' lang='lat' dir='ltr'><strong>divinitus</strong></span> <span class='ocrx_word' id='word_1_661' title='bbox 3456 2744 3472 2770; x_wconf 95' lang='lat'><strong>,</strong></span> <span class='ocrx_word' id='word_1_662' title='bbox 3499 2719 3568 2758; x_wconf 91' lang='lat' dir='ltr'><strong>an</strong></span> <span class='ocrx_word' id='word_1_663' title='bbox 3595 2719 3722 2759; x_wconf 91' lang='lat' dir='ltr'><strong>casu</strong></span> <span class='ocrx_word' id='word_1_664' title='bbox 3748 2719 3894 2775; x_wconf 83' lang='lat' dir='ltr'><strong>quo-</strong></span> 
     </span>
    </p>
   </div>
   <div class='ocr_carea' id='block_1_84' title="bbox 2289 2796 3895 2868">
    <p class='ocr_par' dir='ltr' id='par_1_84' title="bbox 2289 2796 3895 2868">
     <span class='ocr_line' id='line_1_84' title="bbox 2289 2796 3895 2868; baseline 0.002 -18"><span class='ocrx_word' id='word_1_665' title='bbox 2289 2797 2430 2866; x_wconf 88' lang='lat' dir='ltr'><strong>piam</strong></span> <span class='ocrx_word' id='word_1_666' title='bbox 2479 2797 2751 2852; x_wconf 91' lang='lat' dir='ltr'><strong>immissus</strong></span> <span class='ocrx_word' id='word_1_667' title='bbox 2780 2797 3002 2852; x_wconf 90' lang='lat' dir='ltr'><strong>morbus</strong></span> <span class='ocrx_word' id='word_1_668' title='bbox 3029 2806 3173 2852; x_wconf 89' lang='lat' dir='ltr'><strong>esset</strong></span> <span class='ocrx_word' id='word_1_669' title='bbox 3201 2796 3362 2868; x_wconf 86' lang='lat' dir='ltr'><strong>(Ibid.</strong></span> <span class='ocrx_word' id='word_1_670' title='bbox 3394 2796 3452 2868; x_wconf 87' lang='lat'><strong>6)</strong></span> <span class='ocrx_word' id='word_1_671' title='bbox 3481 2813 3495 2862; x_wconf 90' lang='lat'><strong>;</strong></span> <span class='ocrx_word' id='word_1_672' title='bbox 3525 2812 3646 2851; x_wconf 91' lang='lat' dir='ltr'><strong>nam</strong></span> <span class='ocrx_word' id='word_1_673' title='bbox 3677 2798 3745 2864; x_wconf 90' lang='lat' dir='ltr'><strong>si,</strong></span> <span class='ocrx_word' id='word_1_674' title='bbox 3774 2798 3895 2853; x_wconf 87' lang='lat' dir='ltr'><strong>aie-</strong></span> 
     </span>
    </p>
   </div>
   <div class='ocr_carea' id='block_1_85' title="bbox 2287 2888 3893 2960">
    <p class='ocr_par' dir='ltr' id='par_1_85' title="bbox 2287 2888 3893 2960">
     <span class='ocr_line' id='line_1_85' title="bbox 2287 2888 3893 2960; baseline 0.002 -18"><span class='ocrx_word' id='word_1_675' title='bbox 2287 2888 2416 2942; x_wconf 89' lang='lat' dir='ltr'><strong>bant</strong></span> <span class='ocrx_word' id='word_1_676' title='bbox 2440 2930 2454 2954; x_wconf 94' lang='lat'><strong>,</strong></span> <span class='ocrx_word' id='word_1_677' title='bbox 2482 2888 2673 2960; x_wconf 87' lang='lat' dir='ltr'><strong>jugum</strong></span> <span class='ocrx_word' id='word_1_678' title='bbox 2701 2904 2767 2943; x_wconf 82' lang='lat' dir='ltr'><strong>ex</strong></span> <span class='ocrx_word' id='word_1_679' title='bbox 2797 2889 3061 2957; x_wconf 88' lang='lat' dir='ltr'><strong>imperitia</strong></span> <span class='ocrx_word' id='word_1_680' title='bbox 3092 2890 3109 2920; x_wconf 75' lang='grc' dir='ltr'><strong>ι</strong></span> <span class='ocrx_word' id='word_1_681' title='bbox 3140 2897 3420 2943; x_wconf 91' lang='lat' dir='ltr'><strong>conterant</strong></span> <span class='ocrx_word' id='word_1_682' title='bbox 3441 2930 3456 2954; x_wconf 92' lang='lat'><strong>,</strong></span> <span class='ocrx_word' id='word_1_683' title='bbox 3485 2889 3566 2944; x_wconf 88' lang='lat' dir='ltr'><strong>vel</strong></span> <span class='ocrx_word' id='word_1_684' title='bbox 3595 2889 3639 2944; x_wconf 92' lang='lat' dir='ltr'><strong>si</strong></span> <span class='ocrx_word' id='word_1_685' title='bbox 3668 2889 3738 2944; x_wconf 91' lang='lat' dir='ltr'><strong>ad</strong></span> <span class='ocrx_word' id='word_1_686' title='bbox 3763 2906 3893 2945; x_wconf 86' lang='lat' dir='ltr'><strong>mu-</strong></span> 
     </span>
    </p>
   </div>
   <div class='ocr_carea' id='block_1_86' title="bbox 2285 2979 3891 3049">
    <p class='ocr_par' dir='ltr' id='par_1_86' title="bbox 2285 2979 3891 3049">
     <span class='ocr_line' id='line_1_86' title="bbox 2285 2979 3891 3049; baseline 0.003 -16"><span class='ocrx_word' id='word_1_687' title='bbox 2285 2979 2495 3049; x_wconf 87' lang='lat' dir='ltr'><strong>gientes</strong></span> <span class='ocrx_word' id='word_1_688' title='bbox 2538 2979 2733 3034; x_wconf 90' lang='lat' dir='ltr'><strong>vitulos</strong></span> <span class='ocrx_word' id='word_1_689' title='bbox 2773 2989 3084 3043; x_wconf 88' lang='lat' dir='ltr'><strong>vertantur,</strong></span> <span class='ocrx_word' id='word_1_690' title='bbox 3128 2979 3278 3049; x_wconf 88' lang='lat' dir='ltr'><strong>plaga</strong></span> <span class='ocrx_word' id='word_1_691' title='bbox 3325 2994 3450 3034; x_wconf 92' lang='lat' dir='ltr'><strong>casu</strong></span> <span class='ocrx_word' id='word_1_692' title='bbox 3477 2980 3770 3044; x_wconf 88' lang='lat' dir='ltr'><strong>acciderit;</strong></span> <span class='ocrx_word' id='word_1_693' title='bbox 3805 2983 3891 3038; x_wconf 92' lang='lat' dir='ltr'><strong>sin</strong></span> 
     </span>
    </p>
   </div>
   <div class='ocr_carea' id='block_1_87' title="bbox 2289 3068 3875 3140">
    <p class='ocr_par' dir='ltr' id='par_1_87' title="bbox 2289 3068 3875 3140">
     <span class='ocr_line' id='line_1_87' title="bbox 2289 3068 3875 3140; baseline 0.001 -17"><span class='ocrx_word' id='word_1_694' title='bbox 2289 3078 2435 3124; x_wconf 87' lang='lat' dir='ltr'><strong>recta</strong></span> <span class='ocrx_word' id='word_1_695' title='bbox 2453 3077 2697 3140; x_wconf 83' lang='lat' dir='ltr'><strong>pergant,</strong></span> <span class='ocrx_word' id='word_1_696' title='bbox 2717 3084 2894 3140; x_wconf 90' lang='lat' dir='ltr'><strong>neque</strong></span> <span class='ocrx_word' id='word_1_697' title='bbox 2911 3069 3025 3124; x_wconf 89' lang='lat' dir='ltr'><strong>sive</strong></span> <span class='ocrx_word' id='word_1_698' title='bbox 3046 3076 3270 3138; x_wconf 90' lang='lat' dir='ltr'><strong>propter</strong></span> <span class='ocrx_word' id='word_1_699' title='bbox 3284 3068 3580 3123; x_wconf 90' lang='lat' dir='ltr'><strong>vitulorum</strong></span> <span class='ocrx_word' id='word_1_700' title='bbox 3599 3069 3875 3140; x_wconf 90' lang='lat' dir='ltr'><strong>mugitum</strong></span> 
     </span>
    </p>
   </div>
   <div class='ocr_carea' id='block_1_88' title="bbox 2291 3159 3886 3230">
    <p class='ocr_par' dir='ltr' id='par_1_88' title="bbox 2291 3159 3886 3230">
     <span class='ocr_line' id='line_1_88' title="bbox 2291 3159 3886 3230; baseline 0.001 -16"><span class='ocrx_word' id='word_1_701' title='bbox 2291 3160 2405 3214; x_wconf 88' lang='lat' dir='ltr'><strong>sive</strong></span> <span class='ocrx_word' id='word_1_702' title='bbox 2440 3169 2666 3230; x_wconf 88' lang='lat' dir='ltr'><strong>propter</strong></span> <span class='ocrx_word' id='word_1_703' title='bbox 2700 3161 2803 3214; x_wconf 73' lang='lat' dir='ltr'><strong>viae</strong></span> <span class='ocrx_word' id='word_1_704' title='bbox 2839 3159 3201 3230; x_wconf 87' lang='lat' dir='ltr'><strong>ignorantiam</strong></span> <span class='ocrx_word' id='word_1_705' title='bbox 3221 3160 3497 3225; x_wconf 89' lang='lat' dir='ltr'><strong>aberrent,</strong></span> <span class='ocrx_word' id='word_1_706' title='bbox 3519 3159 3886 3229; x_wconf 89' lang='lat' dir='ltr'><strong>conspicuum</strong></span> 
     </span>
    </p>
   </div>
   <div class='ocr_carea' id='block_1_89' title="bbox 2292 3249 3884 3324">
    <p class='ocr_par' dir='ltr' id='par_1_89' title="bbox 2292 3249 3884 3324">
     <span class='ocr_line' id='line_1_89' title="bbox 2292 3249 3884 3324; baseline 0.003 -20"><span class='ocrx_word' id='word_1_707' title='bbox 2292 3251 2394 3304; x_wconf 90' lang='lat' dir='ltr'><strong>erit</strong></span> <span class='ocrx_word' id='word_1_708' title='bbox 2410 3250 2583 3320; x_wconf 88' lang='lat' dir='ltr'><strong>ipsam</strong></span> <span class='ocrx_word' id='word_1_709' title='bbox 2597 3249 2689 3305; x_wconf 90' lang='lat' dir='ltr'><strong>Dei</strong></span> <span class='ocrx_word' id='word_1_710' title='bbox 2709 3266 2930 3306; x_wconf 89' lang='lat' dir='ltr'><strong>manum</strong></span> <span class='ocrx_word' id='word_1_711' title='bbox 2950 3251 3047 3306; x_wconf 82' lang='lat' dir='ltr'><strong>has</strong></span> <span class='ocrx_word' id='word_1_712' title='bbox 3063 3251 3227 3306; x_wconf 86' lang='lat' dir='ltr'><strong>urbes</strong></span> <span class='ocrx_word' id='word_1_713' title='bbox 3244 3251 3603 3321; x_wconf 86' lang='lat' dir='ltr'><strong>percussisse:</strong></span> <span class='ocrx_word' id='word_1_714' title='bbox 3622 3252 3752 3321; x_wconf 86' lang='lat' dir='ltr'><strong>quia</strong></span> <span class='ocrx_word' id='word_1_715' title='bbox 3774 3253 3884 3324; x_wconf 86' lang='lat' dir='ltr'><strong>igi-</strong></span> 
     </span>
    </p>
   </div>
   <div class='ocr_carea' id='block_1_90' title="bbox 2293 3343 3882 3415">
    <p class='ocr_par' dir='ltr' id='par_1_90' title="bbox 2293 3343 3882 3415">
     <span class='ocr_line' id='line_1_90' title="bbox 2293 3343 3882 3415; baseline 0.004 -20"><span class='ocrx_word' id='word_1_716' title='bbox 2293 3350 2385 3396; x_wconf 87' lang='lat' dir='ltr'><strong>tur</strong></span> <span class='ocrx_word' id='word_1_717' title='bbox 2399 3351 2583 3398; x_wconf 80' lang='lat' dir='ltr'><strong>vatum</strong></span> <span class='ocrx_word' id='word_1_718' title='bbox 2605 3344 2767 3399; x_wconf 89' lang='lat' dir='ltr'><strong>dictis</strong></span> <span class='ocrx_word' id='word_1_719' title='bbox 2786 3353 3083 3415; x_wconf 89' lang='lat' dir='ltr'><strong>paruerunt</strong></span> <span class='ocrx_word' id='word_1_720' title='bbox 3107 3345 3318 3398; x_wconf 90' lang='lat' dir='ltr'><strong>illarum</strong></span> <span class='ocrx_word' id='word_1_721' title='bbox 3339 3343 3622 3398; x_wconf 76' lang='lat' dir='ltr'><strong>civitatum</strong></span> <span class='ocrx_word' id='word_1_722' title='bbox 3654 3345 3882 3410; x_wconf 69' lang='lat' dir='ltr'><strong>incolae,</strong></span> 
     </span>
    </p>
   </div>
   <div class='ocr_carea' id='block_1_91' title="bbox 2289 3440 3890 3511">
    <p class='ocr_par' dir='ltr' id='par_1_91' title="bbox 2289 3440 3890 3511">
     <span class='ocr_line' id='line_1_91' title="bbox 2289 3440 3890 3511; baseline 0.003 -18"><span class='ocrx_word' id='word_1_723' title='bbox 2289 3440 2429 3495; x_wconf 91' lang='lat' dir='ltr'><strong>Deus</strong></span> <span class='ocrx_word' id='word_1_724' title='bbox 2463 3441 2624 3495; x_wconf 89' lang='lat' dir='ltr'><strong>etiam</strong></span> <span class='ocrx_word' id='word_1_725' title='bbox 2644 3483 2660 3509; x_wconf 93' lang='lat'><strong>,</strong></span> <span class='ocrx_word' id='word_1_726' title='bbox 2691 3440 3016 3511; x_wconf 86' lang='lat' dir='ltr'><strong>indulgentia</strong></span> <span class='ocrx_word' id='word_1_727' title='bbox 3045 3453 3172 3495; x_wconf 94' lang='lat' dir='ltr'><strong>usus</strong></span> <span class='ocrx_word' id='word_1_728' title='bbox 3193 3481 3208 3506; x_wconf 95' lang='lat'><strong>,</strong></span> <span class='ocrx_word' id='word_1_729' title='bbox 3242 3448 3420 3494; x_wconf 83' lang='lat' dir='ltr'><strong>vatum</strong></span> <span class='ocrx_word' id='word_1_730' title='bbox 3447 3441 3766 3496; x_wconf 89' lang='lat' dir='ltr'><strong>sententiam</strong></span> <span class='ocrx_word' id='word_1_731' title='bbox 3794 3455 3890 3498; x_wconf 88' lang='lat' dir='ltr'><strong>se-</strong></span> 
     </span>
    </p>
   </div>
   <div class='ocr_carea' id='block_1_92' title="bbox 2283 3532 3893 3603">
    <p class='ocr_par' dir='ltr' id='par_1_92' title="bbox 2283 3532 3893 3603">
     <span class='ocr_line' id='line_1_92' title="bbox 2283 3532 3893 3603; baseline 0.001 -18"><span class='ocrx_word' id='word_1_732' title='bbox 2283 3541 2480 3603; x_wconf 88' lang='lat' dir='ltr'><strong>quutus</strong></span> <span class='ocrx_word' id='word_1_733' title='bbox 2519 3541 2630 3597; x_wconf 89' lang='lat' dir='ltr'><strong>est,</strong></span> <span class='ocrx_word' id='word_1_734' title='bbox 2666 3547 2765 3588; x_wconf 89' lang='lat' dir='ltr'><strong>nec</strong></span> <span class='ocrx_word' id='word_1_735' title='bbox 2795 3533 3074 3600; x_wconf 81' lang='lat' dir='ltr'><strong>majestate</strong></span> <span class='ocrx_word' id='word_1_736' title='bbox 3103 3546 3199 3586; x_wconf 89' lang='lat' dir='ltr'><strong>sua</strong></span> <span class='ocrx_word' id='word_1_737' title='bbox 3222 3532 3493 3602; x_wconf 88' lang='lat' dir='ltr'><strong>indignum</strong></span> <span class='ocrx_word' id='word_1_738' title='bbox 3521 3535 3758 3603; x_wconf 87' lang='lat' dir='ltr'><strong>putavit,</strong></span> <span class='ocrx_word' id='word_1_739' title='bbox 3793 3547 3893 3587; x_wconf 88' lang='lat' dir='ltr'><strong>va-</strong></span> 
     </span>
    </p>
   </div>
   <div class='ocr_carea' id='block_1_93' title="bbox 2282 3624 3893 3696">
    <p class='ocr_par' dir='ltr' id='par_1_93' title="bbox 2282 3624 3893 3696">
     <span class='ocr_line' id='line_1_93' title="bbox 2282 3624 3893 3696; baseline 0.001 -17"><span class='ocrx_word' id='word_1_740' title='bbox 2282 3633 2394 3680; x_wconf 91' lang='lat' dir='ltr'><strong>tum</strong></span> <span class='ocrx_word' id='word_1_741' title='bbox 2438 3625 2840 3696; x_wconf 80' lang='lat' dir='ltr'><strong>praedictionem</strong></span> <span class='ocrx_word' id='word_1_742' title='bbox 2877 3625 2944 3679; x_wconf 92' lang='lat' dir='ltr'><strong>ad</strong></span> <span class='ocrx_word' id='word_1_743' title='bbox 2971 3639 3104 3696; x_wconf 92' lang='lat' dir='ltr'><strong>opus</strong></span> <span class='ocrx_word' id='word_1_744' title='bbox 3128 3624 3396 3680; x_wconf 85' lang='lat' dir='ltr'><strong>deducere</strong></span> <span class='ocrx_word' id='word_1_745' title='bbox 3418 3668 3434 3692; x_wconf 92' lang='lat'><strong>,</strong></span> <span class='ocrx_word' id='word_1_746' title='bbox 3461 3633 3517 3680; x_wconf 89' lang='lat' dir='ltr'><strong>et</strong></span> <span class='ocrx_word' id='word_1_747' title='bbox 3543 3625 3704 3681; x_wconf 89' lang='lat' dir='ltr'><strong>tidem</strong></span> <span class='ocrx_word' id='word_1_748' title='bbox 3728 3625 3893 3681; x_wconf 83' lang='lat' dir='ltr'><strong>dictis</strong></span> 
     </span>
    </p>
   </div>
   <div class='ocr_carea' id='block_1_94' title="bbox 2284 3716 3886 3787">
    <p class='ocr_par' dir='ltr' id='par_1_94' title="bbox 2284 3716 3886 3787">
     <span class='ocr_line' id='line_1_94' title="bbox 2284 3716 3886 3787; baseline 0.002 -17"><span class='ocrx_word' id='word_1_749' title='bbox 2284 3729 2472 3771; x_wconf 92' lang='lat' dir='ltr'><strong>eorum</strong></span> <span class='ocrx_word' id='word_1_750' title='bbox 2515 3716 2827 3772; x_wconf 89' lang='lat' dir='ltr'><strong>conciliare.</strong></span> <span class='ocrx_word' id='word_1_751' title='bbox 2874 3717 2953 3771; x_wconf 86' lang='lat' dir='ltr'><strong>Eo</strong></span> <span class='ocrx_word' id='word_1_752' title='bbox 2995 3717 3168 3786; x_wconf 88' lang='lat' dir='ltr'><strong>major</strong></span> <span class='ocrx_word' id='word_1_753' title='bbox 3195 3719 3339 3771; x_wconf 90' lang='lat' dir='ltr'><strong>enim</strong></span> <span class='ocrx_word' id='word_1_754' title='bbox 3368 3731 3455 3772; x_wconf 90' lang='lat' dir='ltr'><strong>res</strong></span> <span class='ocrx_word' id='word_1_755' title='bbox 3479 3725 3626 3787; x_wconf 89' lang='lat' dir='ltr'><strong>gesta</strong></span> <span class='ocrx_word' id='word_1_756' title='bbox 3655 3717 3886 3774; x_wconf 85' lang='lat' dir='ltr'><strong>videba-</strong></span> 
     </span>
    </p>
   </div>
   <div class='ocr_carea' id='block_1_95' title="bbox 2281 3807 3884 3877">
    <p class='ocr_par' dir='ltr' id='par_1_95' title="bbox 2281 3807 3884 3877">
     <span class='ocr_line' id='line_1_95' title="bbox 2281 3807 3884 3877; baseline 0.002 -15"><span class='ocrx_word' id='word_1_757' title='bbox 2281 3815 2389 3876; x_wconf 92' lang='lat' dir='ltr'><strong>tur,</strong></span> <span class='ocrx_word' id='word_1_758' title='bbox 2436 3808 2481 3862; x_wconf 91' lang='lat' dir='ltr'><strong>si</strong></span> <span class='ocrx_word' id='word_1_759' title='bbox 2524 3807 2620 3863; x_wconf 93' lang='lat' dir='ltr'><strong>Dei</strong></span> <span class='ocrx_word' id='word_1_760' title='bbox 2648 3808 2938 3877; x_wconf 88' lang='lat' dir='ltr'><strong>potentiam</strong></span> <span class='ocrx_word' id='word_1_761' title='bbox 2975 3809 3073 3877; x_wconf 91' lang='lat' dir='ltr'><strong>ipsi</strong></span> <span class='ocrx_word' id='word_1_762' title='bbox 3100 3809 3260 3864; x_wconf 91' lang='lat' dir='ltr'><strong>etiam</strong></span> <span class='ocrx_word' id='word_1_763' title='bbox 3287 3809 3487 3865; x_wconf 91' lang='lat' dir='ltr'><strong>inimici</strong></span> <span class='ocrx_word' id='word_1_764' title='bbox 3520 3809 3884 3866; x_wconf 82' lang='lat' dir='ltr'><strong>testiﬁcaren-</strong></span> 
     </span>
    </p>
   </div>
   <div class='ocr_carea' id='block_1_96' title="bbox 2280 3898 3880 3964">
    <p class='ocr_par' dir='ltr' id='par_1_96' title="bbox 2280 3898 3880 3964">
     <span class='ocr_line' id='line_1_96' title="bbox 2280 3898 3880 3964; baseline 0.003 -12"><span class='ocrx_word' id='word_1_765' title='bbox 2280 3906 2400 3964; x_wconf 92' lang='lat' dir='ltr'><strong>tur,</strong></span> <span class='ocrx_word' id='word_1_766' title='bbox 2448 3906 2505 3954; x_wconf 91' lang='lat' dir='ltr'><strong>et</strong></span> <span class='ocrx_word' id='word_1_767' title='bbox 2549 3898 2596 3954; x_wconf 89' lang='lat' dir='ltr'><strong>si</strong></span> <span class='ocrx_word' id='word_1_768' title='bbox 2643 3914 2828 3954; x_wconf 89' lang='lat' dir='ltr'><strong>eorum</strong></span> <span class='ocrx_word' id='word_1_769' title='bbox 2875 3899 3124 3955; x_wconf 88' lang='lat' dir='ltr'><strong>doctores</strong></span> <span class='ocrx_word' id='word_1_770' title='bbox 3153 3898 3221 3955; x_wconf 91' lang='lat' dir='ltr'><strong>de</strong></span> <span class='ocrx_word' id='word_1_771' title='bbox 3247 3899 3338 3955; x_wconf 91' lang='lat' dir='ltr'><strong>illa</strong></span> <span class='ocrx_word' id='word_1_772' title='bbox 3363 3899 3624 3956; x_wconf 91' lang='lat' dir='ltr'><strong>calculum</strong></span> <span class='ocrx_word' id='word_1_773' title='bbox 3651 3900 3880 3958; x_wconf 83' lang='lat' dir='ltr'><strong>ferrent.</strong></span> 
     </span>
    </p>
   </div>
   <div class='ocr_carea' id='block_1_97' title="bbox 2278 3989 3884 4060">
    <p class='ocr_par' dir='ltr' id='par_1_97' title="bbox 2278 3989 3884 4060">
     <span class='ocr_line' id='line_1_97' title="bbox 2278 3989 3884 4060; baseline 0.002 -15"><span class='ocrx_word' id='word_1_774' title='bbox 2278 3989 2442 4045; x_wconf 81' lang='lat' dir='ltr'><strong>Multa</strong></span> <span class='ocrx_word' id='word_1_775' title='bbox 2461 4004 2674 4060; x_wconf 91' lang='lat' dir='ltr'><strong>quoque</strong></span> <span class='ocrx_word' id='word_1_776' title='bbox 2702 3991 2898 4046; x_wconf 89' lang='lat' dir='ltr'><strong>similia</strong></span> <span class='ocrx_word' id='word_1_777' title='bbox 2928 3990 3094 4046; x_wconf 88' lang='lat' dir='ltr'><strong>Deum</strong></span> <span class='ocrx_word' id='word_1_778' title='bbox 3116 3989 3515 4060; x_wconf 89' lang='lat' dir='ltr'><strong>dispensantem</strong></span> <span class='ocrx_word' id='word_1_779' title='bbox 3537 3991 3884 4048; x_wconf 89' lang='lat' dir='ltr'><strong>animadver-</strong></span> 
     </span>
    </p>
   </div>
   <div class='ocr_carea' id='block_1_98' title="bbox 2280 4079 3886 4155">
    <p class='ocr_par' dir='ltr' id='par_1_98' title="bbox 2280 4079 3886 4155">
     <span class='ocr_line' id='line_1_98' title="bbox 2280 4079 3886 4155; baseline 0.004 -21"><span class='ocrx_word' id='word_1_780' title='bbox 2280 4080 2460 4135; x_wconf 79' lang='lat' dir='ltr'><strong>timus.</strong></span> <span class='ocrx_word' id='word_1_781' title='bbox 2478 4079 2611 4136; x_wconf 88' lang='lat' dir='ltr'><strong>Nam</strong></span> <span class='ocrx_word' id='word_1_782' title='bbox 2633 4097 2693 4137; x_wconf 91' lang='lat' dir='ltr'><strong>ea</strong></span> <span class='ocrx_word' id='word_1_783' title='bbox 2715 4082 2874 4138; x_wconf 90' lang='lat' dir='ltr'><strong>etiam</strong></span> <span class='ocrx_word' id='word_1_784' title='bbox 2896 4098 3015 4154; x_wconf 80' lang='lat' dir='ltr'><strong>qua:</strong></span> <span class='ocrx_word' id='word_1_785' title='bbox 3033 4082 3100 4139; x_wconf 88' lang='lat' dir='ltr'><strong>ad</strong></span> <span class='ocrx_word' id='word_1_786' title='bbox 3122 4082 3490 4155; x_wconf 85' lang='lat' dir='ltr'><strong>pythonissam</strong></span> <span class='ocrx_word' id='word_1_787' title='bbox 3515 4092 3762 4154; x_wconf 87' lang='lat' dir='ltr'><strong>spectant</strong></span> <span class='ocrx_word' id='word_1_788' title='bbox 3785 4099 3886 4141; x_wconf 83' lang='lat' dir='ltr'><strong>eo-</strong></span> 
     </span>
    </p>
   </div>
   <div class='ocr_carea' id='block_1_99' title="bbox 2279 4170 3885 4246">
    <p class='ocr_par' dir='ltr' id='par_1_99' title="bbox 2279 4170 3885 4246">
     <span class='ocr_line' id='line_1_99' title="bbox 2279 4170 3885 4246; baseline 0.004 -20"><span class='ocrx_word' id='word_1_789' title='bbox 2279 4170 2403 4226; x_wconf 89' lang='lat' dir='ltr'><strong>dem</strong></span> <span class='ocrx_word' id='word_1_790' title='bbox 2441 4172 2750 4243; x_wconf 88' lang='lat' dir='ltr'><strong>dispensata</strong></span> <span class='ocrx_word' id='word_1_791' title='bbox 2789 4182 2917 4229; x_wconf 91' lang='lat' dir='ltr'><strong>sunt</strong></span> <span class='ocrx_word' id='word_1_792' title='bbox 2960 4173 3121 4230; x_wconf 90' lang='lat' dir='ltr'><strong>modo</strong></span> <span class='ocrx_word' id='word_1_793' title='bbox 3147 4191 3162 4228; x_wconf 91' lang='lat'><strong>:</strong></span> <span class='ocrx_word' id='word_1_794' title='bbox 3192 4183 3251 4230; x_wconf 93' lang='lat' dir='ltr'><strong>ut</strong></span> <span class='ocrx_word' id='word_1_795' title='bbox 3277 4189 3375 4231; x_wconf 89' lang='lat' dir='ltr'><strong>vos</strong></span> <span class='ocrx_word' id='word_1_796' title='bbox 3402 4175 3658 4246; x_wconf 86' lang='lat' dir='ltr'><strong>deinceps</strong></span> <span class='ocrx_word' id='word_1_797' title='bbox 3681 4191 3885 4233; x_wconf 85' lang='lat' dir='ltr'><strong>secun-</strong></span> 
     </span>
    </p>
   </div>
   <div class='ocr_carea' id='block_1_100' title="bbox 2269 4259 3883 4340">
    <p class='ocr_par' dir='ltr' id='par_1_100' title="bbox 2269 4259 3883 4340">
     <span class='ocr_line' id='line_1_100' title="bbox 2269 4259 3883 4340; baseline 0.004 -20"><span class='ocrx_word' id='word_1_798' title='bbox 2269 4259 2408 4320; x_wconf 73' lang='lat' dir='ltr'><strong>dum</strong></span> <span class='ocrx_word' id='word_1_799' title='bbox 2446 4264 2558 4334; x_wconf 89' lang='lat' dir='ltr'><strong>jam</strong></span> <span class='ocrx_word' id='word_1_800' title='bbox 2597 4265 2736 4321; x_wconf 89' lang='lat' dir='ltr'><strong>dicta</strong></span> <span class='ocrx_word' id='word_1_801' title='bbox 2786 4267 3030 4338; x_wconf 86' lang='lat' dir='ltr'><strong>poteritis</strong></span> <span class='ocrx_word' id='word_1_802' title='bbox 3068 4267 3338 4338; x_wconf 81' lang='lat' dir='ltr'><strong>explicare</strong></span> <span class='ocrx_word' id='word_1_803' title='bbox 3388 4266 3548 4333; x_wconf 83' lang='lat' dir='ltr'><strong>(Ibid.</strong></span> <span class='ocrx_word' id='word_1_804' title='bbox 3578 4268 3698 4340; x_wconf 77' lang='lat'><strong>28).</strong></span> <span class='ocrx_word' id='word_1_805' title='bbox 3748 4269 3883 4326; x_wconf 69' lang='lat' dir='ltr'><strong>llaec</strong></span> 
     </span>
    </p>
   </div>
   <div class='ocr_carea' id='block_1_101' title="bbox 2278 4344 3882 4428">
    <p class='ocr_par' dir='ltr' id='par_1_101' title="bbox 2278 4344 3882 4428">
     <span class='ocr_line' id='line_1_101' title="bbox 2278 4344 3882 4428; baseline 0.004 -19"><span class='ocrx_word' id='word_1_806' title='bbox 2278 4344 2541 4420; x_wconf 86' lang='lat' dir='ltr'><strong>de_stella</strong></span> <span class='ocrx_word' id='word_1_807' title='bbox 2584 4372 2615 4412; x_wconf 90' lang='lat' dir='ltr'><strong>a</strong></span> <span class='ocrx_word' id='word_1_808' title='bbox 2654 4357 2809 4412; x_wconf 82' lang='lat' dir='ltr'><strong>nobis</strong></span> <span class='ocrx_word' id='word_1_809' title='bbox 2846 4357 2985 4412; x_wconf 83' lang='lat' dir='ltr'><strong>dicta</strong></span> <span class='ocrx_word' id='word_1_810' title='bbox 3033 4368 3194 4422; x_wconf 90' lang='lat' dir='ltr'><strong>sunt;</strong></span> <span class='ocrx_word' id='word_1_811' title='bbox 3225 4359 3318 4414; x_wconf 90' lang='lat' dir='ltr'><strong>sed</strong></span> <span class='ocrx_word' id='word_1_812' title='bbox 3349 4359 3503 4428; x_wconf 89' lang='lat' dir='ltr'><strong>plura</strong></span> <span class='ocrx_word' id='word_1_813' title='bbox 3532 4374 3562 4413; x_wconf 93' lang='lat' dir='ltr'><strong>a</strong></span> <span class='ocrx_word' id='word_1_814' title='bbox 3587 4359 3744 4414; x_wconf 89' lang='lat' dir='ltr'><strong>vobis</strong></span> <span class='ocrx_word' id='word_1_815' title='bbox 3769 4361 3882 4416; x_wconf 84' lang='lat' dir='ltr'><strong>dici</strong></span> 
     </span>
    </p>
   </div>
   <div class='ocr_carea' id='block_1_102' title="bbox 2275 4451 3885 4526">
    <p class='ocr_par' dir='ltr' id='par_1_102' title="bbox 2275 4451 3885 4526">
     <span class='ocr_line' id='line_1_102' title="bbox 2275 4451 3885 4526; baseline 0 -15"><span class='ocrx_word' id='word_1_816' title='bbox 2275 4455 2485 4526; x_wconf 88' lang='lat' dir='ltr'><strong>possint</strong></span> <span class='ocrx_word' id='word_1_817' title='bbox 2507 4473 2521 4511; x_wconf 91' lang='lat'><strong>:</strong></span> <span class='ocrx_word' id='word_1_818' title='bbox 2544 4469 2667 4510; x_wconf 90' lang='lat' dir='ltr'><strong>nam</strong></span> <span class='ocrx_word' id='word_1_819' title='bbox 2688 4453 2771 4508; x_wconf 88' lang='lat' dir='ltr'><strong>Da</strong></span> <span class='ocrx_word' id='word_1_820' title='bbox 2799 4453 3014 4523; x_wconf 84' lang='lat' dir='ltr'><strong>sapienti</strong></span> <span class='ocrx_word' id='word_1_821' title='bbox 3036 4453 3352 4509; x_wconf 81' lang='lat' dir='ltr'><strong>occasionem</strong></span> <span class='ocrx_word' id='word_1_822' title='bbox 3373 4493 3390 4520; x_wconf 91' lang='lat'><strong>,</strong></span> <span class='ocrx_word' id='word_1_823' title='bbox 3415 4461 3462 4506; x_wconf 90' lang='lat' dir='ltr'><strong>et</strong></span> <span class='ocrx_word' id='word_1_824' title='bbox 3487 4451 3768 4523; x_wconf 83' lang='lat' dir='ltr'><strong>sapientior</strong></span> <span class='ocrx_word' id='word_1_825' title='bbox 3785 4455 3885 4510; x_wconf 80' lang='lat' dir='ltr'><strong>erit</strong></span> 
     </span>
    </p>
   </div>
   <div class='ocr_carea' id='block_1_103' title="bbox 2277 4545 2646 4618">
    <p class='ocr_par' dir='ltr' id='par_1_103' title="bbox 2277 4545 2646 4618">
     <span class='ocr_line' id='line_1_103' title="bbox 2277 4545 2646 4618; baseline -0.003 -16"><span class='ocrx_word' id='word_1_826' title='bbox 2277 4547 2458 4604; x_wconf 67' lang='lat' dir='ltr'><strong>tProv.</strong></span> <span class='ocrx_word' id='word_1_827' title='bbox 2489 4546 2544 4604; x_wconf 85' lang='lat'><strong>9.</strong></span> <span class='ocrx_word' id='word_1_828' title='bbox 2569 4545 2646 4618; x_wconf 90' lang='lat'><strong>9).</strong></span> 
     </span>
    </p>
   </div>
   <div class='ocr_carea' id='block_1_104' title="bbox 2347 4707 3884 4785">
    <p class='ocr_par' dir='ltr' id='par_1_104' title="bbox 2347 4707 3884 4785">
     <span class='ocr_line' id='line_1_104' title="bbox 2347 4707 3884 4785; baseline -0.008 -12"><span class='ocrx_word' id='word_1_829' title='bbox 2347 4718 2400 4774; x_wconf 70' lang='grc' dir='ltr'><strong>ι.</strong></span> <span class='ocrx_word' id='word_1_830' title='bbox 2423 4715 2592 4784; x_wconf 82' lang='lat' dir='ltr'><strong>Quare</strong></span> <span class='ocrx_word' id='word_1_831' title='bbox 2610 4713 2881 4785; x_wconf 79' lang='lat' dir='ltr'><strong>Scriptura</strong></span> <span class='ocrx_word' id='word_1_832' title='bbox 2899 4720 3092 4780; x_wconf 86' lang='lat' dir='ltr'><strong>tempus</strong></span> <span class='ocrx_word' id='word_1_833' title='bbox 3112 4717 3157 4764; x_wconf 89' lang='lat' dir='ltr'><strong>et</strong></span> <span class='ocrx_word' id='word_1_834' title='bbox 3174 4709 3341 4764; x_wconf 83' lang='lat' dir='ltr'><strong>locum</strong></span> <span class='ocrx_word' id='word_1_835' title='bbox 3357 4707 3656 4775; x_wconf 81' lang='lat' dir='ltr'><strong>natiritatis,</strong></span> <span class='ocrx_word' id='word_1_836' title='bbox 3683 4707 3884 4778; x_wconf 81' lang='lat' dir='ltr'><strong>princi-</strong></span> 
     </span>
    </p>
   </div>
   <div class='ocr_carea' id='block_1_105' title="bbox 2274 4799 3882 4882">
    <p class='ocr_par' dir='ltr' id='par_1_105' title="bbox 2274 4799 3882 4882">
     <span class='ocr_line' id='line_1_105' title="bbox 2274 4799 3882 4882; baseline -0.007 -16"><span class='ocrx_word' id='word_1_837' title='bbox 2274 4825 2486 4882; x_wconf 82' lang='lat' dir='ltr'><strong>pemque</strong></span> <span class='ocrx_word' id='word_1_838' title='bbox 2505 4817 2623 4862; x_wconf 85' lang='lat' dir='ltr'><strong>tunc</strong></span> <span class='ocrx_word' id='word_1_839' title='bbox 2648 4803 2883 4876; x_wconf 86' lang='lat' dir='ltr'><strong>temporis</strong></span> <span class='ocrx_word' id='word_1_840' title='bbox 2902 4811 3197 4874; x_wconf 86' lang='lat' dir='ltr'><strong>regnantem</strong></span> <span class='ocrx_word' id='word_1_841' title='bbox 3213 4810 3316 4856; x_wconf 92' lang='lat' dir='ltr'><strong>tam</strong></span> <span class='ocrx_word' id='word_1_842' title='bbox 3336 4808 3576 4854; x_wconf 86' lang='lat' dir='ltr'><strong>accurate</strong></span> <span class='ocrx_word' id='word_1_843' title='bbox 3598 4799 3882 4856; x_wconf 84' lang='lat' dir='ltr'><strong>describat.</strong></span> 
     </span>
    </p>
   </div>
   <div class='ocr_carea' id='block_1_106' title="bbox 2275 4892 3888 4964">
    <p class='ocr_par' dir='ltr' id='par_1_106' title="bbox 2275 4892 3888 4964">
     <span class='ocr_line' id='line_1_106' title="bbox 2275 4892 3888 4964; baseline -0.007 -7"><span class='ocrx_word' id='word_1_844' title='bbox 2275 4901 2516 4956; x_wconf 86' lang='lat' dir='ltr'><strong>Liberum</strong></span> <span class='ocrx_word' id='word_1_845' title='bbox 2553 4898 2838 4952; x_wconf 86' lang='lat' dir='ltr'><strong>arbitrium.</strong></span> <span class='ocrx_word' id='word_1_846' title='bbox 2893 4894 3218 4964; x_wconf 84' lang='lat' dir='ltr'><strong>Jerosolyma</strong></span> <span class='ocrx_word' id='word_1_847' title='bbox 3247 4908 3338 4946; x_wconf 86' lang='lat' dir='ltr'><strong>cur</strong></span> <span class='ocrx_word' id='word_1_848' title='bbox 3373 4892 3574 4946; x_wconf 89' lang='lat' dir='ltr'><strong>turbata</strong></span> <span class='ocrx_word' id='word_1_849' title='bbox 3609 4899 3720 4957; x_wconf 85' lang='lat' dir='ltr'><strong>est,</strong></span> <span class='ocrx_word' id='word_1_850' title='bbox 3761 4907 3888 4945; x_wconf 76' lang='lat' dir='ltr'><strong>cum</strong></span> 
     </span>
    </p>
   </div>
   <div class='ocr_carea' id='block_1_107' title="bbox 2277 4982 3884 5053">
    <p class='ocr_par' dir='ltr' id='par_1_107' title="bbox 2277 4982 3884 5053">
     <span class='ocr_line' id='line_1_107' title="bbox 2277 4982 3884 5053; baseline -0.009 -4"><span class='ocrx_word' id='word_1_851' title='bbox 2277 4993 2470 5049; x_wconf 83' lang='lat' dir='ltr'><strong>audivit</strong></span> <span class='ocrx_word' id='word_1_852' title='bbox 2495 4991 2752 5047; x_wconf 85' lang='lat' dir='ltr'><strong>Christum</strong></span> <span class='ocrx_word' id='word_1_853' title='bbox 2778 4998 2973 5042; x_wconf 89' lang='lat' dir='ltr'><strong>natum.</strong></span> <span class='ocrx_word' id='word_1_854' title='bbox 2997 5015 3066 5026; x_wconf 90' lang='lat'><strong>——</strong></span> <span class='ocrx_word' id='word_1_855' title='bbox 3085 4985 3203 5040; x_wconf 83' lang='lat' dir='ltr'><strong>Jam</strong></span> <span class='ocrx_word' id='word_1_856' title='bbox 3231 4984 3296 5038; x_wconf 89' lang='lat' dir='ltr'><strong>ad</strong></span> <span class='ocrx_word' id='word_1_857' title='bbox 3330 4982 3648 5053; x_wconf 87' lang='lat' dir='ltr'><strong>principium</strong></span> <span class='ocrx_word' id='word_1_858' title='bbox 3679 4997 3884 5036; x_wconf 89' lang='lat' dir='ltr'><strong>eorum</strong></span> 
     </span>
    </p>
   </div>
   <div class='ocr_carea' id='block_1_108' title="bbox 2277 5073 3892 5156">
    <p class='ocr_par' dir='ltr' id='par_1_108' title="bbox 2277 5073 3892 5156">
     <span class='ocr_line' id='line_1_108' title="bbox 2277 5073 3892 5156; baseline -0.008 -15"><span class='ocrx_word' id='word_1_859' title='bbox 2277 5101 2396 5156; x_wconf 74' lang='lat' dir='ltr'><strong>qua:</strong></span> <span class='ocrx_word' id='word_1_860' title='bbox 2427 5085 2561 5140; x_wconf 88' lang='lat' dir='ltr'><strong>lecta</strong></span> <span class='ocrx_word' id='word_1_861' title='bbox 2603 5090 2730 5136; x_wconf 88' lang='lat' dir='ltr'><strong>sunt</strong></span> <span class='ocrx_word' id='word_1_862' title='bbox 2757 5077 3090 5135; x_wconf 87' lang='lat' dir='ltr'><strong>redeundum</strong></span> <span class='ocrx_word' id='word_1_863' title='bbox 3115 5086 3220 5132; x_wconf 91' lang='lat' dir='ltr'><strong>est.</strong></span> <span class='ocrx_word' id='word_1_864' title='bbox 3251 5074 3533 5143; x_wconf 89' lang='lat' dir='ltr'><strong>Quodnam</strong></span> <span class='ocrx_word' id='word_1_865' title='bbox 3563 5083 3647 5129; x_wconf 91' lang='lat' dir='ltr'><strong>est</strong></span> <span class='ocrx_word' id='word_1_866' title='bbox 3674 5073 3892 5144; x_wconf 87' lang='lat' dir='ltr'><strong>princi-</strong></span> 
     </span>
    </p>
   </div>
   <div class='ocr_carea' id='block_1_109' title="bbox 2277 5166 3893 5248">
    <p class='ocr_par' dir='ltr' id='par_1_109' title="bbox 2277 5166 3893 5248">
     <span class='ocr_line' id='line_1_109' title="bbox 2277 5166 3893 5248; baseline -0.006 -16"><span class='ocrx_word' id='word_1_867' title='bbox 2277 5176 2462 5248; x_wconf 86' lang='lat' dir='ltr'><strong>pium?</strong></span> <span class='ocrx_word' id='word_1_868' title='bbox 2489 5174 2616 5230; x_wconf 82' lang='lat' dir='ltr'><strong>Cum</strong></span> <span class='ocrx_word' id='word_1_869' title='bbox 2655 5183 2806 5227; x_wconf 87' lang='lat' dir='ltr'><strong>natus</strong></span> <span class='ocrx_word' id='word_1_870' title='bbox 2829 5182 2957 5227; x_wconf 87' lang='lat' dir='ltr'><strong>esset</strong></span> <span class='ocrx_word' id='word_1_871' title='bbox 2981 5169 3133 5224; x_wconf 76' lang='lat' dir='ltr'><strong>Iesus</strong></span> <span class='ocrx_word' id='word_1_872' title='bbox 3156 5169 3209 5222; x_wconf 86' lang='lat' dir='ltr'><strong>in</strong></span> <span class='ocrx_word' id='word_1_873' title='bbox 3234 5167 3529 5222; x_wconf 80' lang='lat' dir='ltr'><strong>Bethlehem</strong></span> <span class='ocrx_word' id='word_1_874' title='bbox 3553 5166 3757 5221; x_wconf 74' lang='lat' dir='ltr'><strong>Judwa:</strong></span> <span class='ocrx_word' id='word_1_875' title='bbox 3777 5207 3795 5233; x_wconf 91' lang='lat'><strong>,</strong></span> <span class='ocrx_word' id='word_1_876' title='bbox 3832 5169 3893 5223; x_wconf 75' lang='lat' dir='ltr'><strong>in</strong></span> 
     </span>
    </p>
   </div>
   <div class='ocr_carea' id='block_1_110' title="bbox 2281 5261 3893 5337">
    <p class='ocr_par' dir='ltr' id='par_1_110' title="bbox 2281 5261 3893 5337">
     <span class='ocr_line' id='line_1_110' title="bbox 2281 5261 3893 5337; baseline -0.005 -13"><span class='ocrx_word' id='word_1_877' title='bbox 2281 5270 2453 5326; x_wconf 88' lang='lat' dir='ltr'><strong>diebus</strong></span> <span class='ocrx_word' id='word_1_878' title='bbox 2477 5267 2700 5323; x_wconf 83' lang='lat' dir='ltr'><strong>Herodis</strong></span> <span class='ocrx_word' id='word_1_879' title='bbox 2728 5267 2861 5337; x_wconf 89' lang='lat' dir='ltr'><strong>regis</strong></span> <span class='ocrx_word' id='word_1_880' title='bbox 2876 5306 2891 5330; x_wconf 94' lang='lat'><strong>,</strong></span> <span class='ocrx_word' id='word_1_881' title='bbox 2929 5281 3042 5319; x_wconf 87' lang='lat' dir='ltr'><strong>ecce</strong></span> <span class='ocrx_word' id='word_1_882' title='bbox 3063 5263 3202 5334; x_wconf 85' lang='lat' dir='ltr'><strong>magi</strong></span> <span class='ocrx_word' id='word_1_883' title='bbox 3221 5261 3282 5316; x_wconf 91' lang='lat' dir='ltr'><strong>ab</strong></span> <span class='ocrx_word' id='word_1_884' title='bbox 3303 5262 3496 5316; x_wconf 86' lang='lat' dir='ltr'><strong>oriente</strong></span> <span class='ocrx_word' id='word_1_885' title='bbox 3520 5271 3767 5314; x_wconf 83' lang='lat' dir='ltr'><strong>venerunt</strong></span> <span class='ocrx_word' id='word_1_886' title='bbox 3790 5262 3893 5316; x_wconf 58' lang='lat' dir='ltr'><strong>Jec</strong></span> 
     </span>
    </p>
   </div>
   <div class='ocr_carea' id='block_1_111' title="bbox 2280 5351 3893 5432">
    <p class='ocr_par' dir='ltr' id='par_1_111' title="bbox 2280 5351 3893 5432">
     <span class='ocr_line' id='line_1_111' title="bbox 2280 5351 3893 5432; baseline -0.005 -15"><span class='ocrx_word' id='word_1_887' title='bbox 2280 5362 2608 5432; x_wconf 80' lang='lat' dir='ltr'><strong>rosotymam.</strong></span> <span class='ocrx_word' id='word_1_888' title='bbox 2627 5358 2761 5429; x_wconf 84' lang='lat' dir='ltr'><strong>Magi</strong></span> <span class='ocrx_word' id='word_1_889' title='bbox 2789 5355 3000 5412; x_wconf 89' lang='lat' dir='ltr'><strong>stellam</strong></span> <span class='ocrx_word' id='word_1_890' title='bbox 3022 5353 3212 5410; x_wconf 89' lang='lat' dir='ltr'><strong>ducem</strong></span> <span class='ocrx_word' id='word_1_891' title='bbox 3240 5353 3450 5424; x_wconf 91' lang='lat' dir='ltr'><strong>sequuti</strong></span> <span class='ocrx_word' id='word_1_892' title='bbox 3473 5360 3631 5418; x_wconf 91' lang='lat' dir='ltr'><strong>sunt;</strong></span> <span class='ocrx_word' id='word_1_893' title='bbox 3663 5351 3720 5408; x_wconf 89' lang='lat' dir='ltr'><strong>hi</strong></span> <span class='ocrx_word' id='word_1_894' title='bbox 3748 5368 3893 5409; x_wconf 85' lang='lat' dir='ltr'><strong>vero</strong></span> 
     </span>
    </p>
   </div>
   <div class='ocr_carea' id='block_1_112' title="bbox 2350 5613 3893 5687">
    <p class='ocr_par' dir='ltr' id='par_1_112' title="bbox 2350 5613 3893 5687">
     <span class='ocr_line' id='line_1_112' title="bbox 2350 5613 3893 5687; baseline -0.006 -10"><span class='ocrx_word' id='word_1_895' title='bbox 2350 5629 2366 5659; x_wconf 74' lang='grc' dir='ltr'>ί</span> <span class='ocrx_word' id='word_1_896' title='bbox 2406 5627 2461 5676; x_wconf 83' lang='lat' dir='ltr'><strong>in</strong></span> <span class='ocrx_word' id='word_1_897' title='bbox 2485 5632 2665 5681; x_wconf 76' lang='lat' dir='ltr'><strong>Crzeco,</strong></span> <span class='ocrx_word' id='word_1_898' title='bbox 2690 5634 2844 5687; x_wconf 62' lang='lat' dir='ltr'><strong>imbri;</strong></span> <span class='ocrx_word' id='word_1_899' title='bbox 2866 5634 3044 5684; x_wconf 74' lang='grc' dir='ltr'><strong>ἀπειρίας.</strong></span> <span class='ocrx_word' id='word_1_900' title='bbox 3063 5622 3281 5687; x_wconf 78' lang='lat' dir='ltr'><strong>Auianus</strong></span> <span class='ocrx_word' id='word_1_901' title='bbox 3300 5627 3360 5667; x_wconf 80' lang='lat' dir='ltr'><strong>at)</strong></span> <span class='ocrx_word' id='word_1_902' title='bbox 3383 5625 3476 5687; x_wconf 37' lang='lat' dir='ltr'><strong>Ista.</strong></span> <span class='ocrx_word' id='word_1_903' title='bbox 3494 5613 3707 5666; x_wconf 86' lang='lat' dir='ltr'><strong>lectione</strong></span> <span class='ocrx_word' id='word_1_904' title='bbox 3731 5615 3893 5667; x_wconf 80' lang='lat' dir='ltr'><strong>aber-</strong></span> 
     </span>
    </p>
   </div>
   <div class='ocr_carea' id='block_1_113' title="bbox 2281 5680 3548 5749">
    <p class='ocr_par' dir='ltr' id='par_1_113' title="bbox 2281 5680 3548 5749">
     <span class='ocr_line' id='line_1_113' title="bbox 2281 5680 3548 5749; baseline -0.011 -10"><span class='ocrx_word' id='word_1_905' title='bbox 2281 5697 2374 5748; x_wconf 89' lang='lat' dir='ltr'><strong>rat,</strong></span> <span class='ocrx_word' id='word_1_906' title='bbox 2398 5691 2447 5738; x_wconf 91' lang='lat' dir='ltr'><strong>in</strong></span> <span class='ocrx_word' id='word_1_907' title='bbox 2470 5680 3098 5749; x_wconf 84' lang='lat' dir='ltr'><strong>interpretationeponens,</strong></span> <span class='ocrx_word' id='word_1_908' title='bbox 3120 5680 3324 5746; x_wconf 84' lang='lat' dir='ltr'><strong>superba</strong></span> <span class='ocrx_word' id='word_1_909' title='bbox 3346 5680 3548 5731; x_wconf 71' lang='lat' dir='ltr'><strong>cervice.</strong></span> 
     </span>
    </p>
   </div>
  </div>
