4078 6372
276 357 357 412 65
1437 349 1505 406 IN
1544 347 1955 407 MATTHJEUM
1993 348 2222 407 HOMIL.
2264 348 2356 408 Vl.
3504 351 3570 408 66

280 464 427 516 κατά
456 465 559 535 τήν
584 464 915 537 οἰκουμένην
943 464 1153 521 οἰκοῦσι
1174 506 1191 531 ,
1224 468 1318 522 καὶ
1349 470 1432 532 εἰς
1454 469 1709 525 τοσοῦτον
1740 472 1875 526 πλά-

278 570 377 614 ⁶τος
416 557 521 624 γῆς
556 555 949 625 ἐκκεχυμένοις
973 557 1039 620 ³³,
1091 558 1296 611 ἅπασιν
1335 558 1503 626 ἐγγὺς
1535 557 1674 613 εἶναι
1705 561 1871 617 δοκεῖ.

288 646 420 709 Πῶς
445 642 539 699 οὖν
567 650 595 700 6
614 649 814 716 ἀστὴρ,
837 650 959 702 εἰπέ
982 666 1094 720 μοι,
1119 650 1283 704 τόπον
1300 648 1443 704 οὓτω
1461 652 1644 706 στενὸν
1669 656 1875 725 φάτνης

289 740 389 791 καὶ
439 740 684 808 καλύϐης
715 740 925 794 ἐδείκνυ
950 781 966 803 ,
1000 743 1049 795 εἰ
1078 741 1155 812 μὴ
1185 742 1246 795 τὸ
1275 743 1479 815 ὑψηλὸν
1515 745 1695 798 ἐκεῖνο
1717 746 1877 817 ἀφεὶς

284 832 445 882 κάτω
479 830 712 900 κατέϐη,
744 832 838 884 καί
868 832 1009 902 ὑπὲρ
1045 834 1214 904 αὐτῆς
1240 834 1371 905 ἔστη
1390 835 1491 905 τῆς
1516 836 1757 907 κεφαλῆς
1780 837 1875 891 τοῦ

279 919 539 985 παιδίους
576 920 753 991 Ὅπερ
781 916 874 974 οῦν
913 923 1009 976 καί⁵
1034 923 1062 975 6
1087 923 1477 997 εὐαγγελιστής
1509 927 1877 999 αἰνιττόμενος

281 1010 476 1079 ἔλεγεν
496 1029 512 1043 ·
558 1012 715 1067 Ἰδοὺ
751 1018 785 1067 ὁ
816 1014 1013 1082 ἀστὴρ
1047 1014 1315 1087 προῆγεν
1342 1018 1566 1085 αὐτοὺς
1587 1058 1603 1082 ,
1642 1020 1753 1087 ἕως
1778 1020 1877 1074 ἐλ-

282 1102 411 1156 θὼν·
445 1103 599 1171 ἔστη
633 1104 836 1158 ἐπάνω
865 1101 939 1161 οὗ
972 1101 1051 1175 ἧὶθ
1071 1106 1138 1160 τὸ
1166 1106 1431 1162 παιδίον.
1446 1107 1613 1180 Ὁρᾷς
1646 1109 1712 1163 δι’
1737 1112 1877 1165 ὅσων

279 1193 568 1249 δείκνυται
594 1196 654 1249 οὐ
685 1195 791 1249 τῶν
832 1196 1041 1251 πολλῶν
1074 1194 1155 1261 εἷς
1186 1196 1263 1251 ὢν
1292 1190 1449 1264 οὗτος
1480 1201 1509 1253 6
1542 1200 1736 1273 ἀστὴρ,
1757 1200 1877 1255 οὐδὲ

284 1287 432 1340 κατά
477 1288 585 1359 τὴν
616 1290 941 1345 ἀκολουθίαν
971 1291 1071 1363 τῆς
1125 1290 1232 1357 ἐξω
1342 1292 1611 1364 γενέσεως
1662 1295 1877 1361 δεικνὺς

284 1375 409 1449 {89]
438 1379 638 1434 ἑαυτόν
657 1396 672 1446 ;

358 1467 430 1537 γ’.
464 1471 581 1524 Kal
609 1471 755 1536 τίνος
781 1472 968 1528 ἐνεκεν
997 1475 1205 1545 ἐφάνης
1238 1475 1401 1529 Ὥστε
1429 1475 1748 1530 καθικέσθαι
1776 1476 1876 1547 τῆς

300 1561 579 1617 Ἰουδαίων
612 1564 991 1635 ἀναισθησίας,
1023 1567 1119 1619 καὶ
1142 1568 1323 1622 πᾶσαν
1343 1568 1525 1632 αὐτοῖς
1557 1567 1876 1622 ἀποκλεῖσαι

285 1644 919 1721 ἀπολογίαςάιειορμὴν³³
950 1648 1377 1719 ἀγνωμονοῦσιν.
1414 1649 1627 1720 Ἐπειδὴ
1690 1649 1799 1720 γάρ
1847 1651 1877 1702 ὁ

286 1738 762 1813 παραγενόμενος,
802 1739 902 1810 τὴν
942 1739 1042 1809 μὲν
1086 1739 1321 1794 παλαιάν
1358 1742 1654 1795 ἀναπαύειν
1687 1741 1878 1812 ἔμελλε

290 1830 592 1893 πολιτείαν,
624 1830 726 1901 τὴν
746 1830 803 1883 δε
829 1831 1152 1903 οἰκουμένην
1179 1833 1261 1897 είς
1290 1833 1387 1903 τὴν
1419 1832 1586 1888 αὑτοῦ
1636 1834 1879 1905 προσκύ-

284 1949 445 2003 νησιν
474 1933 684 2001 καλεῖν,
711 1934 809 1988 καὶ
836 1935 895 1989 ἐν
922 1937 993 2007 γῇ
1034 1935 1129 1989 καὶ
1166 1936 1227 1987 ἐν
1267 1932 1503 2004 θαλάττῃ
1554 1930 1877 2002 προσκυνεῖ-

292 2023 417 2076 σθαι
455 2025 633 2095 πάσῃ,
656 2026 722 2079 ἐκ
747 2026 1049 2096 προοιμίων
1074 2026 1277 2090 εὐθέως
1305 2026 1416 2088 τοῖς
1441 2024 1647 2077 ἔθνεσιν
1674 2021 1879 2090 ἀνοίγει

288 2114 387 2185 τήν
418 2115 616 2185 θύραν,
637 2116 727 2169 διά
761 2117 870 2169 τῶν
900 2116 1194 2187 ἀλλοτρίων
1226 2116 1353 2180 τοὺς
1393 2115 1626 2178 οἰκείους
1655 2112 1878 2167 παιδεῦ-

292 2222 385 2258 σαι
431 2206 628 2262 θέλων.
677 2207 896 2278 Ἐπειδὴ
955 2209 1065 2278 γὰρ
1114 2207 1224 2260 τῶν
1280 2205 1578 2277 προφητῶν
1640 2202 1879 2273 συνεχῶς

288 2296 587 2361 ἀκούοντες
628 2297 896 2365 λεγόντων
951 2298 1081 2370 περί⁵
1120 2297 1220 2368 τῆς
1263 2295 1427 2350 αὐτοῦ
1470 2293 1786 2366 παρουσίας,
1817 2293 1878 2346 οὐ

292 2389 503 2459 σφόδρα
533 2392 843 2459 προσεῖχον,
862 2389 1085 2459 ἐποίησε
1110 2389 1205 2443 καὶ
1235 2388 1543 2459 βαρϐάρους
1572 2386 1745 2440 ἐλθεῖν
1772 2386 1880 2439 ἀπὸ

289 2482 396 2549 γῆς
433 2483 674 2551 μακρᾶς,
708 2482 800 2534 τὸν
831 2482 961 2552 παρ’
986 2482 1171 2544 αὐτοῖς
1210 2480 1435 2550 βασιλέα
1463 2479 1875 2550 ἐπιζητοῦντας,

290 2571 388 2621 καὶ
438 2569 594 2642 παρά
637 2570 912 2641 Περσικῆς
958 2570 1180 2640 πρώτης
1219 2570 1401 2640 φωνῆς
1434 2569 1813 2639 μανθάνουσιν,
1841 2569 1878 2624 ἃ

290 2660 447 2729 παρὰ
485 2660 596 2711 τῶν
624 2662 921 2730 προφητῶν
963 2661 1153 2731 μαθεῖν
1181 2662 1282 2714 οὐκ
1317 2662 1607 2731 ἠνέσχοντο
1629 2677 1643 2691 '
1675 2663 1780 2726 ἵνα,
1812 2660 1878 2715 ἂν

291 2750 397 2817 μὲν
454 2748 861 2818 εὐγνωμονῶσι,
931 2749 1192 2820 μεγίστην
1246 2749 1410 2819 ἔχωσι
1459 2749 1551 2803 τοῦ
1598 2750 1877 2804 πείοεσθαι

290 2838 569 2906 πρόφασιν
589 2854 603 2866 ·
626 2837 719 2889 ἐὰν
742 2837 799 2889 δέ
822 2836 1188 2906 φιλονεικῶσι,
1218 2838 1396 2907 πάσης
1420 2830 1552 2890 ὦσιν
1582 2837 1881 2907 ἀπεστερη-

292 2928 452 2996 μένοι
473 2927 659 2980 λοιπὸν
685 2928 1000 2997 ἀπολογίας.
1031 2928 1095 2981 Τί
1134 2927 1243 2998 γάρ
1274 2927 1341 2982 ἂν
1369 2928 1539 2999 ἔχοιεν
1571 2929 1766 2992 εἰπεῖν,
1801 2928 1876 2999 μὴ

288 3018 584 3087 δεξάμενοι
614 3019 702 3071 τὸν
730 3020 963 3091 Χριστὸν
999 3020 1137 3090 μετὰ
1164 3021 1291 3085 τοὺς
1332 3020 1617 3082 τοσούτους
1666 3020 1877 3090 προφή-

288 3127 413 3173 τας,
455 3112 585 3163 ὃταν
610 3111 757 3164 ίδωσι
785 3112 987 3181 μάγους
1018 3112 1128 3164 ἀπὸ
1168 3112 1344 3181 ὅψεως
1381 3112 1497 3174 ἐνὸς
1523 3111 1722 3183 ἄστρου
1754 3110 1876 3163 τοῦ-

287 3217 385 3251 τον
433 3199 781 3270 δεξαμένους,
814 3201 905 3254 καὶ
950 3203 1436 3273 προσκυνήσαντας
1467 3202 1557 3254 τὸν
1600 3200 1874 3269 φανέντα;

292 3295 476 3364 Ὅπερ
506 3288 597 3346 οὖν
629 3293 723 3346 ἐπὶ
767 3293 876 3345 τῶν
926 3293 1222 3345 Νινευῖτῶν
1274 3293 1516 3363 ἐποίησε,
1544 3293 1764 3363 πέμψας
1785 3293 1877 3348 τὸν

301 3386 515 3448 Ἰωνᾶν,
553 3385 647 3437 καὶ
678 3386 815 3455 ὅπερ
843 3386 936 3438 ἐπὶ
963 3387 1059 3456 τῆς
1092 3384 1479 3456 Σαμαρείτιδος
1512 3384 1727 3455 καὶτῆς
1762 3384 1875 3436 Χα-

287 3477 545 3540 ναναίας,
579 3477 736 3530 τοῦτο
771 3478 867 3531 καὶ
915 3479 1008 3530 ἐπὶ
1049 3477 1159 3530 τῶν
1208 3477 1415 3547 μάγων.
1462 3476 1559 3529 Διά
1600 3474 1757 3528 τοῦτο
1784 3476 1878 3528 καὶ

287 3567 516 3635 ἔλεγεν·
582 3568 833 3637 Ἄνδρες
884 3568 1185 3622 Νιγευῗται
1240 3566 1711 3634 ἀναστήσονται,
1777 3566 1876 3620 καὶ

286 3659 759 3728 κατακρινοῦσιο
790 3660 905 3723 καὶ,
937 3661 1282 3714 Βασίλισσα
1322 3660 1504 3713 νότου
1536 3659 1876 3724 ἀναστήσε-

292 3769 418 3814 ται,
442 3752 543 3805 καί
575 3750 919 3818 κατακρινεῖ
941 3751 1057 3819 τὴν
1086 3754 1299 3818 γενεὰν
1330 3752 1556 3818 ταύτην
1576 3767 1589 3780 ·
1625 3752 1706 3804 ὅτι
1733 3751 1877 3803 ἐκεῖ·

286 3858 372 3895 νοι
409 3840 513 3911 μὲν
541 3844 653 3905 τοῖς
687 3842 965 3895 ἐλάττοσιν
997 3841 1345 3905 ἐπίστευσαν,
1367 3836 1508 3895 οῦτοι
1534 3840 1591 3893 δέ
1612 3841 1730 3893 οὐδὲ
1763 3842 1875 3904 τοῖς

292 3932 532 4003 μείζοσι.
564 3934 673 3985 Kal
695 3932 839 3997 τίνος
859 3932 1042 3987 ἕνεκεν
1065 3933 1153 3985 διὰ
1180 3933 1435 4003 τοιαύτης
1466 3932 1662 3995 αὐτοὺς
1691 3932 1873 3985 εἵλκυ-

291 4037 387 4076 σεν
438 4023 655 4093 ὅψεωςς
706 4024 891 4095 φησίν.
954 4024 1115 4077 Ἀλλά
1151 4023 1269 4087 πῶς
1321 4025 1523 4094 ἐχρῆν;
1580 4024 1872 4094 Προφήτας

288 4115 509 4184 πέμψαι
532 4132 548 4180 ;
595 4114 736 4167 Ἀλλ’
766 4116 864 4167 οὐκ
892 4114 957 4168 ἂν
983 4115 1032 4168 οἰ
1059 4115 1223 4185 μάγοι
1251 4115 1541 4186 προφητῶν
1563 4115 1871 4185 ἠνέσχοντο.

304 4206 470 4259 Ἀλλὰ
499 4207 683 4278 φωνὴν
734 4207 940 4261 ἀνωθεν
970 4206 1222 4278 ἀφεῖναι;
1272 4207 1409 4267 Ἀλλ’
1442 4208 1543 4261 οὐκ
1586 4207 1651 4260 ἂν
1699 4223 1871 4278 προσ-

284 4311 467 4379 έσχον.
508 4309 646 4359 Ἀλλ’
684 4307 912 4374 ἄγγελον
951 4307 1295 4372 ἁποστεῖλαι;
1337 4307 1496 4359 Ἀλλὰ
1542 4310 1634 4360 καὶ
1682 4309 1869 4362 τοῦτον

280 4401 347 4453 ἂν
380 4400 757 4470 παρέδραμον.
800 4398 900 4450 Διά
940 4397 1189 4469 δήτοῦτο
1229 4400 1407 4451 πάντα
1437 4400 1618 4452 ἐκεῖνα
1647 4402 1804 4470 ἀφεὶς
1839 4402 1869 4456 6

280 4490 438 4553 Θεὸς.
462 4488 555 4541 διὰ
584 4490 693 4541 τῶν
717 4488 965 4556 συνήθων
994 4488 1188 4551 αὐτοὺς
1213 4488 1390 4555 καλεῖ,
1428 4490 1634 4560 σφόδρα
1665 4508 1867 4559 συγκα-

279 4581 577 4643 ταϐαίνων,
602 4580 698 4632 καὶ
723 4578 839 4650 [90]
873 4578 1143 4631 δείκνυσιν
1177 4580 1374 4651 ἄστρον
1418 4582 1560 4649 μέγα
1588 4583 1680 4635 καὶ
1712 4582 1867 4652 ἐξηλ-

281 4672 580 4742 λαγμένον,
612 4672 753 4725 ὥστε
784 4671 878 4723 καὶ
926 4670 1002 4741 τῷ
1035 4670 1253 4740 μεγέθει
1291 4672 1386 4724 καὶ
1420 4672 1499 4741 τῷ
1538 4673 1726 4727 κάλλει
1765 4675 1866 4745 τῆς

280 4765 458 4833 ὅψεως
483 4764 682 4826 αὐτοὺς
713 4763 1002 4832 ἐκπλῆξαι,
1037 4764 1131 4815 καὶ
1157 4764 1235 4834 τῷ
1258 4764 1445 4834 τρόπῳ
1483 4764 1583 4834 τῆς
1618 4766 1862 4837 πορείας.

280 4858 471 4910 Ταῦτα
511 4858 606 4909 καὶ
650 4860 678 4909 6
731 4855 943 4919 Παῦλος
996 4855 1331 4926 μιμούμενος
1380 4856 1487 4909 ἀπὸ
1529 4856 1714 4927 βωμοῦ
1753 4860 1867 4922 τοῖς

284 4951 511 5020 Ἕλλησι
542 4949 886 5015 διαλέγεται,
932 4951 1025 5001 καὶ
1059 4946 1295 5018 ποιητῶν
1323 4947 1561 5018 παράγει
1581 4948 1627 4980 ³⁸
1661 4966 1866 5020 μαρτυ-

283 5039 407 5109 ρίας
438 5041 519 5100 εἰς
558 5040 723 5105 μέσον
745 5053 760 5068 ·
796 5036 891 5089 καὶ
942 5036 1080 5107 μετὰ
1116 5037 1417 5107 περιτομῆς
1454 5039 1565 5099 τοῖς
1599 5037 1868 5103 Ἰουδαίοις

278 5132 605 5200 δημηγορεῖ,
636 5130 729 5181 καὶ
752 5129 861 5182 ἀπὸ
881 5129 1081 5181 θυσιῶν
1109 5128 1246 5199 πρὸς
1265 5128 1389 5190 τοὺς
1411 5128 1468 5179 ἐν
1490 5128 1638 5199 νόμῳ
1659 5126 1867 5193 ζῶντας

279 5224 378 5292 τὴν
427 5224 604 5293 ἀρχὴν
657 5225 893 5275 ποιεῖται
938 5220 1039 5291 τῆς
1086 5220 1450 5283 διδασκαλίας.
1494 5220 1710 5291 Ἐπειδὴ
1758 5221 1867 5293 γὰρ

279 5316 498 5383 ἑκάστῳ
524 5314 593 5366 τὰ
628 5313 830 5385 συνήθη
870 5312 1018 5381 φίλα,
1065 5312 1158 5365 καὶ
1190 5314 1217 5364 6
1250 5312 1379 5373 Θεὸς
1408 5312 1499 5364 καί
1528 5312 1577 5364 οί
1607 5313 1735 5382 παρ’
1765 5313 1865 5364 αὑ-

280 5404 374 5455 τοῦ
423 5403 764 5472 πεμφθέντες
806 5402 1081 5473 ἄνθρωποι
1122 5401 1258 5472 πρὸς
1281 5400 1380 5471 τὴν
1408 5400 1507 5470 τῆς
1545 5402 1865 5471 οἰκουμένης

282 5494 557 5562 σωτηρίαν
605 5491 749 5545 οὕτω
797 5492 867 5545 τὰ
916 5492 1215 5562 πράγματα
1272 5490 1727 5560 μεταχειρίζουσι.
1771 5490 1863 5561 Μὴ

282 5586 461 5636 τοίνυν
484 5584 701 5648 ἀνάξιον
733 5580 871 5637 εἶναι
898 5584 1123 5655 νομίσῃς
1154 5582 1339 5648 αὐτοῦ,
1358 5583 1417 5634 τὸ
1429 5584 1495 5635 δι’
1522 5582 1748 5652 ἀστέρος
1767 5582 1865 5635 αύ-

282 5679 411 5738 τοὺς
460 5677 724 5730 καλέσαι·
775 5675 899 5728 ἐπεὶ
943 5675 1085 5728 οὕτω
1138 5676 1230 5729 καὶ
1276 5678 1344 5727 τά
1394 5674 1657 5727 Ἰουδαϊκὰ
1690 5673 1867 5727 πάντα

363 5883 411 5914 ³⁸
450 5884 581 5938 ἐκκε
606 5884 830 5954 γυμέντς
866 5880 932 5935 D.
968 5879 1029 5935 Ε.
1064 5880 1408 5950 ἐκκεχυμὲνη
1447 5878 1505 5934 F.
1554 5880 1657 5933 An.
1691 5880 1893 5934 ἅπασιν
1919 5893 2031 5934 om.
2068 5879 2129 5933 Β.

363 5972 420 5987 an.
446 5953 485 5987 Id“
584 5904 629 5987 ζ
660 5920 926 5987 nrt-nivei]
959 5953 1075 5987 ἤνσι
1112 5951 1224 5987 λιιιι·
1284 5951 1390 5987 “an
1456 5952 1617 5987 nunln
1652 5963 1767 5987 una!
1807 5950 2129 5987 ξεῄιιῄνᾶηςι

958 5951 1245 6022 ἄγει-μον.
1284 5948 1415 6004 Ben}
1456 5952 1617 6022 paulo
1652 5963 1770 6019 pust
1807 5952 1873 6004 ὲδπ

1974 5950 2138 6020 ιγόρει
2256 5948 2316 6002 Β.
2350 5954 2406 6001 (Ζ.
2582 5950 2624 5981 ³³
2646 5950 2862 6022 ἀναγάγ

292 5955 420 6020 γῐαν
446 5953 506 6008 1³⁸.
584 5951 629 5987 ³⁸
660 5951 927 6023 θὲαράγει]

1988 468 2283 529 διαϐαλεῖς,
2312 465 2405 518 καὶ
2438 464 2533 529 τὰς
2560 464 2749 525 θυσίας
2769 503 2785 528 ,
2824 463 2918 516 καὶ
2952 463 3075 526 τοὺς
3101 460 3441 535 καθαρμοὺς,
3470 465 3565 515 καὶ

1988 562 2086 622 τάς
2108 558 2418 629 νεομηνίας,
2450 557 2545 610 καὶ
2578 556 2677 626 τὴν
2706 554 2937 608 κιϐωτὸν
2957 594 2972 618 ,
2999 551 3205 607 καὶτὸν
3227 554 3352 607 ναὸν
3374 553 3431 607 δὲ
3462 554 3563 607 αὑ-

1988 653 2100 705 τόν.
2131 652 2239 705 Kal
2263 650 2372 722 γὰρ
2418 648 2478 713 ἐξ
2516 647 2831 717 Ἑλληνικῆς
2862 645 3036 699 ταῦτα
3073 644 3381 717 παχύτητος
3404 646 3564 699 ἔλαϐε

1989 744 2087 814 τὴν
2120 744 2314 814 ἀρχήν.
2334 742 2474 794 Ἀλλ’
2498 740 2648 811 ὅμως
2678 739 2707 791 6
2727 738 2856 802 Θεὸς
2879 737 2967 791 διὰ
2994 736 3091 809 τὴν
3120 738 3228 790 τῶν
3263 736 3564 808 πλανηθέν-

1988 852 2096 888 των
2124 834 2394 904 σωτηρίαν
2422 832 2680 902 ήνέσχετο
2699 830 2786 884 διά
2820 829 3023 884 τούτων
3052 828 3473 900 θεραπευθῆναι,
3497 827 3564 882 δι’

1986 919 2061 980 ὧν
2092 928 2141 978 οἱ
2179 924 2376 989 ἔξωθεν
2402 923 2658 994 δαίμονας
2683 921 3035 992 ἐθεράπευον,
3063 919 3256 990 μικρὸν
3289 918 3565 991 παραλλά-

1987 1016 2085 1082 ξας
2122 1016 2299 1070 αὐτά’
2341 1016 2429 1069 ἵνα
2472 1016 2669 1076 αὐτοὺς
2701 1012 2841 1066 κατά
2893 1010 3088 1083 μικρὸν
3129 1011 3231 1081 τῆς
3276 1010 3563 1081 συνηθείας

1985 1108 2312 1170 ἀποσπάσας
2348 1105 2441 1158 ἐπὶ
2466 1105 2566 1176 τὴν
2602 1103 2811 1175 ὑψηλὴν
2836 1103 3018 1174 ἀγάγῃ
3043 1103 3088 1134 ³⁸
3120 1102 3456 1173 φιλοσοφίαν.
3498 1101 3571 1155 Ὃ

1982 1199 2049 1269 δὴ
2080 1199 2174 1251 καὶ
2205 1197 2297 1251 ἐπὶ
2330 1196 2437 1250 τῶν
2469 1196 2658 1267 μάγων
2682 1194 2926 1264 ἐποίησε,
2948 1193 3015 1247 δι’
3038 1192 3214 1262 ὅψεως
3238 1190 3436 1263 ἄστρου
3467 1207 3564 1243 κα.

1982 1290 2138 1344 λέσαι
2175 1289 2371 1350 αὐτοὺς
2403 1286 2804 1357 ἀνασχόμενος,
2848 1286 2935 1339 ἶνα
2966 1283 3152 1338 λοιπὸν
3201 1281 3565 1353 ὑψηλοτέρους

1980 1390 2299 1462 ἐργάσηται.
2337 1387 2489 1441 Ἐπεὶ
2525 1382 2620 1440 οὖν
2663 1387 2837 1458 ἠγαγε
2887 1385 2982 1439 καὶ
3010 1382 3437 1455 ἐχειραγώγησε,
3464 1383 3560 1436 καὶ

1981 1481 2119 1554 πρὸς
2145 1481 2244 1552 τὴν
2287 1480 2494 1551 φάτνην
2541 1479 2788 1550 ἔστησεν,
2824 1477 3007 1531 οὐκέτι
3047 1477 3115 1529 δι’
3160 1477 3384 1547 ἄστρου,
3421 1473 3560 1529 ἀλλά

1977 1572 2044 1626 δι’
2077 1571 2312 1641 ἀγγέλου
2365 1570 2550 1624 λοιπὸν
2599 1570 2784 1632 αὐτοῖς
2833 1568 3178 1637 διαλέγεται,
3234 1565 3378 1620 οὕτω
3415 1566 3560 1620 κατὰ

1980 1661 2175 1732 μικρὸν
2210 1660 2450 1731 βελτίους
2471 1659 2738 1727 ἐγένοντο.
2772 1658 2944 1713 Τοῦτο
2972 1659 3066 1712 καὶ
3101 1658 3193 1711 ἐπὶ
3220 1656 3329 1711 τῶν
3358 1657 3555 1710 ’Δσκα-

1977 1752 2215 1806 λωνιτῶν
2260 1753 2354 1805 καί⁸
2386 1749 2635 1815 Γαζαίων
2680 1750 2927 1821 ἐποίησε.
2968 1748 3080 1803 Kal
3123 1748 3233 1821 γὰρ
3293 1751 3349 1803 αἱ
3392 1748 3556 1802 πέντε

1978 1842 2159 1905 πόλεις
2187 1843 2424 1905 ἐκεῖναι,
2466 1841 2654 1913 ἐπειδὴ
2695 1840 2795 1910 τῆς
2830 1838 3064 1894 κιϐωτοῦ
3107 1836 3555 1909 παραγενομένης

1978 1931 2295 2003 ἐπλήγησαν
2342 1930 2561 2001 καιρίαν
2618 1930 2852 2002 πληγὴν,
2893 1929 2990 1983 καὶ
3034 1928 3353 1999 ἀπαλλαγὴν
3414 1926 3557 1981 οὐδε-

1979 2022 2107 2091 μίαν
2131 2020 2384 2093 εὖρισκον
2414 2020 2521 2075 τῶν
2548 2021 2910 2091 ἐπικειμένων
2945 2018 3153 2083 κακῶν,
3179 2020 3306 2081 τοὺς
3329 2017 3553 2088 μάντεις

1975 2112 2323 2179 καλέσαντες,
2370 2114 2464 2166 καὶ
2502 2112 2797 2183 ἐκκλησίαν
2837 2110 3269 2181 συναγαγόντες,
3325 2110 3554 2181 ἐζήτουν

1974 2202 2127 2257 λύσιν
2149 2204 2329 2275 εὑρεῖν
2356 2203 2456 2273 τῆς
2485 2203 2746 2274 θεηλάτου
2778 2202 2992 2275 πληγῆς
3023 2202 3257 2273 ἐκείνης.
3283 2197 3416 2255 Εῐτα
3443 2200 3553 2254 τῶν

1977 2294 2224 2365 μάντεων
2249 2292 2362 2366 [91]
2395 2295 2679 2360 εἰπόντων,
2702 2296 2784 2349 ὅτι
2813 2294 3071 2365 δαμάλεις
3100 2293 3443 2363 άδαμάστους
3457 2292 3553 2347 καὶ

1975 2388 2423 2458 πρωτοτοκούσας
2457 2385 2752 2451 ὑποξεῦξαι
2780 2387 2849 2457 τῇ
2886 2383 3101 2454 κιϐωτῷ
3139 2383 3266 2454 χρὴ.
3300 2381 3395 2435 καὶ
3418 2380 3552 2451 μηδ-

1974 2478 2092 2543 ενὸς
2141 2477 2608 2550 χειραγωγοῦντος
2666 2479 2884 2547 ἀφεῖναι
2948 2475 3210 2547 βαδίζειν·
3258 2472 3400 2526 οὕτω
3441 2472 3551 2545 γάρ

1974 2571 2123 2626 ἔσται
2163 2572 2481 2643 κατάδηλον,
2521 2573 2629 2625 εἴτε
2678 2570 2935 2641 θεήλατος
2973 2564 3041 2639 ἦν
3058 2569 3103 2599 ³⁸
3133 2568 3167 2638 ή
3206 2565 3405 2637 πληγὴ,
3438 2565 3550 2618 εἴτε

1970 2665 2036 2717 ἐκ
2063 2665 2367 2736 περιφορᾶς
2406 2679 2551 2725 τινος
2597 2664 2630 2732 ὴ
2666 2662 2819 2725 νόσος
2855 2661 2951 2731 (ἂν
2980 2658 3077 2730 μὲν
3101 2657 3227 2728 γὰρ,
3259 2656 3414 2726 φησὶ,
3453 2654 3546 2708 τὸν

1972 2754 2133 2824 ζυγὸν
2166 2755 2270 2808 ὑπὸ
2310 2753 2412 2825 τῆς
2449 2753 2705 2824 ἀπειρίας
2761 2750 3202 2823 συντρίψωσιν,ἢ
3261 2750 3396 2819 πρὸς
3448 2748 3547 2812 τὰς

1970 2845 2227 2916 δαμάλεις
2259 2845 2586 2915 μυκωμένας
2615 2842 3014 2915 ἐπιστραφῶσι,
3053 2839 3310 2910 συντυχία
3358 2839 3418 2893 τὸ
3454 2855 3548 2907 γε·

1970 2935 2267 3005 γενημένον
2300 2936 2479 2988 ἐστίν’
2507 2933 2573 2988 ἂν
2600 2933 2656 2986 66
2685 2932 2820 3004 ὀρθά
2848 2931 3123 3002 βαδίσωσι,
3152 2930 3246 2984 καὶ
3265 2927 3387 2981 οὕτε
3411 2928 3547 2998 πρὸς

1969 3026 2061 3079 τὸν
2102 3026 2389 3098 μυκηθμὸν
2434 3027 2542 3080 τῶν
2576 3025 2805 3078 παιδίων
2839 3022 3141 3095 πάσχουσαί
3169 3040 3243 3088 τι,
3290 3020 3414 3074 οὔτε
3443 3021 3549 3075 ὑπὸ

1969 3116 2067 3187 τῆς
2096 3115 2319 3184 ἀγνοίας
2345 3115 2444 3186 τῆς
2474 3113 2617 3167 κατά
2647 3116 2746 3183 τὴν
2770 3112 2909 3178 ὁδὸν,
2940 3110 3305 3183 πλανηθῶσιν,
3326 3110 3549 3181 εὔδηλον

1970 3208 2051 3261 ὅτι
2081 3209 2114 3279 ή
2144 3206 2239 3261 τοῦ
2291 3208 2428 3261 Θεοῦ
2459 3207 2580 3277 χείρ
2623 3207 2769 3259 ἐστιν
2820 3208 2852 3276 ή
2915 3204 3172 3275 ἁψαμένη
3201 3203 3310 3255 τῶν
3341 3203 3548 3258 πόλεων

1969 3299 2243 3370 τούτων)’
2278 3299 2403 3354 ἐπεὶ
2432 3296 2525 3352 οὖν
2576 3297 2749 3350 ταῦτα
2798 3295 2907 3349 τῶν
2969 3296 3215 3366 μάντεων
3267 3292 3550 3360 εἰπόντων,

1971 3390 2303 3461 ἐπείσθησαν
2352 3392 2400 3443 οἰ
2441 3388 2539 3453 τὰς
2601 3388 2786 3450 πόλεις
2836 3386 3111 3449 οἰκοῦντες
3167 3384 3405 3448 ἐκείνας,
3452 3385 3549 3438 καὶ

1970 3481 2233 3552 ἐποίησαν
2254 3481 2329 3545 ὼς
2364 3478 2762 3551 ἐκελεύσθησαν
2782 3518 2797 3543 ,
2831 3477 2924 3532 καὶ
2953 3479 2982 3531 6
3015 3476 3146 3540 Θεὸς
3172 3478 3245 3547 τῇ
3274 3475 3383 3529 τῶν
3412 3476 3551 3545 μάν-

1969 3592 2107 3629 τεων
2135 3573 2469 3645 ἠκολούθησε
2502 3571 2716 3643 γνώμῃ,
2753 3568 3202 3639 συγκαταϐαίνων
3230 3568 3390 3621 πάλιν
3410 3605 3425 3630 ,
3456 3566 3550 3620 καὶ

1969 3666 2070 3720 οὐκ
2095 3666 2342 3736 ἐνόμισεν
2374 3663 2590 3729 ἀνάξιον
2621 3659 2760 3716 εἶναι
2791 3660 2957 3717 αὑτοῦ
3003 3660 3112 3713 τῶν
3159 3658 3403 3729 μάντεων
3450 3656 3550 3727 τὴν

1970 3757 2273 3829 πρόρρησιν
2303 3757 2383 3821 είς
2405 3755 2563 3831 ἔργον
2588 3753 2898 3822 ἐξαγαγεῖν,
2937 3752 3032 3805 καὶ
3062 3750 3286 3819 ποιῆσαι
3326 3750 3550 3813 πιστοὺς

1971 3845 2111 3903 εἰναι
2148 3848 2345 3914 δοκεῖν,
2387 3850 2444 3901 ἐν
2489 3841 2570 3911 οἷς
2605 3846 2728 3902 τότε
2756 3844 3032 3915 εἰρήκασι.
3073 3841 3184 3894 Καὶ
3216 3840 3324 3911 γὰρ
3363 3839 3555 3911 μεῖζον

1970 3938 2030 3992 τὸ
2084 3938 2514 4011 κατορθούμενον
2560 3932 2648 4008 ἦν,
2676 3935 2755 4006 τῷ
2784 3935 2827 3966 ³⁷
2871 3934 2964 3987 καὶ
2995 3931 3192 3995 αὐτοὺς
3227 3932 3354 3994 τοὺς
3395 3931 3549 3983 ἐναν-

1970 4029 2119 4094 τίους
2153 4029 2499 4101 μαρτυρῆσαι
2524 4030 2591 4099 τῇ
2626 4026 2721 4080 τοῦ
2744 4025 2878 4079 Θεοῦ
2898 4025 3147 4095 δυνάμει,
3170 4025 3264 4078 καὶ
3297 4024 3396 4093 τὴν
3419 4023 3554 4094 περὶ

1970 4119 2138 4175 αὑτοῦ
2187 4119 2368 4189 ψῆφον
2426 4118 2550 4181 τοὺς
2586 4115 2765 4171 αὐτῶν
2827 4114 3177 4179 διδασκάλους
3226 4113 3549 4181 ἐξενεγκεῖν.

1972 4214 2084 4268 Kal
2110 4212 2276 4287 ἐτερα
2307 4212 2364 4264 66
2394 4211 2563 4264 πολλά
2591 4209 2813 4264 τοιαῦτα
2844 4209 2944 4263 ῐδοι
2972 4226 3055 4272 τις
3072 4207 3138 4263 ἂν
3164 4206 3550 4278 οἰκονομοῦντα

1971 4304 2063 4359 τὸν
2090 4304 2242 4359 Θεόν.
2288 4304 2398 4356 Kal
2426 4302 2534 4374 γὰρ
2582 4302 2677 4355 καὶ
2712 4302 2774 4355 τὸ
2822 4301 2916 4355 ἐπὶ
2956 4299 3057 4371 τῆς
3106 4296 3548 4370 ἐγγαστριμύθου

1972 4398 2146 4469 τούτῳ
2198 4395 2485 4465 προσέοικε
2535 4395 2634 4465 τῆς
2685 4392 2993 4463 οἰκονομίας
3035 4390 3113 4462 τῷ
3139 4391 3353 4462 τρόπῳ,
3386 4389 3415 4442 ὃ
3453 4388 3550 4443 καὶ

1973 4491 2131 4557 ὑμεῖς
2154 4487 2336 4542 λοιπὸν
2365 4486 2475 4540 ἀπὸ
2502 4486 2613 4539 τῶν
2637 4486 2939 4559 εἰρημένων
2961 4483 3211 4538 ἐπιλῦσαι
3230 4479 3546 4553 δυνήσεσθε.

1969 4592 2076 4646 Τοῦ
2106 4592 2204 4662 μὲν
2252 4585 2346 4642 οὖν
2398 4587 2627 4657 ἀστέρος
2654 4586 2838 4638 ένεκεν
2879 4585 3030 4655 παρὰ
3066 4585 3163 4654 μὲν
3192 4585 3350 4655 ἡμῶν
3375 4585 3551 4638 ταῦτα

1968 4683 2205 4755 εἴρηται,
2235 4679 2385 4751 παρὰ
2415 4679 2473 4732 66
2493 4677 2647 4748 ὑμῶν
2676 4677 2769 4729 καὶ
2807 4675 3026 4730 πλείονα
3054 4674 3313 4746 λεχθῆναι
3346 4675 3549 4729 δύναιτ’

1969 4775 2067 4829 ἄν·
2102 4773 2278 4827 Δίδου
2309 4771 2441 4841 γὰρ,
2485 4768 2642 4841 φησί,
2673 4766 2843 4838 σοφῷ
2889 4768 3192 4838 ἀφορμὴν,
3227 4768 3327 4823 καί
3352 4769 3550 4839 σοφώ-

1969 4884 2136 4935 τερος
2155 4866 2348 4919 ἔσται.

2040 4957 2103 5014 δ’.
2122 4960 2212 5011 Δεῖ
2225 4958 2282 5010 66
2312 4956 2498 5009 λοιπὸν
2518 4954 2613 5006 ἐπὶ¹
2634 4953 2734 5022 τὴν
2762 4951 2939 5022 ἀρχὴν
2956 4951 3062 5003 τῶν
3092 4949 3550 5019 ἀναγνωσθέντων

1971 5050 2166 5104 ἐλθεῖν.
2199 5048 2295 5111 Τίς
2328 5047 2385 5101 66
2411 5049 2445 5116 ἡ
2476 5046 2618 5117 ἀρχή
2640 5061 2656 5112 ;
2682 5042 2798 5098 Τοῦ
2823 5041 2893 5096 δὲ
2930 5041 3132 5110 Ἰησοῦ
3155 5042 3550 5110 γεννηθέντος

1970 5143 2040 5197 ἐν
2068 5141 2342 5209 Βηθλεέμ
2386 5138 2498 5206 τῆς
2534 5136 2850 5201 Ἰουδαίας.
2890 5138 2961 5189 ὲν
3001 5133 3249 5203 ἡμέραις
3286 5132 3550 5201 Ἡρώδου

1970 5234 2079 5289 τοῦ
2101 5231 2425 5299 βασιλέως,
2457 5229 2586 5285 ἰδοὺ
2610 5228 2789 5298 μάγοι
2820 5225 2939 5281 ἀπὸ
2984 5224 3297 5280 ἀνατολῶν
3335 5226 3551 5294 ἔρχον-

1972 5342 2066 5379 ται
2088 5327 2175 5390 εἰς
2216 5322 2625 5392 Ἰεροσόλυμα.
2656 5320 2834 5386 Μάγοι
2867 5316 2966 5388 μὲν
2988 5316 3219 5387 ἀστέρος
3248 5317 3548 5386 κατάρχον-

1971 5433 2061 5478 τος
2078 5412 2468 5484 ἠκολούθησαν*
2489 5404 2633 5464 οὗτοι
2655 5408 2713 5461 δέ
2735 5408 2855 5461 οὐδὲ
2882 5406 3178 5479 προφητῶν
3214 5406 3549 5477 ἐνηχούντων

1972 5504 2319 5559 ἐπίστευσαν.
2349 5500 2504 5563 Τίνος
2528 5500 2585 5553 6'6
2607 5499 2652 5531 ³⁸
2685 5498 2869 5551 ἕνεκεν
2913 5498 3044 5566 ήμῖν
3093 5496 3187 5550 καὶ
3219 5496 3311 5549 τὸν
3360 5496 3550 5566 χρόνον

1972 5592 2143 5659 λέγει,
2194 5592 2287 5644 καὶ
2322 5590 2413 5643 τὸν
2442 5592 2627 5652 τόπον,
2662 5588 2764 5642 Ἔν
2790 5586 3060 5655 Βηθλεὲμ
3097 5586 3289 5652 εἰπὼν,
3318 5587 3411 5639 καὶ
3446 5587 3552 5639 Ἐν

1973 5680 2103 5744 ταῖς
2158 5680 2401 5751 ἡμέραις
2442 5678 2700 5745 Ἡρώδου
2751 5676 2859 5731 τοῦ
2912 5676 3254 5743 ,ϐασιλέως-ς
3306 5677 3447 5741 τίνος
3492 5677 3548 5731 δὲ

2235 5880 2282 5910 ³³
2310 5879 2433 5932 Vid.
2466 5879 2650 5933 adnnt.
2696 5878 2989 5947 ἀπολογίας
3013 5874 3296 6001 ἀφορμὴν]
3333 5877 3541 5931 ἀπολοο

2256 5948 2316 6002 Β.
2350 5954 2406 6001 (Ζ.
2444 5948 2502 6001 li.
2582 5950 2624 5981 ³³
2646 5950 2900 6020 ἀναγάγῃ
2930 5948 2989 6002 D.
3026 5950 3087 6002 E.
3143 5948 3277 6020 _nf|_‘a
3320 5948 3543 6020 Ἐπειδὴ

2978 5988 2989 6002 .
3027 5964 3087 6002 18.
3133 5964 3277 6003 Inll‘a
3324 5964 3451 6001 ἰιπε

292 5955 420 6020 γῐαν
446 5953 506 6008 1³⁸.
584 5948 629 5987 ελ
660 5948 927 6023 παράγει]
958 5953 1081 6015 ἄγει
1112 5951 1245 6004 Mor.
1284 5948 1415 6004 Ben}
1456 5952 1617 6018 paulo
1652 5963 1770 6019 pust
1807 5950 2138 6022 ἐδημηγόρει
2166 5950 2229 6003 Α.
2256 5948 2316 6002 Β.
2350 5954 2406 6001 (Ζ.
2444 5948 2502 6001 li.
2582 5950 2624 5981 ³³
2646 5950 2862 6017 ἀναγάγ
2930 5948 2989 6002 D.
3026 5950 3087 6002 E.
3130 5948 3293 6003 Infra’
3320 5948 3540 6020 Ἐπειδὴ

289 6024 422 6094 γοῦν
454 6024 513 6079 F.
594 6026 639 6057 "
668 6020 735 6097 ἦν
766 6040 876 6079 om.
906 6025 970 6078 Α.
1005 6021 1063 6077 Β.
1094 6019 1153 6075 F.
1184 6019 1514 6093 πάσχουσαι]
1548 6023 1797 6093 πάσχωσι
1826 6024 1888 6077 Ε.
1923 6022 2137 6081 πάθωσι
2172 6019 2234 6075 F.
2310 6022 2355 6053 ³⁷
2387 6019 2485 6092 τῷ]
2510 6022 2567 6074 τό
2598 6022 2663 6076 Α.
2690 6019 2751 6075 Β.
2784 6019 2847 6076 υ.
3015 6020 3058 6053 ³⁸
3080 6018 3165 6091 δέ]
3189 6013 3284 6074 οὖν
3305 6017 3373 6075 Α.
3392 6016 3453 6073 Β.
3474 6017 3540 6076 C.
