4090 6366
577 364 646 422 67
1307 377 1364 435 S.
1407 379 1694 441 JOANNIS
1728 383 2224 448 CHRYSOSTOMI
2261 391 2586 450 ARCHIEP.
2617 375 3166 455 CONST'ANTINOP.
3739 399 3810 456 68

568 482 725 552 χάριν
743 481 786 515 ³⁹
816 482 908 537 καὶ
927 482 988 536 τὸ
1160 468 1376 555 ἀξίωμα
1405 489 1760 563 προστίθησι;
1807 491 1881 546 T0
1923 491 2134 568 ἀξίωμα
2243 493 2395 546 θοῦσι
2416 497 2508 547 καὶ
2541 497 3023 566 περιεργάζονται·
3053 498 3226 564 οὕτως
3245 499 3382 571 ὁμοῦ
3411 501 3504 554 καὶ
3528 500 3818 570 φιλόνεικοι

572 572 691 643 μὲν,
722 573 908 646 ἐπειδὴ
966 578 1059 630 καὶ
1091 575 1275 648 ἕτερος
1301 573 1369 649 ἦν
1412 579 1677 652 Ἡρώδης,
1709 587 1738 638 0
1757 585 1848 640 τὸν
1887 587 2135 660 Ἰωάννην
2245 585 2338 644 καὶ
2361 586 2590 657 ῥᾴθυμοι
2622 588 2856 656 μάλιστα
2881 590 3097 646 πάντων
3122 587 3280 663 ἦσαν.
3333 595 3461 647 Δέον
3488 594 3595 667 γὰρ
3621 596 3818 660 αὐτοὺς

565 665 770 719 ἀνελών
793 685 807 698 ο
842 666 956 721 ἀλλ’
987 667 1193 732 ἐκεῖνος
1226 671 1535 744 τετράρχης
1565 669 1653 745 ἦν,
1683 670 1836 741 οὗτος
1870 679 1927 732 δὲ
1976 680 2131 750 βασι·
2243 677 2338 729 καὶ
2387 678 2911 745 ἐγκαλλωπίζεσθαι,
2963 681 3044 734 ὅτι
3098 684 3229 754 παρ’
3269 684 3452 748 αὐτοῖς
3489 687 3520 739 ὁ
3563 665 3818 756 βασιλεὺς

563 755 707 822 λεύς.
731 760 835 812 Τὸν
855 759 1017 813 τόπον
1042 759 1099 814 δὲ
1130 763 1222 815 καὶ
1242 762 1334 816 τὸν
1354 765 1542 834 χρόνον
1571 767 1772 838 τίθησι,
1807 773 2138 842 προφητείας
2241 764 2553 836 ἐτέχθη,καὶ
2571 767 2668 840 τὴν
2697 769 2922 840 Περσῶν
2950 771 3164 824 εἵλκυσε
3195 770 3396 844 χώραν,
3416 774 3510 827 καὶ
3533 755 3818 844 μέλλουσιν

563 850 712 918 ημᾶς
740 850 1166 921 ἀναμιμνήσκων
1196 853 1458 918 παλαιᾶς·
1492 849 1567 910 ὧν
1591 858 1691 930 τὴν
1727 860 1826 930 μὲν
1855 864 1883 915 ὁ
1902 863 2138 932 Μιχαίας

564 941 938 1011 προεφήτευσε
970 942 1172 1010 λέγων’
1199 943 1308 997 Καὶ
1349 947 1452 1011 σὺ,
1485 949 1773 1020 Βηθλεὲμ,
1813 951 1890 1023 γῆ
1929 954 2136 1024 Ἰούδα,

565 1030 840 1101 οὐδαμῶς
867 1032 1159 1104 ἐλαχίστη
1203 1032 1264 1090 εἷ
1302 1038 1372 1090 ὲν
1418 1039 1542 1105 τοῖς
1578 1042 1869 1111 ἡγεμόσιν
1913 1045 2135 1100 Ἰούδα·

562 1121 664 1192 τὴν
708 1121 765 1174 δὲ
799 1123 827 1176 0
867 1125 1213 1196 πατριάρχης
1246 1126 1470 1198 Ἰακὼϐ,
1502 1132 1745 1203 ἀκριϐῶς
1790 1136 1921 1206 ἡμῖν
1968 1154 2141 1210 χαρα-

564 1213 811 1284 κτηρίων
843 1215 933 1268 τὸν
993 1218 1208 1289 χρόνον,
1237 1220 1331 1272 καὶ
1357 1220 1497 1292 μέγα
1537 1225 1598 1277 τὸ
1618 1226 1946 1298 παράσημον
1968 1229 2014 1261 ιο
2040 1231 2139 1302 τῆς

563 1303 729 1358 αὐτοῦ
753 1307 1054 1377 παρουσίας
1085 1309 1285 1374 τιθείς·
1321 1314 1444 1366 Οὐκ
1483 1315 1751 1386 ἐκλείψει
1778 1321 1907 1390 γὰρ,
1950 1323 2134 1394 φησὶν,

564 1395 764 1466 ἅρχων
783 1399 853 1463 ἐξ
884 1399 1089 1468 Ἰούδα,
1117 1403 1259 1457 οὐδὲ
1300 1405 1629 1476 ἡγούμενος
1670 1411 1738 1464 ἐκ
1771 1412 1890 1467 τῶν
1931 1414 2138 1484 μηρῶν

563 1488 770 1551 αὑτοῦ,
818 1489 929 1557 ἕως
967 1489 1043 1545 ἂν
1083 1492 1231 1562 ἔλθῃ
1251 1495 1295 1526 ⁶¹
1351 1490 1400 1564 ᾧ
1443 1499 1779 1555 ἀπόκειται·
1818 1505 1916 1559 καὶ
1955 1506 2135 1574 αὐτὸς

564 1580 898 1648 προσδοκία
925 1581 1136 1640 ἐθνῶν.
1163 1585 1349 1651 Ἀξιον
1369 1588 1426 1642 δέ
1449 1591 1668 1647 κάκεῖνο
1692 1592 1948 1666 ζητῆσαι,
1974 1597 2136 1652 πόθεν

563 1673 643 1734 είς
667 1672 923 1744 τοιαύτην
950 1669 1112 1745 ἦλθον
1143 1676 1368 1744 ἔννοιαν,
1405 1682 1499 1735 καὶ
1526 1684 1611 1748 τίς
1649 1687 1847 1751 αὐτοὺς
1878 1690 1958 1753 είς
1982 1689 2137 1745 τοῦτο

563 1762 857 1853 διήγειρεν.
887 1765 961 1818 Οὐ
988 1766 1098 1838 γὰρ
1117 1768 1180 1840 δὴ
1209 1771 1303 1823 τοῦ
1329 1773 1556 1843 ἀστέρος
1575 1777 1697 1847 ἐμοὶ
1727 1777 1873 1833 δοκεῖ
1893 1780 1953 1834 τὸ
1977 1781 2137 1853 ἔργον

564 1847 706 1906 εἶναι
741 1854 918 1924 μόνον,
953 1856 1088 1911 ἀλλά
1111 1860 1204 1914 καὶ
1229 1862 1322 1914 τοῦ
1355 1863 1490 1916 Θεοῦ
1512 1865 1604 1918 τοῦ
1629 1867 1727 1936 τὴν
1751 1868 1929 1942 ψυχὴν
1958 1847 2137 1926 αὐτῶν

565 1945 919 2013 κινήσαντος·
954 1947 1090 2020 ὅπερ
1131 1951 1226 2004 καὶ
1254 1953 1346 2005 ἐπὶ
1375 1953 1557 2025 Κύρου
1600 1957 1866 2029 πεποίηκε
1889 2000 1904 2024 ,
1955 1979 2134 2032 παρα-

568 2035 849 2099 σκευάξων
878 2039 1042 2093 αὑτὸν
1074 2042 1290 2109 ἀφεῖναι
1337 2045 1460 2107 τοὺς
1494 2044 1798 2112 Ἰουδαίους.
1837 2051 1948 2121 Οὐχ
1993 2051 2136 2106 οὕτω

571 2127 753 2196 μέντοι
782 2127 940 2183 τοῦτο
972 2131 1282 2202 εἰργάσατο,
1305 2132 1445 2187 ὥστε
1485 2136 1546 2188 τὺ
1591 2138 1932 2204 αὐτεξούσιον
1961 2141 2128 2214 λυμήο

563 2218 759 2272 νασθαι
777 2237 793 2251 ·
817 2221 939 2274 ἐπεὶ
963 2224 1056 2275 καὶ
1077 2224 1288 2278 Παῦλον
1322 2226 1556 2291 καλέσας
1579 2227 1786 2284 ἀνωθεν
1812 2232 1900 2286 διὰ
1929 2235 2134 2305 φωνῆς,

561 2308 658 2360 καὶ
687 2309 786 2380 τὴν
816 2312 980 2365 αὐτοῦ
1020 2314 1176 2385 χάριν
1203 2317 1294 2369 καὶ
1329 2317 1428 2388 τὴν
1459 2319 1666 2374 ἐκείνου
1699 2321 1942 2394 ὑπακοὴν
1970 2324 2135 2396 δήλην

563 2399 808 2471 ἐποίησε.
827 2403 935 2456 Καὶ
961 2403 1102 2468 τίνος
1126 2406 1310 2461 ἕνεκεν
1347 2409 1420 2478 μὴ
1448 2411 1580 2464 πᾶσι
1613 2414 1722 2475 τοῖς
1747 2413 1939 2483 μάγοις
1958 2414 2135 2482 τοῦτο,

559 2499 758 2568 φησιν,
812 2500 1194 2573 ἀπεκάλυψεν;
1239 2505 1359 2560 Ὅτι
1415 2506 1537 2562 οὐδὲ
1595 2509 1794 2572 πάντες
1852 2508 2127 2565 πιστεύειν

559 2588 800 2660 ἔμελλον,
837 2591 951 2644 ἀλλ’
979 2587 1122 2648 οὗτοι
1153 2595 1260 2650 τῶν
1296 2597 1470 2652 ἄλλων
1501 2594 1642 2670 ἦσαν
1683 2600 2124 2673 ἐπιτηδειότερον

560 2679 686 2732 ἐπεὶ
723 2681 818 2734 καὶ
867 2683 1035 2752 μυρία
1079 2684 1208 2755 ἔθνη
1251 2688 1526 2743 ἀπώλοντο
1549 2728 1566 2755 ,
1626 2691 1719 2744 καὶ
1753 2691 2061 2756 Νινευῖταις
2098 2695 2128 2748 0

559 2776 844 2846 προφήτης
871 2777 1149 2848 ἐπέμπετο
1177 2782 1358 2851 μόνοις
1377 2821 1392 2846 ,
1433 2783 1526 2837 καὶ
1554 2782 1648 2836 δύο
1681 2779 1822 2855 ἦσαν
1857 2785 2048 2858 λῃσταὶ
2068 2787 2126 2840 ἐν

557 2865 635 2935 τῷ
665 2867 898 2938 σταυρῷ,
932 2869 1026 2921 καὶ
1051 2871 1078 2923 0
1105 2866 1186 2934 εἷς
1204 2869 1430 2944 διεσώθη
1466 2874 1642 2944 μόνος.
1675 2875 1820 2947 Ὅρα
1846 2876 1977 2945 γοῦν
2004 2877 2127 2930 τού-

558 2972 664 3010 των
697 2958 796 3026 τὴν
837 2959 1058 3030 ἀρετὴν,
1086 2961 1185 3014 οὐκ
1216 2963 1308 3032 ἀφ’
1336 2957 1411 3018 ὧν
1434 2960 1619 3036 ἦλθον,
1650 2966 1786 3020 ἀλλὰ
1814 2968 1910 3021 καὶ
1930 2969 2025 3038 ἀφ’
2049 2964 2124 3024 ὧν

559 3048 1046 3118 παρῤησιάζονται.
1102 3053 1213 3106 Καὶ
1251 3053 1361 3124 γὰρ
1393 3055 1480 3108 ἳνα
1521 3057 1594 3128 μὴ
1623 3056 1845 3124 δόξωσιν
1872 3059 2124 3114 ὑποϐολι-

559 3137 710 3207 μαῖοί
740 3155 885 3202 τινες
916 3135 1074 3207 εἶναι,
1105 3141 1319 3212 λέγουσι
1362 3145 1452 3198 τὸν
1493 3145 1853 3219 ὁδηγήσαντα,
1894 3151 1988 3204 καὶ
2024 3153 2125 3223 τῆς

553 3227 674 3282 ὁδοῦ
719 3229 781 3281 τὸ
819 3229 1014 3300 μῆκος,
1055 3232 1150 3286 καὶ
1193 3234 1292 3304 τὴν
1331 3235 1644 3308 παρρησίαν
1688 3238 1934 3304 ἐλθόντες
1955 3240 1999 3272 ’⁵³
2038 3242 2121 3295 ἐν·

553 3318 882 3374 δείκνυνται·
935 3323 1235 3392 Ἦλθομεν
1290 3325 1419 3395 γὰρ,
1490 3329 1641 3399 φησὶ,
1698 3332 2123 3401 προσκυνῆσαι

551 3410 741 3476 αὐτῷ·
777 3412 872 3465 καὶ
896 3410 1019 3466 οὔτε
1054 3415 1148 3467 τοῦ
1188 3415 1361 3486 δήμου
1387 3416 1500 3489 [95]
1529 3420 1620 3473 τὸν
1665 3419 1855 3491 θυμὸν,
1875 3422 1998 3476 οὐτε
2027 3423 2121 3477 τοῦ

552 3499 817 3570 βασιλέως
859 3501 956 3574 τὴν
986 3506 1279 3575 τυραννίδα
1311 3508 1687 3564 ἐδεδοίκεισαν.
1726 3512 1888 3567 Ὅθεν
1933 3514 2122 3586 ἔμοιγε

547 3590 796 3646 δοκοῦσιν
841 3589 988 3649 οῦτοι
1045 3597 1140 3651 καὶ
1181 3598 1320 3652 οἴκοι
1369 3600 1678 3656 διδάσκαλοι
1725 3605 1976 3672 γενέσθαι
2013 3607 2121 3660 τῶν

548 3682 847 3752 ἐγχωρίων.
883 3687 945 3738 Οἱ
974 3686 1082 3758 γὰρ
1112 3689 1343 3743 ἐνταῦθα
1372 3693 1445 3762 μὴ
1469 3697 1936 3766 παραιτησάμενοι
1961 3697 2120 3752 τοῦτο

547 3773 742 3838 εἰπεῖν,
772 3775 950 3848 πολλῷ
975 3778 1173 3848 μᾶλλον
1201 3782 1280 3844 εἰς
1299 3783 1396 3853 τὴν
1411 3785 1590 3837 αὐτῶν
1619 3787 2112 3860 ἐπαρῤησιάσαντο,

547 3861 644 3916 ἆτε
673 3865 767 3918 καὶ
798 3865 888 3920 τὸν
919 3869 1166 3940 χρησμὸν
1186 3872 1276 3926 τὸν
1305 3875 1454 3945 παρά
1472 3875 1564 3928 τοῦ
1582 3877 1813 3947 ἀγγέλου
1839 3880 2113 3947 λαϐόντες,

547 3952 641 4006 καὶ
664 3953 764 4024 τὴν
801 3955 953 4027 παρά
991 3957 1087 4011 τοῦ
1133 3961 1406 4032 προφήτου
1457 3965 1780 4037 μαρτυρίαν.
1828 3968 2117 4037 Ἀκούσας

544 4042 613 4095 δὲ
651 4042 929 4113 Ἡρώδης,
971 4050 1157 4118 φησὶν,
1182 4051 1499 4120 ἐταράχθη,
1533 4055 1632 4108 καὶ
1665 4055 1834 4112 πᾶσα
1862 4059 2115 4127 Ἰεροσό-

543 4131 706 4197 λυμα
746 4132 876 4198 μετ’
907 4135 1115 4189 αὑτοῦ.
1163 4136 1222 4190 '0
1276 4138 1375 4207 μὲν
1433 4139 1676 4214 Ἡρώδης
1737 4145 1980 4211 εἰκότως,
2023 4148 2118 4203 ἅτε

546 4217 800 4288 βασιλεὺς
841 4219 937 4288 ῶν,
968 4224 1059 4276 καὶ
1085 4223 1334 4290 δεδοικὼς
1360 4228 1502 4300 ὑπέρ
1539 4248 1599 4284 τε
1645 4233 1838 4288 ἑαυτοῦ
1874 4239 1964 4290 καὶ
2008 4238 2118 4292 τῶν

543 4308 748 4363 παίδων
772 4326 787 4341 ⁸
813 4312 881 4365 τάς
914 4314 968 4365 δὲ
1000 4315 1347 4388 Ἰεροσόλυμα
1378 4319 1519 4385 τίνος
1543 4322 1758 4390 ἐνεκεν;
1794 4328 1986 4382 Καίτοι
2014 4346 2118 4382 σω-

542 4401 702 4471 τῆρα,
735 4403 828 4455 καὶ
856 4404 1168 4477 εὐεργέτην,
1200 4409 1292 4462 καὶ
1319 4410 1685 4484 ἐλευθερωτὴν
1715 4416 1920 4470 ἄνωθεν
1957 4419 2118 4474 αὐτὸν

541 4492 588 4542 οί
629 4493 905 4562 προφῆται
949 4496 1267 4567 προῦλεγον.
1291 4502 1444 4567 Τίνος
1478 4500 1574 4558 οῦν
1594 4505 1778 4560 ἕνεκεν
1813 4509 2111 4581 ἐταράχθη-

543 4598 672 4648 σαν;
716 4584 847 4638 Ἀπὸ
874 4585 974 4656 τῆς
997 4589 1166 4659 αὐτῆς
1194 4591 1438 4664 γνώμης,
1468 4596 1560 4664 ἀφ’
1593 4594 1660 4670 ἦς
1699 4599 1791 4652 καὶ
1811 4599 2115 4672 ἔμπροσθεν

541 4673 630 4727 τὸν
648 4674 693 4706 ⁵³
746 4675 876 4730 Θεὸν
930 4680 1318 4751 εὐεργετοῦντα
1366 4685 1798 4758 ἀπεστρέφοντο,
1855 4693 1946 4744 καὶ
2007 4695 2113 4747 τῶν

535 4772 922 4839 Αἰγυπτιακῶν
949 4778 1256 4849 ἐμέμνηντο
1289 4784 1484 4854 κρεῶν,
1513 4792 1781 4862 τοσαύτης
1815 4795 2109 4852 ἀπολαύον-

531 4877 624 4924 τες
655 4862 984 4936 ἐλευθερίας.
1007 4869 1080 4922 Σὺ
1111 4870 1166 4923 δέ
1207 4889 1298 4942 μοι
1328 4877 1519 4929 σκόπει
1555 4879 1662 4932 τῶν
1692 4884 1984 4954 προφητῶν
2009 4888 2107 4958 τὴν

531 4952 835 5022 ἀκρίϐειαν.
876 4958 985 5011 Καὶ
1015 4959 1123 5031 γὰρ
1148 4964 1240 5016 καὶ
1266 4965 1396 5017 αὐτὸ
1418 4968 1575 5021 τοῦτο
1607 4952 2104 5047 προανεφώνησεννό

530 5045 812 5138 προφήτης
857 5048 1062 5103 ἄνωθεν
1090 5050 1263 5120 λέγων
1281 5068 1294 5082 ⁸
1331 5057 1731 5124 Θελήσουσιν,
1757 5068 1807 5118 εὶ
1829 5045 2103 5138 ἐγενήθη-

445 5177 449 5182 .
527 5137 723 5198 θησαν
751 5139 1176 5204 πυρίκαυστοι·
1212 5144 1301 5199 ὅτι
1330 5149 1569 5204 παιδίον
1599 5153 1894 5227 ἐγεννήθη
1932 5137 2097 5229 ἡμῖν,

523 5225 718 5318 τ’ίόςίδδ
750 5230 851 5282 καὶ
877 5230 1054 5300 ἐδόθη
1079 5234 1241 5303 ἡμῖν.
1293 5238 1430 5291 Ἀλλ’
1460 5242 1609 5312 ὅμως
1635 5225 2012 5318 ταραχθέντες,
2035 5225 2096 5306 οὑ

523 5312 743 5375 ζητοῦσι
774 5320 833 5371 τὸ
871 5324 1084 5391 συμϐὰν
1131 5327 1279 5392 ίδεῖν,
1317 5331 1436 5384 οὐδὲ
1485 5338 1597 5398 τοῖς
1631 5312 1827 5406 μάγοις
1874 5312 2096 5397 ἀκολου-

2240 855 2385 926 ἐχειν
2409 858 2651 923 ἅπαντας
2679 860 3046 933 ὑποχειρίους,
3080 861 3176 916 ἀτε
3210 864 3318 916 τῶν
3349 867 3692 937 πραγμάτων
3719 869 3817 921 ἐπὶ

2238 949 2300 1002 τὸ
2333 949 2542 1019 βέλτιον
2573 951 2962 1023 προελθόντων,
2997 954 3091 1008 καὶ
3125 955 3234 1008 ἀπὸ
3275 958 3565 1029 προοιμίου
3585 959 3631 991 ⁸³
3681 959 3818 1030 λαμ-

2239 1043 2385 1112 πρᾶς
2413 1041 2554 1096 οὑτω
2579 1044 2680 1113 τῆς
2708 1045 2882 1116 ἀρχῆς
2917 1047 3234 1124 γενομένης,
3258 1049 3308 1102 οί
3331 1049 3376 1081 ⁸⁸
3402 1049 3461 1104 δὲ
3483 1050 3605 1104 οὐδὲ
3639 1052 3816 1124 ταύτῃ

2238 1133 2475 1202 γίνονται
2497 1135 2772 1205 ἀμείνους.
2796 1138 2987 1192 Καίτοι
3010 1140 3134 1211 ἄρτι
3152 1141 3250 1212 τῆς
3276 1141 3651 1213 αίχμαλωσίας
3669 1140 3815 1217 ἦσαν

2238 1223 2340 1293 τῆς
2373 1225 2581 1280 ἐκεῖθεν
2612 1227 3044 1298 ἀπαλλαγέντεςο
3077 1231 3173 1284 καὶ¹
3217 1232 3364 1297 εἰκὸς
3389 1229 3460 1305 ἦν
3500 1235 3697 1300 αὐτοὺς
3727 1238 3814 1289 ἐν·

2239 1318 2380 1370 νοεῖν
2395 1317 2460 1385 ⁸⁷,
2499 1320 2548 1370 εἰ
2581 1320 2675 1374 καὶ
2714 1321 2882 1391 μηδὲν
2925 1323 3033 1377 τῶν
3074 1324 3401 1398 ἀπορρήτων
3441 1328 3536 1382 καὶ
3589 1329 3812 1399 ὑψηλῶν

2238 1405 2453 1477 ᾔδεσαν,
2486 1407 2600 1463 ἀλλ’
2629 1409 2677 1442 ⁸⁸
2699 1411 2806 1464 ἀπὸ
2837 1411 2946 1466 τῶν
2978 1414 3259 1486 παρόντων
3291 1417 3619 1488 ἐψηφίσαντο
3637 1423 3681 1455 δ’
3715 1423 3812 1494 μό-

2235 1511 2345 1560 νον,
2367 1497 2448 1550 ὃτι
2482 1499 2532 1552 εί
2584 1499 2842 1569 τεχθέντα
2890 1501 3032 1556 οὑτω
3059 1503 3176 1575 [94]
3211 1507 3505 1578 τρέμουσιν
3533 1512 3689 1582 ἡμῶν
3716 1513 3811 1567 τὸν

2237 1585 2480 1656 βασιλέα,
2511 1588 2688 1660 πολλῷ
2718 1590 2916 1660 μᾶλλον
2949 1591 3247 1664 αὐξηθέντα
3277 1597 3810 1670 φοϐηθήσονται,καὶ

2237 1677 2626 1746 ὑπακούσουσι,
2652 1684 2746 1737 καὶ
2773 1683 2880 1738 τῶν
2904 1684 3250 1757 βαρϐαρικῶν
3274 1689 3425 1743 ἔσται
3454 1691 3808 1767 λαμπρότερα

2232 1771 2302 1825 τὰ
2337 1773 2602 1845 ἡμέτερα.
2621 1776 2669 1808 ⁵⁸
2697 1776 2835 1829 Ἀλλ’
2859 1777 3011 1831 οὐδὲν
3026 1778 3230 1833 τούτων
3249 1781 3447 1848 αὐτοὺς
3473 1785 3773 1858 διανίστησι
3789 1803 3804 1818 ·

2229 1864 2464 1936 τοσαύτη
2487 1861 2556 1937 ἦν
2588 1865 2766 1921 αὐτῶν
2798 1869 2832 1938 ἡ
2865 1869 3081 1932 νωθεία,
3107 1871 3246 1941 μετὰ
3275 1873 3477 1945 ταύτης
3498 1871 3542 1907 ⁵¹
3570 1876 3626 1930 δὲ
3658 1878 3748 1930 καὶ
3769 1879 3803 1949 ή

2231 1954 2500 2024 βασκανία
2519 1973 2532 1987 ·
2562 1956 2705 2027 ἆπερ
2729 1957 3013 2029 ἀμφότερα
3039 1960 3119 2012 δεῖ
3153 1961 3290 2032 μετά
3322 1965 3607 2036 ἀκριϐείας
3640 1968 3810 2039 ἐξορί-

2229 2046 2344 2110 ζειν
2370 2048 2468 2120 τῆς
2506 2051 2777 2121 ἡμετέρας
2805 2051 3059 2115 διανοίας,
3094 2055 3187 2107 καὶ
3213 2055 3382 2127 πυρὸς
3411 2053 3548 2110 εἶναι
3581 2059 3808 2130 σφοδρό-

2223 2160 2380 2216 τερον
2425 2143 2519 2198 τὸν
2572 2143 2831 2215 μέλλοντα
2871 2147 2963 2200 ἐπὶ
3008 2146 3108 2217 τῆς
3142 2147 3396 2220 τοιαύτης
3447 2150 3808 2221 παρατάξεως

2225 2233 2495 2290 ἵστασθαι.
2544 2235 2635 2289 Διὸ
2691 2237 2784 2290 καὶ
2841 2240 2870 2292 0
2912 2239 3148 2310 Χριστὸς
3199 2239 3354 2308 ἐλεγε
3375 2256 3390 2272 ·
3442 2242 3570 2312 Πῦρ
3614 2239 3808 2312 ἦλθον

2229 2328 2440 2384 Βαλεῖν
2468 2329 2567 2384 ἐπὶ
2595 2328 2711 2398 τὴν
2731 2329 2868 2400 γῆν·
2899 2333 2995 2385 καὶ
3027 2330 3304 2401 ἤθελονδε
3327 2334 3380 2386 εὶ
3397 2331 3513 2403 ἤδη
3539 2334 3802 2405 ἀνήφθη.

2224 2423 2335 2476 Καὶ
2359 2421 2420 2475 τὸ
2451 2420 2677 2494 Πνεῦμα
2695 2422 2783 2476 διὰ
2805 2423 2963 2477 τοῦτο
2989 2426 3047 2477 ἐν
3077 2424 3211 2495 πυρὶ
3240 2424 3512 2494 φαίνεται.

2293 2511 2356 2567 ε’.
2381 2513 2519 2566 Ἀλλ’
2551 2515 2713 2584 ἡμεῖς
2748 2515 2955 2587 τέφρας
2983 2513 3307 2587 ψυχρότεροι
3338 2514 3644 2587 γεγόναμεν
3663 2557 3676 2579 ,
3710 2518 3805 2570 καὶ

2221 2606 2331 2661 τῶν
2383 2605 2718 2677 τεθνηκότων
2775 2607 3085 2680 νεκρότεροι
3119 2623 3133 2640 ο
3193 2607 3290 2661 καὶ
3349 2608 3525 2662 ταῦτα
3589 2608 3802 2663 Παῦλον

2219 2695 2452 2768 ὁρῶντες
2474 2695 2615 2767 ὑπὲρ
2652 2696 2746 2749 τὸν
2791 2695 3017 2768 οὐρανὸν
3049 2696 3365 2767 ίπτάμενον,
3397 2698 3492 2751 καὶ
3523 2698 3615 2751 τὸν
3639 2699 3802 2769 οὐρα-

2220 2788 2310 2842 νὸν
2338 2787 2430 2841 τοῦ
2482 2786 2735 2860 οὐρανοῦ,
2781 2787 2878 2842 καὶ
2927 2788 3123 2858 φλογὸς
3177 2789 3396 2860 ἀπάσης
3443 2789 3801 2862 σφοδρότερον

2220 2880 2433 2934 ἅπαντα
2461 2879 2698 2934 νικῶντα
2731 2881 2825 2932 καὶ
2845 2879 3261 2949 ὑπερϐαίνοντα,
3285 2878 3354 2933 τὰ
3376 2881 3546 2946 κάτω,
3576 2879 3644 2933 τὰ
3664 2880 3796 2942 ἄνω,

2217 2971 2288 3026 τὰ
2305 2973 2573 3044 παρόντα,
2605 2971 2674 3025 τὰ
2697 2971 2980 3042 μέλλοντα,
3003 2970 3075 3024 τά
3101 2970 3250 3034 ὄντα,
3273 2971 3340 3024 τὰ
3362 2972 3462 3025 οὐκ
3485 2971 3632 3024 ὄντα.
3659 2971 3722 3023 EE
3741 2971 3798 3024 δὲ

2220 3061 2404 3134 μεῖζόν
2429 3078 2523 3114 σου
2551 3063 2727 3115 ἐκεῖνο
2756 3061 2817 3114 τὸ
2849 3059 3175 3129 ὑπόδειγμα,
3209 3059 3444 3129 μάλιστα
3469 3058 3567 3128 μὲν
3591 3055 3686 3112 οῦν
3703 3058 3798 3112 καὶ

2212 3144 2367 3214 οὗτος
2386 3149 2614 3213 νωθείας
2641 3151 2669 3202 ὁ
2693 3148 2848 3216 λόγος
2882 3146 2953 3218 (τί
2984 3145 3092 3217 γάρ
3122 3161 3214 3198 σου
3234 3143 3393 3197 πλέον
3420 3139 3564 3214 εἶχεν
3590 3145 3618 3196 ὁ
3650 3141 3798 3196 Παῦ-

2213 3242 2323 3308 λος,
2353 3243 2437 3295 ὅτι
2489 3240 2749 3296 ἀδύνατον
2799 3238 2890 3292 τὸν
2940 3237 3078 3310 πρὸς
3127 3236 3334 3291 ἐκεῖνόν
3385 3253 3468 3288 σοι
3513 3235 3619 3306 φῂς
3657 3231 3794 3288 εἶναι

2211 3334 2422 3407 (ﬂow)
2442 3350 2457 3366 '
2490 3333 2628 3404 πλὴν
2660 3332 2774 3386 ἀλλ’
2791 3332 2877 3385 ἵνα
2908 3331 2983 3401 μὴ
3021 3327 3436 3399 φιλονεικῶμεν,
3459 3327 3549 3381 τὸν
3581 3325 3795 3379 Παῦλον

2210 3427 2462 3496 ἀφέντες,
2499 3426 2624 3488 τοὺς
2649 3422 2899 3495 πρώτους
2928 3418 3326 3482 πιστεύσαντας
3355 3417 3717 3488 ἐννοήσωμεν,
3739 3416 3792 3468 οῖ

2211 3519 2305 3573 καὶ
2348 3519 2624 3590 χρήματα,
2661 3515 2754 3570 καὶ
2790 3515 3067 3586 κτήματα,
3093 3511 3190 3565 καὶ
3235 3509 3493 3581 φροντίδα
3539 3508 3634 3562 καὶ
3665 3524 3790 3578 σχο-

2210 3609 2308 3681 λὴν
2323 3609 2370 3642 ⁸³
2403 3609 2619 3663 ἃπασαν
2648 3606 2907 3678 βιωτικὴν
2927 3603 3201 3670 ἐξέϐαλον,
3228 3603 3322 3655 καὶ
3367 3601 3522 3664 ὅλους
3565 3598 3792 3662 ἑαυτοὺς

2210 3699 2480 3771 ἀνέθηκαν
2509 3698 2588 3769 τῷ
2618 3697 2761 3769 Θεῷ,
2803 3695 2925 3750 καθ’
2953 3695 3191 3766 ἑκάστην
3230 3693 3402 3746 νύκτα
3434 3691 3528 3745 καὶ¹
3574 3689 3790 3761 ἡμέραν

2206 3791 2273 3860 τῇ
2301 3789 2396 3842 τοῦ
2431 3788 2590 3857 λόγου
2636 3784 2954 3856 διδασκαλίᾳ
3009 3781 3484 3855 προσεδρεύοντες.
3531 3779 3785 3834 Τοιοῦτον

2205 3881 2316 3952 γὰρ
2354 3880 2416 3933 τὸ
2460 3878 2573 3950 πῦρ
2616 3878 2677 3931 τὸ
2733 3875 3128 3947 πνευματικόν·
3181 3873 3438 3944 οὐδεμίαν
3489 3870 3784 3941 ἐπιθυμίαν

2203 3969 2428 4039 ἀφίησιν
2476 3967 2620 4038 ἐχειν
2674 3967 2782 4020 τῶν
2839 3965 3090 4027 ἐνταῦθα,
3128 3963 3244 4018 ἀλλ’
3287 3965 3369 4027 είς
3411 3962 3598 4033 ἕτερον
3635 3963 3786 4032 ἡμᾶς

2207 4061 2522 4134 μεθίστησιν
2547 4061 2744 4130 ἔρωτα.
2774 4059 2872 4113 Διά
2903 4057 3059 4112 τοῦτο
3085 4059 3114 4111 0
3147 4055 3404 4110 τοιούτων
3437 4055 3577 4127 ἐρῶν
3601 4070 3783 4125 πραγ-

2207 4155 2414 4225 μάτων,
2449 4153 2552 4207 κᾶν
2582 4152 2651 4204 τά
2677 4151 2807 4205 ὅντα
2834 4150 3097 4224 προέσθαι
3121 4149 3236 4220 δέῃ,
3277 4148 3383 4203 κᾶν
3403 4148 3634 4220 τρυφῆς,
3677 4145 3782 4199 κᾶν

2201 4245 2360 4318 δόξης
2405 4243 2795 4312 καταγελάσαι,
2830 4243 2931 4296 κᾶν
2964 4241 3133 4313 αὐτὴν
3164 4239 3413 4293 ἐκδοῦναι
3444 4239 3542 4307 τὴν
3579 4237 3780 4307 ψυχὴν,

2203 4343 2343 4417 μετά
2372 4343 2553 4413 πάσης
2584 4340 2832 4404 εὐκολίας
2855 4338 3028 4394 ταῦτα
3055 4338 3234 4392 πάντα
3263 4335 3426 4390 ποιεῖ.
3461 4332 3525 4387 Ἦ
3551 4331 3658 4404 γὰρ
3677 4333 3774 4387 τοῦ

2198 4436 2371 4508 πυρὸς
2393 4433 2507 4507 ]95]
2546 4434 2758 4485 ἐκείνου
2793 4430 3062 4505 θερμότης
3086 4430 3167 4492 είς
3193 4427 3292 4498 τὴν
3313 4425 3490 4497 ψυχὴν
3514 4424 3777 4488 είσιοῦσα,

2199 4528 2382 4580 πᾶσαν
2412 4522 2660 4578 ἐκϐάλλει
2689 4520 2936 4585 νωθείαν,
2955 4519 3049 4574 καὶ
3071 4516 3269 4590 πτεροῦ
3287 4518 3430 4570 ποιεῖ
3453 4514 3781 4585 κουφότερον

2198 4621 2289 4674 τὸν
2321 4617 2545 4673 ἁλόντα·
2577 4615 2669 4668 καὶ
2717 4613 2934 4666 πάντων
2960 4610 3068 4665 τῶν
3097 4608 3390 4682 ὁρωμένων
3421 4605 3705 4677 ὑπερορῶν
3729 4605 3780 4637 ⁸⁸

2199 4710 2405 4773 λοιπὸν,
2428 4711 2456 4760 0
2486 4704 2724 4767 τοιοῦτος
2747 4706 2802 4757 ἐν
2823 4701 3111 4767 κατανύξει
3143 4699 3290 4770 μένει
3318 4698 3573 4768 διηνεκεῖ,
3596 4696 3780 4766 πηγὰς

2201 4801 2443 4870 συνεχεῖς
2472 4797 2655 4865 ἀφιεὶς
2690 4793 2962 4866 δακρύων,
2995 4793 3089 4846 καὶ
3123 4789 3322 4862 πολλὴν
3355 4788 3603 4842 ἐντεῦθεν
3644 4805 3782 4859 καρο

2199 4890 2468 4960 πούμενος
2502 4887 2599 4957 τὴν
2626 4886 2841 4956 ἡδονήν.
2872 4883 3034 4937 Οὐδὲν
3049 4883 3158 4953 γὰρ
3187 4880 3359 4934 οὕτως
3393 4878 3663 4950 συγκολλᾷ
3686 4879 3782 4932 καὶ

2201 4985 2311 5036 ἑνοῖ
2334 4981 2412 5052 τῷ
2431 4979 2569 5049 Θεῷ,
2601 4979 2677 5041 ὡς
2704 4977 2773 5031 τά
2793 4975 3016 5030 τοιαῦτα
3046 4975 3277 5044 δάκρυα.
3318 4972 3377 5024 ὐ
3409 4970 3649 5032 τοιοῦτος
3677 4968 3782 5022 κᾶν

2200 5076 2259 5127 ἐν
2286 5072 2479 5143 μέσαις
2509 5071 2727 5123 πόλεσιν
2750 5065 3086 5141 ᾗκατοικῶν,
3112 5065 3186 5128 ὼς
3211 5067 3269 5117 ἐν
3290 5062 3497 5133 ἐρημίᾳ⁴
3515 5059 3782 5129 διατρίϐει

2202 5166 2296 5220 καὶ
2322 5165 2472 5236 ὄρεσι
2495 5163 2588 5216 καὶ
2625 5161 2826 5223 νάπαις
2842 5160 2908 5224 ⁸⁵,
2943 5157 3133 5211 οὐδένα
3153 5155 3261 5208 τῶν
3295 5154 3579 5224 παρόντων
3617 5151 3782 5222 ὁρῶν,

2201 5258 2323 5312 οὐδὲ
2356 5257 2516 5328 κόρον
2549 5255 2655 5307 τῶν
2697 5252 2955 5306 τοιούτων
2998 5249 3291 5319 λαμϐάνων
3337 5246 3572 5318 θρήνων,
3611 5244 3676 5298 ἄν
3724 5261 3784 5296 τε

2203 5351 2342 5421 ὑπὲρ
2381 5347 2596 5413 ἐαυτοῦ,
2622 5347 2687 5401 ἄν
2720 5363 2779 5398 τε
2811 5343 2952 5414 ὑπὲρ
2990 5342 3101 5396 τῶν
3133 5341 3340 5410 ἑτέροις
3379 5335 3783 5407 πεπλημμελη-

594 5445 639 5476 ³⁹
667 5445 851 5526 χάριν]
875 5447 1073 5526 ’ἕνεκεν
1108 5447 1170 5502 D.
1208 5447 1270 5505 E.
1444 5451 1491 5481 ⁸ο
1509 5450 1619 5526 *καὶ
1645 5451 1802 5526 μέγα
1817 5449 1877 5501 τὸ
1903 5451 2261 5526 παράσημον]
2283 5453 2521 5526 τδ-μέγα
2550 5456 2645 5526 καὶ
2671 5455 2976 5526 παράδοξον
3008 5456 3073 5512 Α.
3105 5458 3166 5512 B.
3192 5457 3255 5512 C.
3281 5475 3406 5513 mox
3434 5459 3606 5523 τιθείς
3630 5459 3689 5513 F.
3726 5471 3782 5514 (ιι

523 5530 683 5602 σοι’τὲ
700 5516 785 5602 Βέή
801 5516 1223 5602 ινξιιςοιτίθησιν.
1271 5589 1283 5602 ‘
1299 5519 1343 5602 ξ’
1370 5521 1473 5602 ἕως
1504 5516 1842 5602 ᾷ“ν....ζὲιθ-νῶν
1866 5516 2086 5602 ιόεςευιιι
2116 5516 2122 5522 ’

2227 5516 2390 5602 (fodi:
2441 5516 2506 5602 *λ’
2532 5516 2779 5602 ἐλθόντες
2812 5516 2920 5580 omV.
2946 5527 3008 5579 Ι).
3128 5527 3230 5602 An.
3257 5528 3423 5602 _Sav._
3447 5601 3454 5602 ί
3474 5529 3520 5561 ⁵³
3548 5516 3664 5602 τδν]
3687 5534 3782 5583 καὶ

522 5584 614 5659 τὸν
646 5584 707 5638 D.
741 5584 807 5659 _E.
835 5584 922 5638 F.'
974 5585 1168 5659 “0E0;
1200 5588 1318 5659 καὶ]
1353 5591 1447 5642 καὶ
1477 5589 1588 5652 υἱὸς
1632 5589 1768 5644 Edd.

523 5655 947 5734 vulgo‘desym,
981 5657 1222 5734 ad_didi_e
1251 5655 1351 5734 00d
1370 5660 1878 5734 .-Εζνὶόηεό-υοιᾎ
1909 5655 2122 5734 Ῠδῗτῗένλλοι

2216 5663 2219 5733 ]
2253 5655 2564 5727 ἐννοοῦντας
2597 5665 2664 5718 Α.
2703 5655 2853 5720 ΒίΟ.

526 5722 708 5794 σαντο]
740 5725 871 5790 γοῦν
907 5727 1251 5794 ψηφίσασθαι
1283 5729 1347 5782 Α.
1375 5728 1431 5783 Β.
1468 5729 1528 5782 C.

1864 5589 2312 5671 ¹’⁸προοιμλου
2341 5591 2501 5671 (ἶζὲκ
2531 5593 2659 5671 (τῶν
2799 5597 3129 5671 ’προοιμίων
3163 5601 3226 5652 Α.
3413 5599 3460 5632 ’⁵⁸
3490 5603 3541 5671 οἱ
3568 5601 3626 5655 δὲ
3646 5589 3782 5671 ἠιιεε

2930 5667 2979 5741 ιι
2993 5667 3110 5720 ἀλλ’
3133 5684 3242 5741 0m.
3266 5670 3333 5722 A.
3366 5671 3426 5724 B.
3499 5670 3545 5702 ιν
3575 5667 3781 5741 ἐψηφί-

1639 5732 1685 5761 ⁶⁰
1717 5731 2002 5785 ΗΘΙΚΟΝ.
2047 5733 2170 5786 Ὅτι
2203 5731 2276 5786 ’τὸ
2316 5735 2460 5788 κατὰ
2497 5735 2629 5787 θεὸν
2677 5735 2872 5795 πένθος
2901 5737 2992 5789 καί
3027 5755 3096 5807 χα
3140 5739 3202 5790 ὰν
3237 5743 3384 5793 ποιεῖ
3413 5741 3588 5811 μεγάλ
3620 5731 3782 5794 ’ν’καὶ

1639 5818 1680 5863 »ς
1705 5815 1716 5827 ⁸
1748 5801 1841 5854 καὶ
1872 5803 1952 5854 ὅτι
1984 5803 2065 5854 δεῖ
2093 5804 2317 5863 φεύγειν
2343 5804 2408 5858 τὰ
2439 5805 2660 5863 θέατρα.
2696 5806 2759 5857 Α.
2835 5807 2876 5837 ⁸⁸
2900 5755 3134 5863 ταύτης]
3153 5809 3325 5863 αὐτῆς
3349 5810 3410 5863 l".
3487 5812 3532 5842 ⁵¹
3563 5757 3778 5863 ἧῐθελον]

522 5793 954 5880 ξιφέ>.έιαν;“καὶ
973 5793 1052 5850 ὅτι
1081 5799 1221 5880 μέγα
1247 5800 1423 5880 κακόν.
1452 5803 1480 5852 ὁ
1507 5798 1680 5880 γέλως
1705 5815 1716 5827 ⁸
1748 5801 1841 5854 καὶ
1872 5803 1952 5880 δτι
1984 5803 2065 5880 δεῖ
2093 5804 2317 5880 φεύγειν
2343 5804 2408 5858 τὰ
2439 5805 2667 5880 θέατραΣ
2696 5806 2770 5880 Α.-
2835 5793 2876 5880 '_"
2900 5793 3125 5880 ταύτης]
3153 5809 3325 5880 αὐτῆς
3349 5793 3426 5864 Υ..
3487 5793 3532 5842 δ’

3563 5811 3754 5882 ἤθελον

525 5861 700 5932 Vulgo
725 5881 777 5916 τι
806 5866 1014 5932 ἤθελον,
1047 5861 1139 5922 séd
1163 5861 1213 5919 τί
1239 5870 1391 5924 deest
1413 5870 1464 5923 in
1490 5861 1624 5924 lineis
1657 5861 1853 5940 praeter
1877 5871 1934 5924 Ρ.
1961 5861 2122 5927 etialﬁ

525 5933 806 6001 διατριϐὴν
845 5936 902 5988 υ.
929 5936 989 5988 Ε.
1016 5937 1074 5990 F.
1144 5939 1189 5970 ⁵³
1224 5938 1529 6001 ὑπερορῶν]
1557 5939 1647 5994 Sic
1673 5941 1733 5994 Ε.
1769 5940 1873 5995 Au.
1905 5943 2122 6001 ὑπερορι

2216 5861 2372 5930 ἰιοεε
2393 5892 2446 5944 q.
2477 5861 2587 5929 vidi
2623 5875 2880 5930 Mauhaei.
2907 5877 2974 5931 ad
3000 5861 3136 5931 [ὑὶ-³.
3160 5861 3408 5945 ίχιὶῖῑιόζ
3469 5883 3515 5913 ω
3551 5861 3751 5951 didm

2216 5963 2255 5999 ἀ
2286 5943 2345 6000 F.
2373 5893 2549 6001 λιύιιιο
2582 5945 2879 6001 ὑπερορᾶν.
2913 5957 2963 6001 ει
2995 5957 3117 6001 nos!
3145 5949 3201 6001 h.
3230 5969 3275 6001 ν.
3311 5953 3469 6001 nlene
3492 5951 3748 6001 inleruun

521 5933 806 6002 διατριϐὴν
845 5936 902 5988 υ.
929 5936 989 5988 Ε.
1016 5937 1074 5990 F.

523 6001 688 6075 gitur.
761 6001 834 6038 ⁷⁵⁵
867 6007 1084 6075 νάπαις]
1120 6008 1211 6067 Sic
1239 6001 1343 6066 An:
1378 6001 1431 6066 ἐι
1462 6001 1624 6067 c6dd.
1653 6011 1938 6083 σπηλαίοις
1968 6001 2108 6072 Εἱίό.

1144 5939 1189 6012 ἕξ
1224 5938 1529 6012 ὑπερορῶν]
1552 5938 1733 6012 iS_ic'E.
1769 5940 1873 6012 Au.
1905 5943 2255 6012 ὑπερορῶντα
2286 5943 2345 6000 F.

2424 5946 2549 6018 ulgo
2582 5945 2879 6019 ὑπερορᾷν,
2913 5957 2963 6006 ει
2995 5957 3117 6020 post
3145 5949 3201 6005 h.
3230 5969 3275 6007 ν.
3310 5953 3469 6024 plene
3491 5945 3778 6023 inlé'rpu'u;
