4078 6372
304 354 379 408 ετ
1487 363 1555 417 IN
1595 361 2004 420 MATTIUEUM
2042 366 2269 423 llOMll...
2310 369 2394 423 Vl.
3519 378 3592 433 68

308 492 385 529 ne
413 471 693 543 praphetis
714 469 929 541 quidem
951 466 1392 522 annnntiantibus
1414 468 1767 523 crediderunt.
1802 470 1908 523 Cur

308 576 491 620 autem
524 563 683 618 nobis
710 572 773 615 et
811 572 1019 630 tempus
1056 560 1186 613 dicit
1218 568 1273 614 et
1302 560 1511 625 locum,
1543 560 1669 615 dum
1699 562 1806 627 ait,
1841 561 1907 614 lu

310 656 609 711 Bethleltem
630 696 646 721 ,
676 663 732 707 et
751 694 766 716 ,
795 652 864 706 In
883 651 1062 705 diebus
1096 648 1315 704 Herodis
1345 650 1517 719 regis?
1551 667 1652 720 qua
1685 666 1813 706 vero
1841 651 1910 706 de

310 763 473 804 causa
508 747 823 818 dignitatem
871 744 1033 799 etiam
1075 742 1656 816 addidit?Dignitatem
1687 741 1909 811 quidem

314 841 551 907 addidit,
580 837 835 908 quoniam
870 845 925 889 et
961 834 1096 888 alius
1126 832 1225 887 fuit
1260 832 1496 887 Herodes
1522 833 1611 902 qui
1651 832 1909 888 Joannem

313 930 549 995 occidit;
580 928 678 983 sed
710 928 799 983 hic
827 928 1092 982 tetrarcha
1114 967 1128 989 ,
1158 925 1250 980 ille
1276 940 1370 979 rex
1399 934 1533 980 erat.
1579 926 1778 981 Locum
1818 942 1909 980 au-

319 1034 427 1079 tem
455 1022 648 1078 scribit
672 1031 727 1077 et
753 1029 963 1089 tempus
1001 1018 1128 1074 dum
1166 1017 1474 1088 propltetias
1514 1018 1667 1073 nobis
1703 1029 1912 1076 veteres

313 1124 742 1181 commemorat,
789 1128 1014 1183 quarum
1055 1112 1280 1167 alteram
1322 1112 1569 1166 Miclta‘as
1613 1113 1791 1167 emisit
1831 1113 1913 1167 his

313 1209 496 1262 verbis
524 1225 537 1261 :
566 1206 635 1260 Et
661 1217 717 1259 tu
744 1205 1035 1259 Bethleltem
1070 1214 1206 1259 terra
1244 1204 1386 1258 Juda
1406 1245 1421 1269 ,
1461 1222 1775 1275 nequaquam
1818 1205 1915 1258 mi-

317 1300 453 1351 nima
482 1314 537 1352 es
562 1299 617 1351 in
655 1298 968 1368 principibus
989 1296 1129 1349 Juda
1162 1296 1346 1367 (Mich.
1375 1297 1428 1352 5.
1452 1296 1541 1365 2);
1569 1297 1791 1351 alteram
1823 1311 1915 1368 pa-

318 1391 551 1445 triarcha
573 1386 741 1447 Jacob
762 1431 776 1452 ,
802 1391 893 1461 qui
922 1389 1075 1445 nobis
1100 1399 1308 1457 tempus
1330 1390 1610 1459 exprimit,
1638 1404 1915 1459 magnum-

317 1501 421 1555 que
470 1484 683 1554 signum
724 1484 985 1538 adventus
1021 1483 1139 1552 ejus
1183 1483 1437 1552 apponit;
1485 1498 1608 1537 nam
1648 1483 1761 1538 ait:
1794 1482 1916 1538 Non

316 1581 581 1647 auferetur
638 1577 869 1645 princeps
916 1576 980 1628 de
1024 1574 1197 1640 Juda,
1239 1591 1330 1627 nec
1380 1575 1489 1628 dua:
1537 1574 1601 1629 de
1647 1574 1917 1645 femoribus

320 1671 432 1738 ejus
462 1711 479 1735 ,
536 1670 695 1722 donec
745 1669 911 1721 veniat
957 1667 1039 1720 cui
1085 1667 1363 1736 repositum
1410 1676 1484 1720 est
1521 1683 1541 1719 :
1583 1676 1629 1720 et
1680 1667 1789 1736 ipse
1833 1683 1919 1721 ea:-

322 1760 571 1831 spectatio
609 1760 831 1831 gentium
870 1758 1021 1829 (Gen.
1066 1758 1156 1813 ιθ.
1190 1757 1314 1826 10).
1359 1756 1465 1813 Sed
1513 1757 1641 1812 illud
1696 1772 1910 1828 quoque

320 1852 703 1922 inquirendum
747 1859 863 1917 est,
910 1865 1028 1920 quae
1070 1863 1231 1905 causa
1272 1849 1404 1919 ipsis
1449 1849 1606 1905 fuerit
1649 1850 1772 1904 talia
1813 1864 1911 1905 co-

321 1944 562 2014 gitandi,
616 1956 671 2001 et
719 1947 838 2016 quis
882 1946 1003 2000 illos
1042 1946 1106 2000 ad
1151 1946 1272 2000 talia
1306 1945 1510 2016 agenda
1549 1946 1921 1999 concitaverit.

325 2035 511 2106 Neque
549 2036 699 2090 enim
742 2037 873 2089 mihi
916 2035 1130 2091 videtur
1171 2036 1285 2091 haec
1320 2051 1477 2104 posse
1503 2037 1569 2089 ad
1600 2035 1768 2089 solam
1796 2034 1923 2088 stel-

324 2129 431 2184 lam
462 2129 695 2194 referri;
728 2128 824 2184 sed
848 2129 914 2183 ad
946 2129 1115 2184 Deum
1143 2130 1232 2200 qui
1262 2144 1446 2184 eorum
1488 2128 1700 2182 animos
1741 2128 1921 2181 conci-

324 2223 455 2277 tavit
478 2242 491 2276 :
516 2222 570 2277 id
599 2222 742 2293 quod
765 2222 925 2276 etiam
958 2223 1011 2276 in
1032 2222 1175 2294 Cyro
1204 2222 1329 2277 fecit
1347 2265 1363 2287 ,
1394 2237 1518 2276 cum
1541 2221 1658 2290 ejus
1682 2222 1919 2275 animum

322 2315 569 2381 induxit,
616 2323 679 2369 ut
705 2314 920 2370 Judazos
960 2314 1257 2370 dimitteret
1301 2313 1510 2385 (Parol.
1562 2314 1692 2383 36);
1746 2326 1922 2384 neque

326 2414 507 2461 tamen
554 2405 686 2459 illud
718 2406 789 2460 ita
835 2416 1090 2475 operatus
1130 2417 1231 2471 εει,
1265 2415 1321 2460 ut
1350 2406 1574 2461 liberum
1619 2405 1735 2474 ejus
1775 2405 1920 2460 arbi-

323 2498 483 2552 trium
506 2498 725 2552 tolleret
748 2516 762 2553 :
794 2497 1221 2568 quandoquidem
1246 2507 1303 2553 et
1329 2513 1449 2552 cum
1472 2497 1693 2553 Paulum
1720 2511 1785 2551 ex
1812 2496 1920 2553 alto

328 2590 541 2643 vocavit
561 2630 577 2655 ,
604 2599 655 2644 et
682 2590 909 2659 gratiam
937 2604 1090 2644 suam
1123 2599 1177 2645 et
1211 2590 1328 2660 ejus
1360 2590 1764 2657 obsequentiam
1793 2602 1922 2644 con-

323 2681 566 2749 Spicuam
595 2680 776 2735 effecit
802 2681 939 2754 (Act.
980 2681 1059 2752 9).
1109 2683 1177 2736 At
1204 2682 1410 2751 inquies
1430 2722 1445 2746 ,
1474 2680 1584 2737 Cur
1608 2696 1717 2736 non
1742 2682 1918 2737 omni-

323 2771 424 2826 bus
473 2774 647 2843 magis
701 2772 805 2829 hoc
852 2774 1028 2843 ipsum
1074 2769 1543 2842 reV'elavitit'Quia
1585 2790 1691 2830 non
1731 2790 1919 2833 omnes

322 2864 584 2920 credituri
609 2874 798 2933 erant,
828 2865 882 2920 hi
904 2881 1034 2921 vero
1061 2875 1215 2921 erant
1241 2866 1361 2920 aliis
1390 2867 1685 2936 paratiores
1709 2883 1722 2918 :
1746 2866 1918 2937 siqui-

323 2955 447 3010 dem
481 2970 610 3010 cum
651 2956 946 3011 innumera:
986 2965 1177 3027 gentes
1218 2956 1489 3027 perirent,
1541 2956 1609 3011 ad
1657 2956 1919 3014 Ninivitas

321 3047 495 3101 solum
536 3046 799 3116 propheta
847 3048 1045 3103 missus
1087 3056 1206 3103 est:
1240 3047 1453 3118 duoque
1476 3056 1629 3103 erant
1666 3050 1718 3103 in
1759 3063 1920 3105 cruce

328 3136 607 3205 latrones,
635 3148 691 3193 et
711 3137 849 3193 alter
878 3148 1085 3193 tantum
1114 3140 1339 3195 salutem
1370 3147 1557 3195 nactus
1578 3149 1680 3196 est.
1714 3140 1917 3196 Horum

324 3231 505 3300 itaque
552 3232 805 3287 virtutem
851 3233 1160 3303 perpende;
1203 3249 1310 3289 non
1336 3234 1475 3304 quod
1506 3235 1779 3300 venerint,
1821 3234 1917 3291 sed

319 3322 464 3392 quod
493 3338 620 3376 cum
664 3323 855 3378 ﬁducia
884 3332 939 3379 et
963 3325 1280 3395 simpliciter
1320 3326 1547 3396 egerint.
1593 3325 1808 3382 Etenim
1850 3342 1918 3383 ne

325 3415 555 3471 subdole
598 3416 748 3471 missi
794 3417 1110 3486 videantur,
1154 3426 1209 3473 et
1236 3433 1343 3489 quo
1371 3418 1507 3474 duce
1546 3420 1821 3484 venerint,
1864 3429 1919 3475 et

319 3508 421 3561 via:
461 3508 856 3579 longitudinem
887 3518 1147 3577 narrant,
1187 3520 1241 3566 et
1270 3510 1521 3582 loquendi
1552 3510 1798 3566 ﬁduciam
1825 3526 1920 3567 ex-

323 3599 549 3654 hibent:
580 3615 702 3654 nam
732 3601 902 3668 aiunt,
943 3600 1184 3656 Venimus
1213 3600 1426 3655 adorare
1448 3618 1598 3666 eum;
1621 3617 1795 3671 neque
1822 3617 1919 3672 p0-

321 3693 427 3763 puli
455 3692 695 3747 furorem
716 3734 733 3760 ,
766 3709 942 3764 neque
968 3694 1110 3764 regis
1144 3693 1480 3764 tyrannidem
1521 3692 1911 3749 reformidant:

319 3794 648 3856 quapropter
671 3785 923 3840 videntur
951 3786 1079 3840 tnihi
1103 3786 1264 3840 etiam
1291 3787 1667 3842 contribulium
1694 3802 1916 3842 suorum

318 3876 569 3931 doctores
594 3876 741 3932 domi
773 3877 957 3932 fuisse.
988 3877 1123 3931 Nam
1153 3878 1243 3948 qui
1283 3878 1403 3933 istic
1434 3878 1561 3933 illud
1591 3878 1773 3934 dicere
1806 3894 1915 3935 non

318 3968 667 4033 dubitarunt,
714 3968 885 4023 multo
921 3969 1089 4039 magis
1118 3969 1173 4023 in
1200 3970 1371 4040 patria
1410 3984 1506 4025 sua
1546 3984 1607 4024 ea
1637 3969 1705 4024 de
1737 3985 1796 4025 re
1830 3970 1914 4025 lo-

320 4060 469 4130 quuti
516 4059 686 4115 libere
730 4060 959 4127 fuerint,
1005 4061 1205 4131 quippe
1236 4061 1326 4131 qui
1357 4069 1413 4116 et
1436 4061 1713 4115 oraculum
1741 4061 1915 4131 angeli

326 4150 704 4220 accepissent,
736 4160 793 4206 et
835 4151 1111 4221 prophetae
1160 4152 1524 4207 testimonium
1570 4152 1809 4216 allatum.
1855 4154 1910 4207 5.

320 4242 545 4296 Audiens
572 4251 745 4296 autem
776 4240 1043 4309 Herodes,
1091 4246 1197 4311 ait,
1246 4242 1476 4304 turbatus
1516 4252 1617 4309 est,
1664 4253 1709 4297 et
1749 4246 1914 4299 omnis

318 4333 641 4404 Jerosolyma
679 4351 795 4389 cum
832 4335 942 4389 illo.
981 4335 1111 4390 Jure
1146 4334 1359 4405 quidem
1393 4335 1666 4403 Herodes,
1698 4337 1786 4406 qui
1818 4352 1910 4391 rex

319 4436 466 4492 erat,
500 4426 600 4481 sibi
636 4426 866 4497 ﬁliisque
896 4427 1156 4483 timebat:
1187 4428 1521 4499 .Ierosolyma
1570 4444 1699 4483 vero
1746 4445 1912 4499 quare

282 4585 293 4595 .
317 4522 525 4576 turbata
552 4530 639 4579 est
660 4562 676 4584 .
726 4521 1154 4591 quandoquidem
1181 4521 1357 4591 ipsum
1378 4530 1432 4577 et
1455 4531 1785 4577 servatorem
1806 4562 1824 4590 ,
1852 4535 1908 4579 et

318 4612 613 4667 beneﬁcum
638 4653 653 4677 ,
695 4621 748 4666 et
775 4611 1117 4666 liberatorem
1143 4611 1252 4681 jam
1296 4612 1424 4666 olim
1461 4614 1738 4682 propheta:
1762 4627 1903 4684 prat-

316 4703 598 4758 dixerant?
621 4702 731 4757 Cur
760 4717 889 4773 ergo
915 4702 1110 4758 turbati
1138 4704 1303 4758 sunt?
1342 4703 1547 4757 Eodem
1587 4706 1769 4758 animo
1799 4719 1905 4774 quo

315 4798 441 4851 olim
489 4798 793 4851 beneﬁcum
841 4798 1005 4852 Deum
1047 4798 1455 4864 aversabantur,
1484 4808 1539 4853 et
1565 4813 1757 4855 carnes
1786 4801 1903 4856 illas

315 4887 658 4960 Egyptiacas
700 4891 1222 4956 commemorabam,
1267 4890 1393 4945 dum
1427 4900 1571 4945 tanta
1601 4891 1906 4948 fruerentur

316 4982 582 5037 libertate.
612 4982 693 5038 Tu
719 4997 849 5037 vero
882 4982 1010 5036 mihi
1040 4983 1311 5052 perpende
1338 4993 1589 5039 accurata
1616 4985 1901 5055 propheta-

315 5088 429 5129 rum
472 5073 632 5129 dicta.
679 5072 813 5128 Nam
856 5074 982 5128 illud
1024 5075 1196 5144 ipsum
1228 5075 1336 5145 jam
1372 5076 1499 5130 olim
1530 5078 1903 5148 praenuntiavit

317 5166 575 5236 praplteta
614 5166 697 5222 his
740 5165 955 5220 verbis:
985 5166 1196 5238 Cupient
1227 5168 1270 5221 si
1303 5168 1426 5238 facti
1458 5177 1573 5222 sunt
1618 5170 1733 5241 igne
1767 5186 1905 5224 com-

317 5260 444 5312 busti
470 5276 489 5313 :
511 5260 631 5328 quia
654 5274 781 5328 puer
813 5269 964 5312 natus
988 5268 1059 5313 est
1080 5259 1222 5314 nobis
1240 5300 1256 5324 ,
1290 5268 1338 5312 et
1358 5260 1495 5329 ﬁlius
1529 5261 1679 5315 datus
1707 5272 1780 5315 est
1808 5278 1903 5315 no-

318 5352 391 5406 bis
420 5352 577 5422 (Isai.
614 5352 669 5408 9.
711 5352 764 5406 5.
808 5350 885 5421 6).
935 5353 1183 5406 Attamen
1216 5352 1540 5421 perturbati,
1572 5368 1680 5407 non
1708 5363 1901 5410 curant

316 5444 499 5499 videre
524 5443 668 5514 quod
698 5453 907 5513 gestum
935 5452 1050 5510 est,
1092 5457 1199 5497 non
1228 5457 1411 5513 magos
1440 5454 1758 5513 sequuntur,
1798 5460 1903 5501 non

318 5537 692 5601 sciscitantur;
726 5536 800 5590 ita
825 5536 1078 5590 nimirum
1106 5537 1429 5591 contentiosi
1455 5544 1511 5591 et
1534 5537 1692 5591 simul
1719 5552 1903 5593 socor-

318 5629 412 5683 des
455 5643 569 5698 pra:
614 5628 865 5683 omnibus
902 5637 1088 5692 erant;
1132 5643 1254 5684 cum
1291 5644 1387 5699 par
1413 5628 1603 5686 fuisset
1625 5632 1767 5685 enim
1792 5632 1905 5702 glo-

318 5719 473 5787 riari,
505 5722 648 5792 quod
688 5736 783 5777 rex
809 5720 901 5778 ille
929 5720 1069 5792 apud
1097 5736 1155 5778 se
1190 5729 1347 5779 natus
1374 5729 1549 5788 esset,
1595 5722 1734 5788 quod
1768 5723 1899 5783 Pct-

2013 482 2193 525 sarum
2224 474 2495 543 regionem
2526 475 2591 529 ad
2619 492 2678 531 se
2710 480 2959 535 traxisset
2978 522 2991 546 ,
3021 498 3084 536 ac
3105 484 3217 540 fore
3248 486 3518 544 videretur
3543 501 3600 546 ut

2013 577 2201 618 omnes
2239 566 2338 619 sibi
2382 565 2583 621 subditi
2623 579 2839 636 essent,
2882 572 3100 640 ‘quando
3126 590 3214 630 res
3240 576 3319 631 sic
3344 593 3600 649 prospere

2012 655 2267 711 caderent
2293 658 2425 712 etin
2451 660 2641 713 melius
2678 662 3029 731 proﬁcerent,
3073 681 3135 721 ac
3175 669 3311 722 vela
3338 671 3599 743 principio

2013 747 2295 816 imperium
2343 749 2414 803 ita
2458 752 2794 820 splendidum
2841 765 2984 811 esset
3018 775 3031 810 :
3062 758 3134 812 illi
3186 770 3366 816 tamen
3412 780 3480 819 ne
3520 765 3599 820 sic

2014 838 2233 908 quidem
2278 840 2330 893 in
2372 842 2595 896 meliora
2624 854 2919 913 mutantur;
2953 850 3159 905 etiamsi
3190 867 3359 922 nuper
3391 854 3601 912 fuerant
3626 870 3685 922 μ’

2017 870 2233 908 ιιυιυτιιι
2278 870 2330 893 ιιι
2373 870 2595 896 ιιιυιιυηι
2624 870 2919 913 "tutantur,
2953 870 3159 905 eualIISl
3190 870 3359 922 nuper
3391 870 3601 912 tuerant

2017 943 2044 980 a
2073 930 2380 997 captivitate
2420 932 2629 991 Persica
2672 935 2901 992 liberati.
2938 940 3097 1010 Atqui
3140 957 3235 1011 par
3283 955 3397 1000 erat
3438 870 3660 1077 ΝΟΜ(

2017 1021 2221 1074 etiamsi
2264 1037 2582 1077 arcanorum
2612 1036 2668 1077 et
2695 1029 3003 1077 sublimium
3046 1034 3214 1077 ignari
3258 1035 3477 1077 fniccom
3543 1050 3596 1077 nr

2007 1021 2221 1074 etiamsi
2264 1037 2582 1079 arcanorum
2612 1036 2668 1083 et
2695 1029 3003 1086 sublimium
3046 1034 3215 1104 ignari
3256 1035 3516 1105 fuissent,
3543 1050 3600 1096 ct

2008 1124 2071 1164 ex
2114 1116 2476 1180 praesentibus
2519 1124 2724 1173 tantum
2772 1121 3034 1179 calculum
3090 1128 3424 1195 posuissent,
3474 1132 3591 1188 haec

2006 1202 2239 1271 cogitare
2266 1215 2441 1261 tamen
2468 1225 2481 1259 :
2521 1208 2577 1264 Si
2609 1218 2788 1266 natum
2817 1228 2997 1285 regem
3034 1228 3275 1274 nostrum
3303 1221 3376 1275 ita
3407 1222 3592 1279 formi-
3642 1206 3659 1277 ἶ

2006 1293 2169 1363 dant,
2214 1299 2384 1354 multo
2412 1303 2581 1371 magis
2609 1318 2734 1359 cum
2772 1305 3070 1364 adoleverit
3114 1311 3287 1381 ipsum
3335 1316 3595 1385 pertime-
3654 1307 3659 1327 ἶ

2004 1399 2195 1457 scent,
2242 1392 2451 1463 ipsique
2496 1397 2861 1469 obsequentur
2897 1418 2911 1455 :
2956 1412 3246 1476 nostraque
3296 1407 3593 1466 barbaricis

2003 1483 2366 1552 splendidiora
2409 1488 2584 1543 futura
2614 1500 2760 1545 sunt.
2794 1492 2901 1549 Sed
2944 1495 3077 1551 nihil
3108 1496 3413 1568 huiusmodi
3447 1503 3592 1574 ipso-

2002 1590 2120 1629 rum
2161 1577 2370 1633 animos
2393 1580 2585 1650 erigit:
2612 1590 2759 1639 tanta
2798 1585 3002 1642 scilicet
3025 1597 3143 1664 erat
3168 1590 3380 1647 illorum
3408 1608 3592 1651 socor-

2002 1669 2089 1723 dia
2133 1684 2255 1725 cum
2301 1670 2474 1728 livore
2517 1676 2803 1746 conjuncta
2837 1696 2851 1735 τ
2882 1680 3023 1750 quod
3071 1692 3359 1755 utrumque
3406 1688 3590 1745 vitium

2004 1787 2107 1827 nos
2142 1781 2363 1844 Oportet
2390 1773 2686 1847 diligenter
2717 1792 2929 1846 arcere,
2961 1796 3223 1852 eumque,
3257 1786 3354 1855 qui
3393 1787 3594 1843 adver—

2008 1879 2103 1919 sus
2156 1865 2260 1920 ista
2306 1867 2485 1921 aciem
2533 1868 2772 1925 instruet
2818 1871 2943 1942 igne
2998 1872 3399 1934 ferventiorem
3448 1896 3593 1937 esse.

2003 1956 2375 2024 Quamobrem
2428 1960 2648 2017 dicebat
2694 1960 2997 2019 Christus:
3049 1966 3233 2037 Ignem
3292 1972 3411 2025 veni
3472 1975 3595 2028 mit-

2008 2059 2117 2104 tere
2172 2052 2229 2105 in
2284 2061 2532 2120 terram;
2580 2063 2629 2108 et
2682 2056 2809 2125 quid
2858 2057 2996 2124 volo,
3050 2061 3150 2115 nisi
3214 2071 3272 2115 ut
3333 2066 3594 2121 accenda-

2009 2150 2097 2196 tur
2134 2140 2297 2212 (Luc.
2340 2144 2426 2199 12.
2468 2145 2606 2216 49)?
2638 2146 2879 2219 Ideoque
2929 2148 3170 2221 Spiritus
3217 2154 3359 2226 ignis
3409 2158 3596 2228 specie

2010 2239 2290 2307 apparuit.

2086 2407 2140 2463 5.
2180 2406 2454 2463 Fervorem
2500 2408 2815 2464 audientium
2861 2408 3043 2463 excitat
3086 2409 3313 2479 exemplo
3362 2405 3519 2462 Pauli
3560 2418 3606 2461 et

2015 2501 2296 2561 primorum
2336 2501 2580 2569 ﬁdelium.
2626 2501 2773 2572 Ignis
2809 2502 3091 2571 spiritualis
3132 2517 3330 2555 omnem
3355 2500 3607 2569 cupidita-

2016 2600 2113 2646 tem
2154 2592 2426 2647 consumit.
2457 2622 2528 2633 —
2554 2592 2750 2648 Verum
2791 2607 2890 2647 nos
2940 2594 3124 2647 cinere
3176 2590 3510 2661 frigidiores,
3552 2599 3609 2646 et

2021 2686 2249 2739 mortuis
2272 2684 2596 2755 stupidiores
2621 2683 2747 2739 facti
2775 2698 2962 2739 sumus
2980 2724 2995 2751 ,
3029 2684 3155 2739 licet
3184 2683 3407 2738 Paulum
3434 2681 3608 2737 videa-

2016 2792 2134 2831 mus
2160 2791 2323 2847 super
2349 2777 2542 2833 caelum
2566 2786 2621 2833 et
2644 2776 2837 2832 caelum
2873 2777 2990 2832 ezeli
3042 2777 3338 2842 volantem,
3365 2784 3419 2830 et
3447 2775 3608 2829 vehe-

2014 2869 2246 2924 mentius
2274 2883 2435 2941 quam
2474 2869 2588 2938 ipsa
2628 2868 2844 2923 ﬂamma
2878 2869 3059 2922 omnia
3099 2868 3401 2922 vincentem
3434 2875 3490 2921 et
3516 2880 3608 2920 su-

2014 2970 2291 3031 perantem
2312 3002 2329 3029 ,
2359 2975 2590 3032 superna
2613 3002 2629 3029 ,
2664 2960 2909 3027 inferna;
2940 2960 3227 3031 praesentia
3252 3002 3265 3027 ,
3300 2959 3507 3023 futura,
3541 2973 3605 3014 ea

2013 3066 2132 3121 quas
2158 3060 2282 3107 sunt
2309 3062 2365 3107 et
2384 3067 2446 3107 ea
2466 3067 2587 3123 quae
2613 3067 2720 3106 non
2747 3060 2892 3107 sunt.
2922 3050 3072 3117 Quod
3100 3051 3144 3105 si
3174 3050 3276 3104 hoc
3300 3050 3605 3118 exemplum

2018 3157 2179 3213 supra
2212 3151 2264 3199 te
2301 3150 2418 3209 est,
2462 3143 2573 3212 jam
2600 3134 2847 3213 'torporis
2887 3150 2971 3196 est
3010 3142 3113 3196 iste
3151 3141 3422 3195 obtenttts.
3467 3139 3606 3207 Quid

2016 3234 2159 3287 enim
2185 3233 2304 3303 plus
2329 3249 2489 3303 quam
2519 3242 2572 3287 tu
2598 3233 2783 3288 habuit
2806 3233 3023 3299 Paulus,
3050 3241 3109 3285 ut
3132 3231 3280 3285 dicas
3307 3246 3413 3285 non
3446 3245 3607 3301 posse

2021 3332 2076 3379 te
2102 3323 2253 3379 illum
2277 3324 2509 3379 imitari?
2538 3324 2736 3379 Verum
2764 3339 2831 3380 ne
2857 3324 2981 3393 quid
3012 3323 3397 3377 contentiosius
3424 3321 3606 3377 dicere

2013 3416 2320 3483 videamur,
2354 3417 2520 3473 Paulo
2561 3417 2785 3472 dimisso
2832 3416 3035 3488 primos
3081 3414 3269 3470 ﬁdeles
3297 3413 3604 3469 considere-

2014 3524 2170 3564 mus:
2196 3511 2286 3580 qui
2312 3520 2366 3566 et
2395 3510 2650 3581 pecunias
2690 3519 2745 3565 et
2776 3508 3180 3579 possessiones,
3228 3517 3282 3562 et
3324 3523 3505 3562 curam
3550 3518 3605 3563 et

2017 3603 2397 3671 occupationes
2421 3617 2610 3658 omnes
2635 3601 2917 3656 smculares
2943 3600 3324 3670 repudiarunt,
3359 3606 3605 3667 totosque

2013 3707 2075 3749 se
2120 3694 2232 3749 Deo
2279 3687 2699 3760 consecrarunt,
2751 3699 2910 3747 nocte
2953 3690 3149 3760 dieque
3197 3704 3413 3759 semper
3450 3689 3603 3743 verbi

2011 3784 2271 3840 doctrinae
2297 3788 2654 3840 attendentes.
2696 3784 2822 3838 llazc
2850 3791 2934 3839 est
2957 3783 3100 3838 enim
3133 3781 3427 3851 spiritualis
3465 3780 3602 3850 ignis

2016 3885 2228 3942 natura,
2258 3883 2317 3930 ut
2342 3875 2543 3930 nullam
2567 3890 2747 3930 rerum
2777 3873 3115 3929 saecularium
3145 3871 3491 3941 cupiditatem
3517 3886 3605 3926 re-

2014 3967 2254 4039 linquat,
2284 3966 2377 4023 sed
2400 3969 2454 4022 in
2481 3968 2642 4022 alium
2668 3966 2956 4022 transferat
2975 3979 3236 4020 amorem.
3262 3964 3604 4033 Quapropter

2014 4061 2198 4116 talium
2252 4075 2432 4116 rerum
2476 4059 2735 4131 cupidus,
2785 4058 2995 4115 etiamsi
3035 4058 3213 4113 omnia
3241 4056 3600 4127 profundere,

2012 4152 2220 4208 etiamsi
2266 4152 2594 4223 voluptatem
2643 4160 2701 4207 et
2740 4150 2968 4222 gloriam
3017 4148 3276 4212 irridere,
3320 4147 3605 4217 ipsamque

2004 4254 2236 4309 animam
2275 4251 2488 4308 tradere
2516 4256 2793 4321 oporteat,
2825 4262 2946 4302 cum
2968 4260 3159 4315 magna
3202 4242 3455 4299 facilitate
3485 4241 3603 4297 haec

2005 4346 2185 4400 omnia
2213 4343 2442 4414 perﬁcit.
2472 4341 2603 4396 Nam
2632 4340 2775 4395 illius
2807 4338 2945 4408 ignis
2983 4335 3145 4391 ardor
3172 4334 3225 4389 in
3256 4334 3490 4387 animam
3521 4331 3604 4386 in-

2004 4450 2254 4508 gressus,
2286 4444 2561 4505 torporem
2592 4446 2809 4486 omnem
2838 4428 3058 4499 abjicit,
3107 4435 3162 4481 et
3209 4436 3388 4495 penna
3432 4424 3603 4477 levio-

2007 4541 2121 4580 rem
2152 4523 2317 4579 efﬁcit
2346 4539 2469 4578 eum
2494 4536 2654 4593 quem
2683 4518 2918 4581 invadit,
2952 4519 3022 4572 ita
3053 4524 3112 4572 ut
3136 4517 3316 4570 omnia
3348 4530 3469 4586 quae
3496 4513 3597 4567 sub

2006 4623 2278 4685 aSpectum
2301 4615 2501 4669 cadunt
2520 4654 2536 4678 ,
2570 4610 2849 4681 despiciat.
2880 4610 2982 4677 Qui
3012 4609 3131 4664 talis
3161 4618 3243 4664 est
3264 4650 3279 4672 ,
3310 4608 3363 4661 in
3399 4620 3601 4677 perpe-

2010 4717 2097 4761 tua
2141 4706 2551 4775 compunctione
2590 4701 2783 4758 deinde
2821 4709 3162 4772 perseverat,
3211 4700 3385 4755 fontes
3425 4700 3602 4768 lacry-

2009 4814 2213 4854 marum
2255 4797 2562 4868 frequenter
2606 4794 2921 4859 effundens,
2970 4792 3298 4862 multamque
3336 4790 3464 4846 inde
3501 4805 3598 4845 vo-

2010 4893 2268 4957 luptatem
2332 4904 2648 4959 excerpens.
2705 4886 2849 4943 Nihil
2912 4887 3110 4956 quippe
3171 4885 3283 4940 Deo
3336 4885 3417 4938 ita
3459 4897 3596 4938 con-

2010 4950 2239 5054 glutinat
2269 4990 2323 5036 et
2364 4950 2675 5049 coniungit,
2724 4986 2783 5033 ut
2825 4950 3075 5048 laer-ymze
3124 4974 3452 5046 hujusmodi.
3504 4950 3634 5064 Vir;

2013 5074 2135 5129 talis
2160 5074 2258 5129 etsi
2288 5073 2341 5126 in
2373 5071 2560 5126 mediis
2590 5071 2814 5125 urbibus
2835 5068 3056 5135 habitet,
3089 5067 3240 5138 quasi
3270 5067 3324 5121 in
3351 5066 3591 5130 deserto,

2012 5165 2067 5219 in
2092 5162 2361 5219 montibus
2386 5170 2440 5216 et
2461 5160 2731 5231 speluncis
2755 5168 3021 5226 versatur,
3053 5158 3216 5212 rebus
3244 5156 3600 5227 praesentibus

2014 5272 2120 5315 non
2147 5254 2405 5319 attendit,
2435 5268 2607 5323 neque
2633 5250 2939 5321 hujusmodi
2980 5250 3195 5306 ﬂetibus
3225 5263 3479 5320 umquam
3515 5263 3602 5303 sa-

2014 5351 2193 5416 tiatur,
2219 5348 2333 5403 sive
2361 5361 2459 5417 pro
2490 5360 2579 5412 se,
2613 5345 2727 5400 sive
2763 5358 2862 5413 pro
2890 5343 3117 5398 aliorum
3151 5342 3386 5413 peccatis
3426 5342 3603 5413 lacry—

2012 5458 2128 5499 mas
2177 5440 2437 5497 effundat.
2492 5438 2723 5508 Ideoque
2777 5436 3022 5491 Christus
3053 5435 3069 5466 ³
3101 5435 3264 5489 hosce
3308 5449 3419 5504 prae
3468 5433 3591 5489 aliis

2014 5535 2200 5589 beatos
2220 5530 2476 5602 praedicat
2500 5529 2704 5593 dicens,
2720 5525 2868 5581 Beati
2887 5527 2973 5596 qui
3000 5525 3169 5596 lugent
3186 5524 3398 5595 (Matth.
3422 5525 3475 5579 5.
3492 5524 3593 5594 5.).

2014 5626 2122 5682 Cur
2160 5639 2287 5680 vero
2330 5622 2528 5679 Paulus
2563 5620 2692 5677 dicit
2724 5637 2738 5674 :
2778 5617 3004 5673 Gaudete
3052 5618 3105 5671 in
3149 5615 3368 5671 Domino
3406 5632 3601 5685 semper

2019 5718 2278 5789 (Philipp.
2308 5716 2362 5774 4.
2397 5714 2520 5787 4.)ἳ
2547 5714 2613 5772 Ut
2652 5713 3007 5785 lacrymarum
3034 5709 3335 5780 hujusmodi
3364 5708 3600 5782 volupta—
