4078 6372
530 391 602 450 69
911 331 919 338 .
1241 393 1299 451 S.
1339 390 1625 450 JOANNIS
1659 390 2143 450 CllBYSDSTOMl
2181 389 2501 448 ARCHIEP.
2541 392 3088 456 CONSTANTINOP.
3733 405 3805 465 70

526 511 634 557 tem
665 499 930 556 declaret.
976 497 1440 566 Quemadmodum
1467 499 1612 552 enim
1643 497 1824 551 mundi
1862 497 2113 569 gaudium

526 606 814 648 mterorem
844 589 1005 644 habet
1049 589 1434 658 coniunctura,
1483 588 1566 642 sic
1614 597 1670 642 et
1709 588 1963 659 lacryma:
2001 588 2113 644 illa

524 681 817 740 secundum
851 681 1015 736 Deum
1060 679 1300 734 laetitiam
1341 679 1556 749 pariunt
1595 691 1887 748 perennem
1913 687 1969 734 et
1994 693 2113 749 qua:

522 787 814 844 numquam
851 770 1087 826 deficiat.
1136 769 1226 825 Sic
1265 767 1522 824 meretrix
1562 767 1650 822 illa
1679 767 1973 838 virginibus
2000 768 2113 824 cla-

522 866 636 922 rior
663 865 853 921 effecta
879 872 964 919 est
983 904 999 930 ,
1025 861 1128 917 hoc
1154 862 1275 932 igne
1296 875 1580 917 succensa.
1605 859 1740 927 Quia
1770 861 1914 917 enim
1944 863 2114 932 paeni-

523 966 707 1012 tentiae
749 955 966 1011 fervore
1005 961 1254 1023 correpta
1289 961 1374 1007 est
1393 992 1411 1017 ,
1458 950 1654 1007 Christi
1700 967 1886 1007 amore
1930 963 2112 1023 postea

522 1049 751 1112 exarsit,
782 1062 902 1102 cum
931 1045 1125 1102 solutis
1152 1042 1360 1114 capillis
1387 1056 1571 1098 sacros
1595 1042 1716 1098 illos
1744 1041 1912 1113 pedes
1938 1045 2111 1117 lacry-

434 1174 442 1183 -
527 1144 635 1199 mis
674 1139 899 1213 rigavit,
939 1152 1094 1195 coma
1121 1151 1218 1193 sua
1243 1137 1534 1203 abstersit,
1587 1147 1750 1207 atque
1781 1148 2111 1209 unguentum

524 1235 731 1290 eﬂ'udit.
761 1232 829 1288 Et
869 1232 986 1288 haec
1026 1231 1246 1302 quidem
1286 1228 1622 1286 extrinsecus
1649 1241 1798 1300 gesta
1828 1242 1986 1286 sunt:
2019 1231 2112 1288 illa

425 1324 434 1356 ‘
521 1342 673 1391 vero,
698 1341 821 1396 quae
846 1325 900 1379 in
931 1323 1114 1379 animo
1131 1322 1443 1393 agebantur,
1474 1320 1560 1376 his
1603 1321 1760 1393 longe
1797 1322 2108 1422 ardentiora

519 1427 695 1484 erant,
726 1433 848 1489 quae
871 1432 1014 1472 unus
1043 1414 1302 1471 cernebat
1328 1415 1492 1470 Deus.
1521 1415 1855 1487 Quapropter
1883 1417 2107 1488 quisque

517 1519 762 1564 nostrum
786 1507 906 1563 lucc
928 1507 1150 1562 audiens
1171 1547 1185 1571 ,
1215 1504 1618 1576 congratulatur
1645 1505 1782 1576 ipsi,
1809 1521 1875 1563 ac
1899 1507 1966 1563 de
1986 1507 2104 1578 ejus

516 1609 664 1654 recte
700 1599 856 1655 factis
891 1599 1135 1664 laetatur,
1172 1597 1427 1667 omnique
1451 1596 1679 1653 crimine
1703 1597 1927 1654 liberam
1953 1598 2102 1656 illam

517 1699 688 1760 putat.

577 1850 842 1922 Lacrymtc
865 1851 1009 1904 bona:
1034 1857 1081 1904 et
1108 1849 1254 1903 utiles
1279 1863 1414 1917 quin.
1456 1848 1610 1902 Risus
1646 1846 1920 1902 dissolutus
1967 1863 2092 1918 pro-

506 1942 987 2011 hibetur.—Qnod
1022 1943 1067 1998 si
1109 1943 1336 2012 nos,qui
1391 1941 1514 1996 mali
1559 1955 1765 2008 sumus,
1791 1940 1931 1996 hunc
1972 1940 2094 1996 cal-

503 2035 682 2090 culum
723 2035 964 2100 ferimus,
990 2035 1165 2104 cogita
1190 2042 1442 2102 quantam
1464 2033 1732 2103 acceperit
1757 2032 2006 2103 gratiam,
2038 2039 2094 2088 et

501 2138 696 2197 quanta
727 2141 792 2182 ex
822 2125 1135 2198 ptenttentia
1157 2165 1172 2189 ,
1205 2125 1366 2181 etiam
1409 2133 1698 2196 antequam
1744 2139 1964 2180 munera
1999 2123 2089 2182 illa

499 2217 788 2288 acciperet,
811 2231 841 2270 a
865 2216 980 2271 Deo
1005 2225 1328 2286 consequuta
1359 2217 1428 2271 sit
1450 2215 1610 2271 bona.
1634 2216 1782 2272 Sicut
1801 2216 1944 2271 enim
1967 2225 2090 2287 post

498 2309 844 2364 vehementes
871 2308 1070 2363 imbres
1098 2324 1193 2362 aer
1214 2323 1381 2379 purus
1405 2307 1657 2375 efficitur,
1684 2309 1764 2363 sic
1790 2318 1912 2380 post
1940 2308 2086 2366 fusas

495 2398 764 2470 lacrymas
783 2400 1023 2469 sequitur
1049 2399 1404 2469 tranquillitas
1431 2408 1487 2455 et
1521 2401 1802 2467 serenitas,
1830 2412 2084 2468 peccato-

491 2504 717 2561 rumque
738 2490 970 2546 tenebra:
990 2489 1256 2560 fugantur.
1278 2491 1344 2545 Et
1373 2491 1510 2546 sicut
1533 2507 1598 2547 ex
1619 2507 1752 2562 aqua
1778 2501 1834 2548 et
1859 2492 2080 2564 Spiritu,

491 2582 572 2637 sic
598 2597 667 2638 ex
697 2583 951 2655 lacrymis
991 2591 1046 2638 et
1077 2583 1411 2640 confessione
1449 2601 1755 2655 purgamur,
1785 2588 1945 2642 modo
1973 2605 2081 2645 non

487 2673 558 2726 ad
600 2674 1014 2729 ostentationem
1043 2684 1099 2730 et
1125 2673 1334 2730 laudem
1373 2675 1688 2744 captandam
1719 2678 1768 2732 id
1799 2679 2077 2737 faciamus.

488 2763 622 2818 Nam
662 2780 782 2834 quae
821 2765 922 2820 hac
953 2765 1022 2821 de
1063 2781 1224 2820 causa
1249 2765 1594 2837 lacrymatur,
1620 2769 1791 2839 magis
1817 2771 2078 2841 culpanda

487 2865 590 2922 est,
613 2872 770 2926 quam
801 2873 864 2912 ea
893 2873 1011 2927 quae
1037 2856 1158 2912 fuco
1186 2867 1240 2914 et
1266 2857 1549 2928 pigmentis
1574 2873 1697 2916 sese
1721 2861 1931 2918 oblinit.
1955 2862 2077 2920 lllas

484 2949 626 3002 enim
659 2950 870 3018 requiro
901 2949 1186 3020 lacrymas,
1234 2966 1354 3020 quae
1380 2965 1487 3006 non
1529 2951 1595 3006 ad
1638 2955 2074 3024 ostentationem,

482 3039 578 3095 sed
617 3039 682 3092 ad
723 3042 1188 3110 compunctionem
1237 3039 1546 3106 funduntur,
1597 3059 1716 3114 qua:
1763 3046 1972 3103 occulte
2015 3047 2070 3103 in

479 3130 736 3186 cubiculis
759 3131 906 3186 nullo
933 3141 1086 3198 teste,
1105 3147 1223 3202 quae
1243 3132 1423 3203 quiete
1441 3134 1561 3190 sine
1579 3136 1805 3206 strepitu
1827 3149 2065 3206 manant,

477 3239 598 3292 qua:
635 3240 700 3279 ex
747 3225 937 3279 intimo
981 3225 1177 3291 cordis,
1208 3241 1274 3280 ex
1315 3226 1604 3284 afflictione
1629 3239 1684 3283 et
1713 3229 1918 3297 dolore,
1949 3249 2068 3300 quae

475 3324 696 3384 propter
729 3316 893 3370 Deum
919 3317 1235 3372 emittuntur
1259 3335 1272 3371 :
1305 3319 1488 3386 quales
1513 3330 1669 3376 erant
1697 3323 1866 3378 Anna:
1895 3325 2068 3399 lacry-

477 3421 578 3458 tua:
604 3425 616 3459 :
645 3407 771 3476 Ejus
801 3407 943 3461 enim
988 3407 1121 3462 labia
1141 3449 1158 3475 ,
1183 3411 1355 3478 inquit
1373 3411 1673 3483 Scriptura,
1695 3416 2021 3472 movebantur
2044 3460 2062 3488 ,

472 3505 518 3548 et
543 3513 640 3550 non:
665 3515 765 3552 non
784 3502 1084 3556 audiebatur
1103 3503 1122 3575 (
1141 3506 1192 3558 1.
1218 3504 1344 3576 Reg.
1373 3509 1422 3560 1.
1447 3509 1514 3562 15
1532 3508 1573 3579 ).
1599 3508 1799 3566 Verum
1821 3513 2070 3584 lacrymre

472 3586 604 3639 sola:
644 3588 768 3642 tuba
799 3590 1082 3645 clariorem
1109 3594 1424 3648 emittebant
1452 3612 1658 3653 vocem.
1691 3599 1922 3672 Ideoque
1943 3605 2066 3660 vul-

472 3690 592 3730 vam
637 3678 754 3746 ejus
799 3681 1009 3748 aperuit
1051 3683 1214 3750 Deus,
1242 3693 1296 3739 et
1325 3686 1515 3743 durum
1568 3705 1756 3747 saxum
1788 3694 1844 3750 in
1872 3711 2061 3768 agrum

469 3764 698 3820 fertilem
742 3770 922 3823 vertit.

538 3857 594 3914 6.
623 3857 678 3912 Si
711 3867 765 3914 tu
793 3875 1005 3930 quoque
1031 3862 1111 3918 sic
1139 3863 1470 3937 lacrymeris,
1497 3870 1708 3928 Domini
1731 3875 1803 3930 tui
1829 3877 2063 3937 imitator

470 3947 692 4005 effectus
720 3966 798 4006 es.
826 3951 958 4007 Nam
983 3963 1035 4009 et
1066 3955 1180 4026 ipse
1207 3957 1528 4029 lacrymatus
1555 3973 1639 4018 est
1665 3975 1720 4020 et
1742 3966 1811 4022 de
1835 3969 2055 4040 Lazaro,

463 4039 608 4095 etde
635 4041 1066 4114 civitate(.loan.
1100 4047 1186 4102 tl.
1220 4048 1309 4104 55.
1355 4049 1484 4106 Luc.
1517 4053 1786 4128 19.41),
1834 4070 1889 4114 et
1916 4039 2056 4117 circa

461 4129 647 4186 ludam
695 4133 935 4188 turbatus
975 4145 1080 4192 est.
1134 4135 1367 4207 ldipsum
1396 4157 1557 4210 porro
1580 4144 1760 4201 videre
1789 4160 1871 4204 est
1911 4166 2055 4223 smpe

462 4220 774 4289 facientem,
803 4224 1065 4282 ridentem
1089 4242 1221 4283 vero
1245 4245 1528 4300 nusquam,
1554 4234 1660 4290 imo
1681 4253 1748 4292 ne
1767 4240 2052 4298 subriden-

458 4319 566 4366 tem
609 4313 825 4382 quidem
857 4331 871 4368 :
903 4316 1078 4373 nullus
1101 4328 1249 4374 certe
1276 4319 1378 4375 hoc
1414 4326 1738 4396 evangelista
1789 4335 2045 4389 narravit.

455 4400 689 4472 Ideoque
717 4415 772 4459 et
798 4405 1025 4461 Paulum
1051 4407 1285 4474 flevisse,
1322 4427 1386 4467 ac
1427 4427 1523 4482 per
1559 4417 1843 4476 triennium
1893 4434 2050 4481 nocte

454 4504 507 4549 et
535 4494 624 4550 die
644 4495 872 4566 idipsum
900 4498 1110 4566 fecisse,
1137 4511 1192 4555 et
1220 4503 1333 4572 ipse
1362 4513 1417 4559 ct
1440 4505 1528 4560 alii
1554 4506 1623 4562 de
1643 4509 1761 4579 ipso
1779 4525 1998 4571 narrant
2029 4533 2044 4571 :

453 4586 596 4656 quod
620 4598 798 4644 autem
830 4591 1010 4646 riserit
1048 4607 1146 4648 nec
1172 4594 1306 4664 ipse,
1335 4612 1436 4652 nec
1473 4599 1608 4654 alius
1641 4614 1951 4662 sanctorum
1978 4609 2047 4665 de

451 4677 570 4746 ipso
614 4678 769 4747 dixit,
800 4680 908 4740 imo
954 4697 1057 4738 nec
1093 4683 1164 4739 de
1195 4685 1315 4740 aliis
1357 4689 1457 4758 ipsi
1483 4691 1746 4748 similibus
1777 4713 1790 4750 :
1822 4695 1891 4752 de
1913 4697 2044 4755 Sara

451 4778 654 4826 tantum
685 4770 738 4826 id
769 4783 1040 4839 narratur.
1057 4778 1269 4847 quando
1306 4792 1548 4852 correpta
1587 4784 1718 4854 fuit;
1746 4797 1802 4843 et
1839 4789 1910 4846 de
1934 4792 2044 4850 filio

450 4858 598 4922 Noae,
623 4863 838 4931 quando
857 4879 926 4920 ea
945 4866 1116 4924 libero
1135 4885 1327 4926 servus
1346 4872 1569 4930 effectus
1587 4886 1690 4935 est.
1719 4878 1843 4937 Haec
1861 4892 2039 4942 autem

449 4951 596 5020 dico,
628 4968 736 5010 non
766 4965 822 5010 ut
849 4957 1015 5013 risum
1041 4975 1258 5028 prorsus
1280 4964 1571 5034 eliminem,
1603 4971 1698 5026 sed
1725 4983 1783 5028 ut
1807 4973 2039 5033 dissolu-

447 5045 647 5105 tionem
675 5051 910 5108 auferam
931 5053 1028 5127 (α).
1046 5055 1178 5124 Cur,
1200 5073 1406 5130 quaeso,
1430 5063 1502 5118 ita
1531 5066 1731 5134 gaudes
1757 5078 1813 5124 et
1835 5071 2038 5130 difﬂuis

523 5293 543 5324 ι
575 5295 650 5343 Sic
665 5299 772 5344 Mss.
797 5301 852 5345 et
869 5296 934 5346 ita
955 5297 1080 5361 legit
1101 5299 1333 5354 Atrianus.
1358 5305 1424 5356 At
1444 5307 1585 5358 Savil‘.
1611 5318 1664 5361 et
1691 5315 1877 5380 Morei.,
1900 5326 2046 5374 Deus.

506 5396 592 5475 te).
607 5397 785 5475 ,Ψηξεε
808 5402 1038 5475 mmet
1059 5403 1433 5475 ειξςςερείοωυεε
1447 5424 1544 5461 non
1567 5414 1735 5475 risum.
1760 5419 1848 5467 sed
1873 5419 2030 5472 disso-

446 5454 689 5509 lationem.
703 5454 783 5538 sic
804 5454 976 5538 etiam,
999 5454 1174 5538 ιιοῇιιίξζ
1193 5454 1263 5538 δέ
1273 5454 1547 5538 ’ᾗάῇῥὲἷί
1567 5454 1735 5538 ὲὲἰῖῖὲξ
1752 5454 2034 5535 ἆέὶέεἷίῖῗῖε

443 5529 601 5606 agens
622 5523 929 5584 mulieribus,
941 5523 1115 5589 quaem
1137 5529 1342 5580 theatris
1364 5523 1701 5586 histrionicaﬁm
1711 5523 2031 5606 éiéré‘é‘iiéiij

443 5581 534 5668 ξεει
558 5596 804 5668 ιεε
823 5581 1454 5668 amarum
1474 5610 1559 5668 τινες

441 5638 930 5732 Massagetae
951 5638 1388 5732 άξδωιάιεδῖωίέιῷ
1582 5638 2029 5732 summa:

443 5704 699 5767 confusio),
723 5707 834 5758 hinc
851 5704 959 5774 ipse
981 5711 1113 5766 locus
1134 5715 1200 5766 ad
1223 5704 1722 5775 ιὶιδείιήαήῖὶῆὶιὶἱᾶἧὲ.

2223 495 2302 542 tot
2330 488 2621 547 reddendis
2664 493 2926 550 obnoxius
2955 497 3270 565 rationibus,
3303 499 3392 571 qui
3425 506 3710 562 tremendo
3737 511 3814 566 illi

2221 582 2469 641 tribunali
2509 585 2777 644 sistendus
2801 604 2882 658 es,
2908 591 2976 647 de
3020 593 3124 648 tuis
3169 596 3415 652 omnibus
3457 599 3513 654 in
3551 599 3654 658 hac
3702 604 3812 660 vita

2216 675 2383 743 gestis
2425 676 2689 734 rationem
2730 690 2982 738 accurate
3015 681 3360 742 redditurus?
3383 687 3596 745 Etenim
3625 692 3696 748 de
3719 693 3828 778 iis,

2213 775 2334 832 quae
2362 765 2447 820 vel
2473 777 2664 836 sponte
2684 811 2701 837 ,
2729 772 2816 828 vel
2862 774 3008 830 inviti
3038 775 3284 845 fecimus,
3316 785 3580 842 rationem
3607 789 3808 848 redde~

2213 869 2335 910 mus
2362 872 2376 908 :
2409 855 2510 924 Qui
2535 860 2667 914 enim
2686 903 2701 925 ,
2751 862 2965 934 inquit,
2995 871 3246 940 negaverit
3272 889 3350 927 nte
3375 891 3546 932 coram
3583 881 3808 936 [contini-

2211 945 2326 1010 bus,
2359 959 2406 1002 et
2431 965 2522 1020 ego
2547 953 2736 1021 negabo
2762 971 2876 1010 eum
2899 975 3071 1014 coram
3115 959 3277 1018 Patre
3299 982 3409 1022 meo
3432 1008 3450 1035 ,
3475 971 3560 1040 qui
3587 973 3640 1026 in
3664 975 3810 1031 uelis

2209 1046 2281 1092 est
2312 1037 2548 1107 (Matth.
2583 1043 2674 1098 to.
2707 1046 2777 1103 εδ
2798 1049 2839 1118 ).
2869 1051 3031 1119 Atqui
3083 1053 3174 1108 illa
3222 1059 3435 1127 negatio
3471 1037 3806 1142 [aliquando]

2208 1142 2316 1182 non
2345 1129 2644 1187 voluntaria
2671 1146 2774 1202 est,
2806 1147 2862 1193 et
2891 1148 3068 1198 tamen
3096 1145 3414 1217 supplicium
3445 1129 3552 1208 non
3583 1129 3803 1228 effugit;

2212 1217 2438 1290 ejusque
2479 1221 2726 1281 dabimus
2755 1243 2962 1298 poenas,
2991 1241 3046 1288 et
3075 1242 3182 1290 tam
3210 1252 3398 1295 eorum
3427 1257 3547 1313 qua:
3574 1217 3800 1318 scimus,

2203 1324 2362 1380 quam
2389 1327 2578 1369 eorum
2601 1331 2721 1386 qure
2755 1322 3023 1379 nescimus
3052 1342 3066 1379 :
3093 1325 3244 1383 Nihil
3263 1332 3394 1385 enim
3418 1334 3541 1389 mihi
3569 1340 3802 1396 conscius

2199 1416 2332 1466 sum,
2364 1402 2557 1473 inquit,
2584 1409 2676 1461 sed
2701 1411 2880 1466 nonin
2907 1413 3004 1468 hoc
3033 1416 3350 1487 justi/iratus
3394 1439 3507 1478 sum
3530 1424 3622 1497 (1.
3671 1429 3794 1487 Cor.

2199 1492 2256 1548 4.
2284 1493 2389 1565 4);
2416 1497 2531 1553 sive
2555 1497 2860 1570 ignorantes
2889 1506 3002 1563 sive
3023 1510 3254 1568 scientes
3282 1492 3563 1584 peccemus
3586 1535 3602 1576 :
3627 1519 3794 1578 Testi—

2198 1585 2426 1638 monium
2451 1587 2585 1643 euim
2608 1590 2711 1645 illis
2752 1595 3009 1665 perhibeo,
3040 1599 3244 1670 inquit,
3273 1605 3392 1676 quia
3419 1611 3794 1670 mulationem

2198 1672 2292 1729 Dei
2315 1677 2519 1748 habent,
2537 1683 2626 1734 sed
2646 1699 2748 1738 non
2765 1688 3039 1742 secundum
3059 1672 3320 1749 scientiam
3340 1697 3362 1767 (
3383 1697 3540 1754 Rom.
3573 1703 3662 1759 10.
3688 1703 3725 1758 2
3743 1706 3788 1777 ).

2169 1765 2393 1824 'Verum
2426 1769 2478 1825 id
2519 1771 2624 1828 illis
2649 1775 2716 1829 ad
2747 1780 3118 1848 purgationem
3165 1801 3270 1840 non
3315 1765 3536 1846 sufficit.
3590 1765 3790 1850 Coriri-

2199 1857 2324 1914 thiis
2367 1868 2547 1918 autem
2595 1865 2838 1924 scribens
2879 1870 3056 1927 aiebat
3085 1890 3101 1926 :
3138 1873 3310 1932 Timeo
3337 1897 3400 1935 ue
3422 1883 3552 1937 sicut
3575 1901 3790 1957 serpens

2193 1950 2357 2007 Evam
2403 1956 2603 2011 seduxit
2651 1962 2840 2015 astutia
2884 1980 3003 2030 sua,
3046 1967 3120 2020 sic
3167 1985 3559 2042 corrumpantur
3607 1995 3787 2036 sensus

2189 2046 2361 2112 uestri,
2391 2056 2441 2101 et
2461 2049 2694 2104 excidant
2717 2067 2750 2106 a
2777 2053 3100 2125 simplicitate
3122 2075 3238 2130 qua:
3271 2072 3344 2116 est
3383 2065 3436 2118 in
3462 2067 3662 2124 Christo
3683 2070 3783 2142 (ἢ.

2187 2137 2307 2194 Cor.
2353 2141 2440 2196 11.
2470 2141 2562 2214 5).
2595 2143 2698 2200 Tot
2745 2154 3121 2221 tantorumque
3167 2153 3464 2214 facinorum
3514 2137 3792 2222 rationem

2185 2231 2513 2298 redditurus,
2545 2235 2702 2292 sedes
2730 2239 2931 2308 ridens,
2963 2243 3190 2300 urbanas
3221 2247 3439 2306 facetias
3465 2253 3778 2324 proferens,

2184 2332 2243 2377 et
2269 2323 2525 2394 voluptati
2555 2327 2874 2399 indulgens?
2903 2332 3006 2388 Sed
3032 2336 3078 2389 si
3109 2335 3162 2391 id
3185 2353 3289 2394 non
3315 2341 3514 2407 fecero.
3545 2323 3778 2417 inquies,

2187 2416 2236 2470 si
2281 2416 2490 2485 luxeru,
2521 2435 2642 2489 qua:
2693 2424 2826 2478 mihi
2878 2424 3002 2482 hinc
3050 2429 3285 2486 utilitas?
3313 2433 3476 2491 Multa
3520 2416 3669 2506 salte,
3721 2452 3780 2498 et

2179 2517 2326 2564 tanta
2353 2521 2606 2581 quantam
2635 2516 2901 2586 explicare
2929 2535 3034 2574 non
3075 2525 3295 2592 possim.
3341 2526 3398 2582 ln
3424 2531 3774 2591 saecularibus

2177 2601 2321 2656 enim
2347 2601 2584 2672 judiciis,
2609 2611 2948 2677 quantumvis
2978 2613 3179 2682 plores,
3214 2632 3320 2672 non
3372 2619 3599 2693 effugies
3643 2640 3776 2697 sup-

2178 2691 2397 2761 plicium
2424 2705 2544 2766 post
2567 2698 2727 2753 latam
2753 2703 3109 2771 sententiam;
3147 2705 3236 2762 hic
3277 2725 3428 2776 vero.
3473 2691 3518 2768 si
3545 2691 3773 2785 ingemic

2177 2795 2298 2848 scas
2347 2794 2578 2853 tantum,
2607 2793 2927 2863 sententiam
2966 2796 3208 2862 solviSIi,
3240 2809 3295 2854 ct
3336 2803 3543 2859 veniam
3573 2821 3772 2865 consc-

2177 2878 2380 2946 queris.
2410 2878 2640 2950 Ideoque
2658 2882 2726 2938 de
2753 2885 2896 2940 luctu
2922 2902 3064 2956 smpe
3090 2888 3336 2948 Christus
3366 2910 3461 2950 nos
3490 2899 3766 2968 admonet,

2176 2976 2228 3031 et
2246 2983 2339 3025 eos
2359 2970 2450 3041 qui
2468 2972 2647 3042 lugent
2667 2974 2850 3031 beatos
2870 2977 3148 3048 praedicat,
3172 2981 3291 3037 illos
3312 3000 3440 3040 vero
3456 2989 3542 3058 qui
3568 2990 3767 3061 rident,

2175 3060 2404 3117 miseros
2431 3061 2691 3118 declarat.
2745 3066 2860 3122 Hoc
2902 3070 3100 3140 quippe
3145 3073 3408 3131 theatrum
3458 3097 3563 3135 non
3596 3060 3768 3142 risum

2173 3148 2403 3206 admittit
2426 3172 2440 3207 :
2466 3171 2640 3227 neque
2665 3159 2788 3216 ideo
2810 3149 3179 3244 convenimus,
3199 3185 3256 3228 ut
3279 3175 3569 3236 cachinnans
3587 3183 3763 3240 effun-

2171 3238 2384 3311 damus,
2415 3247 2510 3301 sed
2540 3257 2598 3303 ut
2619 3265 2920 3321 gemamus,
2951 3241 3112 3331 atque
3135 3279 3201 3320 ex
3226 3268 3529 3337 huiusmodi
3557 3238 3761 3345 gemitu

2170 3334 2318 3403 regni
2373 3337 2722 3398 hereditatem
2771 3350 3160 3410 nanciscamur.
3206 3334 3454 3418 Tu‘vero
3490 3365 3537 3420 si
3559 3334 3760 3427 coram

2169 3419 2496 3492 lmperatore
2545 3435 2778 3501 steteris,
2823 3455 2894 3496 ne
2935 3442 3214 3502 subridere
3239 3451 3459 3520 quidem
3486 3457 3756 3516 audebis:

2167 3523 2223 3578 et
2248 3517 2419 3586 ipsum
2446 3525 2757 3593 angelorum
2785 3529 3065 3590 Dominum
3094 3537 3238 3595 domi
3258 3517 3470 3603 habens
3497 3563 3604 3606 non
3641 3562 3757 3609 stas

2167 3614 2406 3666 tremens
2433 3628 2554 3669 cum
2595 3617 2854 3675 modestia
2893 3623 3126 3695 decenti,
3155 3632 3247 3687 sed
3276 3635 3424 3694 rides
3464 3639 3560 3695 illo
3587 3644 3754 3701 etiam

2165 3711 2310 3770 stupe
2337 3702 2512 3760 irato?
2539 3723 2638 3764 nec
2664 3713 2868 3782 cogitas
2899 3725 2951 3772 te
2975 3717 3122 3774 illum
3153 3725 3322 3796 magis
3347 3728 3412 3784 ad
3458 3731 3591 3788 iram
3617 3751 3753 3792 con-

2162 3790 2330 3846 citare
2356 3795 2482 3851 dum
2522 3798 2638 3856 hinc
2682 3804 2796 3873 agis
2819 3845 2832 3868 ,
2864 3823 3022 3876 quam
3053 3811 3179 3868 dum
3208 3790 3398 3885 peccas
3418 3821 3442 3874 2
3464 3822 3580 3880 Non
3606 3790 3756 3884 enim

2161 3882 2234 3938 ita
2259 3898 2570 3955 peccatores
2596 3907 2875 3952 aversatur
2907 3900 3066 3970 Deus,
3099 3915 3156 3960 ut
3178 3882 3272 3964 eos
3299 3913 3388 3981 qui
3417 3925 3535 3983 post
3562 3933 3756 3987 pecca-

2162 3983 2274 4032 tum
2303 3993 2407 4034 non
2431 3996 2550 4038 sese
2570 3985 2841 4043 cohibent.
2863 3993 3109 4050 Attamen
3133 3998 3202 4054 ita
3223 4011 3350 4057 sunt
3365 3983 3581 4074 quidam
3601 4015 3754 4070 omni

2157 4082 2317 4126 sensu
2351 4075 2522 4141 vacui,
2554 4085 2610 4132 ut
2635 4090 2754 4148 post
2778 4081 2893 4138 haec
2918 4087 3097 4144 audita
3125 4092 3286 4148 verba
3315 4097 3495 4155 dicant
3525 4119 3540 4156 :
3570 4104 3749 4174 Absit,

2158 4171 2218 4216 ut
2247 4179 2498 4235 umquam
2536 4169 2801 4243 lacrymas
2831 4174 3067 4247 fundam,
3093 4183 3222 4240 mihi
3248 4202 3378 4245 vero
3402 4191 3456 4246 id
3483 4169 3750 4255 concedat

2154 4251 2299 4308 Deus
2319 4295 2335 4322 ,
2381 4264 2440 4311 ut
2464 4273 2680 4330 semper
2715 4263 2919 4320 rideam
2950 4279 3006 4324 et
3034 4271 3232 4329 ludam.
3278 4276 3416 4346 Quid
3441 4251 3750 4354 hujusmodi

2152 4345 2474 4414 cogitatione
2495 4351 2790 4408 infantius?
2824 4356 2940 4413 Non
2963 4361 3104 4418 enim
3129 4364 3271 4423 Deus
3294 4345 3347 4424 id
3373 4370 3466 4428 dat
3490 4345 3550 4430 ut
3586 4377 3744 4434 luda-

2152 4447 2292 4500 mus,
2326 4437 2420 4492 sed
2449 4438 2714 4496 diabolus.
2764 4446 2902 4501 Audi
2933 4448 3089 4518 igitur
3125 4455 3253 4524 quid
3282 4461 3422 4528 passi
3452 4463 3562 4518 sint
3588 4466 3624 4521 ii
3651 4470 3747 4538 qui
3801 4489 3813 4499 ·

2151 4523 2406 4582 ludebant
2436 4546 2451 4584 :
2482 4530 2650 4596 Sedit,
2681 4535 2872 4607 inquit,
2903 4542 3123 4610 populus
3146 4523 3456 4609 manducare
3479 4564 3528 4608 et
3554 4523 3746 4626 bibere,

2147 4623 2199 4668 et
2223 4630 2554 4675 surrexerunt
2577 4621 2752 4680 ludere
2772 4626 2792 4698 (
2811 4626 2977 4684 Exod.
3001 4632 3089 4687 52.
3113 4635 3205 4706 6).
3229 4637 3386 4698 Tales
3403 4655 3558 4702 erant
3574 4621 3747 4704 Sodo;

2148 4705 2314 4776 mitte,
2346 4709 2478 4765 tales
2505 4712 2666 4768 etiam
2705 4715 2780 4771 illi
2831 4727 3073 4791 tempore
3121 4725 3328 4785 diluvii.
3371 4731 3505 4790 Nam
3533 4737 3602 4793 de
3630 4739 3746 4798 illis

2148 4795 2364 4868 dicitur,
2393 4799 2460 4856 In
2497 4805 2765 4876 superbia,
2795 4811 2850 4865 in
2892 4818 3252 4888 prosperitate,
3282 4833 3332 4877 et
3381 4826 3434 4882 in
3476 4833 3743 4891 saturitate

2146 4905 2340 4959 panum
2387 4894 2583 4952 deliciis
2629 4901 2895 4972 afﬂuebant
2920 4904 2941 4979 (
2963 4907 3153 4966 Ezech.
3185 4912 3273 4970 16.
3305 4917 3377 4974 49
3393 4921 3434 4990 ).
3475 4921 3554 4978 Illi
3602 4941 3736 4984 vero

2145 4982 2232 5051 qui
2263 4993 2502 5056 tempore
2527 4987 2657 5045 Noa:
2684 5005 2839 5050 erant
2858 5037 2873 5061 ,
2900 5011 3024 5053 cum
3053 5015 3148 5070 per
3178 5013 3256 5060 tot
3280 4982 3450 5066 annos
3494 5021 3737 5076 construi

2144 5088 2324 5131 arcam
2353 5079 2616 5150 viderent,
2645 5087 2765 5143 sine
2807 5089 2912 5144 ulla
2937 5106 3065 5148 cura
3094 5096 3177 5151 vel
3204 5113 3366 5156 sensu
3396 5104 3732 5180 la:tabantur,

2143 5165 2276 5222 nihil
2319 5169 2390 5225 de
2431 5171 2625 5230 futuris
2677 5178 2840 5235 rebus
2889 5184 3312 5254 prospicientes;
3344 5193 3572 5269 ideoque
3782 5239 3801 5287 κ

2143 5272 2324 5287 mm.-.
2358 5260 2608 5287 ,ιειηηιημ
2643 5268 2818 5287 ---ι
2889 5271 2921 5287 .,
3011 5284 3019 5287 Α

2143 5272 2327 5315 versos
2355 5260 2612 5320 diluvium
2640 5268 2946 5342 submersit,
2971 5284 3026 5331 et
3050 5291 3336 5341 commune
3349 5260 3499 5344 orbis
3515 5293 3733 5352 naufra-

2141 5349 2286 5419 gium
2318 5363 2445 5408 tunc
2473 5355 2670 5412 effecit.

2207 5559 2258 5612 7.
2301 5557 2452 5616 Dona
2475 5559 2574 5617 Dei
2605 5578 2720 5634 quis
2743 5565 2864 5621 sint.
2896 5566 3171 5640 Vigilantia
3196 5590 3346 5646 quam
3373 5580 3546 5647 utilis;
3570 5600 3723 5655 quam

2136 5657 2289 5713 noxia
2334 5659 2522 5716 theatri
2569 5668 2877 5733 spectacula.
2901 5671 3072 5728 -Nc
3128 5675 3306 5746 itaque
3355 5681 3441 5738 illa
3490 5694 3641 5755 petas
3691 5703 3723 5743 a

2134 5748 2276 5816 Deo,
2304 5767 2425 5820 qua:
2467 5769 2501 5810 a
2542 5753 2756 5816 diabolo
2780 5761 3001 5835 accipis.
3027 5764 3163 5823 Nam
3187 5769 3283 5827 Dei
3308 5783 3392 5829 est
3409 5817 3424 5841 ,
3467 5748 3598 5836 dare
3625 5797 3720 5838 cor
