4078 6372
318 368 389 419 ϐ’)
1455 364 1521 419 IN
1559 361 1902 419 ΜᾹΊἼΊΙΑἎ

2014 360 2251 417 ΙΙΟΜΙΙ...
2289 361 2379 418 Vl.
3518 366 3588 421 70

318 473 495 538 μένων
547 467 783 539 δακρύῃ.
812 468 911 520 Διά
950 465 1110 519 τοῦτο
1164 463 1272 537 πρὸ
1318 463 1427 518 τῶν
1474 465 1650 519 ἄλλων
1685 464 1908 528 τούτους

312 560 657 630 ἐμακάριζεν
687 564 717 614 ὁ
751 560 884 624 Θεὸς
905 561 972 624 ⁵⁸,
1002 558 1293 625 Μακάριοι
1327 561 1381 611 οι
1410 558 1796 623 πενθοῦντες,
1824 558 1910 610 λέ·-

305 669 443 719 γων.
476 653 590 705 Kal
626 653 748 716 πιῖις
781 656 810 705 ὁ
848 650 1063 714 Παῦλός
1116 667 1279 721 φησιν
1322 650 1569 717 Χαίρετε
1602 648 1672 702 ἐν
1709 651 1910 717 Κυρίῳ

306 745 601 808 πάν-τοτοῖ
629 745 743 816 Τὴν
778 747 842 798 ἐκ
861 744 972 797 τῶν
992 742 1243 814 δακρύων
1263 741 1472 796 τούτων
1493 741 1665 810 λέγων
1689 741 1904 812 ἡδονήν.

308 838 527 907 Ὠσπερ
547 837 658 909 γάρ
681 838 715 907 ἡ
737 837 825 890 διὰ
853 836 1057 903 κόσμον
1086 834 1232 906 χαρά
1257 832 1437 905 λύπην
1466 832 1576 905 ἔχει
1604 833 1907 903 συγκεκλη-

309 931 587 1002 ρωμένην,
624 928 767 983 οὕτω
786 929 855 981 τὰ
884 928 1026 981 κατὰ
1060 926 1195 981 Θεὸν
1231 926 1443 999 δάκρυα
1467 924 1644 998 χαρὰν
1672 924 1909 995 βλαστάο

308 1039 393 1076 νει
422 1020 655 1092 διηνεκῆ
682 1021 777 1074 καὶ
802 1020 1140 1092 ἀμάραντον.
1164 1017 1323 1073 Οὕτω
1359 1020 1454 1073 καὶ
1483 1020 1518 1090 ἡ
1559 1016 1733 1088 πόρνη
1761 1032 1906 1088 πιρ-

312 1113 481 1166 θένων
542 1112 763 1180 ἐγένετο
811 1113 1149 1183 σεμνοτέρα,
1183 1110 1358 1182 τούτῳ
1387 1110 1784 1181 κατασχεθείσα
1829 1108 1909 1179 τῷ

312 1202 463 1275 πυρί.
508 1203 733 1274 Ἐπειδὴ
763 1203 873 1275 γάρ
891 1201 1258 1274 διεθερμάνθη
1278 1204 1344 1273 τῇ
1373 1200 1651 1272 μετανοίᾳ,
1682 1198 1908 1265 ἐξεϐακ-

313 1292 479 1363 χεύθη
502 1292 694 1345 λοιπὸν
713 1291 791 1362 τῷ
817 1293 945 1363 περὶ
971 1292 1064 1345 τὸν
1102 1290 1338 1363 Χριστὸν
1369 1290 1544 1360 πόθῳ,
1570 1289 1671 1352 τάς
1716 1289 1909 1362 τρίχας

305 1384 532 1450 λύουσα,
565 1384 662 1437 καὶ
702 1386 829 1446 τοὺς
861 1384 1051 1453 ἀγίους
1068 1386 1111 1420 ⁸⁷
1152 1383 1425 1454 βρέχουσα
1454 1382 1622 1445 πόδας
1663 1383 1774 1444 τοῖς
1807 1380 1907 1434 δά-

309 1492 494 1547 κρυσι,
526 1476 623 1528 καὶ
666 1478 787 1539 cal;
834 1476 994 1540 ἰδίαις
1025 1476 1224 1540 αὐτοὺς
1256 1475 1657 1547 ἀπομάσσουσα
1683 1472 1905 1543 κόμαις,

314 1579 404 1630 καὶ
425 1576 490 1629 τὸ
522 1580 696 1647 μύρον
720 1574 973 1628 κενοῦσα.
996 1574 1105 1627 Kal
1130 1574 1303 1628 ταῦτα
1329 1575 1427 1646 μὲν
1450 1574 1669 1629 ἄπαντα
1698 1572 1897 1638 ἔξωθεν

313 1670 523 1739 ἐγίνετο
544 1685 559 1698 ·
588 1668 659 1720 τά
677 1668 733 1720 δὲ
763 1669 822 1720 ἐν
839 1669 905 1738 τῇ
937 1665 1142 1738 διανοίᾳ
1168 1666 1466 1738 τελούμενα
1490 1665 1669 1737 πολλῷ
1695 1665 1901 1721 τούτων

316 1761 630 1832 θερμότερα
653 1753 743 1829 ἦν,
771 1758 819 1791 ⁸⁸
841 1756 878 1812 ἃ.
912 1756 1070 1828 μόνος
1097 1756 1259 1821 αὐτὸς
1295 1756 1521 1810 ἔϐλεπεν
1556 1757 1586 1809 0
1615 1756 1768 1819 Θεός.
1800 1756 1900 1810 Διά

314 1852 377 1921 δὴ
402 1850 565 1904 τοῦτο
588 1851 820 1912 ἕκαστος
842 1850 890 1881 ⁸⁹
933 1847 1167 1913 ἀκούων,
1197 1849 1479 1920 συγχαίρει
1504 1865 1564 1901 τε
1594 1849 1755 1921 αὐτῇ,
1803 1847 1902 1901 καὶ

316 1942 668 2012 εὐφραίνεται
709 1942 823 2004 τοῖς
850 1939 1065 2009 ἐκείνης
1098 1938 1515 2010 κατορθώμασι,
1552 1939 1649 1993 καὶ
1682 1940 1904 1994 πάντων

315 2034 650 2089 ἀπαλλάττει
680 2032 789 2085 τῶν
820 2032 1182 2103 ἐγκλημάτων
1211 2031 1403 2101 αὐτήν.

388 2128 450 2179 Εἰ
484 2126 543 2179 δὲ
580 2126 742 2195 ἡμεῖς
762 2124 812 2177 οί
834 2125 1060 2195 πονηροὶ
1083 2121 1286 2193 ταύτην
1320 2122 1558 2194 φέρομεν
1579 2120 1676 2194 τὴν
1698 2120 1902 2193 ψῆφον,

320 2217 580 2287 ἐννόησον
635 2216 780 2278 τίνος
836 2214 1114 2269 ἀπέλαυσε
1167 2214 1323 2285 παρά
1369 2212 1464 2267 τοῦ
1519 2213 1902 2285 φιλανθρώπου

316 2309 479 2375 Θεοῦ,
512 2310 603 2363 καὶ
633 2308 797 2373 πόσα,
824 2308 920 2360 ml
950 2307 1057 2378 πρὸ
1081 2306 1190 2361 τῶν
1222 2307 1317 2360 τοῦ
1353 2307 1487 2360 Θεοῦ
1517 2308 1755 2375 δωρεων,
1792 2304 1903 2359 ἀπὸ

314 2401 418 2471 τῆς
445 2399 735 2471 μετανοίας
776 2397 892 2471 [96]
928 2399 1291 2469 ἐκαρπώσατο
1320 2400 1502 2469 ἀγαθά
1532 2400 1599 2452 ⁸⁸.
1636 2398 1904 2468 Καθάπερ

317 2493 429 2562 γάρ
461 2491 623 2544 ὑετοῦ
681 2490 1123 2562 καταρραγέντος
1178 2491 1412 2562 σφοδροῦ
1456 2489 1641 2563 αἰθρία
1694 2490 1905 2558 γίνεται

318 2582 559 2653 καθαρά,
602 2582 744 2635 οὕτω
783 2582 877 2634 καὶ
901 2582 1150 2652 δακρύων
1182 2582 1639 2653 καταφερομένων
1696 2582 1903 2653 γαλήνη

318 2674 530 2742 γίνεται
562 2673 657 2725 καὶ
690 2671 860 2734 εὐδία,
890 2672 983 2725 xal
1017 2670 1076 2725 τὸ
1105 2674 1170 2725 ἐκ
1195 2671 1304 2724 τῶν
1336 2672 1747 2742 ἁμαρτημάτων
1774 2673 1909 2741 ἀφα-

319 2764 525 2828 νίζεται
557 2763 765 2825 σκότος.
807 2763 918 2815 Καὶ
947 2762 1137 2832 ὥσπερ
1165 2762 1224 2826 ἐξ
1246 2761 1437 2826 ὕδατος
1457 2763 1549 2815 καὶ
1572 2762 1903 2833 πνεύματος,

318 2855 495 2918 οὓτως
516 2855 624 2907 ἀπὸ
652 2854 903 2925 δακρύων
934 2855 1029 2907 καὶ
1053 2854 1497 2925 ὲξομολογήσεως
1531 2853 1905 2925 καθαιρόμεθα

322 2949 506 3011 πάλιν,
538 2946 605 3000 ἂν
637 2946 712 3017 μὴ
738 2947 871 3017 πρὸς
895 2946 1153 3010 ἐπίδειξιν
1179 2946 1340 2999 τοῦτο
1369 2946 1611 3019 ποιῶμεν
1648 2949 1741 3000 καί
1772 2948 1907 3018 πρὸς

322 3040 654 3112 φιλοτιμίαν.
694 3039 805 3109 Τὴν
850 3040 958 3108 γάρ
989 3037 1135 3091 οὕτω
1162 3038 1503 3111 δακρύουσαν
1548 3039 1649 3109 τῆς
1690 3039 1902 3092 καλλω-

324 3130 623 3199 πιζομένης
659 3128 754 3182 καὶ
771 3130 814 3160 ⁶¹
836 3129 1177 3199 ὑπογραφαῖς
1207 3130 1300 3182 καὶ
1320 3129 1686 3200 ἐπιτρίμμασι
1705 3129 1907 3199 μᾶλλον

323 3218 749 3289 κατηγορεῖσθαι
800 3217 967 3288 φαίην
1023 3218 1090 3271 ἂν
1140 3214 1280 3271 εἶναι
1321 3218 1546 3273 δίκαιον.
1606 3220 1748 3289 Ἐγὼ
1799 3221 1908 3292 γὰρ

322 3312 504 3363 ἐκεῖνα
540 3309 690 3380 ζητῶ
719 3309 789 3362 τὰ.
824 3310 1033 3381 δάκρυα
1064 3312 1132 3364 τά
1173 3313 1246 3381 μὴ
1274 3312 1411 3381 πρὸς
1441 3311 1698 3375 ἐπίδειξιν
1720 3352 1734 3374 ,
1772 3312 1908 3365 ἀλλά

328 3402 464 3472 πρὸς
500 3400 798 3464 κατάνυξιν
848 3401 1143 3471 γινόμεναο
1184 3402 1252 3456 τὰ
1308 3401 1483 3473 λάθρα
1536 3404 1631 3456 καί
1686 3404 1745 3455 ἐν
1796 3404 1908 3466 τοῖς

321 3493 620 3565 ταμιείοις,
670 3493 766 3547 καὶ
820 3495 1051 3564 μηδενὸς
1104 3493 1364 3565 ὁρῶντος,
1418 3494 1535 3548 ἀλλ’
1578 3496 1765 3567 ἡρέμα
1815 3495 1909 3548 καὶ

324 3586 565 3658 ἀψοφητὶ
590 3585 884 3650 στάζονταο
912 3585 983 3639 τά
1008 3587 1115 3640 ἀπὸ
1146 3586 1341 3656 βάθους
1364 3587 1620 3650 διανοίας,
1656 3587 1724 3640 τά
1749 3590 1807 3640 ἐν
1830 3586 1909 3657 τῷ

327 3678 604 3732 θλίϐεσθαι
632 3678 727 3731 καὶ
751 3678 1062 3746 ὀδυνᾶσθαι,
1090 3679 1159 3731 τὰ
1182 3678 1271 3732 διὰ
1301 3679 1390 3732 τὸν
1415 3680 1546 3733 Θεὸν
1573 3680 1731 3750 μόνον
1763 3680 1910 3749 γινό-

330 3787 488 3841 μενα,
522 3766 613 3823 οἷα
630 3769 699 3822 τά
729 3769 831 3838 τῆς
867 3770 1065 3839 Ἀννης
1094 3764 1161 3840 ἦν
1180 3784 1195 3799 °
1243 3770 1318 3823 Τὰ
1347 3770 1459 3838 τὰρ
1491 3771 1665 3839 χείλη
1696 3769 1905 3838 αὐτῆς,

326 3863 515 3933 φησὶν,
545 3861 817 3924 ἐκινεῖτο,
852 3861 952 3915 καὶ
986 3862 1024 3929 ἠ
1053 3859 1223 3929 φωνὴ
1252 3860 1443 3930 αὐτῆς
1484 3864 1594 3916 οὐκ
1628 3862 1903 3930 ἠκούετο.

321 3966 488 4019 Ἀλλά
511 3968 579 4021 τὰ
605 3967 817 4039 δάκρυα
848 3968 985 4039 μόνα
1015 3969 1311 4037 σάλπιγγος
1338 3969 1719 4041 λαμπροτέραν
1744 3968 1892 4040 ἠφίει

309 4060 517 4129 φωνήν.
568 4060 667 4112 Διά
712 4058 778 4130 δὴ
824 4059 986 4112 τοῦτο
1033 4062 1126 4114 καὶ
1161 4062 1260 4131 τὴν
1315 4062 1529 4131 μήτραν
1581 4060 1818 4130 ἀνέῳξεν
1867 4062 1897 4113 0

309 4149 465 4212 Θεὸς,
523 4150 619 4202 καὶ
668 4149 768 4221 τὴν
819 4150 1061 4221 σκληρὰν
1128 4151 1335 4223 πέτραν
1386 4151 1601 4224 ἁπαλὴν
1654 4151 1895 4224 ἄρουραν

311 4240 627 4311 είργάσατο.

380 4331 455 4397 ς’.
469 4334 567 4384 Ἂν
582 4330 726 4383 οὕτω
745 4330 839 4384 καὶ
856 4331 1017 4395 αὐτὸς
1034 4331 1242 4403 δακρύῃ
1252 4350 1293 4398 ς,
1321 4333 1563 4405 μιμητὴς
1584 4331 1678 4387 τοῦ
1700 4332 1898 4386 Δεστιό⁶

308 4440 405 4475 του
446 4440 541 4475 σου
567 4422 821 4491 γέγονας.
855 4422 967 4476 Kal
996 4422 1105 4493 γὰρ
1140 4424 1236 4476 καὶ
1278 4424 1439 4487 αὐτὸς
1473 4425 1761 4495 ἐδάκρυσε,
1801 4425 1897 4477 καὶ

308 4515 403 4567 ἐπὶ
444 4514 695 4585 Λαζάρου
727 4515 823 4567 καὶ
850 4515 943 4567 ἐπὶ
965 4515 1063 4585 τῆς
1091 4515 1320 4578 πόλεως,
1344 4518 1439 4569 καί
1474 4517 1568 4569 ἐπὶ
1598 4515 1691 4569 τοῦ
1728 4515 1895 4569 Ἰούδα

306 4607 660 4678 διεταράχθη.
685 4607 797 4660 Kal
824 4605 981 4660 τοῦτο
1004 4607 1103 4678 μὲν
1136 4608 1390 4670 πολλάκις
1418 4607 1562 4661 ἐστιν
1592 4607 1720 4661 ἰδεῖν
1736 4606 1896 4659 αὐτὸν

306 4698 589 4762 ποιοῦντα,
621 4698 864 4766 γελῶντα
888 4698 945 4752 δέ
976 4698 1211 4769 οὐδαμοῦ
1240 4716 1253 4728 '
1287 4699 1402 4752 ἀλλ’
1449 4699 1571 4752 οὐδέ
1603 4698 1895 4769 μειδιῶντα

303 4792 525 4861 ἠρέμα·
559 4789 757 4843 οὐκοῦν
798 4790 907 4842 τῶν
950 4790 1354 4859 εὐαγγελιστῶν
1392 4790 1565 4854 οὐδεὶς
1592 4793 1638 4823 ⁸³
1679 4791 1893 4861 εἴρηκε.

306 4883 406 4936 Διά
432 4880 592 4935 τοῦτο
611 4882 705 4933 καί
724 4881 957 4945 Παῦλος,
985 4882 1186 4953 ὅτιμὲν
1213 4882 1501 4954 ἐδάκρυσε,
1535 4883 1626 4936 καὶ
1652 4882 1894 4952 τριετίαν

308 4972 480 5025 νύκτα
513 4970 610 5025 καὶ
644 4971 857 5042 ἡμέραν
884 4970 1042 5024 τοῦτο
1071 4972 1265 5034 ἐποίει,
1301 4974 1396 5026 καὶ
1426 4973 1587 5036 αὐτὸς
1615 4974 1742 5044 περὶ
1776 4975 1897 5025 ἐαυ-

310 5061 426 5122 τοῦ,
460 5060 558 5113 καὶ
589 5061 767 5131 ἕτεροι
800 5062 928 5132 περὶ
979 5062 1142 5116 αὐτοῦ
1192 5063 1349 5118 τοῦτο
1396 5064 1674 5133 λέγουσιν·
1724 5064 1805 5117 ὅτι
1837 5063 1895 5117 δὲ

310 5155 596 5223 ἐγέλασεν,
627 5155 865 5226 οὐδαμοῦ
888 5156 1011 5210 οὔτε
1053 5157 1217 5221 αὐτὸς
1250 5157 1493 5229 εἴρηκεν,
1523 5157 1647 5211 οὔτε
1670 5158 1714 5189 ⁸³
1737 5156 1896 5222 ἄλλος

308 5247 429 5300 οὐδὲ
472 5243 555 5311 εἷς
586 5247 695 5301 τῶν
728 5249 918 5317 ἁγίων,
970 5249 1095 5303 οὔτε
1126 5250 1256 5323 περί
1302 5249 1498 5305 ἑαυτοῦ
1522 5290 1538 5313 ,
1598 5248 1723 5303 οὐτε
1767 5251 1896 5322 περὶ

310 5339 498 5410 ἐτέρου
548 5340 696 5402 τινὸς
749 5340 992 5395 τοιούτου
1029 5358 1045 5373 ο
1093 5340 1204 5413 [9η
1244 5342 1381 5395 ἀλλὰ
1421 5344 1467 5381 ⁸⁸
1513 5342 1640 5413 περὶ
1673 5341 1895 5412 Σάρρας

313 5431 482 5503 μόνης
513 5432 674 5485 τοῦτο
700 5431 935 5504 εἴρηται,
958 5433 1121 5504 ἡνίκα
1147 5432 1453 5504 ἐπετιμήθη
1474 5448 1487 5461 '
1519 5433 1613 5485 καὶ
1641 5432 1771 5503 περὶ
1796 5430 1893 5484 τοῦ

309 5523 430 5576 υίοῦ
456 5524 605 5587 Νῶε,
653 5525 742 5577 ὅτε
799 5527 918 5579 ἀντ’
952 5524 1238 5595 ἐλευθέρου
1283 5525 1470 5589 δοῦλος
1518 5524 1731 5593 γέγονε.
1783 5524 1895 5579 Kal

306 5613 482 5668 ταῦτα
519 5615 688 5684 λέγω,
710 5615 773 5668 οὐ
796 5614 890 5668 τὸν
921 5614 1135 5683 γέλωτα
1161 5616 1466 5681 ἐκκόπτων,
1494 5614 1630 5669 ἀλλὰ
1648 5614 1746 5686 τὴν
1772 5615 1893 5669 διά-

312 5721 469 5773 χυσιν
514 5705 775 5774 ἀναιρῶν.
811 5705 969 5769 Τίνος
1003 5705 1113 5776 γὰρ
1136 5705 1341 5771 ἕνεκεν,
1362 5705 1486 5760 εἰπέ
1529 5724 1639 5778 μοι,
1669 5706 1888 5780 θρύπτῃ

386 5818 437 5894 'f
458 5815 614 5894 Θεὸς]
642 5817 899 5894 Χριστός,
929 5816 1043 5894 ῥυ.
1069 5816 1219 5894 ξίεη..
1239 5888 1255 5894 -
1281 5819 1327 5894 θ’
1358 5814 1571 5894 ἀγίου-ς]
1591 5816 1896 5894 ειίάκαύτοῦ

2198 5818 2328 5894 ⁸⁸³⁸31]
2346 5821 2438 5894 καὶ
2462 5820 2644 5894 ἰ-ίιίειῃ.
2672 5892 2679 5894 ξ
2720 5822 2768 5855 ⁸⁹
2800 5821 3053 5894 ἕκαστος]
3076 5823 3201 5894 add.

2018 466 2111 518 καὶ
2139 467 2441 545 διαρῤέεις,
2461 472 2748 536 τοσαύταις
2773 475 3024 539 εὐθύναις
3040 478 3222 551 ἔνοχος
3253 481 3328 537 ὦν
3354 484 3456 549 ἔτι,
3497 491 3592 539 καὶ

2016 556 2233 629 φοϐερῷ
2269 561 2478 629 μέλλων
2522 567 2972 636 παραστήσεσθαι
3001 572 3045 602 ⁸⁵
3092 572 3447 647 δικαστηρίῳ.
3497 579 3596 632 καὶ

2018 648 2233 704 πάντων
2259 654 2518 724 παρέχειν
2548 656 2705 725 λόγον
2732 661 2871 729 μετὰ
2893 662 3179 733 ἀκριϐείας
3208 666 3318 719 τῶν
3358 669 3594 724 ἐνταῦθα

2013 743 2428 814 γεγενημένων;
2463 749 2572 802 Kal
2602 750 2712 822 γὰρ
2735 746 2811 807 ὧν
2835 755 3052 820 ἑκόντες
3073 758 3169 812 καὶ
3197 753 3272 812 ὧν
3292 762 3339 792 ⁸⁸
3365 761 3594 827 ἄκοντες

2011 831 2351 905 ἡμάρτομεν,
2383 836 2626 909 δώσομεν
2654 840 2841 910 λόγον·
2888 845 2985 912 Ὃς
3010 845 3121 915 γὰρ
3145 847 3223 902 ἂν
3250 849 3594 919 ἀρνήσηταί

2003 937 2110 995 με,
2176 927 2339 996 φησὶν
2361 966 2376 992 ,
2450 928 2794 1000 ἔμπροσθεν
2844 932 2965 990 τῶν
3014 937 3342 1008 ἀνθρώπων
3366 979 3382 1006 ,
3428 939 3591 1012 κάγὼ

2010 1026 2347 1097 ἀρνήσομαι
2391 1030 2578 1083 αὑτὸν
2606 1029 2947 1100 ἔμπροσθεν
2972 1034 3080 1088 τοῦ
3128 1037 3357 1103 Πατρός
3375 1054 3518 1105 μου.
3542 1039 3587 1069 ⁸⁷

2011 1116 2270 1186 Καίτοιγε
2296 1118 2548 1185 ἀκούσιος
2579 1121 2613 1191 ἡ
2652 1121 2878 1192 τοιαύτη
2922 1124 3173 1195 ἄρνησις,
3201 1126 3316 1179 ἀλλ’
3345 1127 3496 1198 ὅμως
3526 1128 3588 1182 οὐ

2009 1205 2292 1277 διαφεύγει
2338 1210 2439 1280 τὴν
2490 1211 2748 1277 κόλασιν,
2784 1213 2921 1267 ἀλλὰ
2957 1215 3053 1269 καὶ
3096 1215 3298 1288 ταύτης
3338 1217 3590 1288 διδόαμεν

2010 1297 2273 1364 εὐθύνας·
2308 1301 2402 1354 καὶ
2418 1294 2493 1355 ὧν
2525 1302 2705 1373 ἴσμεν,
2735 1303 2831 1357 καὶ
2862 1297 2939 1357 ὧν
2968 1304 3014 1336 ⁸⁸
3042 1304 3143 1358 οὐκ
3166 1305 3325 1376 ίσμεν
3347 1322 3362 1336 ·
3396 1305 3590 1361 Οὐδὲν

2010 1388 2122 1457 τὰρ
2155 1388 2391 1459 ἐμαυτῷ
2437 1392 2705 1455 σύνοιδα,
2741 1393 2929 1464 φησὶν,
2971 1394 3111 1449 ἀλλ’
3141 1396 3253 1449 οὐκ
3298 1395 3370 1449 ἐν
3398 1397 3589 1464 τούτῳ

2008 1478 2405 1551 δεδικαίωμαι.
2448 1482 2559 1536 Kal
2588 1476 2665 1537 ὧν
2694 1483 2833 1537 κατά
2861 1485 3105 1553 ἄγνοιαν,
3134 1484 3230 1539 καὶ
3263 1482 3338 1540 ὧν
3368 1487 3412 1519 "
3446 1487 3588 1541 κατά

2008 1572 2210 1643 γνῶσιν
2230 1589 2245 1606 ο
2277 1573 2569 1643 Μαρτυρῶ
2600 1576 2711 1645 γὰρ
2767 1576 2994 1644 αὐτοῖς,
3042 1577 3243 1648 φησὶν,
3283 1577 3373 1631 ὅτι
3405 1577 3589 1647 ζῆλον

2014 1665 2165 1721 Θεοῦ
2190 1668 2463 1737 ἔχουσιν,
2486 1668 2624 1721 ἀλλ’
2661 1668 2734 1722 οὐ
2755 1669 2882 1721 κατ’
2900 1669 3230 1738 ἐπίγνωσιν
3247 1685 3262 1701 ο
3295 1670 3408 1723 ἀλλ’
3438 1669 3587 1739 ὅμως

2007 1759 2107 1812 οὐκ
2122 1760 2284 1830 ἀρκεῖ
2299 1759 2457 1813 τοῦτο
2487 1760 2568 1822 είς
2595 1760 2889 1828 ἀπολογίαν
2914 1761 3117 1824 αὐτοῖς.
3142 1762 3252 1814 Kal
3280 1760 3586 1832 Κορινθίοις

2007 1850 2065 1904 δὲ
2105 1851 2433 1905 ἐπιστέλλων
2466 1851 2620 1919 ἐλεγε
2643 1868 2658 1881 ·
2692 1852 2987 1920 Φοϐοῦμαι
3017 1851 3227 1921 μήπως
3258 1852 3341 1916 ὡς
3369 1855 3402 1905 d
3450 1852 3587 1921 ὄφις

2006 1940 2391 2009 ἐξηπάτησεν
2422 1940 2590 1995 Εὕαν
2624 1941 2695 1994 ἐν
2720 1938 2797 2010 τῇ
2834 1941 3166 2009 πανουργίᾳ
3195 1940 3402 2002 αὐτοῦ,
3432 1940 3586 1995 οὕτω

2005 2029 2204 2100 φθαρῇ
2231 2031 2302 2085 τὰ
2326 2028 2595 2098 νοήματα
2626 2029 2793 2100 ὑμῶν
2825 2030 2942 2084 ἀπὸ
2970 2028 3082 2097 τῆς
3108 2030 3450 2097 ἁπλότητος
3474 2028 3585 2099 τῆς

2002 2124 2092 2186 εἰς
2134 2120 2241 2175 τὸν
2276 2122 2557 2189 Χριστόν.
2614 2120 2897 2174 Τοσούτων
2928 2122 3107 2174 τοίνυν
3141 2121 3349 2191 μέλλων
3385 2120 3585 2174 διδόναι

2004 2214 2254 2281 εὐθύνας,
2285 2215 2426 2286 κάθῃ
2459 2214 2654 2284 γελῶν,
2686 2215 2780 2268 καὶ
2825 2216 3016 2268 ἀστεῖα
3045 2213 3239 2282 λέγων,
3282 2215 3376 2267 καὶ
3403 2217 3581 2286 τρυφῇ

2003 2309 2320 2381 προσέχων;
2355 2309 2455 2360 “Av
2491 2307 2601 2378 γὰρ
2643 2306 2717 2378 μὴ
2744 2305 2916 2359 ταῦτα
2947 2306 3176 2377 ποιήσω,
3212 2305 3401 2376 φησὶν,
3444 2305 3583 2359 ἀλλά

2005 2401 2280 2472 πενθήσω,
2309 2399 2362 2452 τί
2389 2399 2448 2452 τὸ
2475 2398 2698 2468 όφελοςς
2728 2397 2997 2465 Μέγιστον
3035 2396 3131 2466 μὲν
3160 2392 3252 2449 οὖν
3276 2435 3292 2459 ,
3332 2398 3426 2449 καὶ
3454 2413 3583 2449 τοσ-

2000 2491 2159 2546 οῦτον
2222 2491 2346 2544 ὅσον
2407 2489 2528 2544 οὐδε⁹
2599 2488 2678 2561 τῷ
2727 2487 2872 2558 λόγῳ
2933 2489 3281 2558 παραστῆσαι
3338 2486 3581 2541 δυνατόν.

2014 2581 2139 2634 Ἐπί
2167 2581 2263 2652 μὲν
2301 2580 2409 2651 γὰρ
2434 2578 2539 2632 τῶν
2562 2578 2760 2643 ἔξωθεν
2786 2577 3174 2649 δικαστηρίων,
3226 2577 3329 2630 ὅσα
3377 2576 3445 2631 ἂν
3486 2578 3582 2631 δα-

2002 2674 2231 2747 κρύσῃς,
2268 2674 2370 2726 οὐκ
2420 2672 2658 2744 ἐκφεύξῃ
2687 2671 2788 2741 τὴν
2837 2670 3060 2723 κόλασιν
3105 2670 3243 2739 μετά
3293 2668 3392 2740 τὴν
3443 2670 3582 2722 ἀπό-

2002 2785 2166 2837 φασιν
2193 2785 2206 2798 ·
2237 2765 2470 2819 ἐνταῦθα
2497 2765 2573 2829 δὲ,
2606 2764 2672 2817 ἂν
2713 2762 3022 2836 στυγνάσῃς
3057 2762 3236 2832 μόνον,
3266 2760 3461 2825 ἔλυσας
3481 2762 3580 2833 τὴν

2000 2861 2201 2930 ψῆφον,
2232 2861 2325 2912 καί
2357 2856 2684 2928 συγγνώμης
2743 2855 2857 2928 [98]
2903 2855 3233 2918 ἀπέλαυσας.
3287 2854 3385 2907 Διά
3423 2854 3582 2909 τοῦτο

2005 2952 2177 3005 πολλά
2209 2952 2338 3022 περὶ
2372 2950 2601 3011 πένθους
2633 2950 2765 3019 ἡμῖν
2801 2950 2830 3001 0
2867 2948 3099 3019 Χριστὸς
3127 2945 3451 3013 διαλέγεται,
3482 2946 3580 2999 καὶ

2003 3044 2296 3117 μακαρίζει
2351 3041 2476 3106 τοὺς
2534 3039 2908 3103 πενθοῦντας,
2972 3038 3067 3093 καὶ
3121 3037 3397 3101 ταλανίζει
3447 3036 3579 3101 τοὺς

1999 3133 2293 3203 γελῶντας.
2326 3132 2399 3185 Οὐ
2428 3132 2536 3203 γάρ
2582 3133 2698 3185 ἐστι
2728 3131 2788 3183 τὸ
2828 3130 3055 3202 θέατρον
3104 3128 3260 3181 τοῦτο
3315 3128 3577 3196 γέλωτος,

1998 3226 2119 3279 οὐδέ
2138 3224 2226 3278 διά
2256 3224 2414 3277 τοῦτο
2442 3222 2795 3293 συνήλθομεν,
2828 3221 2913 3274 ἵνα
2939 3218 3430 3289 ἀνακαγχάζωμεν,
3461 3218 3578 3271 ἀλλ’

2001 3316 2089 3371 Eva
2124 3314 2467 3386 στενάζωμεν
2492 3313 2564 3382 ⁷⁸,
2598 3314 2693 3368 καί
2719 3312 2998 3382 βασιλείαν
3046 3313 3111 3365 ἐκ
3138 3311 3232 3364 τοῦ
3273 3309 3577 3380 στεναγμοῦ

1989 3405 2178 3457 τούτου
2228 3406 2745 3477 κληρονομήσωμεν.
2788 3402 2860 3455 Σὺ
2913 3401 2971 3454 δὲ
3023 3401 3235 3471 βασιλεῖ
3286 3404 3384 3474 μὲν
3432 3422 3573 3475 παρ-

1989 3493 2184 3558 εστὼς,
2202 3495 2323 3548 οὐδὲ
2353 3496 2539 3559 ἁπλῶς
2571 3494 2849 3564 μειδιᾶσαι
2873 3492 3061 3563 ἀνέχῃ·
3091 3494 3183 3546 τὸν
3206 3494 3261 3547 δὲ
3290 3493 3398 3547 τῶν
3410 3494 3575 3563 ἀγγέ-

1989 3585 2096 3639 λων
2126 3587 2403 3657 Δεσπότην
2431 3586 2568 3656 έχων
2596 3585 2801 3638 ἐνοικον
2832 3584 2931 3654 οὐχ
2952 3585 3187 3656 ἕστηκας
3214 3586 3352 3655 μετά
3370 3586 3573 3657 τρόμου

1991 3677 2087 3732 καὶ
2133 3678 2176 3709 ⁷¹
2219 3678 2571 3750 σωφροσύνης
2620 3677 2723 3745 τῆς
2770 3675 3176 3746 προσηκούσης,
3213 3676 3348 3730 ἀλλά
3384 3676 3572 3748 γελᾷς.

1991 3768 2157 3822 αὐτοῦ
2197 3768 2454 3831 πολλάκις
2491 3767 2847 3839 ὀργιζομένου
2866 3783 2880 3831 ;
2905 3767 2997 3819 καὶ
3017 3768 3117 3820 οὐκ
3137 3769 3339 3832 ἐννοεῖς
3364 3770 3447 3822 ὅτι
3466 3770 3578 3822 τῶν

1993 3861 2404 3932 ἁμαρτημάτων
2426 3859 2599 3931 ταύτῃ
2637 3859 2899 3929 μειζόνως
2919 3859 3245 3930 παροξύνεις
3272 3861 3469 3925 αὐτόν;
3496 3860 3577 3917 Οὐ

1992 3952 2101 4025 γὰρ
2152 3953 2296 4007 οὕτω
2344 3954 2473 4017 τοὺς
2522 3951 2958 4022 ἁμαρτάνοντας,
3006 3950 3081 4015 ὠς
3131 3952 3256 4014 τοὺς
3309 3950 3448 4021 μετὰ
3478 3950 3579 4022 τὴν

1992 4046 2267 4116 ἁμαρτίαν
2299 4044 2372 4115 μὴ
2396 4042 2847 4113 συστελλομένους
2876 4042 3309 4113 ἀποστρέφεσθαι
3335 4041 3523 4094 είωθεν
3550 4044 3582 4095 0

1992 4137 2143 4200 Θεὸς.
2184 4137 2321 4189 Ἀλλ’
2355 4137 2502 4206 ὅμως
2525 4133 2698 4198 οὔτως
2726 4134 2863 4186 εἰσὶν
2893 4132 3234 4203 ἀναισθήτως
3266 4133 3411 4196 τινὲς
3458 4132 3581 4186 δια-

1993 4229 2261 4298 κείμενοι,
2290 4228 2364 4291 ώς
2389 4228 2482 4281 καὶ
2519 4227 2659 4297 μετά
2682 4225 2856 4279 ταῦτα
2883 4225 2949 4279 τὰ
2979 4227 3199 4296 ῥήματα
3221 4226 3428 4293 λέγειν·
3452 4225 3581 4296 ἐμοὶ

1993 4323 2051 4377 δὲ
2084 4322 2158 4393 μὴ
2189 4321 2398 4388 γένοιτο
2445 4318 2710 4391 δακρῦσαί
2761 4335 2890 4371 ποτε
2910 4356 2926 4381 ,
2970 4317 3109 4370 ἀλλά
3141 4317 3252 4387 δῴη
3290 4335 3378 4387 μοι
3410 4317 3581 4389 γελᾷν

1995 4414 2090 4467 καὶ
2118 4412 2331 4475 παίζειν
2355 4414 2383 4465 ὁ
2411 4410 2544 4474 Θεὸς
2574 4411 2752 4465 πάντα
2778 4411 2869 4464 τὸν
2898 4409 3109 4480 χρόνον.
3144 4410 3254 4463 Καὶ
3284 4408 3337 4462 τί
3370 4409 3577 4480 ταύτης

1994 4508 2094 4574 τῆς
2123 4502 2359 4567 διανοίας
2388 4500 2781 4572 παιδικώτερον
2810 4501 3004 4571 γένοιτ’
3035 4503 3131 4568 av;
3172 4504 3234 4556 οὐ
3267 4503 3376 4574 γὰρ
3396 4506 3425 4557 0
3449 4503 3584 4567 Θεὸς

1996 4596 2180 4649 δίδωσι
2237 4593 2472 4658 παίζειν,
2523 4594 2637 4647 ἀλλ’
2665 4595 2692 4647 0
2729 4593 2994 4658 διάϐολος.
3034 4596 3299 4649 ’Ἄκουσον
3346 4595 3498 4665 γοῦν,
3531 4596 3585 4649 οἱ

1996 4688 2282 4753 παίζοντες
2329 4686 2383 4739 τί
2442 4686 2677 4740 ἕπαθονυ
2730 4687 3041 4753 Ἐκάθισε,
3100 4688 3285 4758 φησὶν,
3338 4691 3372 4742 ὁ
3431 4688 3584 4753 λαὸς

1996 4778 2210 4848 φαγεῖν
2240 4778 2339 4834 καί
2360 4776 2539 4841 πιεῖν,
2575 4776 2675 4832 καί
2700 4776 3053 4845 ἀνέστησαν
3073 4778 3319 4839 παίζειν.
3339 4778 3586 4833 Τοιοῦτοι

1994 4867 2134 4942 ἦσαν
2172 4874 2219 4924 οἰ
2262 4871 2318 4923 ἐν
2348 4869 2619 4941 Σοδόμοις,
2669 4869 2905 4923 τοιοῦτοι
2950 4872 2999 4924 οἱ
3054 4872 3149 4925 ἐπὶ
3179 4871 3275 4924 τοῦ
3305 4870 3583 4925 κατακλυ-

1999 4964 2157 5034 σμοῦ.
2214 4963 2324 5017 Kal
2364 4963 2474 5036 γὰρ
2522 4965 2617 5017 καὶ
2672 4964 2801 5033 περὶ
2846 4964 3070 5017 ἐκείνων
3120 4966 3303 5035 φησὶν,
3332 4962 3463 5017 Ὀτι
3514 4963 3592 5016 ἐν

1998 5057 2396 5125 ὑπερηφανίᾳ,
2428 5055 2529 5109 καὶ
2558 5055 2628 5109 ἐν
2658 5056 2986 5123 εὐθηνίαις,
3020 5055 3117 5109 καί
3150 5056 3220 5109 ἐν
3255 5051 3588 5125 πλησμονῇ

1999 5147 2193 5218 ἄρτων
2228 5147 2605 5202 ἐσπατάλων.
2638 5147 2746 5200 Kal
2778 5147 2826 5200 οἱ
2854 5148 2995 5201 κατά
3036 5146 3127 5200 τὸν
3153 5146 3277 5200 Νῶε
3312 5146 3463 5210 ὄντες
3487 5145 3587 5217 τὴν

2003 5241 2234 5295 κιϐωτὸν
2261 5240 2356 5293 ἐπὶ
2384 5241 2658 5302 τοσούτοις
2679 5240 2725 5270 ⁷⁸
2756 5239 2988 5309 ὁρῶντες
3033 5237 3590 5309 κατασκευαζομένην

2005 5332 2197 5396 ἐτεσιν,
2212 5332 2529 5403 ἀναλγήτως
2551 5329 2921 5400 εὐφραίνοντο,
2956 5331 3121 5402 μηδὲν
3144 5330 3254 5385 τῶν
3281 5329 3589 5401 μελλόντων

2008 5420 2403 5493 προορώμενοι.
2440 5420 2539 5474 Διά
2586 5419 2744 5474 τοῦτο
2798 5421 2892 5473 καὶ
2935 5420 3139 5486 πάντας
3185 5420 3381 5484 αὐτοὺς
3429 5420 3588 5473 ἐπελο

2004 5512 2112 5567 θὼν
2153 5514 2462 5584 παρέσυρεν
2509 5514 2538 5567 0
2582 5513 2985 5585 κατακλυσμὸς,
3022 5513 3118 5566 καὶ
3156 5513 3219 5567 τὸ
3261 5512 3440 5567 κοινὸν
3486 5512 3589 5582 τῆς

2003 5605 2324 5676 οἰκουμένης
2352 5605 2608 5673 ναυάγιον
2639 5605 2759 5659 τότε
2793 5605 3108 5679 εἰργάσατο.

2077 5696 2143 5762 ζ’.
2182 5697 2275 5768 Μὴ
2300 5698 2479 5751 τοίνυν
2507 5696 2649 5751 αίτει
2676 5696 2828 5768 παρά
2854 5696 2950 5750 τοῦ
2978 5693 3113 5750 Θεοῦ
3139 5694 3336 5761 ταῦτα,
3368 5694 3405 5751 ἃ
3435 5693 3588 5767 παρά

3215 5824 3373 5895 ἡμῶν
3393 5825 3581 5885 iidem.

314 5890 358 5921 “
391 5885 612 5960 ἀγαθάἶ
630 5885 992 5965 τάἀγαθάιί).
1054 5888 1257 5965 Σίκα-ἱ]
1276 5892 1332 5965 ἐν
1358 5888 1483 5965 Sav.
1510 5885 1639 5965 Βιεῃ.
1663 5960 1674 5965 _
1691 5886 1902 5965 f’000g

2001 5889 2157 5965 τοῦτο
2179 5885 2352 5965 οὐδεὶς
2384 5890 2442 5965 ί).
2471 5890 2529 5943 Ε.
2548 5892 2723 5965 οὐδεὶς
2746 5892 2903 5965 τοῦτο
2930 5892 2990 5947 F.
3012 5885 3052 5894 θ’
3068 5893 3115 5924 ⁸³
3138 5885 3288 5965 οὐτέι
3312 5896 3445 5952 Edd.
3466 5897 3585 5952 οὐδὲ

312 5967 366 6011 et
396 5974 519 6012 mox
540 5956 684 6030 ⁸περὶ
706 5958 872 6030 αὐτοῦ
902 5958 1029 6030 (Ιιρε
1052 5957 1136 6030 F.)
1161 5956 1503 6030 vid._Adnot.
1580 5956 1624 5987 "‘
1653 5956 1813 6030 ἄλλα]
1840 5959 1953 6012 ἁλλ’

314 6030 439 6083 add.
470 6027 566 6081 τοῦ
596 6023 657 6081 ἐν
684 6029 933 6098 οὐρανοῖς
964 6023 1129 6083 ΕιίιΙ.’
1202 6032 1246 6062 ⁸⁸
1269 6023 1343 6083 ὧν
1373 6046 1481 6084 om.
1516 6032 1579 6083 A.

1980 5960 2030 6036 ﬂ
2053 5959 2132 6036 ἰν,⁵
2267 5960 2635 6036 παρίστασθαι
2664 5960 2729 6036 F1
2789 5963 2836 5994 ’³⁵
2865 5959 2941 6036 ὧν
2967 5959 3306 6036 om.A.B.C.
3381 5968 3423 5998 ⁸⁷
3458 5966 3581 6036 μουῖ

1681 6032 1726 6064 ⁶⁹
1756 6024 1830 6084 ὧν
1862 6044 1972 6083 om.
2002 6024 2069 6082 Ἀ.
2096 6031 2157 6084 Β.
2191 6030 2250 6084 (Ζ.
2288 6029 2347 6082 Ι).

2449 6032 2495 6062 τ⁰
2537 6031 2880 6108 εέτξνςίξωμεῖ
2915 6034 2969 6088 Β·
2998 6035 3061 6089 (ὶ-
3136 6037 3181 6108 “,
3220 6031 3584 6108 μεῖᾷξτρόμού

316 6098 427 6170 καὶ]
452 6099 672 6170 τρέμων
706 6100 799 6154 καί
832 6100 968 6171 μετὰ
995 6100 1195 6172 τρόμου
1230 6100 1394 6178 Edd.]
1426 6101 1591 6171 φόϐου
1622 6099 1687 6159 Γ.
1763 6103 1806 6136 ⁷²
1840 6100 1931 6154 ἐπὶ
1962 6099 2253 6166 τοσούτοις.
2284 6144 2296 6155 .
2325 6141 2334 6156 .
2372 6101 2569 6173 ἔτεσιν]
2596 6103 2688 6156 ἐπὶ
2723 6098 2993 6161 τοσοῦτον.
3013 6147 3059 6163 ..
3090 6098 3277 6178 χρόνον
3306 6098 3441 6163 Εύιί.
