4090 6366
510 407 571 464 7|
1196 413 1271 478 _S.
1306 413 1588 473 JOANNIS
1624 414 2106 473 CIIRYSOSTOMI
2144 418 2462 477 ARCIIIEP.
2501 416 3042 476 CONSTANTINOP.
3695 432 3762 488 72

513 521 610 574 τοῦ
640 519 891 574 διαϐόλου
925 521 1247 592 λαμϐάνεις.
1274 522 1383 576 Τοῦ
1413 524 1524 595 γάρ
1544 523 1703 589 Θεοῦ,
1735 524 1922 578 δοῦναι
1948 540 2085 595 καρ⁹

512 603 632 660 δίαν
651 607 1124 676 συντετριμμένην
1139 607 1234 661 καὶ
1257 608 1759 680 τεταπεινωμένην,
1783 610 2084 680 νήφουσαν,

515 687 905 758 σωφρονοῦσαν
947 691 1041 744 καὶ
1072 692 1539 764 κατεσταλμένην,
1588 692 1963 762 μετανοοῦσαν
1989 693 2087 746 καὶ

513 772 1018 843 κατανενυγμένην,
1054 775 1242 829 Ταῦτα
1283 775 1498 829 ἐκείνου
1553 775 1623 830 τὰ
1663 776 1815 848 δῶρα
1839 815 1856 839 ,
1899 776 2086 846 ἐπειδὴ

513 857 609 909 καὶ
637 855 828 910 τούτου
854 858 985 926 ἡμῖν
1025 858 1186 928 χρεία
1222 858 1337 931 [99]
1371 860 1634 929 μάλιστα.
1668 860 1782 913 Καὶ
1803 859 1912 931 γὰρ
1935 860 2086 928 ἀγὼν

511 938 784 1008 ἐφέστηκε
807 939 1065 1008 χαλεπὸς,
1086 941 1182 993 καὶ⁸
1203 941 1340 1013 πρὸς
1361 944 1462 1006 τάς
1491 943 1758 1014 ἀοράτους
1779 944 1913 1014 ¹ἡμῖν
1935 943 2087 997 δυνά-

514 1041 638 1094 μεις
679 1027 712 1095 ἡ
745 1025 913 1093 πάλη,
950 1027 1088 1094 πρὸς
1129 1026 1198 1080 τά
1235 1030 1589 1098 πνευματικά
1620 1029 1718 1099 τῆς
1759 1029 2024 1100 πονηρίας
2049 1032 2084 1100 ἠ

512 1111 685 1180 μάχη,
705 1111 841 1183 πρὸς
865 1110 964 1174 τὰς
984 1110 1180 1182 ἀρχὰς,
1207 1112 1343 1182 πρὸς
1367 1113 1464 1173 τὰς
1489 1113 1742 1179 ἐξουσίας
1765 1113 1793 1164 6
1820 1113 2083 1183 πόλεμοςο

511 1197 607 1250 καὶ
642 1195 924 1267 ἀγαπητὸν
960 1197 1362 1261 σπουδάζοντας
1391 1198 1541 1269 ἡμᾶς
1570 1198 1666 1251 καὶ
1693 1200 1962 1269 νήφοντας
1992 1199 2088 1251 καὶ

511 1279 974 1350 διεγηγερμένους
1001 1320 1016 1344 ,
1056 1279 1356 1351 δυνηθῆναι
1406 1281 1506 1353 τὴν
1547 1283 1752 1352 ἀγρίαν
1801 1281 2019 1351 ἐκείνην
2039 1281 2086 1312 ⁷³

511 1363 770 1431 φάλαγγα
793 1365 1059 1431 ἐνεγκεῖν.
1079 1363 1178 1417 Ἂν
1201 1363 1256 1416 δέ
1277 1364 1526 1435 γελῶμεν
1550 1367 1645 1418 καὶ
1666 1364 1973 1435 παίζωμεν,
1991 1363 2086 1416 καὶ

509 1446 802 1509 διαπαντὸς
835 1447 1192 1517 ρᾳθυμῶμεν,
1231 1447 1324 1500 καὶ
1365 1449 1473 1518 πρὸ
1519 1448 1624 1517 τῆς
1658 1447 1938 1518 συμϐολῆς
1982 1446 2087 1499 ὑπὸ

509 1530 611 1599 τῆς
655 1530 868 1593 οἰκείας
919 1530 1384 1600 καταπεσούμεθα
1430 1531 1724 1602 ῥᾳθυμίας.
1779 1530 1860 1586 Οὐ
1907 1530 2086 1586 τοίνυν

511 1613 786 1684 ἡμέτερον
827 1613 889 1667 τὸ
922 1615 1088 1685 γελᾷν
1141 1614 1410 1686 διηνεκῶς
1466 1617 1562 1668 καὶ
1593 1615 1934 1684 θρύπτεσθαι
1989 1614 2088 1668 καὶ

510 1698 744 1767 τρυφᾷν,
777 1697 917 1750 ἀλλὰ
948 1697 1056 1750 τῶν
1101 1699 1195 1751 ἐπὶ
1246 1698 1477 1769 σκηνῆς,
1527 1699 1636 1754 τῶν
1674 1699 2086 1771 πορνευομένων

511 1785 806 1854 γυναικῶν,
838 1785 948 1839 τῶν
978 1786 1056 1848 εἰς
1083 1785 1245 1838 τοῦτο
1276 1785 1632 1857 ἐξυρημένων
1649 1785 1696 1816 ⁷⁸
1720 1785 1953 1858 ἀνδρῶν,
1976 1783 2088 1837 τῶν

511 1869 855 1940 παρασίτων,
887 1867 997 1922 τῶν
1029 1868 1315 1922 κολάκων
1353 1871 1416 1923 ού
1458 1871 1568 1923 τῶν
1598 1870 1693 1923 ἐπὶ
1736 1869 1827 1924 τὸν
1857 1869 2087 1940 οὐρανὸν

510 1951 678 2022 κεκλη
689 1953 888 2022 μένων,
912 1952 970 2004 οὐ
1001 1951 1110 2004 τῶν
1150 1953 1228 2015 είς
1253 1952 1353 2022 τὴν
1376 1952 1489 2006 ἀνω
1511 1953 1666 2006 πόλιν
1698 1953 2087 2026 ἐγγεγραμμέ-

513 2055 643 2100 νων,
672 2038 731 2090 ού
777 2037 886 2090 τῶν
915 2035 1055 2090 ὅπλα
1099 2037 1479 2106 βασταζόντων
1529 2037 1881 2108 πνευματικά
1901 2078 1916 2104 ,
1949 2037 2088 2091 ἀλλά

509 2120 620 2175 τῶν
651 2121 729 2191 τῷ
791 2120 1025 2191 διαϐόλῳ
1068 2121 1435 2190 τελουμένων.
1477 2121 1716 2184 Ἐκεῖνος
1758 2121 1868 2193 γάρ
1914 2121 2083 2186 ἐστιν,

508 2205 738 2266 ἐκεῖνος.
768 2207 796 2257 6
841 2205 936 2258 καὶ
973 2205 1170 2274 τέχνην
1196 2206 1255 2256 16
1280 2205 1515 2274 πρᾶγμα
1547 2205 1810 2274 ποιήσας,
1843 2204 1930 2257 ἵνα
1959 2204 2086 2266 τοὺς

509 2286 850 2358 στρατιώτας
879 2289 1083 2360 ἐκλύσῃ
1103 2288 1147 2318 ⁷⁸
1167 2285 1262 2340 τοῦ
1293 2285 1556 2358 Χριστοῦ,
1587 2287 1683 2340 καὶ
1718 2285 2086 2358 μαλακώτερα

509 2370 689 2425 αὐτῶν
718 2372 920 2442 ποιήσῃ
957 2375 1054 2440 τῆς
1100 2370 1416 2441 προθυμίας
1457 2370 1526 2423 τά
1556 2370 1744 2440 νεῦρα,
1788 2372 1888 2425 Διά
1925 2370 2086 2425 τοῦτο

510 2455 607 2509 καὶ
640 2454 843 2526 θέατρα
889 2455 1244 2525 ᾠκοδόμησεν
1287 2456 1346 2506 ἐν
1389 2457 1509 2518 ταῖς
1560 2455 1775 2518 πόλεσι,
1819 2455 1914 2509 καὶ
1957 2456 2085 2519 τοὺς

508 2538 908 2608 γελωτοποιοὺς
937 2539 1182 2602 ἐκείνους
1211 2539 1480 2610 ἀσκήσας,
1502 2539 1589 2593 διά
1608 2539 1707 2609 τῆς
1735 2541 1962 2594 ἐκείνων
1987 2540 2084 2594 λύ-

513 2639 624 2693 μης
664 2622 807 2676 κατὰ
847 2625 946 2690 τῆς
983 2622 1195 2685 πόλεως
1235 2622 1457 2693 ἀπάσης
1490 2623 1580 2675 16v
1608 2623 1850 2677 τοιοῦτον
1887 2625 2085 2696 ἐνσκή-

508 2705 915 2774 πτειτθλοιμόνο
938 2705 974 2759 ἃ.
996 2704 1218 2773 φεύγειν
1233 2706 1483 2769 ὀΠαῦλος
1498 2706 1888 2778 ἐκέλευσε,τὴν
1909 2725 2088 2779 μωρο-

509 2788 698 2858 λογίαν
728 2790 823 2842 καὶ
836 2789 937 2858 τὴν
960 2789 1324 2861 εὐτραπελίαν
1341 2790 1409 2855 ⁷⁷,
1427 2791 1600 2845 ταῦτα
1618 2791 1832 2847 διώκειν
1857 2793 2087 2847 ἀναπεί-

511 2874 644 2928 θων.
671 2875 785 2927 Καὶ
808 2873 870 2926 τὸ
899 2872 964 2943 δὴ
993 2873 1379 2945 χαλεπώτερον
1408 2874 1615 2928 τούτων
1645 2877 1678 2945 ἠ
1722 2875 1818 2928 τοῦ
1849 2875 2088 2944 γέλωτός

509 2959 657 3011 ἐστιν
685 2957 961 3020 ὑπόθεσις.
985 2957 1154 3010 Ὅταν
1185 2958 1282 3028 μὲν
1304 2959 1415 3029 γὰρ
1442 2958 1760 3030 βλάσφημόν
1780 2971 1835 3013 τι
1859 2961 2086 3015 είπωσιν

509 3037 543 3107 ἢ
574 3035 800 3106 αίσχρδν
822 3036 870 3088 οί
911 3039 1069 3106 μῖμοι
1093 3035 1203 3090 τῶν
1225 3037 1452 3104 γελοίων
1482 3037 1728 3097 ἐκείνων,
1749 3037 1872 3090 τότε
1901 3039 2087 3093 πολλοὶ

507 3124 618 3179 τῶν
647 3123 1022 3195 ἀνοητοτέρων
1071 3123 1270 3192 γελῶσι
1320 3125 1414 3177 καὶ
1447 3123 1763 3192 τέρπονται,
1819 3123 1961 3195 ύπέρ
2011 3117 2088 3178 ὧν

509 3206 710 3272 αὐτοὺς
737 3207 978 3274 λιθάζειν
1002 3208 1192 3279 ἐχρῆν,
1234 3207 1374 3278 ύπέρ
1396 3205 1601 3260 τούτων
1624 3205 1968 3277 κροτοῦντες,
1993 3209 2088 3262 καὶ

508 3294 610 3367 τὴν
641 3293 872 3365 κάμινον
900 3291 996 3345 τοῦ
1031 3291 1203 3364 πυρὸς
1233 3291 1320 3344 διὰ
1351 3292 1452 3360 τῆς
1484 3291 1680 3359 ἡδονῆς
1712 3289 1917 3362 ταύτης
1946 3291 2088 3345 κατὰ

507 3379 608 3448 τῆς
637 3377 850 3432 ἑαυτῶν
902 3375 1155 3438 ἕλκοντες
1185 3373 1449 3444 κεφαλῆς.
1485 3376 1549 3428 Οἱ
1587 3375 1694 3445 γὰρ
1737 3375 2086 3440 ἐπαινοῦντες

507 3462 637 3522 τοὺς
662 3459 839 3513 ταῦτα
863 3459 908 3490 ⁷⁸
928 3459 1208 3528 λέγοντας,
1233 3451 1378 3512 οὗτοι
1404 3458 1641 3528 μάλιστά
1671 3461 1807 3512 εἰσιν
1835 3461 1883 3512 οί
1910 3457 2087 3528 λέγειν

508 3543 899 3606 ἀναπείθοντες
919 3560 934 3574 ⁸
959 3543 1040 3596 διὸ
1066 3543 1162 3596 καὶ
1193 3543 1292 3613 τῆς
1321 3541 1604 3610 κολάρεως
1621 3542 1719 3612 τῆς
1754 3543 1848 3595 ἐπὶ
1874 3543 2088 3608 τούτοις

508 3630 774 3700 κειμένης
802 3629 1142 3699 δικαιότερον
1180 3628 1246 3682 ἂν
1275 3622 1386 3682 εἶεν
1407 3628 1451 3660 ⁷⁸
1483 3627 1800 3681 ὑπεύθυνοι.
1840 3627 1992 3700 [100]
2024 3631 2087 3683 Εἰ

508 3715 620 3784 γὰρ
649 3713 839 3783 μηδεὶς
857 3707 926 3783 ἦν
954 3712 983 3763 6
1006 3711 1076 3764 τά
1093 3710 1322 3764 τοιαῦτα
1342 3710 1637 3781 θεώμενος,
1657 3710 1765 3763 οὐδ’
1794 3711 1860 3765 ἂν
1889 3715 1917 3765 ὀ
1940 3714 2087 3782 ἀγω-

507 3797 791 3866 νιζόμενος
821 3791 889 3866 ἦν
911 3813 924 3827 ·
956 3795 1085 3848 ὅταν
1117 3793 1175 3847 δέ
1229 3794 1412 3847 ἴδωσιν
1449 3796 1593 3865 ὑμᾶς
1621 3795 1716 3846 καὶ
1744 3795 2085 3868 ἐργαστήρια

509 3881 606 3934 καὶ
634 3880 834 3950 τέχνας
874 3879 968 3932 καὶ
997 3877 1096 3950 τὴν
1124 3879 1190 3929 ἐκ
1223 3877 1431 3930 τούτων
1464 3877 1749 3946 πρόσοδον,
1779 3878 1871 3930 καὶ
1905 3878 2086 3933 πάντα

507 3963 696 4027 ἁπλῶς
738 3963 877 4033 ὑπὲρ
915 3961 1016 4030 τῆς
1063 3963 1181 4014 ἐκεῖ
1220 3959 1505 4032 διατριϐῆς
1557 3959 1816 4027 ἀφέντας,
1857 3961 2084 4032 μείζονα

505 4046 753 4118 δέχονται
799 4048 900 4117 τὴν
936 4043 1279 4116 προθυμίαν,
1336 4045 1431 4097 καὶ
1483 4041 1707 4095 πλείονα
1747 4044 1876 4114 περὶ
1909 4045 2084 4100 ταῦτα

506 4131 790 4184 ποιοῦνται
822 4129 1086 4199 σπουδήν.
1119 4127 1233 4181 Καὶ
1259 4125 1433 4182 ταῦτα
1461 4127 1563 4178 οὐκ
1616 4125 1861 4190 ἐκείνους
1908 4128 2084 4182 ἀπαλ-

508 4215 719 4270 λάττων
737 4213 1099 4283 ἐγκλημάτων
1124 4210 1289 4279 λέγω,
1312 4208 1426 4262 ἀλλ’
1459 4209 1545 4261 ἵνα
1565 4209 1724 4278 ὑμεῖς
1748 4209 1980 4282 μάθητε,
2001 4213 2081 4266 ὅτι

505 4299 604 4369 τὴν
639 4299 814 4370 ἀρχὴν
845 4298 940 4351 καὶ
972 4297 1072 4368 τὴν
1102 4293 1258 4367 ῥίζαν
1288 4295 1388 4364 τῆς
1434 4293 1692 4364 τοιαύτης
1735 4298 2083 4367 παρανομίας

506 4387 662 4455 ὑμεῖς
697 4383 933 4454 μάλιστά
962 4383 1086 4435 ἐστε
1123 4382 1174 4434 οί
1233 4379 1588 4449 παρέχοντες,
1629 4379 1681 4432 οἱ
1722 4379 1822 4451 τὴν
1866 4381 2082 4454 ἡμέραν

502 4469 725 4522 ἃπασαν
757 4470 839 4531 εἰς
869 4466 1046 4521 ταῦτα
1072 4463 1566 4526 καταναλίσκοντες
1592 4463 1659 4530 ⁸ο,
1696 4463 1791 4516 καὶ
1809 4464 1878 4517 τά
1908 4468 2083 4536 σεμνά

503 4551 596 4603 τοῦ
610 4551 792 4621 γάμου
806 4550 1116 4621 πράγματα
1128 4547 1588 4618 ἐκπομπεύοντες,
1604 4546 1699 4599 καὶ
1709 4547 1769 4598 τὸ
1784 4548 2082 4619 μυστήριον

500 4635 563 4686 16
584 4634 727 4704 μέγα
754 4631 1374 4702 παραδειγματίζοντες.
1394 4629 1528 4682 υύδέ
1543 4629 1652 4700 γὰρ
1681 4627 1855 4693 οὕτως
1875 4632 2082 4697 ἐκεῖνος

502 4719 532 4769 ό
569 4717 745 4769 ταῦτα
775 4713 1207 4786 ὐποκρινόμενός
1236 4715 1384 4766 ἐστιν
1410 4713 1440 4764 6
1471 4710 1836 4782 πλημμελῶν,
1867 4713 1943 4776 ὼς
1975 4715 2082 4785 πρὸ

503 4799 716 4852 ἐκείνου
753 4798 842 4862 σὺ,
885 4801 914 4851 6
942 4796 1118 4852 ταῦτα
1149 4795 1392 4850 κελεύων
1440 4797 1646 4847 ποιεῖν·
1688 4793 1891 4862 μᾶλλον
1932 4796 1988 4848 δέ
2017 4798 2079 4850 ού

504 4881 744 4937 κελεύων
779 4883 962 4953 μόνον,
987 4880 1125 4934 ἀλλά
1160 4881 1256 4934 καὶ
1286 4875 1625 4942 σπουδάζων,
1666 4878 1761 4929 καὶ
1795 4879 2080 4948 εὐφραινό-

504 4983 688 5038 μενος,
718 4966 812 5018 καὶ
858 4964 1058 5033 γελῶν,
1095 4963 1191 5017 καὶ
1241 4960 1482 5015 ἐπαινῶν
1535 4959 1602 5013 τὰ
1653 4961 1936 5030 γινόμενα,
1986 4964 2080 5016 καὶ

502 5049 669 5103 παντὶ
692 5049 881 5120 τρόπῳ
904 5047 1223 5118 συγκροτῶν
1250 5044 1322 5098 τά
1349 5042 1578 5097 τοιαῦτα
1608 5043 1946 5114 ἐργαστήρια
1971 5043 2079 5098 τῶν

499 5129 792 5202 δαιμόνων.
816 5130 999 5194 Ποίοις
1024 5125 1118 5183 οῦν
1149 5127 1470 5199 ὀφθαλμοῖς,
1492 5125 1614 5178 εἰπέ
1639 5142 1750 5195 μοι,
1774 5124 1959 5178 λοιπὸν
1978 5127 2080 5197 τὴν

499 5217 735 5282 γυναῖκα
759 5213 854 5268 ἐπὶ
875 5214 974 5285 τῆς
992 5213 1171 5276 οίκίας
1193 5211 1334 5281 ὄψει,
1363 5208 1489 5263 ίδὼν
1513 5207 1684 5279 αὐτὴν
1711 5208 2079 5282 ὑϐριζομένην

499 5297 650 5363 ἐκεῖ;
686 5297 812 5361 Πῶς
837 5297 894 5351 δέ
940 5298 1042 5350 ούκ
1089 5295 1351 5368 ἐρυθριᾷς
1389 5293 1945 5363 ἀναμιμνησκόμενος
1976 5294 2079 5364 τῆς

502 5383 780 5449 συνοίκου,
809 5383 974 5454 ἡνίκα
999 5381 1069 5436 ἂν
1103 5380 1203 5450 τὴν
1231 5378 1396 5448 φύσιν
1431 5377 1604 5448 αὐτὴν
1641 5377 2076 5448 παραδειγματι-

501 5465 737 5538 ζομένην
769 5465 884 5538 ἴδῃς
908 5484 924 5532 ;

575 5667 618 5700 ⁷³
637 5668 861 5722 ἐκείνων
893 5667 1030 5723 Edd.

497 5752 644 5810 c0r_r.
680 5737 744 5792 Ι).
776 5738 1011 5810 ἐλκλόσῃ
1035 5739 1160 5809 (sic)
1185 5740 1243 5810 Β.
1268 5733 1510 5810 ’άέὁέίὶιει
1543 5733 1695 5794 Αἳιῐι.
1722 5739 1886 5810 [Iugo
1915 5733 2138 5810 ἐλκύσῃ.

1961 5805 2006 5834 ’³⁸
2036 5798 2332 5873 εζε’ν]ηίιι1(1.
2359 5798 2524 5873 αὐτοὶ
2552 5798 2618 5857 AI
2653 5798 2715 5857 Bt.
2748 5798 2850 5873 ςεο,
2865 5803 3246 5873 ἀναλίσκοντες
3283 5803 3416 5859 Edd.

901 5879 945 5909 ⁸²
968 5878 1081 5950 καί]
1102 5871 1322 5952 ούδέίΕί
1345 5879 1387 5936 F
1503 5881 1548 5913 ⁸³
1581 5877 1760 5952 σῶμα]
1788 5881 1848 5930 16
1871 5871 2028 5941 σῶμα
2068 5871 2132 5929 D.

497 5807 624 5862 add.
667 5809 815 5881 φημὶ
844 5795 1011 5881 Eqd."
1039 5795 1426 5881 fici-001430
1460 5810 1686 5881 τοιαῦτα
1726 5795 1862 5881 ξζιίᾶ.

499 5893 635 5946 μενα
665 5878 802 5932 Edd.

494 5944 630 6012 νίας.
705 5947 752 5980 ⁸⁸
777 5948 839 6002 16
869 5944 1110 6020 κρεῖττον
1131 5951 1268 6007 Edd.

1155 5669 1199 5741 ’νε
1226 5667 1599 5741 ἐξυρημένων]
1629 5669 1720 5723 Sic
1762 5666 1823 5741 E_.
1847 5660 2118 5741 F._}’u!go
2153 5661 2549 5741 ἐξευρημένων.
2739 5661 2923 5741 εξίίιιοεΣ

2253 531 2324 596 η’.
2355 527 2446 598 Μὴ
2474 529 2582 599 γάρ
2614 547 2704 599 μοι
2722 530 2882 585 τοῦτο
2911 531 3094 605 εἴπῃς,
3115 535 3197 588 ὅτι
3227 537 3516 610 ὑπόκρισίς
3545 543 3660 598 ἐστι
3691 551 3761 600 τὰ

2183 613 2445 683 γινόμενα
2466 630 2479 642 ·
2511 616 2544 685 ή
2571 614 2679 684 γάρ
2709 617 3002 686 ὑπόκρισις
3028 617 3166 688 αῦτη
3199 621 3433 686 πολλοὺς
3463 626 3764 696 εἰργάσατο

2187 697 2430 768 μοιχοὺς,
2455 697 2552 752 καὶ
2579 698 2780 762 πολλὰς
2802 699 3100 771 ἀνέτρεψεν
3128 703 3330 766 οἰκίας.
3358 707 3470 761 Καὶ
3492 709 3583 763 διά
3603 712 3765 768 τοῦτο

2188 781 2423 851 μάλιστα
2453 781 2658 845 στένω,
2707 783 2791 836 ὅτι
2848 784 2972 837 οὑδέ
3027 783 3178 838 δοκεῖ
3219 788 3456 860 πονηρὸν
3508 787 3650 846 εἶναι
3702 797 3766 850 16

2184 865 2488 934 γινόμενον,
2539 865 2676 918 ἀλλά
2703 866 2802 919 καὶ
2847 867 3031 937 κρότοι
3063 867 3158 922 καὶ
3201 871 3414 944 κραυγὴ
3449 875 3546 928 καὶ
3591 878 3765 946 γέλως

2184 948 2377 1013 πολὺς,
2425 949 2673 1020 μοιχείας
2703 950 3066 1023 τολμωμένης
3109 956 3402 1028 τοσαύτηςο
3423 958 3509 1026 ,Τί
3541 959 3762 1030 λέγεις;

2195 1032 2516 1102 ’Υπόκρισις
2554 1033 2623 1086 τά
2660 1034 3016 1104 γινόμενα⁸¹;
3049 1037 3130 1088 Δι’
3161 1037 3292 1091 αὐτὸ
3337 1039 3437 1110 μέν
3469 1037 3563 1096 οῦν
3607 1044 3766 1100 τοῦτο

2188 1117 2400 1187 μυρίων
2430 1117 2496 1171 ἂν
2524 1112 2634 1169 εἷεν
2668 1119 2870 1171 ἐκεῖνοι
2895 1117 3141 1174 θανάτων
3172 1121 3334 1188 ἄξιοι,
3362 1124 3444 1178 ὄτι
3477 1125 3514 1180 ἃ
3540 1127 3766 1196 φεύγειν

2183 1201 2234 1253 οἱ
2255 1201 2410 1270 νόμοι
2434 1199 2750 1252 κελεύουσιν
2777 1201 3036 1265 ἅπαντες,
3057 1203 3229 1258 ταῦτα
3262 1210 3546 1278 μιμεῖσθαι
3576 1213 3767 1267 ἐσπου-

2185 1283 2416 1367 δάκασιν
2437 1283 2662 1367 ἐκεῖνοι.
2692 1285 2758 1337 Εἰ
2787 1283 2895 1367 γάρ
2927 1285 3060 1339 αὐτὸ
3097 1289 3292 1355 κακὸν,
3326 1293 3421 1345 καὶ
3459 1294 3493 1363 ἡ
3529 1295 3765 1367 μίμησις

2184 1365 2377 1418 τούτου
2409 1365 2599 1420 κακόν.
2635 1367 2747 1422 Καὶ
2797 1365 2954 1421 οὔπω
2986 1368 3148 1438 λέγω,
3187 1372 3390 1438 πόσους
3433 1365 3765 1446 ἐργάζονται

2189 1449 2411 1518 μοιχοὺς
2441 1449 2492 1501 οἱ
2535 1447 2606 1501 τά
2644 1448 2871 1503 τοιαῦτα
2902 1451 3004 1514 τῆς
3054 1455 3303 1524 μοιχείας
3340 1457 3766 1532 ὑποκρινόμενοι

2185 1533 2476 1604 δράματα,
2529 1533 2649 1597 πῶς
2711 1535 2942 1605 ἰταμοὺς
2995 1537 3091 1591 καὶ
3145 1540 3537 1610 ἀναισχύντους
3592 1563 3766 1600 κατα-

2189 1615 2512 1679 σκευάζουτι
2540 1617 2668 1680 τοὺς
2694 1615 2850 1688 [101]
2877 1617 2986 1671 τῶν
3015 1621 3276 1676 τοιούτων
3310 1624 3580 1696 θεωρούς⁸
3611 1629 3766 1695 ούδὴι

2185 1697 2258 1767 γά
2263 1717 2296 1771 ρ
2307 1698 2611 1770 πορνικώτε
2617 1716 2710 1770 ρον
2722 1700 2816 1754 καὶ
2828 1700 2872 1732 θ’
2889 1700 3124 1771 ίταμώτε
3134 1721 3224 1772 ρον
3243 1706 3526 1779 ὀφθαλμοῦ
3541 1710 3766 1766 τοιαῦτα

2192 1783 2410 1853 βλέπειν
2433 1783 2785 1853 ἀνεχομένου.
2815 1785 2886 1837 Σὺ
2914 1785 2972 1839 δέ
3001 1787 3060 1840 ἐν
3087 1787 3262 1860 ἀγορᾷ
3290 1791 3390 1859 μὲν
3410 1793 3510 1848 οὐκ
3536 1793 3602 1848 ἂν
3622 1795 3767 1850 ἐλοιο

2189 1871 2421 1936 γυναῖκα
2447 1868 2834 1950 γυμνουμένην
2862 1869 3009 1936 ἰδεῖν,
3049 1872 3250 1941 μᾶλλον
3279 1873 3338 1928 δέ
3361 1876 3482 1930 ούδέ
3506 1879 3565 1931 ἐν
3590 1880 3762 1950 οἰκίᾳ,

2188 1951 2326 2006 ἀλλά
2351 1950 2446 2004 και
2469 1949 2628 2019 ὓϐριν
2656 1952 2718 2004 τὸ
2744 1954 2977 2024 πρᾶγμα
2998 1955 3214 2020 καλεῖς·
3241 1958 3336 2012 ἐπὶ
3364 1959 3423 2014 δὲ
3445 1961 3506 2015 16
3535 1949 3764 2036 θέατρον

2187 2038 2520 2101 ἀναϐαίνεις,
2538 2037 2628 2092 ἵνα
2657 2037 2718 2091 16
2747 2039 2928 2094 κοινὸν
2951 2038 3062 2094 τῶν
3085 2041 3296 2112 ἀνδρῶν
3323 2045 3418 2098 καὶ
3445 2046 3553 2100 τῶν
3575 2065 3763 2117 γυναι-

2188 2122 2302 2177 κῶν
2357 2121 2648 2194 ἐνυϐρίσῃς
2683 2121 2862 2192 γένος,
2916 2124 3010 2176 καὶ
3063 2125 3194 2190 τοὺς
3247 2127 3446 2181 σαυτοῦ
3501 2132 3764 2204 αἰσχύνῃς

2186 2204 2532 2276 ὀφθαλμούς;
2563 2205 2656 2276 Μὴ
2673 2205 2784 2276 γάρ
2808 2205 2872 2276 δὴ
2905 2206 3064 2260 τοῦτο
3085 2208 3267 2279 είπῃς,
3296 2210 3380 2262 ὅτι
3406 2211 3580 2284 πόρνη
3613 2215 3764 2268 ἐστὶν

2184 2292 2218 2362 ἡ
2242 2290 2618 2360 γυμνουμένη,
2653 2289 2768 2342 ἀλλ’
2793 2290 2875 2343 ὅτι
2905 2291 2938 2362 ἡ
2975 2290 3111 2361 αύτὴ
3143 2293 3306 2362 φύσις
3337 2295 3432 2347 καὶ
3464 2295 3626 2367 σῶμα
3639 2297 3687 2329 ⁸⁸
3705 2297 3765 2351 τδ

2186 2373 2319 2428 αὐτὸ
2343 2375 2435 2427 καὶ
2458 2374 2556 2453 τῆς
2581 2374 2786 2446 πόρνης
2816 2373 2910 2428 καὶ
2935 2375 3032 2446 τῆς
3056 2376 3368 2447 ἐλευθέρας.
3391 2379 3454 2432 Εἰ
3475 2379 3585 2453 γὰρ
3608 2381 3765 2436 ούδέν

2185 2454 2386 2508 ἄτοπον
2418 2451 2596 2515 τοῦτο,
2627 2453 2774 2516 τίνος
2803 2454 2990 2507 ἕνεκεν
3023 2455 3112 2507 ἐπ’
3135 2458 3343 2527 ἀγορᾶς
3367 2458 3434 2513 ἂν
3469 2451 3587 2531 ἴδῃς
3607 2462 3765 2517 τοῦτο

2186 2535 2490 2603 γινόμενον,
2525 2533 2620 2588 καὶ
2660 2533 2821 2597 αὐτὸς
2841 2535 3150 2607 ἀποπηδᾷς,
3177 2539 3274 2590 καὶ
3297 2539 3396 2609 τὴν
3420 2539 3764 2611 ἀσχημονοῦ-

2189 2631 2288 2668 σαν
2332 2612 2614 2678 ἐλαύνεις;
2651 2612 2684 2684 ἢ
2721 2613 2854 2667 ὅταν
2903 2613 3004 2683 μὲν
3049 2615 3376 2688 διῃρημένοι
3429 2613 3610 2689 ὦμεν,
3638 2621 3763 2676 τότε

2186 2703 2386 2759 ἄτοπον
2418 2703 2479 2755 16
2507 2701 2750 2755 τοιοῦτον
2768 2719 2781 2732 ·
2814 2701 2946 2754 ὅταν
2969 2702 3026 2755 δέ
3077 2704 3410 2774 συνηγμένοι
3436 2707 3534 2758 καὶ
3561 2706 3764 2772 πάντες

2185 2787 2322 2858 όμοῦ
2355 2784 2876 2856 καθήμενοι,ούκέτι
2895 2786 3098 2856 ὁμοίως
3128 2787 3385 2859 αἰσχρόν;
3414 2788 3577 2843 Ἀλλά
3592 2789 3765 2859 γέλως

2185 2872 2361 2926 ταῦτα
2381 2871 2475 2924 καὶ
2495 2870 2716 2937 ὀνειδος,
2743 2871 2838 2923 καὶ
2860 2870 3099 2942 ἐσχάτης
3115 2873 3502 2944 παραπληξίας
3519 2877 3761 2946 ῥήματαο

2189 2958 2284 3014 καὶ
2313 2955 2522 3028 βέλτιον
2552 2954 2707 3026 πηλῷ
2751 2957 2844 3009 καὶ
2879 2954 3126 3029 βορϐόρῳ
3167 2957 3266 3029 τὴν
3294 2958 3418 3028 δψιν
3445 2961 3764 3032 ἀναχρῶσαι

2190 3043 2394 3108 πᾶσαν,
2423 3039 2456 3109 ἢ
2487 3037 2742 3109 τοιαύτην
2773 3038 3048 3110 θεωρῆσαι
3080 3042 3449 3111 παρανομίαν.
3479 3042 3620 3097 Οῦτε
3653 3044 3764 3116 γάρ

2189 3123 2362 3187 οὕτως
2397 3120 2661 3192 ὀφθαλμῷ
2690 3121 2861 3194 βλάϐη
2893 3121 3174 3193 βόρϐορος,
3205 3124 3280 3187 ὡς
3299 3125 3596 3190 ἀκόλαστος
3615 3126 3760 3196 δψις,

2189 3210 2284 3264 καὶ
2315 3205 2748 3278 γεγυμνωμένης
2773 3206 3033 3274 γυναικὸς
3063 3206 3290 3277 θεωρία.
3329 3209 3600 3264 ’Ἄκουσον
3628 3210 3760 3281 γοῦν

2187 3294 2244 3347 τί
2268 3294 2368 3362 τὴν
2383 3289 2665 3363 γύμνωσιν
2688 3290 2944 3360 ἐποίησεν
2962 3289 3021 3354 ἐξ
3044 3291 3239 3361 ἀρχῆς,
3259 3292 3352 3345 καὶ
3374 3293 3639 3366 φοϐήθητι
3659 3295 3762 3368 τῆς

2187 3375 2450 3446 τοιαύτης
2477 3373 2866 3445 ἀσχημοσύνης
2891 3371 2992 3442 τὴν
3022 3373 3298 3429 ὑπόθεσιν.
3323 3376 3390 3429 Τί
3415 3373 3511 3431 οὖν
3537 3379 3762 3452 ἐποίησε

2186 3461 2286 3534 τὴν
2317 3459 2626 3530 γύμνωσιν;
2655 3457 2724 3512 Ἦ
2752 3458 3027 3529 παρακοὴ,
3046 3460 3142 3512 καὶ
3167 3461 3200 3529 ὴ
3227 3455 3323 3512 τοῦ
3345 3460 3593 3517 διαϐόλου
3623 3481 3764 3535 συμ-

2188 3544 2376 3614 ϐουλή.
2407 3540 2594 3604 Οὕτως
2645 3540 2856 3594 ἀνωθεν
2900 3540 2993 3593 καὶ
3025 3540 3085 3605 ἐξ
3118 3541 3316 3614 ἀρχῆς,
3359 3544 3572 3600 ἐκείνου
3603 3547 3762 3603 τοῦτο
3790 3603 3794 3606 .

2187 3630 2380 3700 γέγονε
2410 3625 2472 3679 16
2505 3625 2867 3695 ἐπιτήδευμα.
2902 3623 3044 3677 Ἀλλ’
3077 3626 3277 3680 ἐκεῖνοι
3317 3628 3417 3698 μὲν
3445 3627 3550 3683 κᾶν
3589 3633 3760 3703 ᾐσχύ-

2186 3729 2341 3769 νοντο
2374 3708 2572 3780 γυμνοὶ
2609 3707 2790 3771 ὄντες·
2830 3709 2987 3777 ὑμεῖς
3021 3708 3079 3762 δέ
3113 3709 3208 3762 καὶ
3253 3711 3756 3782 ἐγκαλλωπίζεσθε,

2187 3793 2332 3850 κατά
2359 3793 2420 3846 τὸ
2459 3789 2817 3846 ἀποστολικδν
2851 3791 3048 3855 ἐκεῖνο,
3083 3791 3187 3846 Ἔν
3220 3792 3296 3862 τῇ
3330 3797 3599 3868 αἰσχύνῃ
3644 3799 3760 3868 τὴν

2185 3880 2375 3943 δόξαν
2405 3877 2670 3946 ἔχοντες.
2700 3875 2828 3940 Πῶς
2876 3870 2970 3929 οῦν
2995 3875 3184 3941 ὄψεταί
3222 3895 3281 3931 σε
3317 3879 3504 3934 λοιπὸν
3552 3884 3586 3953 ή
3615 3885 3756 3958 γυνὴ

2185 3963 2296 4018 ἀπὸ
2323 3963 2424 4032 τῆς
2462 3960 2720 4030 τοιαύτης
2761 3959 3126 4014 ἐπανελθόντα
3155 3963 3506 4032 παρανομίας
3525 3963 3606 4034 ηις
3637 3969 3758 4033 πῶς

2185 4046 2431 4113 δέξεταις
2457 4044 2573 4107 πῶς
2610 4045 2893 4115 προσερεῖ,
2922 4042 3097 4108 οὕτως
3124 4045 3337 4116 ἀτίμως
3360 4047 3422 4101 16
3451 4051 3632 4104 κοινὸν
3656 4055 3757 4124 τῆς

2184 4128 2505 4201 γυναικείας
2536 4125 3116 4198 παραδειγματίσαντα
3148 4128 3387 4198 φύσεως,
3420 4131 3516 4184 καὶ
3552 4135 3757 4206 αἰχμά.

2183 4217 2356 4270 λωτον
2375 4213 2481 4266 ὑπὸ
2508 4212 2608 4282 τῆς
2633 4209 2890 4281 τοιαύτης
2910 4209 3088 4280 ὅψεως
3120 4211 3214 4264 καὶ
3244 4212 3430 4267 δοῦλον
3451 4220 3758 4289 γεγενημέ-

2184 4316 2276 4355 νον
2305 4297 2403 4368 τῆς
2433 4294 2828 4367 πορνευθείσης
2859 4295 3150 4362 γυναικός;
3175 4295 3239 4348 El
3262 4296 3319 4349 δέ
3349 4296 3499 4371 [102]
3537 4301 3754 4371 ἀλγεῖτε

2182 4381 2358 4436 ταῦτα
2379 4379 2688 4440 ἀκούοντες,
2720 4378 2879 4447 χάριν
2909 4378 3038 4446 ὑμῖν
3082 4376 3191 4448 ἔχω
3227 4378 3463 4451 πολλήνο
3517 4384 3616 4452 Τίς
3645 4386 3756 4458 γάρ

2181 4467 2356 4519 ἐστιν
2400 4467 2434 4518 ὁ
2480 4462 2820 4531 εὐφραίνων
2857 4479 2952 4531 με,
2979 4463 3032 4515 εἰ
3065 4462 3154 4532 μὴ
3196 4464 3229 4517 ὀ
3265 4466 3649 4535 λυπούμενος
3683 4471 3755 4536 ἐξ

2181 4547 2370 4615 ἐμοῦ;
2402 4545 2494 4616 Μὴ
2515 4545 2580 4614 δὴ
2603 4543 2890 4613 παύσησθέ
2929 4560 3062 4596 ποτε
3098 4544 3380 4609 στένοντες
3410 4548 3504 4602 ἐπὶ
3540 4551 3754 4618 τούτοις

2183 4635 2278 4688 καὶ
2298 4631 2620 4700 δακνόμενοι
2637 4645 2651 4658 °
2670 4629 2765 4681 καὶ
2785 4627 2895 4698 γὰρ
2915 4628 3204 4699 προοίμιον
3225 4630 3355 4700 ὑμῖν
3371 4632 3525 4686 ἔσται
3543 4635 3642 4706 τῆς
3658 4639 3753 4690 ἐπὶ

2181 4718 2250 4773 τά
2284 4717 2516 4788 κρείττω
2548 4714 2596 4746 ⁸⁸
2627 4711 2931 4782 μεταϐολῆς
2960 4713 2994 4783 η
3033 4714 3097 4766 ἐκ
3128 4713 3238 4766 τῶν
3267 4715 3527 4772 τοιούτων
3565 4719 3746 4792 ὀδύνη.

2181 4801 2280 4854 Διά
2313 4799 2471 4854 τοῦτο
2495 4795 2651 4862 κάγὼ
2673 4795 3027 4864 σφοδρότερον
3065 4795 3156 4849 τὸν
3195 4795 3354 4864 λόγον
3377 4800 3749 4876 ἐποιησάμην,

2181 4885 2271 4938 ἵνα
2302 4882 2607 4953 βαθυτέραν
2630 4880 2754 4942 δοὺς
2783 4879 2882 4950 τὴν
2909 4877 3104 4950 τομὴν,
3139 4880 3435 4948 ἀπαλλάξω
3456 4884 3556 4954 τῆς
3581 4904 3752 4958 σηπε-

2179 4968 2330 5030 δόνος
2354 4964 2463 5018 τῶν
2499 4963 2880 5035 μεθυσκόντων
2908 4963 3081 5032 ὑμᾶς’
3105 4964 3195 5017 ἵνα
3223 4964 3362 5034 πρὸς
3385 4966 3629 5039 καθαράν
3655 4971 3751 5024 ἐπ-

2179 5049 2440 5119 αναγάγω
2457 5047 2634 5118 ψυχῆς
2650 5047 2748 5114 ύγε
2757 5045 2840 5098 ίαν
2859 5062 2874 5077 ⁸
2903 5040 2971 5117 ἦς
2987 5045 3199 5113 γένοιτο
3221 5049 3431 5113 πάντας
3448 5052 3597 5120 ἡμᾶς
3618 5053 3753 5108 ἀπο-

2178 5133 2440 5194 λαύοντας
2460 5131 2547 5184 διὰ
2568 5130 2808 5195 πάντων,
2827 5131 2921 5183 καὶ
2946 5129 3056 5184 τῶν
3077 5131 3345 5202 κειμένων
3366 5133 3617 5189 ἐπάθλων
3636 5141 3751 5200 τοῖς

2179 5214 2570 5288 κατορθώμασι
2589 5214 2800 5278 τούτοις
2820 5215 3122 5285 ἐπιτυχεῖν,
3137 5215 3320 5287 χάριτι
3336 5219 3431 5271 καὶ
3450 5219 3752 5292 φιλανθρω-

2180 5302 2283 5372 πίᾳ
2309 5297 2405 5354 τοῦ
2433 5299 2642 5369 Κυρίου
2673 5297 2834 5368 ἡμῶν
2875 5297 3050 5368 Ἰησοῦ
3078 5300 3339 5370 Χριστοῦ,
3374 5295 3473 5373 ᾧη
3506 5302 3631 5369 δόξα
3655 5308 3749 5361 καὶ

2178 5385 2240 5439 16
2273 5385 2473 5456 κράτος
2500 5384 2580 5447 εἰς
2616 5384 2745 5447 τοὺς
2772 5383 2972 5449 αἰῶνας
2994 5383 3105 5439 τῶν
3135 5385 3366 5441 αἰώνων.
3411 5388 3604 5460 Ἀμήν.

3387 5662 3476 5717 Sic
3506 5664 3570 5718 Λ.
3602 5663 3661 5718 C.
3695 5673 3751 5720 et

3293 5734 3356 5836 ξ’.
3369 5734 3747 5836 εὐτραπελίαν]

2329 5843 2332 5852 .
2367 5821 2524 5856 αυτοι
2552 5821 2616 5857 Α.
2654 5821 2715 5857 n.
2791 5821 2836 5834 υ*
2865 5821 3246 5869 αναλισκοντες
3285 5821 3416 5859 mu.
3515 5821 3557 5836 ο·
3592 5821 3750 5873 γενο-

2329 5872 2374 5904 ⁸⁸
2399 5870 2767 5946 παρανομίας]
2821 5871 2913 5929 Sic
2944 5873 3004 5928 Β.
3044 5871 3104 5928 F.
3143 5874 3294 5930 Arni.
3328 5875 3508 5932 cancri
3552 5891 3750 5947 παροι-

3038 5664 3096 5736 η,
3118 5663 3321 5736 ἐκλύσῃ

2238 5731 2620 5805 ’ξε-ἐνσκήπτει]
2652 5733 2854 5805 ἐγείρει
2879 5733 2945 5805 Ε.
2972 5731 3038 5805 .
3070 5734 3176 5788 An.
