4078 6372
316 450 379 504 7|
1521 439 1583 495 IN
1623 434 1924 493 ΜᾹΤΤΙΙᾸΞ

2018 433 2028 487 l
2067 431 2295 487 HOMIL.
2339 433 2423 490 Vl.
3518 423 3588 480 73

306 561 601 617 contritum
650 568 706 614 et
759 558 1131 622 luuniliatum,
1183 557 1419 611 animum
1467 556 1717 626 vigilem,
1779 564 1913 610 tem-

311 662 593 721 perantem
618 691 632 715 ,
667 651 1029 706 continentem
1050 690 1065 716 ,
1096 649 1444 718 pmnitentem
1467 689 1481 713 ,
1507 655 1907 717 cumpunctum.

307 744 433 797 llaec
481 744 630 797 illius
665 744 804 797 dona
852 752 1005 807 sunt,
1050 741 1169 810 quia
1228 740 1334 795 illis
1380 741 1714 810 potissimum
1772 730 1914 793 indi-

305 849 516 903 gemus.
578 834 863 887 Certamen
912 832 1054 887 enim
1095 831 1337 885 imminet
1384 846 1579 900 grave,
1627 838 1681 885 et
1725 828 1914 882 adver-

307 941 402 979 sus
447 925 751 980 invisibiles
800 933 1089 994 potestates
1120 924 1259 977 lucta
1298 922 1452 976 nobis
1495 932 1611 988 est,
1656 920 1914 975 adversus

308 1016 613 1085 spiritualia
660 1016 911 1083 nequitia:
942 1029 1149 1082 pugna,
1200 1011 1454 1066 adversus
1494 1012 1818 1080 principatus
1860 1019 1916 1064 et

308 1116 609 1177 potestates
638 1106 837 1161 bellum
879 1104 1107 1174 (Ephes.
1140 1104 1191 1159 6.
1227 1102 1329 1173 li)
1361 1120 1373 1157 :
1405 1113 1563 1172 atque
1604 1101 1803 1155 utinam
1836 1100 1916 1155 di-

308 1198 540 1269 ligenter
587 1206 838 1267 agentes,
884 1197 1071 1266 vigiles
1100 1202 1155 1249 et
1191 1194 1475 1260 concitati,
1520 1194 1783 1263 possimus
1813 1192 1915 1247 hoc

310 1290 481 1343 ferum
514 1305 708 1359 agmen
736 1288 1021 1344 sustinere.
1046 1287 1105 1341 Si
1132 1302 1257 1341 vero
1283 1284 1551 1339 rideamus
1570 1293 1624 1339 et
1648 1284 1912 1350 ludamus,

311 1395 371 1435 ac
392 1395 617 1449 semper
640 1379 895 1433 socordes
926 1378 1092 1431 simus
1112 1417 1128 1441 ,
1158 1377 1315 1430 etiam
1346 1386 1471 1429 ante
1506 1374 1810 1429 conﬂictum
1849 1389 1916 1429 ex

314 1471 531 1540 propria
562 1470 792 1540 segnitie
819 1467 1184 1522 coneidemus.
1218 1466 1334 1521 Non
1360 1477 1605 1520 nostrum
1630 1466 1807 1536 itaque
1834 1473 1919 1521 est

316 1570 578 1630 perpetuo
600 1560 797 1625 ridere,
820 1559 1059 1614 deliciari
1086 1568 1139 1611 et
1159 1557 1429 1612 eonvivari
1452 1574 1466 1622 ;
1496 1557 1589 1611 sed
1618 1572 1803 1612 eorum
1824 1556 1916 1626 qui

314 1655 364 1707 in
396 1668 560 1708 scena
602 1652 820 1718 ludunt,
869 1650 1245 1710 meretricum.
1286 1651 1521 1702 virorum
1564 1653 1652 1718 qui
1698 1648 1763 1701 ad
1796 1648 1917 1701 talia

312 1753 439 1799 sunt
487 1741 710 1811 depilati
730 1783 746 1807 ,
779 1741 1131 1810 parasitorum
1153 1780 1167 1802 ,
1200 1738 1533 1793 adulatormu
1562 1756 1574 1791 :
1606 1754 1709 1791 non
1739 1748 1918 1792 autem

313 1848 504 1885 eorum
545 1831 633 1900 qui
662 1829 729 1884 ad
758 1830 950 1884 ctelum
978 1829 1149 1883 vocati
1178 1839 1300 1882 sunt
1323 1871 1337 1895 ,
1379 1844 1483 1882 non
1514 1844 1698 1883 eorum
1734 1828 1822 1898 qui
1865 1829 1918 1883 in

316 1938 551 1991 superna
583 1923 797 1976 civitate
828 1929 950 1975 sunt
979 1920 1267 1989 descripti,
1296 1936 1400 1973 non
1430 1935 1614 1973 eorum
1642 1920 1728 1989 qui
1756 1920 1919 1974 armis

316 2016 693 2086 spiritualibus
734 2023 860 2068 sunt
896 2014 1174 2077 instructi,
1217 2013 1311 2067 sed
1351 2028 1535 2067 eorum
1576 2013 1665 2083 qui
1708 2012 1919 2067 diabolo

316 2117 444 2162 sunt
475 2107 687 2161 initiati.
716 2104 809 2160 Ille
839 2121 1068 2175 namque
1098 2114 1208 2169 est,
1252 2104 1342 2159 ille
1374 2104 1463 2172 qui
1494 2103 1592 2158 hac
1619 2112 1764 2168 arte,
1818 2103 1920 2157 hoc

316 2214 485 2268 opere
518 2208 743 2252 conatur
771 2197 970 2251 Christi
1015 2197 1210 2251 milites
1247 2194 1560 2261 debilitare,
1603 2196 1921 2266 illorumque

316 2292 481 2345 animi
514 2290 792 2345 molliores
822 2304 1018 2344 nervos
1049 2288 1281 2343 efﬁcere.
1315 2287 1437 2342 Ideo
1465 2287 1671 2342 theatra
1702 2288 1753 2341 in
1780 2288 1923 2342 urbi-

317 2382 420 2437 bus
461 2383 684 2444 struxit,
717 2390 771 2435 et
807 2381 1002 2435 mimos
1044 2380 1164 2435 illos
1190 2394 1481 2444 exercens,
1519 2380 1731 2435 illorum
1758 2397 1921 2451 opera

318 2482 509 2528 contra
548 2482 714 2526 totam
753 2472 1019 2526 civitatem
1056 2470 1194 2525 hanc
1235 2480 1437 2540 pestem
1479 2472 1675 2526 excitat
1716 2491 1728 2526 :
1762 2488 1921 2541 quam

319 2564 508 2633 fugere
562 2564 758 2618 Paulus
807 2562 963 2631 jussit
1008 2565 1026 2627 ί
1051 2561 1237 2632 Ephes.
1276 2562 1329 2616 5.
1370 2561 1476 2629 4),
1532 2561 1919 2631 stultiloquium

320 2670 517 2723 nempe
553 2663 607 2708 et
632 2653 1044 2714 scurrilitatem;
1089 2668 1207 2722 quae
1250 2662 1424 2706 autent
1467 2652 1922 2708 horumomnium

322 2746 635 2816 gravissima
666 2744 804 2799 risus
834 2743 974 2799 illius
1011 2743 1222 2798 occasio
1259 2751 1359 2798 est.
1391 2742 1613 2805 Quando
1647 2744 1921 2814 quidpiam

324 2856 417 2898 aut
443 2844 809 2912 blaSphemum
829 2852 920 2896 aut
941 2851 1095 2912 turpe
1117 2851 1255 2895 mter
1272 2838 1491 2896 ridicula
1509 2842 1655 2895 mimi
1676 2840 1924 2904 dixerint,

325 2944 455 2989 tunc
483 2950 549 2988 ex
591 2932 1049 3002 iusipientioribus
1079 2933 1292 3001 quidam
1333 2932 1513 2988 rident
1547 2942 1602 2988 et
1642 2934 1926 2997 laatantur;

325 3041 453 3081 cum
484 3026 748 3096 lapidibus
775 3027 920 3096 ipsos
950 3026 1209 3095 impetere
1237 3033 1544 3095 oporteret,
1571 3026 1828 3097 plaudunt
1852 3024 1929 3081 illi

328 3136 494 3191 super
537 3120 655 3187 his,
697 3130 754 3175 et
795 3135 893 3189 per
936 3119 1074 3174 hanc
1110 3119 1438 3188 voluptatem
1478 3119 1745 3174 caminum
1791 3117 1929 3187 ignis

327 3220 517 3266 contra
548 3221 709 3282 caput
736 3227 891 3267 suum
931 3212 1225 3265 attrahunt.
1253 3210 1385 3265 Nam
1418 3211 1508 3279 qui
1540 3210 1662 3264 talia
1693 3209 1931 3264 dicentes

331 3301 579 3368 laudant,
615 3303 649 3356 ii
676 3311 801 3355 sunt
821 3301 913 3371 qui
943 3300 1177 3355 maxime
1204 3300 1255 3354 id
1281 3300 1462 3355 dicere
1488 3299 1716 3354 suadent
1746 3317 1758 3353 :
1784 3299 1931 3354 ideo-

326 3410 436 3465 que
463 3396 728 3464 supplicio
754 3394 877 3449 huic
912 3394 1135 3449 facinori
1165 3394 1349 3449 debito
1382 3394 1679 3463 justissime
1711 3393 1930 3447 obnoxii

327 3497 509 3542 erunt.
544 3488 757 3542 Etenim
784 3488 830 3543 si
859 3488 1039 3543 nullus
1064 3498 1204 3541 esset
1245 3496 1534 3556 Spectator,
1577 3487 1755 3542 nullus
1799 3502 1930 3557 pro-

330 3576 475 3632 diret
517 3578 707 3633 histrio
748 3594 761 3633 :
803 3593 925 3632 cum
964 3589 1141 3633 autem
1177 3592 1276 3633 vos
1307 3577 1486 3632 vident
1512 3586 1566 3633 et
1608 3578 1850 3633 ofﬁcinas
1880 3585 1935 3633 et

330 3681 512 3737 artes,
568 3681 623 3727 et
668 3680 929 3739 quaestum
976 3670 1100 3725 hinc
1144 3672 1577 3739 provenientem,
1623 3681 1782 3741 atque
1826 3685 1933 3724 uno

329 3762 499 3817 verbo
530 3762 711 3816 omnia
740 3762 1043 3832 relinquere
1062 3802 1076 3824 ,
1108 3770 1165 3815 ut
1188 3760 1255 3815 ad
1284 3760 1397 3815 haec
1420 3760 1723 3829 spectacula
1750 3775 1934 3815 accur-

328 3853 462 3907 ratis
482 3894 499 3919 ,
535 3852 723 3921 majori
754 3852 1030 3907 alacritate
1072 3860 1231 3921 atque
1273 3851 1447 3905 studio
1477 3850 1561 3905 his
1586 3866 1803 3920 operam
1831 3850 1930 3904 ad-

330 3943 539 3999 hibent.
571 3944 684 3999 Hoc
714 3953 890 3999 autem
919 3945 1038 3999 dico
1064 3986 1078 4008 ,
1118 3959 1223 3998 non
1252 3953 1312 3998 ut
1352 3944 1473 3998 illos
1498 3959 1528 3997 a
1555 3944 1782 3999 crimine
1810 3943 1929 3996 vin-

332 4038 508 4093 dicem
530 4055 545 4103 ;
574 4037 667 4093 sed
689 4046 745 4091 ut
762 4037 980 4091 discatis
1000 4052 1096 4091 vos
1121 4051 1238 4091 esse
1257 4037 1346 4106 qui
1366 4035 1665 4107 hujusmodi
1686 4036 1934 4105 nequitia)

334 4129 657 4199 principium
679 4138 734 4183 et
754 4128 985 4183 radicem
1009 4127 1424 4183 subministratis
1441 4171 1455 4193 ,
1485 4128 1574 4197 qui
1599 4137 1760 4182 totam
1790 4127 1932 4183 diem

340 4221 425 4276 his
455 4222 508 4275 in
538 4221 701 4276 rebus
729 4221 1017 4287 insumitis,
1048 4220 1329 4275 honestum
1358 4220 1587 4290 coujugii
1611 4229 1805 4273 statum
1830 4230 1933 4273 tra-

336 4312 632 4377 ducentes,
704 4319 761 4365 et
815 4310 1126 4381 mysterium
1190 4325 1441 4381 magnum
1495 4311 1927 4365 dehonestantes.

336 4402 523 4473 Neque
551 4402 693 4457 enim
724 4403 913 4457 histrio
943 4402 1033 4457 ille
1063 4405 1133 4456 ita
1158 4402 1448 4471 delinquit,
1478 4412 1535 4456 ut
1575 4413 1659 4467 tu,
1701 4403 1790 4471 qui
1823 4403 1933 4457 hmc

336 4495 449 4549 ﬁeri
487 4495 681 4563 jubes;
724 4494 831 4548 imo
862 4509 961 4549 nec
993 4494 1153 4562 jubes
1184 4493 1380 4561 modo,
1422 4492 1518 4550 sed
1562 4492 1723 4547 etiam
1751 4506 1933 4550 curant

336 4586 590 4649 adhibes,
623 4584 854 4652 hetaris,
885 4586 1027 4640 rides
1048 4628 1061 4647 ,
1106 4586 1398 4655 laudasque
1428 4585 1734 4652 hujusmodi
1776 4599 1933 4653 spec-

338 4680 511 4734 tacula
533 4722 548 4742 ,
595 4680 850 4748 omnique
881 4678 1039 4733 modo
1067 4679 1203 4734 hanc
1240 4678 1388 4733 foves
1416 4677 1719 4732 dmmonum
1760 4675 1933 4731 ofﬁci-

343 4786 488 4825 nam.
520 4770 849 4838 Quibusnam
870 4812 884 4833 ,
916 4785 1099 4839 quaeso
1119 4812 1132 4834 ,
1171 4770 1339 4824 oculis
1366 4784 1587 4824 uxorem
1617 4778 1758 4822 luant
1790 4768 1934 4821 dumi

341 4871 524 4931 postea
551 4861 758 4916 videbis
776 4903 791 4928 ,
819 4877 975 4930 quam
1000 4861 1070 4916 ibi
1099 4861 1272 4914 vidisti
1303 4860 1625 4915 contumelia
1653 4858 1935 4913 affeetam‘!

343 4952 612 5022 quomodo
636 4968 742 5007 non
770 4953 1042 5008 erubescis
1069 4952 1195 5007 dum
1221 4952 1460 5022 conjugis
1481 4960 1585 5006 tua:
1612 4951 1935 5018 recordaris,

338 5062 458 5100 cum
490 5046 559 5100 ibi
589 5060 783 5099 Sexum
811 5045 928 5114 ejus
951 5044 1290 5100 dehonestari
1321 5043 1557 5099 videris?

412 5136 463 5191 8.
506 5134 583 5191 Ne
608 5136 737 5190 mihi
763 5135 985 5198 dixeris,
1011 5151 1125 5191 rem
1154 5136 1457 5191 simulatam
1484 5135 1929 5191 et’histrionicam

342 5226 453 5283 hmc
479 5242 602 5285 esse
633 5244 647 5283 :
682 5229 798 5284 lucc
824 5229 969 5285 enim
1000 5228 1310 5285 histrionica
1342 5227 1539 5283 multos
1574 5226 1750 5284 eﬁ‘ecit
1778 5228 1929 5283 adul-

2020 554 2202 609 teros,
2243 542 2543 610 multasque
2583 538 2811 595 familias
2848 538 3060 595 evertit.
3101 537 3331 608 Ideoque
3372 538 3603 592 maxime

2015 652 2193 707 gemo,
2223 636 2365 707 quod
2396 634 2526 689 illud
2552 650 2621 689 ne
2642 634 2837 688 malum
2864 633 3081 704 quidem
3111 632 3261 687 vobis
3286 646 3405 686 esse
3426 632 3607 686 videa-

2016 737 2123 794 tur,
2156 728 2249 783 sed
2292 727 2545 797 plausus,
2587 726 2809 793 clamor,
2852 727 2991 779 risus
3033 726 3229 779 multus
3266 724 3602 789 adhibeatur,

2015 820 2143 873 dum
2175 819 2421 874 adulterii
2450 818 2751 888 hujusmodi
2777 817 3136 887 spectaculum
3166 816 3358 871 offerre
3383 815 3601 871 audent.

2015 914 2153 980 Quid
2184 915 2319 969 dicis
2347 930 2407 971 ea
2443 930 2563 969 esse
2605 915 2966 969 histrionicam
3006 912 3440 967 simulationem?
3480 910 3605 965 Ideo

2016 1008 2090 1061 illi
2121 988 2387 1062 sexcentis
2414 1008 2687 1077 suppliciis
2717 1006 2861 1076 digni
2903 1015 3060 1068 sunt,
3101 1004 3353 1074 quoniam
3393 1018 3455 1056 ea
3486 1020 3606 1072 qua:

2018 1097 2163 1167 leges
2201 1113 2388 1153 omnes
2426 1099 2593 1153 vitare
2629 1098 2852 1165 jubent.
2898 1097 3083 1152 cadent
3126 1096 3223 1166 ipsi
3255 1096 3447 1150 imitari
3487 1104 3603 1149 stu-

2016 1187 2166 1243 dent.
2197 1188 2329 1243 Nam
2350 1189 2392 1243 si
2422 1189 2617 1243 malum
2638 1198 2721 1243 est
2740 1187 2889 1253 illud,
2917 1188 3032 1256 ejus
3058 1195 3140 1242 est
3166 1202 3374 1256 quoque
3401 1201 3602 1254 reprae-

2015 1280 2244 1335 sentatio
2274 1280 2436 1334 mala.
2469 1280 2711 1335 Nondum
2740 1280 2882 1345 dico,
2914 1288 3044 1349 quot
3074 1279 3343 1333 adulteros
3369 1278 3605 1333 efﬁciant

2016 1371 2324 1426 histrionica
2351 1371 2653 1441 hujusmodi
2681 1371 2929 1425 adulterii
2957 1370 3257 1440 spectacula
3279 1411 3293 1433 ,
3319 1385 3478 1439 quam
3506 1384 3602 1438 pe-

2015 1461 2248 1518 tulantes
2292 1464 2735 1533 impudentesque
2778 1462 3012 1517 efﬁciant
3056 1472 3416 1532 spectatores;
3474 1462 3604 1516 nihil

2014 1555 2157 1610 enim
2202 1554 2483 1621 lascivius,
2531 1554 2663 1609 nihil
2704 1555 3029 1624 petulantius
3063 1554 3251 1621 oculo,
3292 1555 3379 1623 qui
3422 1553 3605 1623 hujus-

2016 1645 2163 1701 modi
2206 1647 2509 1717 spectacula
2540 1646 2681 1702 ferre
2712 1646 2898 1716 possit.
2945 1646 3023 1700 Tu
3066 1660 3198 1701 vero
3238 1646 3289 1699 in
3330 1645 3445 1700 foro
3487 1646 3605 1715 qui.

2015 1737 2136 1793 dem
2156 1738 2351 1791 nudam
2367 1738 2641 1793 mulierem
2661 1738 2901 1806 aspicere
2922 1738 3058 1790 nolis
3077 1752 3091 1801 ;
3112 1737 3220 1791 imo
3238 1753 3407 1804 neque
3420 1736 3564 1791 domi
3588 1758 3601 1791 :

2015 1844 2128 1885 rem
2149 1829 2289 1885 enim
2311 1828 2613 1899 hujusmodi
2641 1828 3015 1884 contumeliam
3039 1842 3197 1883 vocas
3222 1845 3234 1880 :
3263 1829 3313 1881 in
3339 1826 3603 1882 theatrum

2017 1933 2192 1977 tamen
2222 1923 2501 1986 ascendis,
2542 1931 2598 1977 ut
2634 1937 2917 1977 commune
2942 1938 3108 1992 genus
3148 1922 3381 1975 virorum
3418 1921 3605 1975 mulie-

2015 2029 2241 2083 rumque
2264 2015 2585 2073 contumelia
2611 2014 2836 2079 afﬁcias,
2863 2014 3151 2083 oculosque
3173 2022 3289 2067 tuos
3317 2012 3605 2081 deturpes?

2016 2107 2094 2163 Ne
2123 2108 2251 2162 mihi
2282 2108 2482 2163 dixeris
2513 2107 2789 2162 mulierem
2822 2107 2963 2161 illam
3001 2106 3196 2160 nudam
3218 2148 3234 2173 ,
3270 2122 3389 2161 esse
3427 2121 3602 2160 mere-

2018 2201 2236 2268 tricem;
2269 2204 2449 2272 utique
2479 2201 2617 2255 idem
2650 2201 2765 2270 ipse
2792 2215 2971 2264 sexus,
3001 2200 3141 2255 idem
3167 2215 3363 2269 corpus
3388 2208 3469 2254 est
3492 2215 3603 2253 me-

2017 2293 2226 2348 retricis
2262 2302 2318 2349 et
2348 2294 2548 2348 liberm.
2571 2292 2627 2348 Si
2656 2293 2800 2349 enim
2822 2292 3061 2347 obscmni
3089 2291 3219 2345 nihil
3243 2306 3305 2346 ea
3337 2291 3389 2345 in
3417 2306 3477 2346 re
3499 2300 3601 2356 est,

2017 2399 2114 2440 cur
2140 2400 2261 2439 cum
2294 2386 2345 2439 in
2376 2384 2493 2439 foro
2514 2385 2702 2439 eadem
2730 2384 2843 2454 ipsa
2862 2383 3062 2438 videris
3081 2424 3095 2447 ,
3118 2384 3297 2438 statim
3327 2382 3519 2447 resilis,
3550 2391 3606 2436 et

2018 2474 2432 2530 inverecundam
2468 2475 2733 2545 depellis?
2767 2490 2836 2529 an
2864 2490 2985 2529 cum
3016 2474 3265 2544 disjuncti
3294 2489 3509 2538 sumus,
3550 2473 3602 2527 id

2016 2568 2328 2624 obscaenum
2359 2577 2473 2635 est;
2502 2584 2622 2624 cum
2652 2576 2829 2622 autem
2856 2568 3161 2637 congregati
3189 2582 3291 2621 una
3316 2566 3563 2621 sedemus
3583 2607 3601 2631 ,

2016 2673 2121 2713 non
2153 2658 2371 2730 perinde
2397 2668 2551 2730 turpe
2580 2660 2703 2715 est?
2736 2658 2931 2713 Verum
2965 2658 3067 2712 hoc
3104 2657 3385 2712 ridiculum
3424 2670 3486 2709 ac
3512 2655 3604 2709 de-

2015 2752 2180 2808 decus
2204 2762 2286 2807 est
2304 2793 2318 2817 ,
2348 2760 2402 2807 et
2428 2752 2544 2806 haec
2572 2751 2732 2806 verba
2759 2758 3051 2805 extremam
3084 2765 3192 2820 pra:
3221 2765 3280 2803 se
3312 2748 3486 2803 ferunt
3510 2749 3604 2801 dc-

2016 2844 2268 2900 mentiam
2314 2862 2327 2898 :
2370 2844 2666 2913 meliusque
2709 2852 2853 2898 esset
2890 2857 3048 2897 cteno
3076 2852 3234 2913 atque
3272 2842 3386 2896 luto
3418 2840 3603 2895 oculos

2014 2943 2287 3010 oblinere,
2315 2956 2472 3011 quam
2504 2941 2574 2995 ita
2604 2940 2798 2995 {tedam
2825 2950 2879 2994 et
2908 2939 3143 3008 iniquam
3176 2953 3287 2991 rem
3331 2946 3595 3006 spectare.

2014 3034 2197 3105 Neque
2225 3034 2367 3089 enim
2398 3040 2599 3087 tantum
2626 3031 2806 3086 damni
2833 3029 2989 3085 oculo
3016 3028 3176 3082 infert
3200 3028 3400 3093 lutum,
3426 3041 3599 3097 quan-

2017 3136 2126 3180 tum
2155 3126 2382 3180 lascivus
2408 3132 2657 3194 aspectus
2681 3131 2737 3177 et
2762 3120 2917 3176 nudm
2949 3120 3188 3175 mulieris
3213 3118 3596 3188 spectaculum.

2014 3217 2155 3271 Audi
2187 3218 2345 3287 igitur
2374 3216 2499 3286 quid
2529 3214 2821 3269 nuditatem
2850 3213 2919 3268 ab
2948 3212 3100 3266 initio
3126 3210 3327 3274 fecerit,
3357 3220 3410 3264 et
3442 3218 3600 3264 tanta!

2016 3308 2359 3379 turpitudinis
2384 3309 2640 3362 rationem
2664 3314 2862 3359 metue.
2892 3302 3028 3371 Quid
3059 3318 3185 3373 ergo
3211 3302 3501 3355 nuditatem
3524 3300 3599 3354 ef-

2018 3401 2176 3457 fecit?
2208 3400 2566 3457 lnobedientia
2600 3408 2655 3453 et
2685 3398 2879 3453 diaboli
2923 3396 3148 3451 iusidize.
3194 3395 3283 3449 Sic
3318 3393 3428 3463 jam
3471 3393 3599 3447 olim

2018 3506 2071 3549 et
2097 3496 2166 3549 ab
2192 3495 2341 3549 initio
2368 3493 2469 3547 hoc
2496 3492 2611 3561 ejus
2637 3490 2732 3546 fuit
2756 3489 3012 3545 studium.
3045 3487 3236 3542 Verum
3267 3486 3384 3540 illos
3409 3485 3599 3541 saltem

2017 3586 2251 3657 pudebat
2274 3584 2414 3655 quod
2442 3583 2566 3637 nudi
2596 3588 2777 3637 essent
2803 3597 2818 3639 :
2850 3595 2946 3635 vos
2975 3587 3150 3633 autem
3175 3576 3225 3631 id
3247 3576 3426 3631 decori
3452 3575 3602 3628 vobis

2018 3692 2137 3734 esse
2154 3677 2368 3748 putatis,
2389 3675 2677 3731 secundum
2690 3673 2815 3728 illud
2830 3668 3305 3742 apostoli,Gloriam
3322 3668 3373 3720 in
3393 3666 3601 3735 turpitu-

2019 3770 2137 3823 dine
2163 3768 2397 3822 habentes
2424 3765 2696 3837 (Philipp.
2728 3765 2782 3820 '5.
2816 3760 2938 3834 l9).
2969 3761 3172 3829 Quibus
3197 3773 3325 3829 ergo
3352 3767 3405 3813 te
3437 3757 3604 3811 oculis

2019 3875 2155 3916 uxor
2192 3860 2444 3929 aspiciet,
2480 3873 2510 3911 a
2541 3867 2647 3912 tam
2687 3857 2868 3926 iniquo
2908 3854 3212 3925 spectaculo
3260 3850 3605 3906 redeuntem?

2019 3951 2289 4023 quomodo
2315 3962 2365 4006 te
2385 3949 2644 4020 recipiet?
2670 3948 2860 4018 quibus
2883 3955 2933 4000 te
2952 3945 3128 4000 verbis
3156 3944 3475 4014 alloquetur,
3515 3958 3604 4011 qm

2019 4043 2335 4098 muliebrem
2365 4056 2551 4096 sexum
2574 4048 2741 4094 totum
2770 4040 2840 4093 ita
2866 4036 3322 4097 dehonestavcris,
3349 4045 3401 4088 et
3423 4049 3489 4089 ex
3517 4034 3604 4087 tali

2021 4137 2325 4207 spectaculo
2351 4134 2595 4205 captivus
2623 4142 2677 4187 et
2715 4145 2900 4185 servus
2925 4128 3223 4183 meretricis
3247 4126 3466 4181 effectus
3492 4125 3607 4180 sis?

2021 4230 2079 4287 Si
2109 4230 2225 4284 hmc
2248 4228 2524 4283 audientes
2552 4224 2744 4280 doletis
2763 4264 2778 4287 ,
2809 4222 3032 4292 gratiam
3060 4220 3210 4275 vobis
3240 4219 3411 4273 habeo
3441 4219 3608 4271 maxi-

2021 4340 2183 4380 mam.
2233 4323 2360 4389 Quis
2407 4322 2539 4374 enim
2584 4327 2655 4371 est
2706 4317 2790 4386 qui
2824 4314 3160 4381 melwtiﬁcet,
3203 4311 3301 4364 nisi
3340 4311 3383 4363 is
3434 4309 3521 4380 qui
3547 4310 3608 4362 ob

2022 4417 2159 4470 dicta
2187 4432 2297 4469 utea
2324 4410 2656 4481 tristatur(2.
2689 4410 2813 4462 Cor.
2843 4406 2897 4459 2.
2928 4406 3039 4475 2)?
3079 4404 3157 4459 Ne
3194 4403 3417 4458 cesselis
3451 4401 3610 4471 igitur

2022 4509 2090 4564 de
2119 4508 2201 4563 his
2231 4508 2502 4577 ingemere
2521 4512 2575 4557 et
2596 4500 2825 4556 morderi
2861 4516 2875 4552 :
2903 4513 3022 4551 nam
3050 4495 3204 4550 dolor
3228 4494 3297 4549 de
3323 4492 3486 4548 rebus
3512 4491 3611 4545 hu-

2018 4600 2251 4674 jusmodi
2271 4597 2587 4669 principium
2606 4593 2755 4647 vobis
2772 4590 2874 4645 erit
2890 4586 3257 4645 conversionis
3278 4585 3343 4639 ad
3366 4584 3607 4639 meliora.

2032 4694 2259 4763 Ideoque
2288 4684 2673 4745 vehementiori
2704 4696 2951 4737 sermone
2976 4694 3092 4734 sum
3120 4692 3264 4743 usus,
3288 4686 3347 4730 ut
3367 4690 3461 4745 per
3487 4689 3610 4744 pro-

2024 4786 2319 4842 fundiorem
2357 4781 2669 4837 incisionem
2703 4791 2733 4830 a
2770 4772 3048 4845 putredine
3078 4771 3165 4823 illa
3203 4768 3611 4823 temulentorum

2024 4879 2298 4935 hominum
2325 4889 2419 4928 vos
2449 4873 2755 4932 liberarem,
2781 4874 2833 4920 et
2853 4864 2919 4918 ad
2938 4877 3121 4933 puram
3141 4859 3304 4914 animi
3326 4858 3607 4912 sanitatem

2025 4972 2336 5027 reducerem
2375 4983 2390 5021 :
2431 4978 2534 5035 qua
2565 4960 2764 5016 utinam
2796 4972 2892 5011 nos
2920 4968 3109 5009 omnes
3141 4967 3235 5021 per
3263 4950 3438 5004 omnia
3470 4947 3609 5002 frua.

2026 5079 2164 5128 mur,
2192 5070 2245 5116 et
2276 5057 2492 5131 prmmia
2520 5054 2675 5109 bonis
2701 5050 2908 5105 actibus
2936 5046 3165 5116 reposita
3194 5056 3607 5110 consequamur,

2026 5156 2193 5226 gratia
2220 5130 2668 5208 etimisericordia
2698 5139 2904 5197 Domini
2932 5137 3097 5193 nostri
3124 5136 3251 5191 Jesu
3277 5131 3495 5195 Christi,
3522 5130 3607 5184 cui

2030 5246 2201 5319 gloria
2229 5253 2283 5303 et
2310 5240 2592 5315 imperium
2626 5242 2680 5295 in
2708 5234 2903 5293 saecula
2932 5231 3271 5289 saeculorum.
3305 5228 3495 5282 Amen.
