4078 6372
491 412 558 465 75
1218 418 1275 476 S.
1315 416 1594 476 JOANNIS
1630 415 2106 474 CHRYSOSTOMI
2144 415 2467 474 ARClllEP.
2499 415 3035 477 CONSTANTINOP.
3698 411 3768 468 74

1861 977 2210 1039 HOMILIA
2257 980 2385 1043 νιι.

477 1348 602 1404 CAP.
632 1347 697 1402 ΙΙ.
725 1362 778 1401 v.
813 1348 866 1402 4.
900 1346 968 1402 Et
1005 1363 1319 1419 congregans
1345 1361 1518 1402 omnes
1544 1342 1794 1414 principes
1829 1342 2068 1398 sacerdo-

552 1453 658 1496 tum
687 1451 734 1496 et
773 1443 962 1497 scribas
989 1443 1199 1513 populi,
1231 1441 1576 1496 sciscatabatur
1604 1437 1667 1492 ab
1695 1438 1765 1492 eis
1803 1437 1889 1491 ubi
1914 1435 2070 1491 Chri-

551 1543 660 1588 stus
687 1543 996 1589 nasceretur.
1027 1533 1084 1588 5.
1107 1532 1172 1586 At
1205 1532 1285 1587 illi
1308 1532 1543 1586 dixerunt
1569 1531 1615 1583 ei
1641 1545 1660 1583 :
1696 1529 1748 1582 in
1775 1525 2069 1584 Bethlebem

545 1623 577 1678 «Ι
588 1625 767 1679 autem.

551 1719 604 1772 1.
653 1717 896 1773 Vidistin’
943 1715 1121 1772 omnia
1167 1715 1234 1769 ad
1285 1713 1595 1770 Iudaeorum
1641 1713 2065 1768 eonfutationem

479 1809 778 1866 accidisse?
802 1808 1066 1877 Quamdiu
1087 1807 1230 1862 enim
1271 1823 1388 1862 non.
1407 1807 1656 1862 videbant
1681 1821 1826 1874 eum,
1859 1821 1960 1862 nec
1985 1807 2070 1862 in-

481 1904 621 1959 vidia
652 1904 1097 1973 corripiebantur,
1126 1901 1429 1956 testimonia
1455 1915 1584 1956 vere
1609 1909 1664 1956 et
1693 1909 1750 1954 ut
1773 1907 1928 1954 erant
1952 1914 2075 1968 pro-

483 1993 728 2048 ferebant
759 2010 772 2046 :
804 1993 892 2047 ubi
934 2001 1114 2048 autem
1159 1991 1409 2047 viderunt
1451 1992 1676 2062 gloriam
1706 2006 1770 2046 ex
1803 1990 2073 2045 miraculis

481 2095 687 2155 partam
709 2127 723 2148 ,
757 2084 953 2139 invidia
983 2084 1198 2140 demum
1227 2083 1492 2152 correpti,
1525 2084 1800 2138 veritatem
1829 2083 2076 2153 prodide-

481 2185 624 2231 runt.
649 2175 756 2232 Sed
786 2175 989 2230 veritas
1010 2176 1062 2230 in
1083 2175 1333 2230 omnibus
1353 2174 1641 2241 eminebat,
1672 2184 1726 2229 et
1750 2174 1818 2229 ab
1845 2175 2074 2230 inimicis

481 2269 652 2340 magis
687 2268 961 2339 magisque
986 2267 1438 2338 promulgabatur.
1486 2267 1583 2321 llic
1612 2265 1739 2320 mihi
1768 2267 1890 2322 vide
1913 2283 2074 2337 quam

482 2363 638 2426 mira,
669 2377 826 2432 quam
857 2361 1120 2430 stupenda
1142 2359 1542 2430 provideantur.
1562 2359 1769 2415 Mutuus
1796 2360 1896 2414 sibi
1921 2374 2074 2414 com-

483 2453 703 2508 modant
733 2453 947 2508 notitias
991 2452 1202 2507 barbari
1247 2459 1302 2507 et
1340 2451 1545 2512 Juda‘i,
1589 2452 1662 2506 ita
1696 2461 1754 2507 ut
1785 2452 1981 2524 singuli
2006 2452 2076 2508 ab

483 2547 606 2601 aliis
643 2546 914 2616 quidpiam
957 2547 1078 2600 novi
1109 2545 1369 2600 ediscant.
1399 2544 1568 2600 Judzni
1599 2561 1829 2615 namque
1851 2560 1881 2599 a
1907 2546 2076 2614 magis

481 2639 851 2704 edidicerunt,
885 2638 1026 2708 quod
1055 2638 1206 2692 stella
1255 2639 1426 2706 ipsum
1462 2638 1512 2692 in
1545 2637 1826 2692 Persarum
1856 2638 2077 2708 regione

485 2729 885 2798 prmdicaverit:
911 2730 1048 2798 magi
1077 2744 1106 2780 a
1128 2726 1330 2782 Iudaeis
1353 2736 1692 2796 acceperunt,
1723 2743 1846 2782 eum
1877 2729 2072 2797 ipsum,

483 2835 646 2890 quem
677 2820 829 2874 stella
859 2819 1260 2890 prcedicaverat,
1284 2817 1393 2888 jam
1422 2833 1451 2871 a
1483 2818 1663 2873 multis
1692 2829 1836 2872 retro
1866 2830 2075 2888 tempo-

481 2911 634 2965 ribus
665 2927 757 2980 per
786 2909 1073 2982 prophetas
1117 2909 1529 2979 praenuntiatum
1575 2907 1740 2963 fuisse
1765 2926 1778 2962 :
1801 2917 1960 2978 atque
1989 2909 2075 2963 in-

483 3004 857 3075 terrogationis
875 3004 1086 3058 occasio
1108 3002 1353 3057 clarioris
1375 3011 1429 3056 et
1449 3001 1795 3057 accuratioris
1819 3000 2077 3057 doctrina:

482 3094 869 3148 demonstratio
921 3095 1160 3163 utrisque
1209 3093 1309 3148 luit
1339 3110 1353 3147 :
1385 3102 1533 3148 certe
1579 3093 1821 3148 veritatis
1874 3092 2077 3148 inimici

485 3185 683 3254 scripta
715 3185 953 3240 veritatis
980 3185 1280 3240 testimonia
1306 3184 1390 3240 vel
1415 3184 1566 3239 inviti
1591 3184 1767 3255 legere
1791 3193 2075 3256 coguntur,

479 3287 532 3329 ct
563 3276 898 3346 prephetiam
939 3276 1275 3345 interpretari
1300 3316 1314 3340 ,
1343 3275 1555 3331 etiamsi
1586 3291 1692 3329 non
1721 3283 1884 3330 totam
1921 3291 2078 3331 :cum

480 3368 624 3422 enim
659 3366 966 3422 Bethlehem
997 3367 1289 3433 dixissent,
1313 3375 1367 3421 et
1407 3365 1531 3422 inde
1587 3366 1917 3422 exoriturum
1957 3381 2079 3422 esse

478 3473 603 3512 eum
629 3458 720 3528 qui
767 3467 974 3528 regeret
1021 3457 1270 3512 lsraelem
1292 3498 1308 3524 ,
1341 3471 1446 3510 non
1491 3455 1810 3512 addiderunt
1846 3456 1900 3511 id
1935 3457 2080 3528 quod

481 3548 826 3618 sequebatur,
849 3557 907 3603 ut
926 3549 1036 3618 regi
1058 3548 1426 3602 adularentur.
1447 3546 1584 3615 Quid
1603 3559 1782 3601 autem
1801 3555 1885 3602 est
1907 3545 2080 3602 illud?

482 3639 552 3692 Et
576 3656 805 3710 egressus
829 3641 938 3709 ejus
963 3640 1025 3693 ab
1041 3640 1184 3693 initio
1212 3655 1276 3693 ea:
1300 3639 1475 3692 diebus
1494 3638 1666 3694 swculi
1693 3639 1880 3707 (Mich.
1911 3639 1964 3694 5.
1993 3637 2076 3706 9.).

483 3737 552 3791 Et
579 3753 679 3804 qua
709 3739 774 3791 de
802 3753 960 3793 causa
984 3781 997 3802 ,
1031 3740 1238 3810 inquies
1259 3780 1273 3802 ,
1307 3740 1351 3794 si
1378 3739 1502 3794 inde
1525 3739 1758 3793 oriturns
1785 3749 1920 3803 erat,
1949 3747 2072 3809 post

478 3839 689 3899 partum
715 3832 766 3885 in
797 3831 1021 3887 Nazaret
1050 3832 1262 3897 mansit,
1292 3841 1348 3886 et
1372 3831 1705 3902 prophetiam
1732 3831 2071 3887 obscuravitl

477 3920 589 3976 lmo
620 3935 724 3975 non
751 3921 1074 3986 obscuravit,
1107 3921 1200 3978 sed
1231 3922 1514 3978 clariorem
1545 3921 1740 3978 effecit.
1770 3921 1906 3977 Nam
1927 3921 2070 3992 quod

475 4019 649 4065 mater
675 4011 811 4080 ejus,
838 4027 957 4082 quae
988 4011 1099 4068 illic
1128 4011 1421 4078 habitabat,
1453 4011 1555 4067 hoc
1577 4013 1628 4066 in
1648 4013 1768 4066 loco
1782 4013 2073 4082 pepererit.

477 4101 530 4156 id
560 4110 707 4156 certe
731 4101 965 4157 ostendit
984 4117 1096 4157 rem
1125 4118 1221 4172 per
1242 4102 1634 4171 providentiam
1663 4103 1852 4158 iactam
1885 4102 2066 4158 fuisse.

472 4192 816 4264 Quapropter
856 4209 963 4247 non
1007 4194 1188 4248 statim
1221 4202 1381 4262 atque
1417 4204 1572 4249 natus
1597 4201 1715 4258 est,
1748 4193 1874 4248 hinc
1909 4195 2067 4258 exiit,

475 4286 572 4341 sed
601 4285 671 4338 ibi
704 4285 896 4338 mansit
926 4301 1019 4354 per
1041 4286 1156 4340 dies
1180 4284 1527 4354 quadraginta
1547 4325 1562 4351 ,
1608 4285 1782 4339 locum
1809 4283 1941 4338 dans
1969 4285 2072 4339 illis

475 4378 568 4448 qui
600 4379 796 4433 vellent
824 4378 1089 4433 curiosius
1118 4377 1407 4447 inquirere,
1443 4387 1497 4432 ut
1529 4387 1776 4433 accurate
1803 4379 2072 4432 examina-

475 4479 597 4524 rent
622 4471 822 4524 omnia.
853 4469 1012 4524 Multa
1041 4471 1236 4540 quippe
1261 4479 1417 4525 erant
1443 4485 1562 4539 quae
1588 4470 1656 4524 ad
1687 4470 1822 4526 hanc
1855 4472 2069 4540 perqui-

473 4565 723 4618 sitionem
755 4572 1053 4628 moverent.
1080 4565 1125 4620 si
1151 4563 1365 4634 quidem
1395 4564 1674 4620 attendere
1701 4565 1919 4619 vellent.
1949 4565 2069 4620 Ete-

475 4656 584 4709 nim
617 4655 953 4710 venientibus
983 4655 1170 4725 magis,
1190 4655 1456 4709 concitata
1482 4664 1568 4708 est
1596 4654 1844 4710 universa
1864 4655 2069 4724 civitas,

476 4758 528 4800 ct
559 4762 682 4801 cum
709 4749 926 4803 civitate
951 4762 1048 4801 rex
1074 4747 1189 4815 ipse
1213 4763 1226 4799 :
1247 4746 1508 4816 propheta
1539 4747 1590 4802 in
1633 4747 1870 4803 medium
1899 4748 2070 4804 addu-

474 4849 595 4894 ctus
637 4850 753 4903 est,
802 4839 973 4893 forum
1013 4838 1270 4908 judiciale
1320 4853 1571 4908 magnum
1623 4839 1907 4895 collectum
1953 4849 2068 4906 est;

476 4931 687 5000 aliaque
718 4931 881 4984 multa
930 4929 1126 4984 ibidem
1155 4937 1304 5000 gesta
1334 4938 1493 4997 sunt,
1539 4945 1660 5000 quae
1687 4933 1864 4986 omnia
1895 4941 2068 4987 narrat

476 5031 725 5076 accurate
757 5022 960 5086 Lucas;
990 5021 1136 5076 verbi
1157 5022 1322 5092 gratia
1349 5038 1468 5090 quae
1487 5022 1552 5076 ad
1573 5024 1779 5077 Annam
1803 5035 2068 5094 spectant,

476 5130 598 5185 qum
625 5113 692 5168 ad
733 5113 1036 5169 Simeonem
1057 5151 1075 5179 ,
1123 5112 1191 5167 ad
1231 5112 1540 5168 Zachariam
1565 5155 1581 5180 ,
1626 5116 1693 5169 ad
1725 5115 1977 5187 angelos,
2007 5117 2071 5172 ad

477 5214 759 5274 pastores,
799 5219 919 5274 quae
953 5202 1134 5258 omnia
1179 5213 1426 5273 poterant
1468 5205 1531 5258 iis
1573 5204 1664 5274 qui
1708 5207 1944 5260 animum
1973 5205 2072 5261 ad-

479 5295 667 5350 bibere
694 5294 893 5349 vellent
919 5294 1257 5350 occasionem
1284 5294 1442 5360 dare,
1483 5304 1540 5349 ut
1566 5294 1707 5365 quod
1735 5295 1930 5351 factum
1961 5309 2071 5352 erat

477 5385 963 5456 deprehenderent.
1010 5384 1142 5440 Nam
1184 5385 1230 5440 si
1273 5387 1410 5456 magi
1455 5401 1518 5441 ex
1553 5385 1771 5441 Perside
1800 5389 2075 5445 venientes

479 5478 653 5532 locum
701 5493 806 5533 non
851 5478 1262 5547 ignoraverunt,
1295 5478 1466 5532 multo
1504 5479 1674 5549 magis
1721 5480 1794 5546 ii,
1841 5481 1930 5550 qui
1959 5481 2076 5537 istic

480 5568 852 5631 versabantur.
875 5571 990 5624 lucc
1010 5578 1256 5639 poterant
1281 5569 1541 5624 ediscere.
1561 5569 1694 5626 Sese
1715 5572 1874 5642 igitur
1893 5581 2075 5627 osten-

479 5659 558 5714 dit
594 5661 662 5715 ab
691 5659 841 5714 initio
871 5675 968 5730 per
1005 5660 1171 5714 multa
1211 5660 1466 5714 miracula
1497 5664 1653 5728 :quia
1683 5671 1862 5717 autem
1896 5661 2075 5720 videre

482 5752 771 5810 noluerunt
791 5795 805 5821 ,
837 5767 934 5825 per
961 5753 1292 5826 aliquantum
1320 5755 1576 5824 temporis
1603 5769 1723 5812 sese
1767 5757 2071 5824 occultans,

2179 1321 2371 1380 iterum
2399 1339 2458 1382 se
2484 1325 2590 1384 alio
2615 1327 2774 1400 longe
2793 1327 3024 1388 clariore
3038 1333 3275 1390 ostendit
3296 1334 3474 1392 modo.
3495 1335 3609 1394 Non
3630 1339 3779 1395 erum

2178 1417 2319 1487 magi
2348 1417 2601 1489 deinceps
2621 1461 2636 1485 ,
2665 1435 2773 1477 non
2800 1422 2952 1476 stella
2973 1464 2988 1488 ,
3016 1424 3112 1479 sed
3141 1425 3298 1482 Pater
3322 1443 3554 1498 superne
3579 1429 3778 1502 praedi-

2177 1510 2320 1564 cavit
2362 1508 2415 1562 in
2460 1508 2708 1564 Jordanis
2754 1509 3000 1581 ﬂuentis,
3050 1525 3107 1570 et
3152 1517 3382 1585 Spiritus
3425 1523 3774 1591 supervenit,

2172 1624 2360 1666 vocem
2392 1609 2538 1666 illam
2580 1612 2632 1667 in
2675 1613 2928 1685 baptizati
2967 1628 3129 1688 caput
3157 1618 3510 1677 aﬂerenszet
3533 1619 3776 1678 Joannes

2173 1715 2297 1758 cum
2326 1703 2572 1759 libertate
2597 1707 2741 1760 omni
2782 1721 2878 1776 per
2901 1716 3066 1764 totam
3091 1709 3330 1766 Judzeam
3362 1711 3646 1777 clamabat,
3682 1711 3780 1767 ba-

2171 1792 2448 1850 bitabilem
2473 1835 2489 1859 ,
2540 1795 2909 1871 inbabitatam_
2939 1809 3139 1857 terram
3179 1801 3486 1872 huiusmodi
3511 1802 3777 1860 .doctrina

2170 1884 2389 1954 replens
2419 1902 2434 1939 :
2465 1885 2843 1970 miraculorum
2891 1906 3105 1962 quoque
3148 1893 3542 1958 testimonium,
3589 1901 3772 1961 terra,

2172 1989 2323 2030 mare
2353 1975 2708 2048 universaque
2731 1991 2975 2036 creatura
3003 1982 3336 2052 splendidam
3366 1984 3464 2039 hac
3492 1984 3560 2041 de
3589 2001 3651 2040 re
3676 2001 3776 2040 vo-

2167 2081 2284 2120 cem
2311 2068 2608 2124 emittebat.
2640 2070 2759 2140 lpso
2778 2073 2936 2127 etiam
2959 2085 3142 2144 partus
3157 2084 3401 2147 tempore
3425 2085 3503 2132 tot
3522 2077 3772 2136 accidere

2167 2157 2316 2227 signa
2335 2201 2350 2222 ,
2377 2175 2496 2229 qua:
2526 2171 2744 2231 possent
2775 2163 3010 2221 indicare
3039 2167 3212 2237 ipsum
3241 2168 3544 2225 advenisse.
3577 2169 3656 2225 Ne
3683 2170 3772 2224 di-

2166 2259 2352 2304 cerent
2376 2251 2521 2306 enim
2547 2252 2718 2309 Iudwi
2747 2255 3064 2312 :Neseimus
3089 2259 3177 2314 ubi
3205 2259 3287 2314 vel
3317 2275 3426 2330 quo
3463 2260 3583 2316 loco
3611 2271 3773 2317 natus

2169 2341 2273 2407 sit,
2301 2341 2389 2397 illa
2415 2359 2535 2414 qua:
2560 2360 2745 2417 magos
2771 2357 3014 2417 spectant
3051 2351 3264 2420 provisa
3305 2353 3486 2418 luere,
3533 2354 3772 2424 itemque

2168 2435 2271 2489 alia
2300 2449 2419 2504 quae
2447 2435 2699 2505 diximus,
2730 2439 2800 2494 ita
2829 2450 2887 2494 ut
2916 2442 3117 2496 nullam
3146 2444 3544 2500 excusationem
3572 2443 3770 2501 afferre

2176 2528 2413 2597 possint,
2445 2529 2594 2600 quod
2631 2529 2690 2587 id
2725 2531 2876 2604 quod
2908 2542 3127 2605 gestum
3167 2542 3291 2588 erat
3334 2549 3447 2588 non
3487 2534 3776 2605 perquisi-

2177 2620 2388 2678 verint.

2248 2716 2302 2770 2.
2339 2716 2619 2787 Perpende
2653 2730 2832 2777 autem
2871 2723 3166 2793 prephetite
3204 2726 3621 2782 accurationem.
3655 2727 3776 2784 Non

2175 2809 2316 2860 enim
2347 2807 2507 2874 dixit,
2535 2811 2590 2864 In
2613 2811 2925 2869 Bethlehem
2949 2816 3206 2880 manebit,
3229 2817 3344 2883 sed,
3368 2817 3562 2874 Exibit.
3591 2820 3780 2892 Itaque

2171 2897 2225 2952 id
2257 2907 2458 2954 tantum
2491 2904 2768 2974 prophetia
2796 2908 3170 2976 exprimebat,
3199 2909 3342 2980 quod
3371 2911 3441 2966 ibi
3471 2911 3776 2968 nasciturus

2173 3002 2337 3047 esset.
2366 2995 2590 3062 Quidam
2620 3010 2801 3055 autem
2827 3016 3013 3056 eorum
3045 3002 3383 3074 impudenter
3406 3004 3622 3069 dicunt,
3656 3006 3778 3060 base

2172 3082 2242 3139 de
2269 3085 2600 3145 Zorobabele
2640 3093 2992 3160 praenuntiata
3042 3093 3205 3150 fuisse
3235 3113 3249 3150 :
3277 3096 3370 3151 sed
3396 3096 3671 3166 quomodo
3695 3097 3779 3153 sic

2174 3187 2402 3246 possunt
2427 3179 2760 3252 intelligere?
2783 3184 2897 3239 Non
2927 3186 3070 3240 enim
3107 3186 3358 3257 Egressus
3386 3189 3496 3260 ejus
3529 3187 3593 3240 ab
3629 3187 3778 3244 initio

2169 3285 2234 3324 ea:
2261 3270 2434 3326 diebus
2460 3276 2632 3328 satculi
2675 3275 2861 3346 (Mich.
2891 3278 2944 3333 5.
2972 3277 3051 3347 2).
3097 3277 3379 3346 Quomodo
3407 3288 3586 3334 autem
3630 3279 3766 3335 illud

2172 3364 2314 3432 quod
2357 3365 2508 3420 initio
2536 3367 2749 3435 dicitur,
2782 3368 2868 3423 Ea:
2908 3382 2957 3424 te
2994 3371 3176 3437 exibit,
3221 3371 3275 3426 in
3303 3371 3452 3426 illum
3478 3372 3776 3428 convenire

2171 3454 2376 3522 possit?
2404 3457 2518 3512 Non
2548 3460 2689 3514 enim
2723 3461 2774 3514 in
2819 3461 3003 3517 Iudaea
3023 3504 3038 3526 ,
3082 3463 3177 3518 sed
3226 3465 3279 3519 in
3309 3464 3583 3537 Babylone
3612 3473 3776 3520 natus

2170 3557 2257 3603 est
2283 3566 2297 3604 :
2327 3551 2470 3606 unde
2507 3553 2668 3608 etiam
2700 3554 2997 3612 Zorobabel
3027 3558 3326 3627 appellatus
3361 3557 3491 3623 fuit,
3523 3557 3648 3629 quia
3691 3556 3770 3613 ibi

2167 3648 2343 3695 ortum
2369 3640 2541 3696 duxit.
2573 3644 2844 3716 Quotquot
2882 3645 3140 3718 Syrorum
3186 3647 3418 3720 linguam
3456 3649 3669 3714 sciunt,
3710 3648 3770 3705 id

2167 3731 2309 3800 quod
2358 3733 2586 3790 dicimus
2632 3752 2738 3790 non
2790 3737 3054 3807 ignorant.
3103 3739 3308 3796 Praeter
3348 3755 3413 3796 ea
3461 3755 3594 3796 vero
3642 3755 3769 3811 qua:

2164 3824 2434 3893 diximus,
2463 3838 2671 3898 tempus
2699 3840 2867 3885 totum
2895 3831 3230 3904 subsequens
3261 3832 3363 3888 hoc
3393 3833 3763 3888 testimonium

2163 3921 2486 3977 conﬁrmare
2531 3919 2696 3973 valet.
2743 3918 2880 3985 Quid
2929 3916 3072 3997 enim
3111 3915 3278 3971 dicit?
3322 3913 3377 3970 6.
3424 3911 3762 3983 Nequaquam

2163 4014 2375 4068 minima
2403 4027 2455 4066 es
2483 4011 2535 4064 in
2567 4009 2877 4080 principibus
2905 4009 3050 4063 Iuda
3067 4049 3084 4074 ,
3109 4016 3164 4062 et
3191 4003 3518 4062 celebritatis
3541 4017 3762 4058 causam

2164 4104 2346 4174 adjicit
2392 4103 2474 4157 his
2505 4101 2721 4167 verbis,
2758 4101 2894 4168 Quia
2937 4116 3000 4155 ea;
3043 4109 3090 4154 te
3130 4099 3303 4154 exibit.
3347 4095 3537 4152 Nullus
3577 4102 3762 4149 autem

2165 4198 2303 4252 alius
2329 4196 2470 4250 hunc
2512 4195 2688 4249 locum
2716 4193 2922 4248 clarum
2967 4193 3423 4262 conspicuumque
3452 4187 3613 4252 fecit,
3655 4185 3764 4243 nisi

2165 4287 2282 4357 ipse
2309 4286 2475 4341 solus.
2511 4285 2640 4340 Post
2660 4294 2870 4355 partum
2900 4283 3099 4354 quippe
3125 4281 3274 4336 illum
3295 4297 3363 4336 ex
3389 4279 3585 4334 ﬁnibus
3612 4276 3762 4334 orbis

2165 4379 2391 4435 veniunt
2418 4378 2688 4433 visitatum
2721 4392 2964 4447 pnesepe
2990 4386 3046 4432 et
3070 4375 3262 4447 tugurii
3287 4375 3462 4430 locum
3493 4390 3507 4426 :
3535 4371 3588 4428 id
3615 4370 3760 4442 quod

2163 4472 2274 4543 jam
2303 4472 2430 4526 olim
2475 4469 2736 4541 propheta
2771 4469 3147 4540 praenuntiavit
3179 4467 3402 4523 dicens:
3426 4465 3765 4538 Nequaquam

2166 4565 2380 4618 minima
2419 4579 2472 4617 es
2511 4563 2564 4616 in
2595 4561 2910 4632 principibus
2934 4559 3078 4614 Iuda
3107 4558 3299 4628 (Mich.
3327 4559 3384 4614 5.
3418 4556 3512 4626 2);
3559 4556 3610 4611 id
3635 4565 3721 4611 est
3744 4597 3762 4624 ,

2170 4657 2312 4712 inter
2337 4656 2569 4710 tribuum
2597 4654 2888 4725 principes.
2919 4652 3123 4720 Quibus
3151 4651 3332 4707 verbis
3355 4651 3518 4707 etiam
3543 4648 3765 4704 Ieroso~

2170 4749 2372 4820 lymam
2402 4745 2794 4816 complectitur.
2821 4743 2926 4800 Sed
2956 4759 3022 4798 ne
3051 4743 3127 4798 sic
3152 4741 3367 4812 quidem
3397 4739 3636 4794 animum
3661 4737 3764 4794 ad-

2172 4842 2461 4898 hibuerunt
2483 4882 2497 4904 ,
2527 4839 2737 4895 etiamsi
2767 4838 2968 4893 utilitas
3007 4834 3073 4891 ad
3114 4835 3260 4905 ipsos
3286 4833 3604 4889 dimanaret.
3637 4829 3766 4885 Ideo

2167 4935 2314 4990 enim
2341 4947 2602 5002 nusquam
2624 4931 2902 5001 prophetae
2920 4929 2988 4984 de
3007 4927 3264 4999 dignitate
3283 4925 3399 4996 ejus
3421 4925 3474 4980 in
3496 4923 3763 4995 principio

2169 5034 2374 5082 tantum
2422 5029 2709 5095 loquuntur
2731 5064 2748 5090 ,
2795 5029 3050 5094 quantum
3080 5020 3148 5075 de
3175 5019 3437 5075 benelicio
3461 5016 3602 5088 quod
3633 5017 3765 5086 ipsis

2168 5119 2437 5191 praestitit.
2480 5116 2690 5172 Etenim
2732 5129 2854 5170 cum
2895 5113 3128 5183 Virginis
3166 5121 3348 5182 partus
3377 5110 3601 5164 instaret
3641 5109 3720 5162 ait
3747 5147 3766 5171 ,

2180 5209 2392 5266 Vocabis
2416 5225 2598 5264 nomen
2623 5208 2734 5278 ejus
2761 5205 2975 5270 Iesum;
3005 5213 3061 5259 et
3085 5203 3268 5272 adjicit
3291 5219 3306 5258 :
3329 5199 3450 5272 Ipse
3492 5201 3624 5254 enim
3656 5199 3764 5254 sal-

2171 5320 2288 5359 vum
2315 5303 2466 5375 faciet
2491 5301 2740 5373 populum
2763 5314 2912 5353 suum
2940 5313 2970 5349 a
3001 5295 3216 5367 peccatis
3243 5309 3437 5348 eorum.
3469 5291 3602 5362 Magi
3634 5307 3765 5347 vero

2174 5409 2280 5450 non
2309 5392 2580 5458 dicebant,
2621 5387 2724 5445 Ubi
2769 5396 2855 5442 est
2893 5386 3060 5440 Filius
3097 5385 3212 5450 Dei,
3243 5383 3360 5452 sed,
3395 5383 3489 5448 Qui
3519 5391 3666 5435 natus
3692 5392 3766 5436 est

2172 5504 2266 5541 rea:
2286 5484 2611 5539 Iudworum.
2641 5481 2738 5535 llic
2762 5494 2974 5550 quoque
3017 5493 3124 5532 non
3167 5476 3332 5540 dixit,
3365 5475 3444 5530 Ex
3497 5483 3549 5529 te
3591 5473 3762 5529 exibit

2173 5578 2342 5633 Filius
2373 5576 2500 5639 Dei;
2529 5574 2648 5639 sed,
2677 5571 2815 5636 Dux,
2838 5570 2924 5639 qui
2943 5577 3085 5638 regat
3105 5567 3353 5639 populum
3373 5580 3538 5620 meum
3570 5562 3760 5618 Israel.

2175 5668 2470 5740 Oportebat
2492 5665 2691 5736 quippe
2712 5663 2863 5718 initio
2887 5661 3170 5715 humiliore
3197 5657 3449 5728 loquendi
3474 5655 3635 5711 modo
3661 5656 3760 5719 uti.

2178 5778 2244 5817 ne
2271 5759 2386 5814 haec
2414 5759 2542 5836 ipsis
2571 5752 2892 5813 otl‘cndiculo
2917 5759 3130 5820 essent,
3173 5759 3228 5807 et
3253 5764 3316 5806 ea
3345 5749 3523 5806 dicere
3547 5762 3666 5818 qua:
3694 5747 3763 5802 ad
