4078 6372
370 342 432 395 73
1514 345 1579 399 IN
1620 347 2039 407 MATTIl/EUM
2083 352 2316 410 HOMIL.
2355 352 2468 411 vu.
3546 355 3614 414 75

376 519 3601 553 Μ

1848 673 2095 727 UMIAIA
2128 678 2200 731 Z’.

350 790 454 847 Καὶ
489 795 859 873 συγαγαρν
886 794 1119 873 διαντας
1138 796 1279 873 τοὺς
1300 796 1593 873 ἀρχιερεῖς
1618 797 1731 873 καί
1745 812 1930 873 τραμ;

412 863 619 934 ματεῖς
643 863 754 936 τοῦ
790 866 976 936 λαοῦ,
1007 863 1552 936 ἐπυνθάνεεοίπαμ
1573 863 1931 932 αὐτῶνβοῦ

417 933 449 987 ὁ
504 934 763 1000 Χριστὸς
800 934 1102 1002 γεννᾶται.
1137 938 1201 989 Ol
1247 936 1317 990 δὲ
1364 933 1540 992 εἷπον
1567 937 1769 1003 αὐτῷ·
1830 937 1933 990 Ἐν

416 1003 694 1073 Βηθλεὲμ
731 1003 842 1073 τῆς
882 1005 1185 1071 Ἰουδαίας.

418 1168 485 1214 α’.
521 1157 677 1222 Εἶδες
714 1160 930 1213 ἅπαντα
955 1160 1034 1222 εἰς
1068 1159 1287 1230 ἔλεγχον
1315 1161 1571 1232 γινόμενα
1612 1162 1932 1230 Ἰουδαῖκόν;

381 1254 494 1316 Εως
531 1253 631 1322 μὲν
661 1252 771 1323 γὰρ
802 1250 965 1305 αὑτὸν
1004 1251 1106 1304 οὐκ
1157 1251 1458 1321 ἐθεώρουν,
1512 1253 1632 1307 οὐδὲ
1684 1253 1789 1307 ὑπὸ
1836 1255 1936 1325 τῆς

355 1345 656 1415 βασκανίας
708 1343 998 1414 ἡλίσκοντο
1029 1382 1045 1408 ,
1109 1344 1248 1413 μετά
1304 1344 1563 1413 ἀληθείας
1610 1345 1711 1408 τάς
1795 1364 1936 1417 μαρ-

353 1435 540 1506 τυρίας
600 1434 948 1504 διηγόρευον·
1005 1432 1190 1503 ἐπειδὴ
1235 1433 1292 1487 δὲ
1343 1430 1484 1487 εἶδον
1530 1434 1631 1507 τὴν
1676 1436 1786 1489 ἀπὸ
1830 1436 1938 1490 τῶν

354 1525 648 1595 θαυμάτων
708 1522 1069 1594 ἐγγινομένην
1096 1522 1143 1553 ⁸⁸
1173 1522 1330 1586 δόξαν
1356 1562 1372 1587 ,
1432 1522 1537 1576 ὑπὸ
1587 1522 1683 1577 τοῦ
1744 1522 1938 1592 φθόνου

354 1616 783 1688 κατασχεθέντες
845 1615 1031 1669 λοιπὸν
1112 1612 1435 1685 προῦδωκαν
1490 1614 1588 1686 τὴν
1660 1614 1937 1685 ἀλήθειαν.

368 1707 504 1762 Ἀλλ’
566 1709 600 1778 ή
675 1707 907 1778 ἀλήθεια
978 1707 1066 1761 διά
1132 1706 1350 1759 πάντων
1422 1706 1618 1777 ᾔρετο,
1686 1706 1780 1759 καὶ
1836 1705 1941 1759 ὑπὸ

356 1800 461 1853 τῶν
509 1798 724 1871 ἐχθρῶν
760 1799 1021 1870 μειζόνως
1066 1799 1461 1868 συνεκροτεῖτο.
1499 1798 1642 1868 Ὅρα
1679 1796 1809 1865 γοῦν
1847 1797 1942 1851 καὶ

361 1888 591 1944 ἐνταῦθα
633 1887 754 1951 πῶς
790 1888 1083 1959 θαυμαστά
1130 1889 1220 1941 καὶ
1254 1886 1533 1957 παράδοξα
1580 1889 1943 1958 οἰκονομεῖται

360 1978 683 2048 πράγματα.
717 1976 884 2047 Ὁμοῦ
928 1994 987 2029 τε
1028 1976 1137 2047 γάρ
1172 1976 1266 2030 καὶ
1298 1976 1626 2047 μανθάνουσί
1676 1994 1731 2031 τι
1779 1977 1943 2031 πλέον

360 2071 486 2141 παρ’
524 2068 796 2139 ἀλλήλων,
818 2068 911 2121 καὶ
949 2067 1294 2121 διδάσκουσιν
1323 2067 1604 2139 ἀλλήλους,
1625 2068 1678 2122 οἵ
1712 2086 1773 2122 τε
1807 2069 1943 2141 βάρ-

362 2163 517 2233 ϐαροι
562 2160 660 2214 καὶ
706 2162 754 2214 οἰ
807 2160 1071 2214 Ἰουδαῖοι.
1108 2161 1172 2214 Οἰ
1221 2160 1323 2231 μὲν
1362 2163 1472 2232 γάρ
1514 2161 1754 2215 Ἰουδαῖοι
1792 2162 1947 2234 παρά

363 2252 511 2327 [105]
539 2251 651 2305 τῶν
692 2252 881 2323 μάγων
922 2252 1143 2322 ἤκουον,
1169 2252 1253 2305 ὅτι
1303 2252 1398 2306 καὶ
1428 2251 1607 2325 ἀστὴρ
1651 2252 1813 2306 αὑτὸν
1856 2253 1948 2306 ἐπὶ

359 2346 458 2417 τῆς
482 2346 710 2417 Περσῶν
746 2342 980 2416 ἐκήρυξε
1011 2343 1195 2415 χώρας
1218 2360 1232 2375 ·
1264 2344 1315 2396 οἱ
1348 2344 1405 2397 δὲ
1448 2345 1614 2414 μάγοι
1656 2344 1811 2416 παρά
1834 2344 1945 2397 τῶν

375 2438 647 2493 Ἰουδαίων
672 2438 999 2508 ἐμάνθανον,
1036 2438 1120 2489 ὅτι
1145 2434 1357 2500 τοῦτον,
1392 2434 1451 2488 ὃν
1477 2438 1505 2489 6
1529 2437 1704 2508 ἀστὴρ
1743 2438 1947 2509 ἐκήρυ-

363 2529 419 2595 ξε
442 2530 509 2594 ⁸⁷,
542 2530 639 2584 καὶ
685 2528 966 2599 προφῆται
1000 2526 1107 2597 πρὸ
1143 2525 1352 2580 πολλῶν
1386 2524 1593 2579 ἀνωθεν
1632 2525 1947 2596 διηγόρευον

362 2623 570 2694 χρόνων
590 2638 604 2650 ·
636 2624 730 2675 καὶ
762 2623 861 2691 τῆς
897 2621 1221 2690 ἐρωτήσεως
1242 2619 1275 2687 ἡ
1309 2616 1567 2679 ὑπόθεσις
1602 2616 1948 2681 διδασκαλίας

364 2714 705 2785 σαφεστέρας
740 2731 802 2767 τε
838 2713 933 2766 καὶ
966 2710 1367 2783 ἀκριϐεστέρας
1411 2710 1694 2781 ἑκατέροις
1718 2710 1765 2741 ⁸⁸
1808 2709 1947 2764 ἀπό-

363 2806 528 2873 δειξις
561 2805 789 2873 γέγονε·
826 2803 919 2857 καὶ
949 2803 999 2855 οἰ
1044 2802 1142 2873 τῆς
1178 2800 1439 2870 ἀληθείας
1472 2800 1658 2871 ἐχθροὶ
1696 2801 1767 2853 τά
1808 2799 1948 2869 ὑπὲρ

364 2896 460 2967 τῆς
477 2895 735 2967 ἀληθείας
758 2894 853 2947 καὶ
873 2894 1097 2955 ἄκοντες
1124 2890 1526 2959 ἀναγκάζονται
1555 2888 1950 2959 ἀναγινώσκειν

364 2988 691 3060 γράμματα,
723 2986 818 3040 καί
855 2987 953 3055 τὴν
1002 2983 1339 3054 προφητείαν
1382 2982 1736 3053 ἑρμηνεύειν,
1771 2983 1821 3035 εί
1856 2982 1951 3035 καὶ

363 3091 438 3161 μὴ
476 3095 681 3147 πᾶσαν.
727 3093 987 3158 Εἰπόντες
1019 3092 1127 3165 γάρ
1168 3092 1268 3164 τὴν
1315 3093 1583 3164 Βηθλεέμ,
1620 3094 1714 3147 καὶ
1753 3088 1834 3146 ὅτι
1880 3091 1942 3159 ἐξ

359 3182 527 3253 αὐτῆς
559 3183 903 3248 ἐξελεύσεται
932 3186 961 3238 ό
999 3184 1306 3254 ποιμαίνων
1347 3185 1437 3237 τὸν
1475 3186 1724 3257 Ἰσραὴλ,
1752 3185 1941 3241 λοιπὸν

359 3272 541 3327 οὐκέτι
572 3275 922 3347 προσέθηκαν
949 3278 1009 3329 τὸ
1050 3277 1197 3347 ἑξῆς,
1230 3277 1616 3341 κολακεύοντες
1649 3279 1743 3331 τὸν
1788 3278 1943 3348 βασι-

361 3363 477 3418 λέα.
508 3366 574 3418 Τί
596 3367 654 3419 δὲ
686 3367 846 3421 τοῦτο
868 3364 970 3439 ἧνς
1002 3369 1124 3421 Ὅτι
1156 3371 1227 3422 Al
1258 3368 1457 3432 ἔξοδοι
1482 3369 1667 3423 αὐτοῦ
1702 3370 1803 3424 ἀπ’
1834 3371 1940 3438 ἀρ-

362 3456 478 3525 χῆς
521 3459 592 3522 ἐξ
640 3459 878 3528 ἡμερῶν
903 3459 1140 3527 αἰῶνος.
1186 3461 1298 3514 Καὶ
1328 3462 1474 3525 τίνος
1515 3462 1720 3523 ἕνεκεν,
1753 3463 1939 3533 φησὶν,

362 3553 409 3603 εἰ
438 3552 647 3606 ἐκεῖθεν
678 3552 869 3622 ἔμελλε
900 3552 1299 3624 παραγίνεσθαι
1328 3553 1395 3615 ⁸⁸,
1431 3556 1487 3606 ἐν
1518 3554 1773 3625 Ναζαρὲτ
1807 3554 1944 3624 μετά

360 3642 452 3696 τὸν
496 3644 655 3697 τόκον
693 3644 870 3715 διῆγε,
922 3645 1016 3699 καὶ
1065 3644 1384 3709 συνεσκίαζε
1430 3646 1529 3715 τὴν
1569 3646 1939 3717 προφητείαν;

361 3735 473 3787 Καὶ
501 3733 607 3805 μὴν
629 3737 691 3788 οὐ
716 3736 1091 3800 συνεσκίασεν,
1119 3736 1254 3789 ἀλλὰ
1274 3738 1368 3789 καὶ
1396 3736 1596 3807 μᾶλλον
1622 3736 1940 3805 ἐξεκάλυψε.

362 3826 436 3879 Τὸ
460 3827 592 3897 γάρ,
611 3827 729 3880 ἐκεῖ
746 3826 847 3897 τῆς
874 3828 1079 3898 μητρὸς
1104 3827 1357 3897 οἱκούσης
1381 3827 1689 3891 διαπαντὸς,
1711 3828 1944 3882 ἐνταῦθα

361 3917 683 3988 γεννηθῆναι
719 3918 990 3972 δείκνυσιν
1032 3918 1091 3983 ἐξ
1120 3918 1430 3989 οἰκονομίας
1453 3919 1518 3971 τὸ
1546 3920 1779 3990 πρᾶγμα
1802 3916 1948 3988 γινό-

366 4025 543 4078 μενον.
562 4009 665 4062 Διά
690 4026 772 4062 τοι
795 4010 953 4064 τοῦτο
973 4012 1090 4064 οὐδὲ
1111 4011 1312 4074 εὐθέως
1328 4011 1541 4081 τεχθεὶς
1556 4011 1779 4081 ἐξῆλθεν
1800 4011 1945 4065 ἐκεῖ-

364 4099 535 4163 θεν⁹⁰,
552 4101 668 4154 ἀλλ’
688 4102 943 4171 ἐποίησεν
959 4102 1065 4173 ήμέ
1071 4120 1169 4173 ρας
1191 4102 1615 4174 τεσσαράκοντα,
1634 4105 1741 4167 τοῖς
1760 4103 1946 4173 βουλο-

366 4191 542 4260 μένοις
556 4194 1014 4265 περιεργάζεσθαι
1031 4194 1203 4257 διδοὺς
1222 4193 1360 4265 μετά
1374 4194 1658 4264 ἀκριϐείας
1672 4193 1945 4260 ἐξετάζειν

363 4283 598 4338 ἅπαντα.
635 4272 747 4338 Καὶ
792 4284 901 4357 γὰρ
934 4285 1106 4339 πολλὰ
1150 4282 1218 4356 ῆν
1261 4286 1328 4340 τὰ
1357 4285 1610 4339 κινοῦντα
1656 4286 1794 4357 πρὸς
1836 4285 1940 4358 τὴν

359 4376 619 4446 τοιαύτην
664 4377 915 4447 ζήτησιν,
958 4378 1012 4430 εῐ
1047 4396 1110 4447 γε
1158 4377 1447 4449 προσέχειν
1496 4378 1797 4433 ἐϐούλοντο.
1833 4378 1946 4431 Καὶ

362 4467 468 4538 γὰρ
502 4467 769 4523 ἐλθόντων
792 4468 903 4522 τῶν
927 4468 1134 4539 μάγων,
1164 4467 1515 4541 ἀνεπτερώθη
1539 4469 1687 4522 πᾶσα
1711 4470 1745 4540 ή
1768 4468 1941 4537 πόλις,

362 4559 457 4611 καὶ
498 4559 637 4628 μετά
667 4558 771 4629 τῆς
817 4559 1026 4624 πόλεως
1057 4562 1086 4613 6
1132 4559 1379 4630 βασιλεὺς
1403 4601 1416 4625 ,
1453 4561 1547 4613 καὶ
1586 4561 1615 4612 6
1658 4561 1943 4632 προφήτης

364 4648 441 4711 είς
476 4648 642 4718 μέσον
676 4649 978 4720 παρήγετο,
1021 4648 1115 4701 καὶ⁵
1146 4648 1493 4719 δικαστήριον
1530 4648 1785 4719 μέγιστον
1820 4665 1951 4702 συν-

362 4742 657 4811 εκροτείτο,
683 4741 778 4795 καὶ
806 4740 972 4811 ἕτερα
994 4740 1051 4794 δὲ
1079 4739 1300 4793 πλείονα
1326 4740 1546 4809 γέγονεν
1570 4740 1779 4804 αὐτόθι,
1800 4741 1946 4810 άπερ

360 4832 392 4884 6
416 4833 635 4896 Λουκᾶς
669 4832 809 4903 μετά
834 4831 1120 4903 ἀκριϐείας
1156 4832 1423 4903 διηγεῖται
1454 4831 1700 4886 ἅπαντα·
1732 4827 1843 4886 οἷον
1873 4832 1944 4886 τά

362 4924 501 4978 κατά
525 4923 627 4995 τὴν
651 4926 869 4990 Ἅνναν,
893 4925 989 4978 καὶ
1013 4926 1107 4978 τὸν
1139 4923 1382 4996 Συμεὼν,
1414 4925 1510 4978 καὶ
1533 4926 1625 4979 τὸν
1647 4925 1941 4996 Ζαχαρίαν,

362 5016 455 5069 καὶ
492 5017 619 5077 τοὺς
646 5016 934 5084 ἀγγέλους,
963 5017 1057 5069 καὶ
1084 5016 1210 5079 τοὺς
1238 5015 1519 5085 ποιμένας,
1556 5016 1699 5087 άπερ
1724 5015 1945 5070 ἅπαντα

363 5110 473 5170 τοῖς
525 5107 888 5177 προσέχουσιν
938 5107 1097 5161 ἱκανά
1135 5103 1202 5179 ῆν
1250 5110 1553 5180 παρασχεῖν
1590 5106 1843 5177 ἀφορμὰς
1883 5106 1944 5160 τὸ

364 5195 514 5269 μοι]
565 5197 932 5268 γεγενημένον
980 5199 1177 5271 εὑρεῖν.
1244 5200 1307 5252 Ei
1353 5199 1461 5271 7&9
1516 5199 1624 5252 ἀπὸ
1684 5198 1945 5271 Περσίδος

368 5288 611 5351 ἐλθόντες
649 5288 699 5341 οἰ
746 5288 912 5359 μάγοι
951 5291 1051 5343 ούκ
1090 5290 1365 5361 ἠγνόησαν
1410 5291 1500 5346 τὸν
1530 5292 1728 5358 τόπον,
1764 5290 1944 5361 πολλῷ

370 5385 565 5451 μᾶλλον
591 5390 638 5439 οἱ
675 5389 792 5440 ἐκεῖ
818 5390 1182 5460 διατρίϐοντες
1212 5393 1384 5449 ταῦτα
1425 5396 1617 5468 μαθεῖν
1656 5397 1935 5466 ἠδύναντο.

371 5476 575 5543 ἐδειξε
603 5479 705 5548 μὲν
738 5475 831 5533 οῦν
859 5482 920 5548 ἐξ
948 5483 1122 5554 ἀρχῆς
1151 5486 1343 5541 ἑαυτὸν
1372 5488 1461 5542 διά
1486 5489 1697 5542 πολλῶν
1726 5490 1940 5561 θαυμά-

367 5582 495 5621 των·
532 5571 721 5642 ἐπειδὴ
750 5572 805 5627 δὲ
843 5573 945 5628 οὐκ
973 5575 1245 5647 ἠθέλησαν
1280 5580 1427 5645 ἰδεῖν,
1468 5578 1682 5651 κρύψας
1716 5582 1807 5636 τὸν
1839 5600 1938 5652 μευ

2038 801 2175 867 ταξὺ
2224 803 2411 873 χρόνον
2469 804 2696 863 ἐαυτὸν.
2738 805 2902 859 πάλιν
2947 806 3007 871 ἐξ
3058 809 3250 877 ἐτέρας
3298 810 3619 880 ἀπεκάλυψε

2041 893 2425 965 λαμπροτέρας
2450 896 2643 966 ἀρχῆς.
2671 897 2805 951 Οὐδὲ
2837 897 2948 969 γὰρ
2977 900 3027 951 οἱ
3068 900 3231 968 μάγοι
3262 900 3468 965 λοιπὸν,
3498 904 3619 955 οὐδὲ

2041 985 2288 1056 όάστῆρ,
2309 984 2425 1037 ἀλλ’
2456 986 2485 1038 6
2520 987 2710 1058 Πατὴρ
2746 988 2955 1042 ἀνωθεν
2986 992 3282 1061 ἐκήρυττεν
3304 992 3347 1022 ’³
3381 993 3473 1043 ἐπί¹
3510 992 3620 1045 τῶν

2056 1076 2393 1147 Ἰορδανείων
2426 1076 2658 1149 ῥείθρων
2680 1095 2694 1109 ·
2725 1079 2820 1132 καὶ
2844 1080 2905 1132 τὸ
2926 1080 3153 1151 Πνεῦμα
3184 1081 3242 1134 δὲ
3264 1083 3310 1114 ’⁸
3336 1084 3619 1151 ἐπεφοίτα,

2040 1167 2142 1237 τήν
2172 1166 2353 1239 φωνήν
2380 1169 2595 1237 ἐκείνην
2618 1169 2775 1223 ’έλκον
2803 1171 2893 1223 ἐπὶ
2914 1172 3009 1247 τὴν
3032 1173 3271 1243 κεφαλὴν
3304 1174 3397 1227 τοῦ
3423 1174 3622 1244 βαπτι-

2043 1258 2270 1329 ζομένου
2296 1276 2310 1291 ·
2342 1261 2435 1314 καὶ
2469 1261 2720 1331 Ἰωάννης
2747 1262 2883 1332 μετὰ
2915 1266 3224 1343 παρρησίας
3242 1267 3461 1337 ἀπάσης
3485 1286 3623 1321 παν-

2042 1351 2209 1422 ταχοῦ
2250 1353 2350 1423 τῆς
2383 1352 2643 1417 ἰουδαίας
2671 1353 2819 1417 ἐϐόα,
2856 1355 2955 1425 τήν
2987 1357 3333 1426 οἰκουμένην,
3367 1358 3465 1429 τὴν
3507 1359 3625 1411 ἀοί-

2043 1460 2208 1514 κητον
2245 1444 2345 1515 τῆς
2374 1444 2629 1513 τοιαύτης
2659 1444 3003 1509 διδασκαλίας
3032 1447 3278 1517 πληρῶν·
3321 1449 3415 1502 καὶ
3449 1452 3480 1515 ἡ
3514 1450 3622 1502 τῶν

2044 1534 2337 1605 θαυμάτων
2364 1534 2422 1587 δὲ
2456 1535 2752 1606 μαρτυρία,
2787 1538 2882 1588 καὶ
2912 1537 3005 1606 γῆ,
3037 1538 3133 1590 καὶ
3172 1538 3431 1603 θάλαττα,
3463 1542 3556 1593 καί
3587 1542 3621 1611 ή

2044 1625 2221 1691 κτίσις
2258 1627 2447 1681 ἅπασα
2488 1627 2747 1698 λαμπρὰν
2793 1629 2933 1699 ὑπὲρ
2986 1629 3150 1683 αὑτοῦ
3206 1633 3357 1701 ἠφίει
3413 1635 3619 1704 φωνήν.

2045 1718 2205 1789 Παρὰ
2252 1719 2310 1772 δὲ
2350 1719 2441 1773 τὸν
2478 1720 2667 1790 καιρὸν
2714 1719 2821 1774 τῶν
2862 1720 3067 1775 ὠδίνων
3105 1723 3344 1777 τοσαῦτα
3377 1724 3620 1792 ἐγίνετο,

2044 1807 2146 1861 ὅσα
2170 1808 2316 1871 εἰκὸς
2347 1808 2530 1881 ήρέμα
2564 1810 2735 1875 δεῖξαι
2763 1809 2852 1862 τὸν
2895 1812 3331 1880 παραγεγονότα.
3360 1814 3476 1866 Ἵνα
3512 1814 3625 1884 γάρ

2049 1899 2125 1970 μὴ
2147 1898 2376 1968 λέγωσιν
2396 1903 2445 1953 οί
2478 1902 2719 1955 Ἰουδαῖοι
2735 1903 2804 1967 ⁹³,
2824 1903 2907 1956 ὅτι
2933 1906 3034 1957 οὐκ
3060 1905 3219 1975 ἴσμεν
3242 1906 3370 1958 πότε
3403 1905 3621 1975 ἐτέχθη,

2045 1990 2165 2044 οὺδέ
2189 1992 2247 2044 ἐν
2280 1992 2418 2064 ποίῳ
2441 1994 2648 2064 χωρίῳ,
2681 1994 2751 2048 τά
2782 2012 2840 2047 τε
2874 1996 3014 2049 κατὰ
3047 1999 3172 2061 τοὺς
3206 1998 3414 2067 μάγους
3446 1999 3625 2052 πάντα

2046 2084 2395 2157 ᾡκονομήθη.
2436 2088 2531 2141 καὶ
2559 2086 2626 2139 τά
2656 2087 2791 2141 ἄλλα
2819 2089 2961 2160 άπερ
2995 2091 3297 2162 εἰρήκαμεν
3316 2108 3329 2121 ·
3363 2090 3503 2144 ὥστε
3528 2092 3623 2143 ού-

2046 2177 2237 2248 δεμίαν
2281 2178 2461 2232 αἰτίαν
2514 2179 2580 2233 ἂν
2625 2179 2798 2250 ἐχοιεν
2828 2182 3035 2247 εἰπεῖν,
3084 2184 3159 2254 μὴ
3200 2183 3532 2255 ζητήσαντες
3562 2185 3625 2236 τὸ

2047 2285 2243 2340 γεγενη
2253 2270 2431 2341 μένον.

2124 2366 2186 2436 β’.
2206 2366 2405 2419 Σκόπει
2428 2366 2484 2419 δὲ
2507 2366 2598 2420 καὶ
2620 2367 2717 2436 τῆς
2736 2368 3069 2439 προφητείας
3097 2367 3197 2437 τὴν
3219 2366 3522 2438 ἀκρίϐειαν.
3546 2367 3624 2420 Οὐ

2048 2455 2159 2526 7&9
2189 2450 2362 2518 εἶπεν,
2399 2455 2479 2507 ὅτι
2510 2456 2569 2507 ἐν
2604 2455 2852 2527 Βηθλεὲμ
2884 2459 3054 2527 μενεῖ,
3090 2456 3227 2522 ἀλλ’,
3258 2456 3624 2523 ἐξελεύσεται.

2054 2548 2213 2599 Ὥστε
2252 2545 2525 2599 καὶτοῦτο
2564 2548 2901 2618 προφητείας
2924 2544 3013 2618 ἦν,
3049 2548 3110 2600 τὸ
3147 2547 3473 2618 γεννηθῆναι
3511 2548 3629 2599 ἐκεῖ

2055 2639 2232 2708 μόνον.
2262 2638 2417 2700 Τινὲς
2440 2638 2495 2691 δὲ
2523 2637 2703 2692 αὐτῶν
2728 2638 3210 2708 ἀναισχυντοῦντές
3236 2639 3285 2670 νδ
3314 2656 3467 2708 φασι,
3498 2637 3627 2709 περὶ

2050 2730 2144 2783 τοῦ
2181 2730 2483 2801 Ζοροϐάϐελ
2510 2729 2683 2783 ταῦτα
2726 2730 3010 2800 εἰρῆσθαι·
3055 2732 3151 2785 καὶ
3186 2730 3301 2795 πῶς
3340 2731 3407 2784 ἀν
3453 2729 3627 2800 ἔχοιεν

2051 2822 2243 2890 λόγον;
2272 2823 2345 2876 Ού
2370 2822 2477 2892 7&9
2516 2822 2604 2893 δὴ.
2641 2824 2696 2876 αἰ
2734 2822 2931 2887 ἔξοδοι
2970 2823 3159 2877 αὐτοῦ
3196 2823 3296 2876 ἀπ’
3326 2822 3519 2889 ἀρχῆς
3558 2820 3630 2884 ἐξ

2050 2913 2287 2983 ἡμερῶν
2316 2913 2552 2980 αἰῶνος.
2581 2914 2705 2977 Πῶς
2732 2915 2788 2968 δὲ
2813 2915 2871 2968 τὸ
2910 2916 2967 2967 ἐν
2997 2916 3137 2985 ἀρχῇ
3165 2914 3373 2985 λεχθὲν,
3404 2916 3484 2966 ὅτι
3526 2915 3627 2966 Ἐκ

2051 3005 2170 3061 σοῦ
2196 3005 2597 3071 ἐξελεύσεται,
2633 3006 2923 3076 ἀρμόσειεν
2955 3006 3023 3059 ἂν
3068 3006 3286 3076 ἐκείνῳ;
3319 3006 3392 3058 Ού
3422 3005 3531 3075 γὰρ
3568 3005 3629 3056 ἐν

2051 3100 2118 3167 τῇ
2156 3096 2404 3167 Ἰουδαία,
2451 3097 2564 3149 ἀλλ’
2595 3098 2653 3149 ὲν
2685 3100 2751 3168 τῇ
2800 3096 3079 3151 Βαϐυλῶνι
3118 3097 3346 3167 ἐτέχθη·
3378 3096 3499 3150 ὅθεν
3536 3096 3632 3147 καὶ

2053 3192 2357 3261 Ζοροϐάϐελ
2378 3190 2529 3263 [105]
2569 3190 2798 3261 ἐκλήθη.
2826 3191 2916 3244 διά
2939 3190 3000 3243 τὸ
3027 3192 3145 3243 ἐκεῖ
3183 3190 3478 3259 σπαρῆναι.
3520 3187 3633 3241 Καὶ

2053 3283 2167 3335 ὅσοι
2201 3281 2299 3353 τὴν
2330 3281 2518 3353 Σύρων
2553 3283 2700 3335 ῐσασι
2741 3281 3010 3349 γλῶτταν,
3047 3281 3193 3333 ἰσασι
3228 3280 3288 3332 τὸ
3316 3279 3631 3348 λεγόμενον.

2053 3371 2212 3426 Μετά
2250 3371 2308 3425 δέ
2349 3371 2458 3425 τῶν
2496 3372 2820 3443 εἰρημένων.
2852 3372 2946 3424 καὶ
2978 3374 3005 3425 6
3038 3372 3173 3442 μετά
3222 3371 3394 3423 ταῦτα
3442 3371 3633 3439 χρόνος

2055 3469 2201 3531 ἄπας
2230 3466 2413 3531 ἱκανὸς
2448 3466 2716 3537 συστῆσαι
2741 3466 2840 3536 τὴν
2873 3463 3193 3535 μαρτυρίαν.
3216 3461 3282 3514 Τί
3304 3461 3413 3533 γάρ
3436 3477 3631 3531 φησιν;

2056 3557 2338 3627 Οὐδαμῶς
2369 3557 2660 3626 ἐλαχίστη
2699 3552 2756 3609 εἷ
2796 3555 2865 3608 ἐν
2905 3554 3029 3620 τοῖς
3076 3554 3369 3623 ἡγεμόσιν
3403 3551 3632 3607 Ἰούδα·

2054 3649 2150 3700 καὶ
2184 3649 2284 3717 τὴν
2324 3647 2501 3700 αἰτίαν
2534 3646 2860 3716 προστίθησι
2895 3645 2995 3715 τῆς
3029 3642 3407 3715 περιφανείας,
3438 3641 3631 3710 λέγων,

2052 3741 2159 3801 ὅτι,
2194 3739 2263 3792 ἐκ
2293 3738 2408 3791 σοῦ
2433 3737 2837 3801 ἐξελεύσεται.
2859 3735 3050 3799 Οὐδεὶς
3078 3736 3133 3789 δέ
3161 3737 3347 3807 ἕτερος
3378 3735 3633 3805 λαμπρὸν

2055 3832 2149 3886 καὶ
2171 3829 2464 3901 περιφανὲς
2493 3832 2668 3881 ἐκεῖνο
2689 3829 2749 3881 τὸ
2778 3827 2976 3899 χωρίον
3017 3828 3291 3899 ἐποίησεν,
3319 3826 3433 3881 ἀλλ’
3472 3827 3505 3897 ἢ
3547 3828 3637 3897 μό-

2055 3940 2144 3987 νος
2198 3922 2380 3983 αύτός.
2423 3920 2577 3973 Μετά
2606 3917 2737 3986 γοῦν
2775 3917 2865 3970 τὸν
2914 3918 3071 3971 τόκον
3105 3919 3333 3980 ἐκεῖνον,
3370 3917 3477 3970 ἀπὸ
3525 3917 3637 3969 τῶν

2057 4013 2311 4084 περάτων
2361 4011 2461 4081 τῆς
2512 4010 2838 4081 οἰκουμένης
2905 4008 3155 4081 ἔρχονται
3213 4009 3469 4079 ὀψόμενοι
3537 4010 3638 4077 τὴν

2057 4106 2261 4175 φάτνην
2294 4103 2387 4157 καί
2418 4102 2518 4173 τῆς
2546 4101 2787 4173 καλύϐης
2817 4101 2907 4154 τὸν
2946 4102 3111 4153 τόπον
3131 4116 3145 4130 ·
3182 4102 3322 4170 ὅπερ
3357 4099 3561 4153 ἀνωθεν
3607 4099 3640 4150 6

2058 4196 2345 4266 προφήτης
2395 4194 2849 4265 προανεφώνησε,
2891 4192 3063 4261 λέγων
3086 4208 3101 4220 ·
3155 4190 3436 4260 Οὐδαμῶς
3495 4190 3636 4244 ἐλα-

2057 4290 2236 4357 χίστη
2274 4284 2333 4341 εἷ
2373 4287 2442 4339 ἐν
2470 4285 2588 4349 τοῖς
2636 4285 2927 4355 ἡγεμόσιν
2980 4282 3204 4337 Ἰούδα·
3250 4282 3546 4343 τουτέστιν,
3577 4283 3639 4335 ἐν

2055 4383 2167 4443 τοῖς
2192 4378 2507 4450 φυλάρχοις.
2545 4376 2716 4429 Τοῦτο
2739 4376 2796 4427 δὲ
2829 4375 2999 4429 εἰπὼν
3025 4375 3118 4428 καὶ
3150 4375 3249 4445 τὴν
3280 4372 3635 4443 Ἰερουσαλὴμ.

2059 4470 2403 4542 περιέλαϐεν.
2458 4468 2596 4521 Ἀλλ’
2627 4468 2748 4521 οὐδὲ
2791 4467 2935 4519 οὕτω
2974 4468 3284 4537 προσεῖχον,
3316 4464 3494 4518 καίτοι
3534 4463 3634 4532 τῆς

2057 4563 2321 4632 ὠφελείας
2343 4563 2422 4623 εἰς
2442 4560 2642 4621 αὐτοὺς
2667 4557 3066 4625 διαϐαινούσης.
3101 4558 3210 4611 Kal
3234 4556 3343 4627 7&9
3364 4554 3451 4607 διὰ
3476 4553 3639 4606 τοῦτο

2059 4654 2294 4723 οὐδαμοῦ
2334 4653 2463 4724 περὶ
2505 4652 2605 4723 τῆς
2653 4651 2806 4716 ἀξίας
2845 4648 3009 4703 αὐτοῦ
3044 4648 3377 4715 διαλέγονται
3408 4647 3457 4698 οἰ
3496 4662 3633 4716 προ-

2059 4749 2226 4817 φῆται
2268 4748 2325 4799 ἐν
2354 4746 2497 4816 ἀρχῇ
2528 4742 2803 4806 τοσοῦτον,
2846 4743 2969 4795 ὅσον
3011 4741 3140 4813 περί
3174 4740 3275 4810 τῆς
3316 4737 3635 4806 εὐεργεσίας

2042 4839 2158 4908 ,τῆς
2185 4837 2317 4908 παρ’
2345 4834 2506 4889 αὑτοῦ
2534 4833 2831 4905 γενομένης
2861 4835 2941 4896 εἰς
2968 4830 3181 4894 αὐτούς.
3202 4831 3312 4885 Καὶ
3342 4829 3450 4901 γάρ
3471 4830 3634 4900 ἡνίκα

2058 4928 2267 4982 ἔτικτεν
2296 4930 2329 4999 ἡ
2354 4926 2645 4998 παρθένος·
2675 4925 2990 4989 Καλέσεις,
3016 4923 3170 4994 φησὶ,
3197 4923 3262 4975 τὸ
3305 4922 3490 4990 ὄνομα
3524 4923 3630 4973 αὑ·

2057 5020 2164 5075 τοῦ
2197 5019 2457 5088 Ἰησοῦν·
2483 5018 2577 5071 καὶ
2615 5016 2812 5083 ἐπάγει
2846 5014 3019 5083 λέγων
3040 5031 3052 5042 ·
3081 5011 3275 5077 Αὐτὸς
3301 5009 3414 5080 γὰρ
3451 5009 3634 5062 σώσει

2057 5112 2163 5167 τὸν
2184 5113 2340 5166 λαόν
2373 5110 2559 5165 αὐτοῦ
2590 5108 2709 5164 ἀπὸ
2736 5107 2855 5161 τῶν
2874 5104 3172 5177 ἁμαρτιῶν
3197 5104 3414 5158 αὐτῶν.
3452 5102 3560 5154 Καὶ
3585 5102 3633 5154 οί

2062 5205 2227 5275 μάγοι
2245 5204 2302 5257 δὲ
2329 5204 2429 5256 οὐκ
2456 5202 2660 5270 ἔλεγον,
2687 5200 2790 5255 ποῦ
2812 5202 2959 5253 ἐστιν
2989 5202 3017 5253 6
3047 5199 3176 5263 Υἰδς
3208 5196 3301 5250 τοῦ
3336 5195 3493 5257 Θεοῦ,
3518 5193 3633 5248 ἀλλ’

2070 5296 2134 5350 '0
2160 5296 2391 5365 τεχθεὶς
2418 5293 2718 5360 βασιλεὺς
2753 5292 2872 5346 τῶν
2901 5290 3221 5346 Ἰουδαίων.
3264 5288 3373 5343 Καὶ
3404 5285 3634 5339 ἐνταῦθα

2060 5389 2222 5443 πάλιν
2251 5389 2349 5441 οὐκ
2380 5382 2552 5449 εἶπεν,
2586 5387 2667 5439 ὅτι
2705 5386 2767 5438 ἐκ
2801 5382 2893 5436 σοῦ
2938 5380 3279 5448 ἐξελεύσεται
3320 5381 3347 5432 6
3378 5377 3505 5440 Υἱὸς
3537 5375 3632 5428 τοῦ

2060 5482 2224 5537 Θεοῦ·
2274 5481 2387 5535 ἀλλ’
2421 5479 2789 5548 Ἠγούμενος,
2826 5475 2997 5541 ὅστις
3036 5470 3314 5542 ποιμανεῖ
3350 5471 3453 5523 τὸν
3481 5468 3635 5524 λαόν

2056 5593 2175 5647 μου
2206 5574 2312 5627 τόν
2344 5570 2601 5639 Ἰσραήλ.
2636 5569 2785 5622 Ἔδει
2815 5567 2922 5637 7&9
2963 5565 3058 5618 καὶ
3089 5558 3635 5633 συγκαταϐατικώτε-

438 5853 486 5888 ⁸⁸
518 5855 909 5927 ἐπιγινομένην
945 5856 1018 5927 D:
1043 5855 1103 5911 F.
1138 5856 1267 5911 Sav.
1343 5856 1388 5889 ⁸⁷
1422 5853 1891 5927 ἀνεκήρυξε
1938 5923 1942 5927 ι

2051 5852 2447 5927 εκατέροιςᾲοιη.
2570 5850 2674 5927 An.
2710 5921 2721 5927 _
2752 5848 2798 5881 ”
2823 5843 3367 5927 παραγενέσθαι-ξ’...
3391 5843 3439 5875 ὀ
3470 5839 3620 5927 ἐξῆλ-

373 5924 463 6004 θεν
485 5921 1179 6004 ,ἐκεῖθεν-1⁷ῆλθενῇίττεειιί,
1209 5927 1395 6004 ίιινξιιιι
1436 5928 1542 6004 Αηἶ
1709 5923 1942 6004 ἐξῆλθε-γ’

2051 5926 2153 6004 .OfV
2312 5923 2370 5978 D.

2475 5924 2519 5953 ‘”
2561 5910 2930 5992 ἀνεκήρυττεν
2968 5910 3028 5972 ι).
3072 5916 3134 5970 Ε.
3235 5918 3282 5948 ⁹²
3320 5914 3377 5969 δέ
3409 5929 3521 5978 om,
3555 5910 3619 5967 F.

376 5996 421 6027 ⁸³
453 5998 500 6049 οί
535 5995 775 6051 Ἰουδαῖοι
793 5995 914 6053 οιυ.
938 5996 1002 6053 F.
1028 5998 1123 6065 Ep.
1155 5999 1260 6053 Au.
1296 6000 1447 6052 Arm.
1526 6000 1570 6029 θ’
1598 5996 1942 6057 ἀναισθητοῦπ

2078 5995 2137 6051 F.
2172 5997 2266 6063 Ep.
