4090 6366
419 304 489 362 75
1106 305 1164 363 S.
1197 301 1482 362 JOANNIS
1513 296 2008 359 CHRYSOSTOMI
2041 295 2360 354 ARCIIIEP.
2401 297 2949 356 CONSTANTINOP.
3601 294 3666 351 '76

423 432 512 484 ρον
541 411 883 482 διαλέγεσθαι
923 411 981 465 ἐν
1009 412 1338 482 προοιμίοις,
1376 412 1463 466 ἵνα
1496 411 1570 482 μὴ
1601 408 1992 474 σκανδαλίζων-

417 524 527 569 ται,
562 506 657 557 καὶ
685 504 754 558 τὰ
777 502 907 574 περὶ
938 503 1036 573 τῆς
1070 501 1345 573 σωτηρίας
1363 500 1541 556 αὐτῶν
1570 500 1878 571 κηρύττειν,
1908 499 1995 552 ῖνα

417 597 594 666 τούτῳ
627 595 825 667 μᾶλλον
852 595 1172 662 ἐνάγωνται.
1201 595 1362 647 Ὅσαι
1384 592 1514 662 γοῦν
1547 591 1763 664 πρῶται
1805 590 1994 663 φέρον-

417 705 508 741 ται
535 688 579 720 ³⁵
610 685 925 758 μαρτυρίαι,
964 685 1060 738 καὶ
1097 676 1173 739 ὧν
1204 683 1406 748 εὐθέως
1439 682 1590 753 παρὰ
1616 682 1716 754 τὴν
1742 681 1993 752 γέννησιν

419 779 609 851 καιρὸς
627 775 715 849 ἦν,
737 777 888 831 οὐδὲν
921 777 1083 848 μέγα,
1105 775 1226 829 οὐδὲ
1249 774 1448 846 ὑψηλὸν
1475 775 1603 846 περὶ
1625 773 1789 828 αὑτοῦ
1815 773 1995 842 λέγου·

422 890 527 937 σιν,
568 872 690 925 οὐδὲ
719 867 831 924 οἷον
863 871 919 924 αἰ
957 870 1094 942 μετά
1132 870 1230 940 τὴν
1271 868 1378 922 τῶν
1419 868 1658 938 σημείων
1696 867 1991 933 ἐπίδειξιν·

419 963 623 1016 ἐκεῖναι
648 961 694 993 ⁸⁸
723 961 831 1032 γάρ
863 961 1183 1032 τρανότερον
1209 960 1339 1030 περὶ
1368 959 1467 1029 τῆς
1498 957 1663 1012 αὐτοῦ
1693 957 1850 1024 ἀξίας
1873 957 1991 1012 δια·

417 1053 685 1122 λέγονται.
733 1055 860 1106 Ὅτε
903 1051 1033 1121 γοῦν
1073 1053 1210 1124 μετά
1244 1051 1414 1105 πολλὰ
1440 1053 1483 1085 ³⁷
1514 1051 1769 1120 θαύματα
1804 1049 1992 1104 παιδία

421 1143 620 1216 ὕμνους
647 1147 727 1209 είς
767 1146 928 1200 αὑτὸν
973 1143 1120 1219 ᾖδον,
1153 1146 1384 1202 ἄκουσον
1420 1147 1473 1200 τί
1517 1162 1683 1218 φησιν
1715 1147 1743 1198 ὁ
1777 1146 2000 1216 Προφή-

425 1254 518 1306 της
539 1253 551 1265 ·
592 1238 695 1292 Ἐκ
735 1239 1032 1307 στόματος
1060 1237 1210 1310 [106]
1239 1239 1474 1307 νηπίων
1502 1238 1598 1291 καί
1629 1235 2003 1304 θηλαζόντων

422 1329 755 1396 κατηρτίσω
807 1311 1010 1382 αἴνον·
1057 1331 1152 1382 καὶ
1179 1329 1363 1383 πάλιν·
1412 1330 1542 1383 Ὅτι
1589 1329 1811 1398 ὄψομαι
1858 1324 2004 1390 τοὺς

422 1419 716 1486 οὐρανοὺς
749 1420 891 1488 ἔργα
916 1419 1035 1473 τῶν
1056 1420 1370 1474 δακτύλων
1398 1435 1514 1474 σου
1530 1437 1543 1450 ·
1571 1420 1707 1490 ὅπερ
1733 1419 1997 1489 δημιουρ-

423 1514 519 1580 γὸν
543 1512 704 1564 αὑτὸν
732 1511 971 1564 δείκνυσι
1004 1511 1095 1564 τοῦ
1127 1511 1327 1573 παντὸς
1357 1511 1506 1565 δντα.
1528 1510 1638 1564 Καὶ
1671 1510 1704 1580 ἡ
1743 1507 1880 1580 μετά
1905 1507 2004 1580 τὴν

423 1602 688 1674 ἀνάληψιν
723 1602 779 1655 δὲ
804 1602 1146 1672 παραχθεῖσα
1181 1601 1454 1672 μαρτυρία
1484 1601 1544 1655 τὸ
1589 1602 1726 1673 πρὸς
1759 1602 1850 1655 τὸν
1891 1602 2007 1655 Πα-

425 1695 556 1766 τέρα
603 1694 864 1764 ὁμότιμον
906 1693 1090 1764 δηλοῖ·
1124 1690 1273 1747 Εἷπε
1307 1693 1444 1764 γὰρ,
1477 1694 1674 1764 φησὶν,
1723 1696 1756 1747 ό
1788 1691 2006 1762 Κύριος

425 1784 506 1850 τῷ
526 1784 722 1852 Κυρίῳ
743 1801 883 1852 μου·
903 1782 1101 1838 Κάθου
1125 1783 1191 1836 ἐκ
1217 1783 1430 1848 δεξιῶν
1449 1801 1588 1852 μου.
1606 1783 1714 1836 Καὶ
1738 1784 2008 1846 ὁῊσαῖας

423 1875 480 1928 δέ
527 1893 710 1946 φησιν,
742 1876 841 1928 δτι·
875 1876 935 1928 '0
983 1873 1380 1944 ἀνιστάμενος
1418 1875 1626 1944 ἄρχειν
1667 1876 1879 1941 ἐθνῶν,
1914 1876 2006 1928 ἐπ’

423 1964 583 2031 αὑτῷ
616 1965 758 2033 ἔθνη
803 1965 1105 2020 ἐλπιοῦσι.
1130 1965 1255 2029 Πῶς
1299 1965 1357 2019 δέ
1388 1983 1520 2037 φησι
1551 1967 1650 2038 τὴν
1680 1967 1926 2038 Βηθλεέμ
1949 1969 2008 2020 ἐν

424 2058 535 2117 τοῖς
581 2055 846 2125 ἡγεμόσιν
880 2055 1048 2109 Ἰούδα
1080 2055 1179 2109 οὐκ
1225 2052 1364 2108 εἶναι
1396 2055 1686 2126 ἐλαχίστην
1709 2074 1723 2122 ;
1750 2058 1869 2112 οὐδὲ
1900 2057 2007 2130 γὰρ

426 2149 486 2199 ἐν
520 2147 849 2221 Παλαιστίνῃ
880 2149 1058 2219 μόνον,
1082 2147 1217 2200 ἀλλὰ
1241 2150 1336 2202 καὶ
1358 2150 1414 2202 ἐν
1443 2152 1508 2223 τῇ
1537 2149 1830 2221 οἰκουμένῃ
1861 2150 2008 2216 πάσῃ

429 2237 787 2308 περίϐλεπτος
841 2239 1063 2308 γέγονεν
1091 2239 1136 2270 ’³
1182 2241 1214 2310 ἡ
1265 2237 1450 2310 κώμη.
1509 2239 1670 2293 Ἀλλὰ
1705 2241 1840 2304 τέως
1875 2241 2014 2311 πρὸς

439 2329 723 2392 Ἰουδαίους
758 2331 786 2383 ό
811 2329 965 2397 λόγος
986 2347 998 2360 ·
1029 2330 1110 2383 διὸ
1147 2331 1240 2384 καὶ
1273 2331 1548 2401 ἐπήγαγε·
1592 2331 1878 2400 Ποιμανεῖ
1905 2331 2011 2389 τὸν

427 2423 580 2477 λαόν
625 2438 744 2490 μου
787 2421 895 2475 τόν
941 2421 1204 2491 Ἰσραήλ·
1252 2421 1495 2491 καίτοιγε
1541 2422 1638 2494 τὴν
1680 2422 2002 2494 οἰκουμένην

427 2511 756 2582 ἐποίμανεν·
783 2511 918 2576 ἀλλ’,
949 2513 1087 2584 ὅπερ
1131 2511 1287 2582 ἔφην,
1328 2514 1388 2566 06
1427 2512 1674 2584 βούλεται
1720 2512 2004 2566 σκανδαλί-

430 2621 521 2656 σαι
561 2603 699 2666 τέως
733 2604 825 2658 τὸν
855 2605 982 2672 περὶ
1015 2605 1122 2658 τῶν
1152 2604 1322 2659 ἐθνῶν
1372 2605 1729 2660 ἐκκαλύπτων
1751 2605 1798 2638 ⁹⁹
1822 2605 2000 2676 λόγον.

430 2694 540 2749 Καὶ
569 2695 686 2759 πῶς
706 2696 804 2748 οὐκ
826 2696 1110 2766 ἐποίμανε,
1129 2697 1282 2766 φησὶ,
1303 2697 1394 2752 τὸν
1420 2697 1546 2752 λαὸν
1573 2696 1663 2752 τὸν
1685 2697 1999 2759 Ἰουδαῖκόν;

431 2785 682 2841 Μάλιστα
718 2787 814 2856 μὲν
857 2787 951 2839 καὶ
983 2787 1113 2840 αὐτὸ
1147 2787 1368 2857 γέγονε·
1399 2787 1490 2841 τὸν
1531 2789 1638 2858 γάρ
1665 2787 1882 2859 Ἰσραὴλ
1920 2791 2012 2842 ἐν·

430 2875 604 2930 ταῦθα
626 2876 818 2942 εἰπὼν,
855 2879 979 2942 τοὺς
1015 2879 1162 2950 αὐτῷ
1193 2879 1626 2944 πεπιστευκότας
1650 2878 1710 2943 ἐξ
1740 2879 2008 2932 Ἰουδαίων

430 2965 668 3037 ᾐνίξατο.
695 2968 806 3021 Καὶ
835 2968 993 3020 τοῦτο
1019 2968 1333 3040 ἑρμηνεύων
1373 2969 1402 3021 ὁ
1429 2967 1641 3032 Παῦλος
1672 2967 1854 3036 ἔλεγεν
1875 2985 1890 2998 ·
1925 2969 2007 3022 Οὐ

431 3059 542 3128 γὰρ
587 3059 808 3126 πάντες
844 3064 900 3115 οὶ
941 3062 1010 3126 ἐξ
1065 3061 1322 3131 Ἰσραὴλ,
1352 3056 1518 3116 οὗτοι
1559 3060 1827 3129 Ἰσραὴλ,
1867 3060 2006 3115 ἀλλ’

432 3149 568 3203 ὅσοι
594 3150 691 3206 διὰ
736 3153 993 3219 πίστεως
1032 3153 1131 3206 καὶ
1177 3153 1536 3221 ἐπαγγελίας
1566 3151 2004 3222 ἐγεννήθησαν.

433 3243 497 3295 El
520 3243 575 3296 δέ
601 3242 676 3314 μὴ
705 3243 912 3306 πάντας
943 3243 1226 3314 ἐποίμανε,
1248 3243 1404 3296 τοῦτο
1431 3242 1611 3296 αὐτῶν
1637 3241 1887 3314 ἔγκλημα
1912 3243 2006 3296 καὶ

433 3334 756 3406 κατηγορία.
789 3335 916 3388 Δέον
945 3335 1052 3407 γὰρ
1078 3335 1273 3399 αὐτοὺς
1310 3335 1684 3406 προσκυνῆσαι
1725 3333 1862 3405 μετά
1898 3332 2009 3387 τῶν

436 3425 645 3495 μάγων,
663 3427 755 3479 καὶ
774 3426 990 3492 δοξάσαι
1016 3426 1104 3479 τὸν
1118 3426 1270 3489 Θεὸν,
1287 3427 1367 3479 ὄτι
1399 3426 1600 3494 ἐπέστη
1623 3424 1811 3495 καιρὸς
1831 3422 2009 3477 τοιοῦ-

431 3544 544 3591 τος,
583 3527 761 3581 πάντα
805 3526 947 3579 λύων
975 3525 1153 3578 αὐτῶν
1201 3522 1271 3576 τά
1323 3522 1724 3593 ἁμαρτήματα·
1764 3519 1858 3574 καὶ
1898 3520 2008 3592 7&9

432 3618 582 3672 οὐδὲν
611 3620 736 3689 περὶ
766 3616 1128 3687 δικαστηρίων
1153 3615 1413 3685 ἥκουσαν,
1449 3612 1567 3666 οὐδέ
1594 3612 1853 3675 εὐθυνῶν,
1875 3611 2007 3666 ἀλλὰ

433 3709 562 3778 περὶ
592 3708 796 3778 ἡμέρου
828 3706 922 3758 καὶ
959 3705 1133 3776 πράου
1175 3703 1460 3772 ποιμένος·
1489 3705 1538 3756 οἰ
1577 3703 1632 3756 δέ
1659 3704 1674 3735 ί
1702 3703 2007 3757 τούναντίον

434 3795 668 3861 ποιοῦσι,
692 3795 785 3848 καὶ
812 3794 1190 3864 ταράττονται,
1213 3793 1304 3845 καὶ
1329 3792 1668 3864 θορυϐοῦσι²,
1687 3793 1780 3845 καὶ
1809 3791 2006 3864 μυρίας

436 3887 574 3957 μετὰ
603 3885 776 3940 ταῦτα
804 3885 1300 3948 κατασκευάζουσιν
1329 3883 1637 3946 ἐπιϐουλάς.
1671 3885 1803 3936 Τότε
1839 3883 2008 3952 Ἠρώ-

431 3980 544 4047 δης
573 3978 838 4044 καλέσας
860 3977 1049 4045 ,λάθρα
1090 3976 1232 4040 τοὺς
1259 3975 1510 4046 μάγους,
1542 3975 1834 4042 ἡκρίὲωσε
1869 3975 2004 4043 παρ’

430 4069 629 4125 αὐτῶν
657 4069 763 4124 τὸν
793 4071 1017 4140 χρόνον
1044 4070 1151 4122 τοῦ
1180 4068 1544 4137 φαινομένου
1569 4066 1821 4134 ἀστέρος
1839 4085 1851 4097 ·
1889 4068 2009 4119 ἐπι-

433 4162 632 4233 χειρῶν
661 4161 868 4215 ἀνελεῖν
911 4159 974 4212 τὺ
1006 4159 1216 4230 τεχθὲν,
1258 4159 1394 4229 ὅπερ
1429 4158 1660 4229 ἐσχάτης
1690 4157 1877 4220 ἀνοίας
1915 4152 2003 4228 ἦν,

431 4255 552 4323 οὐχὶ
600 4253 796 4324 μανίας
845 4251 1025 4322 μόνον.
1071 4251 1182 4304 Καὶ
1229 4251 1334 4321 γάρ
1379 4249 1445 4302 τὰ
1484 4249 1749 4320 εἰρημένα
1798 4248 1893 4302 καὶ
1935 4247 2007 4301 τά

433 4343 775 4414 γεγενημένα
807 4341 966 4396 ἱκανά
1005 4337 1074 4413 ἦν
1121 4342 1423 4412 ἀποστῆσαι
1453 4339 1604 4412 [107]
1634 4340 1795 4393 αὑτὸν
1827 4340 2006 4410 πάσης

434 4437 534 4506 τῆς
556 4435 807 4503 τοιαύτης
835 4435 1396 4507 ἐπιχειρήσεως.ούδὲ
1417 4433 1524 4505 γάρ
1555 4432 1694 4495 κατά
1723 4432 2007 4502 ἄνθρωπον
2030 4445 2037 4454 '

432 4521 502 4597 ἧν
534 4525 601 4578 τά
645 4525 948 4594 συμϐάντα.
979 4527 1052 4580 Τὸ
1085 4528 1192 4598 γὰρ
1223 4525 1425 4597 ἀστέρα
1469 4523 1696 4578 καλέσαι
1733 4524 1856 4587 τοὺς
1898 4522 2004 4593 μά-

433 4634 564 4685 γους
591 4617 816 4686 ἄνωθεν,
836 4620 930 4673 καὶ
955 4617 1015 4671 τὸ
1043 4618 1350 4689 βαρϐάρους
1370 4617 1567 4687 ἄνδρας
1585 4615 1852 4685 τοσαύτην
1871 4616 2007 4668 ἀπο-

429 4708 632 4779 δημίαν
663 4710 992 4773 στείλασθαι,
1023 4708 1164 4762 ὥστε
1207 4708 1580 4780 προσκυνῆσαι
1612 4706 1702 4759 τὸν
1735 4708 1791 4758 ἐν
1827 4721 2003 4774 σπαρ-

431 4801 615 4867 γάνοις
647 4801 739 4853 καὶ
762 4801 938 4872 φάτνῃ
959 4801 1230 4871 κείμενον,
1255 4799 1350 4853 καὶ⁴
1380 4797 1443 4852 τὸ
1473 4799 1756 4870 προφήτας
1781 4796 1836 4850 δὲ
1867 4795 2006 4850 ἄνω·

429 4890 522 4944 θεν
543 4890 714 4945 ταῦτα
741 4892 916 4945 πάντα
937 4892 958 4922 ³
984 4894 1413 4963 προαναφωνεῖν,
1433 4892 1528 4945 καὶ
1551 4891 1619 4944 τά
1647 4889 1780 4944 ἄλλα
1805 4889 2002 4953 πάντα,

431 4981 652 5052 μείζονα
685 4982 718 5052 ἢ
754 4982 896 5035 κατά
935 4982 1221 5053 ἄνθρωπον
1264 4979 1331 5054 ἦν
1352 5000 1366 5015 ·
1408 4982 1521 5036 ἀλλ’
1550 4983 1699 5052 ὅμως
1729 4981 1880 5034 οὐδὲν
1907 4979 2005 5033 αὐ-

425 5073 518 5125 τὸν
545 5072 750 5126 τούτων
779 5075 1018 5143 κατεῖχε.

495 5171 566 5232 γ’.
586 5165 836 5218 Τοιοῦτον
861 5163 970 5234 γὰρ
1003 5164 1038 5235 ἡ
1069 5161 1323 5235 πονηρία·
1351 5164 1516 5233 ἑαυτῇ
1547 5163 1886 5234 περιπίπτει,
1911 5161 2005 5215 καὶ

424 5254 711 5324 ἀνηνύτοις
757 5258 844 5311 ἀεὶ
886 5254 1210 5328 πράγμασιν
1256 5256 1539 5326 ἐπιχειρεῖ.
1573 5253 1772 5308 Σκόπει
1807 5253 1865 5307 δὲ
1905 5252 2004 5324 τὴν

2096 408 2302 464 ἄνοιαν.
2337 411 2397 463 El
2435 413 2535 482 μὲν
2566 414 2817 468 ἐπίστευε
2845 418 2912 486 τῇ
2942 399 3266 488 προφητεία,
3295 417 3390 471 καὶ
3417 416 3670 487 ἀκίνητον

2095 498 2266 570 αὐτὴν
2291 495 2430 552 εἶναι
2458 502 2725 573 ἐνόμιζεν,
2756 501 2974 574 εὔδηλον
3003 505 3085 558 ὅτι
3117 504 3400 569 ἀδυνάτοις
3421 506 3441 536 ⁸
3463 507 3670 578 ἐπεχεί-

2096 608 2179 662 ρει
2217 592 2572 664 πράγμασιν·
2603 596 2652 649 εἰ
2689 595 2747 650 δὲ
2787 596 3008 666 ἠπίστει
3052 597 3234 663 πάλιν,
3277 599 3370 652 καὶ
3401 599 3462 652 06
3502 616 3669 671 προσ-

2091 683 2251 738 εδόκα
2294 685 2622 757 ἐκϐήσεσθαι
2660 686 2729 741 τά
2778 688 3076 760 λεγόμενα,
3104 690 3397 744 δεδοικέναι
3437 691 3531 744 καὶ
3571 709 3668 760 φο-

2093 773 2304 829 ϐεῖσθαι
2325 775 2425 829 οὐκ
2446 779 2634 849 ἐχρῆν,
2659 779 2779 833 ούδέ
2807 779 2894 832 διὰ
2921 779 3078 835 τοῦτο
3106 781 3476 834 ἐπιϐουλεύειν
3493 799 3505 811 ·
3529 781 3668 835 ὥστε

2093 866 2431 937 ἑκατέρωθεν
2461 870 2712 940 περιττὸς
2738 871 2766 924 ό
2794 871 2942 936 δόλος
2971 867 3059 943 ἦν.
3087 873 3199 928 Καὶ
3224 871 3382 925 τοῦτο
3405 873 3461 926 δὲ
3483 873 3669 938 ἀνοίας

2097 957 2358 1029 ἐσχάτης,
2393 957 2454 1012 τὸ
2485 961 2702 1033 νομίσαι
2733 965 2860 1029 τοὺς
2891 965 3099 1036 μάγους
3119 968 3282 1022 αὐτὸν
3315 973 3680 1043 προτιμήσειν

2091 1047 2187 1102 τοῦ
2221 1050 2522 1121 τεχθέντος,
2555 1053 2698 1126 ὑπὲρ
2736 1048 2797 1110 οῦ
2843 1057 3114 1130 τοσαύτην
3150 1054 3313 1130 ἦλθον
3345 1061 3677 1132 ἀποδημίαν.

2094 1142 2158 1195 Εἰ
2186 1142 2294 1214 γὰρ
2318 1143 2448 1215 πρὶν
2481 1145 2608 1198 ἰδεῖν
2638 1146 2810 1210 οὕτως
2831 1144 2973 1220 ἦσαν
2994 1152 3388 1222 ἐκκεκαυμένοι
3407 1153 3485 1224 τῷ
3503 1152 3676 1224 πόθῳ,

2099 1235 2237 1305 μετὰ
2257 1235 2317 1289 τὸ
2340 1236 2638 1292 θεάσασθαι
2671 1240 2766 1293 καὶ
2789 1241 3124 1312 πιστωθῆναι
3154 1242 3303 1314 παρὰ
3331 1249 3431 1316 τῆς
3461 1261 3680 1315 προφηο

2093 1327 2260 1394 τείας,
2289 1327 2405 1392 πῶς
2445 1327 2672 1398 ἤλπιζεν
2706 1331 2906 1397 αὐτοὺς
2929 1335 3119 1387 πεῖσαι
3151 1334 3436 1405 προδοῦναι
3463 1334 3524 1388 τὸ
3545 1351 3677 1388 παι-

2093 1420 2201 1474 δίον
2231 1421 2414 1491 11.6113);
2464 1421 2605 1474 Ἀλλ’
2643 1423 2794 1493 ὅμως
2827 1424 2922 1478 καὶ
2944 1424 3212 1479 τοσούτων
3238 1425 3407 1481 ὄντων
3439 1425 3547 1479 τῶν
3569 1427 3682 1481 ἀπο

2094 1511 2338 1578 αγόντων
2364 1511 2545 1577 αὑτὸν,
2583 1513 2875 1584 ἐπεχείρει,
2892 1513 3000 1570 Καὶ
3025 1516 3290 1581 καλέσας
3309 1515 3502 1584 λάθρα
3525 1514 3669 1582 τοὺς

2089 1601 2341 1671 μάγους,
2371 1603 2739 1658 ἐπυνθάνετο
2763 1605 2899 1672 παρ’
2919 1603 3135 1659 αὐτῶν.
3164 1607 3276 1660 Καὶ
3293 1606 3403 1677 γὰρ
3427 1604 3676 1677 ἐνόμιζεν

2107 1693 2394 1757 Ἰουδαίους
2427 1694 2687 1765 κήδεσθαι
2731 1695 2825 1748 τοῦ
2867 1695 3078 1749 παιδίου
3103 1713 3116 1726 ·
3153 1697 3245 1751 καὶ
3284 1697 3384 1750 οὐκ
3415 1697 3481 1752 ἂν
3506 1715 3674 1770 προσο

2096 1782 2351 1853 ἐδόκησεν
2384 1785 2405 1815 ⁸
2432 1787 2512 1846 είς
2560 1783 2716 1836 τοῦτο
2755 1785 2951 1854 μανίας
3010 1785 3391 1850 ἐξολισθαίνειν
3440 1788 3670 1853 αὐτοὺς.

2096 1875 2172 1938 ὡς
2195 1875 2215 1906 ⁸
2248 1875 2339 1930 τὸν
2375 1877 2681 1949 προστάτην
2718 1879 2811 1932 καὶ
2844 1879 3102 1949 Σωτῆρα,
3137 1881 3231 1932 καὶ
3272 1880 3359 1934 ἐπ’
3392 1880 3672 1954 ἐλευθερίᾳ

2095 1965 2190 2018 τοῦ
2225 1965 2408 2030 ἔθνους
2453 1969 2892 2039 παραγενόμενον
2939 1969 3220 2039 βούλεσθαι
3261 1970 3524 2026 ἐκδιδόναι
3557 1976 3671 2037 τοῖς

2097 2054 2328 2125 ἐχθροῖς.
2357 2055 2456 2109 Διά
2496 2057 2658 2111 τοῦτο
2684 2059 2778 2111 καὶ
2802 2058 2822 2089 ⁷
2849 2058 3023 2126 λάθρα
3057 2060 3229 2127 καλεῖ,
3261 2063 3355 2115 καί
3397 2063 3550 2134 ζητεῖ
3577 2063 3668 2116 τὸν

2097 2144 2308 2215 χρόνον,
2339 2147 2400 2199 06
2421 2146 2516 2200 106
2539 2147 2773 2216 παιδίου,
2804 2147 2940 2202 ἀλλά
2966 2149 3060 2203 τοῦ
3087 2151 3337 2222 ἀστέρος,
3367 2153 3434 2206 ὲκ
3466 2153 3668 2224 πολλῆς

2095 2235 2198 2304 τῆς
2225 2238 2540 2307 περιουσίας
2575 2239 2746 2303 τιθεὶς
2772 2241 2832 2294 τὸ
2865 2241 3107 2313 θήραμα.
3136 2243 3244 2296 Καὶ
3271 2243 3378 2316 7&9
3403 2245 3510 2315 πρὸ
3536 2245 3666 2298 πολ-

2096 2324 2190 2379 λοῦ
2212 2328 2403 2398 χρόνου
2429 2328 2580 2401 [108]
2605 2330 2753 2384 δοκεῖ
2786 2349 2875 2402 μοι
2903 2334 2931 2385 ό
2957 2333 3131 2405 ἀστὴρ
3161 2333 3413 2404 φανῆναι.
3451 2336 3668 2405 Ἐπειδὴ

2097 2416 2207 2489 γὰρ
2236 2417 2405 2473 πολὺν
2439 2420 2579 2473 κατά
2606 2419 2706 2490 τὴν
2748 2421 3056 2493 ὁδοιπορίαν
3099 2421 3321 2493 ἔμελλον
3359 2423 3670 2476 ἀναλίσκειν

2096 2510 2148 2563 οί
2181 2509 2346 2581 μάγοι
2381 2511 2593 2582 χρόνον,
2640 2511 2727 2565 ἳνα
2766 2511 2968 2576 εὐθέως
2997 2512 3256 2566 ἐπιστῶσι
3282 2511 3360 2584 τῷ
3389 2511 3668 2582 τεχθέντι·

2098 2598 2204 2654 εδει
2242 2601 2352 2673 γὰρ
2391 2603 2451 2654 ἐν
2500 2601 2684 2667 αὐτοῖς
2723 2602 3164 2675 προσκυνηθῆναι
3200 2606 3313 2667 τοῖς
3340 2604 3672 2674 σπαργάνοις

2099 2692 2294 2756 αὐτὸν,
2337 2692 2477 2747 ὥστε
2516 2691 2578 2747 τὸ
2621 2692 2934 2764 θαυμαστὸν
2975 2696 3070 2749 καὶ
3116 2694 3415 2766 παράδοξον
3443 2695 3677 2766 φανῆναι

2101 2783 2195 2838 τοῦ
2247 2783 2602 2855 πράγματος,
2634 2785 2742 2854 πρὸ
2791 2782 2987 2838 πολλοῦ
3032 2783 3126 2837 τοῦ
3184 2785 3375 2857 χρόνου
3408 2785 3678 2839 δείκνυσιν

2103 2873 2294 2927 ἐαυτὸν
2314 2873 2343 2925 ὀ
2371 2875 2567 2945 ἀστήρ.
2600 2873 2664 2928 Εἰ
2690 2875 2798 2946 γάρ
2827 2875 2991 2945 ἡνίκα
3016 2875 3210 2946 ἐτέχθη
3237 2877 3293 2930 ἐν
3324 2876 3677 2948 Παλαιστίνῃ,

2100 2964 2227 3019 τότε
2271 2966 2455 3030 αὐτοῖς
2497 2966 2655 3037 ὤφθη
2695 2969 2752 3022 ἐν
2785 2971 2853 3040 τῇ
2893 2969 3127 3040 ἀνατολῇ
3149 3012 3162 3034 ,
3204 2968 3371 3022 πολὺν
3411 2969 3548 3022 κατά
3581 2968 3679 3039 τὴν

2101 3055 2408 3130 ὁδοιπορίαν
2445 3057 2812 3129 διατρίϐοντες
2854 3060 3062 3131 χρόνον,
3095 3061 3198 3114 οὐκ
3231 3060 3298 3114 ἂν
3327 3061 3384 3114 ἐν
3428 3063 3680 3130 σπαργα-

2104 3172 2216 3220 νοις
2256 3153 2396 3210 εἶδον
2427 3155 2592 3209 αὐτὸν
2633 3157 3089 3225 παραγενόμενοι.
3127 3158 3188 3209 Εἰ
3238 3155 3290 3208 δὲ
3322 3155 3432 3208 ἀπὸ
3469 3155 3675 3220 διετοῦς

2100 3249 2316 3318 ἀναιρεῖ
2336 3247 2430 3301 καὶ
2467 3246 2790 3317 κατωτέρω,
2817 3247 2892 3318 μὴ
2933 3247 3303 3318 θαυμάσωμεν
3324 3265 3336 3278 ·
3367 3248 3430 3300 ⁸ὁ
3451 3245 3558 3317 γὰρ
3583 3246 3676 3300 θυ-

2105 3338 2203 3410 μὸς
2230 3339 2406 3393 καὶτὸ
2432 3337 2550 3401 δέος
2571 3337 2710 3407 ὑπὲρ
2739 3335 2982 3401 πλείονος
3008 3338 3305 3407 ἀσφαλείας
3326 3338 3421 3390 καὶ
3453 3337 3676 3390 πλείονα

2101 3431 2411 3499 προσετίθει
2443 3433 2654 3503 χρόνον,
2686 3431 2826 3486 ὥστε
2863 3430 3068 3502 μηδένα
3091 3429 3393 3500 διαφυγεῖν.
3425 3428 3675 3490 Καλέσας

2099 3516 2192 3575 οὖν
2215 3522 2432 3587 αὐτοὺς,
2458 3523 2590 3594 φησί
2615 3539 2627 3554 ·
2651 3523 3050 3593 Πορευθέντες
3074 3519 3323 3590 ἀκριϐῶς
3354 3519 3678 3584 ἐξετάσατε

2102 3611 2234 3680 περὶ
2264 3612 2370 3667 τοῦ
2401 3613 2643 3668 παιδίου
2662 3629 2678 3645 ·
2721 3614 2874 3668 ἐπὰν
2911 3612 2980 3666 δέ
3009 3613 3238 3681 εὕρητε,
3277 3610 3678 3681 ἀπαγγείλατέ

2093 3721 2216 3773 μοι,
2255 3703 2414 3772 ὅπως
2445 3705 2606 3776 κάγὼ
2639 3706 2834 3760 ἐλθὼν
2869 3704 3277 3774 προσκυνήσω
3314 3703 3492 3769 αὐτῷ.
3526 3699 3676 3764 Εἶδες

2098 3796 2196 3866 τὴν
2225 3795 2445 3862 ἄνοιαν;
2476 3798 2538 3850 Εἰ
2590 3798 2688 3867 μὲν
2721 3800 2830 3869 γὰρ
2872 3797 2932 3862 ἐξ
2972 3797 3229 3865 ἀληθείας
3261 3796 3431 3849 ταῦτα
3475 3795 3674 3863 λέγεις,

2097 3886 2237 3950 τίνος
2285 3887 2469 3942 ἕνεκεν
2519 3888 2695 3960 λάθρα
2745 3890 2984 3960 ἐρωτᾷς;
3024 3890 3073 3942 εί
3122 3889 3181 3942 δέ
3229 3888 3612 3942 ἐπιϐουλεῦσαι
3654 3889 3675 3918 ³

2099 3977 2440 4049 βουλόμενος,
2489 3980 2607 4044 πῶς
2637 3981 2696 4033 οὐ
2744 3981 3017 4045 συνεῖδες,
3053 3981 3128 4044 ὼς
3175 3980 3217 4012 ¹⁰
3259 3981 3324 4034 ἐκ
3367 3979 3459 4032 τοῦ
3503 3979 3676 4048 λάθρα

2096 4069 2404 4140 ἐρωτᾶσθαι
2437 4070 2756 4142 δυνήσονται
2805 4072 3038 4126 συνιδεῖν
3081 4072 3132 4124 οἱ
3172 4071 3334 4141 μάγοι
3364 4071 3455 4124 τὸν
3486 4070 3673 4133 δόλονς

2109 4161 2270 4227 Ἀλλ’,
2298 4162 2435 4234 ὅπερ
2467 4161 2628 4231 ἔφην,
2669 4161 2816 4232 ψυχὴ
2856 4162 2962 4216 ὑπὸ
2996 4161 3257 4232 πονηρίας
3288 4161 3510 4224 ἁλοῦσα,
3542 4161 3678 4215 πάν-

2093 4268 2204 4306 των
2229 4253 2563 4324 ἀνοητοτέρα
2599 4253 2826 4322 γίνεται.
2871 4253 2983 4306 Καί⁷
3009 4253 3110 4306 οὐκ
3146 4247 3321 4316 εἶπεν,
3349 4252 3677 4315 ἀπελθόντες

2098 4342 2299 4413 μάθετε
2329 4343 2459 4413 περὶ
2493 4341 2586 4395 τοῦ
2617 4342 2902 4413 βασιλέως,
2933 4344 3069 4396 ἀλλὰ
3095 4342 3236 4411 Περὶ
3264 4343 3370 4398 τοῦ
3399 4343 3641 4397 παιδίου
3661 4359 3677 4374 ·

2097 4435 2220 4488 ούδέ
2269 4433 2378 4504 γάρ
2421 4435 2484 4488 τὸ
2535 4433 2708 4506 ὄνομα
2737 4433 2838 4505 τῆς
2888 4434 3065 4505 ἀρχῆς
3119 4434 3346 4490 καλέσαι
3395 4435 3676 4506 ἠνέσχετο.

2110 4523 2250 4576 Ἀλλ’
2283 4527 2331 4577 οἱ
2366 4525 2530 4594 μάγοι
2551 4523 2756 4578 τούτων
2772 4523 2924 4577 οὐδὲν
2961 4525 3260 4590 συνιδόντες
3284 4525 3388 4580 ὑπὸ
3409 4527 3450 4557 ³⁸
3476 4524 3680 4596 πολλῆς

2100 4614 2403 4678 εὐλαϐείας·
2435 4615 2498 4667 o6
2530 4615 2637 4687 7&9
2665 4614 2793 4668 ἂν¹²
2811 4615 3241 4687 προσεδόκησαν,
3267 4617 3348 4670 ὅτι
3380 4619 3460 4680 εἰς
3489 4615 3681 4671 τοσοῦ-

2101 4724 2192 4760 τον
2238 4706 2504 4778 πονηρίας
2536 4705 2758 4777 ἐξῆλθεν
2787 4706 2854 4760 ἂν
2887 4707 2930 4738 ⁸⁸
2972 4708 3206 4774 ἐκεῖνος,
3249 4707 3344 4762 καὶ
3372 4707 3514 4762 οὕτω
3549 4706 3683 4760 θαυ-

2112 4798 2290 4867 μαστῇ
2329 4795 2609 4868 οἰκονομίᾳ
2651 4795 3034 4850 ἐπιϐουλεῦσαι
3070 4797 3442 4870 ἐπεχείρησεν·
3487 4796 3685 4868 Ἀπέρ-

2109 4904 2295 4958 χονται
2321 4886 2529 4942 τούτων
2576 4887 2730 4942 οὐδέν
2770 4888 3140 4960 ὑφορώμενοι,
3170 4888 3286 4943 ἀλλ’
3311 4889 3377 4942 ἐκ
3415 4887 3524 4941 τῶν
3558 4886 3681 4942 καθ’

2108 4978 2334 5042 ἑαυτοὺς
2382 4978 2477 5032 καὶ
2512 4977 2582 5032 τὰ
2637 4977 2745 5032 τῶν
2791 4978 2966 5033 ἄλλων
3019 4978 3399 5050 στοχαζόμενοι
3445 4977 3680 5032 ἅπαντα.

2109 5066 2220 5122 Καὶ
2265 5067 2393 5123 ίδοὺ
2422 5071 2456 5122 ὁ
2491 5067 2709 5135 ἀστὴρ,
2738 5067 2811 5122 ὃν
2830 5064 2996 5122 εἶδον
3022 5069 3092 5123 ἐν
3121 5067 3194 5137 τῇ
3219 5066 3508 5137 ἀνατολῇ,
3542 5082 3683 5135 προ-

2109 5160 2260 5231 ῆγεν
2306 5160 2547 5226 αὐτούς.
2572 5162 2671 5215 Διά
2713 5164 2820 5235 γὰρ
2851 5161 3007 5216 τοῦτο
3044 5160 3139 5214 καὶ
3171 5159 3399 5232 ἐκρύϐη,
3428 5159 3515 5213 ἴνα
3545 5159 3686 5212 ἀπο-

2109 5251 2364 5315 λέσαντες
2386 5250 2478 5306 τὸν
2501 5253 2965 5323 χειραγωγοῦντα,
2989 5253 3069 5315 εἰς
3101 5252 3344 5322 ἀνάγκην
3373 5251 3688 5320 ἐμπέσωσιν

500 5491 550 5524 ⁸⁵
581 5488 1040 5569 προφέρονταιιι).
1115 5489 1167 5569 ἐξ
1195 5484 1614 5569 ἐκένςιλῴται
1637 5489 1702 5569 Α,
1725 5487 1787 5569 Β,
1820 5559 1832 5569 _
1865 5489 1907 5519 "
1940 5485 2136 5569 πολλὰ]
2167 5488 2237 5541 τὰ
2263 5486 2530 5569 πολλάβ.
2593 5485 2918 5569 ,θε-γέγονεν]
2949 5487 3259 5569 ἐγένετο-Α.
3295 5490 3375 5569 B._
3431 5489 3478 5523 θ’
3507 5487 3681 5569 ἐκκαῇ

433 5557 681 5640 λύπτων]
709 5557 1326 5640 Si}:_cod1l._przf._lerF'_1
1360 5557 1514 5640 ωδε.
1559 5559 1781 5640 pl‘u'rimi
1817 5558 2003 5640 ἐκκαλι

2103 5557 2200 5640 ων,
2231 5561 2373 5640 ηιεΙε
2400 5557 2634 5640 jugulet.
2657 5557 3006 5640 lmo_oplin_15é_
3031 5575 3047 5640 ξ
3076 5569 3136 5613 ιιι
3171 5560 3284 5629 jam
3305 5561 3433 5640 0|i_m
3469 5560 3685 5640 de_ergt

431 5630 648 5684 Boisius
675 5626 981 5684 καλύπτων
1019 5626 1076 5682 Ιί.
1121 5629 1256 5680 Mor.
1288 5628 1339 5679 Β.
1363 5645 1418 5681 11.
1463 5626 1820 5694 ἐγκαλύπτων
1852 5626 1979 5680 Suv.

435 5701 749 5753 τούναντίον
793 5701 846 5752 δὲ
880 5699 938 5753 F.

433 5769 498 5824 C.
545 5773 604 5824 D.
716 5771 736 5800 ⁵
765 5787 938 5824 πρόσει

2082 5628 2099 5657 ¹
2142 5628 2233 5682 Sic
2270 5629 2334 5682 Α.
2368 5631 2417 5682 οἰ
2447 5629 2502 5681 δὲ
2547 5630 2708 5698 vulgo
2741 5627 2916 5683 ahe’sl.
2947 5627 3069 5682 για.
3104 5627 3292 5684 animt.
3324 5629 3391 5684 ad

716 5771 736 5800 ⁵
765 5768 1164 5838 προσεδόκησεν
1196 5778 1321 5838 pnsl
1367 5770 1563 5830 αὐτοὺς
1598 5769 1964 5838 εοΙΙοειιιιινΑ.
2003 5768 2062 5820 Β.
2094 5769 2158 5824 C.

3426 5647 3480 5700 p.
3511 5630 3581 5685 93
3617 5629 3679 5684 1:.

1017 5701 1036 5729 ¹
1077 5699 1430 5769 θορυϐοῦνται
1466 5699 1528 5751 Α.
1566 5699 1630 5751 Β.
1705 5699 1724 5728 ³
1755 5700 1932 5751 πάντα
1966 5715 1995 5751 0

2109 5698 2171 5751 D.
2201 5707 2256 5754 ει
2281 5714 2646 5769 perfert-orem
2680 5698 2810 5769 Ben.
2887 5698 2909 5729 ⁸
2944 5698 3228 5769 ἀνηνύτοις
3253 5700 3387 5755 Edd.
3419 5698 3686 5769 ἐπιχειρεῖ

2263 5767 2410 5838 ⁶ὡς]
2443 5771 2570 5825 add.
2601 5768 2691 5822 διὰ
2727 5768 2916 5822 τοῦτον
2959 5769 3022 5822 Ι).
3057 5767 3116 5821 Ε.
3157 5768 3216 5823 F.
3249 5771 3375 5824 add.
3407 5767 3686 5823 διάτοῦτο

439 5839 582 5910 ΕΜ.
615 5837 868 5894 neutrum
901 5837 1307 5910 υειευδειιιιῐᾼ.
1335 5839 1396 5892 Β.
1429 5838 1493 5893 C.
1514 5841 1628 5910 7A“.
1651 5841 1811 5910 Ann.
1868 5837 1900 5910 _"
1930 5841 2003 5892 κα

2099 5855 2167 5894 m.
2197 5837 2258 5893 F.
2291 5837 2409 5894 An.’
2471 5841 2493 5872 ⁸
2517 5839 2806 5910 θαυμάσῃς
2832 5838 2897 5910 Β.
2919 5839 3024 5910 A11.
3057 5907 3073 5910 ξ
3105 5843 3126 5873 ⁸
3152 5840 3564 5909 ἐπιϐουλεῦσαι]
3590 5837 3682 5910 Sic

435 5907 496 5962 F.
533 5913 640 5964 An.
676 5911 825 5962 Arm.
858 5907 1040 5962 (ιιι-ἱρή
1067 5926 1190 5962 cum
1227 5909 1386 5963 Eum.
1414 5909 1643 5962 ἀνελεῖν.

432 5981 502 6034 Α.
533 5978 596 6034 Β.
676 5981 718 6010 ⁵³
751 5979 970 6034 ἐξῆλθεν
1004 5980 1066 6033 ἂν
1095 5981 1139 6031 Λ
1196 5979 1249 6033 Β.
1284 5980 1342 6034 C.
1382 5978 1602 6034 ἐξῆλθεν
1633 5984 1643 6034 ί

481 5991 596 6038 οὕ.
676 5991 691 6010 ⁸

1723 5910 1765 5939 ¹⁰
1785 5907 1883 5984 ᾡς]
1913 5910 1995 5984 δτι
2162 5910 2203 5984 ‘_‘
2235 5909 2364 5982 ὑπό]
2394 5911 2502 5984 ἀπό
2533 5913 2593 5963 Α.
2621 5899 2640 5984 ι’
2673 5899 2951 5984 ’[’ὁύμγάρ
2985 5907 3075 5980 ἂν]
3109 5910 3168 5962 o6
3200 5914 3306 5982 γὰρ
3329 5913 3390 5966 (Σ.
3423 5899 3683 5984 οὺδῖγὰρ

751 5979 970 6049 ἐξῆλθεν
1004 5980 1066 6033 ἂν
1095 5981 1139 6031 Λ
1196 5979 1249 6033 Β.
1284 5980 1342 6034 C.
1382 5978 1602 6050 ἐξῆλθεν
1633 5982 1764 6049 (om.
1791 5979 1877 6051 ἂν)
1916 5980 1976 6035 1.).

2099 5995 2137 6033 κ
2174 5978 2577 6055 ἐπιχεῐρὴσειεν
2604 5979 2666 6034 Α.
2709 5979 2768 6034 Β.
2801 5981 2863 6035 C.
