4078 6372
501 286 571 341 77

491 399 697 468 spicua,
728 413 904 469 neque
952 405 1125 454 mater
1171 396 1288 469 ejus
1329 397 1589 452 illustrem
1632 398 1920 467 quamdam
1963 407 2091 465 spe-

489 492 626 546 ciem
659 507 768 562 pra:
795 506 854 546 se
884 490 1109 546 ferebat.
1149 490 1295 562 Opus
1317 492 1495 560 itaque
1516 496 1633 544 erat
1660 487 1814 544 stella
1843 502 1963 558 quae
1987 501 2084 542 eos

467 580 547 660 .in
576 582 694 654 ipso
738 583 856 640 loco
890 584 1126 639 sisteret.
1171 583 1532 652 Quamobrem
1571 581 1904 652 Jerosolyma
1936 593 2094 650 egre-

488 671 760 728 dientibus
799 683 1054 744 apparet,
1106 689 1207 729 nec
1256 683 1361 729 stat
1388 673 1534 743 prius
1561 687 1720 744 quam
1750 672 1818 726 ad
1845 684 2090 741 prmsepe

492 768 822 836 pervenerit,
869 775 924 821 et
966 766 1282 822 miraculum
1335 764 1594 820 miraculo
1623 763 1931 820 addiderit:
1963 777 2088 816 nam

490 867 776 927 utrumque
803 857 1048 912 mirabile
1085 868 1222 923 erat,
1267 865 1323 912 et
1349 855 1489 927 quod
1521 855 1659 926 magi
1688 854 2005 917 adorarent,
2035 861 2091 909 et

491 947 636 1017 quod
675 949 826 1004 stella
859 949 1002 1018 ipsos
1030 949 1247 1005 sisteret
1278 967 1291 1003 :
1325 964 1445 1019 quae
1477 963 1608 1003 sane
1654 956 1875 1019 possent
1900 947 1984 1002 vel
2015 945 2092 1001 la-

492 1038 680 1110 pideos
705 1040 915 1094 animos
943 1040 1234 1094 attrahere.
1268 1039 1322 1094 Si
1350 1040 1495 1094 enim
1525 1039 1788 1094 dixissent
1820 1038 1958 1108 magi
1983 1079 1998 1102 ,
2027 1051 2090 1091 se

493 1132 782 1202 prophetas
811 1131 1080 1188 audivisse
1109 1131 1224 1187 lucc
1260 1131 1526 1196 dicentes,
1559 1132 1643 1186 vel
1674 1131 1789 1184 hac
1826 1130 1927 1185 sibi
1978 1128 2090 1198 pri-

494 1225 660 1278 vatim
686 1224 754 1278 ab
775 1225 976 1295 angelis
1003 1225 1142 1279 dicta
1168 1225 1351 1290 fuisse,
1371 1225 1505 1279 ﬁdes
1526 1223 1632 1278 illis
1649 1239 1755 1278 non
1783 1223 1971 1278 fuisset
1989 1223 2090 1277 ha-

495 1316 602 1371 bita
634 1333 647 1370 :
677 1317 787 1386 jam
815 1332 941 1372 vero
971 1319 1120 1373 stella
1171 1333 1403 1387 superne
1432 1318 1665 1383 lucente,
1699 1315 1786 1372 vel
1811 1315 2094 1387 impuden-

496 1411 626 1465 tium
653 1401 744 1466 ora
768 1410 1202 1466 obstruebantur.
1225 1411 1426 1466 Deinde
1455 1426 1574 1466 cum
1594 1424 1762 1480 puero
1783 1409 2091 1465 immineret

496 1501 674 1565 stella,
703 1503 852 1558 stetit
889 1520 903 1556 :
934 1502 985 1556 id
1010 1501 1152 1573 quod
1196 1502 1416 1570 majoris
1439 1510 1555 1556 erat
1581 1500 1882 1570 potestatis,
1930 1514 2093 1570 quam

496 1601 557 1646 ut
603 1593 774 1648 stella:
800 1602 1089 1659 competat,
1121 1592 1260 1663 quod
1309 1592 1514 1647 scilicet
1562 1591 1724 1646 modo
1762 1590 2091 1656 occultetur,

496 1683 660 1738 modo
685 1692 961 1754 appareat,
985 1693 1040 1739 et
1059 1699 1178 1738 cum
1206 1692 1447 1754 apparet,
1477 1698 1696 1738 cursum
1734 1683 1908 1738 sistat.
1959 1681 2096 1737 Hinc

497 1774 575 1829 illi
604 1775 991 1830 incrementum
1037 1775 1158 1829 ﬁdei
1203 1784 1462 1846 ceperunt
1496 1791 1508 1827 :
1541 1775 1662 1829 ideo
1711 1774 1874 1829 lmtati
1925 1781 2092 1837 sunt,

499 1868 623 1935 quia
649 1867 791 1936 quod
816 1869 1126 1937 qurerehant
1152 1868 1492 1931 invenerunt,
1515 1867 1634 1938 quia
1660 1869 1830 1922 nuntii
1854 1867 2097 1922 veritatis

495 1959 669 2013 cll‘ecti
698 1963 844 2020 sunt,
868 1955 989 2026 quia
1011 1967 1113 2006 non
1135 1952 1328 2004 frustra
1349 1958 1551 2003 tantum
1583 1957 1933 2018 susceperunt
1952 1949 2087 2005 iter:

480 2049 574 2104 'sic
597 2046 806 2103 ardenti
827 2044 1025 2102 Christi
1046 2042 1315 2098 desiderio
1332 2040 1646 2110 ﬂagrabant.
1669 2039 1802 2094 Nam
1829 2041 2092 2097 accedens

495 2139 670 2206 stella,
704 2152 866 2207 super
910 2137 1084 2205 ipsum
1118 2133 1266 2202 pueri
1297 2140 1456 2202 caput
1484 2131 1655 2196 stetit,
1687 2129 1978 2186 ostendens
2011 2131 2094 2188 di-

498 2230 676 2284 vinam
702 2243 822 2284 esse
847 2226 1049 2297 prolem
1077 2241 1091 2278 :
1119 2238 1348 2292 cumque
1373 2223 1631 2286 stetisset,
1661 2221 1726 2274 ad
1758 2219 2090 2274 adorandum

499 2321 738 2386 adducit,
771 2334 878 2374 non
907 2315 1222 2386 simpliciter
1248 2315 1528 2381 barbaros,
1555 2313 1650 2367 sed
1675 2313 1765 2384 qui
1806 2314 1947 2368 inter
1976 2313 2096 2369 illos

500 2412 880 2484 sapientissimi
912 2419 1086 2466 erant.
1122 2409 1285 2464 Vides
1320 2408 1459 2462 hanc
1489 2407 1698 2461 stellam
1734 2406 1856 2476 jure
1903 2406 2098 2461 merito

499 2505 853 2577 apparuisse?
882 2503 1156 2574 Siquidem
1180 2511 1235 2556 et
1260 2510 1378 2570 post
1403 2499 1760 2570 prophetiam,
1791 2507 1847 2552 ct
1873 2509 1993 2569 post
2014 2513 2100 2553 sa-

500 2600 781 2655 cerdotum
812 2598 1218 2666 scribarumque
1244 2594 1763 2664 interpretationem,
1798 2592 1973 2646 adhuc
2008 2591 2097 2646 illa

501 2693 792 2747 utebantur
813 2691 970 2744 duce.

570 2836 798 2891 Marcion
825 2849 870 2891 et
897 2838 1098 2893 Paulus
1125 2839 1486 2896 Samosatenus
1508 2859 1570 2896 ex
1588 2844 1735 2898 stella
1749 2845 2092 2914 confutati—

491 2930 790 2985 Erubescat
817 2931 1052 2985 Marcion
1077 2974 1092 2996 ,
1122 2933 1408 2988 erubescat
1446 2934 1643 2988 Paulus
1685 2936 2087 3006 Samosatenus,

489 3023 580 3092 qui
611 3023 896 3077 noluerunt
926 3037 989 3078 ea
1018 3023 1220 3084 videre.
1253 3041 1374 3094 qua:
1423 3027 1561 3096 magi
1587 3027 1858 3096 viderunt,
1889 3029 2088 3088 Eccle-

492 3115 588 3169 siae
614 3115 983 3185 progenitores
1009 3115 1086 3188 (α)
1115 3133 1128 3168 :
1162 3131 1337 3182 neque
1364 3118 1507 3170 enim
1535 3119 1700 3188 pudet
1734 3135 1821 3175 me
1858 3120 1936 3177 sic
1966 3121 2088 3178 illos

487 3223 702 3262 vocare.
747 3207 1040 3264 Erubescat
1083 3207 1341 3275 Marcion,
1393 3210 1562 3265 Deum
1603 3211 1792 3268 videns
1841 3213 1894 3268 in
1923 3229 2088 3272 carne

489 3300 791 3354 adoratum.
821 3299 1116 3356 Erubescat
1143 3301 1360 3365 Paulus,
1413 3301 1600 3358 videns
1628 3304 1776 3359 illum
1821 3320 1926 3360 non
1954 3307 2086 3362 sim-

490 3393 702 3462 pliciter
720 3402 780 3448 ut
810 3392 1082 3447 hominem
1110 3392 1344 3448 adorari.
1374 3393 1504 3447 Nam
1527 3395 1668 3464 quod
1696 3395 1749 3450 in
1770 3411 1932 3452 carne
1951 3397 2088 3453 ado-

489 3495 640 3540 ratus
668 3486 757 3551 sit,
791 3484 845 3538 id
866 3494 919 3538 et
943 3485 1103 3556 panni
1122 3485 1407 3539 ostendunt
1436 3496 1488 3540 et
1517 3502 1756 3556 praesepe
1783 3503 1797 3539 :
1825 3489 1964 3557 quod
1993 3505 2089 3543 au-

492 3588 598 3632 tem
623 3594 726 3632 non
753 3578 902 3647 quasi
923 3577 1192 3631 hominem
1213 3593 1402 3646 purum
1433 3578 1793 3645 adoraverint,
1812 3581 2087 3638 declarant

492 3670 618 3723 dum
654 3670 955 3723 immatura:
999 3669 1142 3722 tutati
1170 3669 1293 3722 talia
1338 3668 1615 3737 proferunt
1638 3669 1800 3736 dona,
1827 3687 1946 3741 qua:
1977 3673 2086 3727 Deo

492 3761 674 3815 oll‘erri
705 3775 798 3829 par
825 3768 962 3814 erat.
991 3758 1326 3814 Erubescant
1352 3775 1474 3814 cum
1498 3761 1602 3816 illis
1630 3772 1685 3815 et
1733 3761 1927 3827 Judaei,
1956 3764 2084 3818 dum

494 3855 748 3911 barbaros
772 3864 824 3910 et
851 3869 1035 3925 magos
1055 3853 1259 3920 vident,
1290 3854 1381 3924 qui
1406 3854 1552 3924 ipsos
1573 3854 1926 3923 prmveniunt,
1983 3869 2085 3911 nec

491 3954 613 4015 post
639 3945 758 4000 illos
785 3945 1041 4000 accedere
1073 3945 1274 3999 volunt.
1306 3945 1436 3999 Nam
1465 3960 1583 4015 qua:
1613 3955 1723 3999 tum
1752 3945 1889 4000 facta
1918 3955 2040 4000 sunt
2062 3984 2080 4012 ,

489 4037 788 4092 futurorum
810 4047 965 4092 erant
995 4036 1162 4107 ﬁgura
1199 4055 1212 4091 :
1242 4045 1403 4106 atque
1432 4039 1484 4089 in
1511 4035 1734 4090 exordio
1759 4036 1875 4105 ipso
1897 4034 2082 4090 decla-

487 4142 665 4186 ratum
694 4141 808 4197 est,
837 4140 1025 4201 gentes
1067 4129 1322 4201 populum
1353 4130 1500 4184 illum
1536 4137 1901 4199 praeventurus
1937 4143 2078 4184 esse.

491 4223 558 4278 Et
595 4239 692 4279 cur
718 4264 734 4286 ,
769 4223 997 4292 inquies,
1031 4237 1137 4276 non
1177 4222 1244 4276 ab
1289 4223 1477 4288 initio,
1511 4221 1606 4277 sed
1634 4230 1818 4293 postea
1842 4221 2078 4288 dicebat,

487 4317 682 4372 Enntes
703 4317 876 4372 docete
895 4333 1068 4372 omnes
1088 4327 1260 4388 gentes
1289 4315 1506 4386 (Matth.
1535 4314 1628 4371 28.
1654 4315 1784 4386 l9)?
1811 4316 1942 4382 Quia
1959 4357 1974 4381 ,
2021 4323 2083 4370 ut

485 4410 592 4481 iam
613 4410 722 4466 dixi
743 4452 758 4478 ,
791 4410 932 4480 quod
964 4419 1089 4465 tunc
1119 4409 1315 4464 factum
1342 4420 1442 4476 est,
1473 4410 1768 4464 futurorum
1809 4410 1997 4480 ﬁgura,
2025 4418 2082 4465 et

486 4504 637 4572 quasi
663 4503 940 4572 praedictio
970 4512 1108 4558 erat.
1137 4503 1569 4558 Consentaneum
1598 4502 1799 4572 quippe
1823 4510 1972 4568 erat,
2019 4509 2080 4556 ut

484 4595 654 4650 Judaei
677 4604 903 4650 czrteros
930 4595 1332 4664 praecederent;
1363 4595 1486 4664 quia
1511 4609 1638 4648 vero
1663 4594 1960 4664 praestitum
1977 4594 2078 4650 sibi

488 4687 806 4743 beneﬁcium
835 4697 1027 4757 sponte
1068 4696 1408 4756 respuerunt,
1451 4702 1540 4742 res
1573 4697 1899 4756 praepostere
1925 4701 2077 4742 versa

484 4791 568 4834 est
603 4799 616 4834 :
645 4779 908 4848 siquidem
939 4793 1111 4848 neque
1153 4777 1242 4833 hic
1263 4794 1358 4848 par
1384 4787 1520 4845 erat,
1558 4786 1615 4833 ut
1658 4779 1797 4848 magi
1835 4786 1959 4833 ante
1986 4777 2078 4834 Ju-

485 4870 634 4925 dmos
679 4872 956 4934 venirent;
1007 4887 1180 4942 neque
1226 4880 1281 4926 ut
1321 4872 1354 4926 ii
1397 4872 1487 4941 qui
1525 4881 1674 4925 tanto
1702 4872 1875 4941 spatio
1901 4871 2072 4927 dista-

486 4963 648 5024 hant,
677 4977 773 5017 eos
801 4962 890 5032 qui
921 4962 1059 5016 circa
1111 4962 1297 5017 urbem
1352 4963 1522 5031 ipsam
1571 4961 1883 5018 habitabant
1919 4971 2077 5018 ante-

488 5053 784 5118 cederent,
824 5069 997 5124 neque
1025 5065 1084 5108 ut
1109 5054 1166 5120 ii,
1199 5056 1287 5125 qui
1328 5053 1587 5108 nihildum
1633 5055 1912 5109 audierant
1939 5069 2032 5110 eos
2056 5095 2073 5120 ,

477 5147 575 5215 qui
621 5147 761 5202 inter
788 5156 865 5202 tot
893 5147 1206 5217 prophetias
1252 5146 1493 5202 innutriti
1539 5146 1782 5211 fuerant,
1816 5145 2078 5217 praeveni-

485 5247 638 5303 rent;
672 5254 855 5294 verum
885 5240 1010 5310 quia
1041 5239 1093 5292 in
1123 5254 1332 5294 summa
1376 5238 1636 5293 bonorum
1669 5253 1887 5293 suorum
1919 5238 2076 5308 igno-

551 5514 628 5584 (α).
653 5513 740 5584 ilic
766 5512 896 5582 magi
919 5511 1142 5584 dicuntur
1175 5511 1400 5584 Ecclesiae
1437 5517 1800 5584 progenitores,
1832 5519 1947 5582 quia
1973 5522 2079 5584 ipsi

489 5577 632 5638 primi
655 5576 704 5623 in
725 5576 933 5638 regione
951 5586 1055 5630 sua,
1082 5577 1181 5623 imo
1205 5577 1351 5624 etiam
1386 5578 1434 5624 in
1456 5576 1638 5636 Judaaa,
1665 5576 1905 5631 (“hriStu'm
1925 5576 2075 5633 adve-

491 5635 626 5686 uisse
649 5635 981 5698 praedicarunt.
995 5644 1092 5693 Qua
1111 5639 1298 5686 ratione
1322 5645 1546 5688 auctores
1570 5647 1622 5689 et
1645 5642 1923 5695 laudatores
1944 5643 2074 5698 Chri-

495 5696 731 5749 stiauiSmi
753 5696 848 5746 dici
870 5705 1090 5760 possunt.

1243 288 1304 346 S.
1337 285 1625 349 JOANNIS
1661 290 2149 350 CIIRYSOSTOMI
2188 293 2509 350 ARCHIEP.
2557 293 3104 355 CONSTANTINOP.

3681 296 3757 356 78

2199 400 2370 454 rantia
2395 400 2776 467 versabantur,
2804 403 2893 473 qui
2937 404 2988 457 in
3020 403 3259 471 Perside,
3305 419 3402 460 eos
3443 407 3534 477 qui
3575 406 3794 463 Jeroso-

2199 491 2354 568 lymis
2380 503 2506 548 sunt
2556 504 2921 564 przevertunt;
2951 496 3001 550 id
3039 496 3182 567 quod
3209 497 3368 554 etiam
3394 498 3523 555 dicit
3553 500 3749 555 Paulus
3776 521 3791 556 :

2207 583 2360 640 Vobis
2406 585 2665 656 oportebat
2709 588 3017 642 annuntiare
3082 591 3304 657 primum
3371 608 3586 663 regnum
3637 593 3736 648 Dei
3771 611 3791 650 :

2198 679 2286 733 sed
2329 679 2449 750 quia
2494 695 2584 734 vos
2631 680 2867 752 indignos
2917 681 3224 752 judicastis,
3273 698 3388 736 ecce
3452 686 3794 740 convertimur

2195 772 2266 826 ad
2292 782 2465 844 gentes
2496 773 2633 843 (Act.
2652 775 2740 830 15.
2759 773 2876 846 46).
2905 775 3126 830 Etiamsi
3154 775 3296 830 enim
3332 787 3488 832 antea
3530 779 3794 836 increduli

2195 871 2371 929 erant,
2401 879 2430 918 a
2455 865 2623 936 magis
2649 865 2837 920 saltem
2858 864 3138 921 audientes
3162 881 3445 923 accurrere
3474 871 3790 940 Oportebat;

2196 955 2289 1009 sed
2313 956 2599 1011 noluerunt
2629 974 2642 1009 :
2671 955 2915 1028 ideoque,
2950 957 3054 1011 illis
3091 957 3481 1014 dormientibus
3502 1002 3515 1024 ,
3550 960 3600 1013 hi
3648 976 3791 1030 prac—
3850 1024 3867 1036 θ

2193 1054 2437 1101 currunt.

2255 1269 2310 1325 ὅ.
2351 1268 2653 1325 Exhortatio
2675 1273 2900 1326 moralis.
2935 1271 3036 1339 Qui
3062 1256 3270 1345 indigne
3289 1278 3527 1343 mysteria
3551 1289 3780 1346 sumunt,

2187 1361 2382 1416 Herodi
2399 1364 2608 1418 similes.
2639 1364 2975 1419 Theatrorum
3002 1366 3316 1422 obscaenum.
3359 1398 3429 1408 —
3475 1369 3654 1442 Magos
3680 1373 3784 1428 ita-

2184 1469 2288 1524 que
2312 1469 2620 1524 sequamur,
2647 1465 2703 1510 et
2725 1471 2753 1508 a
2779 1455 3128 1511 barbarorum
3151 1466 3328 1513 tamen
3350 1461 3588 1517 moribus
3611 1463 3780 1520 multa

2183 1548 2577 1618 intercapedine
2613 1563 2710 1603 nos
2749 1564 3118 1605 removeamus
3143 1593 3156 1616 ,
3196 1560 3252 1605 ut
3288 1551 3556 1608 Christum
3595 1556 3779 1612 videa-

2180 1655 2301 1694 mus
2330 1656 2344 1692 :
2374 1640 2802 1711 quandoquidem
2829 1651 2882 1696 et
2909 1641 3008 1711 ipsi
3037 1642 3138 1697 nisi
3169 1645 3352 1713 procul
3378 1661 3407 1698 a
3431 1659 3527 1700 sua
3552 1648 3776 1717 regione

2175 1735 2563 1802 recessissent,
2604 1753 2710 1791 non
2756 1738 2901 1791 illum
2945 1740 3110 1794 visuri
3160 1747 3334 1794 erant.
3385 1739 3714 1796 Recedamus
3742 1759 3776 1799 a

2175 1826 2404 1881 terrenis
2430 1828 2674 1898 negotiis.
2723 1829 2932 1882 Etenim
2965 1830 3102 1900 magi
3129 1870 3145 1894 ,
3178 1829 3304 1883 dum
3349 1830 3400 1882 in
3434 1831 3654 1887 Perside
3683 1849 3771 1887 es-

2172 1927 2310 1984 sent,
2335 1918 2540 1973 stellam
2567 1919 2816 1974 videbant
2842 1937 2854 1973 :
2879 1936 2998 1975 cum
3025 1933 3202 1976 autem
3229 1937 3258 1976 a
3288 1923 3509 1978 Perside
3533 1939 3774 1981 recesse-

2173 2019 2335 2077 runt,
2379 2011 2558 2067 Solem
2598 2012 2819 2082 iustitia:
2861 2029 3230 2083 conspexere;
3282 2015 3390 2070 imo
3431 2031 3529 2070 nec
3557 2017 3774 2072 stellam

2174 2101 2310 2155 ultra
2343 2103 2505 2156 visuri
2542 2111 2694 2156 erant
2716 2144 2731 2169 ,
2763 2104 2866 2158 nisi
2907 2113 3157 2174 prompto
3186 2106 3366 2159 animo
3396 2107 3520 2161 inde
3546 2107 3777 2176 profecti

2171 2201 2371 2246 essent.
2438 2192 2731 2264 Surgamus
2795 2195 2954 2264 igitur
3009 2204 3065 2250 et
3123 2211 3262 2262 nos;
3325 2197 3533 2252 etiamsi
3586 2193 3778 2255 omnes

2170 2285 2571 2354 perturbentur,
2605 2286 2671 2341 ad
2697 2286 2914 2342 domum
2947 2287 3096 2356 pueri
3126 2302 3404 2343 curramus
3429 2307 3444 2344 :
3466 2293 3564 2344 etsi
3593 2307 3773 2360 reges,

2171 2375 2273 2430 etsi
2305 2376 2520 2446 populi,
2553 2378 2653 2431 etsi
2699 2379 2909 2448 tyranni
2943 2379 3078 2433 hanc
3106 2380 3246 2433 viam
3275 2379 3595 2450 intercipere
3631 2391 3779 2437 sata-

2170 2476 2299 2536 gant
2323 2507 2337 2531 ,
2371 2483 2439 2523 ne
2479 2468 2802 2523 desiderium
2843 2469 3133 2524 solvamus.
3179 2469 3270 2525 Sic
3302 2471 3444 2525 enim
3475 2477 3652 2528 omnia
3685 2474 3775 2528 in.

2169 2558 2415 2627 gruentia
2457 2560 2595 2613 mala
2634 2559 2985 2630 depellemus.
3035 2560 3308 2632 Siquidem
3348 2571 3404 2618 et
3438 2562 3490 2616 hi
3519 2580 3732 2636 quoque
3757 2607 3776 2633 ,

2172 2651 2274 2705 nisi
2313 2667 2538 2722 puerum
2566 2652 2866 2717 vidissent,
2905 2654 3199 2723 periculum
3225 2695 3242 2720 ,
3275 2655 3416 2724 quod
3447 2671 3476 2710 a
3504 2673 3628 2727 rege
3659 2675 3777 2714 me-

2173 2746 2432 2810 tuebant,
2479 2761 2584 2800 non
2629 2745 2960 2816 effugissent.
3009 2749 3310 2816 Antequam
3355 2762 3581 2816 puerum
3627 2750 3778 2805 vide-

2171 2847 2315 2902 rent,
2346 2838 2588 2902 timores,
2617 2837 2874 2906 pericula,
2901 2837 3326 2907 perturbationes
3343 2838 3578 2906 undique
3606 2840 3776 2894 insta-

2171 2930 2339 2997 bant;
2397 2939 2521 3000 post
2570 2930 2937 2984 adorationem
2981 2944 3148 2994 vero,
3201 2930 3566 3000 tranquillitas
3614 2941 3779 3001 atque

2171 3024 2462 3087 securitas;
2512 3037 2685 3092 neque
2727 3021 2953 3076 ulterius
2997 3022 3149 3077 stella
3174 3064 3189 3088 ,
3229 3020 3323 3076 sed
3362 3023 3589 3094 angelus
3625 3024 3776 3092 ipsos

2171 3114 2366 3184 excipit
2391 3154 2406 3179 ,
2448 3113 2516 3167 ab
2560 3111 2873 3167 adoratione
2914 3112 3223 3168 sacerdotes
3267 3111 3487 3170 eﬁ'ectos
3520 3135 3534 3170 :
3566 3116 3769 3171 etenim

2171 3221 2393 3262 munera
2421 3205 2746 3260 obtulerunt.
2795 3204 3042 3260 Dimissis
3074 3205 3252 3273 itaque
3280 3204 3504 3261 Judaico
3535 3207 3732 3276 populo
3756 3248 3773 3270 ,

2172 3298 2482 3370 perturbata
2521 3297 2774 3364 civitate,
2824 3298 3168 3367 sanguinario
3213 3306 3479 3368 tyranno,
3526 3301 3773 3354 saeculari

2171 3405 2400 3460 pompa,
2435 3389 2487 3444 in
2529 3388 2840 3443 Bethlchem
2881 3389 2990 3444 cito
3031 3403 3225 3458 perge,
3254 3389 3345 3443 ubi
3388 3389 3580 3444 domus
3621 3393 3777 3460 panis

2172 3480 2485 3551 spiritualis.
2520 3480 2630 3534 Etsi
2657 3479 2798 3534 enim
2827 3488 3010 3548 pastor
3032 3478 3214 3544 fueris,
3247 3493 3420 3548 eoque
3446 3481 3732 3536 adveneris
3751 3523 3770 3546 ,

2174 3588 2396 3642 puerum
2443 3572 2494 3625 in
2540 3571 2836 3625 diversorio
2878 3570 3102 3624 videbis.
3149 3569 3370 3624 Etiamsi
3413 3586 3509 3625 rex
3563 3570 3772 3638 fueris,

2173 3681 2274 3720 nec
2319 3675 2495 3719 tamen
2541 3662 2861 3727 adveneris,
2903 3661 3037 3716 nihil
3078 3661 3172 3717 tibi
3214 3677 3448 3731 purpura
3491 3662 3769 3732 proderit;

2174 3759 2381 3814 etiamsi
2410 3768 2595 3827 magus
2621 3755 2804 3820 fueris,
2834 3754 2964 3808 nihil
2995 3761 3046 3808 te
3075 3754 3177 3808 hoc
3202 3752 3490 3822 impediet,
3524 3754 3568 3808 si
3601 3755 3765 3807 modo

2177 3852 2534 3906 honoraturus
2562 3848 2984 3917 adoratumsque
3007 3847 3300 3902 accesseris
3317 3886 3332 3909 ,
3363 3861 3462 3901 nec
3488 3848 3775 3902 conculca-

2175 3954 2326 3998 turus
2353 3943 2546 3997 Filium
2587 3940 2682 3995 Dei
2713 3957 2728 3993 :
2759 3940 2804 3993 si
2844 3954 2966 3995 cum
3012 3946 3248 3993 tremore
3288 3937 3449 3992 simul
3488 3945 3544 3992 et
3579 3937 3776 4008 gaudio

2177 4037 2280 4091 hoc
2308 4035 2516 4106 egeris;
2550 4035 2663 4089 haec
2687 4034 2830 4089 enim
2863 4036 3022 4086 ambo
3047 4041 3271 4101 possunt
3295 4046 3636 4088 concurrere.
3665 4031 3776 4087 Sed

2175 4143 2306 4184 cave
2334 4143 2403 4182 ne
2431 4125 2625 4182 Herodi
2654 4126 2844 4180 similis
2870 4125 2944 4178 sis
2972 4132 3028 4179 et
3048 4124 3213 4187 dicas,
3247 4122 3316 4179 Ut
3341 4125 3539 4179 veniens
3563 4123 3775 4178 adorem

2177 4237 2330 4285 eum,
2356 4218 2686 4287 veniensque
2731 4216 2977 4273 occidere
3019 4223 3212 4271 tentes.
3265 4214 3340 4269 Illi
3383 4215 3524 4270 enim
3570 4214 3778 4270 similes

2179 4322 2338 4378 sunt,
2364 4309 2456 4380 qui
2485 4309 2701 4379 indigne
2725 4308 3105 4380 mysteriorum
3135 4306 3421 4378 participes
3451 4316 3595 4362 sunt.
3639 4307 3775 4361 Nam

2179 4407 2271 4479 qui
2294 4405 2593 4478 hujusmodi
2619 4415 2722 4473 est,
2746 4405 2881 4460 Reus
2900 4406 3014 4470 erit,
3040 4405 3230 4475 inquit,
3254 4405 3480 4474 corporis
3502 4413 3549 4459 et
3569 4400 3777 4472 sangui-

2180 4501 2260 4554 nis
2286 4498 2492 4555 Domini
2518 4498 2595 4571 (Ι.
2621 4499 2739 4554 Cor.
2766 4499 2852 4552 lt.
2874 4498 2988 4566 ‘27).
3020 4497 3152 4551 Nam
3180 4497 3270 4564 qtti
3296 4495 3601 4562 huiusmodi
3629 4501 3780 4558 sunt,

2183 4592 2384 4647 habent
2430 4592 2485 4646 in
2529 4605 2589 4644 se
2633 4573 3287 4662 tyrannum'im'identem
3332 4602 3496 4656 regno
3534 4585 3779 4648 Christi,

2184 4699 2487 4740 mamonam
2515 4698 2707 4751 nempe
2733 4682 2944 4736 Herode
2971 4682 3306 4750 iniquiorem.
3336 4678 3435 4733 llic
3459 4677 3656 4747 quippe
3681 4675 3781 4730 itu-

2184 4789 2376 4846 perare
2416 4775 2566 4840 vult,
2608 4774 2872 4843 mittitque
2911 4771 3148 4827 cultores
3188 4784 3316 4825 suos
3340 4811 3355 4834 ,
3396 4771 3485 4840 qui
3529 4769 3783 4824 simulate

2183 4866 2400 4937 quidem
2432 4865 2690 4930 adorent,
2721 4869 2818 4919 sed
2845 4861 3118 4917 adorando
3154 4861 3418 4931 jugulent.
3467 4860 3784 4915 Timeamus

2184 4959 2361 5028 itaque
2380 4999 2396 5024 ,
2425 4972 2494 5011 ne
2515 4956 2752 5026 speciem
2781 4955 3080 5024 supplicum
3126 4963 3180 5008 et
3205 4953 3546 5006 adoratorum
3579 4951 3782 5005 habea-

2184 5063 2304 5102 mus
2331 5089 2345 5112 ,
2393 5062 2554 5117 opere
2597 5056 2775 5101 autem
2816 5045 3084 5100 contraria
3113 5043 3482 5099 exhibeamus.
3532 5041 3725 5097 Omnia
3749 5058 3784 5097 c

2182 5141 2426 5196 manibus
2450 5140 2790 5210 projiciamus
2817 5137 3108 5194 adoraturi.
3141 5136 3198 5193 Si
3222 5151 3413 5190 aurum
3445 5135 3737 5191 habeamus
3762 5177 3779 5198 ,

2184 5233 2359 5301 ipsum
2395 5231 2683 5287 oﬂ'eramus
2706 5273 2722 5296 ,
2755 5245 2854 5285 nec
2896 5228 3251 5284 defodiamus.
3293 5225 3350 5283 Si
3379 5227 3522 5282 enim
3567 5225 3780 5280 barbari

2182 5322 2256 5377 illi
2283 5323 2350 5378 ad
2377 5322 2636 5378 honorem
2661 5337 2884 5376 munera
2914 5330 3042 5377 tunc
3066 5319 3398 5382 obtulerunt,
3441 5317 3562 5388 quis
3587 5325 3644 5371 tu
3673 5316 3783 5371 eris

2183 5415 2286 5471 nisi
2327 5414 2530 5470 tribuas
2557 5413 2846 5485 indigenti?
2875 5414 2918 5468 si
2951 5413 3023 5467 illi
3054 5421 3254 5467 tantam
3286 5425 3572 5480 suscepere
3595 5411 3736 5464 viam
3761 5450 3778 5473 ,

2182 5514 2244 5561 ut
2280 5517 2462 5562 natum
2492 5506 2771 5570 viderent,
2799 5521 2956 5575 quam
2993 5505 3394 5560 excusationem
3433 5502 3653 5556 habebis
3681 5511 3735 5556 tu
3759 5542 3778 5568 ,

2185 5598 2270 5668 qui
2298 5614 2368 5654 ne
2390 5598 2456 5653 ad
2485 5598 2657 5653 vicum
2679 5597 2891 5668 quidem
2917 5612 3081 5651 unum
3106 5610 3380 5666 properas,
3404 5603 3461 5649 ut
3486 5592 3778 5658 inﬁrmum,

2185 5699 2239 5746 et
2269 5691 2320 5745 in
2344 5689 2564 5747 vinculis
2586 5689 2858 5746 detentum
2882 5687 3104 5745 visites?
3131 5687 3291 5759 Atqui
3315 5701 3413 5743 nos
3438 5694 3492 5742 ot
3515 5683 3779 5749 inﬁrmos,
