4078 6372
296 351 359 404 77
1479 360 1546 440 ην
1582 359 1996 416 mnum-2m:
2029 364 2266 421 HUMIL.
2312 365 2422 420 vn.
3467 353 3540 407 73

288 451 556 526 ἐρωτῆθαι
597 456 721 519 τοὺς
777 454 1097 518 Ἰουδαίους,
1132 454 1227 507 καὶ
1275 457 1406 506 πᾶσι
1457 453 1758 522 κατάδηλον
1805 450 1863 503 :6

285 548 516 617 πρᾶγμα
539 546 767 615 γένηται
799 545 971 618 [£09].
1003 546 1221 616 Ἐπειδὴ
1251 545 1361 618 γὰρ
1387 547 1430 578 ⁸⁵
1456 544 1748 618 ἠρώτησαν
1771 544 1865 597 καὶ

282 637 636 700 διδασκάλους
670 637 827 708 ἔσχον
860 640 984 703 τοὺς
1028 637 1257 709 ἐχθροὺς
1291 638 1359 702 ⁸⁵,
1403 637 1652 707 φαίνεται
1704 639 1865 690 πάλιν

283 729 482 793 αὐτοῖς.
518 730 630 782 Καὶ
659 731 852 782 σκόπει
878 729 1202 784 ἀκολουθίαν
1230 729 1459 801 ἀρίστην
1485 732 1774 801 γινομένην
1797 732 1862 787 ¹⁶.

294 819 425 872 Ἀπὸ
481 820 584 890 μὲν
619 821 728 892 γάρ
777 820 871 874 τοῦ
904 820 1133 892 ἀστέρος
1185 821 1397 893 δέχεται
1440 823 1636 886 αὐτοὺς
1681 824 1709 874 6
1757 823 1864 876 τῶν

293 911 565 963 Ἰουδαίων
602 911 776 982 δῆμος
814 912 909 966 καὶ
939 915 968 966 ό
1013 912 1286 982 βασιλεὺς,
1317 915 1410 967 καὶ
1451 913 1544 966 τὸν
1579 916 1864 985 προφήτην

279 1003 562 1071 εἰσάγουσι
610 1004 932 1057 διδάσκοντα
981 1005 1043 1058 :6
1081 1005 1422 1075 φαινόμενον.
1477 1007 1610 1059 Ἀπὸ
1657 1005 1713 1060 65
1769 1009 1863 1061 τοῦ

280 1095 563 1164 προφήτου
604 1095 768 1148 πάλιν
809 1094 1038 1162 ἄγγελος
1083 1097 1280 1160 αὐτοὺς
1318 1097 1648 1168 παραλαϐὼν
1687 1099 1865 1152 πάντα

281 1187 480 1253 ἐδίδαξε
500 1205 516 1219 ·
548 1187 690 1250 τέως
722 1184 780 1240 δὲ
819 1187 928 1240 ἀπὸ
962 1186 1348 1258 Ἰεροσολύμων
1381 1190 1460 1252 είς
1497 1189 1743 1260 Βηθλεέμ
1779 1189 1866 1244 διά

279 1280 369 1334 τοῦ
401 1280 637 1350 ἀστέρος
672 1277 974 1348 βαδίζουσιν
996 1295 1010 1309 ·
1040 1281 1070 1334 6
1096 1279 1205 1350 7&9
1228 1280 1402 1351 ἀστὴρ
1427 1280 1590 1334 πάλιν
1611 1281 1864 1336 κάκεῖθεν

281 1371 618 1424 συνώδευσεν
644 1371 686 1402 ⁸⁷
709 1387 722 1400 ·
753 1369 840 1424 ἵνα
872 1369 1048 1440 μάθῃς
1080 1368 1391 1431 κάντεῦθεν,
1419 1371 1502 1423 ὅτι
1525 1371 1584 1424 06
1606 1371 1712 1424 τῶν
1732 1371 1865 1424 πολ-

281 1461 383 1513 λῶν
429 1456 512 1524 εἷς
561 1456 630 1530 ἦν
657 1452 841 1522 οὗτος·
887 1459 1005 1513 0665
1030 1459 1137 1534 γὰρ
1165 1459 1277 1530 ἔχει
1323 1460 1526 1530 ταύτην
1552 1461 1652 1530 τὴν
1703 1461 1864 1530 φύσιν

282 1551 454 1622 ἀστὴρ
481 1550 608 1604 0665
633 1545 732 1613 εἷς.
779 1550 890 1604 Καὶ
921 1552 1020 1620 ούχ
1057 1551 1244 1614 ἁπλῶς
1273 1548 1537 1614 ἐϐάδιζεν,
1567 1550 1700 1605 άλλά
1733 1569 1864 1622 προ-

279 1642 409 1714 ἦγεν
447 1644 650 1708 αὐτοὺς
679 1642 854 1696 ἕλκων
877 1643 972 1696 καὶ⁴
1002 1643 1356 1713 χειραγωγῶν
1392 1645 1451 1697 ἐν
1489 1644 1670 1715 ἡμέρᾳ
1699 1644 1862 1716 μέσῃ.

344 1736 409 1788 6.
449 1736 565 1789 Καὶ
599 1736 652 1789 τί
692 1734 787 1788 τοῦ
822 1735 1048 1807 ἀστέρος
1090 1735 1278 1789 τούτου
1318 1735 1446 1795 ἔδει,
1485 1738 1652 1808 φησι,
1681 1736 1868 1790 λοιπὸν

279 1826 369 1880 τοῦ
398 1826 606 1898 χωρίου
639 1827 1070 1899 γνωρισθέντος;
1107 1829 1224 1881 Ἵνα
1255 1827 1348 1880 καὶ
1373 1827 1434 1880 :6
1464 1827 1672 1881 παιδίον
1703 1828 1865 1900 ὀφθῇ.

279 1918 414 1972 D665
464 1919 578 1990 7&9
625 1914 694 1989 ἦν
726 1935 777 1971 τι
823 1917 884 1971 :6
924 1917 1116 1988 δηλοῦν
1158 1918 1321 1971 αὐτό·
1365 1918 1552 1991 ἐπειδὴ
1597 1919 1718 1972 οὺδέ
1753 1919 1794 1952 ¹⁸
1833 1921 1868 1991 ἡ

277 2009 426 2063 οἰκία
448 2009 759 2080 περιφανὴς
789 2003 879 2080 ἦν,
915 2008 1040 2062 οῦτε
1075 2011 1108 2079 ἡ
1143 2009 1327 2080 μήτηρ
1352 2008 1583 2080 λαμπρά
1619 2011 1714 2062 καὶ
1749 2009 1871 2063 ἐπί-

283 2117 474 2170 σημος.
500 2100 650 2154 Ἔδει
680 2100 860 2154 τοίνυν
892 2099 986 2153 τοῦ
1016 2101 1245 2172 ἀστέρος
1281 2099 1375 2154 τοῦ
1415 2103 1801 2172 ἐπιστήωντος
1824 2104 1868 2136 ¹⁹

281 2193 478 2256 αὐτοὺς
508 2191 589 2264 τῷ
612 2191 784 2263 τόπῳ.
809 2192 900 2244 Διὸ
928 2191 1021 2246 καὶ
1042 2180 1151 2246 ἀπὸ
1180 2192 1568 2264 Ἱεροσολύμων
1597 2192 1870 2259 ἐξελθοῦσι

282 2283 558 2352 φαίνεται,
591 2284 687 2336 καὶ
719 2283 779 2336 ού
827 2285 1092 2355 πρότερον
1133 2283 1364 2348 ἵσταται,
1395 2283 1499 2348 ἕως
1527 2284 1624 2356 τὴν
1663 2285 1871 2358 φάτνην

282 2373 571 2427 κατέλαϐε.
604 2372 716 2426 Καὶ
746 2373 930 2444 θαῦμα
953 2377 1254 2443 συνήπτετο
1283 2374 1328 2406 ⁴⁸⁰
1357 2374 1616 2446 θαύματι·
1648 2377 1740 2431 καὶ
1762 2380 1871 2451 γὰρ

283 2464 573 2536 ἀμφότερα
615 2465 898 2536 παράδοξα
924 2460 1014 2536 ἦν,
1055 2464 1148 2518 καὶ
1183 2465 1245 2517 :6
1288 2465 1412 2529 τοὺς
1457 2467 1662 2538 μάγους
1705 2485 1872 2539 προσ-

283 2559 488 2618 κυνεῖν,
515 2558 612 2609 καὶ
640 2556 700 2609 τὸ
727 2557 819 2611 τὸν
849 2557 1056 2629 ἀστέρα
1086 2558 1349 2629 προάγειν
1373 2559 1440 2621 ²¹,
1469 2558 1564 2612 καὶ
1594 2559 1754 2614 ίκανά
1777 2559 1872 2612 καὶ

283 2648 407 2710 τοὺς
431 2648 642 2718 σφόδρα
665 2647 898 2712 λιθίνους
923 2649 1351 2704 ἐπισπάσασθαι.
1375 2651 1438 2704 Et
1467 2651 1565 2722 μὲν
1585 2652 1694 2723 γὰρ
1719 2649 1872 2705 εἷπον

281 2739 329 2791 οἱ
368 2739 559 2809 μάγοι,
585 2741 666 2794 δτι
701 2741 996 2812 προφητῶν
1025 2742 1267 2812 ἥκουσαν
1307 2743 1484 2798 ταῦτα
1513 2745 1798 2812 λεγόντων,
1835 2745 1868 2816 ἦ

283 2830 363 2882 ὅτι
404 2829 632 2898 ἄγγελοι
672 2832 793 2885 κατ’
843 2833 977 2885 ἰδίαν
1010 2834 1055 2864 ’³
1099 2834 1280 2897 αὐτοῖς
1328 2834 1680 2906 διελέχθησαν
1707 2876 1721 2900 ,
1768 2835 1872 2889 κᾶν

281 2921 702 2992 ἠπιστήθησαντ
730 2922 826 2977 νῦν
865 2922 921 2976 δὲ
953 2924 1051 2994 τῆς
1076 2922 1248 2991 ὅψεως
1277 2925 1370 2978 τοῦ
1404 2927 1632 2999 ἀστέρος
1664 2926 1870 2981 ἀνωθεν

286 3014 637 3086 φαινομένης,
663 3015 760 3069 καὶ
800 3015 848 3069 οῖ
885 3015 1089 3087 σφόδρα
1127 3018 1609 3088 ἀναισχυντοῦντες
1639 3020 1869 3072 ἐπεστο-

286 3111 520 3178 μίζοντο.
558 3107 692 3165 Εἶτα
720 3113 904 3184 ἐπειδὴ
934 3114 1136 3183 ἐπέστη
1168 3113 1248 3184 τῷ
1285 3115 1501 3185 παιδίῳ,
1535 3114 1664 3184 ἔστη
1694 3115 1858 3168 πάλιν

280 3203 308 3252 ὁ
331 3203 541 3272 ἀστήρ·
579 3203 716 3274 ὅπερ
754 3204 848 3257 καὶ
883 3205 1014 3257 αὐτὸ
1047 3204 1290 3275 μείζονος
1328 3205 1609 3275 δυνάμεως
1641 3207 1675 3277 ἢ
1715 3205 1856 3260 κατά

281 3292 484 3364 ἀστέρα
511 3289 600 3364 ἦν,
631 3295 691 3346 τὸ
716 3294 812 3347 νῦν
837 3296 933 3365 μὲν
963 3297 1325 3366 κρύπτεσθαι,
1351 3296 1446 3351 νῦν
1471 3297 1527 3350 65
1550 3296 1854 3366 φαίνεσθαι,

281 3384 372 3435 καὶ
403 3385 641 3452 φανέντα
673 3386 945 3440 ἵστασθαι.
975 3387 1252 3441 Ἐντεῦθεν
1272 3390 1511 3442 κάκεῖνοι
1541 3388 1858 3459 προσθήκην

280 3478 513 3541 πίστεως
543 3479 868 3548 ἐλάμϐανον.
909 3479 1005 3532 Διά
1037 3479 1196 3534 τοῦτο
1232 3480 1324 3533 καὶ
1352 3481 1650 3550 ἐχάρησαν,
1686 3481 1769 3532 ὅτι
1795 3478 1857 3532 :6

279 3565 610 3641 ζητούμενον
649 3564 827 3640 εὗρον,
857 3572 939 3624 ὅτι
969 3570 1120 3644 [HO]
1151 3571 1370 3638 ἄγγελοι
1413 3572 1668 3640 ἀληθείας
1699 3569 1858 3639 γεγό-

278 3677 448 3723 νασιν,
475 3662 559 3716 ὅτι
589 3663 690 3716 οὐκ
717 3664 837 3734 είκῆ
865 3663 1133 3734 τοσαύτην
1153 3659 1314 3734 ἦλθον
1344 3662 1461 3717 όδόν
1483 3681 1493 3691 ·
1517 3662 1659 3716 οῦτω
1690 3662 1854 3716 πολύν

275 3767 396 3804 τινα
428 3751 590 3805 πόθον
621 3754 752 3825 περὶ
789 3753 880 3807 τὸν
913 3753 1148 3824 Χριστὸν
1175 3750 1340 3824 εἶχον.
1388 3753 1499 3807 Καὶ
1530 3754 1639 3822 γὰρ
1685 3751 1852 3804 ἐλθὼν

276 3843 395 3894 κατ’
425 3844 599 3913 αὐτῆς
624 3844 752 3915 ἔστη
786 3845 884 3916 τῆς
917 3845 1178 3915 κεφαλῆς,
1213 3845 1425 3908 δεικνὺς
1453 3845 1534 3898 ὅτι
1565 3843 1705 3897 θεῖόν
1737 3846 1851 3897 ἐστι

275 3935 334 3987 :6
379 3936 663 4006 γέννημα·
716 3938 808 3990 καὶ
872 3937 1127 4001 σταθεὶς,
1188 3936 1282 3990 ἐπὶ
1327 3937 1427 4008 τὴν
1483 3935 1850 4005 προσκύνησιν

273 4027 418 4094 ἄγει,
453 4028 550 4098 οὐχ
578 4027 768 4090 ἁπλῶς
813 4027 1140 4099 βαρϐάρους,
1171 4028 1306 4082 ἀλλὰ
1341 4029 1468 4090 τοὺς
1511 4028 1852 4099 σοφωτέρους

271 4119 404 4190 παρ’
438 4120 692 4182 ἐκείνοις.
733 4121 895 4191 Ὁρᾷς
917 4121 998 4174 ὅτι
1039 4121 1263 4184 είκότως
1296 4120 1472 4192 ἀστὴρ
1503 4121 1676 4190 ἐφάνη
1703 4137 1718 4186 ;
1745 4121 1851 4174 Καὶ

271 4215 380 4282 7&9
417 4213 465 4244 "
503 4213 642 4281 μετά
703 4213 805 4285 τὴν
847 4212 1219 4284 προφητείαν,
1270 4215 1362 4266 καὶ
1409 4213 1544 4284 μετὰ
1593 4215 1693 4284 τὴν
1741 4213 1846 4266 τῶν

273 4306 572 4376 ἀρχιερέων
626 4306 720 4358 καὶ⁸
769 4304 1142 4376 γραμματέων
1202 4305 1496 4376 ἐξήγησιν,
1546 4305 1626 4358 ἔτι
1676 4304 1848 4375 τούτῳ

276 4399 579 4467 προσεῖχον.

337 4485 687 4556 Αἰσχυνέσθω
719 4485 1002 4556 Μαρκίων,
1042 4485 1376 4556 αίσχυνέσθω
1419 4486 1630 4550 Παῦλος
1666 4489 1694 4541 6
1738 4489 1843 4540 Σα-

270 4578 562 4646 μοσατεὺς,
591 4578 665 4648 μὴ
701 4565 1052 4648 βουληθέντες
1081 4579 1208 4632 ίδεῖν
1243 4578 1384 4650 άπερ
1411 4582 1458 4632 οἱ
1494 4579 1656 4651 μάγοι
1687 4576 1844 4646 εἶδον,

268 4670 317 4720 οἱ
351 4670 450 4740 τῆς
487 4667 816 4738 Ἐκκλησίας
865 4669 1148 4740 πρόγονοι·
1184 4670 1305 4723 0665
1364 4670 1472 4741 7&9
1524 4671 1847 4742 αίσχύνομαι

266 4761 440 4825 οὕτως
488 4762 689 4825 αὐτοὺς
730 4761 929 4816 καλῶν.
981 4761 1332 4832 Αἰσχυνέσθω
1377 4761 1658 4832 Μαρκίων.
1707 4761 1847 4831 ὁρῶν

270 4854 398 4906 σεὸν
426 4855 486 4905 ἐν
515 4853 681 4924 σαρκὶ
719 4853 1211 4925 προσκυνούμενον.
1234 4853 1582 4924 Αίσχυνέσθω
1613 4854 1844 4916 Παῦλος,

267 4944 408 5015 όρῶν
431 4944 530 5014 οὐχ
560 4944 636 5007 ὡς
665 4943 950 5015 ἄνθρωπον
988 4945 1458 5017 προσκυνούμενον
1485 4946 1688 5009 ἁπλῶς.
1708 4947 1846 5000 Ἀλλ’

260 5031 346 5087 ’ότι
382 5036 482 5106 μὲν
511 5039 567 5089 ὲν
602 5037 785 5108 σαρκὶ,
804 5038 870 5089 τά
889 5037 1177 5108 σπάργανα
1206 5038 1444 5091 δείκνυσι
1477 5038 1570 5090 καὶ
1593 5039 1625 5108 ἡ
1647 5037 1841 5109 φάτνη·

265 5125 346 5179 ῦτι
380 5127 436 5180 δὲ
465 5128 564 5198 οὐχ
588 5128 663 5191 ὡς
690 5127 840 5196 ψιλὸν
864 5127 1147 5200 ἄνθρωπον
1179 5128 1564 5199 προσεκύνουν,
1594 5129 1848 5201 δηλοῦσιν

265 5221 317 5268 εν
349 5217 514 5292 ἀώρῳ
541 5219 638 5288 τῆς
681 5219 896 5290 ἡλικίας
929 5220 1154 5273 τοιαῦτα
1197 5219 1344 5291 δῶρα
1392 5223 1780 5292 προσάγοντες,
1809 5220 1847 5275 ἃ.

1986 458 2076 513 καὶ
2109 460 2371 522 Ἰουδαῖοι,
2414 457 2719 530 βαρϐάρους
2745 457 2838 509 καὶ
2873 456 3080 526 μάγους
3103 456 3336 526 ὁρῶντες
3363 455 3555 518 αὐτοὺς

1987 551 2305 622 φθάνοντας,
2333 550 2425 604 καὶ
2453 549 2573 603 0665
2612 550 2728 620 μετ’
2751 549 2990 611 ἐκείνους
3018 547 3191 601 ἐλθεῖν
3220 547 3556 618 ἀνεχόμενοι.

1989 645 2098 698 Καὶ
2133 643 2242 714 γὰρ
2274 641 2442 706 τύπος
2473 638 2541 712 ἦν
2571 642 2679 695 τῶν
2707 641 3010 711 μελλόντων
3041 639 3111 694 τὰ
3134 641 3253 692 τότε
3277 638 3557 709 γινόμενα·

1987 732 2080 785 καὶ
2113 733 2170 798 ἐξ
2201 735 2379 788 αὐτῶν
2420 733 2528 788 τῶν
2574 735 2873 805 προοιμίων
2915 733 3193 801 ἐδηλοῦτο,
3238 731 3318 785 ὅτι
3364 729 3558 800 φθάσει

1979 826 2075 877 τὸν
2103 825 2272 895 δῆμον
2304 824 2394 878 τὸν
2419 825 2642 878 ἐκείνων
2677 825 2724 856 ’⁸
2756 824 2827 878 τά
2872 822 3019 896 ἔθνη.
3065 820 3176 879 Καὶ
3201 824 3337 888 πῶς,
3371 823 3557 893 φησὶν,

1988 917 2084 968 οὐκ
2113 915 2172 980 ἐξ
2202 916 2394 986 ἀρχῆς,
2429 915 2563 969 ἀλλά
2597 915 2736 987 μετά
2757 914 2931 971 ταῦτα
2959 915 3132 984 ἔλεγε·
3165 913 3557 983 Πορευθέντες

1989 1008 2394 1079 μαθητεύσατε
2416 1006 2612 1059 πάντα
2653 1005 2726 1060 τὰ
2756 1007 2900 1073 ἔθνη
2923 1023 2944 1071 ;
2975 1007 3096 1058 Ὀτι
3123 1005 3218 1058 τοῦ
3256 1004 3558 1076 μέλλοντος,

1989 1097 2122 1167 ὅπερ
2153 1097 2307 1167 ἔφην,
2328 1095 2572 1165 γίνεσθαι
2596 1097 2766 1159 τύπος
2788 1091 2856 1167 ἦν
2876 1096 2936 1149 τὸ
2968 1094 3280 1166 συμϐαῖνον,
3313 1094 3406 1146 καὶ
3432 1109 3557 1162 προ·

1985 1184 2332 1258 αναφώνησίς
2350 1204 2453 1248 τις.
2478 1187 2551 1240 T6
2579 1187 2678 1259 μὲν
2705 1187 2813 1258 γὰρ
2838 1187 3130 1240 ἀκόλουθον
3153 1182 3242 1257 ἦν,
3277 1185 3558 1247 Ἰουδαίους

1987 1279 2304 1348 προσελθεῖν
2339 1280 2587 1350 πρώτους
2608 1296 2622 1309 ·
2673 1280 2862 1351 ἐπειδὴ
2892 1279 2949 1332 65
2993 1279 3208 1341 ἑκόντες
3239 1277 3561 1349 προῦδωκαν

1985 1371 2084 1441 τὴν
2113 1371 2318 1423 οἰκείαν
2353 1371 2692 1442 εὐεργεσίαν,
2719 1371 3093 1440 ἀντιστρόφως
3135 1369 3284 1440 [111]
3321 1368 3388 1421 τά
3419 1367 3558 1438 πρά-

1987 1479 2175 1533 γματα
2223 1462 2466 1534 γέγονεν.
2513 1465 2664 1516 Ἐπεὶ
2712 1464 2832 1518 ούδὶ
2877 1461 3110 1517 ἐνταῦθα
3144 1462 3248 1533 πρὸ
3293 1461 3402 1513 τῶν
3431 1461 3558 1513 Ἰου-

1985 1555 2152 1609 δαίων
2175 1555 2282 1609 ἐδει
2313 1556 2439 1620 τοὺς
2480 1556 2690 1627 μάγους
2735 1555 2929 1610 ἐλθεῖν·
2963 1555 3082 1609 ούδέ
3113 1556 3239 1618 τοὺς
3286 1555 3350 1606 ἐκ
3381 1551 3558 1605 τοσού-

1985 1665 2080 1702 του
2109 1648 2476 1721 διαστήματος
2509 1648 2798 1720 προλαϐεῖν
2823 1649 2950 1712 τοὺς
2979 1649 3109 1718 παρ’
3148 1647 3316 1718 αὐτὴν
3343 1645 3443 1715 τὴν
3470 1643 3559 1697 πό-

1987 1739 2072 1793 λιν
2105 1739 2445 1810 καθημένους
2466 1755 2480 1770 ⁸
2521 1740 2644 1794 0665
2680 1741 2804 1803 τοὺς
2841 1739 2994 1792 ούδέν
3023 1737 3330 1809 ἀκηκοότας
3360 1735 3559 1804 φθάσαι

1987 1831 2113 1895 τοὺς
2145 1831 2504 1902 προφητείαις
2547 1829 2956 1902 συντραφέντας
2991 1828 3304 1890 τοσαύταις.
3347 1823 3566 1896 Ἐπειδὴ

1988 1920 2042 1972 δὲ
2076 1920 2196 1991 μεθ’
2233 1919 2536 1992 ὑπερϐολῆς
2562 1920 2628 1973 τὰ
2671 1922 2846 1974 οίκεῖα
2879 1918 3153 1991 ἠγνόησαν
3187 1915 3350 1981 καλὰ,
3376 1916 3425 1970 οἱ
3459 1915 3569 1970 ἀπδ

1989 2011 2250 2080 Περσίδος
2309 2012 2434 2075 τοὺς
2491 2012 2549 2063 ἐν
2598 2009 2989 2082 Ἰεροσολύμοις
3055 2007 3560 2080 προλαμϐάνουσιν·

1987 2102 2125 2172 ὅπερ
2176 2097 2270 2156 οῦν
2324 2102 2418 2155 καὶ
2469 2103 2499 2154 6
2553 2101 2766 2165 Παῦλός
2819 2115 3002 2172 φησιν·
3043 2099 3204 2170 Ὑμῖν
3239 2097 3560 2166 ἀναγκαῖον

1987 2189 2066 2265 ἦν
2086 2194 2130 2225 ’³
2160 2190 2394 2261 πρῶτον
2416 2190 2756 2261 λαληθῆναι
2776 2190 2884 2246 τὸν
2905 2192 3090 2261 λόγον
3115 2190 3223 2244 τοῦ
3253 2189 3473 2258 Κυρίου
3494 2188 3558 2221 ⁸⁸·

1987 2283 2194 2350 ἐπειδὴ
2229 2283 2296 2336 δὲ
2319 2283 2608 2350 ἀναξίους
2638 2283 2890 2348 ἑαυτοὺς
2908 2282 3201 2351 ἐκρίνατε,
3234 2279 3363 2335 ἰδοὺ
3395 2295 3558 2348 στρσο

1988 2375 2217 2444 φόμεθα
2263 2377 2350 2441 εἰς
2384 2377 2456 2428 τὰ
2507 2373 2674 2442 ἔθνη.
2731 2375 2794 2427 El.
2841 2374 2950 2446 7&9
2989 2374 3084 2426 καὶ
3125 2372 3200 2444 μὴ
3240 2372 3346 2443 πρὸ
3375 2371 3566 2427 τούτου

1989 2465 2286 2528 ἐπείθοντο,
2333 2465 2483 2537 παρά
2514 2465 2644 2534 γοῦν
2695 2465 2803 2518 τῶν
2852 2464 3041 2536 μάγων
3078 2463 3415 2528 ἀκούσαντας
3459 2463 3570 2517 ἔδει

1988 2556 2244 2628 δραμεῖν·
2277 2557 2391 2610 ἀλλ’
2414 2557 2514 2610 οὐκ
2547 2556 2838 2626 ἠθέλησαν·
2866 2555 2955 2611 διὰ
2983 2554 3163 2623 τοῦτο,
3199 2555 3570 2611 καθευδόντων

1989 2648 2238 2713 ἐκείνων,
2271 2643 2417 2703 οὗτοι
2444 2665 2577 2721 προτ
2586 2643 2858 2721 ρέχουσιν.

2060 2747 2118 2793 ε’.
2137 2742 2182 2773 ’⁷
2218 2741 2695 2814 Ἀκολουθήσωμεν
2719 2742 2897 2795 τοίνυν
2922 2742 3016 2796 καὶ
3031 2741 3194 2812 ἡμεῖς
3215 2742 3327 2803 τοῖς
3350 2738 3570 2810 μάγοις,

1990 2829 2084 2882 καί⁵
2108 2828 2209 2900 τῆς
2232 2829 2506 2902 βαρϐάρου
2537 2832 2825 2902 συνηθείας
2847 2831 3274 2900 ἀπαλλαγῶμεν,
3302 2830 3397 2883 καὶ
3430 2827 3566 2885 πολὺ

1989 2918 2050 2972 τὸ
2081 2919 2358 2991 διάστημα
2407 2921 2746 2993 ποιήσωμεν,
2793 2922 2881 2975 ἵνα
2928 2921 3126 2992 ἴδωμεν
3170 2920 3262 2972 τὸν
3309 2918 3559 2988 Χριστόν·

1989 3011 2113 3064 ἐπεὶ
2168 3013 2410 3066 κάκεῖνοι
2447 3014 2497 3066 εἰ
2551 3012 2626 3084 μὴ
2675 3013 2892 3085 μακρὰν
2932 3013 3031 3084 τῆς
3081 3011 3263 3065 αὐτῶν
3320 3011 3567 3078 ἐγένοντο

1989 3101 2194 3176 χώρας,
2227 3105 2327 3156 οὐκ
2357 3103 2423 3159 ἂν
2457 3105 2620 3159 αὑτὸν
2655 3100 2812 3160 εῖδον.
2849 3102 3200 3175 Ἀποστῶμεν
3233 3100 3342 3155 τῶν
3365 3101 3567 3172 γηΐνων

1983 3200 2342 3268 πραγμάτων.
2373 3200 2483 3252 Καὶ
2511 3200 2619 3268 γὰρ
2648 3199 2697 3250 οἱ
2733 3198 2919 3266 μάγοι,
2970 3193 3074 3256 ἓως
3111 3193 3208 3262 μὲν
3236 3186 3377 3261 ἦσαν
3404 3190 3460 3241 ὲν
3487 3189 3558 3259 τῇ

1982 3288 2222 3359 Περσίδι,
2253 3292 2344 3342 τὸν
2393 3290 2598 3360 ἀστέρα
2631 3286 2846 3358 ἐώρων·
2899 3283 3085 3354 ἐπειδὴ
3136 3283 3193 3336 δὲ
3241 3281 3558 3350 ἀπέστησαν

1978 3379 2080 3449 τῆς
2113 3380 2388 3449 Περσίδος,
2412 3381 2503 3436 τὸν
2530 3381 2683 3449 ἥλιον
2724 3381 2824 3448 τῆς
2854 3374 3199 3444 δικαιοσύνης
3228 3371 3551 3426 ἐθεάσαντο·

1982 3471 2183 3540 μᾶλλον
2207 3473 2262 3526 65
2297 3472 2415 3526 0665
2443 3471 2532 3524 τὸν
2557 3469 2762 3539 ἀστέρα
2788 3467 2854 3520 ἂν
2879 3463 3037 3529 εἶδον,
3067 3465 3117 3516 εί
3155 3463 3230 3534 μὴ
3258 3461 3556 3532 προθύμως

1979 3562 2187 3615 ἐκεῖθεν
2224 3563 2548 3632 ἀνέστησαν.
2587 3559 2936 3630 Ἀναστῶμεν
2966 3552 3059 3611 οῦν
3102 3557 3198 3608 καὶ
3237 3555 3417 3625 ἡμεῖς·
3451 3551 3555 3606 κάν

1977 3652 2180 3717 πάντες
2213 3635 2607 3726 ταράττωνται,
2643 3652 2803 3722 ἡμεῖς
2837 3649 2930 3702 ἐπὶ
2961 3647 3060 3718 τὴν
3085 3644 3261 3700 οίκίαν
3293 3640 3387 3695 τοῦ
3422 3657 3555 3692 παι-

1975 3744 2090 3798 δίου
2118 3745 2417 3816 τρέχωμεν·
2449 3744 2553 3798 κᾶν
2587 3742 2844 3814 βασιλεῖς,
2878 3739 2979 3794 κάν
3001 3739 3184 3809 δῆμοι,
3216 3735 3319 3789 κᾶν
3351 3733 3554 3805 τύραν-

1976 3855 2055 3891 νοι
2080 3838 2180 3907 τὴν
2212 3838 2329 3890 ὁδὸν
2355 3835 2558 3907 ταύτην
2590 3835 2918 3897 ἐκκόπτωσι,
2963 3831 3038 3902 μὴ
3065 3827 3424 3896 καταλύωμεν
3460 3824 3555 3878 τὸν

1975 3927 2158 3982 πόθον.
2185 3927 2341 3981 Οῦτω
2381 3928 2491 3996 γὰρ
2519 3927 2696 3980 πάντα
2741 3925 2809 3978 τὰ
2854 3923 3182 3992 ἐπικείμενα
3233 3917 3556 3990 διακρουσό-

1975 4019 2114 4091 μεθα
2142 4019 2309 4074 δεινά.
2344 4021 2495 4072 Ἐπεὶ
2527 4019 2622 4072 καὶ
2651 4013 2818 4080 οῦτοι,
2853 4017 2902 4068 εί
2940 4013 3014 4085 μὴ
3046 4013 3107 4065 τὸ
3155 4009 3362 4064 παιδίον
3389 4005 3555 4069 εἶδον,

1970 4111 2072 4162 οὐκ
2097 4109 2164 4163 ἂν
2187 4111 2278 4163 τὸν
2305 4109 2547 4164 κίνδυνον
2572 4107 2832 4178 ἐξέφυγον
2853 4106 2944 4158 τὸν
2967 4102 3118 4174 παρά
3139 4100 3231 4153 τοῦ
3265 4097 3550 4170 βασιλέως.

1973 4200 2110 4271 Πρὶν
2143 4200 2177 4272 ἢ
2205 4201 2253 4232 ’⁸
2284 4201 2346 4253 τὸ
2385 4199 2597 4254 παιδίον
2642 4197 2790 4260 ἰδεῖν,
2828 4194 2983 4265 φόϐοι
3032 4191 3128 4245 καὶ
3174 4188 3408 4242 κίνδυνοι
3457 4187 3554 4240 καὶ

1969 4293 2205 4364 ταραχαὶ
2240 4291 2502 4346 πάντοθεν
2534 4289 2835 4342 ἐπέκειντο·
2874 4286 3012 4356 μετά
3041 4284 3098 4336 65
3127 4282 3223 4354 τὴν
3251 4277 3554 4351 προσκύνη-

1972 4399 2078 4450 σιν,
2109 4383 2320 4454 γαλήνη
2359 4383 2454 4436 καὶ
2496 4380 2796 4451 ἀσφάλεια·
2846 4376 2941 4430 καί¹
2974 4373 3160 4428 οὐκέτι
3207 4371 3402 4442 ἀστὴρ,
3433 4369 3550 4423 ἀλλ’

1968 4473 2198 4543 ἄγγελος
2223 4474 2419 4538 αὐτοὺς
2449 4471 2599 4544 [112]
2621 4470 2854 4540 δέχεται,
2890 4467 3072 4538 ἱερέας
3103 4463 3212 4518 ἀπὸ
3249 4465 3350 4534 τῆς
3381 4478 3553 4534 προσ-

1967 4567 2246 4636 κυνήσεως
2274 4563 2618 4635 γενομένους·
2652 4562 2748 4615 καὶ
2772 4559 2881 4632 γὰρ
2903 4559 2997 4612 καὶ
3013 4557 3161 4628 δῶρα
3188 4555 3547 4626 προσέφερον.

1981 4657 2164 4726 Ἀφεὶς
2195 4657 2374 4712 τοίνυν
2393 4659 2484 4711 καὶ
2513 4657 2578 4710 σὺ
2605 4654 2696 4708 τὸν
2731 4651 3022 4705 Ἰουδαϊκὸν
3049 4649 3198 4711 λαὸν,
3225 4649 3326 4718 τὴν
3355 4664 3551 4719 ταρατο

1964 4749 2203 4820 τομένην
2230 4746 2405 4812 πόλιν,
2437 4746 2529 4799 τὸν
2557 4743 2803 4816 φονῶντα
2831 4740 3115 4811 τύραννον,
3151 4737 3247 4809 τὴν
3287 4736 3550 4808 βιωτικὴν

1966 4840 2288 4911 φαντασίαν,
2324 4837 2559 4891 σπεῦσον
2604 4835 2696 4889 ἐπὶ
2733 4835 2832 4904 τὴν
2864 4832 3134 4904 Βηθλεὲμ,
3168 4831 3300 4884 ὅπου
3329 4831 3358 4883 6
3400 4825 3549 4894 οἶκος

1967 4932 2058 4987 τοῦ
2085 4933 2250 5004 ἄρτου
2283 4930 2377 4984 τοῦ
2403 4925 2796 5000 πνευματικοῦ.
2827 4924 2944 4979 Κᾶν
2964 4924 3072 4994 γάρ
3102 4923 3305 4993 ποιμὴν
3328 4917 3416 4996 ᾖς,
3451 4926 3549 4975 καὶ

1969 5023 2200 5079 ἐνταῦθα
2228 5022 2407 5094 ἔλθῃς,
2437 5021 2557 5091 ὄψει
2589 5019 2650 5072 :6
2693 5017 2902 5071 παιδίον
2931 5018 2988 5070 ἐν
3020 5015 3386 5086 καταλύματι.
3428 5013 3548 5068 Κᾶν

1968 5115 2218 5186 βασιλεὺς
2243 5109 2331 5186 ᾗς,
2362 5112 2456 5166 καὶ
2499 5113 2573 5183 μὴ
2619 5109 2926 5182 παραγένῃ,
2971 5108 3122 5162 οὐδέν
3155 5124 3236 5160 σοι
3269 5105 3370 5176 τῆς
3409 5122 3548 5177 πορ-

1964 5204 2188 5276 φυρίδος
2217 5203 2446 5272 ὄφελος·
2489 5202 2594 5256 κᾶν
2644 5200 2818 5270 μάγος
2846 5195 2954 5271 ᾗς,
2999 5196 3151 5252 οὐδέν
3194 5213 3254 5250 σε
3309 5194 3548 5249 κωλύσει

411 5289 712 5380 προσάγειν
746 5309 890 5374 είκὺς
916 5305 1004 5382 ἦν.
1037 5289 1488 5382 Αίσχυνέσθωσαν
1521 5289 1637 5382 μετ’
1665 5310 1846 5367 αὐτῶν
1960 5295 2137 5361 τοῦτον
2173 5294 2332 5366 μόνον
2372 5293 2440 5347 ἂν
2472 5293 2565 5346 ἐπὶ
2600 5291 2679 5363 τῷ
2705 5291 2935 5363 τιμῆσαι
2977 5289 3138 5362 ἔλθῃς
3182 5290 3278 5344 κο)ι
3303 5304 3546 5361 προσκυ-

348 5461 391 5490 ²⁸
410 5459 802 5533 γάρ]ᾼγοῦνῌξ’.
844 5461 900 5515 δὲ
934 5460 1003 5514 Α.
1183 5461 1225 5492 ¹⁵
1263 5459 1516 5533 ἐχθροὺς]
1550 5459 1859 5533 Sic_E._F..

1997 5461 2148 5533 Arn):
2177 5459 2358 5533 cmleii
2374 5471 2517 5533 _c_um
2533 5525 2545 5533 _
2555 5463 2660 5533 pp:
2676 5451 3014 5533 _jlou6a£90;:
3093 5441 3542 5533 ‘1‘7575v7;

281 5527 334 5601 ξ.
363 5517 666 5599 γενομένην
703 5530 836 5585 Edd.
861 5531 1155 5601 γινομένην
1183 5517 1384 5601 οηιξιῗί
1419 5517 1516 5598 (vf:
1558 5550 1609 5594 ι).
1636 5531 1704 5584 48
1733 5530 1821 5598 C.)

1982 5528 2277 5601 συνώδευεν
2311 5525 2448 5601 Edd.
2475 5598 2513 5601 η
2532 5525 2575 5557 ¹⁸
2606 5517 2749 5601 6665.
2775 5565 2787 5577 .
2821 5561 2834 5576 .
2861 5517 3194 5601 ούτεΙ-μηδέ.
3212 5557 3236 5600 ⁵
3258 5517 3450 5601 ,Δμήτε
3469 5517 3540 5601 εἰ.

282 5599 338 5653 Ε.
375 5601 520 5672 μὴ...
556 5601 694 5672 μήτε
730 5601 789 5672 1).
827 5603 965 5672 μήτε
1100 5599 1238 5672 μήτε
1264 5600 1328 5654 F.

284 5686 404 5741 πται
426 5671 625 5741 τῴ-υέ
703 5671 746 5702 ’¹
783 5671 1082 5741 προσάγειν
1110 5671 1244 5724 Edd.

275 5735 908 5822 ἐκείνωνΙτῶνρκείνων
946 5735 1026 5804 D.._
1048 5740 1121 5822 E._
1150 5741 1239 5822 τδν
1275 5743 1482 5822 ἐκεῖνον
1515 5741 1649 5822 βόε.
1688 5760 1724 5822 φ

285 5808 414 5862 Edd.
507 5808 510 5809 ⁷

287 5881 301 5929 Ξ
314 5878 511 5943 ναξίως

286 5947 336 6019 ζ)
369 5951 496 6022 πρὶν
531 5947 629 6005 οῦν
661 5954 727 6006 Δ.
759 5947 815 6004 Β.
849 5953 976 6021 πρὶν
1000 5952 1032 6024 ἢ
1056 5952 1166 6022 γὰρ
1192 5950 1252 6008 ι’.

598 6048 872 6106 Ρετιιοι.
923 6046 1039 6108 Gn.
1089 6048 1275 6110 LVII.

1433 5603 1476 5634 ³³
1511 5602 1903 5670 ἐπιστήσαντος
1935 5600 2070 5654 Edd.
2109 5608 2162 5652 οι

1345 5675 1389 5705 ’³
1425 5673 1543 5725 κατ’
1587 5669 1756 5793 ιδίανό
1776 5672 1916 5724 κατά
1953 5671 2189 5723 διάνοιαν
2211 5671 2275 5722 Α.
2313 5669 2369 5721 Β.

1345 5745 1482 5793 εῖνον
1515 5741 1649 5793 Edd.
1688 5760 1724 5793 φ
1765 5741 1884 5793 άσει
1922 5742 2013 5793 τὸν
2055 5739 2343 5793 Ἰουδαϊκὸν

1765 5741 1884 5794 άσει
1922 5742 2013 5795 τὸν
2055 5739 2343 5794 Ἰουδαϊκὸν
2369 5737 2540 5806 δῆμον
2573 5733 2688 5806 F3
2733 5735 2776 5766 ’⁵

511 5811 560 5843 ⁸⁸
591 5810 684 5862 τοῦ
715 5810 918 5878 Κυρίου
942 5827 1059 5866 om.
1093 5812 1160 5867 A.
1196 5813 1255 5866 Β.
1290 5813 1384 5865 τοῦ
1411 5811 1547 5864 Θεοῦ
1595 5811 1655 5866 F.
1697 5815 1802 5866 An.
1837 5812 1990 5866 Arm.

547 5868 1228 5956 Eerqla966v0v:5;"za}_
1250 5885 1377 5956 περὶ
1405 5883 1798 5955 ἐλειμοσύνης,
1829 5883 1923 5938 καὶ
1948 5881 2040 5936 τοῦ
2072 5880 2294 5951 φεύγειν
2323 5879 2392 5932 τά
2415 5884 2429 5900 ·
2458 5868 2732 5930 σκάνδαλα
2764 5877 2830 5930 Α.
2855 5873 2897 5933 Γ
2931 5873 3138 5942 θέατρα
3167 5868 3226 5924 Β.

2471 5598 2519 5628 ⁸⁸
2556 5591 2880 5664 συνήπτετο]
2901 5581 3247 5664 συνῆπτε-τῶ
3270 5581 3333 5642 ϐ’.
3372 5581 3542 5664 ξυνῇ-

2476 5665 2522 5697 ’³
2553 5652 2973 5789 Καλίγάρὲιίιιιι.
3012 5652 3106 5714 καὶ
3135 5652 3270 5712 Εάἱί.
3372 5653 3418 5688 ³⁸
3449 5652 3544 5706 τὸν

2476 5754 2540 5789 ,ον
2573 5733 2634 5787 F.
2733 5735 2776 5766 ”
2832 5751 2874 5789 .v
2911 5748 3022 5787 om.
3057 5729 3117 5785 F.
3146 5725 3214 5789 ἦν
3246 5725 3544 5789 ἀναγκαῖον

2830 5735 2874 5806 ςν
2911 5729 3094 5806 0111.ᾲῖ
3103 5725 3214 5806 ..ἦν
3246 5725 3546 5806 ἀναγκαῖον

2088 5812 2131 5842 ’⁷
2160 5795 2453 5862 ΗΘΙΚΟΝῘ
2479 5806 2607 5859 ’Ότι
2646 5795 2977 5874 βλάπτονται
3004 5804 3054 5855 οἱ
3088 5795 3198 5852 τῶν
3268 5795 3545 5867 υστηρίων

2088 5880 2294 5936 οεύγειν
2323 5879 2392 5932 τά
2415 5884 2429 5900 ⁶
2458 5875 2732 5930 σκάνδαλα
2764 5877 2830 5930 Α.
2855 5873 2897 5933 ξ’
2931 5873 3138 5936 θέατρα
3167 5816 3264 5936 ΒΗ.
3327 5867 3373 5899 ’⁸
3413 5864 3543 5936 πρὶν

2199 5598 2372 5669 pr..A.

3148 6038 3189 6092 6
