4078 6372
585 387 652 444 79
1249 378 1305 432 s.
1345 376 1628 435 JOANNIS
1661 371 2142 432 cnavsosmm
2184 371 2503 432 ARCIIIEP.
2539 374 3089 432 CONSTAXTINOP.
3743 393 3816 443 so

574 485 753 553 νῆσαι,
783 487 878 536 καὶ
912 487 988 553 μη
1027 483 1412 553 καταπατῆσαι
1445 479 1536 535 τὸν
1574 479 1703 534 Υἰὸν
1730 497 1826 534 του
1868 479 2039 534 Θεοῦ·
2082 478 2150 536 ἂν

572 573 712 643 μετά
736 571 939 644 τρόμου
979 573 1072 626 καὶ
1099 574 1274 644 χαράς
1301 571 1462 626 τοῦτο
1491 573 1670 643 ποιῇς·
1700 570 1814 626 ἐστι
1842 571 1952 646 γάρ
1975 570 2148 625 ταῦτα

572 667 704 740 ὁμοῦ
751 664 1023 728 συνελθεῖν
1080 663 1384 734 ἀμφότερα.
1429 661 1568 716 Ἀλλ’
1601 661 1702 730 ὅρα
1755 660 1828 732 μὴ
1878 659 2020 714 κατά
2051 659 2142 712 τὸν

577 760 824 833 Ἡρώδην
852 758 1004 830 γένῃ,
1039 758 1133 811 καὶ
1157 755 1338 827 εἴπῃς·
1368 755 1560 819 Ὅπως
1589 753 1782 807 ἐλθὼν
1799 752 2146 819 προσκυνή-

571 868 658 906 σω
693 851 902 916 αὐτὸν,
936 849 1031 902 καὶ
1065 847 1237 901 ἐλθὼν
1261 845 1472 900 ἀνελεῖν
1507 842 1792 915 βουληθῇς.
1823 842 2012 912 Τούτῳ
2035 839 2144 911 γὰρ

570 945 808 999 ἐοίκασιν
862 943 913 995 οί
965 941 1072 994 τῶν
1125 937 1436 1011 μυστηρίων
1498 935 1734 1002 ἀναξίως
1805 933 2141 1006 μετέχοντες.

571 1036 820 1104 Ἔνοχος
833 1035 944 1103 γὰρ
965 1035 999 1088 ό
1013 1031 1280 1096 τοιοῦτος
1306 1029 1528 1091 ἔσεται,
1550 1027 1706 1098 φησὶ,
1739 1025 1847 1080 τοῦ
1870 1025 2147 1095 σώματος

570 1123 799 1178 καὶτοῦ
826 1123 1073 1192 αἵματος
1108 1120 1213 1174 τοῦ
1251 1119 1493 1188 Κυρίου.
1529 1117 1640 1171 Καὶ¹
1680 1115 1790 1186 γὰρ
1837 1115 2052 1186 ἐχουσιν
2088 1117 2146 1169 ἐν

567 1216 779 1281 ἑαυτοῖς
808 1214 900 1268 τὸν
922 1211 1183 1286 τύραννον
1211 1210 1484 1278 ἀλγοῦντα
1509 1211 1575 1279 τῇ
1605 1205 1853 1280 βασιλείᾳ
1879 1205 1973 1260 τοῦ
2009 1206 2147 1277 Χρι-

569 1306 718 1371 στοῦ,
755 1305 848 1360 τὸν
880 1304 1087 1358 ἐκείνου
1120 1302 1216 1356 τοῦ
1248 1299 1488 1373 Ἡρώδου
1521 1297 2003 1372 παρανομώτερον,
2040 1315 2148 1370 μα-

570 1402 776 1474 μωνᾶν.
821 1391 992 1462 Οὗτος
1039 1395 1150 1468 7&9
1195 1394 1443 1466 βούλεται
1490 1393 1733 1464 κρατεῖν,
1793 1391 1889 1445 καὶ
1939 1389 2146 1461 πέμπει

570 1495 690 1556 τοὺς
727 1493 960 1554 οἰκείους
983 1489 1114 1552 τοὺς
1140 1485 1356 1548 ἐαυτοῦ,
1387 1483 1865 1556 προσκυνήσοντας
1896 1481 1994 1553 μὲν
2021 1482 2149 1552 σχή-

567 1601 718 1656 ματι,
749 1583 1081 1652 σφάττοντας
1125 1578 1183 1632 δὲ
1229 1578 1288 1630 ἐν
1323 1575 1402 1647 τῷ
1440 1575 1785 1647 προσκυνεῖν.
1817 1571 2148 1644 Φοϐηθῶμεν

565 1675 742 1730 τοίνυν
777 1674 851 1745 μή
880 1689 1008 1726 ποτε
1054 1670 1242 1741 σχῆμα
1276 1668 1373 1740 μὲν
1409 1666 1602 1720 ἰκετῶν
1633 1666 1727 1719 καί⁹
1757 1664 2147 1737 προσκυνητῶν

563 1765 802 1837 ἔχωμεν,
843 1767 901 1817 ἐν
930 1761 989 1815 δὲ
1022 1760 1101 1832 τῷ
1134 1759 1282 1830 ἔργῳ
1312 1757 1380 1812 τά
1413 1756 1631 1811 ἐναντία
1662 1753 2061 1825 ἐπιδειξώμεθα
2075 1756 2146 1808 ¹⁹.

565 1859 677 1912 Καὶ
728 1857 904 1911 πάντα
953 1853 1064 1908 ἀπὸ
1113 1852 1221 1906 τῶν
1266 1850 1465 1923 χειρῶν
1503 1848 1770 1921 ῥίψωμεν,
1821 1848 2146 1920 προσκυνεῖν

567 1951 873 2023 μέλλοντες.
907 1947 1025 2001 Κᾶν
1051 1945 1254 2020 χρυσὸν
1299 1943 1538 2014 ἔχωμεν,
1564 1939 1714 2012 αύτῷ
1759 1938 2142 2012 προσενέγκω-

567 2059 688 2113 μεν,
717 2039 810 2095 καὶ
843 2037 918 2110 μὴ
947 2035 1359 2108 κατορύξωμεν.
1400 2034 1462 2088 Εἰ
1507 2030 1617 2104 7&9
1643 2031 1692 2085 οἱ
1729 2029 1993 2102 βάρϐαροι
2019 2028 2142 2082 τότε

559 2132 762 2186 ἐκεῖνοι
813 2131 893 2194 είς
939 2128 1105 2200 τιμὴν
1147 2127 1550 2198 προσήνεγκαν,
1597 2122 1684 2187 τίς
1734 2120 1833 2193 ἔσῃ
1879 2120 2014 2191 μηδὲ
2062 2119 2142 2191 τῷ

556 2221 752 2294 χρείαν
775 2220 950 2291 ἔχοντι
976 2217 1184 2286 διδούς;
1212 2219 1260 2270 εί
1295 2218 1490 2269 ἐκεῖνοι
1517 2213 1785 2284 τοσαύτην
1811 2211 1974 2287 ἦλθον
2000 2211 2139 2276 ὁδὸν,

567 2312 654 2364 ἵνα
673 2310 934 2382 τεχθέντα
960 2307 1131 2372 ἴδωσι,
1162 2305 1321 2360 ποίαν
1341 2305 1483 2370 ἐξεις
1507 2303 1802 2374 ἀπολογίαν
1825 2304 1912 2368 σὺ,
1942 2302 2076 2374 μηδὲ
2097 2303 2142 2335 ³⁸

567 2403 840 2458 στενωπὸν
871 2401 970 2456 Eva
995 2398 1193 2462 ἀπιὼν,
1214 2399 1310 2452 ἵνα
1337 2396 1725 2470 ἀρρωστοῦντα
1750 2395 2019 2468 ἐπισκέψῃ
2047 2395 2144 2450 καί

566 2494 883 2566 δεδεμένον;
931 2492 1192 2561 Καίτοιγε
1222 2490 1528 2562 κάμνοντας
1557 2489 1650 2543 καὶ
1677 2488 2013 2560 δεδεμένους,
2047 2487 2143 2542 καὶ

566 2588 690 2650 τοὺς
722 2585 949 2658 ἐχθροὺς
977 2583 1235 2654 ἐλεοῦμεν
1259 2599 1272 2613 ·
1321 2583 1385 2636 σὺ
1429 2580 1485 2634 δὲ
1533 2581 1653 2634 οῦδὲ
1679 2579 1770 2634 τὸν
1801 2577 1952 2652 [115]
1983 2580 2142 2652 εὐερ-

566 2679 729 2752 γέτην
751 2677 845 2730 τὸν
875 2677 966 2730 σὺν
1005 2676 1102 2729 καὶ⁵
1154 2674 1450 2745 Δεσπότην.
1499 2674 1760 2728 Κάκεῖνοι
1792 2671 1892 2744 μὲν
1921 2671 2143 2744 χρυσίον

566 2772 975 2844 προσήνεγκαν·
1039 2769 1104 2822 σὺ
1158 2767 1216 2820 δὲ
1265 2765 1426 2838 ἀρτον
1481 2765 1634 2837 μόλις
1679 2763 1854 2828 δίδως.
1914 2763 2142 2819 Ἐκεῖνοι

566 2861 704 2918 εἶδον
730 2862 824 2916 τὸν
853 2861 1080 2932 ἀστέρα,
1111 2860 1205 2915 καὶ
1247 2859 1554 2930 ἐχάρησαν·
1593 2858 1657 2912 σὺ
1701 2857 1760 2912 δὲ
1795 2856 1960 2912 αὐτὸν
2000 2857 2142 2929 ὁρῶν

565 2957 656 3012 τὸν
675 2955 910 3026 Χριστὸν
953 2953 1101 3019 ξένον
1129 2952 1264 3006 ὂντα
1299 2951 1395 3006 καὶ
1422 2949 1628 3022 γυμνὸν
1657 2949 1759 3003 οὐκ
1792 2948 2140 3021 ἐπικάμπτῃ.

565 3051 660 3113 Τίς
683 3049 792 3122 γὰρ
823 3046 975 3118 ὑμῶν
1010 3046 1099 3099 διά
1121 3044 1230 3098 τὸν
1274 3042 1506 3117 ’Χριστὸν
1538 3042 1807 3114 τοσαύτην
1832 3041 2143 3114 ἀποδημίαν

529 3141 886 3212 ςάπεδήμησε
922 3137 1031 3192 τῶν
1063 3136 1230 3209 μυρία
1255 3135 1744 3208 εὐεργετηθέντων,
1777 3135 1911 3206 ὅσην
1941 3137 2141 3189 ἐκεῖνοι

563 3236 608 3288 οἰ
647 3233 934 3306 βάρϐαροι,
967 3230 1167 3302 μᾶλλον
1187 3229 1244 3283 δὲ
1267 3231 1317 3282 οἰ
1352 3227 1656 3298 φιλοσόφων
1681 3227 2138 3300 φιλοσοφώτεροις

563 3327 673 3380 Καὶ
696 3325 750 3379 τί
777 3323 922 3393 λέγω
949 3321 1218 3394 τοσαύτην
1251 3321 1400 3387 ὁδόν;
1447 3320 1646 3375 Πολλαί
1674 3320 1783 3392 7&9
1813 3319 1923 3374 τῶν
1949 3335 2134 3390 γυναι-

563 3417 673 3474 κῶν
697 3415 871 3480 οῦτως
909 3417 1041 3488 ἡμῖν
1071 3414 1476 3499 μαλακίζονται,
1523 3415 1600 3478 ὡς
1648 3413 1783 3486 μηδὲ
1811 3413 2051 3485 ἄμφοδον
2078 3412 2140 3468 ἐν

562 3513 887 3586 ὑπερϐῆναι,
913 3510 1007 3566 καὶ
1032 3511 1162 3565 ίδεῖν
1184 3510 1347 3564 αὑτὸν
1375 3510 1468 3562 ἐπὶ
1493 3509 1594 3579 τῆς
1622 3508 1827 3580 φάτνης
1849 3507 1950 3580 τῆς
1976 3524 2134 3562 πνευ-

562 3604 799 3676 ματικῆς
821 3605 889 3667 ³¹,
923 3604 971 3656 εἰ
1007 3602 1082 3674 μὴ
1132 3601 1371 3672 ἡμιόνων
1415 3598 1775 3654 ἐπιλάϐοιντο.
1811 3599 2029 3672 ’Έτεροι
2078 3599 2137 3654 δὲ

562 3695 746 3765 ἐπειδὴ
778 3693 1014 3766 βαδίζειν
1037 3695 1248 3763 ἔχουσιν
1271 3693 1338 3758 ³³,
1363 3693 1414 3747 οἱ
1447 3693 1546 3763 μὲν
1579 3692 1848 3762 βιωτικῶν
1881 3694 2140 3766 πραγμά-

562 3805 668 3840 των
699 3787 877 3857 δχλον.
906 3787 956 3838 οἱ
988 3785 1046 3839 δὲ
1071 3784 1275 3857 θέατρα
1299 3785 1402 3855 τῆς
1427 3785 1657 3840 ἐνταῦθα
1686 3785 1923 3855 ἀφίξεως
1953 3801 2142 3858 προτι-

561 3879 738 3933 θέασι.
770 3879 881 3932 Καὶ
916 3879 966 3932 οἱ
999 3878 1100 3949 μὲν
1139 3877 1406 3949 βάρϐαροι
1432 3878 1562 3949 πρὶν
1594 3878 1722 3932 ἰδεῖν
1753 3877 1918 3933 αὑτὸν
1941 3877 2141 3932 τοσαύ-

561 3987 659 4041 την
689 3971 894 4042 ῆνυσαν
926 3969 1044 4024 ὁδὸν
1074 3969 1143 4025 δι’
1175 3970 1368 4024 αὐτόν·
1403 3970 1470 4024 σὺ
1511 3969 1569 4024 δὲ
1600 3970 1721 4024 ούδέ
1754 3970 1892 4040 μετά
1919 3970 1982 4024 τὸ
2011 3970 2140 4024 ἰδεῖν

561 4063 800 4126 ἐκείνους
859 4061 1061 4132 ζηλοῖς,
1106 4061 1243 4116 ἀλλὰ
1297 4061 1456 4130 ἀφεὶς
1506 4061 1669 4116 αὐτὸν
1703 4061 1847 4134 μετά
1879 4061 1941 4116 τὸ
1989 4062 2138 4128 ἰδεῖν,

561 4153 776 4224 τρέχεις
799 4155 885 4208 ἵνα
915 4153 1009 4207 τὸν
1039 4155 1204 4225 μῖμον
1235 4153 1350 4225 ίδῃς
1384 4153 1514 4224 (τῶν
1542 4153 1651 4227 γὰρ
1693 4153 1873 4209 αὐτῶν
1897 4152 2140 4226 ἅπτομαι

561 4247 722 4300 πάλιν
746 4240 822 4301 ὧν
857 4247 949 4300 καὶ
995 4245 1234 4318 πρώην)·
1270 4247 1364 4300 καὶ
1405 4246 1656 4316 κείμενον
1691 4246 1783 4300 τὸν
1823 4246 2058 4319 Χριστὸν
2093 4246 2140 4278 ³³

560 4339 703 4410 ὁρῶν
729 4339 822 4392 ἐπὶ
864 4339 1094 4409 φάτνης,
1135 4338 1588 4409 καταλιμπάνεις,
1623 4340 1710 4394 ἵνα
1738 4341 2002 4407 γυναῖκας
2047 4339 2142 4394 ἐπὶ

561 4429 768 4500 σκηνῆς
797 4429 934 4502 ῖδῃς.
971 4430 1161 4483 Πόσων
1186 4430 1286 4483 ούκ
1314 4429 1440 4494 ἀξια
1467 4429 1642 4487 ταῦτα
1666 4428 1958 4500 σκηπτῶν;

634 4528 709 4586 ς’.
730 4522 864 4576 Εἰπέ
888 4521 999 4594 γάρ
1027 4539 1138 4594 μοι,
1169 4522 1225 4575 εί
1245 4522 1331 4585 τίς
1356 4539 1418 4576 σε
1447 4524 1527 4586 εἰς
1556 4521 1802 4592 βασίλεια
1830 4523 2144 4592 εἰσαγαγεῖν

559 4613 930 4683 ἐπηγγέλλετο
968 4613 1036 4680 ³⁸,
1067 4613 1163 4668 καὶ
1198 4613 1390 4678 δείξειν
1417 4615 1509 4667 τὸν
1549 4613 1773 4684 βασιλέα
1811 4613 2139 4686 καθήμενον,

562 4699 675 4776 ἆρα
698 4704 766 4759 ἀν
797 4705 939 4758 εἵλου
966 4706 1028 4759 τὸ
1055 4705 1280 4776 θέατρον
1303 4706 1424 4760 ἀντὶ
1461 4705 1664 4760 τούτων
1693 4706 1853 4773 ίδεῖν;
1882 4705 2143 4774 Καίτοιγε

559 4797 714 4850 οὐδὲν
741 4797 862 4850 οὐδὲ
895 4799 940 4830 ³⁸
967 4799 1177 4852 ἐκεῖθεν
1205 4798 1462 4870 κερδᾶναι
1487 4793 1577 4870 ἦν.
1614 4797 1879 4852 Ἐνταῦθα
1904 4799 1964 4852 δὲ
1990 4798 2143 4869 πηγὴ

558 4888 730 4958 πυρὸς
761 4890 1104 4960 πνευματικὴ
1136 4891 1182 4922 ³⁸
1208 4891 1317 4945 ἀπὸ
1341 4891 1546 4963 ταύτης
1569 4889 1858 4956 ἀναϐλύζει
1879 4891 1978 4962 τῆς
2007 4908 2143 4963 τρα-

560 4980 753 5050 πέζης·
787 4982 884 5035 καὶ
925 4982 992 5034 σὺ
1035 4981 1241 5053 ταύτην
1290 4983 1471 5053 ἀφεὶς,
1507 4983 1864 5055 κατατρέχεις
1892 4984 1938 5016 ³⁷
1971 4985 2052 5049 εἰς
2081 4983 2145 5038 τὸ

559 5072 810 5144 θέατρον,
845 5072 973 5126 ἰδεῖν
1000 5072 1309 5144 νηχομένας
1333 5077 1597 5143 γυναῖκας
1635 5075 1732 5129 καὶ
1769 5074 1932 5144 φύσιν
1962 5093 2142 5148 παρα-

558 5162 1080 5234 δειγματιζομένην,
1117 5164 1434 5220 καταλιπὼν
1466 5166 1558 5220 τὸν
1599 5166 1832 5239 Χριστὸν
1866 5167 2017 5239 παρά
2043 5167 2139 5239 τὴν

562 5255 746 5324 πηγὴν
769 5255 1112 5326 καθήμενονς
1142 5257 1259 5311 Καὶ
1283 5257 1393 5330 γὰρ
1422 5259 1517 5313 καὶ
1544 5258 1642 5314 νῦν
1667 5261 1819 5332 παρὰ
1840 5261 1938 5334 τὴν
1963 5261 2136 5333 πηγὴι

561 5347 818 5419 κάθηται,
860 5347 1011 5421 [114]
1056 5349 1118 5402 οὒ
1181 5349 1532 5422 Σαμαρείτιδι
1578 5352 2005 5431 διαλεγόμενος,⁸
2028 5355 2127 5408 ἀλλ

2240 487 2518 559 ὁλοκλήρῳ
2552 481 2723 538 πόλει·
2751 484 2892 554 τάχα
2921 485 2977 535 δὲ
3002 484 3096 536 καὶ
3122 480 3217 535 νῦν
3265 480 3616 552 Σαμαρειτιδι
3658 483 3822 554 μόνῃ.

2241 575 2429 641 Οὐδεὶς
2461 576 2570 647 7&9
2597 573 2747 646 αύτῷ
2777 574 3042 646 πάρεστιν
3065 571 3187 626 οὐδὲ
3219 571 3335 626 νῦν·
3375 571 3490 626 ἀλλ’
3517 574 3566 626 οἱ
3593 573 3825 645 μέντοῖς

2243 669 2456 740 σώμασι
2487 665 2667 738 μόνοις
2699 665 2764 731 ³’,
2795 664 2844 718 οἰ
2873 663 2929 718 δὲ
2952 663 3073 717 οὐδέ
3101 662 3303 726 αὐτοῖς.
3322 661 3462 715 Ἀλλ’
3478 663 3631 732 ὅμως
3653 662 3825 726 αὐτὸς

2248 761 2342 815 -ιύκ
2393 760 2690 829 ἀναχωρεῖ,
2723 754 2860 810 ἀλλά
2893 755 3041 822 μένει
3069 753 3137 820 ³⁸,
3181 753 3276 808 καὶ
3309 755 3440 825 παρ’
3477 753 3638 824 ἡμῶν
3681 756 3826 809 αἰτεῖ

2245 856 2411 919 πιεῖν,
2447 853 2548 922 οὐχ
2571 849 2737 921 ὕδωρ,
2774 847 2891 902 ἀλλ’
2923 844 3252 917 ἁγιωσύνην·
3294 845 3366 899 τὰ
3412 847 3520 918 7&9
3551 845 3682 914 ἀγια
3712 850 3826 910 τοῖς

2247 947 2422 1017 ἁγίοις
2467 943 2700 998 δίδωσιν.
2753 938 2885 993 Οὐδὲ
2937 939 3046 1010 7&9
3104 937 3249 1010 ὕδωρ
3286 937 3394 992 ἀπὸ
3445 937 3648 1009 ταύτης
3693 939 3833 1009 ἡμῖν

2247 1040 2479 1112 παρέχει
2508 1036 2608 1107 τῆς
2639 1033 2841 1105 πηγῆς,
2865 1031 2982 1086 ἀλλ’
3003 1027 3142 1102 αἷμα
3173 1029 3302 1096 ζῶν·
3341 1030 3434 1085 καὶ
3462 1029 3568 1102 μὴν
3592 1029 3826 1084 θανάτου

2243 1133 2362 1186 ἐστὶ
2384 1127 2674 1201 σύμϐολον,
2699 1125 2833 1180 ἀλλά
2856 1122 3001 1196 ζωῆς
3028 1124 3250 1194 γέγονεν
3277 1124 3469 1181 αίτιον.
3497 1125 3569 1179 Σὺ
3589 1125 3645 1178 δὲ
3665 1125 3824 1195 ἀφεὶς

2243 1223 2344 1295 τὴν
2366 1221 2549 1292 πηγὴν
2574 1218 2669 1272 τοῦ
2696 1216 2948 1287 αἵματος,
2973 1215 3034 1269 τὸ
3058 1216 3314 1287 ποτήριον
3337 1215 3399 1268 τὸ
3429 1216 3719 1286 φρικῶδες,
3742 1220 3826 1281 εἰς

2245 1313 2429 1387 πηγὴν
2453 1312 2668 1383 ἀπέρχῃ
2686 1307 2996 1382 διαϐολικην
3020 1309 3088 1374 ⁸ο,
3115 1307 3257 1362 ῶστε
3287 1309 3592 1382 νηχομένην
3615 1310 3834 1384 πόρνην

2251 1414 2400 1480 ίδεῖν,
2435 1411 2531 1468 καὶ
2560 1411 2818 1480 ναυάγιον
2849 1408 3142 1478 ὑπομεῖναι
3173 1405 3371 1477 ψυχῆς.
3407 1406 3482 1460 Τὸ
3521 1404 3629 1476 7&9
3677 1403 3823 1476 ὕδωρ

2250 1505 2424 1557 ἐκεῖνο
2477 1501 2715 1569 πέλαγος
2761 1496 3050 1567 ἀσελγείας
3085 1495 3253 1560 ἐστὶν,
3283 1497 3344 1549 οὐ
3379 1495 3606 1567 σώματα
3636 1493 3836 1548 ποιοῦν

2251 1593 2577 1666 ὑποϐρύχια,
2609 1589 2747 1646 ἀλλά
2777 1588 2965 1662 ψυχῶν
3001 1588 3234 1658 ναυάγια
3263 1589 3645 1661 ἐργαζόμενον.
3687 1589 3824 1643 Ἀλλ’

2251 1688 2286 1758 ὴ
2320 1687 2416 1756 μὲν
2462 1686 2685 1755 νήχεται
2733 1680 3083 1752 γυμνουμένη
3134 1680 3195 1734 τὸ
3235 1680 3416 1750 σῶμα,
3469 1681 3534 1734 σὺ
3581 1679 3636 1732 δέ
3680 1679 3835 1750 δρῶν

2251 1774 2618 1846 καταποντίζῃ
2641 1773 2779 1846 πρὸς
2808 1772 2900 1826 τὸν
2924 1773 3026 1842 τῆς
3057 1772 3346 1842 ἀσελγείας
3380 1770 3560 1842 βυθόν.
3587 1770 3838 1843 Τοιαύτη

2253 1870 2355 1941 γὰρ
2379 1871 2412 1938 ἡ
2444 1867 2538 1921 τοῦ
2567 1866 2814 1920 διαϐόλου
2856 1865 3101 1936 σαγήν-η·
3136 1865 3238 1918 οὐκ
3267 1865 3346 1928 είς
3379 1863 3512 1918 αὐτὸ
3537 1863 3824 1925 κατιόντας

2250 1960 2310 2016 τδ
2337 1961 2503 2033 ὕδωρ,
2546 1959 2660 2013 ἀλλ’
2695 1958 2902 2013 ἀνωθεν
2943 1955 3286 2028 καθημένους
3333 1955 3444 2010 τῶν
3485 1956 3602 2008 ἐκεῖ
3639 1956 3820 2008 καλινο

2250 2053 2521 2125 δουμένων
2551 2051 2749 2124 μᾶλλον
2778 2048 3142 2122 ὑποϐρυχίους
3168 2051 3331 2112 ποιεῖ,
3382 2047 3476 2102 καὶ
3517 2044 3820 2117 χαλεπώτεο

2249 2162 2342 2216 ρον
2367 2144 2659 2212 ἀποπνίγει
2689 2140 2785 2196 τοῦ
2828 2140 3049 2212 Φαραὼ,
3083 2139 3177 2192 τοῦ
3222 2139 3360 2210 μετὰ
3385 2139 3494 2192 τῶν
3518 2139 3701 2190 ’ίππων
3730 2143 3834 2193 καὶ

2247 2237 2354 2290 τῶν
2387 2235 2649 2308 ἁρμάτων
2689 2230 3206 2295 καταποντισθέντος
3242 2231 3386 2284 τότε.
3431 2230 3544 2283 Καὶ
3593 2229 3709 2298 εἴγε
3753 2223 3829 2299 ἦν

2246 2328 2424 2400 ψυχὰς
2455 2328 2605 2392 ἰδεῖν,
2632 2325 2835 2390 πολλᾶς
2858 2323 2924 2378 ἂν
2956 2323 3084 2394 ὑμῖν
3105 2321 3286 2387 ἔδειξα
3310 2320 3674 2386 ἐπιπλεούσας
3712 2325 3823 2383 τοῖς

2249 2421 2403 2476 ῦδασι
2429 2419 2661 2484 τούτοις,
2705 2417 2896 2488 ῶσπερ
2932 2415 3040 2470 τῶν
3080 2416 3395 2484 Αἰγυπτίων
3435 2413 3555 2466 τότε
3603 2412 3674 2466 τά
3719 2413 3824 2466 σώ-

2249 2529 2418 2582 ματα.
2457 2509 2619 2564 Ἀλλά
2648 2507 2709 2562 τὸ
2753 2505 3130 2580 χαλεπώτερον
3174 2504 3353 2559 ἐκεῖνό
3392 2504 3562 2570 ἐστιν,
3592 2504 3676 2558 δτι
3729 2504 3833 2558 καὶ

2245 2602 2435 2673 τέρψιν
2463 2601 2563 2673 τὴν
2602 2597 2862 2670 τοιαύτην
2908 2596 3285 2669 πανωλεθρίαν
3331 2595 3583 2659 καλοῦσι,
3631 2593 3730 2648 καὶ
3759 2599 3833 2652 τὸ

2247 2693 2485 2762 πέλαγος
2526 2691 2626 2762 τῆς
2669 2689 2944 2756 ἀπωλείας
2980 2688 3174 2760 ἡδονῆς
3207 2685 3432 2758 εὔριπον
3473 2685 3822 2757 ὀνομάζουσι.

2245 2784 2507 2853 Καίτοιγε
2535 2779 2900 2854 εὐκολώτερον
2927 2781 2994 2836 ἄν
3025 2797 3112 2844 τις
3137 2779 3199 2833 τὸ
3233 2780 3457 2848 Αίγαῖον
3482 2779 3576 2831 καὶ
3605 2777 3648 2810 ⁸¹
3678 2777 3823 2849 Τυρ.

2247 2876 2466 2948 ρηνικὸν
2497 2873 2848 2946 παραδράμοι
2876 2871 3111 2941 πέλαγος
3146 2871 3283 2943 μετά
3316 2869 3636 2940 ἀσφαλείας,
3660 2868 3696 2940 ἢ
3725 2868 3834 2940 τὴν

2247 2966 2481 3038 θεωρίαν
2519 2965 2741 3037 ταύτην.
2793 2961 3017 3035 Πρῶτον
3069 2963 3166 3035 μέν
3205 2960 3316 3033 γὰρ
3357 2960 3426 3014 δι’
3467 2960 3594 3030 ὅλης
3633 2959 3833 3026 νυκτὸς

2246 3057 2620 3132 προλαμϐάνει
2667 3059 2735 3128 τῇ
2780 3053 3077 3126 προσδοκίᾳ
3105 3053 3204 3117 τάς
3247 3052 3427 3124 ψυχὰς
3475 3053 3504 3105 δ
3543 3051 3822 3116 διάϐολος·

2245 3145 2362 3204 εἶτα
2376 3147 2556 3214 δείξας
2574 3147 2635 3201 τὸ
2655 3145 3042 3219 πῳσδοκηθέν,
3063 3145 3254 3216 ἐδησεν
3278 3144 3480 3208 εὐθέως
3507 3144 3600 3197 καὶ
3626 3146 3822 3214 αίχμα-

2243 3241 2448 3304 λὼτους
2497 3239 2741 3309 ἐποίησε.
2806 3237 2899 3310 Μὴ
2965 3236 3074 3306 γάρ
3122 3235 3312 3307 ἐπειδὴ
3367 3234 3442 3306 μὴ
3509 3233 3708 3304 ἐμίγης
3756 3233 3829 3302 τῇ

2246 3335 2439 3408 πόρνῃ,
2467 3335 2709 3407 καθαρὸς
2739 3331 2878 3388 εῖναι
2905 3331 3134 3403 νομίσῃς
3156 3331 3254 3400 τῆς
3287 3326 3588 3398 ἁμαρτίας·
3619 3328 3686 3397 τῇ
3717 3325 3838 3401 γάρ

2248 3427 2527 3499 προθυμίην⁸
2558 3427 2619 3481 τὸ
2649 3428 2756 3480 πᾶν
2782 3425 3109 3496 ἀπήρτισας.
3137 3421 3201 3486 Εἰ
3233 3418 3330 3490 μὲν
3357 3417 3465 3490 γάρ
3496 3416 3604 3470 ὑπὸ
3636 3417 3823 3469 ἐπιθυο

2247 3519 2379 3591 μίας
2406 3519 2633 3590 κατέχῃ,
2671 3516 2896 3588 μείζονα
2938 3513 3037 3586 τὴν
3071 3509 3222 3585 [H5]
3262 3510 3436 3582 φλόγα
3476 3507 3727 3579 ἀνῆψας·
3773 3512 3828 3564 εξ

2244 3612 2301 3666 δὲ
2325 3612 2477 3666 οὐδὲν
2502 3613 2732 3681 πάσχεις
2758 3609 2894 3680 πρὸς
2922 3606 2990 3661 τά
3012 3595 3284 3679 ὁρώμενα,
3319 3600 3564 3672 μείζονος
3589 3613 3831 3668 κατηγο.

2246 3703 2369 3774 ρίας
2398 3701 2447 3756 εἴ
2476 3703 2646 3769 ἄξιος,
2673 3701 2878 3773 ἐτέροις
2909 3696 3203 3752 σκάνδαλον
3232 3693 3514 3764 γινόμενος
3543 3693 3610 3762 τῇ
3644 3690 3690 3722 ⁸³
3719 3688 3832 3745 τῶν

2245 3799 2531 3871 θεαμάτων
2562 3798 2768 3853 τούτων
2800 3799 3102 3870 προτροπῇ,
3131 3795 3224 3850 καὶ
3249 3794 3346 3864 τὴν
3374 3789 3596 3845 σεαυτοῦ
3627 3807 3823 3844 καται-

2247 3890 2458 3962 σχύνων
2487 3890 2631 3960 ὄψιν,
2663 3890 2759 3942 καὶ
2793 3888 2933 3959 μετά
2959 3889 3058 3957 τῆς
3093 3885 3267 3956 ὅψεως
3296 3883 3393 3953 τὴν
3425 3881 3626 3953 ψυχήν.
3653 3879 3827 3934 Ἀλλά

2244 3981 2354 4054 7&9
2388 3981 2474 4036 ἴνα
2504 3982 2580 4054 μὴ
2604 3981 2767 4053 μόνον
2791 3979 3153 4049 ἐπιτιμῶμεν,
3188 3975 3319 4048 φέρε
3349 3975 3443 4028 καὶ
3473 3972 3670 4044 τρόπον
3693 3972 3824 4025 ἐπι-

2243 4079 2526 4144 νοήσωμεν
2551 4071 2908 4142 διορθώσεως.
2938 4071 3034 4134 Τίς
3063 4064 3157 4122 οῦν
3184 4069 3213 4122 ό
3239 4067 3436 4139 τρόπος
3468 4064 3659 4132 έσταις
3685 4063 3826 4127 Ταῖς

2243 4163 2488 4233 γυναιξὶν
2518 4163 2660 4232 ὑμᾶς
2690 4161 3023 4235 παραδοῦναι
3068 4158 3328 4230 βούλομαι
3352 4158 3472 4220 ταῖς
3501 4153 3821 4227 ὑμετέραις,

2243 4257 2331 4310 ῖνα
2359 4248 2520 4309 αῦται
2552 4254 2598 4286 ⁸³
2625 4255 2769 4326 ὑμᾶς
2796 4253 3176 4308 παιδεύσωσιν.
3207 4250 3357 4303 Ἔδει
3383 4248 3511 4319 γὰρ,
3557 4245 3700 4300 κατά
3727 4243 3828 4298 τὸν

2241 4347 2337 4401 τοῦ
2379 4347 2600 4401 Παύλου
2626 4346 2790 4416 νόμον
2818 4345 2884 4410 ⁸⁸,
2919 4345 3064 4414 ὑμᾶς
3091 4338 3231 4397 εἶναι
3269 4340 3396 4404 τοὺς
3431 4336 3784 4398 διδασκάλους
3806 4353 3825 4367 ο

2242 4440 2431 4512 ἐπειδὴ
2463 4440 2521 4494 δὲ
2565 4441 2600 4511 ή
2648 4438 2800 4505 τάξις
2849 4436 3196 4508 ἀντεστράφη
3243 4433 3331 4486 διὰ
3377 4431 3477 4502 τῆς
3518 4428 3826 4501 ἁμαρτίας,

2244 4531 2340 4586 καὶ
2371 4531 2484 4585 ἀνω
2505 4529 2606 4601 μὲν
2629 4529 2691 4583 τὸ
2716 4528 2896 4600 σῶμα,
2929 4528 3079 4582 κάτω
3099 4526 3154 4580 δὲ
3183 4527 3215 4596 ὴ
3242 4523 3453 4594 κεφαλὴ
3479 4522 3690 4591 γέγονε,
3717 4518 3827 4572 κάν

2241 4622 2446 4693 ταύτην
2475 4621 2722 4691 ἑλώμεθα
2753 4621 2850 4691 τὴν
2883 4620 3021 4674 ὁδόν.
3071 4618 3134 4670 Εἰ
3166 4615 3222 4668 δὲ
3250 4615 3478 4686 αἰσχύνῃ
3506 4611 3827 4666 διδάσκαλον

2243 4713 2382 4784 ἔχων
2413 4695 2666 4782 γυναῖκα,
2723 4712 2859 4781 φύγε
2905 4711 2951 4743 ⁵⁸
2994 4711 3094 4778 τὴν
3127 4707 3419 4778 ἁμαρτίαν,
3473 4705 3566 4758 καὶ
3613 4704 3827 4774 δυνήσῃ

2241 4806 2452 4877 ταχέως
2483 4807 2575 4858 ἐπὶ
2603 4805 2694 4857 τὸν
2721 4805 2908 4876 θρόνον
2937 4802 3198 4872 ἀναϐῆναι
3229 4799 3322 4852 τὸν
3357 4796 3505 4868 παρά
3543 4793 3636 4848 τοῦ
3681 4793 3824 4846 Θεοῦ

2245 4915 2328 4951 σοι
2366 4898 2606 4951 δοθέντα.
2645 4898 2734 4960 Ὠς
2763 4897 2866 4960 ἕως
2898 4894 2964 4949 ἂν
3009 4893 3356 4964 πλημμελῇς,
3397 4888 3520 4960 οὐχὶ
3559 4888 3695 4960 πρὸς
3724 4903 3825 4955 γυο

2243 4993 2402 5044 ναῖκα
2428 4990 2473 5020 “
2509 4989 2690 5060 μόνον,
2716 4987 2852 5041 ἀλλά
2877 4987 2971 5040 καὶ
3009 4985 3146 5056 πρὸς
3175 4983 3345 5050 ἀλογά
3372 4997 3430 5034 σε
3465 4978 3822 5048 εὐτελέστερα

2241 5084 2450 5154 πέμπει
2488 5084 2522 5154 ἡ
2556 5083 2743 5155 Γραφή
2767 5097 2780 5110 ·
2819 5081 2913 5135 καὶ
2959 5081 3059 5132 οὐκ
3113 5076 3429 5148 αἰσχύνεται
3472 5073 3563 5126 τὸν
3604 5072 3749 5142 λόγῳ
3781 5075 3832 5104 ⁸⁷

2238 5177 2598 5246 τετιμημένον
2618 5173 2696 5246 τῷ
2717 5173 2968 5245 μύρμηκι
2995 5171 3288 5242 πέμπουσα
3319 5166 3588 5240 μαθητήν.
3613 5165 3688 5217 Οὐ
3711 5164 3822 5232 γὰρ

2239 5269 2338 5339 τῆς
2367 5268 2588 5340 Γραφῆς
2618 5265 2776 5320 τοῦτο
2830 5263 3156 5335 κατηγορία,
3203 5257 3341 5314 ἀλλά
3387 5258 3497 5312 τῶν
3535 5257 3676 5310 οῦτω
3720 5255 3826 5326 τὴν

2241 5349 2446 5415 ἑαυτῶν
2473 5361 2748 5430 εὐγένειαν
2767 5357 3125 5430 προδιδόντων
3154 5355 3222 5409 ⁸⁸.
3249 5352 3420 5407 Τοῦτο
3447 5352 3512 5422 δὴ
3543 5351 3638 5404 καὶ
3659 5350 3824 5419 ἡμεῖς

643 5516 690 5546 ⁸⁸
718 5512 1146 5594 ἐπιδεικνύμεθα
1170 5514 1234 5568 Α.
1266 5513 1424 5594 BLC.
1452 5511 2009 5594 Emﬁegvﬁmvonfn
2082 5513 2130 5594 ξ’

2245 5513 2446 5594 EELSic
2471 5513 2533 5594 ΙξΖ
2563 5513 2743 5594 quas}
2780 5516 2942 5594 μήτε.
3033 5513 3196 5594 ³ίτῇς
3223 5511 3557 5594 φάτνῃςτῆς
3580 5511 3700 5594 πν.]
3737 5511 3836 5568 Sic

570 5584 681 5638 An.
706 5586 862 5639 Arm.
889 5585 987 5654 τῆς
1017 5601 1107 5637 πν.
1139 5586 1422 5654 τραπέζης
1445 5586 1508 5642 C.

571 5655 713 5708 ΕΜ.
789 5654 836 5686 ³⁸
863 5651 1270 5722 ἐπήγγελτοᾌ.
1348 5651 1392 5690 ⁸⁸
1426 5651 1572 5725 οὐδὲ]

573 5727 615 5757 ³⁷
645 5725 974 5797 ἀπρτρέχεις
1006 5727 1068 5779 Α.
1099 5725 1157 5778 Β.
1183 5725 1277 5797 C._
1316 5727 1368 5759 ²⁴¹
1399 5723 1720 5797 [16νοῦεάδρ

570 5796 668 5857 καὶ
699 5794 848 5862 τδἘ.
879 5795 1008 5849 Sav.

571 5865 874 5946 προτροπὴ.
898 5864 971 5946 _F.
1001 5864 1460 5946 quocqnifchefg
1479 5936 1492 5946 _
1509 5865 1722 5946 videgyr
1749 5866 1900 5946 Arn}.

1606 5584 1658 5656 ’ξ
1685 5583 1923 5656 ἔχουσιν]
1958 5583 2384 5656 οὑκν-ἐχουσινἘμ.

1601 5652 1814 5707 οὕτει).
1848 5652 1922 5708 ΕΣ
1948 5652 2186 5726 ἐκεῖθεν]
2212 5655 2330 5708 ἐκεῖ
2359 5653 2499 5709 Edd.

1601 5723 1720 5778 ΞΜ.
1817 5723 1862 5756 ³⁸
1895 5722 2069 5795 μένει]
2100 5725 2362 5794 ἀναμένει
2389 5723 2449 5778 F.

2488 5586 2534 5617 ³³
2566 5584 2659 5664 τθν
2697 5583 2935 5656 Χριστὸν
2970 5583 3340 5664 0I9.-F._mlo_x
3368 5583 3461 5636 ἐπὶ
3490 5584 3588 5651 τῆς
3616 5585 3838 5664 φάτνης

2595 5657 2641 5686 ³⁸
2675 5651 3049 5720 πνευματικοῦ
3081 5656 3147 5708 Α.
3176 5654 3236 5708 Β.
3266 5651 3330 5708 C.
3359 5653 3743 5722 πνευματικῆς
3769 5653 3838 5706 Ε.

3015 5765 3028 5778 .
3057 5765 3070 5778 .
3104 5725 3204 5795 τὴν
3221 5723 3370 5795 διαϐ.

2555 5724 2603 5757 ⁸⁸
2634 5725 2736 5795 τὴν
2772 5726 2978 5795 πηγὴν.
3015 5765 3028 5778 .
3057 5765 3070 5778 .
3104 5725 3204 5795 τὴν
3221 5724 3370 5795 διαϐ.
3589 5793 3613 5795 _
3638 5725 3680 5754 “
3702 5725 3836 5795 Δκαὶ.

1114 5797 1159 5827 δ’
1189 5790 1488 5868 1ﬁ]_\'uigo
1518 5796 1613 5868 καὶ
1644 5796 1735 5864 τῇ,
1765 5804 1817 5868 _et
1847 5790 1929 5850 sic
1959 5790 2068 5868 An,—
2096 5810 2142 5868 ες

2245 5799 2316 5849 ιαί
2346 5810 2460 5850 om.
2493 5795 2554 5851 Β.
2568 5803 2640 5868 ,μοι
2681 5790 2930 5868 ὸοιτζίὶ.
2965 5790 3280 5868 Ali_a_l¢i:lio_
3296 5793 3532 5868 εει-καὶ.
3546 5793 3657 5868 τῶν
3697 5790 3750 5845 θ.
3767 5810 3835 5868 Ξ.

2003 5866 2049 5936 ‘7’
2077 5866 2240 5936 αρταὶ
2283 5876 2339 5922 ει
2386 5881 2512 5920 mox
2562 5865 2672 5936 ἔδει
2708 5865 2808 5936 μὲν
2851 5866 2994 5919 κατά
3028 5863 3168 5919 Edd.

3268 5863 3322 5936 ff
3347 5861 3549 5936 γόμφγί
3565 5862 3724 5936 λόγογ
3740 5859 3811 5936 .F
3822 5900 3840 5916 -

571 5928 822 6008 f?'<.7_e?:7e
843 5928 947 6008 :hic
977 5928 1033 5990 ei
1063 5937 1224 6008 paulo
1249 5938 1390 5992 infra
1419 5935 1556 6008 ΕΜ.
1630 5935 1678 5968 ⁵⁸
1713 5939 1982 6008 ξυναὶ-καις
2015 5935 2074 5992 ι),
2105 5933 2142 5990 Ε

2245 5955 2292 6008 1v
2317 5939 2552 6006 γυναῖκα
2585 5935 2646 5991 F.
2678 5928 2801 5994 11'on
2841 5936 3202 5991 εὐτελέστατα
3246 5933 3389 5991 Edd.
3411 5928 3424 5936 ’
3461 5928 3709 6005 πλύγῲ]
3738 5928 3835 5988 Sic

565 6004 636 6059 υ.
665 6004 723 6059 F.
767 6005 930 6065 vulgo
962 6013 1038 6084 τῷ
1067 6004 1237 6079 λόγῳ.
1317 6009 1362 6041 ⁸⁸
1388 6006 1692 6082 προδόντων
1721 6005 1783 6059 F.
1813 6007 1916 6060 An.
