4078 6372
204 444 282 498 79

202 582 257 623 ct
294 575 523 626 vinctos
546 613 561 638 ,
595 574 699 626 imo
728 580 783 626 et
832 571 1072 627 inimicos
1117 572 1471 635 miseramttr;
1514 582 1567 625 ιιι
1602 584 1726 627 vero
1756 588 1824 629 ne

201 662 533 721 beam-ficum
582 664 795 734 quidem
839 674 895 719 et
938 664 1221 719 Dominum
1269 664 1460 719 tuum?
1509 663 1584 718 Illi
1632 678 1820 719 aurum

198 757 576 822 obtulerunt;
607 768 659 812 ιιι
689 773 881 828 panem
912 757 996 811 vix
1021 757 1279 813 dederis?
1322 757 1397 812 llli
1429 758 1637 814 stellam
1668 760 1819 815 vide-

199 856 340 901 runt
369 888 390 912 ,
430 859 487 902 et
510 848 674 918 gavisi
702 857 862 913 sunt;
893 859 946 903 ιιι
977 864 1103 903 vero
1131 848 1403 903 Christum
1430 849 1613 905 videns
1637 850 1822 921 hospi-

200 944 326 992 tem
366 949 425 994 ct
451 940 653 994 nudum
674 981 689 1002 ,
722 955 827 995 non
856 938 1127 994 flecteris?
1160 939 1291 1005 Quis
1316 940 1459 995 enim
1491 950 1724 995 vestrum
1755 956 1821 996 ex

202 1030 275 1085 iis
306 1034 412 1100 qui
446 1033 592 1087 mille
619 1032 873 1087 beneficia
901 1040 1242 1102 acceperunt,
1269 1042 1466 1086 tantam
1495 1048 1591 1101 pro
1610 1032 1822 1088 Christo

202 1124 469 1191 suscepit
499 1124 977 1194 peregrinationem
1000 1165 1015 1187 ,
1048 1134 1299 1193 quantam
1329 1122 1403 1178 illi
1434 1124 1679 1191 barbari,
1715 1126 1821 1179 imo

203 1212 284 1266 ilh
343 1212 683 1283 philosOphis
727 1216 1118 1283 sapientiores?
1168 1216 1232 1271 Et
1280 1217 1405 1286 quid
1451 1218 1571 1271 dico
1621 1227 1821 1273 tantam

204 1306 373 1359 \iam
394 1307 419 1359 ?
468 1307 640 1363 Multae
669 1309 808 1377 apud
839 1322 937 1363 nos
964 1308 1217 1363 mulieres
1254 1309 1325 1364 ita
1356 1309 1545 1365 molles
1570 1320 1693 1365 sunt
1717 1351 1731 1375 ,
1767 1320 1823 1365 ut

203 1411 283 1451 ne
332 1398 517 1451 vicum
564 1415 725 1452 unum
775 1411 1103 1455 transmeare
1147 1401 1349 1465 velint,
1388 1401 1524 1455 utin
1556 1402 1818 1473 spiritnali

208 1498 498 1565 Prmsepio
540 1496 706 1566 ipsum
752 1497 1006 1563 videant,
1058 1499 1157 1552 nisi
1196 1499 1351 1553 mulis
1390 1498 1673 1555 vehantur.
1713 1500 1816 1559 Alii

205 1588 422 1657 quibus
457 1589 595 1643 inest
625 1588 930 1644 ambulandi
957 1588 1180 1645 facultas
1204 1630 1221 1654 ,
1249 1590 1330 1645 vel
1357 1590 1690 1647 saecularium
1719 1606 1841 1646 ne-~

208 1677 499 1745 gotiorum
538 1678 745 1732 turbam
772 1719 788 1743 ,
835 1679 917 1733 vel
968 1679 1294 1735 theatrorum
1340 1679 1818 1750 frequentationem

209 1767 355 1822 huic
390 1770 553 1824 coetui
583 1780 934 1839 anteponunt.
987 1771 1049 1824 Et
1082 1771 1288 1826 barbari
1318 1772 1533 1842 quidem
1564 1774 1636 1827 illi
1664 1784 1797 1829 ante-

208 1875 387 1928 quam
416 1861 561 1914 illum
590 1859 849 1927 viderent,
881 1869 1081 1915 tantum
1111 1861 1315 1918 itineris
1344 1866 1546 1920 emensi
1574 1876 1734 1929 sunt,
1765 1876 1817 1919 tu

208 1967 357 2006 vero
391 1967 493 2006 nec
532 1962 811 2023 postquam
851 1954 1026 2008 vidisti
1070 1955 1293 2009 imitaris
1335 1955 1484 2022 illos;
1529 1955 1623 2012 sed
1664 1967 1810 2026 post-

209 2058 387 2103 quam
416 2043 592 2096 vidisti
617 2085 633 2106 ,
667 2042 754 2097 illo
780 2042 1000 2099 dimisso
1022 2085 1036 2106 ,
1065 2044 1131 2098 ad
1166 2046 1385 2100 mimum
1413 2047 1697 2102 videndum
1727 2062 1815 2101 ac-

210 2136 401 2190 curris
428 2135 450 2206 (
479 2135 671 2191 iisdem
697 2136 842 2191 enim
884 2136 1122 2192 insistam
1153 2138 1345 2207 quibus
1374 2155 1544 2209 nuper
1569 2141 1588 2209 )
1617 2157 1630 2192 :
1661 2141 1785 2195 Chri

212 2236 369 2281 stum
395 2227 448 2280 in
485 2228 748 2297 praesepio
780 2228 1046 2296 jacentem
1079 2229 1333 2300 relinquis
1353 2272 1369 2296 ,
1400 2241 1456 2285 nt
1481 2232 1729 2287 mulieres
1763 2233 1811 2289 in

214 2331 385 2371 scena
424 2317 625 2372 videas.
670 2318 874 2386 Quibus
910 2319 1026 2375 haec
1052 2319 1355 2375 fulminibus
1380 2322 1537 2393 digna
1566 2340 1669 2376 non
1703 2322 1813 2379 fue-

216 2408 373 2461 rint?

280 2578 339 2631 6.
368 2575 423 2631 Si
453 2576 597 2646 quis,
625 2591 827 2646 quarso,
857 2578 1218 2645 polliceretur,
1252 2589 1303 2634 te
1333 2580 1384 2633 in
1415 2581 1609 2649 regiam
1640 2581 1803 2634 intro-

204 2665 430 2732 ducere,
466 2669 952 2740 lmperatoretnque
977 2672 1252 2728 sedentem
1279 2672 1369 2727 tibi
1397 2682 1705 2738 ostendere,
1735 2690 1801 2729 an

206 2761 519 2830 hujusmodi
539 2764 844 2832 Spectacqu
867 2764 1130 2820 theatrum
1155 2768 1473 2833 anteferres,
1496 2768 1701 2823 etiamsi
1726 2768 1807 2821 ni-

208 2852 286 2907 hil
319 2855 446 2909 hinc
476 2856 609 2909 lucri
637 2856 838 2911 referre
863 2860 1087 2926 posses?
1115 2858 1211 2914 llic
1236 2875 1361 2913 vero
1392 2859 1509 2914 fons
1536 2860 1671 2930 ignis
1696 2862 1807 2928 Spi—

212 2947 424 3000 ritualis
451 2962 517 3001 ex
543 2948 644 3001 hac
669 2963 852 3002 mensa
877 2951 1096 3003 scaturit
1123 2967 1134 3002 :
1163 2960 1215 3003 ιιι
1246 2966 1373 3004 vero
1403 2950 1501 3005 hac
1531 2951 1712 3006 relicta
1738 2949 1802 3005 ad

210 3038 480 3092 theatrum
510 3039 745 3093 accurris
774 3048 1020 3095 natantes
1051 3040 1304 3097 mulieres
1334 3051 1665 3112 spectaturus
1689 3085 1704 3109 ,
1742 3060 1806 3099 ac

210 3143 400 3184 sexum
456 3130 605 3185 illum
653 3130 1055 3187 dehonestatmn
1080 3174 1093 3195 ,
1134 3133 1508 3204 Christumque
1552 3135 1806 3205 relinquis

211 3220 344 3277 fonti
374 3220 745 3277 assidentem?
775 3223 986 3277 Etenim
1018 3239 1158 3277 nunc
1186 3240 1398 3295 quoque
1421 3225 1570 3295 juxta
1602 3224 1802 3280 fontem

211 3315 399 3379 sedet,
431 3329 536 3367 non
562 3312 947 3369 Samaritanam
972 3314 1278 3383 alloquens,
1307 3315 1400 3371 sed
1433 3326 1593 3371 totam
1620 3317 1806 3371 civita-

214 3416 320 3459 tem
356 3423 370 3459 :
401 3405 630 3459 fortasse
657 3420 785 3461 vero
812 3422 952 3460 ttunc
980 3422 1189 3477 quoque
1212 3408 1601 3463 Samaritanam
1632 3407 1800 3463 solam

213 3497 529 3567 alloquitur.
574 3495 743 3551 Nemo
771 3498 913 3552 enim
945 3498 1041 3566 ipsi
1071 3514 1210 3553 nunc
1240 3498 1429 3564 adest,
1461 3500 1561 3554 nisi
1589 3500 1802 3570 quidam

212 3602 443 3658 corpore
466 3596 691 3653 tantum,
721 3588 1015 3643 alii'autem
1046 3605 1111 3643 ne
1137 3604 1362 3659 corpore
1385 3590 1623 3660 quidem.
1654 3592 1803 3644 Atta-

214 3695 335 3732 men
366 3680 484 3747 ipse
513 3695 622 3733 non
655 3679 892 3749 recedit;
920 3678 1013 3733 sed
1056 3691 1235 3734 manet
1263 3690 1442 3749 potum
1468 3696 1497 3733 a
1530 3681 1684 3735 nobis
1711 3696 1804 3750 po-

214 3771 441 3832 Slttlans,
474 3786 579 3823 non
611 3784 797 3838 aquam
821 3810 835 3832 ,
865 3770 959 3824 sed
990 3772 1322 3826 sanctitatem
1355 3789 1368 3825 :
1401 3780 1584 3827 sancta
1611 3773 1804 3841 quippe

214 3861 411 3914 sanctis
441 3864 643 3915 tribuit.
674 3863 855 3935 Neque
882 3865 1022 3919 enim
1048 3879 1239 3934 aquam
1267 3879 1331 3919 ex
1362 3864 1462 3918 hoc
1490 3864 1635 3918 fonte
1666 3880 1805 3933 pra:-

213 3950 317 4014 bet,
339 3952 435 4007 sed
462 3955 773 4024 sanguinem
799 3956 1083 4016 viventem,
1105 3959 1195 4026 qui
1221 3955 1520 4027 symbolum
1544 3966 1625 4011 est
1653 3972 1799 4011 mor-

213 4046 295 4105 tis,
326 4046 423 4099 Sed
445 4049 569 4100 vitae
590 4064 750 4102 causa
774 4060 877 4104 est.
901 4049 979 4104 Tu
1003 4060 1177 4104 autem
1206 4049 1390 4104 relicto
1410 4048 1555 4104 fonte
1581 4049 1798 4119 sangui-

210 4140 308 4203 nis,
324 4138 526 4208 poculo
543 4138 632 4192 illo
652 4141 947 4205 tremendo,
964 4140 1030 4194 ad
1051 4140 1248 4195 fontem
1266 4141 1442 4211 pergis
1456 4141 1796 4206 diabolicum,

207 4235 267 4281 ut
307 4239 587 4286 natantem
633 4234 967 4287 meretricem
1010 4233 1338 4302 conSpicias,
1381 4240 1436 4287 et
1468 4232 1797 4302 naufragium

208 4322 398 4376 anima:
428 4323 668 4391 patiaris.
696 4326 847 4395 Aqua
876 4325 1017 4379 enim
1045 4325 1133 4378 illa
1163 4325 1380 4394 pelagus
1408 4334 1490 4378 est
1519 4325 1754 4379 libidinis
1777 4366 1793 4389 ,

210 4427 309 4481 non
350 4428 582 4484 corpora
626 4414 1010 4485 submergens,
1055 4414 1149 4470 sed
1189 4415 1483 4468 animarum
1523 4412 1796 4483 naufragia

213 4506 439 4570 pariens.
479 4505 586 4561 Sed
633 4506 719 4560 illa
751 4514 896 4560 natat
926 4507 1062 4560 nuda
1090 4547 1105 4571 ,
1141 4516 1193 4560 tu
1220 4520 1348 4561 vero
1373 4505 1558 4561 videns
1585 4504 1797 4561 demer-

210 4598 341 4665 geris
371 4599 427 4652 in
459 4597 785 4667 profundum
818 4599 1065 4654 libidinis.
1100 4599 1241 4654 Talis
1270 4599 1462 4670 quippe
1489 4609 1572 4655 est
1598 4600 1792 4654 dialmli

214 4702 399 4759 sngena
433 4708 446 4743 :
479 4706 588 4743 non
620 4705 715 4745 eos
739 4691 828 4761 qui
861 4692 911 4744 in
938 4706 1130 4761 aquam
1156 4692 1522 4755 descendunt,
1550 4692 1643 4745 sed
1676 4692 1796 4745 illos

208 4786 377 4851 potius
406 4785 497 4853 qui
531 4799 739 4839 sursum
767 4785 957 4841 sedent
979 4825 994 4847 ,
1026 4801 1184 4854 quam
1216 4800 1309 4840 eos
1337 4785 1427 4855 qui
1458 4786 1509 4839 in
1537 4800 1672 4854 aqua
1704 4801 1795 4838 vo-

208 4875 476 4939 lutantur,
506 4877 854 4948 submergere
881 4878 1051 4943 solet,
1082 4878 1380 4946 saeviusque
1410 4877 1631 4932 sullocat
1655 4891 1748 4932 eos
1773 4917 1808 4943 ,

204 4982 354 5035 qnam
401 4968 739 5024 Pharaonem
764 5010 787 5034 ,
821 4970 911 5039 qui
951 4984 1073 5024 cum
1114 4971 1267 5039 equis
1299 4978 1355 5024 et
1395 4969 1639 5024 curribus
1668 4978 1794 5026 tunc

203 5059 479 5113 demersus
506 5067 612 5114 est.
645 5059 715 5114 Et
738 5060 783 5114 si
810 5060 1023 5130 quidem
1048 5061 1254 5116 animas
1282 5060 1462 5116 videre
1489 5076 1789 5131 possemus,

205 5151 460 5219 plurimas
491 5151 643 5205 vobis
670 5151 1009 5208 ostenderem
1044 5152 1124 5206 his
1152 5153 1304 5223 aquis
1342 5164 1746 5223 supernatantes
1773 5195 1786 5216 ,

202 5244 331 5297 sicut
377 5253 508 5298 tunc
550 5242 923 5315 Egyptiorum
962 5258 1206 5315 corpora.
1256 5246 1361 5301 Sed
1402 5247 1541 5317 quod
1578 5249 1789 5317 gravius

203 5344 307 5399 est,
341 5335 503 5390 talem
531 5335 820 5405 perniciem
850 5337 1174 5406 voluptatem
1203 5339 1506 5408 appellant,
1533 5348 1587 5394 et
1615 5341 1789 5409 perdi-

205 5426 355 5480 tionis
405 5428 627 5497 pclagus
670 5426 1039 5483 delectationis
1081 5431 1323 5500 euripum
1365 5444 1573 5487 vocant.
1629 5435 1785 5501 Atqui

204 5514 399 5572 facilius
423 5528 507 5571 est
531 5517 776 5589 Egantm
803 5530 859 5574 et
888 5519 1273 5590 Tyrrhenicutn
1303 5538 1472 5589 mare,
1502 5538 1657 5592 quam
1684 5524 1788 5576 thu-

204 5605 422 5675 jnsmodi
464 5609 829 5679 spectaculum
867 5619 982 5665 tuto
1024 5612 1292 5681 trajicere.
1334 5614 1462 5668 Nam
1494 5616 1664 5683 primo
1694 5631 1788 5684 per

205 5705 359 5752 totam
416 5711 631 5755 noctem
691 5700 935 5756 diabolus
993 5702 1069 5757 rei
1131 5706 1528 5773 ex5pectatinne
1581 5707 1787 5761 animos

206 5800 528 5863 pmoccupat
555 5808 567 5847 :
591 5792 786 5850 deinde
816 5802 1095 5863 postquam
1127 5794 1176 5850 id
1203 5797 1343 5867 quod
1378 5800 1786 5867 exspectabatur

1450 452 1515 515 ΙΝ
1555 461 1922 520 MATHASUM
1961 461 2190 522 HOMIL.
2239 467 2347 523 Vll.

3447 508 3514 563 80

1943 575 2191 645 ostendit,
2214 586 2390 637 statim
2410 583 2589 654 alligat
2610 592 2663 639 et
2683 588 2920 656 captivos
2939 588 3119 645 efﬁcit.
3143 591 3218 647 Ne
3243 595 3382 648 enim
3404 611 3525 663 quia

1938 686 2057 727 eum
2088 677 2368 730 meretrice
2393 692 2497 730 non
2525 677 2754 740 coivisti,
2782 687 2831 732 te
2860 689 3011 747 putes
3036 700 3061 730 ει
3090 692 3307 752 peccato
3334 686 3524 740 immu-

1937 779 2057 818 nem
2084 782 2204 821 esse
2230 785 2242 821 :
2265 783 2327 821 ex
2361 769 2788 837 concupiscentia
2819 773 3014 843 quippe
3041 785 3206 829 totum
3230 776 3518 845 perfecisti.

1935 853 2066 911 Nam
2104 861 2146 910 si
2184 858 2608 926 concupiscentia
2650 858 2923 928 detineris,
2963 865 3217 933 majorem
3249 865 3517 922 flammam

1929 950 2215 1007 accendiin
2241 968 2254 1015 ;
2287 951 2367 1007 sin
2397 961 2574 1007 autem
2604 952 2717 1007 lucc
2742 954 3047 1025 aspicienda
3077 952 3205 1007 nihil
3237 952 3464 1007 moveris
3486 990 3504 1016 ,

1926 1043 2114 1113 majori
2145 1044 2315 1113 culpa:
2353 1044 2613 1098 obnoxius
2638 1060 2696 1098 es
2721 1088 2734 1109 ,
2779 1046 2919 1115 quod
2951 1046 3155 1099 czuteris
3189 1044 3509 1098 ollendiculo

1928 1134 2002 1188 sis
2032 1176 2046 1201 ,
2078 1144 2133 1189 et
2173 1133 2315 1203 quod
2364 1136 2680 1205 spectaculis
2723 1136 2932 1191 illectus
2955 1177 2968 1200 ,
3001 1146 3054 1189 et
3096 1136 3281 1189 oculos
3312 1144 3428 1188 tuos
3455 1144 3508 1189 et

1925 1240 2049 1278 cum
2077 1225 2247 1279 oculis
2279 1225 2444 1295 ipsatn
2473 1226 2703 1280 animam
2731 1227 3002 1296 deturpes.
3032 1224 3226 1279 Verum
3249 1240 3315 1279 ne
3342 1227 3509 1279 simus

1927 1316 2287 1387 increpatione
2330 1318 2443 1372 sola
2483 1319 2758 1383 contenti,
2821 1333 2918 1388 age
2961 1319 3071 1387 jam
3120 1317 3507 1372 etnendatiOuis

1924 1411 2141 1464 modum
2173 1412 2560 1481 perquiramus.
2603 1412 2730 1480 Quis
2760 1428 2888 1483 ergo
2918 1412 3104 1466 modus
3133 1412 3274 1466 erit?
3309 1410 3504 1467 Uxori-

1927 1502 2025 1556 bus
2051 1507 2241 1558 vestris
2266 1520 2361 1559 vos
2401 1506 2611 1561 tradere
2642 1506 2761 1559 volo
2784 1547 2799 1571 ,
2832 1516 2887 1559 ut
2931 1507 3058 1574 ipsa:
3102 1520 3195 1560 vos
3240 1506 3503 1560 erudiant.

1922 1592 2214 1662 Oportebat
2249 1596 2463 1665 quidem
2485 1637 2500 1661 ,
2532 1597 2824 1652 secundum
2866 1597 3015 1651 Pauli
3043 1598 3212 1668 legem
3238 1638 3255 1663 ,
3287 1612 3382 1653 vos
3406 1598 3505 1652 dn-

1922 1696 2098 1742 ctores
2137 1703 2258 1743 esse
2282 1705 2296 1744 :
2322 1690 2442 1760 quia
2483 1705 2611 1744 vero
2652 1706 2746 1760 per
2786 1700 3056 1758 peccatum
3098 1692 3338 1745 inversus
3374 1692 3506 1744 ordo

1924 1776 2041 1845 fuit,
2072 1788 2127 1835 et
2152 1795 2346 1849 corpus
2374 1783 2650 1850 superius,
2681 1791 2838 1851 caput
2868 1797 2995 1836 vero
3028 1782 3248 1837 inferius
3275 1783 3502 1852 pusitntn

1921 1883 2023 1937 est,
2048 1872 2186 1929 hanc
2206 1875 2392 1929 saltem
2415 1876 2551 1929 viain
2575 1875 2890 1944 deligamus.
2908 1874 3059 1941 Quod
3079 1876 3124 1929 si
3147 1876 3503 1945 magisterium

1924 1966 2161 2022 mulieris
2192 1966 2464 2023 erubescis
2489 2010 2502 2030 ,
2532 1970 2653 2038 fuge
2678 1976 2951 2038 peccatum
2972 2011 2986 2034 ,
3017 1979 3070 2024 et
3094 1970 3200 2023 cito
3227 1970 3424 2038 poteris
3452 1969 3503 2022 in

1921 2057 2115 2112 solium
2156 2073 2185 2112 a
2229 2059 2337 2115 Deo
2376 2060 2466 2113 tibi
2504 2060 2684 2114 datum
2719 2060 3025 2115 ascendere.
3065 2060 3325 2127 Quamdiu
3360 2070 3505 2116 certe

1923 2151 2245 2217 peccaveris,
2267 2166 2370 2205 non
2393 2151 2457 2205 ad
2482 2151 2730 2207 mulieres
2756 2162 2977 2215 tantum,
2996 2151 3091 2207 sed
3112 2152 3271 2207 etiam
3287 2153 3352 2206 ad
3377 2153 3506 2206 hru-

1922 2251 2095 2297 torum
2118 2245 2424 2299 animalium
2445 2244 2699 2299 vilissima
2730 2253 2782 2299 te
2808 2244 2970 2299 mittit
2995 2245 3267 2314 Scriptura
3294 2263 3308 2299 :
3332 2248 3503 2315 neque

1919 2336 2186 2391 erubescit
2224 2336 2429 2391 ratione
2466 2336 2742 2405 praeditum
2773 2335 2841 2391 ad
2878 2336 3150 2391 formicam
3184 2339 3502 2408 discipulum

1920 2430 2153 2483 mittere.
2174 2428 2354 2497 Neque
2375 2428 2584 2482 enimid
2606 2427 2891 2498 Scriptura;
2909 2429 3061 2499 culpa
3079 2439 3179 2494 est,
3203 2429 3297 2484 sed
3318 2445 3501 2484 eorum

1919 2521 2008 2589 qni
2058 2519 2135 2575 sic
2176 2517 2505 2573 nobilitatem
2548 2520 2830 2589 prodidere
2866 2534 3041 2575 suam.
3093 2521 3203 2576 Hoc
3230 2533 3374 2577 certe
3408 2538 3501 2578 nus

1919 2623 2132 2683 quoque
2170 2613 2422 2667 faciemus
2456 2630 2468 2665 :
2497 2627 2559 2667 ac
2590 2629 2729 2668 nunc
2754 2613 2968 2683 quidem
2999 2625 3051 2669 te
3076 2615 3282 2670 mulieri
3326 2617 3500 2669 trade-

1920 2720 2037 2761 mus
2062 2705 2142 2760 :si
2181 2714 2357 2760 autem
2394 2704 2529 2759 hanc
2575 2704 2914 2776 despexeris,
2964 2705 3029 2759 ad
3060 2707 3497 2762 irrationaliilium

1920 2808 1972 2852 te
1997 2796 2356 2865 magisterium
2386 2797 2657 2851 mittemus
2680 2838 2695 2862 ,
2724 2806 2777 2851 et
2810 2797 3155 2853 ostendemus
3184 2808 3312 2868 quot
3339 2814 3464 2854 aves
3486 2844 3499 2863 ,

1918 2897 2047 2958 quot
2076 2888 2267 2957 pisces,
2294 2896 2425 2957 quot
2452 2887 2846 2958 quadrupedes,
2869 2897 2999 2958 quot
3027 2890 3233 2957 reptilia
3258 2891 3501 2948 animalia

1919 2989 1971 3034 te
2003 2979 2304 3034 honestiora
2334 2986 2388 3033 et
2414 2979 2827 3048 temperantiora
2862 2978 3159 3034 videantur.
3186 2980 3337 3048 Quod
3365 2982 3408 3037 si
3435 2982 3503 3038 do

1918 3070 2314 3140 comparatione
2343 3070 2629 3127 erubescas
2649 3112 2667 3138 ,
2691 3069 2921 3127 ascende
2949 3071 3014 3126 ad
3045 3073 3318 3141 pristinam
3350 3074 3500 3128 uchi-

1913 3176 2138 3233 litalcm,
2164 3184 2227 3223 ac
2238 3168 2499 3240 gehennae
2512 3167 2734 3236 pelagus
2750 3164 3080 3235 ﬂuviumque
3101 3164 3317 3236 igneum
3347 3165 3494 3234 fuge,

1918 3264 2064 3317 illam
2097 3259 2220 3315 dico
2250 3258 2514 3330 piscinam
2543 3257 2883 3313 theatralem.
2926 3254 3049 3313 Haec
3091 3256 3236 3313 enim
3287 3257 3494 3327 piscina

1922 3355 2147 3422 pelagus
2180 3351 2310 3404 illud
2350 3348 2758 3407 tibi'conciliat.
2791 3354 2847 3402 et
2879 3348 3025 3402 illam
3053 3346 3285 3402 flamma:
3327 3348 3496 3415 abys-

1920 3461 2039 3498 sum
2079 3440 2359 3496 succendit

1989 3632 2040 3684 7.
2063 3629 2193 3684 Nam
2238 3626 2303 3692 si,
2337 3631 2436 3698 Qui
2477 3631 2677 3700 respicit
2727 3631 2983 3685 mulierem
3032 3631 3099 3683 ad
3138 3629 3499 3698 concupiscen-

1915 3724 2057 3786 dum,
2094 3725 2210 3793 jam
2252 3725 2525 3777 moechatus
2551 3734 2622 3777 est
2657 3724 2675 3791 (
2703 3724 2884 3777 Matth.
2910 3725 2962 3779 5.
2992 3724 3063 3779 28
3088 3725 3140 3792 );
3188 3725 3274 3793 qui
3306 3724 3500 3778 nudam

1911 3815 2133 3870 omnino
2162 3814 2429 3882 reSpicere
2456 3830 2558 3867 non
2588 3814 2811 3877 dubitat,
2842 3812 3109 3883 quomodo
3136 3829 3240 3867 non
3268 3830 3499 3868 sexcen-

1915 3906 2014 3958 ties
2055 3903 2294 3974 captivus
2337 3903 2629 3959 efficietur?
2674 3904 2790 3958 Non
2840 3905 2910 3959 ita
2956 3904 3214 3959 diluvium
3262 3916 3502 3974 tempore

1912 3995 2040 4048 Noae
2072 3995 2347 4050 hominum
2392 4011 2563 4066 genus
2611 3995 2857 4063 perdidit,
2894 4006 2949 4050 ut
2981 3996 3082 4051 illa:
3115 4006 3354 4051 natantes
3379 4012 3499 4051 cum

1913 4089 2075 4141 multa
2126 4087 2453 4155 turpitudine
2500 4096 2826 4155 spectatores
2856 4102 3042 4142 omnes
3082 4088 3361 4141 suffocant.
3409 4088 3498 4141 llla

1910 4181 2104 4248 quippe
2132 4178 2310 4248 pluvia
2341 4178 2549 4233 etiamsi
2579 4188 2802 4232 mortem
2831 4192 3112 4247 corporum
3136 4176 3374 4243 inferret,
3408 4195 3498 4232 ne-

1910 4270 2129 4338 quitiam
2174 4278 2350 4345 tamen
2391 4270 2584 4323 anima:
2626 4267 2899 4324 auferebat
2926 4286 2939 4321 :
2970 4268 3083 4323 htec
3128 4278 3335 4335 contra,
3384 4286 3498 4322 ma-

1912 4373 2073 4417 nente
2110 4377 2337 4431 corpore
2380 4363 2610 4417 animam
2658 4361 2931 4418 interimit.
2966 4362 3073 4417 Vos
3110 4374 3254 4418 certe
3282 4378 3403 4417 cum
3434 4364 3498 4419 de

1896 4455 2089 4522 primo
2135 4468 2388 4509 consessu
2434 4454 2629 4523 agitur,
2661 4469 2757 4509 vos
2787 4462 2954 4508 totum
2984 4452 3173 4527 orbem
3198 4454 3497 4522 praecedere

1910 4544 2248 4611 eontenditis,
2282 4545 2533 4613 quoniam
2563 4545 2751 4599 civitas
2777 4554 2952 4600 vestra
2982 4545 3151 4615 prima
3170 4543 3492 4601 Christiano-

1912 4655 2024 4690 rum
2053 4652 2245 4692 nomen
2283 4636 2521 4691 adhibuit
2539 4636 2612 4709 (a)
2634 4638 2768 4705 (Act.
2802 4638 2885 4691 ll.
2913 4636 3042 4705 26);
3073 4652 3195 4691 cum
3220 4646 3395 4692 autem
3430 4636 3499 4691 de

1909 4730 2152 4785 castitate
2179 4732 2371 4799 agitur,
2424 4744 2491 4782 ne
2532 4730 2600 4781 ah
2640 4728 3019 4799 agrestioribus
3055 4728 3268 4798 quidem
3312 4728 3493 4782 civita-

1911 4823 2049 4877 tilms
2076 4822 2316 4891 superari
2347 4821 2679 4877 erubescitis.
2710 4821 2868 4875 Certe
2897 4820 3104 4889 inquies
3136 4838 3149 4873 :
3179 4819 3304 4889 quid
3342 4820 3500 4890 igitur

1910 4931 2003 4966 nos
2028 4914 2184 4983 jubes
2207 4912 2422 4967 facere?
2449 4929 2515 4967 an
2545 4921 2755 4967 montes
2782 4911 3096 4975 ascendere,
3130 4922 3185 4965 et
3209 4911 3498 4967 monachos

1907 5006 2062 5061 esse?
2089 5005 2290 5059 Idcirco
2316 5007 2546 5075 ingcmo,
2576 5004 2716 5075 quod
2746 5004 2848 5058 illis
2875 5012 3076 5057 tantum
3104 5003 3415 5058 modestiam
3441 5016 3500 5061 et

1905 5100 2201 5152 castitatem
2238 5106 2548 5167 competere
2584 5096 2802 5166 putetis,
2831 5095 2955 5150 licet
2979 5094 3225 5149 Christus
3248 5110 3493 5158 conunu-

1906 5205 2001 5244 nes
2027 5190 2171 5258 leges
2199 5191 2455 5260 posuerit.
2487 5188 2617 5243 Nam
2643 5204 2763 5242 cum
2795 5187 2944 5251 dicit,
2979 5188 3038 5241 Si
3066 5188 3179 5258 quis
3221 5190 3494 5255 respexerit

1905 5285 2163 5338 mulierem
2205 5283 2273 5334 ad
2314 5279 2766 5350 concupiscendum
2790 5295 2899 5332 eam
2930 5278 2949 5349 (
2977 5278 3159 5332 Matth.
3190 5279 3241 5333 5.
3273 5278 3344 5332 28
3364 5279 3405 5348 ),
3432 5277 3489 5332 itl

1906 5393 2009 5429 non
2051 5374 2312 5429 monacho
2340 5373 2488 5435 dicit,
2537 5371 2630 5427 sed
2672 5371 2997 5441 conjugato:
3044 5386 3165 5424 nam
3206 5386 3360 5425 mons
3404 5371 3487 5424 ille

1903 5477 2029 5522 tunc
2086 5464 2388 5535 lmjusmodi
2438 5463 2568 5519 viris
2616 5462 2852 5534 repletus
2899 5473 3035 5517 erat.
3087 5460 3273 5530 Cogita
3312 5462 3487 5531 itaque

1957 5745 2049 5827 te)“
2060 5748 2328 5827 antlipehire
2346 5755 2549 5818 primum
2581 5770 2630 5807 tn
2663 5757 2904 5811 Christum
2926 5764 3194 5818 credentes
3217 5768 3475 5827 Christiani

1894 5815 2004 5857 sunt
2028 5810 2269 5872 appellati.
