4078 6372
557 371 635 426 gi
1294 359 1349 414 S.
1384 357 1672 418 JOANNIS
1705 362 2197 423 CHRYSOSTOMI
2232 366 2558 438 ARCHIEP.
2601 368 3154 431 CONSTANTINOP.
3754 383 3828 439 82

582 486 857 541 theatrum
891 487 1052 555 illud,
1078 498 1135 545 et
1159 490 1266 547 hoc
1289 492 1623 549 diabolicum
1662 493 1941 548 theatrum
1981 506 2142 547 aver-

583 604 726 653 sare,
755 605 819 645 ac
844 592 958 647 noli
1001 597 1158 664 quasi
1193 612 1494 654 onerosum
1534 601 1761 670 culpare
1808 613 2141 655 sermonem.

585 693 772 764 Neque
819 697 968 751 enim
1014 701 1290 769 prohibeo
1340 702 1597 773 nuptias,
1649 720 1755 759 nec
1805 704 2146 779 voluptatem

585 814 810 867 prorsus
839 803 1145 873 interdico;
1197 808 1292 863 sed
1317 824 1442 864 cum
1478 810 1732 866 castitate
1766 810 1821 865 id
1866 810 1986 866 fleri
2017 825 2147 880 per-

586 919 733 980 opto,
766 926 878 967 non
908 928 1032 969 cum
1061 916 1289 985 probro,
1309 917 1469 989 culpa
1498 926 1555 974 et
1578 921 1854 976 sexcentis
1880 919 2145 975 restibus.

588 1015 703 1071 Non
733 1020 993 1090 praecipio
1019 1033 1236 1079 montes
1264 1034 1321 1081 et
1352 1026 1685 1082 solitudines
1717 1028 1871 1083 adire
1891 1068 1906 1093 ,
1929 1028 2025 1082 sed
2055 1027 2151 1081 be-

588 1122 812 1193 nignum
840 1141 985 1193 esse,
1015 1132 1326 1187 modestum
1355 1143 1412 1189 et
1434 1145 1649 1190 castum
1673 1150 1826 1201 eum,
1851 1135 1945 1205 qui
1969 1135 2150 1190 media

589 1243 641 1282 tn
691 1230 830 1286 urbe
867 1233 1101 1291 habitat.
1141 1235 1347 1294 Omnes
1392 1239 1597 1310 quippe
1634 1240 1787 1311 leges
1831 1256 2152 1296 communes

590 1344 716 1390 sunt
742 1338 902 1394 nobis
928 1356 1054 1396 cum
1093 1345 1400 1412 monachis,
1446 1362 1559 1401 uno
1599 1355 1829 1417 excepto
1854 1348 2151 1419 conjugio;

591 1454 701 1494 imo
736 1439 1053 1500 etiam'hac
1085 1447 1140 1501 in
1175 1464 1235 1504 re
1280 1450 1603 1522 conjugatos
1636 1452 1746 1507 illis
1775 1452 1987 1508 similes
2031 1467 2153 1507 esse

591 1545 742 1611 lubet
765 1547 969 1606 Paulus
1007 1570 1022 1605 :
1065 1552 1314 1610 Praeterit
1348 1557 1490 1611 enim
1510 1556 1687 1627 ﬁgura
1738 1560 1899 1628 hujus
1945 1561 2153 1626 mundi,

591 1658 647 1704 ut
702 1660 752 1705 et
807 1656 898 1724 qui
947 1657 1141 1713 Itabent
1198 1677 1389 1716 uxores
1440 1670 1700 1735 tanquam
1759 1681 1864 1719 non
1905 1666 2155 1721 habentes

593 1759 746 1831 sint(
780 1761 805 1814 1
842 1761 962 1819 Cor.
1013 1764 1065 1820 7.
1098 1766 1213 1839 29).
1245 1768 1438 1840 Itaque
1469 1810 1485 1835 ,
1518 1771 1617 1837 ait,
1671 1787 1782 1826 non
1832 1771 2005 1843 jubeo
2060 1787 2160 1826 vos

592 1864 861 1920 montium
894 1870 1179 1926 cacumina
1210 1887 1486 1945 occupare
1522 1896 1535 1932 :
1567 1876 1623 1932 id
1667 1878 1871 1933 vellem
1908 1877 2157 1947 quidem,

597 1966 729 2036 quia
762 1971 931 2028 urbes
981 1974 1389 2036 Sodomitarum
1422 1980 1655 2038 crimina
1698 1984 2024 2051 imitantur;
2077 1991 2165 2038 at-

596 2079 778 2130 tamen
804 2078 872 2133 ad
906 2079 961 2135 id
994 2098 1108 2139 non
1143 2102 1300 2158 cogo.
1328 2088 1597 2144 Permane
1639 2089 1696 2145 in
1723 2089 1887 2145 domo
1913 2100 2005 2145 tua
2037 2106 2161 2146 cum

593 2178 786 2237 tiberis
811 2192 869 2238 et
897 2201 1098 2255 uxore;
1139 2191 1236 2246 sed
1290 2208 1363 2248 ne
1408 2195 1742 2251 contumelia
1771 2211 2001 2252 uxorem
2044 2197 2167 2252 affl-

596 2285 743 2353 eias,
791 2305 972 2362 neque
1011 2292 1155 2352 ﬁlios
1196 2297 1490 2365 traducas,
1536 2317 1719 2372 neque
1771 2303 1977 2359 theatri
2014 2304 2163 2360 luem

596 2388 820 2448 domum
850 2395 1110 2455 inducas.
1165 2402 1286 2458 Non
1353 2405 1516 2462 audis
1566 2408 1800 2463 Paulum
1834 2408 2111 2466 dicentem
2143 2449 2161 2477 ,

601 2495 688 2551 Vir
721 2502 808 2555 sui
845 2507 1083 2576 corporis
1127 2516 1441 2578 potestatem
1485 2529 1591 2568 non
1639 2514 1817 2583 habet,
1846 2516 1949 2570 sed'
1970 2516 2165 2571 mulier

598 2604 619 2676 (
646 2605 701 2661 1.
731 2605 855 2666 Cor.
893 2612 948 2667 7.
974 2611 1054 2684 4),
1091 2629 1156 2670 ac
1188 2630 1511 2675 communes
1554 2622 1778 2693 utrique
1819 2622 1969 2695 leges
1996 2624 2162 2680 indu-

599 2714 860 2770 centem?
908 2715 991 2772 Tu
1037 2734 1194 2789 vero,
1237 2722 1285 2778 si
1317 2725 1608 2781 ecclesiam
1642 2743 1783 2783 uxor
1824 2728 2163 2801 frequentet,

586 2818 775 2888 gravis
811 2832 1103 2881 accusator
1130 2843 1225 2894 es;
1270 2835 1329 2885 tu
1363 2830 1409 2886 si
1445 2831 1500 2887 in
1534 2832 1770 2891 theatris
1798 2835 1919 2892 dies
1953 2837 2165 2909 exigas,

600 2938 709 2980 non
739 2934 794 2982 te
832 2930 1170 3002 culpandum
1203 2938 1399 3006 putas?
1430 2937 1539 2994 Sed
1580 2939 1650 2996 de
1687 2943 1878 3001 uxoris
1910 2945 2165 3002 castitate

586 3029 887 3100 sollicitus,
928 3036 1031 3093 hac
1060 3037 1117 3094 in
1155 3055 1214 3096 re
1253 3042 1589 3113 superfluam
1632 3046 2165 3121 immoderatamque

601 3150 787 3192 curam
820 3139 1072 3210 adhibes,
1110 3145 1189 3201 ita
1221 3155 1282 3202 ut
1309 3163 1380 3205 ne
1408 3150 1635 3220 quidem
1673 3154 2022 3212 necessarios
2049 3158 2167 3211 exi-

2250 497 2341 544 tus
2366 490 2419 546 ei
2450 488 2742 562 perm‘ittas
2774 510 2789 546 :
2824 493 2926 549 tibi
2955 508 3092 550 vero
3126 492 3314 548 omnia
3338 494 3510 550 licere
3538 503 3720 567 putas.
3746 499 3824 555 At

2250 596 2355 651 tibi
2406 598 2512 653 hoc
2557 613 2672 653 non
2716 599 2991 669 permittit
3034 600 3259 663 Paulus,
3304 600 3399 669 qui
3446 601 3697 657 eamdem
3730 604 3827 661 dat

2252 702 2411 757 uxori
2457 711 2789 772 potestatem
2844 703 2934 758 his
2985 704 3172 758 verbis
3218 719 3232 755 :
3269 703 3431 759 Uxori
3470 706 3553 758 vir
3593 705 3828 761 debitum

2253 808 2503 862 honorent
2541 809 2729 862 reddat
2763 807 2839 880 (1.
2874 808 2995 865 Cor.
3027 809 3083 863 7.
3111 807 3188 878 5).
3239 809 3448 878 Ecquis
3490 808 3583 864 ille
3623 809 3828 875 honor,

2255 913 2388 968 dum
2411 913 2561 968 illam
2594 914 2649 968 in
2683 930 2742 969 re
2771 915 3052 986 praecipua
3079 914 3435 981 dehonestas,
3458 914 3590 969 dum
3622 930 3833 986 corpus

2255 1021 2379 1091 ejus
2407 1020 2800 1076 meretricibus
2826 1021 3037 1076 tradis?
3068 1021 3217 1092 (nam
3251 1036 3451 1091 corpus
3474 1029 3631 1076 tuum
3651 1022 3833 1093 ipsius

2255 1124 2418 1198 est;)
2453 1126 2583 1181 dum
2621 1128 2818 1183 turbas
2853 1127 3063 1182 etlites
3106 1127 3336 1182 domum
3382 1127 3638 1182 inducis?
3691 1127 3830 1182 dum
3885 1157 3892 1165 -

2259 1233 2387 1287 talia
2417 1233 2535 1304 agis
2562 1233 2619 1287 in
2650 1233 2793 1296 foro,
2819 1249 2942 1303 quae
2969 1248 3095 1288 cum
3141 1232 3293 1287 domi
3332 1248 3548 1297 narras,
3593 1232 3662 1287 ad
3692 1248 3831 1287 eru-

2258 1338 2597 1394 bescendum
2652 1339 2803 1409 cogis
2831 1352 3057 1393 uxorem
3108 1337 3429 1392 audientem
3460 1376 3476 1401 ,
3518 1344 3575 1391 et
3616 1337 3834 1406 pudore

2260 1446 2537 1501 suffundis
2578 1444 2746 1500 ﬁliam
2777 1453 3107 1515 praesentem
3139 1484 3155 1510 ,
3210 1453 3375 1514 atque
3426 1452 3554 1498 ante
3591 1444 3713 1498 illas
3752 1453 3836 1499 te-

2261 1553 2478 1624 ipsum?
2513 1553 2748 1608 Necesse
2767 1552 2913 1607 enim
2935 1560 3022 1606 est
3051 1560 3149 1606 aut
3179 1560 3382 1617 tacere,
3414 1560 3510 1604 aut
3535 1550 3641 1605 hoc
3668 1549 3836 1604 modo

2261 1658 2641 1723 dehonestari,
2674 1673 2777 1729 pro
2792 1659 2996 1729 quibus
3026 1657 3195 1714 rebus
3226 1658 3317 1712 vel
3343 1657 3676 1712 domesticos
3701 1672 3836 1710 ver-

2264 1769 2495 1824 beribus
2517 1769 2697 1838 excipi
2734 1782 2834 1839 par
2878 1774 2985 1823 est.
3026 1766 3201 1833 Quam
3240 1766 3442 1836 igitur,
3493 1778 3702 1833 quaeso,
3735 1779 3838 1818 ex-

2264 1873 2610 1928 cusationem
2635 1871 2889 1938 habebis,
2937 1870 3069 1925 dum
3100 1885 3163 1925 ea
3200 1878 3354 1925 tanto
3401 1868 3589 1923 studio
3616 1867 3838 1937 conspi-

2262 1980 2362 2045 cis,
2395 1995 2518 2050 quae
2543 1994 2614 2033 ne
2636 1993 2865 2033 narrare
2897 1976 3122 2047 quidem
3152 1975 3234 2031 fas
3267 1975 3399 2030 est?
3444 1973 3577 2041 Quae
3617 1989 3690 2028 ne
3722 1989 3841 2027 me-

2262 2100 2481 2141 morare
2516 2083 2739 2154 quidem
2769 2083 2922 2148 licet,
2943 2099 3010 2138 ea
3041 2082 3299 2137 omnibus
3325 2080 3659 2150 anteponis?
3684 2079 3841 2134 Inte-

2262 2192 2369 2246 rim
2402 2191 2573 2262 igitur
2603 2230 2618 2256 ,
2657 2204 2730 2245 ne
2768 2189 2871 2245 sim
2904 2188 3216 2253 onerosior,
3259 2187 3351 2241 hic
3376 2185 3543 2241 finem
3573 2184 3844 2255 loquendi

2260 2298 2483 2354 faciam.
2514 2296 2571 2352 Si
2600 2302 2786 2350 autem
2813 2294 3011 2350 iisdem
3043 2288 3381 2363 persistatis,
3415 2289 3665 2344 acutiore
3691 2287 3847 2343 ferro

2261 2404 2595 2478 profundius
2626 2403 2831 2458 vulnus
2850 2400 3093 2471 infligam
3123 2414 3137 2451 :
3166 2412 3348 2468 neque
3382 2394 3635 2460 cessabo,
3660 2393 3845 2449 donec

2261 2510 2530 2581 dissipato
2581 2508 2678 2565 illo
2707 2506 2983 2562 diabolico
3031 2504 3249 2558 theatro
3274 2543 3290 2569 ,
3348 2516 3551 2573 purum
3578 2498 3849 2556 Ecclesia:

2262 2626 2466 2675 emtum
2495 2615 2761 2672 effecero.
2807 2613 2888 2669 lta
2933 2611 3085 2668 enim
3124 2626 3154 2664 a
3192 2607 3451 2680 praesenti
3495 2604 3850 2677 turpitudine

2261 2724 2648 2789 liberabimur,
2681 2730 2740 2777 et
2767 2720 3011 2776 futuram
3049 2729 3457 2785 consequemur
3493 2713 3686 2775 vitam,
3711 2724 3849 2780 gra—

2264 2834 2340 2889 tia
2401 2840 2460 2888 et
2518 2826 2905 2886 misericordia
2984 2822 3203 2881 Domini
3244 2818 3420 2876 nostri
3482 2816 3611 2875 Jesu
3673 2814 3852 2870 Chri-

2264 2939 2356 3004 sti,
2396 2937 2488 2993 cui
2514 2935 2688 3010 gloria
2728 2942 2785 2990 et
2823 2930 3117 3003 imperium
3168 2928 3225 2983 in
3263 2923 3461 2982 saecula
3490 2921 3848 2979 saeculorum.

2268 3046 2467 3102 Amen.

628 4427 3861 4469 Mm

1952 4677 2297 4751 HOMILIA
2350 4675 2515 4736 Vlll.

2291 4940 2446 4987 tanta
2489 4932 2671 5001 inopia
2725 4935 2937 4985 natum.
2992 4925 3103 4998 Ipsi
3154 4924 3416 4981 Christum
3449 4931 3507 4978 ut
3556 4921 3728 4977 Deum
3772 4922 3893 4978 ha-

2290 5040 2635 5093 buerunt.—
2673 5034 2963 5103 Quomodo
3014 5048 3145 5103 ergo
3204 5031 3283 5085 ait
3336 5028 3555 5095 Lucas,
3610 5027 3759 5099 quod
3812 5027 3891 5082 in

610 4946 737 5004 Car.
767 4946 834 5001 ll.
870 4961 926 4999 v.
952 4946 1043 5001 il.
1092 4945 1164 5001 Et
1204 4946 1469 4998 intrantes
1497 4942 1736 5010 domum,
1772 4941 2016 4997 viderunt
2051 4954 2183 5009 pue-

683 5071 802 5107 rum
830 5069 949 5107 cum
969 5051 1147 5109 Maria
1181 5060 1353 5107 matre
1374 5052 1520 5121 ejus;
1544 5058 1595 5104 et
1619 5049 1946 5122 procidentes
1984 5047 2183 5100 adora-

686 5168 878 5216 verunt
928 5176 1095 5214 eum:
1151 5167 1199 5212 et
1242 5159 1441 5230 apertis
1483 5157 1746 5211 thesauris
1786 5152 2090 5209 obtuferunt
2137 5152 2187 5207 ei
2288 5143 2560 5217 pmsepio
2610 5142 2827 5215 positus
2879 5149 3027 5197 esset
3087 5138 3237 5211 (Luc.
3288 5138 3343 5192 2.
3390 5130 3527 5207 7.)?'
3558 5133 3699 5202 Quia
3762 5143 3893 5190 sta-

2293 5253 2390 5307 tim
2430 5259 2595 5320 atque
2630 5255 2926 5320 pepererat
2953 5260 3079 5301 eum
3132 5244 3205 5299 ibi
3232 5242 3541 5298 reclinavit.
3575 5239 3893 5296 Conﬂuen—

2293 5358 2445 5415 tibus
2500 5356 2650 5410 enim
2700 5354 2770 5409 ad
2837 5367 3064 5409 censum
3129 5349 3371 5415 Iudaeis,
3450 5346 3604 5402 nulla
3654 5352 3893 5415 poterat

2296 5459 2533 5533 reperiri
2591 5458 2791 5514 domus
2819 5473 2833 5512 :
2878 5454 3028 5528 quod
3046 5454 3214 5511 etiam
3240 5451 3422 5508 Lucas
3448 5448 3726 5520 signiﬁcat
3747 5464 3893 5509 cum

2299 5565 2399 5630 ait,
2443 5563 2583 5630 Quia
2620 5579 2727 5617 non
2778 5569 2896 5615 erat
2943 5560 3116 5625 locus,
3157 5555 3436 5612 reclinavit
3475 5552 3651 5608 illum.
3693 5551 3865 5621 (Ibid.

2301 5670 2498 5726 Postea
2544 5683 2679 5723 vero
2736 5665 2963 5728 sustulit
3006 5671 3063 5718 et
3118 5676 3282 5732 supra
3331 5672 3511 5731 genua
3564 5654 3873 5712 collocavit

686 5282 934 5333 munera,
976 5283 1193 5331 aurum,
1232 5265 1351 5319 thus
1385 5270 1436 5319 et
1460 5265 1737 5336 myrrham
1772 5262 1852 5335 (a)

687 5390 730 5447 Ι.
769 5378 939 5460 Magis
967 5387 1098 5460 quid
1143 5387 1333 5453 suasit,
1367 5393 1427 5440 ut
1459 5383 1726 5442 Christum
1768 5384 2082 5449 adorarent,
2130 5382 2187 5437 in

684 5568 755 5631 (a)
777 5567 1075 5635 Longioer
1109 5564 1191 5614 hic
1213 5561 1411 5635 titulum
1442 5559 1591 5611 habet
1623 5559 1794 5635 more}.
1829 5558 2189 5635 quamLS‘avili,

620 5620 858 5740 etgecte
884 5620 1108 5690 "quidem
1145 5640 1158 5675 :
1197 5638 1308 5676 nam
1348 5624 1456 5674 haec
1492 5635 1591 5674 non
1630 5620 1929 5684 repetuntur
1968 5620 2094 5671 infra
2137 5620 2189 5670 in

621 5703 677 5741 κ
761 5727 773 5739 .
