4090 6366
270 376 331 430 ει
1406 361 1480 420 IN
1508 360 1855 418 MATTIIEU

1970 360 2181 417 ςιυκιι.
2226 360 2358 416 νιιι.
3441 367 3536 424 δεῖ,

265 470 597 539 ποιήσομεν
628 470 719 523 καὶ
743 472 840 521 νῦν
870 466 969 539 μέν
998 484 1059 521 σε
1089 468 1154 540 τῇ
1180 466 1398 536 γυναικὶ
1424 468 1837 538 παραδώσομεν·
1958 475 2163 531 ἅπασιν
2186 476 2234 508 ⁸³
2270 473 2577 541 ἐξισοῦσθαι
2632 471 2837 537 αὐτοῖς,
2880 468 3053 539 λέγων
3074 486 3089 502 ·
3127 468 3383 539 Παράγει
3418 472 3529 536 τὰρ

265 558 337 613 ἂν
365 561 421 613 δὲ
450 559 654 631 ταύτης
689 560 1128 631 καταφρονήσῃς,
1168 559 1262 613 καὶ
1290 560 1370 623 είς
1395 558 1458 613 τὸ
1486 558 1595 613 τῶν
1630 558 1841 629 ἀλόγων

264 650 639 704 διδασκαλεῖον
676 649 1100 720 ἀποστελοῦμεν,
1138 648 1231 703 καὶ
1266 647 1509 719 δείξομεν
1536 647 1693 702 πόσοι
1740 650 1836 719 μὲν

264 739 506 810 ὄρνιθες.
540 741 694 794 πόσοι
719 740 779 794 δὲ
809 739 1009 810 ἰχθύες,
1040 739 1181 793 πόσα
1212 738 1269 794 δὲ
1298 738 1606 811 τετράτωδά
1628 740 1721 793 καὶ
1746 742 1835 810 ἐρ-

261 832 408 884 mea
448 831 542 885 σοῦ
578 831 877 902 σεμνότερα
908 831 1001 886 καὶ
1034 830 1447 903 σωφρονέστερα
1477 830 1744 900 φαίνεται.
1774 832 1836 885 Εἰ

260 921 320 974 δὲ
347 921 574 993 αἰσχύνῃ
596 920 693 993 τὴν
718 922 1001 992 σύγκρισιν
1026 921 1119 975 καὶ
1144 922 1419 993 ἐρυθριᾷς,
1446 921 1674 993 ἀνάϐηθι
1700 922 1836 994 πρὸς

262 1012 366 1082 τὴν
396 1013 604 1066 οἰκείαν
648 1012 945 1082 εὐγένειαν,
982 1013 1073 1066 καὶ
1118 1013 1180 1065 τὸ
1223 1013 1321 1082 τῆς
1346 1014 1570 1085 γεέννης
1599 1013 1834 1082 πέλαγος

258 1104 360 1156 καὶ
391 1103 486 1156 τὸν
515 1102 609 1156 τοῦ
640 1105 807 1176 πυρὸς
840 1108 1093 1177 ποταμὸν
1123 1107 1167 1140 ⁸⁸
1202 1108 1362 1177 φύγε,
1390 1110 1489 1161 τὴν
1522 1108 1581 1160 ἐν
1609 1105 1685 1176 τῷ
1710 1105 1834 1159 θεά-

255 1205 374 1260 τρῳ
397 1189 800 1262 κολυμϐήθραν.
842 1190 989 1261 Αὕτη
1021 1191 1133 1262 γὰρ
1168 1194 1201 1262 ἡ
1255 1189 1836 1262 κολυμϐήθμιέκεῖνο

256 1282 321 1334 τὺ
354 1281 590 1351 πέλαγος
638 1283 912 1353 προξενεῖ,
942 1282 1037 1336 καὶ
1078 1284 1178 1354 τὴν
1220 1282 1455 1338 ἄϐυσσον
1494 1280 1711 1352 ἐκείνην
1741 1281 1837 1334 ἀν-

259 1373 426 1427 άπτει
453 1374 555 1445 τῆς
596 1374 812 1443 φλογός.

333 1463 398 1528 ζ’.
427 1465 496 1518 El
522 1464 629 1537 γάρ
662 1465 725 1519 '0
755 1465 1065 1536 ἐμϐλέπων
1092 1464 1344 1535 γυναῖκα
1365 1465 1412 1496 ⁸⁸
1438 1464 1587 1533 ,πρὸς
1612 1461 1681 1516 τὸ
1710 1462 1838 1515 ἐπι-

265 1554 552 1623 θυμῆσαι,
600 1556 716 1625 ἤδη
772 1557 1156 1625 ἐμοίχευσεν-ο
1197 1558 1226 1609 6
1294 1557 1388 1610 καὶ
1428 1554 1639 1626 γυμνὴν
1686 1552 1836 1625 [11η]

262 1645 707 1718 ἀναγκαζόμενος
742 1648 890 1710 ἰδεῖν,
937 1647 1054 1710 πῶς
1093 1648 1154 1699 ού
1196 1647 1453 1718 μυριάκις
1497 1645 1857 1715 αἰχμάλωτος.

263 1736 509 1805 γίνεται;
550 1739 660 1808 Οὒχ
688 1738 859 1801 οὕτως
897 1740 925 1791 ό
959 1740 1051 1791 ἐπὶ
1080 1737 1173 1792 τοῦ
1216 1738 1340 1791 Νῶε
1366 1736 1750 1808 κατακλυσμὸς
1780 1736 1841 1788 τὸ

262 1828 372 1882 τῶν
403 1829 709 1900 ἀνθρώπων
739 1829 989 1884 ἀπώλεσε
1016 1830 1193 1899 γένος,
1230 1830 1305 1894 ώς
1331 1824 1491 1884 αὗται
1521 1831 1577 1882 αι
1612 1828 1843 1900 νηχόμε-

262 1939 352 1977 ναι
400 1922 649 1986 ἃπαντας
696 1923 814 1976 ἐκεῖ
872 1921 1011 1992 μετά
1081 1922 1278 1991 πολλῆς
1330 1922 1690 1990 ἀποπνίγουσι
1743 1919 1845 1989 τῆς

261 2013 548 2084 αἰσχύνης.
595 2013 832 2079 Ἐκεῖνος
866 2014 965 2086 μὲν
993 2014 1101 2085 γάρ
1128 2015 1156 2067 ό
1186 2013 1359 2077 ὑετὸς,
1399 2015 1449 2066 εί
1495 2014 1589 2067 καὶ
1615 2012 1843 2066 θάνατον

262 2106 564 2176 εἰργάσατο
607 2106 875 2177 σώματος,
933 2106 1066 2160 ἀλλά
1110 2107 1210 2177 τὴν
1257 2107 1354 2177 τῆς
1410 2105 1589 2176 ψυχῆς
1644 2105 1843 2159 κακίαν

263 2196 550 2266 ἀνέκυψεν·
579 2189 732 2259 οὗτος
773 2197 829 2251 δέ
877 2197 1181 2252 τούναντίον
1214 2198 1374 2258 ποιεῖ,
1432 2196 1541 2249 τῶν
1580 2198 1845 2267 σωμάτων

267 2288 562 2357 μενόντων,
592 2289 691 2359 τὴν
718 2288 895 2360 ψυχὴν
939 2288 1250 2342 ἀπόλλυσιν.
1293 2287 1481 2358 Ὑμεῖς
1505 2287 1562 2340 δὲ
1590 2287 1716 2340 ὅταν
1747 2287 1846 2358 μὲν

264 2378 564 2449 προεδρίας
650 2380 827 2448 λόγος,
858 2379 1070 2446 ἀξιοῦτε
1101 2378 1199 2448 τῆς
1223 2378 1546 2448 οἰκουμένης
1570 2379 1846 2450 προκαθῆ-

268 2468 393 2520 σθαι
422 2467 627 2537 πάσης,
676 2468 861 2539 ἐπειδὴ
907 2469 1100 2539 πρώτη
1153 2470 1187 2540 ὴ
1222 2468 1377 2531 πόλις
1430 2468 1586 2539 ἡμῶν
1629 2468 1693 2521 τὸ
1735 2468 1844 2523 τῶν

266 2559 615 2631 Χριστιανῶν
642 2559 937 2629 ἀνεδήσατο
980 2558 1153 2629 δνομα
1173 2577 1188 2590 ο
1227 2561 1286 2613 ἐν
1313 2559 1371 2612 δέ
1395 2558 1473 2629 τῷ
1502 2558 1601 2629 τῆς
1637 2575 1846 2631 σωφρο-

267 2653 436 2722 σύνης
488 2650 679 2721 ἀγῶνι,
709 2652 804 2705 καὶ
834 2652 942 2704 τῶν
967 2650 1365 2721 ἀγροικοτέρων
1399 2650 1605 2704 πόλεων
1628 2650 1847 2705 ἔλαττον

269 2744 532 2814 φέροντες
559 2743 661 2797 οὐκ
694 2742 1043 2813 αἰσχύνεσθε;
1096 2742 1224 2807 Ναὶ,
1260 2740 1429 2812 φησί’
1460 2742 1554 2795 καὶ
1577 2741 1631 2794 τί
1671 2742 1716 2774 ⁸³
1758 2758 1849 2794 κε-

269 2834 447 2898 λεύεις
492 2837 697 2899 ποιεῖν;
725 2835 808 2888 Τά
849 2834 953 2906 ὅρη
1002 2833 1437 2904 καταλαμϐάνειν
1466 2832 1559 2886 καὶ
1586 2832 1849 2903 μοναχούς

271 2926 551 2997 γίπσθαις
592 2926 692 2980 Διά
730 2926 838 2999 γάρ
863 2927 1020 2981 τοῦτο
1059 2926 1250 2992 στένω,
1276 2926 1358 2979 ὅτι
1407 2925 1586 2996 μόνοις
1621 2923 1849 2987 ἐκείνοις

269 3018 497 3089 ἡγεῖσθε
535 3018 798 3090 ἁρμόζειν
837 3019 1173 3090 κοσμιότητα
1204 3018 1297 3071 καὶ
1322 3016 1696 3090 σωφροσύνην·
1729 3015 1851 3070 καί·

273 3127 419 3179 τοιγε
452 3113 482 3164 ὁ
514 3110 747 3181 Χριστὸς
785 3111 995 3174 κοινοὺς
1020 3112 1145 3173 τοὺς
1174 3109 1372 3179 νόμους
1400 3110 1585 3181 ἔθηκε.
1610 3108 1719 3161 Καὶ
1741 3107 1851 3179 γάρ

274 3206 401 3259 ὅταν
433 3204 592 3275 λέγῃ,
619 3203 753 3257 Ἐάν
779 3221 869 3270 τις
893 3203 1161 3274 ἐμϐλέψῃ
1200 3203 1435 3275 γυναικί
1466 3202 1617 3271 πρὸς
1640 3200 1707 3255 τὸ
1729 3201 1854 3255 ἐπι-

277 3295 567 3365 θυμῆσαι,
607 3296 665 3349 οὐ
692 3295 772 3367 τῷ
819 3296 1101 3367 μονάζοντι
1146 3297 1316 3365 λέγει,
1349 3294 1486 3349 ἀλλά
1526 3294 1620 3347 καὶ
1647 3290 1725 3363 τῷ
1755 3308 1854 3360 γυ-

278 3389 439 3440 ναῖκα
465 3385 676 3455 ἐχοντι’
727 3384 821 3438 καὶ
857 3384 965 3457 γὰρ
1004 3386 1065 3438 τὸ
1096 3385 1220 3457 ὅρος
1260 3386 1436 3438 ἐκεῖνο
1474 3384 1596 3437 τότε
1637 3383 1854 3436 πάντων

278 3474 386 3526 τών
434 3473 691 3528 τοιούτων
739 3474 1169 3546 πεπληρωμένον
1218 3469 1308 3546 ἦν·
1356 3473 1634 3542 Ἐννόησον
1675 3470 1856 3525 τοίνυν

278 3564 455 3617 ἐκεῖνο
481 3564 544 3617 τὸ
575 3563 821 3635 θέατρον,
862 3566 955 3618 καὶ
981 3565 1209 3637 μίσησον
1236 3564 1393 3619 τοῦτο
1427 3564 1489 3617 τὸ
1530 3561 1854 3626 διαϐολικὸν,

280 3656 375 3708 καὶ
404 3654 484 3727 μὴ
526 3654 813 3727 καταγνῷς
858 3655 951 3709 τοῦ
1003 3657 1162 3726 λόγου
1210 3656 1509 3730 βαρύτητα.
1562 3653 1697 3708 Ούδέ
1746 3652 1857 3730 γὰρ

279 3750 476 3803 κωλύω
503 3750 723 3819 γαμεῖν,
760 3744 879 3799 οὐδὲ
914 3740 1187 3814 ἐμποδίζω
1209 3729 1524 3806 τέρπεσθαιο
1550 3733 1685 3787 ἀλλά
1714 3729 1851 3802 μετά

278 3840 635 3913 σωφροσύνης
654 3838 811 3892 τοῦτο
844 3834 1100 3907 βούλομαι
1118 3828 1383 3901 γίνεσθαι.
1413 3827 1473 3880 οὐ
1506 3824 1640 3898 μετά
1665 3821 1854 3894 αίσχύ-

278 3951 374 4005 νης
400 3933 501 3988 καὶ
525 3930 861 4001 κατηγορίας
893 3928 988 3981 καὶ
1013 3924 1220 3997 μυρίων
1252 3918 1632 3992 ἐγκλημάτων.
1658 3915 1732 3969 Ού
1766 3930 1854 3967 νο-

285 4023 500 4096 μοθετῶ
520 4023 590 4077 τὰ
616 4023 717 4094 ὅρη
747 4012 1183 4089 καταλαμϐάνειν
1207 4016 1300 4070 καὶ
1324 4014 1423 4077 τὰς
1445 4010 1698 4084 ἐρημίας,
1719 4008 1872 4063 ἀλλάι

280 4116 517 4188 χρηστὸν
560 4111 702 4170 εἶναι
734 4116 829 4168 καί⁵
875 4111 1092 4182 ἐπιεικῆ
1136 4109 1229 4163 καὶ
1268 4106 1540 4178 σώφρονα,
1579 4103 1749 4174 μέσην
1774 4101 1853 4154 ol-

281 4208 483 4281 κοῦντα
510 4206 609 4276 τὴν
637 4206 810 4260 πόλιν.
856 4204 967 4257 Καὶ
1001 4202 1109 4274 γάρ
1149 4199 1327 4253 πάντα
1353 4199 1486 4269 ἡμῖν
1518 4195 1587 4248 τά
1628 4192 1736 4245 τῶν
1764 4191 1854 4245 νό-

285 4317 402 4372 μων
431 4299 589 4354 κοινά
625 4299 762 4371 πρὸς
789 4297 916 4361 τοὺς
965 4293 1229 4367 μοναχούς
1270 4293 1410 4355 ἐστι,
1456 4288 1593 4358 πλὴν
1614 4286 1708 4341 τοῦ
1753 4285 1856 4354 γά-

291 4411 415 4461 μουο
450 4393 664 4461 μᾶλλον,
690 4390 748 4445 δὲ
800 4388 898 4445 καὶ
934 4388 993 4441 ἐν
1030 4384 1204 4455 τούτῳ
1252 4381 1459 4437 κελεύει
1494 4380 1523 4433 6
1568 4376 1778 4440 Παῦλος
1799 4378 1856 4430 ἐν

367 4533 413 4564 δ’
437 4526 713 4652 ποταμδνὲ
732 4526 861 4583 add.
893 4526 1076 4581 λαϐὼν
1110 4526 1252 4581 κατὰ
1271 4524 1398 4580 νοῦν
1428 4527 1492 4578 Α.
1522 4522 1582 4578 Β.
1610 4521 1675 4578 C.
1707 4522 1820 4578 vid.
1845 4520 2033 4602 adnot.‘

367 4619 503 4652 :aaw
530 4616 640 4652 om.
720 4637 732 4649 .
761 4600 839 4652 ὡς
862 4599 919 4651 ἐν
945 4596 1151 4652 ἅπασιν
1173 4598 1239 4651 A.
1279 4596 1337 4648 Β.
1410 4597 1457 4626 ⁸³
1485 4594 1649 4652 φησὶν
1678 4609 1789 4647 om.
1818 4592 1883 4647 A.
1914 4593 1975 4646 Β.
2009 4599 2033 4646 ξ

1485 4594 1649 4663 φησὶν
1678 4592 1855 4663 omaA

1970 4594 2135 4663 Ἀ5311.
2166 4589 2288 4645 Μοι
2327 4591 2389 4663 ού
2430 4589 3005 4663 καταναγκάζωξΕιιό.
3080 4589 3128 4663 ’ξ
3157 4590 3332 4663 ἐμϐάλ

296 4603 503 4655 ἅπασιν
530 4596 640 4655 01h.
671 4596 732 4652 Ε.
761 4600 839 4660 ὡς
862 4599 919 4651 ἐν
945 4596 1151 4652 ἅπασιν
1173 4598 1239 4651 A.
1279 4596 1337 4648 Β.
1410 4597 1457 4626 ⁸³

300 4673 347 4705 u
377 4669 561 4743 τιμὴν]
588 4668 803 4743 εὔνοιαν
832 4683 1043 4743 ginnas:
1075 4666 1416 4743 Vid.__adn9_l.
1490 4664 1535 4695 "
1563 4664 1595 4735 ἢ

1957 564 2026 621 τὸ
2059 563 2269 634 σχῆμα
2297 562 2404 619 τοῦ
2432 563 2663 631 κόσμου
2691 561 2927 624 τούτου,
2952 560 3054 613 ἵνα
3079 558 3177 611 καί
3208 561 3260 611 οι
3288 557 3530 626 ἔχοντες

1960 656 2247 730 γυναῖκας
2281 656 2363 721 ὡς
2401 653 2488 725 μὴ
2528 654 2774 723 ἔχοντες
2812 646 2983 707 ὦσιν.
3019 650 3203 716 Ὥστε,
3252 650 3415 720 φησὶν
3460 648 3527 707 ⁵³.

1958 754 2020 806 ού
2048 751 2253 805 κελεύω
2282 748 2381 812 τάς
2419 746 2662 818 κορυφάς
2699 763 2806 799 των
2835 744 3005 817 ὀρέων
3049 742 3201 815 [117]
3250 741 3531 810 καταλαμι

1962 842 2165 897 ϐάνεινο
2200 837 2499 907 ἐϐουλόμην
2525 836 2621 907 μὲν
2640 834 2770 906 γάρ,
2795 834 2882 887 διὰ
2919 834 2982 887 τὸ
3011 832 3109 896 τάς
3139 830 3320 894 πόλεις
3349 831 3531 900 μιμεῖ-

1963 933 2086 987 σθαι
2110 933 2177 986 τά
2203 932 2263 983 ἐν
2303 929 2554 999 Σοδόμοις
2593 927 2873 997 γινόμενα·
2908 926 3050 996 πλὴν
3090 925 3189 978 οὐκ
3239 922 3531 990 ἀναγκάζω

1956 1022 2134 1077 τοῦτο.
2184 1021 2327 1076 Μένε
2378 1018 2555 1072 οὶκίαν
2595 1018 2733 1088 ἔχων
2780 1016 2874 1070 καὶ
2908 1015 3094 1070 παιδία
3141 1015 3234 1068 καὶ
3263 1014 3551 1082 γυναῖκαν

1957 1115 2093 1171 ἀλλά
2124 1116 2198 1186 μὴ
2229 1113 2418 1186 ὕϐριζε
2452 1112 2550 1183 τὴν
2584 1112 2837 1181 γυναῖκα,
2892 1108 3028 1180 μηδέ
3067 1105 3529 1182 παραδειγμάτιζε

1956 1208 2028 1263 τά
2051 1207 2259 1274 παιδία,
2287 1205 2423 1277 μηδὲ
2455 1205 2644 1274 εἴσαγε
2687 1205 2767 1267 είς
2804 1203 2906 1274 τὴν
2947 1201 3125 1257 οἰκίαν
3150 1201 3249 1272 τὴν
3278 1200 3385 1253 ἀπὸ
3422 1196 3551 1252 τῶν-

1958 1301 2201 1371 θεάτρων
2242 1297 2441 1369 λύμην.
2480 1298 2595 1350 οὐκ
2635 1294 2853 1357 ἀκούεις
2899 1291 3114 1347 Παύλου
3150 1290 3435 1361 λέγοντος;
3478 1288 3551 1341 Ὀ-

1955 1390 2116 1460 άνὴρ
2147 1392 2261 1445 οὐκ
2293 1386 2627 1454 ἐξουσιάζει
2661 1384 2768 1439 τοῦ
2796 1385 2951 1439 ἰδίου
2995 1383 3287 1453 σώματος,
3320 1381 3456 1436 ἀλλ’
3488 1380 3543 1447 ’ἡΔ

1957 1482 2133 1555 γυνή’
2175 1481 2269 1537 καὶ
2291 1481 2502 1543 κοινοὺς
2529 1476 2859 1549 ἀμφοτέροις
2899 1475 3136 1538 τιθέντος
3182 1473 3411 1543 νόμους;
3459 1472 3530 1523 Σὺ

1958 1576 2035 1642 δέ,
2065 1575 2132 1629 ἂν
2160 1573 2259 1645 μὲν
2279 1575 2359 1637 είς
2386 1570 2681 1641 ἐκκλησίαν
2708 1567 2946 1638 συνεχῶς
2967 1566 3213 1639 ἐμϐάλλῃ
3244 1566 3343 1636 ἐή
3371 1562 3528 1633 γυνὴ,

1959 1664 2129 1737 βαρὺς
2162 1664 2465 1734 κατήγορος
2493 1660 2648 1731 γίνῃο
2685 1658 2845 1721 αὐτὸς
2887 1657 2945 1711 δὲ
2983 1657 3063 1719 εἰς
3100 1656 3303 1727 θέατρα
3346 1656 3531 1724 διημε-

1962 1759 2159 1831 ρεύων,
2190 1756 2289 1827 οὐχ
2337 1756 2444 1825 ἡγῇ
2477 1752 2809 1823 κατηγορίας
2844 1748 2992 1814 ἀξιος
3038 1743 3205 1802 εἶναι·
3240 1744 3374 1801 ἀλλά
3404 1746 3544 1817 περὶτ

1964 1848 2064 1921 μὲν
2090 1847 2189 1918 τὴν
2212 1846 2313 1916 τῆς
2344 1843 2600 1914 γυναικὸς
2633 1842 2983 1914 σωφροσύνην
3004 1839 3176 1903 οὕτως
3205 1834 3257 1891 εἴ
3278 1836 3531 1909 ἀκριϐὴς,

1959 1944 2038 2007 ὡς
2088 1940 2185 1995 καὶ
2221 1938 2473 2011 περιττὸς
2528 1934 2665 1991 εἶναι
2698 1936 2794 1993 καὶ
2838 1936 3094 2007 ἄμετρος,
3124 1934 3218 1988 καὶ
3260 1932 3392 2004 μηδὲ
3432 1930 3532 1994 τάς

1960 2029 2264 2100 ἀναγκαίας
2323 2028 2535 2095 ἐξόδους
2588 2027 2916 2096 συγχωρεῖν·
2968 2021 3150 2093 σαυτῷ
3194 2021 3252 2075 δέ
3291 2020 3532 2092 νομίζεις

1962 2125 2142 2179 πάντα
2190 2121 2410 2186 ἐξεῖναι.
2456 2117 2593 2172 Ἀλλ’
2642 2116 2744 2169 οὐκ
2788 2114 3071 2186 ἐπιτρέπει
3111 2130 3195 2167 σοι
3238 2110 3468 2174 Παῦλος,
3502 2111 3532 2163 ό

1964 2219 2060 2274 καὶ
2089 2219 2155 2289 τῇ
2198 2213 2420 2285 γυναικὶ
2452 2211 2549 2281 τὴν
2587 2208 2750 2280 ιύτὴν
2775 2206 3021 2272 ἐξουσίαν
3050 2205 3244 2269 διδοὺς,
3277 2204 3372 2257 καὶ
3402 2202 3529 2273 γάρ’

1975 2300 2052 2369 Τῇ
2081 2303 2336 2369 γυναικὶ,
2377 2305 2560 2373 φησὶν,
2602 2305 2635 2356 ό
2674 2302 2829 2370 ἀνὴρ
2870 2300 2984 2369 τὴν
3032 2291 3427 2371 ὀφειλομένην
3453 2319 3537 2355 τι-

1968 2389 2089 2459 μὴν
2124 2391 2170 2423 "
2200 2391 2550 2445 ἀποδιδότω.
2588 2390 2725 2445 Ποία
2763 2387 2855 2445 οὖν
2894 2389 3036 2462 αῦτη
3071 2393 3104 2462 ἠ
3133 2390 3286 2463 τιμὴ,
3313 2392 3440 2445 ὅταν
3479 2394 3537 2445 ἐν

1967 2485 2080 2545 τοῖς
2104 2482 2335 2553 καιρίοις
2362 2483 2532 2555 αὐτὴν
2554 2483 2803 2556 ὑϐρίζῃς,
2832 2484 2926 2537 καὶ
2951 2483 3013 2536 τὸ
3046 2483 3204 2552 σῶμα
3229 2483 3397 2552 αὐτῆς
3417 2486 3540 2548 ταῖς

1969 2572 2196 2642 πόρναις
2230 2572 2510 2645 παρέχῃς;
2538 2573 2600 2625 τὸ
2645 2574 2753 2646 γάρ
2785 2572 2877 2627 σὸν
2907 2573 3121 2643 ἐκείνης
3160 2572 3322 2644 σῶμά
3350 2576 3497 2626 ἐστιν
3520 2591 3535 2605 ·

1971 2662 2104 2716 ὅταν
2126 2661 2387 2732 θορύϐους
2436 2665 2530 2717 καὶ
2556 2664 2830 2735 πολέμους
2871 2664 3097 2735 εἰσάγῃς
3124 2666 3203 2727 είς
3221 2664 3319 2735 τὴν
3339 2665 3539 2728 οίκίαν;

1969 2752 2095 2806 ὅταν
2123 2752 2348 2808 τοιαῦτα
2376 2756 2538 2825 ποιῇς
2569 2756 2627 2807 ἐν
2656 2755 2849 2824 ἀγορᾷ,
2876 2753 2913 2806 ἀ
2935 2753 3285 2823 διηγούμενος
3311 2754 3369 2806 ἐν
3393 2754 3541 2825 οἰκία

1969 2840 2351 2912 καταισχύνεις
2384 2842 2482 2912 μὲν
2506 2842 2606 2913 τὴν
2632 2841 2934 2896 ἀκούουσαν
2964 2844 3217 2911 γυναῖκα,
3268 2842 3541 2913 αίσχύνεις

1969 2932 2024 2984 δὲ
2048 2933 2146 3004 τὴν
2169 2931 2450 3003 παροῦσαν
2475 2932 2771 3003 θυγατέρα,
2805 2934 2900 2986 καὶ
2925 2932 3031 3003 πρό
3058 2950 3122 3002 γε
3149 2932 3371 2986 ἐκείνων
3412 2950 3543 2986 σαυ-

1968 3025 2089 3090 τόνς
2128 3024 2365 3096 Ἀνάγκη
2411 3025 2517 3097 γὰρ
2554 3026 2588 3097 ἢ
2632 3028 2791 3097 σιγᾷν
2831 3027 2899 3091 ⁸⁸,
2946 3028 2981 3097 ἢ
3030 3025 3253 3079 τοιαῦτα
3295 3027 3540 3097 ἀσχημο-

1970 3118 2101 3182 νεῖν,
2127 3118 2211 3185 ἐφ’
2237 3112 2319 3180 οἷς
2344 3118 2439 3170 καὶ
2468 3117 2595 3181 τοὺς
2619 3118 2834 3181 οίκέτας
2861 3118 2906 3149 ⁸⁷
2932 3116 3284 3188 μαστίζεσθαι
3311 3116 3537 3169 δίκαιον.

1970 3210 2104 3263 Τίνα
2151 3206 2246 3264 οὖν
2289 3209 2433 3275 ἕξεις
2464 3211 2777 3281 ἀπολογίαν,
2827 3213 2947 3265 είπέ
2981 3228 3093 3282 μοι,
3135 3211 3173 3265 ἀ
3207 3211 3340 3282 μηδέ
3368 3213 3543 3265 εἰπεῖν

1971 3299 2154 3363 καλὸν,
2188 3299 2357 3353 ταῦτα
2392 3300 2602 3371 βλέπων
2649 3300 2788 3371 μετὰ
2830 3300 3029 3371 πολλῆς
3069 3300 3169 3367 τῆς
3207 3300 3473 3370 σπουδῆς;
3505 3298 3557 3353 ἀ.

1982 3390 2117 3458 μηδὲ
2170 3388 2531 3459 διηγήσασθαι
2579 3390 2826 3456 ἀνεκτὸν,
2869 3391 3077 3446 ταῦτα*
3092 3395 3309 3449 πάντων
3364 3415 3547 3470 προτι-

1979 3478 2091 3535 θείς
2119 3477 2198 3545 ³⁶;
2226 3479 2375 3543 Τέως
2402 3481 2503 3551 μὲν
2521 3475 2635 3546 οῦν,
2663 3481 2803 3536 ὥστε
2836 3484 2911 3555 μὴ
2937 3484 3187 3553 γενέσθαι
3216 3488 3546 3559 φορτικώτε·

1980 3586 2093 3641 ρος,
2123 3571 2353 3625 ἐνταῦθα
2368 3572 2658 3628 καταλύσω
2681 3573 2773 3628 τὸν
2792 3574 2967 3642 λόγον.
3004 3574 3128 3629 Ἐὰν
3145 3576 3201 3631 δέ
3228 3581 3339 3642 τοῖς
3362 3581 3561 3645 αὐτοῖς

1978 3661 2317 3731 ἐπιμείνητε,
2344 3662 2594 3734 ὀξύτερον
2616 3663 2679 3717 τὸ
2706 3664 2946 3736 σιδήριον
2969 3668 3219 3738 ποιήσας,
3244 3668 3553 3740 βαθυτέραν

1980 3752 2136 3807 δώσω
2163 3753 2262 3825 τὴν
2290 3756 2495 3827 τομήνο
2538 3757 2633 3810 καὶ
2659 3758 2722 3810 οὐ
2755 3759 3053 3829 παύσομαι,
3089 3760 3193 3824 ἕως
3225 3761 3290 3815 ἂν
3329 3762 3562 3816 διασκει

1978 3844 2145 3908 δάσας
2176 3846 2269 3899 τοῦ
2294 3846 2540 3900 διαϐόλου
2582 3847 2730 3921 [HS]
2764 3850 2825 3903 τὸ
2855 3849 3100 3922 θέατρον,
3128 3852 3363 3924 καθαρὸν
3389 3856 3545 3926 ποιή-

1982 3954 2061 3991 σω
2092 3938 2191 4006 τῆς
2224 3939 2547 4010 Ἑκκλησίας
2576 3940 2667 3994 τὸν
2696 3941 2969 4012 σύλλογον.
3001 3943 3161 3998 Οὕτω
3181 3944 3290 4016 γάρ
3322 3946 3415 3999 καὶ
3444 3950 3545 4018 τῆς

1978 4030 2258 4103 παρούσης
2294 4032 2555 4104 αἰσχύνης
2592 4034 3111 4107 ἀπαλλαγησόμεθα,
3158 4039 3253 4092 καὶ
3288 4040 3385 4111 τὴν
3416 4040 3544 4111 μέλ-

1976 4121 2174 4175 λουσαν
2199 4124 2599 4197 καρπωσόμεθα
2633 4126 2800 4199 ζωὴν,
2841 4129 3023 4200 χάριτι
3051 4132 3143 4184 καὶ
3167 4132 3542 4204 φιλανθρωπίᾳ

1976 4212 2069 4267 τοῦ
2120 4213 2319 4286 Κυρίου
2363 4218 2522 4288 ἡμῶν
2553 4219 2726 4290 Ἰησοῦ
2765 4216 3088 4292 Χριστοῦ,ᾧ
3121 4225 3153 4292 ή
3200 4224 3325 4291 δόξα
3363 4225 3458 4279 καὶ
3483 4220 3579 4280 τὸη’

1977 4303 2179 4377 κράτος
2198 4347 2214 4372 ,
2248 4308 2327 4372 είς
2359 4308 2485 4372 τοὺς
2514 4308 2713 4374 αἰῶνας
2739 4310 2848 4364 τῶν
2871 4311 3101 4368 αἰώνων.
3143 4314 3335 4386 ’Δμήν.

2134 4522 2182 4553 ⁵ο
2213 4520 2433 4590 γυναικὶ
2463 4519 2524 4575 Β.
2598 4519 2644 4553 ⁸¹
2675 4518 2770 4573 καὶ
2795 4515 2879 4591 τί]
2902 4518 3030 4573 add.
3062 4514 3156 4572 οῦν
3188 4517 3325 4572 Edd.
3401 4519 3448 4550 "
3482 4520 3555 4572 ἐν.

2134 4634 2135 4642 η
2166 4590 2288 4642 Mox
2327 4591 2389 4642 ού
2430 4590 2835 4642 καταναγκάζω
2869 4589 3005 4642 Edd.
3080 4589 3128 4622 “
3157 4590 3369 4642 ἐμϐάλῃ
3405 4588 3542 4642 ΕιΙιΙ.

1629 4662 1811 4735 σιγᾷν]
1846 4662 1855 4713 ε

1978 4661 2037 4716 D.
2072 4660 2133 4735 Ε.
2175 4660 2497 4735 Μηκῆλοιη
2529 4660 2773 4735 caggeri._
2806 4661 2850 4692 ⁸⁷
2876 4658 3116 4735 οἰκέτας]
3150 4659 3276 4735 add.
3310 4658 3551 4728 φθεγγο-

301 4729 619 4813 μένοῦςλᾮ.
649 4739 711 4793 Ε.
745 4738 807 4793 F.
838 4737 963 4793 Sav.
1010 4737 1319 4813 favgntibus
1342 4735 1532 4791 Verss.
1584 4729 1655 4767 ’⁵⁸
1686 4729 1853 4803 δίιιέςιι

1970 4747 2029 4787 :m
2071 4729 2565 4802 lectionem'jaclal
2588 4731 2648 4785 Β.
2674 4730 2848 4783 ταῦτα
2867 4729 2959 4784 ὑπ’
2998 4729 3121 4799 ὄψιν
3150 4731 3368 4783 πάντων
3409 4745 3556 4799 προ-

297 4806 487 4875 τιθείς.
522 4810 809 4881 Vulgalam
843 4815 1065 4864 tuentur
1094 4806 1333 4877 lnterpp.

3400 4954 3529 4975 5-—

1751 5064 1998 5122 OMIAIA
2032 5062 2113 5119 H'.

313 5218 421 5275 Καὶ
448 5214 821 5277 εἰσελθόντες
847 5210 893 5242 ⁸⁸
922 5211 1008 5275 είς
1053 5208 1166 5274 τὴν
1195 5206 1406 5270 οὶκίαν,
1448 5201 1610 5277 εἶδον
1647 5203 1730 5277 τὸΔ
1750 5218 1883 5256 παι-

385 5290 517 5341 δίον
545 5285 695 5355 μετὰ
729 5274 955 5355 nam
987 5274 1099 5345 τῆς
1128 5292 1355 5355 μητρός
1391 5275 1595 5355 αὐτοῦ’
1638 5274 1736 5355 καὶ
1778 5287 1881 5325 πε-

386 5345 601 5422 σόντὲς
650 5345 1343 5422 προσεκύνησᾳνήαὺτῷς
1389 5346 1488 5398 καὶ
1534 5345 1884 5422 ἀνοίξοντες

388 5428 527 5493 τοὺς
565 5412 905 5493 ὀησᾶυροὺς
931 5412 1129 5493 αὐτῶν
1151 5414 1573 5493 προσῄνετξιαν
1592 5413 1750 5478 αὐτῷ
1776 5412 1885 5465 δῶ-

382 5514 484 5566 ρα,
505 5485 772 5567 ’χρύσὸὴ
798 5485 898 5545 καὶ
918 5485 1200 5555 λίϐανον,
1226 5485 1324 5540 καί
1355 5486 1630 5554 σμύρναν

387 5605 455 5660 α’.
474 5602 597 5665 Πῶς
614 5594 707 5655 οὖν
733 5611 896 5667 φησιν
913 5595 941 5645 6
962 5589 1195 5653 Λουκᾶς,
1212 5588 1292 5641 ὅτι
1319 5585 1410 5640 ἐπὶ
1436 5585 1536 5654 τῆς
1557 5583 1761 5653 φάτνης
1775 5584 1887 5634 κεί-

1983 5218 2084 5273 ούκ
2107 5216 2177 5288 ἦν
2198 5214 2374 5269 οἰκίαιν
2402 5208 2601 5282 εύρετν·
2625 5214 2762 5279 ὅπερ
2807 5208 2901 5261 οὖν
2942 5222 3037 5259 και
3066 5209 3095 5259 ό
3114 5208 3339 5266 Λουκᾶς
3360 5216 3553 5272 επιση-

1992 5310 2240 5381 μαίνεται
2263 5307 2459 5377 λέγων,
2484 5306 2573 5359 ὅτι
2601 5302 2698 5357 διὰ
2721 5300 2789 5354 τὸ
2807 5299 2893 5371 μὴ
2926 5295 3076 5353 εἶναι
3100 5299 3307 5359 τόπον,
3327 5293 3561 5349 drivel;-

1987 5419 2095 5456 κεν
2126 5401 2330 5455 αὐτόν.
2361 5396 2509 5452 Μετὰ
2545 5397 2603 5450 δέ
2637 5394 2809 5448 ταῦτα
2840 5391 3080 5446 ἀνείλετο
3097 5391 3163 5453 ⁸ο,
3195 5388 3288 5442 καὶ
3331 5386 3423 5439 ἐπὶ
3447 5386 3566 5439 τῶν-

1989 5490 2230 5563 γονάτων
2274 5485 2437 5559 εἷχεν.
2480 5486 2647 5555 Ὀμοῦ
2691 5500 2750 5537 τε
2793 5482 2900 5553 γὰρ
2941 5480 3112 5551 ἐπέϐη
3150 5478 3253 5547 τῆς
3288 5474 3558 5547 Βηθλεέμ,

1992 5584 2087 5639 καὶ
2133 5585 2233 5646 τὰς
2280 5581 2471 5644 ὠδῖνας
2512 5578 2718 5632 ἐλυσεψ
2775 5576 2863 5628 ἵνα
2922 5572 3097 5645 μάθῃς
3132 5567 3424 5624 κάντεῦθεν
3458 5566 3559 5638 τὴν

321 5657 481 5765 μεῷν
506 5657 613 5762 ἧνξ
646 5657 768 5740 Ὅεὶ
794 5657 1027 5735 τεκοῦσα
1062 5676 1159 5748 μὲν
1190 5674 1394 5737 εύθέως
1421 5670 1552 5726 αὐτὸ
1577 5668 1889 5724 κατέκλινεν
1997 5677 2304 5747 οἰκονομίαν
2330 5673 2529 5731 πᾶσαν,
2554 5666 2591 5721 ἃ
2619 5665 2712 5718 καὶ
2729 5663 2808 5717 ὅτι
2829 5661 2927 5731 οὺχ
2949 5658 3134 5721 ἁπλῶς
3158 5657 3279 5710 οὐδὲ
3305 5657 3379 5717 ὡς
3399 5657 3556 5725 ἐτυχε

319 5760 453 5841 ἐκεῖ·
487 5760 583 5837 ἆτε
616 5778 725 5849 γὰρ
745 5771 956 5830 πολλῶν
992 5768 1278 5822 συνιόντων
1303 5764 1392 5819 διὰ
1414 5764 1513 5835 τὴν
1540 5760 1885 5835 ἀπογραφὴν,

404 5953 444 5985 ⁵¹
476 5945 806 6007 εἰσελθόντες
832 5937 937 6013 εἰς]
959 5933 1202 5997 ἐλθόντες
1231 5928 1323 5988 ἐπὶ
1350 5927 1417 5986 Α.
1443 5926 1505 5986 C.
1531 5924 1775 5990 ἐλθόντες
1804 5920 1882 5985 εἰς
1902 5918 1961 5976 Β.

1998 5770 2171 5826 ταῦτα
2199 5765 2426 5835 ἐγίνετο,
2459 5758 2594 5815 ἀλλά
2638 5755 2778 5811 κατὰ
2821 5751 3072 5826 πρόνοιάν
3120 5766 3242 5805 τινα
3278 5747 3427 5804 θείαν
3464 5750 3558 5804 καί

2085 5922 2130 5955 ⁶⁰
2159 5922 2407 5977 ἀνείλατο
2433 5920 2494 5971 Β.
2521 5917 2582 5970 ιδ’.
2619 5913 2714 5969 καὶ
2740 5910 2989 5967 ἀνείλατο
3027 5910 3165 5963 Edd.
