4090 6366
544 360 615 409 83
1247 363 1306 420 S.
1346 363 1633 421 JOANNIS
1667 365 2120 424 CIIRYSOSTOI

2218 368 2515 428 lRCl—llEP.
2546 369 3090 428 CONSTANTINOP.
3683 365 3755 424 81

538 461 874 545 προφητείας
917 469 1238 526 ἀκολουθίαν
1282 467 1454 524 ταῦτα
1489 468 1534 500 ⁶¹
1575 469 1749 522 πάντα
1779 466 2096 538 ἐπληροῦτο.

551 564 714 618 Ἀλλά
741 564 794 616 τί
820 563 881 616 τὸ
904 565 1100 616 πεῖσαν
1123 562 1318 625 αὐτοὺς
1335 561 1707 632 προσκυνῆσαι
1727 578 1742 627 ;
1765 559 1902 614 Οὔτε
1925 559 2034 631 γάρ
2063 562 2098 630 ή

539 656 813 729 Παρθένος
865 655 1130 726 ἐπίσημος
1183 650 1271 724 ἦν,
1320 653 1443 708 οὔτε
1488 654 1522 725 ἡ
1579 653 1726 706 οἰκία
1774 653 2100 725 περιφανὴς,

539 748 663 803 οὔτε
685 748 811 803 ἄλλο
841 765 893 801 τι
915 747 1023 800 τῶν
1049 749 1338 819 ὁρωμένων
1367 746 1548 800 ἰκανὸν
1575 745 1838 816 ἐκπλῆξαι
1864 746 1960 800 καὶ
1992 748 2105 798 ἐπι-

543 842 870 898 σπάσασθαι.
897 841 960 896 Οἰ
987 839 1043 895 δέ
1071 842 1132 895 οὐ
1165 839 1322 911 μόνον
1365 837 1775 911 προσκυνοῦσιν,
1829 839 1965 893 ἀλλά
2009 841 2106 894 καὶ

542 931 850 1000 ἀνοίξαντες
869 934 994 997 τοὺς
1019 931 1322 1008 θησαυροὺς
1343 931 1540 995 αὐτῶν,
1565 931 1714 1002 δῶρα
1752 929 2105 1001 προσάγουσι,

544 1026 638 1078 καί
679 1023 844 1094 δῶρα,
889 1023 986 1092 οὐχ
1031 1022 1107 1086 ὡς
1137 1020 1428 1094 ἀνθρώπῳ,
1462 1020 1579 1075 ἀλλ’
1614 1020 1689 1084 ὡς
1733 1019 1867 1090 Θεῷ.
1905 1021 1962 1074 '0
1999 1021 2108 1092 γάρ

543 1113 836 1176 λιϐανωτὸς
863 1110 1010 1184 [119]
1039 1113 1132 1166 καί
1173 1114 1205 1182 ή
1249 1111 1461 1182 σμύρνα
1493 1109 1681 1164 τούτου
1727 1109 1990 1180 σύμϐολον
2017 1105 2106 1181 ἦν.

545 1204 611 1258 Τί
637 1200 729 1258 οὖν
760 1205 821 1258 τὸ
849 1206 1041 1258 πεῖσαν
1065 1203 1296 1268 αὐτούς;
1327 1203 1400 1256 Τὸ
1439 1203 1862 1275 παρασκευάσαν
1902 1203 2110 1258 οἰκοθεν

546 1296 842 1366 ἀναστῆναι
871 1297 964 1350 καὶ
987 1295 1250 1366 τοσαύτην
1277 1295 1450 1348 ἐλθεῖν
1480 1295 1616 1349 ὁδόν·
1642 1295 1798 1348 τοῦτο
1821 1294 1876 1348 δέ
1902 1291 1970 1365 ῆν
1999 1295 2028 1348 ὃ
2051 1312 2111 1348 τε

547 1390 743 1459 ἀστὴρ,
791 1389 884 1444 καί
928 1391 960 1459 ή
1009 1388 1158 1459 ποιρά
1199 1388 1292 1442 τοῦ
1325 1387 1460 1442 Θεοῦ
1498 1387 1759 1459 γενομένη
1805 1387 1870 1456 τῇ
1909 1386 2113 1456 διανοίᾳ

554 1481 733 1541 αὐτῶν
770 1480 1050 1549 ἕλλαμψις,
1098 1480 1236 1532 κατά
1277 1477 1467 1549 μικρὸν
1505 1479 1701 1541 αὐτοὺς
1743 1479 1879 1550 πρὸς
1907 1479 2003 1552 τὴν
2028 1497 2119 1535 τε.

554 1574 829 1643 λειοτέραν
854 1571 1118 1641 ὀδηγοῦσα
1143 1571 1361 1638 γνῶσιν.
1392 1571 1525 1624 Οὐδὲ
1547 1571 1655 1642 γὰρ
1675 1571 1761 1631 ἂν,
1789 1573 1838 1624 εἰ
1864 1571 1938 1642 μὴ
1961 1569 2120 1625 τοῦτο

555 1661 644 1736 ἦν,
684 1663 792 1716 τῶν
823 1661 1161 1731 φαινομένων
1181 1661 1410 1715 εὐτελῶν
1438 1661 1604 1715 ὅντων
1632 1661 1903 1730 ἁπάντων,
1933 1662 2121 1716 τοσαύ-

556 1773 656 1824 την
689 1751 1028 1819 ἐπεδείξαντο
1058 1753 1241 1822 τιμήν.
1282 1752 1380 1805 Διά
1423 1751 1580 1806 τοῦτο
1609 1754 1760 1807 οὐδὲν
1787 1753 1895 1806 τῶν
1926 1751 2118 1824 αἰσθη-

557 1847 664 1900 τῶν
695 1845 836 1916 μέγα
868 1846 1000 1909 ἐκεῖ,
1037 1844 1169 1898 ἀλλά
1205 1843 1398 1914 φάτνη,
1428 1846 1521 1897 καὶ
1553 1845 1780 1916 καλύϐη.
1811 1845 1903 1898 καὶ
1938 1845 2121 1916 μήτηρ

560 1937 766 2008 πτωχήο
798 1937 885 1990 ἵνα
909 1935 1120 2006 γυμνὴν
1155 1935 1262 1987 τῶν
1296 1934 1485 2004 μάγων
1513 1935 1626 2008 ἰδῃς
1659 1935 1756 2006 τὴν
1783 1934 2118 2005 φιλοσοφίαν,

559 2029 649 2081 καὶ
679 2027 855 2098 μάθῃς
891 2027 972 2080 ὅτι
1009 2026 1107 2096 οὐχ
1147 2025 1223 2089 ὡς
1261 2024 1530 2095 ἀνθρώπῳ
1561 2026 1720 2096 ψιλῷ,
1753 2026 1866 2079 ἀλλ’
1896 2026 1972 2089 ὼς
2001 2023 2122 2096 Θεῷ

561 2117 868 2188 προσῄεσαν
905 2117 996 2172 καὶ
1025 2117 1306 2190 εὐεργέτῃ.
1337 2117 1537 2186 Διόπερ
1567 2115 1740 2170 οὐδενὶ
1777 2115 1885 2169 τῶν
1913 2115 2121 2186 ὁρωμέ-

561 2225 664 2260 νων
707 2206 902 2271 έξωθεν
943 2204 1399 2271 ἐσκανδαλίζοντο,
1443 2205 1577 2259 ἀλλά
1620 2207 1712 2259 καὶ
1759 2205 2121 2276 προσεκύνουν

558 2299 652 2353 καὶ
684 2298 830 2368 δῶρα
866 2296 1162 2368 προσῆγον,
1189 2295 1287 2366 τῆς
1319 2297 1416 2365 μὲν
1448 2295 1740 2366 Ἰουδαϊκῆς
1769 2294 2122 2365 ἀπηλλαγμέ-

559 2410 627 2446 να
672 2393 993 2462 παχύτητοςο
1029 2389 1148 2444 οὐδὲ
1185 2391 1293 2462 γάρ
1324 2391 1568 2461 πρόϐατα
1601 2391 1694 2443 καὶ
1734 2389 1964 2461 μόσχους
2004 2387 2125 2441 ἐθυ-

562 2501 680 2539 σανο
717 2487 816 2554 τῆς
846 2483 902 2536 δὲ
929 2481 1383 2553 ἐκκλησιαπικῆς
1415 2483 1579 2551 ἐγγὺς
1615 2481 1746 2535 ὄντα
1788 2480 2120 2550 φιλοσοφίας·

561 2575 853 2644 ἐπίγνωσιν
877 2573 987 2646 γὰρ
1013 2575 1107 2626 καί
1135 2573 1379 2644 ὑπακοὴν
1407 2575 1500 2628 καὶ
1531 2574 1750 2644 ἀγάπην
1776 2571 1924 2643 αὐτῷ
1956 2588 2124 2642 προσ-

559 2669 711 2739 ῆγον.
743 2665 1249 2735 Χρηματισθέντες
1293 2665 1361 2718 δὲ
1400 2665 1523 2718 κατ’
1554 2664 1716 2732 ὄναρ,
1745 2663 1830 2733 μὴ
1863 2661 2124 2731 ἀνακάμ-

459 2793 462 2800 -
559 2763 671 2827 ψαι
707 2758 856 2826 πρὸς
897 2756 1172 2825 Ἡρώδην,
1212 2756 1286 2810 δι’
1325 2755 1519 2824 ἄλλης
1555 2755 1698 2810 ὀδοῦ
1735 2755 2128 2824 ἀνεχώρησαν

560 2853 647 2916 εἰς
687 2849 801 2917 τὴν
831 2847 1028 2918 χώραν
1075 2847 1296 2902 αὑτῶνέ
1335 2847 1444 2901 Θέα
1487 2845 1774 2901 κάντεῦθεν
1807 2847 1905 2917 τὴν
1947 2846 2128 2899 πίστιν

560 2943 760 3004 αὐτῶν,
801 2942 918 3004 πῶς
954 2941 1054 2995 οὐκ
1086 2939 1599 3010 ἐσκανδαλίσθησαν,
1626 2939 1738 2992 ἀλλ’
1762 2939 1897 2991 εἰσὶν
1924 2937 2127 3006 εύήνιοι

560 3036 656 3089 καὶ
695 3033 1055 3104 εὐγνώμονες,
1089 3031 1185 3086 καὶ
1226 3033 1287 3085 οὐ
1321 3029 1701 3102 θορυϐοῦνται,
1740 3029 1860 3082 οὐδὲ
1897 3030 2129 3097 διαλογί-

561 3126 742 3190 ζονται
792 3125 930 3196 πρὸς
965 3125 1189 3188 ἐαυτοὺς
1209 3123 1476 3192 λέγοντες·
1521 3123 1629 3176 Καὶ
1664 3123 1769 3193 μὴν
1809 3122 1858 3174 εἰ
1894 3121 2034 3192 μέγα
2069 3121 2129 3174 τδ

562 3217 772 3271 παιδίον
804 3217 920 3270 ἐστὶ
949 3214 1126 3280 τοῦτο,
1155 3215 1248 3267 καὶ
1272 3213 1382 3285 ἔχει
1409 3213 1529 3268 τινὰ
1556 3214 1726 3283 ἰσχὺν,
1747 3211 1828 3275 τίς
1849 3211 2001 3283 χρεία
2031 3228 2127 3279 φυ-

558 3309 664 3379 γῆς
709 3309 802 3362 καὶ
833 3307 1096 3379 λαθραίας
1129 3308 1555 3378 ἀναχωρήσεωςς
1587 3305 1679 3358 καὶ
1703 3305 1756 3357 τί
1790 3304 1987 3374 δήποτε
2024 3320 2127 3372 φα-

558 3402 732 3474 νερῶς
771 3401 1023 3464 ἐλθόντας
1055 3402 1204 3471 ἡμᾶς
1233 3399 1326 3452 καί
1360 3397 1496 3469 μετά
1522 3396 1852 3468 παρρησίας,
1873 3396 1966 3449 καί
1993 3393 2128 3464 πρὸς

559 3496 730 3566 δῆμον
764 3492 1018 3548 τοσοῦτον
1056 3493 1149 3545 καὶ
1191 3492 1325 3562 πρὸς
1357 3490 1617 3561 βασιλέως
1654 3489 1848 3560 μανίαν
1875 3487 2125 3552 στάντας,

557 3585 634 3651 ὡς
682 3586 954 3658 δραπέτας
979 3586 1071 3639 καί
1121 3584 1363 3654 φυγάδας
1394 3580 1669 3652 ἐκπέμπει
1703 3583 1733 3634 ὁ
1764 3579 1993 3649 ἄγγελος
2028 3579 2127 3648 τῆς

561 3678 796 3741 πόλεως;
833 3677 970 3732 Ἀλλ’
989 3675 1141 3730 οὐδὲν
1160 3674 1362 3728 τούτων
1401 3664 1524 3726 οῦτὲ
1561 3667 1733 3745 εἷπον,
1761 3670 1886 3724 οὔτε
1913 3669 2126 3740 ἐνενόη-

561 3786 680 3824 σαν.
703 3767 874 3821 Τοῦτο
904 3766 1013 3838 γάρ
1043 3767 1274 3836 μάλιστα
1315 3765 1569 3828 πίστεως,
1607 3765 1668 3818 τὸ
1706 3763 1780 3835 μὴ
1825 3765 2005 3835 ζητεῖν
2040 3763 2128 3815 εὐο

561 3858 728 3922 θύνας
763 3858 873 3912 τῶν
919 3857 1401 3930 προστεταγμένων
1427 3857 1496 3920 ".
1535 3855 1670 3910 ἀλλά
1707 3854 1986 3908 πείθεσθαι
2016 3856 2129 3917 τοῖς

559 3947 1002 4020 ἐπιταττομένοις
1034 3949 1212 4019 μόνον.
1257 3945 1796 4016 Ἀναχωρησάντων
1813 3943 1882 3997 δὲ
1910 3942 2122 4003 αὐτῶν,

563 4037 693 4092 ἰδοὺ
747 4039 998 4110 ἄγγελος
1040 4041 1261 4109 Kvplov
1299 4041 1568 4108 φαίνεται
1617 4036 1697 4102 τῷ
1744 4037 1956 4106 Ἰωσὴφ
1995 4038 2122 4091 κατ’

560 4131 706 4200 ὄναρ
722 4172 736 4193 ,
764 4133 974 4202 λέγων·
1021 4132 1302 4202 Ἐγερθεὶς
1330 4128 1634 4200 παράλαϐε
1659 4129 1728 4182 τὸ
1755 4127 1992 4182 παιδίον
2022 4127 2124 4183 καί

557 4220 674 4287 τὴν
714 4224 938 4292 μητέρα
987 4225 1170 4278 αὐτοῦ
1191 4265 1207 4288 ,
1257 4223 1356 4277 καί
1409 4221 1592 4292 φεῦγε
1656 4223 1744 4286 εἰς
1799 4221 2117 4290 Αιγυπτον.

565 4312 749 4378 Ἀξιον
777 4313 926 4386 [1'20]
955 4315 1185 4370 ἐνταῦθα
1217 4314 1540 4386 διαπορῆσαι
1579 4313 1674 4366 καὶ
1703 4312 1842 4383 ὑπὲρ
1879 4309 1986 4364 τῶν
2019 4308 2123 4380 μά-

560 4420 694 4470 γων,
737 4405 829 4457 καὶ
869 4406 1006 4476 ὑπὲρ
1045 4406 1140 4459 τοῦ
1180 4406 1410 4460 παιδίου.
1457 4405 1518 4457 Εἰ
1555 4403 1663 4475 γάρ
1695 4403 1787 4455 καὶ
1820 4402 2014 4455 ἐκεῖνοι
2047 4399 2124 4471 μὴ

558 4493 984 4566 ἐθορυϐήθησαν,
1012 4496 1148 4550 ἀλλὰ
1183 4496 1321 4568 μετά
1361 4496 1597 4558 πίστεως
1642 4494 1818 4548 πάντα
1858 4491 2122 4557 ἐδέξαντο,

559 4587 707 4656 ἡμᾶς
755 4585 903 4651 ἀξιον
945 4587 1199 4657 ζητῆσαι,
1249 4587 1389 4641 διατί
1444 4586 1518 4658 μὴ
1553 4586 1817 4655 παρόντες
1864 4582 2124 4647 σώζονται

559 4677 756 4730 ἐκεῖνοι
789 4677 886 4730 καί
927 4677 989 4730 τὸ
1020 4677 1248 4743 παιδίον,
1285 4677 1399 4731 ἀλλ’
1435 4677 1484 4730 οἰ
1529 4676 1627 4747 μὲν
1663 4677 1744 4738 εἰς
1769 4675 2026 4748 Περσίδα,
2064 4671 2125 4726 τὸ

558 4767 617 4820 δέ
667 4769 747 4830 εἰς
790 4768 1060 4836 Αἴγυπτον
1118 4770 1475 4838 φυγαδεύεται
1536 4766 1672 4838 μετά
1727 4767 1823 4838 τῆς
1880 4763 2083 4835 μητρός
2108 4779 2122 4828 ;

571 4858 729 4912 Ἀλλά
759 4859 850 4925 τί,
899 4860 1005 4914 ἔδει
1045 4861 1205 4914 αὐτὸν
1254 4863 1512 4932 ἐμπεσεῖν
1554 4865 1634 4926 εἰς
1671 4859 1768 4922 τὰς
1799 4859 1984 4927 χεῖρας
2030 4855 2123 4908 τοῦ

569 4951 830 5023 Ἡρώδου,
868 4953 961 5006 καὶ
988 4954 1295 5024 ἐμπεσόντα
1346 4954 1420 5025 μὴ
1464 4951 1938 5012 κατακόπτεσθαι;
1985 4945 2124 4999 Ἀλλ’

559 5043 661 5095 οὐκ
693 5043 758 5096 ἂν
782 5043 1037 5114 ἐνομίσθη
1064 5044 1240 5114 σάρκα
1263 5044 1629 5115 ἀνειληφέναι’
1658 5044 1756 5097 οὐκ
1785 5043 1849 5096 ἂν
1882 5036 2126 5094 ἐπιστεύο

562 5134 630 5204 θη
661 5133 758 5204 τῆς
789 5134 1094 5203 οἰκονομίας
1135 5135 1196 5187 τὸ
1231 5134 1478 5205 μέγεθος.
1520 5136 1582 5188 Εἰ
1613 5135 1721 5207 γάρ
1753 5133 1955 5187 τούτων
1979 5148 2126 5202 γινο-

565 5226 740 5295 μένων
763 5226 827 5286 “,
861 5227 954 5279 καί
1003 5225 1209 5279 πολλῶν
1251 5226 1601 5298 ἀνθρωπίνως
1642 5223 2122 5296 οἰκονομουμένων,

563 5313 866 5384 ἐτόλμησάν
896 5331 1040 5377 τινες
1074 5317 1246 5367 εἰπεῖν
1275 5316 1355 5367 ὅτι
1387 5313 1552 5386 μῦθος
1577 5316 1609 5386 ή
1634 5319 1734 5386 τῆς
1767 5315 1969 5387 σαρκὸς
1992 5313 2125 5368 ἀνά-

562 5401 746 5472 ληψις,
770 5401 872 5455 ποῦ
901 5404 1000 5456 οὐκ
1031 5402 1096 5456 ἂν
1121 5401 1378 5468 ἐξέπεσον
1402 5402 1676 5467 ἀσεϐείας,
1705 5406 1751 5457 εἰ
1793 5405 1965 5459 πάντα
2005 5403 2124 5456 θεο-

561 5491 789 5566 πρεπῶς
826 5494 922 5547 καὶ
959 5493 1100 5547 κατά
1124 5492 1222 5564 τὴν
1243 5492 1409 5546 αὐτοῦ
1434 5492 1660 5564 δύναμιν
1686 5493 1918 5565 ἔπραττε
1943 5511 1958 5560 ;
1988 5494 2128 5557 Τοὺς

562 5584 617 5639 δὲ
658 5586 866 5657 μάγους
903 5584 1179 5656 ἐκπέμπει
1221 5585 1449 5658 ταχέως,
1484 5583 1618 5657 ὁμοῦ
1652 5586 1750 5658 μὲν
1779 5586 2128 5649 διδασκάλους

628 5788 670 5820 ⁶¹
703 5785 878 5840 ταῦτα
903 5799 1013 5840 om.
1047 5784 1110 5838 Α.
1144 5783 1204 5838 Β.
1238 5783 1343 5838 An.

1451 5785 1496 5856 ε’
1526 5786 1962 5854 προσταγμάτων
1986 5787 2147 5856 ΫΑηΒ.
2189 5785 2674 5856 προσταττομένων
2696 5785 2758 5840 F.

2202 479 2544 536 ἀποστέλλων
2574 480 2639 550 τῇ
2669 477 2894 548 Περσῶν
2918 481 3091 548 χώρᾳ,
3115 469 3250 544 ὁμοῦ
3278 471 3334 524 δέ
3363 468 3646 524 ἐκκόπτων
3669 463 3768 522 τοῦ

2202 573 2463 644 τυράννου
2505 569 2601 643 τὴν
2646 568 2860 640 μανίαν,
2893 567 2980 620 ἵνα
3021 565 3166 638 μάθῃ
3203 565 3284 618 ὅτι
3323 561 3606 634 ἀνηνύτοις
3641 561 3767 613 ἐπι-

2203 663 2376 734 χειρεῖ
2425 661 2731 732 πράγμασι,
2783 657 2876 712 καὶ
2922 655 3014 710 τὸν
3067 653 3238 725 θυμὸν
3293 652 3479 724 σϐέσῃ,
3530 650 3621 704 καί
3670 648 3769 717 τῆς

2209 753 2594 828 ματαιοπονίας
2620 749 2809 806 ἐαυτὸν
2845 750 2891 780 ⁸⁸
2926 746 3188 820 ἀπαγάγῃ
3217 744 3435 815 ταύτης.
3464 742 3536 796 Οὐ
3567 740 3674 812 γὰρ
3703 739 3770 811 δὴ

2203 850 2265 903 τὸ
2305 846 2446 920 μετὰ
2482 842 2791 916 παρρησίας
2815 841 2860 874 ⁸⁸
2883 835 3258 910 περιγίνεσθαι
3283 834 3394 888 τῶν
3427 831 3635 903 ἐχθρῶν
3671 829 3771 900 μό-

2205 957 2314 1003 νον,
2355 937 2490 993 ἀλλά
2523 936 2615 990 καὶ
2655 933 2716 987 τὸ
2745 934 2863 1004 μετ’
2892 928 3141 995 εὐκολίας
3180 927 3377 989 αὐτοὺς
3405 924 3641 994 ἀπατᾷν,
3669 921 3773 991 τῆς

2206 1028 2370 1086 αὐτοῦ
2394 1027 2671 1098 δυνάμεως
2687 1023 2857 1091 ἄξιον.
2869 1022 3022 1076 Οὕτω
3039 1019 3168 1090 γοῦν
3187 1019 3280 1071 καὶ
3298 1017 3422 1080 τοὺς
3443 1012 3772 1083 Αἰγυπτίους

2208 1121 2432 1178 ἐπὶτῶν
2469 1119 2734 1174 Ἰουδαίων
2774 1116 3044 1188 ήπάτησε,
3083 1112 3177 1166 καὶ
3205 1109 3494 1178 δυνάμενος
3523 1102 3774 1176 φανερῶς

2208 1216 2298 1272 τὸν
2341 1215 2562 1268 ἐκείνων
2608 1210 2834 1265 πλοῦτον
2874 1209 2953 1271 εἰς
2997 1205 3094 1270 τάς
3127 1202 3236 1257 τῶν
3291 1198 3556 1270 Ἑϐραίων
3612 1211 3776 1267 μετα-

2215 1308 2409 1377 στῆσαι
2439 1307 2645 1376 γεῖοας,
2671 1300 2846 1372 λάθρα
2869 1298 2963 1352 καί
2992 1297 3128 1368 μετά
3153 1294 3365 1365 ἀπάτης
3389 1288 3545 1344 τοῦτο
3565 1285 3776 1342 κελεύει

2215 1399 2384 1452 ποιεῖν
2434 1395 2568 1464 ὅπερ
2589 1390 2687 1443 οὐκ
2714 1389 2930 1441 ἔλαττον
2951 1387 3058 1440 τῶν
3081 1388 3255 1442 ἀλλων
3281 1388 3520 1458 σημείων
3550 1390 3779 1464 φοϐερὸν

2214 1487 2372 1546 αὐτὸν
2407 1483 2556 1555 παρὰ
2589 1484 2698 1544 τοῖς
2728 1479 2986 1546 ἐναντίοις
3012 1478 3282 1550 ἐποίησεν.

2286 1579 2352 1650 β’.
2373 1579 2436 1631 Of.
2455 1573 2585 1645 γοῦν
2610 1571 2995 1626 Ἀσκαλωνῖται
3018 1571 3109 1625 καί
3124 1573 3172 1624 οἰ
3187 1570 3362 1625 λοιποὶ
3385 1573 3600 1637 πάντες,
3619 1571 3782 1643 ήνίκα

2213 1671 2311 1744 τὴν
2339 1667 2567 1724 κιϐωτὸν
2597 1663 2806 1729 ἐλαϐυν,
2838 1663 2931 1716 καὶ
2956 1663 3252 1734 πληγέντες
3284 1664 3470 1718 λοιπὸν
3504 1666 3782 1737 παρῄνουν

2214 1767 2323 1828 τοῖς
2345 1760 2564 1822 οἰκείοις
2599 1757 2670 1829 μὴ
2700 1755 2973 1827 πολεμεῖν,
3006 1755 3140 1826 μηδὲ
3166 1756 3223 1820 ἐξ
3241 1755 3484 1821 ἐναντίας
3509 1756 3779 1822 ἵστασθαι,

2220 1854 2356 1928 μετά
2391 1849 2498 1905 τῶν
2527 1849 2697 1907 ἀλλων
2729 1846 3018 1916 θαυμάτων
3041 1847 3133 1899 καὶ
3159 1845 3315 1900 τοῦτο
3343 1849 3422 1910 εἰς
3453 1847 3616 1918 μέσον
3645 1843 3784 1918 ἦγον

2214 1943 2613 2013 λέγοντες-Ἵνα
2639 1941 2696 1994 τι
2716 1939 3010 2006 βαρύνετε
3031 1936 3182 2010 [121]
3206 1939 3312 2004 τὰς
3329 1938 3570 2006 καρδίας
3592 1937 3784 2009 ὑμῶν,

2217 2033 2410 2102 καθὼς
2447 2031 2735 2102 ἐϐάρυνεν
2769 2030 3066 2099 Αἴγυπτος
3107 2029 3203 2082 καί
3253 2029 3493 2098 Φαραώ;
3522 2034 3636 2099 οὐχ
3682 2030 3786 2084 ὅτε

2215 2125 2530 2190 ἑνέπαιξεν
2579 2121 2802 2189 αὐτοῖς,
2849 2123 2983 2175 τότε
3032 2120 3420 2186 ἐξαπέστειλε
3475 2121 3582 2177 τὸν
3628 2123 3786 2178 Jaér

2217 2213 2403 2272 αὑτοῦ
2431 2212 2530 2268 καί
2562 2211 2842 2281 ἀπῆλθον
2861 2210 2905 2241 ⁸⁸
2925 2228 2941 2278 ;
2967 2209 3151 2264 Ταῦτα
3169 2209 3225 2264 δὲ
3250 2209 3452 2279 ἔλεγον,
3474 2211 3584 2264 τῶν
3607 2211 3785 2268 ἀλλων

2220 2307 2460 2380 σημείων
2496 2305 2605 2360 τῶν
2629 2301 2878 2376 φανερῶς
2903 2301 3206 2372 γενομένων
3231 2303 3276 2334 ⁸⁷
3302 2303 3403 2356 οὐκ
3436 2302 3655 2358 ἔλαττον
3690 2307 3787 2360 καὶ

2217 2399 2372 2453 τοῦτο
2397 2395 2703 2468 νομίζοντες
2734 2389 2895 2456 εἶναι,
2937 2394 3017 2456 εἰς
3054 2393 3152 2463 τὴν
3189 2395 3289 2465 τῆς
3311 2393 3591 2466 δυνάμεως
3617 2395 3786 2450 αὐτοῦ

2218 2492 2313 2546 καὶ
2342 2489 2440 2560 τῆς
2472 2485 2856 2559 μεγαλωσύνης
2895 2482 3184 2549 ἀπόδειξιν.
3219 2485 3286 2538 ὐ
3315 2483 3380 2556 δὴ
3421 2486 3513 2539 καὶ
3552 2485 3788 2542 ἐνταῦθα

2218 2583 2461 2653 γέγονεν,
2487 2579 2669 2633 ἰκανὸν
2697 2575 2960 2645 ἐκπλῆξαι
2998 2575 3089 2628 τὸν
3115 2577 3376 2647 τύραννον
3397 2577 3462 2632 ⁸³.
3505 2577 3788 2650 Ἐννόησον

2219 2678 2329 2745 γάρ
2351 2667 2440 2728 οἷα
2463 2671 2690 2741 πάσχειν
2717 2668 2862 2732 εἰκὸς
2881 2663 2948 2738 ἦν
2975 2666 3064 2720 τὸν
3098 2666 3364 2740 Ἡρώδην,
3395 2668 3486 2722 καί
3514 2668 3632 2733 πῶς
3650 2670 3788 2724 ἀπο-

2221 2765 2524 2836 πνίγεσθαι.
2567 2761 2913 2828 ἀπατηθέντα
2945 2759 3097 2831 παρὰ
3140 2758 3248 2812 τῶν
3300 2759 3490 2830 μάγων
3523 2761 3618 2813 καὶ
3643 2760 3791 2814 οὕτω

2221 2853 2709 2927 καταγελασθέντα.
2744 2852 2809 2904 Τί
2841 2849 2972 2922 γάρ,
3002 2851 3050 2902 εἰ
3091 2848 3166 2922 μὴ
3196 2849 3385 2919 γέγονε
3415 2849 3668 2921 βελτίων;
3709 2851 3786 2904 Οὐ

2219 2948 2312 3005 τοῦ
2333 2945 2504 3002 ταῦτα
2529 2943 2978 3014 οἰκονομήσαντος
3007 2939 3276 3011 ἔγκλημα,
3300 2940 3434 2996 ἀλλά
3459 2941 3556 3012 τῆς
3576 2940 3788 2995 ἐκείνου

2226 3040 2419 3111 μανίας
2479 3039 2514 3109 ἡ
2570 3033 2862 3104 ὑπερϐολὴ,
2919 3031 3054 3102 μηδέ
3110 3034 3225 3094 τοῖς
3275 3031 3590 3102 δυναμένοις
3627 3032 3791 3086 αὐτὸν

2224 3127 2713 3204 παραμυθήσασθαι
2745 3125 2840 3180 καὶ
2865 3124 3169 3195 ἀποστῆσαι
3204 3123 3301 3194 τῆς
3329 3125 3591 3195 πονηρίας
3617 3124 3793 3180 εἶκον-

2217 3242 2331 3289 τος,
2364 3223 2477 3278 ἀλλ’
2507 3219 2812 3285 ἐπεξιόντος
2835 3215 3160 3288 περαιτέρω,
3184 3215 3270 3269 ἵνα
3292 3215 3386 3270 καὶ
3407 3215 3795 3288 χαλεταυτέραν

2217 3316 2436 3386 δέξηται
2464 3313 2618 3384 δίκην
2647 3313 2744 3381 τῆς
2772 3307 3025 3379 τοιαύτης
3052 3307 3097 3338 ⁸⁸
3120 3306 3323 3371 ἀνοίας.
3359 3309 3468 3363 Καὶ
3498 3309 3644 3372 τίνος
3670 3307 3791 3361 ἐνε-

2219 3406 2316 3460 κέν
2361 3421 2526 3476 φησιν
2551 3442 2565 3468 ,
2604 3402 2707 3466 Εἰς
2748 3399 3050 3468 Αιγυπτον
3079 3396 3147 3452 τὸ
3183 3396 3422 3454 παιδίον
3459 3396 3792 3467 πέμπε-ταις

2219 3495 2469 3551 Μάλιστα
2493 3493 2589 3564 μὲν
2637 3491 2732 3544 καὶ
2759 3491 2789 3543 ὁ
2809 3487 3194 3560 εὐαγγελιστὴς
3218 3485 3316 3558 τὴν
3343 3487 3522 3542 αἰτίαν
3549 3488 3788 3559 εἰρηκεψ

2222 3587 2343 3640 Ἵνα
2357 3581 2638 3654 πληρωθῇ,
2655 3579 2763 3652 γάρ
2782 3579 2964 3649 φησὶν,
2983 3578 3104 3632 Ὀτι
3123 3577 3192 3642 ἐξ
3208 3577 3508 3649 Αἰγύπτου
3528 3576 3797 3632 ἐκάλεσα

2220 3677 2329 3732 τὸν
2358 3677 2492 3730 υἰόν
2523 3688 2660 3742 patr
2695 3671 2810 3742 άμα
2837 3669 2892 3723 δέ
2918 3669 3012 3723 καὶ
3041 3669 3291 3741 χρηστῶν
3319 3667 3579 3740 προοίμια
3610 3667 3794 3722 λοιπὸν

2221 3766 2450 3820 ἐλπίδων
2493 3766 2560 3834 τῇ
2600 3760 2889 3833 οἰκουμένῃ
2945 3761 3394 3831 προανεφωνεῖτο.
3439 3758 3654 3831 Ἐπειδὴ
3683 3759 3796 3832 γάρ

2224 3854 2480 3911 Βαϐυλὼν
2509 3855 2604 3908 καὶ
2633 3854 2905 3922 Αἴγυπτος
2939 3851 3175 3924 μάλιστα
3205 3851 3304 3923 τῆς
3333 3851 3438 3922 γῆς
3478 3851 3699 3922 ἀπάσης
3723 3854 3792 3923 τῇ

2222 3948 2380 4017 φλογὶ
2399 3946 2497 4016 τῆς
2517 3945 2766 4007 ἀσεϐείας
2789 3939 2927 4015 ἦσαν
2952 3941 3372 4014 ἐκκεκαυμέναι,
3401 3943 3467 3996 ἐκ
3489 3942 3788 4013 προοιμίων

2221 4039 2434 4104 δεικνὺς
2496 4039 2576 4092 ὅτι
2630 4035 2942 4108 ἀμφοτέρας
2989 4033 3341 4106 διορθώσεται
3393 4035 3488 4088 καὶ
3549 4033 3791 4104 βελτίους

2223 4130 2459 4200 ποιήσει,
2502 4127 2596 4181 καὶ
2640 4127 2837 4180 πείθων
2883 4125 2971 4181 διὰ
2999 4125 3205 4180 τούτων
3237 4125 3328 4178 καὶ
3368 4127 3494 4195 περί
3529 4125 3629 4194 τῆς
3656 4123 3787 4195 ὅλης

2223 4219 2545 4290 οἰκουμένης
2574 4221 2641 4272 τά
2673 4219 2882 4291 χρηστά
2921 4219 3242 4290 προσδοκᾷν,
3277 4219 3342 4287 τῇ
3387 4217 3486 4286 μὲν
3519 4219 3644 4280 τοὺς
3677 4217 3787 4288 μά..

2223 4329 2352 4380 γους
2381 4311 2686 4374 ἀπέστειλε,
2726 4314 2792 4384 τῇ
2818 4311 2875 4364 δέ
2905 4311 2952 4342 ⁷⁸
2979 4309 3143 4377 αὐτὸς
3171 4307 3340 4377 ἐπέϐη
3384 4307 3520 4378 μετά
3546 4308 3648 4378 τῆς
3682 4326 3787 4380 μηαι

2222 4403 2369 4473 τρός.
2406 4403 2546 4474 Πρὸς
2591 4401 2647 4455 δὲ
2683 4405 2792 4466 τοῖς
2826 4401 3132 4474 εἰρημένοις
3177 4399 3272 4453 καὶ
3314 4398 3500 4469 ἕτερον
3537 4398 3790 4453 ἐντεῦθεν

2224 4493 2610 4564 παιδευόμεθα,
2646 4493 2708 4547 οὐ
2741 4493 2932 4565 μικρὸν
2963 4495 3046 4557 εἰς
3069 4491 3384 4562 φιλοσοφίαν
3415 4493 3544 4564 ἡμῖν
3577 4494 3786 4546 συντεῖ-

2224 4602 2332 4638 νον.
2363 4586 2520 4639 Ποῖον
2559 4583 2624 4656 δὴ
2652 4583 2849 4650 τοῦτο;
2892 4584 2967 4638 Τὸ
3009 4586 3075 4638 ἐκ
3114 4589 3413 4656 προοιμίων
3451 4583 3788 4655 πειρασμοὺς

2225 4675 2528 4747 προσδοκᾷν
2577 4677 2672 4730 καὶ
2721 4675 3028 4740 ἐπιϐουλάς.
3068 4676 3210 4748 Ὅρα
3265 4675 3396 4746 γοῦν
3443 4675 3550 4731 ἀπὸ
3592 4675 3700 4734 τῶν
3738 4675 3786 4707 ’⁸

2226 4767 2554 4840 σπαργάνων
2581 4765 2782 4832 εὐθέως
2799 4767 2956 4822 τοῦτο
2974 4767 3274 4836 γινόμενον.
3298 4767 3409 4821 Καὶ
3435 4767 3544 4839 γάρ
3571 4766 3787 4838 τεχθέν-

2224 4881 2316 4928 τος
2364 4861 2552 4928 αὐτοῦ,
2607 4862 2704 4916 καὶ
2754 4861 3014 4934 τύραννος
3058 4862 3327 4933 μαίνεται,
3370 4862 3466 4915 καὶ
3502 4861 3648 4932 φυγὴ
3693 4861 3791 4919 καὶ

2228 4954 2556 5026 μετάστασις
2592 4954 2800 5023 γίνεται
2841 4954 2977 5026 πρὸς
3020 4952 3118 5024 τὴν
3146 4953 3462 5026 ὑπερορίαν,
3510 4953 3605 5008 καὶ
3637 4953 3792 5006 οὐδὲν

2224 5045 2524 5114 ἀδικήσασα
2549 5045 2582 5115 ἡ
2611 5044 2793 5116 μήτηρ
2825 5047 2906 5109 εἰς
2930 5045 3027 5116 τὴν
3050 5045 3159 5099 τῶν
3186 5045 3474 5117 βαρϐάρων
3497 5043 3792 5114 φυγαδεύε-

2223 5154 2314 5190 ται
2343 5135 2544 5208 χώρανο
2581 5137 2668 5192 ἵνα
2701 5139 2765 5191 σὺ
2807 5136 2981 5191 ταῦτα
3012 5137 3246 5200 ἀκούων,
3279 5137 3409 5193 ὅταν
3449 5137 3794 5208 καταξιωθῇς

2225 5227 2646 5298 διακονήσασθαί
2705 5247 2811 5283 τινι
2863 5227 3012 5301 [122]
3067 5227 3420 5300 πνευματικῷ
3483 5230 3791 5301 πράγματι,

2227 5316 2345 5372 εἷτα
2391 5319 2504 5393 ἰδῃς
2543 5320 2590 5352 ⁷⁸
2627 5320 2819 5374 σαυτὸν
2867 5319 3142 5391 πάσχοντα
3191 5321 3260 5375 τὰ
3301 5321 3347 5352 ⁷³
3389 5321 3664 5393 ἀνήκεστα
3701 5322 3795 5374 καὶ

2229 5409 2456 5480 μυρίους
2515 5411 2855 5480 ὑπομένοντα
2901 5413 3199 5478 κινδύνους,
3265 5413 3339 5487 μὴ
3403 5413 3792 5485 διαταραχθῇς.

2230 5497 2365 5568 μηδὲ
2393 5499 2571 5572 εἴπῃς·
2607 5499 2671 5554 Τί
2698 5517 2827 5555 ποτε
2854 5500 3010 5556 τοῦτό
3031 5503 3178 5570 tam;
3211 5502 3306 5556 καί⁸
3353 5502 3462 5575 μὴν
3497 5502 3796 5574 στεφανοῦ·

2229 5587 2354 5643 σθαί
2392 5605 2462 5661 με
2489 5589 2596 5644 ἔδει
2623 5590 2718 5648 καί
2741 5590 3232 5664 ἀνακηρύττεσθαι,
3261 5592 3353 5648 καὶ
3378 5593 3627 5666 λαμπρὸν
3655 5587 3796 5650 εἶναι

2861 5787 2918 5870 ea.
2939 5787 3246 5858 γενομένων
3281 5788 3416 5844 Edd.
3470 5862 3482 5870 .
3513 5793 3558 5870 ’ξ
3585 5794 3803 5870 έαὶέτόὲἶ

556 5857 648 5930 Sic
677 5855 1032 5930 An._A._F._cl.
1051 5869 1139 5930 Pr.
1165 5855 1397 5930 Brvulgo
1418 5855 1611 5930 9.61:de
1633 5924 1646 5930 _
1671 5857 1721 5930 _“
1751 5855 2082 5930 παρρησίας]

2218 5855 2328 5930 An,
2359 5855 2681 5930 περιουσίας
2713 5857 2777 5912 Α.
2803 5856 3044 5930 BLAI'm.
3071 5855 3196 5930 mox
3218 5862 3613 5930 περιγενέσθαι
3651 5865 3709 5918 Ι).
3738 5855 3803 5922 ΡΣ

555 5927 919 6016 εεάεετῆξρεβ·
959 5925 1103 6016 ιξοε·
1783 5924 2120 6016 ⁶ἲ“;έ,ύ,ρεινντξνῖ

2218 5927 2285 6016 Id;
2314 5924 2519 6016 ἐκεῖνον
2551 5925 2622 6016 ἒ
2649 5926 3193 6016 δονηωθθγτοσειύτιης
3217 5924 3382 6016 Ειίᾶεξ
3427 5932 3474 6016 ’ξ
3503 5937 3569 6004 τῇ
3601 5933 3681 6016 δέ]
3705 5935 3806 6016 τῆς

555 5998 611 6059 δέ
645 5999 702 6053 Β.
729 5995 904 6054 Ευιιι.
937 5999 1007 6055 cf.
1046 6013 1100 6055 υ.
1133 5996 1200 6052 5ιί
1231 5999 1290 6054 C.
1371 5999 1409 6030 ⁷¹
1441 5995 1570 6051 ἀπόί
1598 5997 1692 6053 καί
1717 5997 1822 6054 ἀπό
1848 5996 1986 6054 Ειίιί.

2061 5992 2227 6055 ⁷²Ἐὶο
2253 5998 2319 6056 Δ.
2358 5997 2416 6054 Β.
2447 5997 2511 6055 C.
2551 5995 2648 6058 En.
2693 5997 2854 6063 vulgo
2878 5992 2995 6054 εἶτα
3021 5994 3086 6054 ἂν
3116 5992 3252 6065 ίδης.

3332 6002 3377 6036 ⁷³
3404 6003 3472 6058 τὰ
3501 6002 3610 6061 om.
3647 6002 3714 6063 Α.
3737 6002 3800 6068 C.
