4090 6366
249 472 317 528 83

243 592 369 648 Nam
385 585 562 642 statim
574 587 730 649 atque
749 574 799 628 in
819 565 1125 624 Bethlehem
1141 553 1403 629 pervenit,
1422 550 1582 603 ﬁlium
1598 541 1829 616 peperit,

247 694 298 737 ut
329 682 454 735 hinc
476 635 873 730 totam-ediscas
893 653 1264 715 oeconomiam,
1296 655 1475 700 etnon
1497 653 1624 694 casu
1645 645 1698 689 et
1715 635 1832 686 sine

250 772 471 831 consilio
494 774 665 838 gesta,
693 758 785 814 sed
816 770 913 826 per
945 743 1327 820 providentiam
1366 732 1652 808 quamdam
1693 726 1832 782 divi-

251 881 371 919 nam
403 877 464 914 ac
492 821 784 912 Secundum
816 839 1105 916 praphc-tize
1129 835 1320 888 seriem
1351 825 1564 894 impleta
1588 821 1702 874 hanc
1718 832 1837 871 om-

253 907 780 1010 iii-aufti—iss'eTVerunt
817 907 951 1005 quid
999 930 1117 983 illos
1149 925 1213 978 ad
1246 932 1465 992 puerum
1510 907 1838 968 adorandmn

256 1008 497 1103 induxit?
521 1038 703 1105 Neque
725 1030 868 1083 enim
893 1024 1054 1092 Virgo
1093 1017 1298 1085 insigne
1329 1008 1597 1080 quidpiam
1645 1015 1756 1071 prae
1784 1013 1844 1105 se

259 1139 484 1200 ferebat,
513 1092 682 1199 iieqiie
713 1125 902 1178 domus
930 1112 1203 1184 magniﬁca
1237 1114 1371 1167 erat,
1405 1113 1576 1169 neque
1607 1095 1724 1150 istic
1749 1092 1848 1145 ali-

418 1180 562 1279 aliud
595 1180 728 1278 erat,
767 1209 907 1283 quod
940 1180 1120 1276 posset
1159 1200 1280 1252 illos
1321 1194 1404 1248 Vel
1448 1186 1742 1260 percellere
1770 1180 1852 1234 vel

1039 1296 1050 1301 ·
1169 1291 1180 1301 ·
1327 1297 1336 1301 -
1399 1282 1484 1301 κν)
1520 1276 1714 1301 --ιλ-ιιη
1739 1276 1852 1301 nm-

267 1276 504 1376 allicere.
537 1312 614 1365 Illi
646 1276 904 1362 vero-non
933 1296 1091 1352 modo
1118 1291 1363 1349 adorant,
1393 1282 1487 1337 sed
1518 1276 1718 1349 apertis
1739 1276 1856 1328 the-

271 1413 443 1470 sanris
483 1407 592 1461 suis
624 1391 845 1458 munera
888 1392 1137 1466 offerunt,
1188 1395 1407 1437 munera
1457 1377 1697 1444 inquam,
1751 1381 1858 1421 non

274 1504 422 1577 quasi
452 1494 677 1556 homini,
709 1489 802 1544 sed
831 1462 980 1557 (ωεξςὶ
1015 1481 1142 1534 Deo.
1184 1475 1329 1528 Thus
1368 1469 1510 1524 enim
1553 1473 1609 1518 et
1637 1460 1855 1531 myrrha

1151 1566 1184 1577 Α
1234 1565 1242 1574 ⁸
1269 1563 1281 1577 ¹
1312 1563 1322 1574 ⁵
1366 1562 1396 1577 ἰ
1425 1574 1467 1577 η-
1491 1557 1588 1577 L--
1619 1552 1719 1577 illi-
1738 1564 1828 1577 -..Α

278 1552 370 1653 Dei
401 1589 633 1646 maxime
654 1552 953 1653 symbolum
983 1579 1116 1626 erat.
1146 1563 1283 1634 Quid
1312 1562 1469 1631 igitur
1491 1557 1591 1611 hoc
1618 1552 1722 1606 illis
1738 1564 1863 1605 sua-

281 1686 381 1744 sit?
411 1681 647 1749 Idipsum
674 1645 814 1740 quod
839 1662 1088 1722 excitavit
1115 1659 1254 1720 illos,
1281 1662 1338 1706 ut
1363 1650 1547 1705 relicta
1576 1645 1735 1699 domo
1754 1650 1868 1694 tan-

283 1789 397 1834 tum
445 1730 550 1828 iter
597 1730 961 1833 susciperent:
997 1751 1246 1806 nimirum
1289 1742 1442 1798 stella
1490 1749 1545 1791 et
1585 1730 1872 1790 illustratio

283 1871 484 1928 mentis
510 1884 538 1921 a
572 1867 682 1920 Deo
711 1861 840 1932 ipsis
871 1857 1069 1919 indita;
1096 1867 1212 1924 qum
1243 1845 1497 1920 paulatim
1525 1841 1644 1895 illos
1664 1838 1728 1894 ad
1753 1854 1872 1909 per-

287 1964 562 2020 fectiorem
593 1957 832 2011 notitiam
861 1948 1103 2006 deduxit.
1152 1943 1262 1998 Nisi
1289 1939 1432 1995 enim
1469 1949 1556 1990 res
1587 1934 1657 1988 ita
1687 1947 1745 1987 se
1776 1932 1874 1984 ha-

287 2059 464 2119 beret,
500 2066 620 2107 cum
648 2046 827 2102 omnia
856 2058 974 2113 qme
1002 2039 1118 2092 istic
1155 2034 1471 2088 videbantur
1519 2026 1642 2081 vilia
1671 2030 1876 2086 essent,

291 2165 395 2203 non
423 2148 472 2200 ei
521 2153 722 2198 tantum
769 2135 1136 2192 exhibuissent
1187 2128 1468 2182 honorem.
1520 2119 1648 2176 Ideo
1698 2125 1877 2172 autem

291 2243 420 2296 nihil
442 2253 629 2295 eorum
653 2249 771 2305 quae
800 2230 900 2286 sub
925 2239 1140 2282 sensum
1157 2221 1353 2276 cadunt
1378 2216 1447 2272 ibi
1475 2226 1724 2280 magnum
1742 2217 1877 2273 erat,

291 2333 385 2388 sed
417 2303 683 2401 praesepe,
716 2319 1003 2389 tugurium,
1033 2325 1202 2370 mater
1245 2312 1422 2379 inops,
1448 2315 1503 2361 ut
1530 2303 1724 2359 nudam
1763 2314 1880 2355 ma-

291 2400 483 2495 gorum
514 2416 902 2491 philosophiam
921 2409 1231 2482 perspicias,
1262 2413 1421 2473 atque
1447 2400 1644 2464 discas,
1663 2409 1757 2450 eos
1774 2407 1880 2446 non

295 2486 352 2572 ut
380 2486 655 2571 hominem
687 2521 898 2578 purum,
925 2501 1018 2558 sed
1046 2509 1102 2556 ut
1120 2499 1286 2553 Deum
1311 2504 1366 2550 et
1391 2491 1688 2547 beneﬁcum
1711 2486 1883 2556 ipsum

296 2611 517 2665 adiisse.
541 2606 880 2673 Quapropter
905 2597 1051 2652 nullo
1075 2608 1261 2648 eorum
1289 2605 1408 2660 qua:
1437 2586 1770 2641 extrinsecus
1801 2580 1882 2633 vi-

298 2703 564 2758 debantur
590 2696 780 2752 offensi
827 2704 970 2758 sunt,
999 2691 1091 2747 sed
1120 2689 1408 2744 adorarunt
1433 2690 1488 2739 et
1513 2681 1648 2736 dona
1676 2676 1894 2732 obtule?

299 2802 442 2853 runt,
474 2807 594 2859 quae
621 2790 758 2844 dona
788 2788 1011 2840 multum
1050 2799 1080 2838 a
1123 2780 1342 2838 Judaica
1387 2776 1629 2832 crassitie
1671 2770 1887 2826 didere-

305 2885 453 2938 bant.
483 2882 667 2950 Neque
697 2879 838 2934 enim
886 2891 1013 2930 oves
1063 2883 1116 2928 et
1162 2871 1356 2926 vitulos
1403 2866 1766 2930 immolarunt,
1795 2859 1889 2916 sed

304 2991 422 3045 qua:
449 2971 828 3028 ecclesiastica:
851 2965 1200 3038 phil050phi:e
1221 2961 1392 3015 vicina
1421 2965 1608 3013 erant:
1629 2952 1890 3023 siquidem

306 3065 609 3128 scientiam,
633 3061 990 3117 obedientiam
1017 3068 1073 3112 et
1093 3054 1430 3110 dilectionem
1453 3049 1553 3120 ipsi
1572 3045 1890 3103 offerebant.

311 3159 398 3214 I2.
424 3157 498 3211 Et
524 3171 768 3225 responso
793 3163 998 3222 accepto
1026 3152 1078 3203 in
1107 3148 1315 3207 somnis,
1349 3163 1412 3200 ne
1440 3143 1660 3197 redirent
1685 3138 1754 3192 ad
1782 3135 1893 3190 Hc-

310 3252 510 3313 rodem,
546 3264 637 3317 per
660 3247 816 3300 aliam
835 3245 970 3298 viam
998 3241 1182 3296 reversi
1220 3248 1336 3293 sunt
1369 3237 1422 3290 in
1448 3234 1701 3304 regionem
1728 3244 1895 3284 suam.

313 3344 410 3398 Hic
433 3340 564 3397 mihi
591 3341 712 3393 vide
742 3338 900 3392 ﬁdem
924 3337 1178 3405 ipsorum,
1203 3327 1470 3400 quomodo
1492 3341 1597 3380 non
1623 3321 1900 3378 offendan-

313 3446 420 3499 tur,
448 3433 543 3488 sed
571 3432 679 3486 sint
706 3429 870 3500 quieti
899 3435 953 3482 et
980 3426 1430 3493 obtemperantes,
1462 3431 1634 3488 neque
1677 3414 1900 3468 turben-

314 3538 419 3588 tur,
453 3539 628 3594 neque
657 3523 782 3576 talia
827 3529 1012 3574 mutuo
1059 3517 1375 3585 loquantur:
1403 3511 1544 3566 Sane
1587 3511 1632 3563 si
1680 3518 1902 3574 magnus

315 3619 404 3675 hic
431 3634 566 3689 puer
593 3625 693 3678 est,
724 3623 779 3669 et
801 3613 847 3667 si
884 3625 1042 3681 quam
1077 3607 1236 3662 habet
1275 3602 1586 3674 potentiam,
1618 3597 1743 3668 quid
1769 3608 1904 3664 opus

315 3715 434 3782 fuga
463 3721 518 3765 et
547 3709 756 3763 occulto
783 3702 1055 3760 discessu?
1082 3717 1178 3756 cur
1227 3713 1354 3752 vero
1397 3709 1496 3749 nos
1528 3692 1617 3762 qui
1651 3689 1821 3761 palam
1851 3694 1904 3740 et

316 3820 438 3858 cum
463 3801 654 3855 ﬁducia
677 3797 998 3853 accessimus
1025 3792 1089 3848 ad
1117 3789 1370 3864 populum
1399 3795 1624 3847 tantum,
1648 3791 1700 3835 et
1723 3793 1904 3834 coram

318 3894 532 3949 furente
555 3905 682 3960 rege
711 3888 979 3948 stetimus,
1013 3882 1165 3954 quasi
1204 3879 1455 3950 fugitivos
1493 3891 1560 3930 ex
1585 3872 1798 3927 civitate
1824 3868 1907 3922 di-

323 3985 486 4038 mittit
511 3959 765 4050 angelus?
793 3979 861 4032 At
890 3975 1020 4030 nihil
1053 3973 1158 4026 tale
1188 3970 1268 4024 vel
1300 3968 1548 4023 dixerunt
1575 3962 1658 4016 vel
1699 3959 1904 4029 cogita-

323 4087 466 4132 runt.
501 4049 629 4128 Illud
656 4072 802 4127 enim
841 4068 1078 4123 maxime
1105 4063 1174 4118 ad
1199 4062 1355 4117 fidem
1400 4057 1651 4128 pertinet,
1684 4061 1742 4107 ut
1768 4049 1908 4105 nulla

322 4171 690 4223 mandatorum
724 4165 858 4217 ratio
887 4160 1212 4228 exquiratur,
1241 4156 1331 4209 sed
1355 4155 1518 4224 jussis
1549 4161 1751 4205 tantum
1779 4147 1900 4205 obe-

323 4266 519 4316 diatur.
551 4260 634 4314 l5.
673 4258 772 4324 Qui
803 4271 914 4309 cum
942 4252 1202 4315 abiissent,
1225 4264 1336 4301 ecce
1363 4246 1569 4316 angelus
1586 4241 1790 4296 Domini
1809 4257 1907 4310 ap-

326 4354 495 4421 paruit
532 4352 585 4403 in
626 4348 813 4404 somnis
843 4345 1056 4414 Joseph,
1083 4343 1290 4395 dicens:
1322 4337 1486 4407 Surge
1512 4346 1556 4390 et
1587 4336 1761 4406 accipe
1789 4348 1910 4403 pue-

327 4463 440 4497 rum
465 4454 511 4497 et
540 4451 751 4494 matrem
778 4440 907 4508 ejus,
932 4446 976 4490 et
1003 4437 1120 4506 fuge
1146 4433 1198 4485 in
1226 4429 1534 4500 ﬁgyptum.
1565 4426 1664 4481 llic
1689 4423 1836 4479 subit
1856 4423 1908 4476 in

330 4550 562 4593 mentem
590 4534 834 4604 quzedam
861 4528 1121 4586 dubitatio
1150 4526 1292 4580 circa
1317 4535 1520 4591 magos,
1544 4527 1600 4574 et
1617 4519 1756 4573 circa
1777 4531 1912 4588 pue-

331 4649 469 4686 rum.
504 4630 615 4683 Etsi
644 4627 787 4682 enim
819 4624 895 4678 illi
925 4621 1116 4676 turbati
1148 4633 1252 4672 non
1281 4615 1408 4678 sint,
1433 4613 1524 4668 sed
1551 4611 1777 4666 ﬁdeliter
1799 4623 1914 4663 om.

333 4724 415 4777 nia
445 4718 801 4787 susceperint,
837 4713 991 4768 nobis
1033 4721 1210 4765 tamen
1248 4704 1591 4777 quaerendum
1634 4698 1909 4761 incumbit,

333 4830 428 4869 cur
457 4828 562 4866 non
592 4821 644 4865 et
673 4809 748 4862 illi
781 4815 836 4862 et
871 4819 1004 4874 puer
1041 4808 1337 4873 praasentes
1375 4803 1683 4856 servantur;
1715 4789 1810 4845 sed
1840 4788 1916 4844 illi

337 4909 388 4960 in
421 4903 720 4966 Persidem,
755 4900 840 4953 hic
873 4900 924 4951 in
959 4895 1250 4965 [Egyptum
1297 4905 1419 4944 cum
1467 4897 1638 4941 matre
1684 4884 1911 4954 fugatur.

336 4999 441 5055 Sed
471 4995 636 5068 quid?
664 5009 731 5047 an
771 4989 1051 5061 oportebat
1077 4986 1222 5041 illum
1251 4982 1484 5036 incidere
1513 4981 1564 5034 in
1593 4991 1781 5031 manus
1809 4975 1918 5028 He-

338 5094 503 5158 rodis,
534 5099 590 5146 et
616 5098 830 5156 captum
863 5099 970 5137 non
998 5079 1259 5136 interﬁci?
1289 5078 1358 5130 At
1383 5089 1484 5128 non
1527 5080 1764 5142 putatum
1793 5068 1922 5121 fuis-

341 5195 422 5240 set
450 5186 623 5253 ipsum
653 5179 925 5248 accepisse
967 5187 1206 5239 carnem,
1239 5183 1410 5237 neque
1452 5162 1767 5221 oeconomia:
1804 5174 1921 5214 ma-

341 5277 559 5348 gnitudo
589 5273 790 5328 credita
830 5270 1036 5323 fuisset.
1083 5264 1213 5319 Nam
1259 5262 1303 5315 si
1343 5260 1424 5313 his
1467 5258 1534 5311 ita
1562 5256 1745 5326 gestis,
1775 5261 1922 5322 post-

343 5345 500 5439 quam
527 5366 694 5421 multa
722 5362 958 5417 humano
982 5356 1143 5412 modo
1182 5355 1486 5422 dispensata
1531 5359 1674 5414 sunt,
1708 5345 1921 5416 quidam
2018 5384 2023 5394 .

345 5463 524 5515 dicere
548 5457 662 5512 ausi
692 5462 816 5510 sunt
841 5451 1018 5507 carnis
1054 5444 1473 5514 assumptionem
1518 5454 1639 5494 esse
1669 5435 1922 5500 fabulam,

347 5570 452 5621 quo
483 5547 772 5621 impietatis
801 5561 906 5601 non
935 5539 1321 5612 prorupissenl,
1345 5536 1388 5588 si
1419 5533 1592 5587 omnia
1619 5529 1798 5583 divino
1813 5543 1927 5581 mo-

349 5649 418 5702 do
443 5655 500 5701 et
523 5642 813 5699 secundum
838 5652 987 5693 suam
1015 5632 1304 5705 potentiam
1345 5625 1592 5683 fecisset?
1628 5622 1807 5691 Magos
1829 5635 1927 5674 au-

351 5753 456 5796 tem
489 5739 740 5796 celeriter
770 5732 986 5796 emittit,
1017 5727 1171 5784 simul
1201 5725 1450 5780 doctores
1481 5720 1697 5774 mittens
1729 5717 1780 5769 in
1805 5715 1930 5769 Per-

350 5852 530 5893 sarum
563 5833 858 5904 regioncm,
887 5833 941 5884 et
969 5820 1179 5896 tyranni
1221 5819 1452 5874 furorem
1499 5819 1842 5885 praevertens,
1875 5815 1931 5862 ut

1380 435 1444 490 IN
1484 424 1902 487 SIA'I'TIIEUM’
1937 421 2168 480 IIOMIL.
2215 419 2350 473 VIII.
3445 376 3535 432 851

1947 543 2232 598 edisceret,
2261 546 2320 586 se
2345 540 2432 582 res
2457 535 2575 592 qua:
2597 514 2709 570 ﬁeri
2738 524 2844 565 non
2868 510 3084 576 possent
3109 494 3346 569 aggredi,
3367 491 3524 546 iram-

1951 649 2055 705 que
2081 630 2196 700 ejus
2223 622 2456 684 sedaret,
2487 624 2541 669 et
2560 628 2589 666 a
2613 622 2748 661 vano
2769 601 2951 658 labore
2979 593 3294 650 retraheret.
3320 584 3397 640 Ad
3416 583 3530 705 ejus

1953 675 2418 790 enimipotentiam
2465 703 2714 776 pertinet.
2759 710 2864 751 non
2898 688 3057 744 modo
3087 681 3329 738 inimicos
3359 675 3532 745 palam
3560 715 3563 720 .

1957 768 2260 888 proﬁigrare,
2283 805 2377 860 sed
2407 801 2567 856 etiam
2613 797 2757 863 ipsos
2797 785 2948 841 facile
2977 779 3246 845 decipere.
3281 772 3370 826 Sic
3394 768 3536 820 enim

1959 872 2238 978 :Egyptios
2269 901 2322 953 in
2355 893 2660 950 Judmorum
2687 881 2909 953 gratiam
2931 872 3160 940 decepit,
3192 878 3243 920 et
3270 878 3390 919 cum
3420 872 3540 928 pos—

1961 960 2270 1058 sefillorum
2288 988 2498 1045 divitias
2524 983 2575 1035 in
2601 990 2786 1032 manus
2807 970 3148 1026 Hebraeorum
3177 960 3348 1030 palam
3372 963 3544 1009 trans-

1961 1055 2120 1144 ferre,
2164 1078 2300 1132 clam
2328 1073 2378 1128 id
2406 1084 2459 1126 et
2487 1086 2604 1124 cum
2637 1066 2973 1122 astutialﬁeri
3001 1063 3150 1132 jubet
3183 1075 3196 1111 :
3233 1058 3280 1112 id
3313 1055 3451 1125 quod
3477 1055 3540 1107 il-

1962 1176 2070 1229 lum
2101 1188 2204 1226 non
2224 1170 2399 1224 minus
2422 1162 2808 1220 formidabilem
2839 1156 3077 1212 hostibus
3095 1151 3366 1212 reddebat,
3386 1163 3564 1219 quam.

1962 1267 2062 1319 alia
2094 1263 2267 1332 signa.

2033 1357 2088 1412 2.
2131 1329 2419 1408 Potentiam
2442 1348 2533 1402 Dei
2558 1363 2611 1400 in
2632 1341 2937 1414 decipiendis
2965 1336 3192 1391 hostibus-
3213 1333 3403 1387 elucere
3427 1329 3548 1384 olim

1965 1447 2183 1520 confessi
2204 1455 2319 1499 sunt
2337 1439 2658 1496 Ascalonitce.
2684 1435 2733 1489 Η
2740 1433 2938 1488 eradem
2964 1431 3142 1483 maluit
3167 1427 3302 1480 Deus
3324 1423 3551 1492 decipere

1965 1518 2116 1611 quam
2146 1537 2550 1606 perterrefacere.
2583 1529 2809 1584 Christus
2835 1541 2924 1578 cur
2948 1523 3006 1575 in
3031 1518 3319 1590 ngyptum
3346 1518 3548 1568 missus.

1968 1661 2036 1672 —-—
2055 1627 2372 1685 Ascalonita!
2402 1635 2629 1690 namque
2652 1616 2937 1684 cmterique
2965 1628 3148 1666 omnes
3171 1619 3446 1678 postquam
3467 1621 3554 1658 ar-

1970 1737 2088 1776 cam
2133 1724 2406 1788 ceperant,
2441 1711 2677 1783 percussi
2705 1705 2897 1762 deinde
2942 1702 3293 1758 hortabantur
3330 1712 3456 1752 suos
3486 1711 3553 1750 ne

1973 1819 2289 1884 pugnarent,
2320 1823 2492 1878 neque
2539 1804 2820 1858 adversum
2851 1805 3075 1862 starent,
3105 1810 3167 1848 ac
3196 1809 3314 1848 cum
3345 1789 3555 1846 caneris

1974 1904 2250 1960 miraculis
2279 1901 2383 1955 hoc
2407 1899 2565 1954 etiam
2591 1897 2642 1950 in
2673 1892 2904 1948 medium
2934 1886 3268 1960 proferebant
3288 1885 3553 1938 dicentes:

1978 2002 2149 2064 Quare
2168 1992 2450 2066 aggravatis
2470 1989 2627 2044 corda
2648 1995 2830 2049 vestra,
2849 1984 2975 2038 sicut
2990 1979 3277 2052 aggravavit
3297 1974 3558 2045 zEguptus

1977 2103 2022 2146 et
2056 2088 2298 2144 Pharao?
2325 2099 2492 2140 nonne
2519 2090 2781 2153 postquam
2802 2075 2960 2130 illusit
2987 2074 3078 2136 eis,
3108 2081 3223 2123 tunc
3255 2067 3442 2121 dimisit
3471 2081 3559 2133 po-

1979 2185 2153 2254 pulum
2181 2195 2348 2244 suum,
2381 2186 2424 2232 et
2449 2176 2680 2229 abierunt
2705 2171 2779 2242 (l.
2807 2169 2934 2238 Reg.
2960 2169 3011 2220 6.
3037 2163 3126 2236 6)?
3149 2163 3272 2217 Hmc
3291 2158 3558 2220 dicebant,

1979 2282 2226 2345 putantes
2255 2270 2356 2324 hoc
2387 2278 2714 2339 postremum
2744 2262 2951 2330 signum
2979 2273 3083 2311 non
3111 2255 3287 2310 minus
3316 2267 3436 2306 esse
3459 2266 3563 2304 ca:-

1981 2343 2109 2420 teris
2136 2363 2310 2434 palam
2337 2359 2524 2429 gestis,
2549 2355 2615 2410 ad
2641 2355 2760 2423 ejus
2780 2346 3247 2406 demonstrandam
3273 2343 3562 2413 potentiam

1978 2467 2139 2528 atque
2166 2450 2602 2524 magnitudinem.
2631 2446 2686 2502 Id
2715 2442 2858 2515 quod
2897 2442 3056 2496 etiam
3106 2439 3190 2492 hic
3237 2436 3428 2490 factum
3460 2443 3564 2499 est,

1984 2527 2296 2620 poteratque
2343 2553 2627 2615 tyrannum
2686 2534 3126 2608 perterrefacere.
3186 2527 3567 2582 Animadverte

1986 2656 2213 2711 namque
2245 2645 2440 2708 quanta
2474 2646 2711 2704 passum,
2742 2637 2793 2682 et
2823 2633 3022 2696 quanto
3051 2621 3396 2692 prml‘ocatum
3428 2630 3566 2670 mte-

1988 2750 2107 2790 rore
2129 2729 2396 2787 Herodem
2427 2727 2589 2780 fuisse
2619 2719 2908 2776 verisimile
2930 2718 3018 2777 sit,
3053 2715 3130 2769 sic
3155 2729 3184 2766 a
3212 2712 3379 2780 magis
3410 2709 3570 2763 dece-

1989 2838 2137 2899 ptum
2163 2833 2216 2879 et
2247 2823 2479 2876 illusum.
2510 2815 2644 2886 Quid
2673 2814 2840 2878 enim,
2874 2811 2917 2865 si
2958 2824 3064 2864 non
3094 2807 3286 2862 melior
3326 2805 3399 2859 sit
3438 2802 3568 2859 effe-

1989 2894 2141 2976 ctus?
2172 2915 2222 2970 id
2254 2922 2400 2968 certe
2427 2925 2532 2964 non
2563 2906 2628 2960 ad
2654 2920 2778 2960 eum
2804 2902 2892 2973 qui
2925 2901 3040 2955 haec
3065 2897 3396 2969 dispensavit
3429 2894 3572 2949 refe-

1994 3008 2217 3066 rendum
2247 3014 2353 3069 est,
2386 3001 2478 3057 sed
2511 3000 2576 3053 ad
2605 2999 2874 3067 ingentem
2906 2994 3140 3048 furorem
3182 2989 3323 3043 illius
3347 2986 3437 3058 qui
3466 3001 3573 3041 non

1993 3100 2154 3155 cessit
2181 3098 2265 3164 iis,
2289 3110 2408 3166 qua:
2435 3093 2606 3162 ipsum
2634 3085 2895 3144 consolari
2919 3094 2973 3139 et
2997 3099 3024 3138 a
3054 3082 3288 3152 nequitia
3311 3079 3577 3135 abducere

1995 3191 2295 3252 debebant;
2327 3185 2420 3241 sed
2449 3182 2668 3239 ulterius
2714 3178 2995 3251 processit,
3044 3185 3102 3229 ut
3149 3182 3309 3228 tanta:
3357 3171 3579 3226 insania:

1997 3282 2266 3355 graviores
2296 3279 2464 3332 lueret
2496 3286 2700 3344 ptenas.
2732 3271 2796 3324 Et
2820 3285 2936 3334 cur,
2955 3267 3183 3337 inquies,
3215 3265 3265 3318 in
3287 3263 3580 3334 Egyptum

2001 3391 2130 3446 puer
2161 3369 2420 3427 mittitur?
2445 3367 2672 3422 Causam
2701 3363 2753 3416 in
2782 3361 2968 3431 primis
3011 3357 3232 3428 protulit
3257 3355 3580 3425 evangelista

2003 3468 2216 3522 dicens:
2242 3465 2328 3520 l5.
2349 3460 2414 3516 Ut
2442 3459 2734 3529 impleretur
2759 3453 2925 3508 illud:
2955 3450 3038 3506 Ea:
3063 3449 3294 3521 (Egypto
3320 3449 3490 3501 vocavi
3516 3449 3584 3514 ﬁ-

2007 3561 2127 3614 lium
2149 3573 2313 3612 meum
2343 3554 2513 3625 (Osee.
2545 3551 2633 3605 ll.
2662 3550 2753 3618 l):
2783 3546 3048 3616 simulque
3078 3544 3230 3598 bona:
3254 3542 3369 3612 spei
3404 3556 3582 3610 proce-

2012 3661 2114 3715 mia
2137 3658 2232 3713 toti
2253 3653 2367 3712 orbi
2397 3653 2911 3725 praenuntiabantur.
2936 3650 3068 3718 Quia
3105 3647 3247 3703 enim
3273 3647 3508 3718 Babylon
3540 3657 3591 3702 et

2013 3751 2276 3821 Egyptus
2306 3748 2424 3818 plus
2468 3761 2626 3817 quam
2675 3744 2912 3813 reliquus
2940 3742 3086 3797 orbis
3117 3740 3408 3811 impietatis
3435 3741 3593 3795 arde-

2015 3844 2141 3897 bant
2163 3842 2397 3904 flamma,
2425 3838 2492 3893 ab
2521 3836 2742 3892 exordio
2771 3835 3049 3891 declarans
3070 3849 3128 3888 se
3149 3833 3334 3888 ambas
3366 3832 3485 3888 illas
3513 3848 3594 3888 rc-

2012 3935 2197 4006 giones
2222 3930 2651 3994 emendaturum,
2682 3937 2736 3983 et
2759 3926 2825 3982 ad
2865 3927 3084 3980 meliora
3113 3924 3484 3986 deducturum,
3535 3924 3595 3978 si-

2015 4025 2230 4095 mulque
2257 4038 2351 4093 per
2378 4021 2491 4077 haec
2519 4021 2757 4076 indicans
2783 4019 2941 4074 etiam
2969 4018 3064 4071 toti
3083 4026 3342 4072 terrarum
3367 4015 3484 4071 orbi
3511 4016 3599 4070 bo-

2015 4132 2084 4170 na
2113 4112 2467 4185 exspectanda
2499 4127 2636 4177 esse,
2665 4119 2720 4165 et
2738 4123 2921 4176 magos
2943 4107 3107 4174 misit,
3129 4117 3184 4162 et
3206 4109 3318 4176 ipse
3340 4122 3464 4162 cum
3493 4123 3600 4161 ma-

2017 4217 2097 4261 tre
2127 4222 2221 4261 sua
2254 4205 2525 4276 profectus
2555 4211 2656 4258 est.
2704 4200 2781 4256 Ad
2813 4198 2929 4255 hrec
2956 4215 3086 4254 vero
3114 4199 3256 4252 aliud
3285 4198 3444 4252 etiam
3479 4197 3604 4254 inde

2016 4297 2290 4362 docemur,
2315 4295 2459 4366 quod
2483 4310 2586 4348 non
2611 4292 2800 4362 parum
2828 4307 2925 4346 nos
2954 4291 3019 4346 ad
3049 4290 3437 4360 philosophiam
3470 4290 3605 4345 inci-

2020 4397 2114 4443 tet.
2143 4387 2427 4455 Quodnam
2453 4382 2778 4450 iIlud?Quod
2805 4382 2871 4436 ab
2890 4382 3005 4450 ipso
3035 4379 3183 4435 initio
3212 4380 3531 4434 tentationes
3556 4389 3609 4434 et

2019 4481 2254 4552 pericula
2287 4479 2395 4534 sint
2419 4475 2798 4546 exSpectanda.
2823 4473 2949 4527 Vide
2968 4487 3196 4542 namque
3217 4471 3267 4526 id
3296 4471 3395 4541 ipsi
3425 4471 3493 4525 ab
3523 4472 3608 4526 in-

2020 4571 2296 4628 cunabulis
2322 4569 2598 4624 accidisse.
2628 4567 2758 4620 Nam
2779 4565 2867 4618 illo
2885 4573 3010 4641 nato
3036 4562 3162 4617 furit
3182 4574 3464 4634 tyrannus;
3488 4561 3622 4616 hinc.

2022 4666 2140 4735 fuga
2167 4675 2221 4718 et
2243 4661 2635 4730 transmigratio
2667 4659 2716 4711 in
2740 4656 2912 4712 exsilii
2939 4656 3137 4716 locum,
3159 4663 3213 4709 et
3236 4655 3418 4708 insons
3441 4663 3611 4710 mater

2025 4758 2075 4810 in
2109 4755 2453 4808 barbarorum
2497 4750 2768 4820 regionem
2800 4763 2860 4801 se
2905 4745 3127 4815 proripit
3154 4763 3167 4799 :
3196 4755 3256 4798 ut
3286 4754 3338 4798 tu
3371 4745 3610 4803 humau-

2024 4849 2177 4904 diens
2204 4847 2381 4914 aliquo
2410 4842 2670 4912 spirituali
2696 4839 2991 4894 ministerio
3029 4837 3293 4907 dignatus,
3340 4837 3382 4890 si
3413 4837 3612 4896 videris

2026 4951 2075 4992 te
2098 4939 2214 4992 dira
2240 4937 2527 5006 patientem
2560 4974 2575 4997 ,
2604 4942 2658 4986 et
2698 4932 2836 4984 inter
2859 4937 3108 4983 sexcenta
3137 4938 3438 4984 versantem
3473 4926 3614 4996 peri-

2025 5030 2165 5092 eula,
2188 5044 2253 5082 ne
2281 5025 2531 5088 turberis,
2559 5037 2690 5077 neve
2715 5021 2860 5075 dicas
2883 5039 2894 5072 :
2918 5018 3182 5086 Quidnam
3201 5018 3300 5070 hoc
3321 5017 3435 5072 est?
3457 5033 3614 5085 apor-

2029 5120 2172 5174 tebat
2200 5118 2377 5186 utique
2405 5130 2491 5170 me
2516 5113 2781 5173 coronari,
2813 5110 3037 5170 laudari,
3062 5109 3263 5163 clarum
3284 5118 3335 5160 et
3355 5107 3613 5161 illustrem

2028 5225 2167 5273 esse,
2192 5209 2278 5278 qui
2303 5206 2610 5260 mandatum
2642 5201 2843 5255 Doinini
2878 5200 3156 5268 impleam:
3184 5197 3273 5250 sed
3305 5197 3404 5251 hoc
3433 5213 3615 5251 exem-

2033 5302 2118 5370 plo
2149 5299 2308 5352 fultus
2339 5297 2544 5352 fortiter
2574 5294 2732 5355 feras,
2761 5307 2975 5362 gnarus,
3002 5290 3134 5341 hanc
3155 5305 3272 5342 cum
3295 5288 3476 5357 primis
3495 5303 3614 5342 esse

2032 5389 2385 5460 spiritualium
2417 5386 2650 5440 virorum
2676 5393 2897 5446 sortem,
2929 5387 2990 5434 ut
3017 5380 3213 5450 ubique
3236 5379 3617 5433 tentationihns

2042 5492 2386 5560 impetantur.
2414 5485 2794 5541 Animadverte
2811 5480 2972 5550 igitur
2988 5477 3164 5535 idnon
3181 5473 3352 5529 solum
3378 5487 3543 5543 puero
3562 5484 3616 5528 et

2042 5585 2201 5641 matri
2219 5583 2462 5639 accidere
2484 5580 2500 5611 ¹
2526 5597 2540 5646 ;
2573 5578 2665 5634 sed
2684 5576 2847 5632 etiam
2871 5571 3120 5628 barbaris
3138 5569 3261 5622 illis.
3300 5564 3430 5620 Nam
3454 5576 3506 5621 et
3534 5562 3613 5622 illi

2093 5805 2110 5837 ι
2139 5799 2256 5861 Alii,
2281 5795 2332 5848 id
2365 5808 2456 5846 non
2482 5794 2638 5844 solum
2656 5785 2800 5840 matri
2821 5781 2960 5851 pueri
2983 5781 3227 5836 accidere.
