4050 6364
465 368 545 448 85'
1668 392 1736 448 1N
1773 391 2184 448 MA’ﬂ'ilASUM
2225 391 2454 447 iiOMiL.
2495 392 2629 446 Vili.
3685 405 3758 458 su

455 517 594 574 ciam
623 514 907 574 discedunt
925 514 1076 585 quasi
1101 509 1338 583 fugitivi;
1370 518 1426 566 et
1445 510 1582 571 haec,
1607 523 1728 578 quae
1763 521 2052 577 numquam

461 627 495 668 e
519 611 680 666 domo
699 622 912 679 egressa
934 607 1127 672 fuerat,
1146 617 1251 659 tam
1274 603 1488 672 longum
1508 607 1562 654 et
1581 612 1936 654 aerumnosum
1956 597 2057 652 iter

463 701 738 771 suscipere
757 699 995 770 iubetur,
1025 697 1095 753 ob
1124 693 1421 751 mirabilem
1446 691 1588 746 hunc
1607 689 1806 744 editum
1829 701 2058 758 puerum

463 799 519 847 et
544 791 870 862 spiritualem
898 797 1132 858 partum.
1158 785 1293 840 Rem
1318 784 1510 838 iterum
1539 778 1854 850 stupendam
1880 779 2060 833 consi-

466 879 619 938 dera.
664 879 946 935 Palaestina
976 876 1276 939 insidiatur,
1307 872 1573 945 Egyptus
1617 884 1748 926 vero
1775 869 1980 939 excipit
2005 879 2061 923 et

468 990 650 1038 servat
675 978 882 1035 insidiis
909 980 1226 1050 impetitum.
1256 978 1440 1051 Neque
1459 982 1601 1036 enim
1624 991 1828 1037 tantum
1859 983 1912 1037 in
1940 982 2061 1039 ﬁliis

467 1071 809 1146 patriarchae,
837 1072 934 1128 sed
961 1072 1123 1128 etiam
1154 1071 1207 1127 in
1237 1072 1464 1128 Domino
1494 1073 1604 1144 typi
1629 1083 1684 1129 et
1709 1073 1889 1145 ﬁgura:
1925 1089 2058 1131 con-

468 1167 725 1238 tigerunt.
754 1165 858 1221 Per
883 1179 946 1221 ea
966 1165 1108 1220 enim
1147 1179 1267 1234 qua:
1289 1163 1359 1220 ab
1400 1164 1516 1235 ipso
1538 1173 1686 1236 gesta
1713 1173 1860 1233 sunt,
1891 1166 2059 1221 multa

469 1257 966 1330 praenuntiabantur
991 1272 1201 1321 eorum,
1233 1272 1353 1328 qure
1381 1266 1564 1326 postea
1590 1266 1847 1312 eventura
1871 1267 2059 1314 erant:

467 1350 612 1422 quod
627 1359 683 1407 et
701 1351 758 1405 in
784 1350 934 1405 asina
961 1359 1016 1405 et
1039 1350 1090 1404 in
1121 1349 1266 1419 pullo
1293 1347 1489 1404 factmn
1519 1356 1620 1404 est.
1648 1349 1883 1419 Angelus
1901 1349 2061 1420 igitur

467 1443 561 1515 qui
586 1442 854 1513 apparuit,
887 1456 992 1496 non
1022 1441 1264 1506 Mariam,
1294 1440 1392 1496 sed
1410 1439 1702 1512 Josephum
1729 1440 2056 1512 alloquitur:

468 1542 522 1588 et
553 1532 678 1602 quid
707 1531 872 1588 dicit?
919 1531 1146 1604 Surgens
1175 1533 1348 1602 accipe
1373 1548 1590 1604 puerum
1625 1542 1676 1588 et
1713 1542 1926 1590 matrem
1949 1534 2060 1600 eius

469 1623 693 1697 (Matth.
718 1625 773 1680 i.
804 1623 922 1695 20).
965 1625 1062 1680 ilic
1089 1641 1194 1681 non
1223 1625 1360 1680 ultra
1385 1625 1532 1688 dicit.
1565 1623 1843 1700 Conjugem
1883 1637 2059 1695 tuam;

467 1715 587 1782 sed,
613 1711 834 1770 Matrem
861 1717 989 1788 ejus.
1015 1715 1149 1783 Quia
1178 1718 1321 1771 enim
1354 1726 1538 1788 partus
1559 1718 1799 1790 contigit,
1825 1719 2059 1791 suSpicio

467 1807 645 1863 soluta
673 1814 777 1873 est,
809 1815 864 1860 et
892 1807 1006 1860 viro
1032 1807 1167 1862 ﬁdes
1193 1805 1330 1862 facta
1358 1816 1462 1873 est,
1493 1809 1662 1866 libere
1681 1808 1793 1880 jam
1825 1810 2059 1882 loquitur

469 1899 715 1970 angelus,
748 1915 923 1970 neque
948 1899 1111 1954 ﬁlium
1144 1916 1316 1970 neque
1352 1902 1633 1972 coniugi-tn
1683 1902 1799 1972 ejus
1840 1903 2056 1971 dicens;

467 1991 587 2060 sed,
617 1991 845 2047 Puerum
870 2000 918 2046 et
947 2003 1157 2046 matrem
1176 1993 1318 2062 ejus;
1343 2004 1390 2046 et
1409 1995 1530 2066 fuge
1548 1995 1600 2048 in
1626 1993 1951 2066 Egyptum;
1981 1999 2061 2050 fu-

466 2097 657 2154 gaeque
699 2098 913 2139 causam
964 2082 1112 2138 addit
1145 2101 1158 2137 :
1190 2083 1443 2138 Futurum
1483 2096 1555 2139 est
1596 2089 1750 2152 enim,
1782 2089 1968 2156 inquit,
2005 2099 2057 2142 ut

475 2173 706 2230 Herodes
727 2185 922 2246 qua'rat
945 2178 1170 2232 animam
1195 2178 1360 2248 pueri.

531 2359 584 2415 5.
602 2356 816 2428 Iosephi
831 2357 1136 2414 laus.—l-lis
1148 2357 1340 2413 auditis
1354 2357 1554 2428 Josepn
1571 2374 1677 2413 nou
1691 2358 1924 2414 offensus
1947 2370 2049 2426 est,

461 2468 636 2526 neque
670 2452 848 2509 dixit:
890 2453 1140 2524 Enigma
1187 2464 1270 2508 est
1304 2452 1428 2507 hoc.
1471 2451 1550 2506 Tu
1581 2467 1749 2522 nuper
1788 2453 2004 2508 dicebas
2035 2471 2050 2510 :

460 2543 674 2600 Salvum
689 2544 841 2618 faciet
854 2545 1098 2615 pupulum
1113 2559 1263 2598 suum
1276 2541 1492 2614 (Matth.
1509 2544 1560 2596 i.
1576 2542 1670 2617 21)
1691 2563 1703 2597 :
1723 2559 1861 2598 nunc
1875 2553 2052 2600 autem

457 2649 562 2690 nm
599 2633 834 2704 seipsum
868 2642 1042 2704 potest
1069 2647 1284 2688 servare
1303 2673 1319 2698 ,
1355 2632 1451 2688 sed
1472 2631 1594 2702 fuga
1621 2633 1774 2688 nobis
1805 2643 1890 2689 est
1920 2649 2055 2704 opus

459 2727 513 2782 et
534 2725 962 2797 peregrinatione
979 2740 1044 2780 ac
1060 2723 1345 2796 longinqua
1377 2724 1840 2796 transmigratioue
1863 2727 1888 2781 ’ἰ
1915 2726 2056 2783 Con-

458 2816 618 2871 traria
640 2827 765 2871 sunt
792 2816 907 2871 haec
931 2816 1269 2886 promissioni
1299 2823 1422 2871 tute.
1451 2816 1558 2872 Sed
1585 2817 1718 2873 nihil
1744 2817 2049 2888 hujusmodi

457 2907 637 2975 dixit;
666 2906 838 2962 ﬁdelis
867 2907 1012 2962 enim
1056 2910 1138 2962 vir
1171 2915 1328 2973 erat;
1362 2923 1535 2978 neque
1562 2909 1888 2964 reversionis
1916 2917 2052 2965 tem-

457 3013 560 3070 pus
583 2997 820 3069 inquirit,
841 2997 1049 3053 etiamsi
1065 2999 1284 3069 angelus
1304 2997 1579 3053 indeﬁnite
1603 2999 1856 3070 loquutus
1875 3011 2048 3068 esset;

457 3106 584 3147 nam
623 3090 700 3145 ait
729 3107 744 3144 :
776 3088 900 3144 Esto
926 3089 992 3143 ibi
1019 3131 1034 3156 ,
1079 3091 1359 3161 usquedum
1385 3091 1552 3145 dicam
1580 3091 1692 3146 tibi.
1735 3091 1932 3147 Verum
1962 3094 2052 3151 ille

459 3197 569 3239 non
606 3181 732 3237 ideo
756 3179 976 3253 segnior
1014 3180 1186 3237 factus
1213 3190 1297 3236 est
1317 3223 1330 3247 ,
1361 3181 1458 3236 sed
1497 3190 1649 3252 paret
1685 3191 1741 3238 et
1773 3183 2052 3255 obtempe-

458 3284 562 3339 rat,
595 3274 1025 3345 tentationesque
1048 3288 1240 3329 omnes
1263 3289 1384 3328 cum
1413 3275 1607 3344 gaudio
1632 3275 1843 3332 tolerat.
1869 3278 2054 3334 Enim-

457 3381 586 3430 vero
613 3365 872 3438 benignus
904 3367 1044 3422 Deus
1072 3366 1157 3421 bis
1183 3366 1452 3423 laboribus
1491 3367 1670 3424 dulcia
1702 3370 1915 3426 miscuit
1950 3388 1966 3427 :
1998 3373 2050 3428 id

451 3471 596 3537 quod
623 3469 782 3524 etiam
810 3469 866 3524 in
901 3471 1101 3527 sanctis
1132 3471 1379 3527 omnibus
1420 3479 1671 3529 observat
1701 3492 1717 3528 :
1746 3491 1920 3546 neque
1945 3493 2039 3550 pe-

449 3558 640 3628 ricula,
672 3575 848 3632 neque
870 3561 1104 3632 quietem
1131 3563 1442 3618 continuam
1471 3574 1690 3635 praestat
1715 3607 1733 3633 ,
1761 3567 1854 3623 sed
1884 3579 1939 3624 et
1960 3570 2041 3626 his

450 3661 508 3708 et
541 3652 646 3709 illis
685 3655 992 3725 permixtim
1029 3658 1218 3727 positis
1263 3659 1429 3713 vitam
1471 3658 1740 3729 iustorum
1782 3662 2039 3718 ordinat:

450 3741 505 3798 id
531 3743 675 3814 quod
701 3744 862 3800 etiam
902 3745 991 3801 hic
1009 3746 1136 3802 fecit
1167 3764 1182 3802 :
1213 3747 1373 3818 idque
1415 3750 1713 3818 perpendas
1741 3752 1923 3807 velim.
1951 3753 2046 3808 γε.

449 3833 546 3892 det
577 3835 670 3892 ille
687 3834 961 3908 Virginem
987 3847 1197 3896 uterum
1225 3851 1523 3911 gestantem
1554 3861 1567 3898 :
1598 3859 1659 3898 ea
1687 3844 1754 3899 de
1780 3861 1838 3901 re
1866 3847 2042 3900 turba-

449 3935 560 3992 tur,
583 3935 640 3982 et
660 3926 946 3984 admodum
967 3930 1159 3986 anxius
1182 3941 1265 3986 est
1287 3949 1302 3985 :
1324 3932 1618 3987 adulteram
1643 3935 1786 3988 enim
1815 3936 2043 4004 puellam

448 4034 572 4076 esse
613 4021 1024 4091 suspicabatur:
1071 4022 1167 4078 sed
1207 4024 1388 4078 statim
1429 4024 1634 4080 adstitit
1660 4026 1882 4096 angelus
1907 4068 1922 4092 ,
1952 4029 2039 4098 qui

447 4111 810 4182 suspicionem
831 4112 1066 4170 solveret
1093 4129 1157 4169 ac
1188 4125 1385 4170 metum
1417 4116 1740 4172 eliminaret.
1793 4118 1930 4174 Cum
1959 4122 2040 4174 vi-

448 4201 529 4256 dit
547 4211 726 4259 ttatam
757 4218 1001 4274 puerum,
1027 4204 1222 4276 gaudio
1251 4221 1446 4278 magno
1469 4208 1718 4277 perfusus
1748 4218 1834 4264 est
1871 4227 1885 4265 :
1915 4227 2040 4265 ruro

448 4309 674 4365 sumque
708 4295 958 4366 gaudium
1002 4295 1307 4365 huiusmodi
1348 4299 1642 4368 periculum
1669 4317 1776 4356 non
1807 4317 2036 4371 parvum

449 4387 686 4459 excipit,
723 4389 941 4446 civitate
986 4391 1295 4460 perturbata
1321 4430 1338 4457 ,
1380 4407 1445 4446 ac
1487 4408 1613 4463 rege
1640 4392 1874 4462 furente,
1911 4412 2042 4467 pue-

449 4495 677 4551 rumque
705 4482 1066 4552 perquirente.
1117 4482 1188 4537 At
1227 4483 1686 4555 perturbationem
1719 4485 1866 4540 illam
1897 4486 2043 4541 aliud

450 4571 703 4644 gaudium
729 4572 948 4644 excipit,
975 4571 1131 4629 stella
1157 4589 1366 4645 nempe,
1391 4583 1447 4630 et
1476 4590 1752 4646 magorum
1777 4576 2033 4634 adoratio.

453 4670 666 4728 Rursus
711 4686 841 4727 vero
881 4682 1008 4742 post
1043 4672 1186 4727 hanc
1210 4670 1474 4734 laetitiam,
1518 4670 1680 4725 timor
1720 4683 1785 4724 ac
1810 4667 2031 4738 pericu-

450 4761 599 4818 ium:
635 4761 837 4828 Quaerit
853 4762 1024 4830 enim,
1049 4753 1228 4833 inquit
1249 4803 1264 4828 ,
1295 4760 1535 4817 Herodes
1575 4761 1813 4815 animam
1846 4759 2032 4829 pueri;

453 4851 762 4922 iterumque
837 4852 1153 4924 fugiendum
1233 4860 1319 4908 est
1393 4862 1448 4907 et
1531 4849 2034 4920 transmigrandum

455 4945 700 5004 humano
762 4962 945 5013 more;
1019 4945 1261 5002 nondum
1336 4945 1483 5001 enim
1550 4943 1816 4999 miracula
1875 4941 2037 4996 edere

457 5043 762 5112 oportebat.
851 5037 990 5094 Nam
1033 5039 1080 5094 si
1129 5053 1161 5093 a
1203 5038 1379 5109 prima
1430 5043 1587 5091 relate
1623 5032 1888 5089 miracula
1914 5031 2032 5087 edi-

457 5132 649 5200 disset,
679 5131 843 5187 homo
870 5147 978 5186 non
1001 5131 1240 5187 creditus
1271 5129 1486 5186 fuisset.
1535 5126 1743 5183 idcirco
1772 5125 2032 5182 nou-sim—

457 5225 674 5298 pliciter
700 5225 958 5295 templum
982 5223 1269 5290 formatur,
1293 5223 1386 5278 sed
1406 5222 1546 5276 uteri
1561 5229 1742 5275 tumor
1760 5218 2035 5288 conspici-

459 5324 570 5383 tur,
589 5325 645 5371 et
671 5331 862 5370 novem
897 5315 1166 5370 mensium
1188 5315 1449 5384 spatium,
1483 5321 1536 5367 et
1559 5322 1772 5383 partus,
1802 5309 2035 5364 etlactis

460 5408 874 5471 nutrimentum,
903 5407 1061 5478 quies
1089 5422 1186 5476 per
1212 5407 1442 5461 multum
1477 5403 1762 5474 temporis;
1792 5411 1925 5457 aetas
1950 5401 2035 5456 vi-

462 5494 583 5551 rilis
611 5502 978 5566 exspectatur,
1011 5503 1073 5548 ut
1101 5510 1200 5565 per
1227 5496 1410 5549 omnia
1438 5495 1688 5549 cridibile
1712 5493 2034 5548 redderetur

463 5585 783 5641 mconomite
810 5585 1150 5657 mysterium.
1176 5584 1294 5651 Qua
1323 5599 1452 5656 ergo
1481 5585 1549 5639 de
1584 5596 1770 5646 causa,
1795 5580 2034 5650 inquies,

465 5675 583 5736 hac
611 5676 682 5732 ab
727 5677 885 5732 initio
934 5676 1077 5732 facta
1113 5683 1242 5732 sunt
1270 5674 1467 5746 signa?
1513 5674 1739 5744 Pr0pter
1768 5679 1994 5726 matrem
2018 5711 2036 5737 ,

465 5775 684 5838 propter
709 5764 1025 5834 Josephum,
1047 5775 1270 5833 propter
1300 5767 1607 5823 Simeonem
1626 5762 1852 5835 jamjatn
1877 5764 2014 5818 mori

693 5979 757 6003 «θ’.

2170 526 2368 587 turutn,
2419 532 2640 590 propter
2691 528 2962 588 pastores,
3011 530 3235 593 propter
3284 536 3488 593 magos,
3537 533 3759 594 prOpIcI'

2164 609 2398 667 Iudaeos.
2431 609 2488 666 Si
2527 610 2670 665 enim
2698 611 2761 665 iis
2787 627 2906 682 quae
2931 613 3253 681 gerebantur
3280 625 3530 670 accurate
3559 616 3765 669 voluis-

2166 711 2288 758 sent
2309 701 2606 765 attendere,
2641 717 2747 758 non
2780 719 2999 772 parvum
3033 705 3157 760 hinc
3183 705 3250 760 ad
3278 705 3515 782 futurum
3545 716 3762 775 tempus

2169 793 2419 866 fructum
2443 795 2771 850 retulissent.
2805 797 2956 862 Quod
3002 798 3049 852 si
3079 798 3352 868 prophetae
3378 798 3445 853 de
3476 799 3644 870 magis
3676 800 3762 854 ui-

2168 885 2238 940 iiil
2275 885 2586 956 praedicant,
2630 903 2697 942 ne
2740 888 2856 942 ideo
2889 889 3154 955 turberis;
3191 906 3362 960 neque
3401 891 3542 946 enim
3574 892 3760 945 omnia

2168 978 2562 1047 praedixerunt,
2612 995 2786 1051 neque
2823 981 2980 1035 etiam
3035 983 3213 1036 omnia
3265 993 3564 1039 tacuerunt.
3607 983 3763 1040 Sicut

2164 1068 2307 1122 enim
2349 1069 2492 1124 nulla
2523 1085 2582 1124 re
2609 1081 2733 1126 ante
2757 1071 2935 1126 audita
2954 1113 2970 1138 ,
3017 1087 3106 1128 res
3135 1071 3436 1142 bujusmodi
3466 1085 3645 1145 gestas
3673 1077 3759 1130 vi-

2164 1159 2311 1224 dere,
2343 1176 2592 1232 maguum
2638 1173 2949 1233 stuporem,
2996 1180 3350 1236 magnamque
3400 1169 3762 1237 perturbatio-

2163 1267 2287 1307 nem
2333 1254 2678 1324 pepcrisset:
2724 1256 2802 1311 sic
2829 1257 2874 1310 si
2907 1257 3086 1311 omnia
3129 1257 3439 1314 didicissent
3481 1259 3759 1315 auditores

2163 1343 2444 1400 dormituri
2489 1356 2673 1411 erant,
2717 1363 2819 1404 nec
2866 1349 3164 1420 quidquam
3192 1351 3528 1422 evangelistis
3567 1352 3761 1409 inisset

2165 1435 2429 1491 relictum.
2462 1438 2614 1506 Quod
2655 1438 2701 1493 si
2746 1439 2814 1494 de
2852 1439 3129 1510 prophetia
3173 1443 3446 1512 ambigunt
3473 1442 3639 1498 Judazi
3672 1444 3759 1498 di-

2163 1537 2370 1594 centes,
2403 1529 2532 1584 illud
2555 1571 2570 1596 ,
2603 1527 2690 1585 Ea:
2729 1529 2964 1603 {Egypto
3006 1532 3178 1586 uocaui
3219 1533 3382 1602 ﬁlium
3426 1550 3590 1588 meum
3613 1575 3627 1596 ,
3685 1535 3758 1589 de

2161 1619 2400 1690 seipsis‘
2444 1620 2648 1675 dictum
2698 1637 2818 1677 esse
2865 1641 2878 1674 :
2929 1623 3368 1692 respondebimus
3418 1625 3561 1688 illis,
3610 1625 3759 1681 hunc

2161 1708 2322 1766 etiam
2353 1726 2472 1766 esse
2502 1711 2800 1782 pr0phetia:
2830 1729 3059 1780 morem,
3089 1725 3150 1769 ut
3179 1715 3344 1769 multa
3374 1731 3518 1786 sa-pe
3544 1717 3611 1772 de
3631 1718 3758 1773 aliis

2160 1801 2426 1864 dicantur.
2457 1813 2513 1861 et
2552 1805 2604 1860 in
2651 1806 2772 1861 aliis
2800 1805 3144 1875 impleantur,
3192 1808 3351 1877 quale
3378 1807 3506 1864 illud
3541 1809 3611 1865 de
3644 1809 3755 1881 Sy-

2161 1907 2319 1948 meon
2365 1902 2422 1949 et
2447 1893 2575 1950 Levi
2618 1894 2816 1950 dictum
2849 1915 2862 1950 :
2891 1894 3132 1950 Dividam
3165 1914 3252 1951 eos
3292 1899 3345 1951 in
3386 1897 3568 1964 Jacob,
3593 1910 3641 1955 et
3667 1901 3754 1953 di-

2159 2003 2395 2060 spergam
2422 2004 2511 2042 eos
2555 1989 2610 2043 in
2653 1987 2821 2044 Israel
2848 1988 3016 2060 (Gen.
3043 1989 3134 2044 49.
3159 1990 3190 2044 7
3215 1988 3236 2062 )
3267 2008 3281 2044 :
3308 1990 3360 2045 id
3387 1991 3527 2046 enim
3561 2008 3667 2046 non
3699 1993 3754 2048 in

2159 2073 2310 2148 ipsis,
2345 2079 2440 2136 sed
2479 2080 2532 2135 in
2564 2081 2794 2151 posteris
2824 2096 3011 2136 eorum
3045 2082 3318 2150 impletum
3363 2097 3447 2138 est
3480 2102 3494 2138 :
3526 2093 3580 2138 et
3621 2085 3754 2139 illud

2157 2171 2299 2244 quod
2327 2172 2394 2228 de
2418 2172 2672 2230 Chanaan
2699 2190 2727 2227 a
2758 2173 2871 2229 Noe
2897 2176 3292 2244 pronuntiatum
3324 2185 3438 2242 est,
3485 2177 3757 2233 Gabaoni-

2094 2339 2099 2343 '
2161 2265 2227 2320 tis
2256 2280 2320 2320 ex
2365 2267 2534 2337 stirpe
2566 2265 2839 2342 Chanaani
2871 2268 3114 2338 contigit.
3159 2267 3313 2335 Quod
3345 2268 3517 2337 ipsum
3547 2269 3756 2326 Jacobo

2158 2356 2319 2412 etiam
2367 2357 2626 2413 accidisse
2671 2358 3089 2428 deprehenditur
3122 2377 3134 2414 :
3164 2359 3562 2417 benedictiones
3604 2362 3753 2418 enim

2158 2446 2282 2515 illae,
2312 2446 2436 2504 Esto
2464 2450 2700 2505 dominus
2721 2451 2895 2522 fratris
2929 2451 3038 2517 tui,
3074 2462 3120 2506 et
3157 2454 3369 2507 adorent
3392 2463 3440 2508 te
3459 2454 3552 2523 ﬁlii
3591 2456 3756 2525 patris

2157 2539 2231 2594 tui
2275 2537 2446 2612 (Gen.
2483 2542 2575 2596 27.
2625 2541 2767 2613 29),
2816 2557 2920 2596 non
2955 2543 3008 2597 in
3040 2544 3155 2612 ipso
3193 2543 3352 2599 ﬁnem
3397 2559 3751 2616 acceperunt,

2156 2631 2475 2702 (quomodo
2520 2634 2669 2689 enim
2705 2633 2773 2688 ad
2826 2633 3001 2703 ipsum
3053 2637 3343 2704 pertineat,
3395 2637 3486 2710 qui
3528 2639 3750 2695 fratrem

2158 2722 2380 2778 timebat
2403 2725 2790 2793 tremebatque,
2823 2741 2887 2781 ac
2906 2729 3210 2783 sexcenties
3238 2730 3409 2800 ipsum
3437 2731 3750 2804 adoravit?)

2155 2813 2250 2870 sed
2288 2815 2358 2870 de
2398 2814 2549 2886 prole
2584 2814 2700 2886 eius
2726 2815 2928 2872 dictum
2971 2828 3073 2873 est.
3116 2818 3268 2888 Quod
3305 2822 3466 2876 etiam
3497 2822 3600 2878 hoc
3627 2825 3752 2881 loco

2155 2903 2261 2962 dici
2290 2906 2478 2977 possit.
2506 2905 2639 2974 Quis
2661 2907 2805 2962 enim
2838 2908 3021 2963 verius
3051 2909 3140 2964 Dei
3168 2910 3310 2967 ﬁlius
3335 2913 3544 2970 dicatur
3572 2933 3587 2968 :
3613 2932 3680 2970 an
3703 2919 3751 2972 is

2155 3010 2247 3079 qui
2290 3008 2514 3063 vutulum
2560 3009 2822 3076 adoravit,
2849 3019 2906 3066 et
2951 3011 3302 3084 Beelphegori
3350 3015 3586 3070 initiatus
3633 3025 3743 3082 est,

2154 3100 2354 3169 quique
2397 3099 2538 3155 ﬁlios
2581 3115 2708 3157 suos
2756 3101 3040 3159 daemoniis
3087 3105 3384 3160 immolavit
3409 3122 3426 3173 ;
3453 3121 3520 3160 an
3562 3107 3610 3162 is
3649 3107 3743 3177 qui

2155 3201 2347 3245 natura
2396 3189 2537 3247 ﬁlius
2585 3202 2737 3260 erat,
2781 3205 2837 3250 et
2877 3194 3177 3265 genitorem
3203 3195 3484 3252 honoravit
3513 3197 3743 3269 iliaque

2156 3281 2259 3336 nisi
2299 3281 2388 3337 hic
2413 3283 2750 3352 advenisset,
2784 3285 3064 3357 prophetia
3095 3287 3312 3358 dignum
3359 3304 3466 3346 non
3497 3289 3741 3346 habitura

2155 3370 2316 3429 ﬁnem
2338 3385 2476 3430 erat.

2227 3547 2284 3602 4.
2327 3547 2460 3606 Vide
2511 3566 2642 3623 ergo
2695 3557 2966 3626 quomodo
3023 3558 3128 3617 hoc
3193 3561 3366 3633 ipsum
3417 3567 3748 3637 evangelista

2156 3638 2460 3698 subiudicet
2487 3643 2694 3713 dicens,
2730 3647 2800 3704 Ut
2843 3651 3160 3722 impleretur,
3197 3660 3488 3714 ostendens
3518 3661 3620 3715 nisi
3653 3678 3748 3718 ve-

2155 3730 2341 3798 nisset,
2374 3749 2482 3790 non
2529 3735 2858 3807 implendum
2904 3741 3035 3798 illud
3062 3744 3246 3802 fuisse.
3296 3749 3408 3805 iioc
3445 3767 3572 3808 vero
3617 3753 3745 3808 Vir-

2152 3823 2332 3892 ginem
2373 3827 2544 3896 ipsam
2590 3846 2697 3886 non
2739 3833 3080 3892 mediocriter
3106 3839 3307 3895 claram
3335 3842 3500 3898 efﬁcit
3525 3855 3579 3900 et
3619 3845 3746 3901 illit-

2153 3923 2337 3971 strem.
2384 3918 2516 3973 Nam
2546 3923 2690 3991 quod
2721 3933 2864 3981 totus
2909 3929 3136 3996 p0puius
3177 3934 3406 3988 encomii
3437 3935 3745 3993 iocohabe-

2151 4005 2260 4074 bat,
2317 4011 2416 4066 hoc
2462 4013 2634 4082 ipsum
2687 4016 2886 4074 habere
2915 4022 3088 4091 potuit
3126 4033 3181 4078 et
3210 4025 3346 4095 ipsa.
3393 4027 3546 4096 Quod
3593 4031 3742 4086 enim

2149 4101 2315 4157 altum
2360 4107 2640 4176 sapiebant
2682 4119 2737 4166 et
2787 4127 2910 4168 sese
2957 4112 3235 4183 iactabant
3286 4119 3356 4175 ob
3397 4121 3625 4176 reditum
3669 4140 3740 4180 ex

2150 4191 2406 4265 (Egypto,
2444 4197 2464 4266 (
2497 4198 2548 4252 id
2601 4200 2743 4270 quod
2790 4203 3135 4260 subindicans
3180 4209 3433 4275 prepheta
3482 4212 3737 4282 dicebat,

2149 4284 2337 4342 Nonne
2374 4290 2682 4362 alienigenas
2723 4295 2920 4350 adduxi
2956 4298 3020 4351 de
3055 4297 3403 4370 Cappadocia,
3426 4313 3474 4358 et
3507 4307 3742 4376 Assyrios

2146 4393 2211 4432 ea:
2234 4381 2378 4448 fovea
2403 4382 2467 4454 ?)
2513 4384 2532 4453 (
2563 4387 2716 4440 Amos
2748 4386 2802 4442 9.
2833 4388 2889 4458 7)
2943 4389 3070 4443 illud
3121 4391 3289 4461 ipsum
3327 4400 3740 4467 prmrogativam

2145 4469 2381 4542 Virginis
2409 4474 2550 4530 facit.
2579 4475 2691 4531 imo
2716 4495 2847 4535 vero
2877 4490 2932 4536 et
2961 4483 3185 4550 populus
3210 4493 3266 4540 et
3305 4488 3601 4555 patriarcha
3633 4491 3736 4544 de-

2144 4565 2464 4621 scendentes
2489 4576 2544 4622 et
2567 4570 2919 4628 ascendentes
2973 4574 3116 4640 inde,
3162 4576 3314 4632 istius
3351 4594 3609 4636 ascensus
3637 4597 3738 4639 seu

2142 4655 2346 4712 reditus
2382 4667 2564 4730 typum
2596 4660 2911 4728 implebant.
2953 4664 3086 4721 Nam
3125 4668 3202 4723 illi
3227 4669 3641 4738 descenderunt,
3675 4685 3740 4731 ut

2143 4758 2371 4804 mortem
2422 4765 2490 4806 ex
2521 4750 2662 4808 fame
2706 4753 3074 4813 imminentem
3119 4759 3450 4832 eliugerent;
3479 4765 3564 4820 hic
3603 4781 3739 4824 vero

2141 4847 2201 4892 ut
2227 4839 2418 4895 vitaret
2451 4851 2678 4897 mortem
2704 4845 2913 4903 insidiis
2938 4860 3200 4918 paratam.
3229 4854 3300 4906 At
3325 4853 3398 4908 illi
3422 4870 3489 4910 eo
3518 4859 3738 4913 venien-

2143 4939 2222 4985 tes
2249 4947 2316 4986 ex
2344 4931 2511 4998 fame,
2542 4944 2668 4991 tunc
2694 4936 2906 4994 liberati
2944 4951 3068 4996 sunt
3093 4957 3108 5008 ;
3154 4943 3246 4998 ille
3275 4960 3409 5002 vero
3453 4958 3513 5002 ut
3539 4965 3606 5004 eo
3629 4950 3734 5006 de-

2140 5023 2366 5090 scendit,
2399 5025 2670 5095 regionem
2705 5037 2868 5084 totam
2900 5045 2998 5101 per
3025 5033 3312 5090 adventum
3344 5054 3496 5092 suum
3525 5042 3735 5096 sancti-

2138 5113 2334 5170 llcavit.
2361 5115 2682 5176 Consideres
2708 5121 2886 5192 itaque
2917 5124 3077 5180 velim
3098 5129 3369 5196 quomodo
3390 5130 3528 5185 inter
3555 5131 3733 5186 humi-

2136 5206 2205 5261 lia
2240 5224 2358 5276 quas
2385 5209 2452 5264 ad
2490 5210 2818 5268 divinitatem
2848 5217 3120 5285 pertinent
3153 5223 3476 5277 reveientur.
3517 5225 3728 5279 Etenim

2135 5311 2256 5352 cum
2287 5297 2421 5354 dixit
2446 5302 2670 5371 angelus
2690 5344 2706 5372 ,
2739 5302 2886 5376 Fuge
2911 5306 2964 5360 in
3007 5306 3317 5380 Egyptum,
3352 5328 3456 5368 non
3480 5317 3732 5384 promisit

2211 5510 2449 5606 terra:
2755 5519 3061 5606 15.393939:
3076 5526 3248 5606 ,ξξγίίη
3269 5530 3741 5606 clementiamque

2145 5568 2294 5660 Rege.
2321 5568 3296 5660 priigg'eiﬁ'iécii'ddéin"
3305 5568 3740 5660 νιδίῖὲἱυδὶἒὲδέιῒιῗ

2729 5629 2737 5630 ί
2773 5629 2822 5654 r.‘
2833 5629 2846 5632 '
2855 5629 2873 5633 '
2881 5629 2902 5655 “,
2912 5629 2986 5636 ““““
3019 5629 3195 5640 ““¹⁷“¹’“’¹ν¹¹
3203 5629 3281 5644 ν¹¹⁵
3322 5629 3472 5647 συυωι
3503 5629 3736 5660 υιυῠυᾶιηι

2141 5629 2985 5724 ii.‘.‘.‘.fiz.f'”m’£‘i€€’f?£?€€’f’f1793'?!
3015 5662 3194 5724 ηιςηηεν
3213 5655 3278 5704 de
3299 5660 3477 5724 seirsts
3494 5661 3614 5724 dici;
3649 5681 3736 5717 se-

2141 5695 2694 5780 .pqstgr'iorem
2719 5695 2837 5780 vero
2859 5695 3290 5776 timeba-rigidum)
3299 5695 3710 5780 "Jé'

2141 5754 2259 5808 Cum
2281 5754 2445 5821 priore
2465 5773 2696 5816 consonat
2719 5754 3103 5822 mu5.iug."""
3131 5754 3176 5765 “’
3195 5754 3290 5769 ““’¹¹
3315 5754 3378 5772 “"
3405 5754 3489 5776 “'"
3507 5754 3599 5776 ’διν
3617 5754 3731 5782 “'0'-
