4090 6366
360 316 424 371 8S
1012 337 1073 389 δ.
1112 338 1397 389 aumms
1433 336 1931 390 uumsoswm
1966 335 2286 388 Αιιοιιιεν.
2322 335 2866 393 CONSTANTINOP.
3541 324 3611 382 86

360 427 455 480 καὶ
515 426 809 498 περιφανῆ,
858 426 1185 499 πρόσταγμα
1243 427 1548 499 πληροῦντα
1596 430 1928 481 δεσποτικον·

358 518 472 572 ἀλλ’
524 519 661 589 ἔχων
712 517 871 571 τοῦτο
931 519 989 571 16
1038 520 1357 592 ὑπόδειγμα.
1395 522 1564 594 φέρῃς
1596 520 1772 574 πάντα
1808 538 1930 588 γεν-

359 610 545 671 ναίως,
576 609 730 672 εἰδὼς
770 610 851 663 ὅτι
892 610 1122 680 μάλιστα
1159 611 1296 682 αὕτη
1338 612 1443 665 τῶν
1475 613 1854 681 πνευματικῶν
1896 614 1928 683 ὴ

358 699 648 753 ἀκολουθία
676 699 811 766 ἐστὶ,
850 699 910 751 16
938 701 1210 771 πανταχοῦ
1253 703 1589 772 πειρασμοὺς
1629 700 1929 771 συγκεκλη-

360 787 641 859 ρωμένους
681 786 844 858 ἔχειν.
876 788 1018 859 Ὅρα
1052 789 1181 857 γοῦν
1213 790 1311 842 ούκ
1341 791 1432 842 ἐπὶ
1470 792 1566 861 τῆς
1602 791 1804 860 μητρὸς
1837 790 1931 844 καὶ

355 877 451 932 τοῦ
496 877 545 909 ⁷⁵
582 879 796 932 παιδίου
837 879 995 933 τοῦτο
1020 882 1299 950 γινόμενον
1336 882 1513 952 μόνον,
1544 882 1678 935 ἁ).λά
1714 883 1807 934 καὶ
1840 883 1931 935 ἐπὶ

356 976 465 1028 τῶν
498 976 790 1049 βαρϐάρων
826 980 1065 1033 ἐκείνων.
1099 981 1205 1033 Καὶ
1236 979 1341 1053 γὰρ
1377 983 1568 1034 ἐκεῖνοι
1601 980 1774 1053 λάθρα
1798 982 1929 1034 ἀνα-

357 1068 629 1139 χωροῦσιν
667 1071 725 1123 ἐν
749 1070 896 1138 τάξει
932 1072 1202 1140 φυγάδων·
1245 1074 1337 1126 καὶ
1377 1072 1514 1143 αὕτη
1558 1073 1738 1136 πάλιν,
1780 1072 1928 1127 ούδέ-

358 1175 489 1211 ποτε
536 1160 635 1231 τὴν
676 1161 852 1214 οἰκίαν
893 1162 1197 1233 ὑπερϐᾶσα,
1239 1163 1455 1235 μακρὰν
1488 1164 1630 1217 οὓτω
1662 1164 1932 1218 ταλαιπω-

358 1249 479 1319 ρίας
526 1253 645 1305 ὁδὸν
686 1252 977 1324 ὑπομένειν
1024 1252 1323 1319 κελεύεται,
1364 1255 1452 1309 διὰ
1488 1254 1577 1308 τὸν
1622 1254 1932 1325 θαυμαστὸν

355 1341 543 1395 τοῦτον
575 1344 735 1398 τόκον
765 1346 859 1399 καὶ
888 1345 984 1409 τάς
1026 1348 1399 1416 πνευματικὰς
1443 1347 1654 1411 ὠδῖνας.
1688 1348 1795 1400 Καὶ
1838 1347 1933 1400 θέα

361 1434 422 1487 τὸ
462 1436 767 1507 παράδοξον
813 1438 993 1494 πάλιν.
1043 1439 1373 1511 Παλαιστίνη
1428 1442 1525 1512 μὲν
1574 1441 1930 1506 ἐπιϐουλεύει,

361 1526 638 1594 Αἴγυπτος
684 1530 740 1583 δέ
790 1530 1106 1601 ὑποδέχεται
1162 1532 1256 1585 καὶ
1294 1533 1545 1597 διασώζει
1592 1534 1681 1586 τὸν
1722 1534 1935 1587 ἐπιϐου-

358 1629 665 1699 λευόμενον.
692 1629 766 1681 Οὐ
791 1627 900 1701 γάρ
924 1628 989 1698 δὴ
1023 1628 1179 1698 μόνον
1208 1630 1299 1681 ἐπὶ
1325 1627 1433 1682 τῶν
1460 1626 1666 1681 παίδων
1697 1626 1791 1679 106
1822 1643 1928 1680 πιο

356 1718 617 1790 τριάρχου
660 1716 821 1771 τύποι
850 1717 1181 1779 συνέϐαινον,
1218 1717 1354 1771 ἀλλά
1391 1718 1485 1771 καί
1518 1718 1603 1770 ἐπ’
1640 1716 1801 1769 αὑτοῦ
1834 1714 1927 1769 τοῦ

356 1810 647 1863 Δεσπὸτου.
685 1807 864 1861 Πολλά
891 1808 1020 1878 γοῦν
1044 1809 1132 1862 διὰ
1173 1809 1280 1862 τῶν
1325 1811 1413 1863 ὑπ’
1443 1808 1605 1863 αὑτοῦ
1635 1808 1930 1879 γινομένων

356 1902 473 1954 τότε
512 1900 1018 1972 προανεκηρύττετο
1058 1900 1166 1953 τῶν
1199 1901 1422 1972 ὕστερον
1456 1902 1772 1971 συμϐαίνειν
1805 1900 1931 1971 μελ-

355 1990 573 2044 λόντων·
604 1991 739 2061 ὅπερ
761 1985 854 2043 οὖν
879 1991 973 2043 καὶ
999 1990 1092 2042 ἐπὶ
1119 1990 1218 2060 τῆς
1242 1991 1363 2043 ὄνου
1394 1990 1485 2043 καὶ
1511 1990 1601 2042 ἐπὶ
1630 1988 1724 2042 τοῦ
1750 1989 1928 2043 πώλου

355 2083 567 2151 γέγονε.
620 2082 813 2145 Φανεὶς
856 2082 1035 2135 τοίνυν
1082 2084 1110 2135 6
1160 2082 1410 2151 ἄγγελος,
1450 2083 1569 2152 οὐχὶ
1612 2085 1677 2153 τῇ
1720 2083 1926 2155 Μαρίᾳ,

355 2173 492 2228 ἀλλά
544 2173 623 2244 τῷ
676 2172 871 2243 Ἰωσὴφ
915 2173 1237 2243 διαλέγεται·
1285 2175 1377 2226 καὶ¹
1409 2172 1462 2225 τί
1502 2190 1700 2244 φησιν;
1738 2175 1930 2243 Ἐγερ-

354 2265 476 2331 θεὶς
510 2264 819 2333 παράλαϐε
850 2264 915 2318 τὸ
953 2265 1192 2318 παιδίον
1218 2264 1314 2319 καί
1340 2265 1456 2332 τὴν
1475 2264 1702 2333 μητέρα
1722 2253 1924 2319 αὑτοῦ.

366 2355 634 2409 Ἐνταῦθα
682 2355 866 2409 οὐκέτι
905 2355 1073 2424 λέγει,
1130 2359 1247 2423 Τὴν
1298 2354 1556 2425 γυναῖκά
1599 2372 1733 2417 σου,
1770 2354 1925 2421 ἀλλὰ,

358 2446 476 2514 Τὴν
526 2445 753 2515 μητέρα
803 2444 1010 2499 αὐτοῦ.
1059 2445 1275 2517 Ἐπειδὴ
1327 2446 1436 2518 γάρ
1470 2448 1499 2499 6
1548 2446 1703 2510 τόκος
1747 2445 1927 2518 ἐξέϐη,

353 2537 447 2588 καί¹
509 2538 542 2606 ἡ
593 2535 797 2606 ὑποψία
842 2536 1027 2605 ἐλύθη,
1071 2536 1165 2589 καὶ
1208 2536 1236 2587 6
1282 2536 1420 2607 ἀνὴρ
1460 2536 1754 2607 ἐπιστώθη,
1792 2536 1929 2606 μετά

352 2626 666 2697 παρρησίας
710 2625 895 2678 λοιπὸν
933 2625 1233 2693 διαλέγεται
1274 2625 1302 2677 6
1333 2626 1581 2694 ἄγγελος,
1628 2624 1751 2678 οὔτε
1800 2643 1929 2679 παι-

348 2717 481 2782 δίον,
533 2717 658 2771 οῠτε
715 2720 948 2787 γυναῖκα
999 2716 1162 2770 αὑτοῦ
1199 2717 1397 2770 καλῶν·
1431 2717 1584 2781 ἀλλά,
1618 2718 1929 2785 Παράλαϐε

349 2809 417 2862 t6
482 2809 721 2863 παιδίον
778 2810 875 2864 καὶ
920 2808 1033 2877 τὴν
1068 2807 1296 2877 μητέρα
1333 2808 1519 2863 αὐτοῦ
1541 2824 1556 2839 ·
1608 2810 1705 2862 καὶ
1747 2809 1929 2879 φεῦγε

347 2903 432 2966 εἰς
455 2902 779 2970 Αιγυπτον·
823 2902 915 2955 καὶ
935 2900 1033 2972 τὴν
1052 2900 1228 2953 αἰτίαν
1253 2899 1396 2967 λέγει
1418 2900 1513 2970 τῆς
1535 2899 1728 2970 φυγῆς·
1765 2900 1922 2954 Μέλ-

346 2993 441 3045 λει
471 2992 579 3060 γὰρ
606 2994 639 3045 ό
669 2990 948 3060 Ἡρώδης,
997 2991 1151 3062 φησὶ,
1184 2988 1375 3059 ζητεῖν
1417 2991 1531 3059 τὴν
1571 2991 1783 3061 ψυχὴν
1814 2992 1923 3047 τοῦ

346 3081 611 3135 παιδίου.

414 3176 487 3239 γ’.
508 3169 694 3223 Ταῦτα
715 3170 954 3233 ἀκούσας
973 3171 1002 3223 6
1030 3169 1226 3242 Ἰωσὴφ
1248 3170 1347 3223 οὒκ
1367 3171 1780 3243 ἐσκανδαλίσθη,
1802 3172 1922 3225 οὐδὲ

345 3258 518 3315 εἶπεν·
543 3263 781 3332 Δίνιγμα
807 3262 869 3315 16
894 3262 1125 3333 πρᾶγμά
1152 3263 1318 3316 ἐστιν·
1344 3264 1404 3317 06
1425 3263 1470 3295 ⁷⁵
1494 3263 1685 3334 πρώην
1714 3264 1918 3333 ἔλεγες,

347 3350 502 3424 [125]
527 3354 609 3406 ὅτι
644 3352 807 3406 σώσει
832 3353 924 3406 τὸν
954 3354 1081 3406 λαὸν
1115 3353 1310 3419 αύτοῦ;
1342 3354 1433 3407 καὶ
1465 3353 1560 3408 νῦν
1581 3354 1700 3408 οὐδὲ
1733 3356 1921 3409 ἐαυτὸν

345 3446 530 3508 σώζει,
571 3445 710 3499 ἀλλά
736 3448 914 3518 φυγῆς
944 3447 1075 3516 ἡμῖν
1115 3445 1292 3516 χρεία,
1324 3445 1419 3498 καὶ
1459 3446 1787 3517 ἀποδημίας,
1827 3448 1921 3500 καὶ

347 3539 567 3608 μακρᾶς
597 3538 977 3608 μεταστάσεως
1004 3538 1069 3569 ⁷⁸·
1098 3536 1313 3590 ἐναντία
1345 3542 1410 3608 τῇ
1440 3538 1729 3608 ὑποσχέσει
1754 3538 1825 3592 τά
1842 3555 1921 3607 γι-

343 3630 566 3699 νόμενα.
622 3628 759 3682 Ἀλλ’
792 3628 945 3681 οὐδὲν
975 3626 1179 3681 τούτων
1220 3627 1388 3695 λέγει·
1422 3629 1610 3692 πιστὸς
1645 3628 1754 3701 γάρ
1796 3624 1864 3701 ἦν
1891 3630 1921 3683 6

342 3721 504 3790 ἀνήρ·
539 3718 661 3773 οὐδὲ
693 3720 1113 3789 περιεργάζεται
1158 3718 1258 3789 τῆς
1282 3719 1539 3772 ἐπανόδου
1576 3720 1668 3774 τὸν
1705 3721 1914 3792 χρόνον,

341 3811 437 3863 καὶ
464 3810 637 3863 ταῦτα
676 3809 770 3863 τοῦ
801 3810 1031 3879 ἀγγέλου
1065 3810 1383 3881 ἀδιορίστως
1411 3810 1570 3864 αὐτὸν
1593 3811 1913 3876 τεθεικότος·

345 3902 500 3966 Ἕως
529 3904 640 3970 γὰρ
666 3900 745 3954 ἂν
770 3901 917 3953 εἴπω
940 3916 1058 3963 σοι,
1100 3899 1225 3954 ἴσθι
1256 3899 1397 3955 ἐκεῖ.
1442 3899 1578 3951 Ἀλλ’
1617 3900 1765 3971 ὅμως
1797 3900 1918 3954 οὐδὲ

341 3994 480 4065 πρὸς
504 3992 661 4045 τοῦτο
696 3991 1017 4063 ἐνάρκησεν,
1052 3990 1165 4044 ἀλλ’
1200 3990 1464 4044 ὑπακούει
1510 3991 1606 4044 καὶ
1646 3991 1914 4056 πείθεται,

344 4087 556 4147 πάντας
582 4082 722 4154 μετά
748 4083 921 4153 χαρᾶς
951 4082 1077 4143 τοὺς
1098 4084 1437 4154 πειρασμοὺς
1466 4082 1767 4153 ὑπομένων.
1806 4084 1913 4137 Καὶ

342 4191 451 4261 γὰρ
488 4191 516 4241 6
542 4189 919 4260 φιλάνθρωπος
950 4188 1082 4253 Θεὸς
1122 4191 1232 4252 τοῖς
1265 4188 1539 4251 ἐπιπόνοις
1576 4188 1782 4249 τούτοις
1820 4186 1916 4239 καὶ

343 4281 473 4350 ἡδέα
524 4280 799 4350 ἀνέμιξεν·
852 4281 987 4350 ὅπερ
1040 4279 1135 4334 καὶ
1185 4280 1277 4333 ἐπὶ
1329 4278 1544 4332 πάντων
1590 4277 1698 4329 τῶν
1744 4277 1913 4344 ἁγίων

344 4376 504 4435 ποιεῖ,
534 4372 657 4425 οὔτε
685 4374 814 4436 τοὺς
839 4372 1137 4435 κινδύνους,
1163 4368 1285 4423 οὔτε
1310 4369 1411 4432 τὰς
1436 4369 1648 4431 ἀνέσεις
1676 4370 1913 4437 συνεχεῖς

341 4465 532 4527 τιθεὶς,
572 4462 707 4518 ἀλλά
729 4462 827 4516 καὶ
850 4462 937 4516 διὰ
960 4461 1165 4515 τούτων
1195 4461 1289 4513 καὶ
1323 4460 1389 4513 δι’
1423 4458 1644 4513 ἐκείνων
1674 4458 1914 4527 ὑφαίνων

343 4557 432 4611 τὸν
465 4557 573 4609 τῶν
614 4557 835 4611 δικαίων
876 4556 1007 4628 βίον.
1042 4556 1107 4608 Ὃ
1148 4554 1213 4624 δὴ
1243 4553 1338 4607 καὶ
1376 4549 1607 4605 ἐνταῦθα
1628 4550 1912 4619 πεποίηκε·

347 4650 537 4703 σκόπει
571 4650 697 4722 γάρ.
742 4645 863 4703 Εῐδε
898 4649 1135 4702 κύουσαν
1168 4647 1266 4719 τὴν
1297 4644 1591 4716 Παρθένον·
1633 4644 1712 4706 εἰς
1744 4660 1916 4714 ταρα-

344 4745 443 4815 χὴν
489 4742 649 4795 αὐτὸν
685 4741 905 4795 ἐνέϐαλε
943 4740 1120 4806 τοῦτο,
1151 4740 1244 4792 καί¹
1275 4738 1366 4791 τὸν
1400 4736 1625 4806 ἔσχατον
1668 4734 1913 4806 θόρυϐον·

345 4836 436 4889 ἐπὶ
481 4835 695 4907 μοιχείᾳ
722 4834 832 4906 γάρ
866 4833 964 4905 τὴν
994 4833 1161 4904 κόρην
1195 4831 1531 4884 ὑπώπτευεν·
1565 4828 1681 4882 ἀλλ’
1715 4826 1915 4891 εὐθέως

347 4928 545 4998 ἐπέστη
576 4930 604 4981 6
632 4926 883 4996 ἄγγελος,
908 4926 1010 4995 τήν
1038 4941 1096 4977 τε
1126 4922 1359 4992 ὑποψίαν
1389 4922 1551 4986 λύων,
1582 4921 1677 4973 καὶ
1703 4919 1793 4972 τὸν
1822 4917 1917 4986 φό-

347 5018 437 5071 ϐον
468 5019 705 5089 ἀναιρῶν
731 5018 935 5071 τοῦτον·
967 5016 1061 5070 καὶ
1087 5014 1145 5068 16
1176 5014 1386 5067 παιδίον
1424 5012 1612 5082 τεχθὲν
1632 5010 1795 5082 ὀρῶν,
1820 5027 1917 5079 χα-

351 5110 446 5181 ρὰν
477 5108 840 5180 ἐκαρπώσατο
874 5107 1157 5178 μεγίστην.
1192 5104 1362 5159 Πάλιν
1391 5103 1488 5174 τὴν
1511 5102 1684 5175 χαρὰν
1711 5100 1915 5171 ταύτην

349 5202 585 5262 κίνδυνος
616 5201 676 5252 06
721 5199 911 5271 μικρὸς
948 5198 1269 5269 διαδέχεται,
1294 5196 1395 5265 τῆς
1420 5195 1626 5257 πόλεως
1657 5208 1917 5262 ταραττο-

352 5290 533 5362 μένης,
588 5291 684 5344 καὶ
733 5290 826 5343 τοῦ
872 5289 1134 5360 βασιλέως
1181 5286 1527 5359 μαινομένου,
1570 5285 1665 5339 καὶ
1704 5284 1794 5338 τὸν
1822 5300 1914 5337 τε·

348 5382 539 5453 χθέντα
563 5381 962 5453 ἐπιζητοῦντος.
1003 5380 1162 5434 Ἀλλά
1182 5380 1272 5433 τὺν
1294 5378 1520 5452 θόρυϐον
1544 5375 1732 5433 τοῦτον
1754 5374 1915 5445 ἐτέρα

350 5475 509 5529 πάλιν
548 5473 819 5538 διεδέξατο
856 5471 1017 5543 χαρά·
1068 5472 1098 5524 6
1142 5471 1339 5543 ἀστὴρ,
1374 5469 1468 5523 καὶ
1508 5469 1542 5540 ή
1582 5466 1690 5520 τῶν
1726 5467 1914 5538 μάγων

349 5567 737 5639 προσκύνησις.
768 5564 938 5619 Πάλιν
984 5562 1119 5636 μετά
1156 5562 1255 5633 τὴν
1296 5560 1491 5632 ἡδονὴν
1521 5559 1723 5629 ταύτην
1752 5557 1915 5628 φόϐος

2055 433 2149 487 καὶ
2188 434 2445 496 κίνδυνος·
2476 432 2658 501 Ζητεῖ
2686 432 2815 502 γὰρ,
2858 448 2930 502 φη
2943 431 3042 494 τὶν,
3089 430 3340 499 Ἡρώδης
3366 432 3483 494 τὴν
3506 436 3625 501 ψυ-

2053 522 2174 593 χὴν
2194 522 2299 576 τοῦ
2333 521 2591 576 παιδίου·
2620 523 2714 575 καὶ
2747 521 2823 574 δεῖ
2855 523 3044 589 φυγεῖν
3076 521 3169 574 καὶ
3201 520 3550 590 μεθίστασθαι
3576 523 3620 554 ⁷⁷

2053 616 2424 687 ἀνθρωπίνως.
2459 616 2903 685 Θαυματουργεῖν
2945 614 3055 684 γὰρ
3097 614 3231 676 τέως
3266 614 3365 667 οὐκ
3400 614 3523 668 ἔδει.
3560 617 3623 669 Εἰ

2052 708 2159 777 γάρ
2195 708 2257 759 ἐκ
2288 707 2504 779 πρώτης
2543 706 2757 777 ἡλικίας
2787 705 3035 775 θαύματα
3066 704 3391 769 ἐπεδείξατο,
3419 706 3527 759 066'
3556 706 3623 759 ἂν

2051 798 2308 867 ἐνομίσθη
2347 798 2628 867 ἄνθρωπος
2657 792 2813 847 εἶναι.
2857 796 2954 847 Διά
2983 812 3063 847 τοι
3098 794 3257 847 τοῦτο
3282 794 3401 846 ούδέ
3436 794 3622 858 ἁπλῶς

2051 885 2175 949 ναὸς
2206 886 2512 947 πλάττεται,
2546 883 2679 937 ἀλλὰ
2713 884 2805 935 καὶ
2834 884 3027 952 κύησις
3060 883 3284 950 γίνεται,
3316 884 3408 936 καὶ
3442 886 3622 936 ἐννεα-

2052 982 2298 1050 μηνιαῖος
2330 979 2538 1048 χρόνος,
2567 976 2661 1030 καὶ
2685 976 2894 1039 ὠδῖνες,
2926 977 3015 1028 καὶ
3035 977 3205 1038 τόκος,
3230 976 3323 1028 καὶ
3349 974 3496 1047 [124]
3524 992 3623 1043 γα-

2047 1070 2426 1139 λακτοτροφία.
2458 1070 2547 1121 καὶ
2583 1068 2670 1121 διά
2698 1067 2894 1130 παντὸς
2922 1067 3115 1135 ἡσυχία
3140 1066 3233 1119 τοῦ
3275 1066 3486 1136 χρόνου,
3529 1066 3621 1118 καὶ

2047 1164 2308 1233 ἀναμένει
2349 1162 2446 1230 τὴν
2496 1159 2717 1230 ἀνδράσι
2769 1159 3082 1228 πρέπουσαν
3136 1158 3369 1227 ἠλικίαν·
3418 1157 3504 1210 ἵνα
3533 1157 3620 1209 διὰ

2046 1256 2262 1309 πάντων
2295 1253 2693 1323 εύπαράδεκτον
2721 1251 2943 1319 γένηται
2972 1249 3071 1319 τῆς
3097 1250 3402 1319 οἰκονομίας
3430 1249 3489 1301 16
3521 1267 3617 1318 μυ-

2046 1346 2284 1415 στήριον.
2317 1342 2471 1405 Τίνος
2503 1338 2595 1395 οὖν
2622 1342 2806 1394 ἐνεκεν
2846 1340 3134 1393 καὶταῦτα
3168 1340 3234 1393 τά
3270 1342 3467 1409 σημεῖα
3497 1339 3619 1407 ἐγέ-

2043 1452 2185 1499 vaco,
2235 1434 2417 1505 φησὶν,
2462 1433 2519 1498 ἐξ
2566 1433 2777 1503 ἀρχῆς;
2823 1430 2921 1484 Διά
2961 1432 3059 1501 τὴν
3102 1431 3331 1500 μητέρα,
3383 1430 3471 1483 διά
3525 1430 3618 1483 τὸν

2056 1532 2271 1599 Ἰωσὴφ,
2325 1529 2412 1582 διὰ
2458 1530 2549 1582 τὸν
2600 1532 2823 1601 Συμεὼν
2869 1536 3128 1603 μέλλοντα
3159 1540 3374 1591 ἀπιέναι
3412 1541 3613 1603 λοιπὸν,

2041 1619 2129 1672 διά
2161 1621 2286 1682 τοὺς
2326 1622 2609 1690 ποιμένας,
2640 1623 2727 1677 διὰ
2763 1625 2889 1688 τοὺς
2926 1628 3153 1696 μάγους,
3196 1630 3282 1682 διὰ
3322 1634 3447 1695 τοὺς
3488 1633 3617 1686 Ἰου-

2041 1709 2242 1773 δαίους.
2290 1712 2351 1763 Εἰ
2394 1713 2502 1785 γάρ
2534 1714 2813 1769 ἐϐούλοντο
2847 1721 3135 1790 προσέχειν
3171 1722 3307 1791 μετά
3334 1724 3615 1796 ἀκριϐείας

2041 1804 2152 1863 τοῖς
2182 1802 2502 1872 γινομένοις,
2543 1805 2603 1857 ού
2651 1807 2819 1878 μικρὰ
2868 1810 2961 1861 καὶ
3000 1811 3245 1864 ἐντεῦθεν
3287 1814 3352 1866 ἂν
3383 1817 3516 1886 πρὸς
3548 1819 3617 1871 τα

2045 1892 2303 1963 μέλλοντα
2340 1894 2746 1965 ἐκαρπώσαντο.
2774 1899 2836 1951 Εἰ
2861 1899 2915 1952 δέ
2949 1901 3021 1971 μὴ
3053 1901 3297 1969 λέγουσιν
3327 1906 3377 1956 οἰ
3404 1906 3615 1977 Προφῆ-

2040 2001 2131 2037 ται
2176 1984 2243 2038 τά
2288 1986 2418 2056 περὶ
2468 1987 2575 2040 τῶν
2623 1990 2829 2059 μάγων,
2867 1990 2940 2061 μὴ
2985 1992 3307 2063 θορυϐηθῇς·
3344 1994 3467 2048 οὗτε
3504 1998 3613 2065 γὰρ

2042 2072 2219 2126 πάντα
2249 2075 2526 2143 προεῖπον,
2554 2074 2675 2129 οὔτε
2705 2079 2878 2131 πάντα
2903 2078 3236 2149 ἐσιώπησαν.
3269 2082 3477 2155 Ὠσπερ
3503 2086 3612 2157 γὰρ

2039 2164 2099 2215 16
2136 2163 2302 2233 μηδὲν
2331 2164 2668 2231 ἀκούσαντας
2701 2169 2826 2221 ἰδεῖν
2862 2171 3271 2240 παραγινόμενα
3300 2174 3345 2205 ⁷⁸
3374 2174 3442 2227 τά
3473 2178 3613 2246 πρά-

2040 2272 2245 2324 γματα,
2284 2256 2483 2327 πολλὴν
2508 2258 2680 2311 ἐποίει
2715 2260 2813 2329 τὴν
2842 2260 3099 2330 ἔκπληξιν
3133 2262 3227 2315 καὶ
3250 2264 3341 2317 τὸν
3364 2264 3609 2335 θόρυϐον·

2038 2344 2178 2398 οὕτω
2223 2346 2319 2399 καὶ
2351 2347 2411 2399 16
2451 2348 2629 2401 πάντα
2668 2349 2858 2419 μαθεῖν
2908 2351 3185 2405 καθεύδειν
3236 2355 3612 2425 παρεσκεύαζε

2037 2437 2127 2489 τὸν
2176 2439 2470 2510 ἀκροατὴν,
2516 2442 2611 2493 καὶ
2654 2444 2769 2506 τοῖς
2809 2443 3219 2513 εὐαγγελισταῖς
3262 2446 3412 2499 οὐδὲν
3462 2450 3612 2518 ἠφίει

2037 2529 2218 2585 πλέον.
2254 2531 2318 2583 Εἰ
2344 2531 2400 2584 δέ
2422 2533 2549 2603 περὶ
2577 2532 2678 2603 τῆς
2708 2535 3040 2605 προφητείας
3061 2536 3447 2607 ἀμφιϐάλλοιεν
3484 2541 3613 2593 Ἰου-

2036 2620 2172 2674 δαῖοι
2224 2620 2492 2691 λέγοντες,
2550 2622 2630 2688 16,
2687 2624 2790 2689 Ἐξ
2842 2627 3142 2696 Αἰγύπτου
3197 2628 3462 2686 ἐκάλεσα
3504 2631 3613 2685 τὸν

2036 2715 2170 2767 υἱόν
2217 2730 2357 2784 μου,
2408 2714 2494 2766 ἐπ’
2536 2714 2715 2768 αὐτῶν
2764 2713 3032 2787 εἰρῆσθαι·
3083 2717 3333 2791 εἴποιμεν
3374 2720 3439 2774 ἂν
3473 2723 3609 2790 πρὸς

2036 2805 2252 2871 αὐτοὺς,
2300 2806 2382 2859 ὅτι
2428 2806 2521 2859 καὶ
2565 2798 2715 2869 0610;
2751 2808 3084 2879 προφητείας
3125 2810 3306 2881 νόμος,
3339 2813 3399 2865 16
3437 2813 3607 2866 πολλά

2036 2895 2293 2959 πολλάκις
2327 2895 2577 2965 λέγεσθαι
2604 2896 2703 2967 μέν
2728 2898 2816 2950 ἐπ’
2845 2897 3039 2965 ἄλλων,
3070 2900 3408 2971 πληροῦσθαι
3431 2903 3488 2957 δέ
3520 2906 3607 2973 ἐφ’

2035 2989 2256 3061 ἐτέρων,
2288 2984 2397 3041 οἷον
2435 2987 2495 3041 16
2536 2989 2627 3041 ἐπὶ
2665 2988 2761 3042 τοῦ
2790 2989 3011 3060 Συμεὼν
3037 2992 3133 3045 καὶ
3164 2994 3294 3047 Λευῖ
3321 2998 3607 3067 εἰρημένον

2035 3080 2169 3132 ἐστί·
2200 3079 2480 3149 Διαμεριῶ
2509 3080 2619 3148 γὰρ
2653 3080 2894 3147 αὐτοὺς,
2933 3083 3116 3153 φησὶν,
3156 3084 3225 3137 ἐν
3258 3085 3471 3150 Ἰακὼϐ,
3506 3089 3603 3141 καὶ

2031 3168 2329 3237 διασπερῶ
2354 3168 2575 3234 αὐτοὺς
2598 3169 2667 3221 ἐν
2694 3169 2950 3237 Ἰσραήλ.
2985 3172 3243 3242 Καίτοιγε
3265 3174 3364 3228 ούκ
3396 3177 3482 3230 ἐπ’
3505 3178 3606 3231 αύ-

2030 3260 2138 3312 τῶν
2169 3258 2326 3313 τοῦτο
2363 3260 2604 3329 γέγονεν,
2631 3260 2744 3313 ἀλλ’
2769 3261 2989 3315 ἐπὶτῶν
3014 3263 3270 3332 ἐγγόνων·
3302 3265 3397 3319 καὶ
3427 3266 3486 3321 16
3508 3269 3603 3323 ἐπὶ

2029 3348 2123 3402 τοῦ
2165 3349 2387 3403 Χαναὰν
2428 3349 2486 3402 δέ
2520 3348 2670 3421 παρά
2698 3349 2791 3403 τοῦ
2830 3350 2954 3402 Νῶε
2986 3350 3199 3421 λεχθὲν,
3231 3354 3310 3416 εἰς
3340 3355 3465 3418 τοὺς
3504 3355 3604 3410 Γα-

2029 3440 2298 3505 ϐαωνίτας
2321 3441 2447 3504 τοὺς
2484 3440 2739 3510 ἐγγόνους
2765 3441 2810 3473 ⁷⁸
2832 3440 2927 3493 τοῦ
2949 3442 3170 3496 Χαναὰν
3196 3443 3377 3515 ἐξέϐη.
3403 3445 3513 3499 Καὶ
3540 3446 3603 3499 16

2029 3534 2120 3590 ἐπὶ
2146 3535 2241 3588 τοῦ
2278 3531 2469 3586 Ἰακὼϐ
2495 3531 2667 3595 οὕτως
2698 3533 2795 3585 ἴδοι
2827 3550 2911 3595 τις
2940 3534 3007 3587 ἂν
3036 3534 3268 3605 συμϐάν·
3292 3537 3348 3589 αἰ
3380 3537 3488 3610 γὰρ
3515 3539 3602 3591 εὐ-

2027 3627 2202 3696 λογίαι
2233 3628 2436 3680 ἐκεῖναι
2466 3626 2521 3679 αἱ
2541 3624 2818 3694 λέγουσαι,
2842 3627 3027 3681 Γίνου
3050 3626 3268 3696 Κύριος
3295 3629 3400 3684 τοῦ
3428 3630 3603 3685 ἀδελ-

2026 3716 2145 3788 φοῦ
2174 3733 2312 3782 σου,
2348 3717 2445 3771 καὶ
2472 3716 3072 3786 προσκυνησάτωσαν
3104 3734 3179 3773 σε
3206 3722 3260 3774 ot
3282 3720 3330 3753 '°
3353 3721 3470 3775 υἱοί
3495 3722 3602 3778 τοῦ

2026 3810 2249 3878 πατρός
2276 3825 2413 3876 σου,
2436 3811 2535 3864 οὐκ
2563 3811 2650 3865 ἐπ’
2678 3810 2841 3865 αὑτοῦ
2885 3811 3037 3875 τέλος
3066 3811 3242 3883 ἔσχον,
3281 3812 3432 3880 (πῶς
3468 3814 3599 3886 γὰρ,

2024 3901 2119 3957 τοῦ
2161 3901 2458 3965 δεδοικότος
2501 3903 2595 3956 καὶ
2640 3902 2955 3974 τρέμοντος,
2995 3904 3091 3957 καὶ
3141 3906 3400 3975 μυριάκις
3436 3906 3601 3961 αὑτὸν

2026 3992 2523 4064 προσκυνοῦντος;)
2563 3993 2677 4046 ἀλλ’
2721 3994 2814 4046 ἐπὶ
2849 3994 2959 4047 τῶν
3003 3995 3241 4063 ἐγγόνων
3269 3997 3378 4051 τῶν
3411 4000 3596 4057 αὑτοῦ.

2032 4088 2097 4141 Ὃ
2132 4087 2196 4158 δὴ
2232 4086 2326 4139 καὶ
2356 4085 2590 4139 ἐνταῦθα
2636 4084 2780 4139 είποι
2812 4103 2896 4149 τις
2926 4086 3011 4141 ἀν.
3044 4087 3139 4150 Τίς
3168 4088 3277 4157 γὰρ
3307 4088 3599 4159 ἀληθέστε-

2030 4203 2119 4258 ρος
2136 4186 2178 4218 ⁸¹
2199 4186 2322 4249 Υἱὸς
2338 4184 2472 4239 Θεοῦ
2492 4183 2740 4256 λεχθείη;
2765 4187 2793 4239 6
2812 4186 3011 4256 μόσχον
3035 4187 3377 4258 προσκυνῶν,
3406 4187 3599 4259 καὶτῷ

2026 4274 2347 4345 Βεε].φεγὼρ
2379 4275 2528 4347 [125]
2563 4279 2903 4349 τελούμενος,
2958 4282 3049 4333 καὶ
3096 4284 3219 4347 τοὺς
3272 4286 3419 4350 υίοὺς
3452 4287 3594 4343 θύων

2024 4367 2135 4425 τοῖς
2158 4364 2467 4434 δαιμονίοις,
2501 4369 2533 4437 ἢ
2568 4371 2596 4421 6
2629 4371 2787 4438 φύσει
2820 4372 2967 4438 Υἱὸς,
2995 4378 3087 4426 καὶ
3121 4374 3211 4437 τὸν
3237 4381 3592 4450 γεγεννηκότα

2023 4454 2232 4523 τιμῶν;
2266 4458 2429 4510 Ὥστε
2470 4462 2518 4511 εἰ
2572 4462 2645 4531 μὴ
2690 4464 3022 4532 παρεγένετο
3070 4459 3243 4532 οὗτος,
3296 4469 3397 4523 ούκ
3445 4471 3510 4525 ἂν
3560 4475 3591 4533 ή

2024 4544 2327 4613 προφητεία
2358 4546 2507 4610 τέλος
2535 4548 2690 4601 ἔλαϐε
2716 4551 2776 4604 16
2803 4554 3099 4624 προσῆκον.

2090 4635 2131 4687 δ’
2140 4636 2302 4707 ,Ὅρα
2320 4637 2449 4705 γοῦν
2478 4639 2594 4704 πῶς
2622 4642 2753 4695 αὐτὸ
2777 4645 2869 4697 καί⁵
2890 4648 2917 4698 6
2938 4646 3341 4722 Εὐαγγελιστὴς
3366 4652 3592 4708 αίνίττε-

2020 4738 2107 4814 ται
2125 4723 2319 4792 λέγων,
2342 4727 2465 4781 Ἵνα
2486 4731 2791 4800 πληρωθῇ,
2814 4734 3025 4799 δεικνὺς
3053 4738 3134 4790 ὅτι
3155 4740 3253 4792 οὐκ
3269 4740 3336 4794 ἂν
3356 4742 3595 4814 ὲπληρώ,

2022 4812 2109 4884 θη,
2130 4817 2177 4867 εἰ
2201 4816 2273 4887 μὴ
2294 4821 2686 4889 παραγέγονεν.
2707 4825 2818 4894 Οὐχ
2835 4824 2909 4888 ὡς
2935 4825 3092 4897 ἔτυχε
3118 4828 3175 4882 δέ
3201 4831 3296 4883 καὶ
3322 4832 3419 4898 τὴν
3441 4812 3579 4905 Παρο

2020 4905 2169 4998 θένον
2191 4907 2449 4980 λαμπρὰν
2469 4913 2625 4966 τοῦτο
2644 4918 2785 4968 ποιεῖ
2822 4917 2915 4969 καὶ
2946 4922 3239 4993 περιφανῆ.
3274 4924 3449 4995 Ὅπερ
3480 4927 3587 4998 γὰρ

2018 4992 2159 5066 εἶχεν
2185 5000 2213 5050 6
2241 4999 2409 5069 δῆμος
2437 5002 2581 5066 ἆπας
2607 5006 2666 5057 ἐν
2689 5006 2963 5078 ἐγκωμίου
2992 5011 3162 5076 τάξει,
3185 5013 3343 5067 τοῦτο
3368 4992 3461 5068 καὶ
3490 4992 3583 5070 06-

2017 5087 2082 5156 τὴ
2110 5087 2293 5142 λοιπὸν
2325 5090 2470 5161 ἔχειν
2492 5093 2739 5162 ἠδύνατο.
2777 5098 2993 5172 Ἐπειδὴ
3019 5102 3126 5171 γὰρ
3159 5104 3300 5173 μέγα
3328 5107 3583 5177 ἐφρόνουν

2016 5180 2107 5273 ἐπί
2136 5182 2212 5251 τῷ
2238 5182 2479 5239 ἀνελθεῖν
2507 5186 2564 5252 ἐξ
2592 5188 2890 5256 Αἰγύπτου,
2922 5196 3017 5245 καὶ
3044 5196 3374 5266 ἐκόμπαζον.
3404 5200 3581 5273 Ὅπερ

2014 5265 2105 5323 οὖν
2141 5273 2234 5324 καὶ
2265 5275 2293 5326 6
2319 5275 2612 5347 Προφήτης
2641 5281 3009 5352 αἰνιττόμενος
3037 5265 3239 5355 ἔλεγεν·
3264 5289 3409 5358 οὐχί
3438 5265 3580 5359 τοὺς

2013 5364 2403 5433 ἀλλοφύλους
2431 5369 2734 5441 ἀνήγαγον
2754 5374 2823 5427 ἐκ
2845 5377 3293 5445 Καππαδοκίας,
3317 5382 3415 5434 καὶ
3440 5383 3579 5451 τοὺς

2027 5454 2373 5523 Ἀσσυρίους
2403 5459 2472 5512 ἐκ
2492 5461 2754 5529 ,ϐόθρου;
2788 5467 2939 5519 Ποιεῖ
2966 5469 3059 5521 καὶ
3083 5470 3182 5539 τῆς
3215 5471 3489 5542 Παρθένου
3518 5474 3580 5528 16

2018 5550 2336 5618 προτέρημα
2376 5550 2541 5604 ’τοῦτο
2562 5553 2624 5608 ⁸⁸.
2638 5566 2656 5619 γι
2668 5556 2883 5610 Μᾶλλον
2934 5559 2992 5611 δὲ
3050 5561 3144 5613 κα)⁵
3187 5563 3216 5615 6
3249 5561 3374 5618 λαὸς
3416 5566 3509 5620 καὶ
3549 5568 3580 5620 6

393 5722 438 5806 7"
471 5723 570 5775 καὶ
599 5719 718 5807 τοῦ]
748 5719 841 5811 Snic
870 5718 932 5774 E.
973 5721 1321 5811 ιξξῐηλνριβο
1350 5721 1650 5811 καίῧᾶθοει.
1728 5723 1885 5811 7:06]
1920 5732 1922 5774 τ

2034 5723 2420 5811 ᾼἉῌρλλςξη..
2441 5724 2605 5811 νηιξο
2629 5724 2717 5778 σύ.
2735 5724 2870 5811 μοι
2898 5724 3086 5811 ἔλεγεν
3118 5726 3196 5811 Α..
3262 5726 3311 5756 ⁷⁸
3340 5743 3581 5811 μετανας

332 5793 575 5848 στάσεως
607 5791 894 5854 δανιςῦεη.

332 5861 807 5933 μετανίσταταιΙῆ
836 5862 931 5933 καὶ
960 5861 1123 5933 πάλιν
1162 5863 1191 5913 6
1219 5860 1449 5933 ἄγγελος

993 5790 1270 5867 ττᾼκαὶβὲῑ
1308 5794 1500 5867 φυγεῖν
1532 5794 1627 5867 καί
1666 5790 1922 5863 μεθίσταο

2034 5795 2049 5867 ]
2090 5790 2185 5867 Siq-
2210 5794 2271 5848 D.
2304 5795 2364 5867 ιε.
2393 5796 2497 5867 An.
2537 5790 2695 5867 :Arm.
2731 5796 2814 5848 δεῖ
2860 5811 2971 5867 οιιι.
3001 5790 3076 5851 VC.
3111 5795 3206 5848 καὶ

3250 5798 3445 5865 φεύγει
3477 5798 3581 5852 καὶ

1525 5863 1677 5932 ηνύει
1706 5867 1897 5936 φυγεῖν
1928 5863 2412 5936 καῖ’μεθίττασθαι
2446 5866 2511 5919 Δ.
2536 5865 2595 5917 Β.
2629 5866 2743 5936 τοι-ο
2773 5876 2831 5918 ιιι
2859 5864 2993 5919 Edd.
3073 5868 3119 5898 ⁷⁸
3148 5863 3577 5936 παραγενόμενα

333 5930 493 6011 gradui:
542 5934 585 6011 7f
611 5930 879 6011 ézyév...1
895 5932 1241 6011 éxij..._ler
1354 5930 1455 6011 Ερ.
1480 5930 1647 6011 _E_lilh.
1723 5935 1768 5966 ⁸ο
1795 5930 1849 5988 οἱ
1877 5953 1984 5993 om.
2015 5930 2076 5992 C.
2112 5935 2171 5991 Ε.
2201 5932 2364 5991 Eulh.
2441 5937 2481 5969 ⁸³
2516 5935 2878 6007 ἀληθέστερον
2911 5945 2963 5994 el
2988 5953 3109 5994 mox
3138 5930 3353 6008 λεχθείη
3378 5930 3446 5994 ἀν
3479 5940 3575 6011 Ep.

330 6004 374 6036 “
404 6002 581 6070 τοῦτο]
614 5997 755 6060 εἶναι
789 5997 947 6059 τούτο
978 6002 1041 6060 D.
1072 6002 1229 6058 τοῦτο
1255 5997 1555 6061 εἷναιἘύό.
