4090 6366
483 344 556 401 8ῖ
1596 373 1664 429 ΙΝ
1700 375 2119 440 MATTHEUM
2158 382 2390 443 HOMIL.
2435 387 2565 449 VIII.

493 462 838 537 πατριάρχης
870 467 1202 540 καταϐάντες
1232 473 1352 530 ἐκεῖ
1384 476 1432 510 ⁸³
1464 477 1558 534 καὶ
1583 481 1881 550 ἀναϐάντες
1919 489 2062 542 ἐκεῖ.

492 550 602 618 θεν,
628 553 720 609 τὸν
747 559 846 629 τῆς
875 559 1060 615 ἀνόδου
1091 563 1294 638 ταύτης
1319 569 1487 624 τύπον
1508 572 1788 646 ἐπλήρουν.
1820 579 1928 632 Kal
1949 581 2058 652 γὰρ

487 644 687 700 ἐκεῖνοι
730 647 954 740 θάνατον
987 654 1276 725 φεύγοντες
1309 661 1401 716 τὸν
1431 663 1538 718 ἀπὸ
1567 644 1662 721 τοῦ
1708 669 1892 740 λιμοῦ,
1926 644 2057 728 κᾷτζ

485 734 674 806 ῄεσαν·
726 741 821 796 καὶ
856 737 1010 810 οὗτος
1055 748 1283 804 θάνατον
1323 753 1415 808 τὸν
1457 755 1519 822 ἐξ
1549 734 1887 834 ἐπιϐουλῆς.⁷
1916 765 2055 821 Ἀλλ’

487 829 683 885 ἐκεῖνοι
711 834 811 904 μὲν
834 838 1182 904 κατελθόντες
1201 843 1265 908 ⁸⁸,
1291 845 1383 900 τοῦ
1405 848 1450 879 ⁸⁸
1478 848 1636 920 λιμοῦ
1661 829 2056 929 τότενάπηλλά-

486 936 681 991 γησαν·
715 921 868 992 οὗτος
902 929 958 983 δὲ
990 934 1251 1002 καταϐὰς,
1283 937 1383 1010 τὴν
1419 942 1601 1016 χώραν
1629 947 1809 1002 πᾶσαν
1838 921 1926 1004 διά
1950 953 2050 1023 τῆς

483 1011 786 1080 ἐπιϐάσεως
821 1020 1032 1089 ἡγίασε.
1061 1025 1260 1080 Σκόπει
1283 1030 1413 1098 γοῦν
1439 1011 1553 1097 πῶς
1588 1037 1793 1106 μεταξὺ
1818 1039 1928 1096 τῶν
1956 1011 2052 1098 ea:

484 1106 679 1160 πεινῶν
712 1111 806 1164 καὶ
834 1113 901 1166 τά
931 1115 1029 1183 τῆς
1069 1116 1318 1190 θεότητος
1357 1125 1771 1184 ἐκκαλύπτεται.
1805 1132 1914 1188 Kal
1939 1133 2048 1207 γάρ

481 1199 506 1250 ὃ
553 1198 782 1268 ἄγγελος
819 1203 1008 1272 εἰπὼν,
1039 1208 1224 1280 Φεῦγε
1253 1215 1340 1279 εὶς
1372 1215 1695 1285 Αιγυπτον,
1733 1222 1835 1277 οὐκ
1871 1198 2046 1296 ἐπηγλ

483 1289 694 1357 γείλατο
739 1295 922 1360 αὐτοῖς
960 1300 1372 1376 συνοδοιπορείν,
1415 1305 1538 1361 οὔτε
1582 1311 1880 1378 κατιοῦσιν,
1921 1315 2045 1370 οὐτε

479 1379 735 1446 ἀνιοῦσιν,
778 1385 1146 1457 αἰνιττόμενος
1183 1393 1262 1446 ὄτι
1304 1396 1479 1465 μέγαν
1516 1399 1697 1470 έχουσι
1744 1406 2046 1462 συνοδοιπό-

478 1487 590 1540 ρον,
631 1473 692 1526 τὸ
721 1477 908 1545 τεχθὲν
942 1483 1172 1536 παιδίον·
1205 1485 1264 1549 ὃς
1305 1488 1399 1542 καὶ
1433 1491 1504 1544 τά
1537 1495 1836 1565 πράγματα
1867 1501 2043 1556 πάντα

479 1563 768 1630 μετέϐαλεν
793 1567 929 1637 όμοῦ
957 1573 1163 1640 φανεὶς,
1188 1578 1281 1631 καὶ
1303 1581 1426 1643 τοὺς
1446 1563 1673 1654 ἐχθροὺς
1692 1563 2042 1661 ἠπαρεσκεύαο

471 1669 532 1705 σε
565 1655 734 1710 πολλά
772 1658 909 1730 πρὸς
963 1662 1060 1734 τὴν
1105 1668 1414 1741 οἰκονομίαν
1450 1674 1872 1749 διακονήσασθαι
1906 1684 2040 1738 ταύ-

469 1756 583 1816 την.
632 1747 741 1803 Kal
785 1750 893 1822 γάρ
950 1755 1112 1824 μάγοι
1170 1759 1265 1813 καὶ
1312 1761 1578 1836 βάρϐαροι
1633 1747 1732 1841 τὴν
1779 1774 2038 1847 πατρῴαν

469 1845 886 1922 δεισιδαιμονίαν
940 1860 1190 1928 ἀφέντες,
1251 1864 1497 1936 ἔρχονται
1548 1845 2036 1941 προσκυνήσοντες·

478 1944 566 1996 καὶ
613 1947 642 1998 ό
685 1945 989 2014 Αὔγουστος
1028 1952 1377 2025 ὐπηρετεῖται
1408 1957 1485 2028 τῷ
1519 1956 1666 2032 [126]
1697 1965 1755 2014 ἐν
1796 1963 2042 2036 Βηθλεὲμ

479 2035 633 2104 τόκῳ,
684 2037 772 2091 διά
826 2039 919 2093 τοῦ
968 2046 1390 2117 προστάγματος
1431 2051 1531 2122 τῆς
1589 2052 1948 2125 ἀπογραφῆς·

473 2125 742 2195 Αἴγυπτος
776 2129 1028 2196 διασώζει
1067 2135 1330 2211 δεξαμένη
1372 2141 1643 2210 φεύγοντα
1688 2145 1781 2198 καὶ
1817 2125 2040 2200 ἐπιϐουλ

470 2218 775 2290 λευόμενον,
799 2224 892 2277 καὶ
922 2224 1189 2296 λαμϐάνει
1211 2231 1333 2285 τινά
1358 2233 1456 2304 τῆς
1478 2234 1614 2307 πρὸς
1639 2235 1802 2291 αὐτὸν
1835 2237 2042 2292 οἰκειώ-

471 2322 608 2370 σεως
648 2310 920 2384 ἀφορμήν·
968 2315 1034 2368 ἵν’
1070 2318 1200 2372 ὅταν
1236 2321 1404 2396 μέλλῃ
1437 2325 1840 2396 κηρυττόμενον
1875 2327 2040 2382 αὐτὸν

469 2398 687 2453 ἀκούειν
717 2402 865 2472 παρά
895 2404 1003 2460 τῶν
1023 2407 1390 2479 Ἀποστόλων,
1412 2416 1504 2469 καὶ
1529 2417 1622 2470 ἐπὶ
1649 2417 1822 2491 τούτῳ
1845 2420 1894 2452 ⁸⁸
1914 2421 2040 2475 καλ-

469 2487 792 2561 λωπίζηται,
819 2494 916 2549 ἀτε
943 2497 1105 2552 αὐτὸν
1122 2499 1389 2576 δεξαμένη
1420 2505 1632 2580 πρώτη.

539 2600 650 2654 Kal
685 2603 794 2674 μὴν
819 2605 920 2676 τῆς
950 2607 1312 2684 Παλαιστίνης
1341 2609 1409 2687 ἦν
1433 2617 1501 2670 τὸ
1535 2619 1856 2693 προτέρημα
1883 2622 2040 2679 τοῦτο

473 2693 641 2766 μόνης
661 2713 676 2727 ·
704 2698 819 2752 ἀλλ’
847 2699 981 2774 αὕτη
1015 2702 1318 2778 θερμοτέρα
1363 2711 1578 2782 ἐκείνης
1620 2714 1827 2784 γέγονε.
1871 2717 2039 2772 "Kal

470 2784 566 2837 νῦν
596 2786 762 2842 ἐλθὼν
793 2792 873 2855 είς
903 2794 1001 2866 τήν
1032 2797 1237 2869 ἔρημον
1260 2800 1357 2871 τῆς
1382 2802 1677 2870 Αἰγύπτου,
1709 2808 2036 2879 παραδείσου

471 2876 670 2942 παντὸς
703 2879 893 2948 βελτίω
915 2885 1014 2957 τὴν
1042 2886 1246 2958 ἔρημον
1267 2890 1470 2962 ταύτην
1496 2891 1616 2963 ὄψει
1644 2876 2038 2972 γεγενημένην,

467 2968 561 3020 καὶ
590 2971 784 3041 χοροὺς
811 2974 1055 3043 ἀγγέλων
1100 2980 1324 3052 μυρίους
1353 2984 1411 3036 ἐν
1440 2984 1795 3055 ἀνθρωπίνοις
1827 2968 2039 3062 σχήμαο

469 3074 522 3110 σι
535 3058 602 3121 ⁸⁸,
627 3061 719 3114 καὶ
737 3062 940 3134 δήμους
967 3068 1274 3143 μαρτύρων,
1299 3073 1393 3127 καὶ
1421 3073 1711 3144 συλλόγους
1731 3058 2033 3152 παρθένων·

467 3150 561 3202 καὶ
587 3153 762 3207 πᾶσαν
791 3156 892 3226 μὲν
916 3159 1010 3212 τοῦ
1044 3160 1288 3215 διαϐόλου
1309 3164 1405 3235 τὴν
1426 3167 1712 3238 τυραννίδα
1741 3150 2037 3226 καταλελυο

471 3240 657 3313 μένην,
674 3245 772 3316 τήν
800 3245 857 3300 δὲ
871 3248 964 3302 τοῦ
987 3251 1518 3324 Χριστοῦ’βασιλείαν
1539 3259 1948 3330 διαλάμπουσαν
1965 3265 2033 3321 ”.

467 3333 578 3386 Kal
624 3335 724 3408 τὴν
769 3341 1004 3411 ποιητῶν
1051 3343 1146 3396 καὶ
1194 3345 1372 3413 σοφῶν
1389 3348 1436 3379 ⁹⁰
1462 3350 1554 3403 καὶ
1584 3351 1771 3422 μάγων
1801 3355 2032 3425 μητέρα,

467 3423 560 3475 καὶ
589 3424 686 3495 τὴν
725 3429 830 3481 πᾶν
870 3425 1008 3495 εἶδος
1043 3436 1376 3504 μαγγανείας
1403 3439 1668 3511 εὑροῦσαν
1691 3444 1784 3496 καὶ
1806 3423 1918 3507 τοῖς
1945 3423 2038 3500 άλ-

465 3513 580 3578 λοις
624 3516 942 3585 διαδοῦσαν,
990 3525 1193 3599 ταύτην
1239 3528 1358 3597 ὄψει
1407 3531 1500 3586 νῦν
1545 3533 1637 3586 επὶ
1672 3536 1786 3600 τοῖς
1829 3537 2037 3593 ἁλιεῦσι

467 3605 983 3684 καλλωπιζομένην,
1028 3617 1120 3669 καὶ
1165 3619 1392 3673 ἐκείνων
1437 3623 1536 3693 μέν
1597 3631 2036 3698 καταφρονοῦσαν

466 3695 740 3761 ἁπάντων,
772 3700 862 3753 τὸν
913 3703 971 3755 δέ
1017 3705 1255 3778 τελώνην
1287 3710 1378 3762 καὶ
1406 3715 1721 3782 σκηνοποιὸν
1763 3718 2036 3790 πανταχοῦ

466 3787 893 3859 περιφέρουσαν,
928 3795 1021 3846 καὶ
1055 3795 1144 3847 τὸν
1175 3799 1408 3868 σταυρόν
1441 3803 1901 3879 προϐαλλομένην.
1935 3787 2038 3863 Kal

466 3871 636 3925 ταῦτα
669 3875 767 3928 οὐκ
799 3878 855 3929 ἐν
883 3882 1002 3942 ταῖς
1036 3882 1219 3937 πόλεσι
1248 3886 1406 3956 μόνον
1433 3871 1505 3942 τά
1532 3871 1733 3960 ἀγαθά,
1776 3871 1912 3950 ἀλλὰ
1943 3899 2039 3952 καὶ

467 3964 526 4064 ἐν
555 3967 672 4028 ταῖς
704 3969 931 4040 ἐρήμοις
963 3973 1159 4042 μᾶλλον
1209 3978 1241 4049 ἢ
1287 3981 1345 4032 ἐν
1374 3984 1491 4045 ταῖς
1540 3985 1744 4041 πόλεσι.
1778 3989 1886 4042 Kal
1929 3990 2039 4064 γὰρ

466 4051 615 4108 ἐστιν
647 4056 772 4110 ἰδεῖν
803 4063 1072 4134 πανταχοῦ
1096 4067 1194 4138 τῆς
1227 4068 1408 4140 χώρας
1438 4073 1650 4145 ἐκείνης
1687 4077 1781 4131 τοῦ
1802 4051 2038 4151 Χριστοῦ

466 4144 527 4198 τὸ
569 4148 944 4218 στρατόπεδον,
987 4155 1076 4208 xal
1109 4157 1206 4229 τήν
1233 4157 1516 4232 βασιλικὴν
1555 4144 1775 4237 ἀγέλην,
1815 4144 1907 4224 καὶ
1940 4173 2040 4245 τὴν

464 4237 576 4290 τῶν
603 4241 713 4294 ἄνω
741 4244 1020 4316 δυνάμεων
1053 4251 1357 4308 πολιτείαν·
1389 4257 1482 4312 καὶ
1509 4260 1680 4318 ταῦτα
1707 4265 1806 4318 οὐκ
1833 4267 1918 4320 ἐπ’
1944 4269 2038 4323 ἀν-

463 4329 622 4402 δράσι
641 4334 681 4366 ’¹
709 4339 886 4405 μόνον,
902 4340 1036 4395 ἀλλά
1056 4345 1147 4397 καὶ
1169 4348 1224 4398 ὲν
1249 4352 1530 4423 γυναικείᾳ
1552 4353 1710 4422 φύσει
1735 4360 2036 4429 κρατοῦντα

461 4420 612 4493 εὖροι
643 4443 724 4489 τις
753 4429 836 4482 ἄν.
867 4431 973 4484 Kal
999 4433 1106 4504 γὰρ
1139 4436 1233 4489 καὶ
1275 4440 1476 4494 ἐκεῖναι
1504 4420 1600 4515 οὐχ
1626 4420 1786 4520 ἦττον
1822 4451 2032 4522 ἀνδρῶν

461 4514 858 4585 φιλοσοφοῦσιν,
889 4525 988 4576 οὐκ
1016 4527 1216 4581 ἀσπίδα
1245 4514 1613 4601 λαμϐάνουσαι
1649 4514 1762 4592 τκαὶ
1805 4514 2030 4598 ἀναϐαί-

458 4620 644 4660 νουσαι
676 4609 863 4674 ἵππον,
894 4615 1142 4690 καθάπερ
1183 4621 1232 4673 οἱ
1282 4625 1468 4694 σεμνοὶ
1504 4628 1612 4681 τῶν
1646 4631 1911 4704 Ἐλλήνων
1937 4654 2030 4690 κε-

457 4693 670 4752 λεύουσι
726 4705 1010 4773 νομοθέται
1062 4711 1154 4763 καὶ
1203 4712 1499 4786 φιλόσοφοι,
1530 4719 1646 4773 ἀλλ’
1672 4693 1866 4795 ἑτέραν
1891 4728 2024 4783 πολὺ

455 4787 837 4863 χαλεπωτέραν
863 4795 1246 4872 ἀναδεχόμεναι
1260 4806 1305 4836 ⁹¹
1335 4808 1534 4879 μάχην.
1566 4787 1777 4878 Κοινὸς.
1796 4817 1903 4890 γάρ
1927 4821 2025 4874 αὐ-

451 4883 571 4944 ταῖς
600 4883 694 4936 καὶ
731 4886 983 4956 ἀνδράσιν
1028 4893 1057 4943 ό
1102 4894 1335 4967 πόλεμος
1371 4899 1506 4971 πρὸς
1535 4902 1625 4956 τὸν
1651 4883 1894 4963 διάϐολον
1929 4915 2023 4968 καὶ

449 4971 550 5063 τὰς
578 4973 826 5041 ἐξουσίας
847 4979 892 5010 ⁸⁸
911 4997 924 5011 ·
969 4983 1064 5036 καὶ
1103 4985 1341 5058 οὐδαμοῦ
1370 4991 1430 5044 τὸ
1452 4993 1550 5063 τῆς
1579 4995 1793 5063 φύσεως
1815 5001 2021 5059 ἀπαλὸν

449 5060 706 5131 ἐμπόδιον
738 5066 944 5132 γίνεται
993 5075 1112 5136 ταῖς
1148 5075 1421 5143 τοιαύταις
1469 5060 1792 5152 συμϐολαῖς·
1825 5090 1884 5142 οὐ
1911 5095 2018 5164 γὰρ

449 5154 715 5222 σωμάτων
751 5157 926 5226 φύσει,
958 5163 1094 5216 ἀλλά
1123 5164 1302 5237 ψυχῆς
1331 5173 1645 5243 προαιρέσει
1677 5177 1848 5232 ταῦτα
1895 5154 2017 5252 ,ἐριζ-

445 5261 594 5298 νεται
640 5246 709 5300 τὰ
739 5248 1108 5322 παλαίσματα.
1138 5257 1238 5311 Διά
1270 5259 1426 5313 τοῦτο
1455 5263 1549 5318 καὶ
1575 5269 1829 5333 γυναῖκες
1863 5246 2012 5344 [ιε-1]

443 5334 652 5406 ἀνδρῶν
686 5340 884 5408 μᾶλλον
928 5345 1262 5414 ἠγωνίσαντο
1295 5349 1573 5418 πολλάκις,
1607 5357 1697 5410 καὶ
1736 5334 2014 5431 φαιδρότεί

447 5424 577 5490 pa“
618 5428 854 5496 τρόπαια
906 5431 1166 5501 ἔστησανί
1194 5438 1306 5509 Οὐχ
1334 5440 1506 5506 οὕτως
1550 5446 1665 5499 ἐστὶ
1711 5424 2012 5519 λαμπρδςό

518 5586 566 5618 ⁸³
602 5585 694 5641 Sic
732 5587 794 5642 E.
833 5585 893 5643 [δ’.
926 5587 1028 5641 An.
1058 5585 1186 5642 Sav.
1212 5589 1550 5652 καταϐάντες
1583 5591 1702 5645 ἐκεῖ
1737 5593 1832 5645 καί
1859 5605 1972 5645 om.
2011 5592 2037 5645 Α

2143 5593 2174 5648 ι.
2217 5594 2279 5651 C.
2310 5595 2426 5649 ἐκεῖ
2453 5611 2566 5652 om.
2609 5597 2670 5650 D.

3653 403 3730 461 88

2146 500 2371 573 οὐρανὸς
2405 502 2484 574 τῷ
2513 493 2741 574 ποικίλῳ
2768 505 2878 560 τῶν
2905 507 3120 582 ἄστρων
3152 511 3318 584 χορῷ,
3347 513 3424 578 ὡς
3451 513 3484 586 ή
3518 515 3726 586 ἔρημος

2145 593 2442 663 Αἰγύπτου,
2472 597 2571 660 τάς
2613 597 2820 668 σκηνὰς
2863 601 3200 673 πανταχόθεν
3245 605 3377 676 ἡμῖν
3403 604 3722 662 δεικνύουσα

2145 684 2257 738 τῶν
2288 685 2558 757 μοναχῶν.

2215 804 2276 853 ε’.
2305 799 2373 853 El’
2398 818 2482 864 τις
2512 801 2612 870 τὴν
2637 799 2872 856 παλαιάν
2902 803 3174 872 Αἴγυπτον
3203 806 3437 879 ἐκείνην,
3471 809 3568 881 τὴν
3602 808 3724 864 θεο-

2149 891 2317 963 μάΧον
2350 895 2442 949 καὶ
2467 897 2815 969 μαινομένην,
2838 900 2936 971 τὴν
2961 901 3068 955 τῶν
3095 901 3360 973 αἰλούρων
3381 902 3591 976 δούλην,
3620 907 3721 977 τὴν

2145 983 2404 1055 κρόμμυα
2433 987 2730 1042 δεδοικυῖαν
2754 991 2847 1044 καὶ
2877 990 3182 1062 τρέμουσαν
3206 988 3345 1046 οἶδεν
3361 995 3428 1056 ’³.
3457 989 3610 1060 οὗτος
3640 997 3719 1049 εί-

2145 1091 2296 1128 σεται
2317 1077 2494 1142 καλῶς
2513 1080 2607 1132 τοῦ
2622 1081 2855 1152 Χριστοῦ
2873 1083 2972 1152 τὴν
2995 1082 3166 1154 ἰσχύν.
3186 1087 3397 1141 Μᾶλλον
3411 1087 3543 1141 δὲού
3562 1089 3725 1159 χρεία

2143 1166 2275 1236 ἡμῖν
2295 1168 2540 1222 παλαιῶν
2564 1170 2916 1243 διηγημάτων
2935 1193 2949 1206 ·
2976 1175 3056 1228 ἐτι
3084 1177 3192 1250 γάρ
3217 1180 3308 1232 καὶ
3327 1179 3423 1234 νῦν
3441 1181 3536 1249 τῆς
3559 1183 3726 1252 ἀνοή-

2140 1275 2235 1312 του
2268 1259 2482 1332 ἐκείνης
2507 1261 2732 1334 λείψανα
2766 1264 2915 1336 μένει
2941 1267 3079 1337 πρὸς
3107 1269 3378 1334 ἀπόδειξιν
3401 1271 3500 1342 τῆς
3524 1272 3718 1342 προτέ-

2144 1367 2246 1422 ρας
2295 1351 2510 1422 μανίας.
2530 1355 2666 1409 Ἀλλ’
2697 1357 2846 1428 ὅμως
2878 1350 3024 1412 οὗτοι
3070 1363 3119 1414 οἱ
3165 1361 3226 1415 τὸ
3255 1363 3480 1416 παλαιὸν
3518 1365 3723 1429 πάντες

2142 1443 2282 1512 πρὸς
2309 1443 2578 1518 τοσαύτην
2621 1447 3029 1520 ἀπορραγέντες
3074 1454 3291 1523 μανίαν,
3317 1456 3445 1527 περὶ
3485 1457 3716 1527 οὐρανοῦ

2141 1534 2238 1588 καὶ
2283 1533 2393 1589 τῶν
2443 1536 2582 1610 ὑπὲρ
2627 1539 2854 1612 οὐρανδν
2870 1542 2918 1576 ⁹⁶
2961 1543 3306 1614 φιλοσοφοῦσι
3349 1548 3720 1618 πραγμάτων,

2148 1626 2243 1678 καὶ
2275 1627 2611 1696 καταγελῶσι
2637 1629 2744 1684 τῶν
2770 1629 3036 1703 πατρῴων
3061 1633 3218 1696 ἐθῶν,
3253 1634 3344 1688 καὶ
3371 1637 3494 1698 τοὺς
3522 1638 3723 1709 προγό-

2143 1735 2271 1782 νους
2297 1718 2658 1785 ταλανίζουσι,
2688 1720 2783 1774 καὶ
2819 1721 2927 1775 τῶν
2957 1723 3259 1794 φιλοσόφων
3289 1725 3478 1779 οὐδένα
3506 1727 3724 1782 ποιοῦν.

2143 1826 2233 1864 ται
2277 1809 2699 1881 λόγον.Ἔμαθον
2729 1810 2838 1884 γὰρ
2871 1813 2960 1867 διά
2997 1814 3103 1868 τῶν
3145 1815 3487 1888 πραγμάτων
3521 1817 3720 1879 αὐτῶν,

2144 1900 2228 1955 ὅτι
2251 1900 2318 1955 τά
2350 1900 2451 1972 μὲν
2483 1902 2702 1956 ἐκείνων
2730 1904 2988 1975 γραῖδίων
3023 1904 3328 1975 μεθυόντων
3371 1908 3520 1963 ἐστὶν
3566 1909 3724 1980 εὐρέ-

2147 2007 2312 2062 ματα,
2340 1992 2374 2063 ἡ
2405 1990 2462 2045 δὲ
2491 1992 2660 2057 ὅντως
2690 1995 2976 2065 φιλοσοφία
2993 1996 3039 2028 ⁸⁷
3070 1997 3164 2050 καὶ
3191 1998 3300 2051 τῶν
3329 1998 3574 2070 οὐρανῶν
3597 2000 3724 2064 ἀξία

2143 2078 2280 2151 αὕτη
2311 2079 2459 2134 ἐστὶν
2489 2084 2522 2152 ἡ
2568 2081 2656 2135 διά
2682 2083 2791 2136 τῶν
2829 2082 3022 2138 ἀλιέων
3050 2085 3234 2149 αὐτοῖς
3266 2087 3722 2156 καταγγελθεῖσα.

2142 2170 2242 2225 Διά
2270 2170 2336 2243 δή
2369 2170 2528 2225 τοῦτο
2564 2173 2703 2243 μετὰ
2731 2173 2831 2244 τῆς
2856 2173 3126 2246 τοσαύτης
3172 2175 3458 2247 ἀκριϐείας
3496 2177 3606 2230 τῶν
3634 2178 3723 2233 δο-

2145 2262 2390 2334 γμάτων,
2421 2263 2516 2317 καὶ
2555 2263 2654 2335 τὴν
2686 2263 2796 2318 ἀπὸ
2840 2265 2933 2319 τοῦ
2964 2265 3081 2337 βίου
3130 2266 3329 2339 πολλὴν
3365 2267 3724 2324 ἐνδείκνυνται

2147 2351 2401 2423 σπουδήν.
2425 2353 2506 2406 Τά
2534 2352 2643 2425 γὰρ
2682 2353 2810 2408 δντα
2843 2354 3243 2425 ἀποδυσάμενοι
3285 2356 3482 2422 πάντα,
3515 2357 3608 2411 καὶ
3646 2356 3731 2429 τῷ

2147 2443 2336 2514 κόσμῳ
2379 2445 2781 2516 σταυρωθέντες
2814 2446 2995 2510 παντὶ,
3029 2445 3182 2499 καὶ⁹⁸
3207 2448 3517 2520 περαιτέρω
3564 2449 3728 2504 πάλιν

2147 2533 2448 2600 ἐλαύνουσι,
2481 2538 2546 2607 τῇ
2565 2537 2609 2570 ⁹⁹
2639 2534 2734 2590 τοῦ
2766 2535 3016 2608 σώματος
3047 2538 3279 2610 ἐργασίᾳ
3306 2538 3442 2610 πρὸς
3481 2538 3579 2610 τὴν
3615 2540 3726 2592 τῶν

2147 2623 2414 2694 δεομένων
2445 2625 2824 2698 ἀποχρώμενοι
2855 2627 3081 2698 τροφήν.
3107 2625 3240 2680 Οὐδέ
3279 2625 3388 2697 γὰρ
3414 2627 3601 2698 ἐπειδὴ
3627 2646 3727 2699 νη-

2152 2713 2394 2768 στεύουσι
2417 2717 2511 2769 καὶ
2534 2715 2919 2787 ἀγρυπνοῦσιν,
2947 2717 3136 2787 ἀργεῖν
3163 2716 3279 2786 μεθ’
3299 2716 3513 2788 ἡμέραν
3541 2717 3725 2784 ἀξιοῦ-

2152 2819 2262 2859 σιν·
2290 2805 2425 2860 ἀλλά
2445 2808 2544 2869 τὰς
2572 2806 2670 2877 μὲν
2699 2805 2896 2871 νύκτας
2928 2809 3038 2871 τοῖς
3071 2807 3236 2879 ἱεροῖς
3266 2805 3457 2877 ὕμνοις
3482 2807 3576 2860 καὶ
3604 2810 3726 2872 ταῖς

2148 2897 2452 2967 παννυχίσι,
2485 2897 2582 2961 τὰς
2612 2897 2669 2952 δὲ
2701 2897 2912 2969 ἡμέρας
2939 2899 3020 2962 είς
3047 2898 3213 2970 εὐχάς
3239 2915 3297 2951 τε
3326 2897 3463 2970 όμοῦ
3504 2897 3599 2954 καὶ
3625 2897 3731 2968 τὴν

2147 2988 2255 3042 ἀπὸ
2293 2988 2401 3042 τῶν
2433 2992 2633 3060 χειρῶν
2674 2990 2932 3062 ἐργασίαν
2961 2990 3430 3056 καταναλίσκουσι,
3456 2989 3546 3045 τὸν
3591 2991 3728 3044 ἀπο-

2149 3078 2390 3132 στολικδν
2422 3078 2746 3151 μιμούμενοι
2778 3078 2957 3152 ζῆλον.
2989 3081 3052 3135 Et
3085 3081 3194 3152 γὰρ
3235 3081 3463 3147 ἐκεῖνος,
3503 3080 3606 3152 τῆς
3645 3083 3730 3134 ol-

2147 3169 2418 3242 κουμένης
2460 3171 2596 3242 πρὸς
2622 3172 2784 3226 αὐτὸν
2821 3170 3144 3242 βλεπούσης,
3170 3171 3256 3226 ἴνα
3287 3173 3412 3235 τοὺς
3440 3171 3729 3241 δεομένους

2146 3261 2428 3334 διατρέφῃ,
2464 3263 2557 3317 καὶ
2591 3264 2951 3335 ἐργαστήριον
2996 3262 3146 3336 [128]
3195 3262 3482 3327 κατέλαϐε,
3517 3262 3610 3316 καὶ
3635 3262 3726 3316 τέ-

2146 3369 2278 3423 χνην
2301 3353 2658 3424 μετεχείρισε,
2683 3354 2776 3407 καὶ
2799 3353 2922 3408 οὐδὲ
2947 3353 3047 3418 τὰς
3067 3353 3267 3418 νύκτας
3291 3354 3548 3408 ἐκάθευδε
3567 3353 3730 3408 τοῦτο

2147 3441 2344 3497 ποιῶν·
2376 3443 2556 3515 πολλῷ
2597 3445 2795 3516 μᾶλλον
2826 3447 2993 3516 ἡμᾶς,
3017 3447 3172 3517 φησὶ,
3203 3447 3328 3510 τοὺς
3359 3445 3564 3516 ἔρημον
3589 3463 3725 3500 κατ-

2146 3534 2455 3606 ειληφότας,
2485 3538 2578 3590 καὶ
2607 3538 2758 3590 οὐδὲν
2787 3539 2964 3592 κοινὸν
2996 3537 3134 3610 πρὸς
3151 3539 3277 3602 τοὺς
3305 3541 3361 3590 ἐν
3384 3539 3507 3601 ταῖς
3533 3536 3726 3591 πόλεσι

2146 3625 2404 3698 θορύϐους
2434 3627 2673 3699 ἔχοντας,
2701 3633 2767 3701 τῇ
2814 3629 2914 3700 τῆς
2955 3629 3188 3701 ἡσυχίας
3227 3629 3386 3701 σχολῇ
3434 3631 3514 3693 είς
3556 3630 3725 3700 ἐργα-

2148 3717 2268 3770 σίαν
2301 3719 2674 3790 πνευματικὴν
2700 3720 3146 3791 καταχρήσασθαι
3185 3721 3407 3775 δίκαιον.
3446 3720 3726 3792 Αἰσχυνώ-

2148 3806 2288 3877 μεθα
2314 3808 2492 3865 τοίνυν
2519 3808 2774 3876 ἅπαντες,
2806 3812 2899 3866 καὶ
2945 3814 2995 3865 ol
3035 3812 3389 3876 πλουτοῦντες
3424 3814 3514 3866 καὶ
3542 3813 3593 3866 οἰ
3626 3828 3726 3866 πε-

2144 3899 2377 3968 νόμενοι,
2400 3899 2527 3954 ὅταν
2569 3902 2764 3956 ἐκεῖνοι
2797 3904 2894 3974 μὲν
2926 3904 3090 3976 μηδὲν
3116 3904 3251 3962 ὅλως
3279 3903 3512 3975 ἔχοντες,
3544 3902 3720 3976 ἀλλ’ἢ

2146 3987 2302 4059 σῶμα
2348 3990 2507 4060 μόνον
2543 3991 2636 4045 καὶ
2665 3997 2871 4064 χεῖρας,
2901 3992 3192 4064 βιάζωνται
3239 3995 3332 4047 καὶ
3375 3992 3722 4062 φιλονεικῶσι

2145 4078 2403 4150 πρόσοδον
2443 4081 2554 4146 τοῖς
2593 4081 2864 4153 δεομένοις
2903 4083 3151 4137 ἐντεῦθεν
3192 4085 3404 4156 εὑρεῖν·
3437 4086 3597 4156 ἡμεῖς
3637 4084 3718 4148 δέ,

2147 4169 2354 4241 μυρίων
2382 4171 2530 4226 ἔνδον
2563 4174 2957 4246 ἀποκειμένων,
2995 4176 3129 4248 μηδέ
3169 4178 3276 4230 τῶν
3322 4177 3591 4249 περιττῶν
3639 4179 3722 4241 είς

2141 4261 2314 4317 ταῦτα
2342 4263 2660 4336 ἁπτώμεθα.
2690 4265 2855 4321 Ποίαν
2896 4262 2991 4322 οῦν
3021 4267 3214 4340 ἕξομεν
3240 4268 3558 4337 ἀπολογίαν,
3593 4268 3719 4322 εἰπέ

2142 4370 2262 4423 μοις
2296 4356 2418 4411 τίνα
2447 4357 2504 4411 δὲ
2539 4358 2893 4428 συγγνώμηνς
2930 4356 3181 4426 Καίτοιγε
3205 4357 3475 4426 ἐννόησον,
3509 4354 3626 4418 πῶς
3655 4355 3720 4408 τὸ

2139 4446 2368 4500 παλαιὸν
2404 4442 2544 4518 ἦσαν
2573 4441 2718 4501 οὗτοι
2763 4449 2858 4501 καὶ
2904 4448 3323 4520 φιλοχρήματοι,
3351 4447 3445 4500 καὶ
3488 4445 3720 4516 γαστρί-

2142 4554 2359 4606 μαργοι,
2394 4538 2532 4609 μετά
2579 4538 2686 4591 τῶν
2717 4538 2891 4593 ἄλλων
2920 4538 3291 4593 κακῶν.Ἑκεῖ
3336 4537 3444 4608 γὰρ
3487 4532 3626 4608 ἦσαν
3664 4530 3716 4584 οἱ

2136 4628 2362 4700 λέϐητες
2391 4631 2499 4683 τῶν
2529 4631 2726 4703 κρεῶν,
2762 4624 2837 4686 ὧν
2874 4632 2925 4684 οί
2971 4631 3212 4686 Ἰουδαῖοι
3242 4631 3574 4702 μέμνηνται·
3600 4627 3718 4682 ἐκεῖ

2137 4723 2172 4791 ἡ
2220 4721 2387 4794 πολλὴ
2428 4723 2530 4794 τῆς
2577 4723 2812 4795 γαστρὸς
2857 4724 3142 4797 τυραννίς·
3193 4723 3308 4778 ἀλλ’
3330 4713 3714 4818 magnust;

2138 4811 2530 4884 ἐϐουλήθησαν,
2564 4815 2938 4885 μετεϐάλοντο,
2971 4814 3066 4869 καὶ
3099 4814 3161 4868 τὸ
3191 4813 3301 4886 πῦρ
3331 4812 3427 4867 τοῦ
3473 4811 3710 4886 Χριστοῦ

2135 4898 2434 4970 δεξάμενοι,
2452 4902 2588 4974 πρὸς
2603 4903 2692 4955 τὸν
2707 4904 2931 4973 οὐρανὸν
2944 4903 3137 4974 ἀθρόον
3156 4901 3568 4973 μεθωρμίσαντο
3582 4916 3596 4931 ·
3615 4896 3713 4955 καὶ

2137 4990 2452 5064 θερμότεροι
2473 4993 2582 5048 τῶν
2601 4995 2774 5049 ἀλλων
2793 4995 2961 5059 ὄντες,
2984 4995 3078 5050 καὶ
3105 4992 3242 5062 πρὸς
3265 4993 3433 5064 ὀργὴν
3453 4991 3547 5047 καὶ
3575 4989 3711 5062 πρὸς

2134 5082 2327 5156 ἡδονὴν
2353 5086 2620 5156 σωμάτων
2655 5087 3093 5158 προπετέστεροι,
3119 5087 3219 5150 τὰς
3256 5083 3579 5154 ἀσωμάτους
3617 5081 3713 5134 δυ-

2134 5173 2326 5244 νάμεις
2378 5179 2444 5248 τῇ
2489 5179 2757 5251 ἐπιεικείᾳ
2802 5179 2896 5233 καὶ
2942 5181 3008 5250 τῇ
3049 5177 3208 5248 λοιπῇ
3250 5176 3348 5248 τῆς
3395 5172 3711 5244 φιλοσοφίας

2135 5264 2371 5339 ἀπαθείᾳ
2400 5267 2710 5338 μιμοῦνται.
2747 5269 2857 5322 Kal
2899 5268 2953 5321 εῐ
2991 5285 3075 5332 τις
3099 5268 3158 5322 ἐν
3187 5269 3253 5340 τῇ
3285 5265 3439 5339 χώρᾳ
3465 5263 3711 5334 γέγονεν,

2132 5351 2273 5412 οἶδεν
2306 5357 2342 5413 ἀ
2371 5359 2533 5428 λέγω.

2201 5451 2265 5504 Εἰ
2309 5450 2364 5504 δέ
2409 5468 2492 5516 τις
2539 5449 2794 5505 οὐδέποτε
2817 5449 2834 5480 ¹
2879 5449 3050 5522 ἐπέϐη
3083 5449 3193 5504 τῶν
3218 5446 3432 5522 σκηνῶν
3461 5445 3712 5508 ἐκείνων,

2771 5597 3234 5672 ’δμκατελθόνεεςῙ
3270 5599 3362 5656 Sic
3402 5604 3505 5671 Ep.
3543 5605 3703 5665 Arm.

449 5656 695 5720 ἐλθόντες
716 5659 778 5713 C.
805 5657 866 5712 Ι).
889 5657 1133 5720 ἐλθόντος
1155 5655 1216 5712 Ε.
1239 5657 1356 5712 Νοή
1379 5661 1542 5715 habet
1561 5662 1666 5714 An.
1742 5662 1786 5694 ’"‘
1810 5661 1939 5771 τοῦὲ
1951 5660 2037 5717 Sic

450 5728 588 5771 Περὶ
619 5726 734 5771 ϐίου
765 5727 1016 5771 μηνί-[νῶν
1050 5730 1109 5771 Α-
1188 5729 1234 5762 ⁸³
1265 5728 1594 5771 ἦνθηιηπίνιιὶ
1627 5732 1864 5771 ηνιῆςιηιτο
1933 5733 2013 5771 ..Μ

2149 5663 2209 5717 E.
2232 5665 2330 5734 Ep.
2352 5666 2511 5736 vulgo
2533 5667 2597 5720 ἐκ
2623 5665 2738 5722 τοῦ.
2816 5668 2862 5700 ⁸⁸
2893 5671 3096 5723 τούτων
3124 5655 3261 5726 Ειίᾶ.
3343 5674 3388 5706 ⁸⁷
3408 5655 3705 5733 ΗδΙΚΟΝ.

2143 5733 2159 5764 Ι
2185 5735 2509 5771 Ἆᾶηηηηιηηυ
2534 5735 2645 5771 ΙῗιΙιΙ
2745 5738 2792 5769 90
2822 5737 3026 5771 ρΑρη.....ἶ
3052 5742 3361 5771 ...ἠληεμημ
3387 5741 3428 5771 1.*
3531 5747 3572 5771 ιι
3610 5746 3702 5771 ι-ο

450 5728 588 5813 Περὶ
618 5726 734 5796 βίου
764 5727 1016 5797 μοναχῶν
1046 5730 1110 5783 Α.
1188 5729 1234 5762 ⁸³
1265 5728 1594 5802 ἀνθρωπίνῳ
1627 5732 1868 5803 σχήματι
1900 5726 2037 5788 Edd.
2099 5733 2159 5819 '3’
2185 5726 2509 5820 λάμπουσᾶν
2533 5735 2669 5790 Edd.
2745 5738 2792 5769 "
2822 5737 3361 5866 c6cpwv]3:llocdng
3387 5741 3451 5798 Ε.
3501 5726 3573 5828 ξδ’
3593 5726 3680 5798 ἐπ

451 5795 702 5866 ἀνοράσι]
730 5798 815 5850 ἐπ’
849 5790 1059 5866 ἀνδρῶν
1097 5797 1156 5854 D.
1186 5799 1274 5853 ἐπ’
1303 5799 1613 5866 ἀνθρώποις
1645 5817 1727 5866 pr.
1751 5801 1812 5856 C.
1847 5805 1903 5855 ἐν
1940 5803 2250 5866 ἀνθρωποις
2284 5805 2420 5860 ludd.
2496 5806 2542 5838 ⁹¹
2573 5805 2986 5866 ἀναδεγόμεναι]
3022 5819 3112 5865 blc
3143 5814 3208 5865 Α.
3291 5857 3304 5866 .
3333 5826 3514 5866 male"
3545 5815 3680 5866 δενόι

451 5790 1064 5881 ἀνδράσιλέἒπς-ἀνδρῶν
1097 5797 1160 5881 Ι)ζ
1186 5799 1274 5881 ἐπ’
1303 5790 1613 5881 ἀνθρώποὶς
1847 5805 1903 5881 ἐν
1940 5790 2420 5881 ἀνθρώποιςᾜιίιι.
2496 5806 2542 5838 οι
2571 5790 3208 5881 ᾲναᾷεχόμεδᾴη

3291 5857 3304 5869 .
3333 5814 3514 5866 czeleri
3545 5815 3703 5869 δεγό-

455 5883 635 5936 μεναι.
686 5867 760 5899 '“
795 5867 1070 5993 ἐξουσίαςέ
1096 5869 1222 5926 add.
1250 5868 1348 5924 τοῦ
1385 5867 1610 5935 σκότους
1754 5871 1812 5925 Β.
1843 5871 1906 5928 C.
1938 5872 2037 5943 hu};

455 5937 656 5993 φαιδρὰ
691 5936 752 5992 D.
785 5939 845 5993 Ε.
922 5940 967 5972 ⁵³
991 5935 1043 5993 οἷ
1073 5939 1153 5993 ενΙ
1201 5935 1344 5993 εἶδεν
1370 5941 1456 5993 (cl
1488 5951 1611 5993 nos:
1649 5942 1868 5993 εκείνην
1897 5945 2037 5993 colla

2143 5867 2317 5929 muizdi
2343 5874 2447 5931 An.
2472 5877 2647 5932 aerias
2675 5867 2829 5933 Afin'.
2903 5878 2950 5912 "
2975 5867 3341 5956 φαιδρότερα]
3364 5882 3594 5955 λαμπρά
3607 5867 3698 5939 AF.

2149 5944 2197 5993 n
2226 5947 2289 5993 A-
2320 5945 2376 5993 Β.
2452 5945 2497 5979 ’⁸
2524 5946 2634 5993 τῶν
2675 5949 2734 5993 ἐν
2774 5948 2993 5993 mamma
3025 5949 3080 5993 Ρ-
3123 5953 3198 5993 Α..
3297 5955 3344 5989 ιτ
3383 5954 3697 5993 mmmam“

452 5935 656 6008 φαιδρὰ
691 5936 752 5992 D.
785 5939 845 5995 Ε.
922 5940 967 5972 ³³
991 5935 1153 6013 οἶδεν]
1201 5935 1344 5996 εἶδεν
1370 5941 1456 6013 (cl
1488 5951 1611 6012 post
1649 5942 1868 6012 ἐκείνην
1897 5935 2197 6004 οοΙΙῖιειιηι)
2225 5947 2290 6000 Α.
2320 5945 2376 5998 Β.
2452 5945 2497 5979 ’⁸
2524 5946 2634 6000 τῶν
2675 5949 2734 6000 ἐν
2774 5935 2998 6022 οὐρανῷ
3025 5949 3083 6006 F.
3109 5935 3256 6007 Ἀιι.⁸
3297 5935 3344 5989 ’ί
3383 5935 3697 6028 φιλοᾶοφία]

454 6008 613 6048 ποιοίη
646 6008 756 6048 ΙῖιΙιΙ
856 6009 901 6045 Il
927 6011 1022 6048 ynn'
1051 6026 1138 6048 nm
1203 6011 1230 6048 Δ
1289 6011 1327 6048 η
1427 6013 1471 6047 ιο
1502 6015 1565 6048 ιγιῖ
1673 6012 1930 6048 ἐνευηάηῖ
1954 6015 2044 6048 ςςι.
2071 6015 2107 6048 ιι
2164 6015 2202 6048 I?
2253 6018 2414 6048 ιιηιιηι
2443 6017 2542 6048 οὲ...
2643 6018 2906 6048 ιρςιηηι-..
3005 6023 3022 6048 ι
3065 6022 3336 6048 -.ιρι---.Α
3404 6025 3443 6048 n
3491 6023 3531 6048 υ

454 6008 618 6078 σοφία
645 6008 781 6066 Edd.
856 6009 901 6045 ⁸⁸
927 6011 1022 6066 καί
1051 6008 1161 6068 oni.
1192 6011 1255 6067 A.
1288 6011 1347 6066 Β.
1380 6008 1388 6013 ⁷
1427 6013 1471 6047 ⁹⁹
1491 6008 1638 6085 τῇ...
1672 6008 1930 6088 ἐργασίᾳ]
1954 6015 2037 6071 Sic

2164 6015 2224 6074 F.
2253 6018 2414 6090 vulgo
2443 6017 2611 6088 τὴν...
2642 6008 2927 6090 ἐργασίαν.
2964 6008 2976 6022 ’
3005 6023 3022 6054 ¹
3065 6022 3371 6080 οὐδέπωἈ.
3395 6008 3554 6084 ’Β.Ε.
