4050 6364
357 375 416 430 87
1077 384 1134 441 s.
1174 384 1464 445 JOANNIS
1501 387 1990 448 CilltYSUSTOMI
2027 391 2345 451 ancntse.
2382 396 2930 455 coxsmnrmor.
3532 392 3601 446 38
3634 428 3643 463 η

344 529 405 571 se
431 512 647 569 itineris
675 510 936 569 comitem
967 511 1212 568 futurum
1240 512 1327 569 vel
1359 513 1819 574 descendentibus
1847 518 1931 574 vel

344 608 731 673 redeuntibus,
762 605 1116 662 snbindicans
1150 605 1272 664 illos
1307 624 1560 675 magnum
1598 610 1799 669 habere
1830 628 1929 669 co-

344 700 554 767 mitem,
578 714 775 755 recens
805 707 991 754 natum
1024 713 1279 770 puerum,
1304 700 1396 769 qui
1427 701 1610 755 statim
1643 711 1807 772 atque
1834 718 1931 772 ap-

342 774 539 859 paruit,
580 789 766 845 omnia
812 790 1072 852 mulavit,
1098 800 1261 859 atque
1302 791 1352 845 id
1393 791 1589 856 effecit,
1629 802 1685 846 ut
1725 794 1929 850 inimici

341 885 405 938 ad
442 884 587 938 hanc
618 882 981 940 meouomiam
1015 882 1302 938 admodum
1337 883 1681 940 inservirent.
1714 885 1926 943 Etenim

342 978 477 1047 magi
511 984 567 1031 et
599 976 839 1044 barbari,
874 984 1099 1045 paterna
1132 977 1523 1045 superstitione
1553 977 1764 1043 relicta,
1798 980 1928 1036 ado-

342 1069 512 1123 raturi
543 1068 801 1136 veniunt;
830 1068 1105 1138 Augustus
1135 1065 1590 1123 Bethlehetnitico
1620 1071 1795 1138 partui
1830 1070 1930 1124 tni-

341 1163 557 1227 nistrat,
590 1163 718 1216 dutn
747 1176 972 1217 censum
1005 1162 1119 1216 ﬁeri
1146 1160 1337 1229 jubet;
1364 1159 1659 1233 Egyptns,
1687 1165 1813 1217 dum
1845 1163 1929 1217 fn-

339 1254 576 1325 gientem
605 1264 659 1307 et
692 1252 905 1306 insitliis
937 1252 1235 1321 appetitnnt
1264 1253 1491 1321 excipit,
1517 1262 1700 1307 servat
1728 1255 1924 1321 ipsum,

343 1344 577 1413 hincque
610 1344 900 1413 quamdam
939 1342 1329 1399 familiaritatis
1363 1358 1486 1400 cum
1526 1346 1644 1415 ipso
1675 1347 1929 1401 occasio-

341 1453 462 1492 netu
502 1438 724 1506 accipit,
762 1447 821 1491 ut
864 1451 985 1491 cum
1029 1435 1177 1491 illum
1219 1446 1407 1505 postea
1446 1438 1656 1493 audiret
1692 1437 1760 1491 ab
1797 1451 1929 1508 apo—

343 1529 498 1584 stolis
545 1530 869 1600 praedicari,
912 1530 979 1585 de
1029 1530 1112 1585 his
1159 1529 1508 1601 gloriaretur,
1551 1530 1694 1601 quod
1747 1531 1927 1599 ipsum

344 1621 516 1692 prima
552 1623 863 1691 excepisset

409 1783 475 1837 In
523 1781 759 1853 ﬁgypto
801 1779 1038 1835 monachi
1091 1788 1140 1833 et
1181 1789 1336 1833 cretus
1380 1777 1652 1849 virginum.
1681 1774 1934 1846 —Alqui

341 1874 505 1928 solius
556 1873 858 1927 Palmstime
916 1880 1034 1926 erat
1100 1871 1215 1925 hanc
1278 1868 1629 1939 praerogativa
1675 1885 1689 1922 ε
1749 1882 1935 1922 verum

338 1963 606 2035 Egyptus
636 1963 927 2017 {ervi-utior
955 1961 1043 2017 illa
1080 1958 1197 2014 fuit.
1226 1960 1377 2014 Nunc
1402 1971 1552 2014 certe
1579 1959 1623 2013 si
1649 1946 1838 2029 pergas
1880 1959 1933 2013 itt

345 2057 615 2110 desertum
669 2053 926 2124 Egypti,
974 2051 1169 2122 quovis
1214 2051 1462 2120 paradiso
1508 2051 1934 2120 prtestantiorem

344 2147 684 2204 Solitudinem
731 2144 1002 2207 invenies,
1049 2151 1334 2197 sexcentos
1382 2141 1694 2210 angelorum
1742 2139 1937 2195 choros

345 2238 570 2295 humana
602 2238 791 2300 forma,
833 2242 1126 2306 martyrum
1157 2233 1405 2303 populos,
1435 2241 1607 2287 etetns
1647 2232 1934 2302 virginum,

344 2332 570 2387 solutam
598 2328 795 2384 diaboli
825 2325 1164 2399 tyrannidem
1198 2336 1385 2392 totam,
1414 2325 1612 2380 Christi
1641 2334 1817 2379 autem
1845 2340 1933 2379 re-

342 2440 503 2495 gnum
535 2435 848 2477 coruscans.
884 2418 1033 2474 Illam
1055 2433 1183 2474 vero
1216 2433 1336 2490 qua:
1366 2427 1665 2488 poetarum,
1696 2418 1936 2487 philoso—

345 2518 569 2586 phorum
619 2524 674 2570 et
712 2527 989 2583 magorum
1031 2519 1202 2566 mater
1240 2520 1374 2575 erat,
1399 2527 1517 2582 qua:
1544 2527 1705 2567 omne
1728 2511 1938 2581 praesti-

342 2610 547 2678 giarum
590 2619 763 2675 genus
804 2606 1101 2666 invenerat,
1142 2602 1370 2673 aliisque
1413 2603 1725 2669 tradiderat,
1771 2604 1935 2669 illam,

345 2702 591 2771 inquam,
621 2697 827 2753 videbis
865 2696 933 2750 de
979 2693 1332 2766 piscatoribus
1377 2695 1717 2765 gloriantem,
1758 2705 1816 2751 et
1849 2696 1936 2751 illa

345 2792 554 2861 quidem
583 2798 761 2843 vetera
794 2787 975 2842 omnia
1016 2785 1422 2856 deSpicientem,
1472 2774 1812 2855 publicanum
1850 2802 1941 2841 ve-

349 2900 405 2938 ro
445 2892 500 2937 et
542 2880 895 2936 tentoriorum
935 2878 1193 2932 artiﬁcem
1224 2877 1421 2946 ubique
1446 2877 1936 2944 circumferentem,

347 2992 406 3033 ac
453 2990 668 3031 crucem
715 2979 1235 3043 praemonstrantem.
1268 2970 1393 3024 llaec
1425 2985 1584 3039 porro
1616 2986 1720 3025 non
1752 2971 1801 3024 itt
1843 2986 1933 3025 ur-

350 3069 496 3122 bibus
540 3074 769 3127 tantum,
816 3062 909 3118 sed
941 3063 1101 3116 etiam
1145 3060 1199 3115 in
1236 3060 1454 3117 deserto
1484 3061 1653 3131 magis
1694 3076 1853 3130 quam
1885 3061 1938 3115 in

351 3158 585 3212 urbibus.
633 3156 734 3210 Per
761 3163 927 3209 tatam
958 3153 1102 3208 enim
1147 3153 1423 3223 regionem
1451 3152 1610 3206 istam
1640 3152 1822 3207 videre
1852 3162 1934 3208 est

347 3250 538 3305 Christi
570 3247 893 3309 exercitum,
934 3246 1243 3315 regiumque
1282 3259 1522 3315 gregem,
1551 3259 1936 3315 supernarum-

350 3360 446 3412 que
473 3345 731 3398 virtutum
763 3344 924 3398 vitam
952 3360 969 3410 ;
1011 3342 1174 3412 idque
1212 3356 1319 3396 non
1347 3342 1488 3411 apud
1517 3338 1663 3396 viros
1699 3348 1930 3404 tantum,

350 3438 436 3492 sed
478 3447 535 3492 et
563 3438 617 3491 in
668 3436 913 3491 muliebri
957 3452 1086 3489 sexu
1136 3436 1394 3505 reperias.
1432 3431 1643 3490 Etenim
1686 3431 1791 3488 ilice
1826 3444 1933 3486 non

351 3532 520 3584 minus
567 3546 729 3601 quam
760 3531 856 3583 viri
900 3528 1378 3599 philosophantur,
1414 3542 1525 3583 non
1550 3536 1762 3582 scutum
1789 3526 1935 3579 acci-

352 3624 575 3690 pientes,
604 3637 777 3692 neque
797 3637 997 3690 equum
1026 3619 1469 3686 conscendentes,
1502 3629 1563 3674 ut
1584 3620 1777 3688 jubent
1803 3616 1937 3673 clari

351 3715 421 3770 illi
447 3716 761 3772 Graecorum
809 3713 1139 3783 legislatores
1174 3722 1230 3767 et
1276 3709 1619 3782 philosophi;
1669 3709 1763 3765 sed
1795 3709 1937 3763 aliud

352 3807 502 3875 longe
542 3806 759 3875 gravius
790 3804 986 3858 bellum
1031 3802 1351 3873 suscipiunt.
1386 3798 1684 3856 Commune
1711 3800 1853 3854 enim
1883 3806 1939 3854 ct

352 3899 477 3966 ipsis
516 3907 572 3951 et
598 3897 730 3951 viris
758 3896 953 3951 bellum
994 3904 1077 3950 est
1105 3903 1287 3949 contra
1318 3891 1591 3948 diabolum
1618 3902 1672 3945 et
1705 3901 1940 3962 potesta-

353 3999 428 4043 tes
456 3990 798 4043 tenebrarum
831 4006 844 4040 :
877 3987 942 4040 ad
973 3984 1275 4054 huiusmodi
1305 3998 1434 4039 vero
1469 3981 1751 4038 conflictus
1778 3997 1936 4036 num-

352 4095 509 4149 quam
535 4078 640 4131 illis
668 4091 831 4131 sexus
852 4076 1095 4131 debilitas
1118 4072 1498 4146 impedimento
1519 4082 1600 4127 est
1622 4088 1639 4139 ;
1664 4089 1768 4126 non
1796 4073 1938 4126 enim

353 4171 589 4239 corporis
616 4180 823 4233 natura,
861 4167 956 4223 sed
984 4167 1148 4221 animi
1181 4167 1454 4235 proposito
1481 4162 1785 4234 bujusmodi
1807 4178 1941 4233 prat—

355 4264 418 4315 lia
440 4262 826 4317 decernuntur.
850 4258 1079 4329 ideoque
1093 4273 1238 4326 saepe
1263 4256 1516 4312 mulieres
1543 4254 1736 4311 fortius
1779 4270 1944 4326 quam

356 4354 455 4408 viri
503 4362 915 4424 pugnaverunt,
965 4360 1020 4405 et
1058 4348 1346 4420 insigniora
1391 4357 1586 4418 tropma
1631 4356 1939 4403 erexerunt.

355 4445 465 4501 Non
513 4449 584 4499 ita
614 4444 805 4499 ca'lum
846 4442 1182 4511 Splendidam
1231 4452 1311 4495 est
1343 4439 1490 4495 vario
1526 4439 1621 4494 illo
1666 4440 1943 4495 stellarum

352 4540 538 4603 choro,
568 4549 624 4591 ut
646 4537 866 4609 Egypti
898 4534 1131 4589 solitudo
1151 4575 1166 4598 ,
1196 4549 1315 4604 qua:
1346 4532 1578 4603 undique
1608 4532 1761 4588 nobis
1787 4532 1942 4589 exhi-

356 4631 444 4687 bet
470 4628 811 4684 tabernacula
842 4624 1248 4681 monachorum.

421 4802 475 4856 5.
515 4800 571 4855 Si
603 4798 723 4866 quis
748 4807 981 4851 veterem
1011 4796 1154 4850 ilram
1183 4793 1469 4867 Egyptnm
1502 4796 1668 4861 novit,
1705 4796 1797 4850 Dei
1832 4795 1935 4850 ini-

355 4892 545 4945 micam
572 4900 624 4943 et
650 4888 936 4951 furentem,
961 4886 1140 4944 felium
1166 4887 1465 4953 cultricem,
1491 4903 1611 4958 qua:
1640 4902 1802 4956 cepas
1829 4888 1943 4941 for-

356 4982 587 5036 midabat
630 4991 685 5033 et
740 4979 1023 5045 tremebat,
1072 4978 1161 5034 hic
1204 4980 1405 5048 optime
1442 4976 1639 5034 ChriSti
1694 4979 1941 5034 virtutem

355 5078 505 5131 sciet.
540 5075 653 5130 lmo
674 5089 804 5128 vero
839 5088 941 5127 non
971 5087 1104 5143 opus
1133 5080 1215 5127 est
1255 5069 1407 5127 nobis
1431 5072 1654 5128 vetustis
1683 5073 1944 5126 narratio-

355 5169 509 5223 nibus
545 5182 713 5221 :nam
772 5164 1035 5234 hodieque
1092 5165 1293 5218 insanas
1348 5164 1485 5218 illius
1527 5165 1701 5234 gentis
1744 5179 1942 5219 monu-

356 5267 531 5314 menta
552 5263 861 5326 supersunt,
891 5270 1008 5325 quae
1036 5257 1263 5324 priscam
1289 5254 1456 5325 ipsius
1482 5256 1770 5311 amentiam
1798 5255 1948 5309 testi-

357 5354 603 5407 ﬁcantur.
642 5350 892 5403 Attamen
917 5347 971 5401 hi
998 5346 1091 5419 qui
1120 5348 1249 5403 olim
1280 5362 1472 5402 omnes
1510 5347 1564 5402 in
1593 5356 1791 5402 tantam
1820 5361 1944 5417 pro-

358 5452 610 5513 ruperant
638 5441 948 5507 amentiam,
978 5439 1047 5495 de
1074 5440 1227 5506 caelo,
1255 5439 1430 5512 deque
1458 5436 1762 5496 caelestibus
1783 5439 1946 5496 rebus

370 5545 840 5614 philosophantur,
892 5551 1248 5612 paternasque
1291 5557 1468 5597 mores
1505 5541 1767 5607 derident,
1818 5555 1947 5596 avos

368 5651 491 5691 suos
533 5635 758 5689 miseros
792 5634 1103 5705 praedicant,
1150 5643 1204 5688 et
1245 5634 1592 5703 philosophos
1634 5634 1756 5689 illos
1795 5633 1947 5690 nihili

370 5726 623 5799 pendunt.
656 5725 736 5784 Ex
779 5725 908 5797 ipsis
930 5725 1071 5782 enim
1098 5725 1257 5781 rebus
1284 5724 1619 5783 edidicerunt
1644 5725 1845 5796 priscas
1876 5726 1943 5783 il-

2038 503 2114 557 las
2152 500 2323 557 aniles
2355 501 2564 557 fabulas
2588 502 2856 556 ebriorum
2895 515 3015 556 esse
3044 501 3275 566 inventa,
3309 516 3489 558 veram
3518 518 3619 559 an.

2037 603 2144 651 tem
2176 595 2488 665 sapientiam
2516 595 2663 649 caelis
2705 610 2824 649 esse
2863 594 3096 664 dignam.
3131 594 3255 649 Huic
3299 604 3383 649 est
3425 611 3546 665 quae
3587 610 3619 649 a

2038 684 2391 756 piscatoribus
2416 685 2727 739 annuntiata
2758 684 2883 754 ipsis
2912 683 3029 738 fuit.
3061 684 3291 753 Ideoque
3314 700 3435 739 cum
3462 700 3620 740 accn-

2038 787 2153 831 rata
2178 776 2485 847 dogmstutn
2530 777 2754 832 veritate
2798 777 3015 830 multam
3058 776 3313 832 exhibent
3355 778 3489 832 bene
3533 780 3620 833 vi-

2036 868 2192 923 vendi
2221 868 2570 939 diligentiam.
2603 868 2874 938 Siquidem
2897 869 3040 923 exuti
3066 869 3226 923 rebus
3254 870 3461 924 cunctis
3483 885 3622 938 prte-

2036 959 2297 1026 sentibus,
2318 960 2625 1030 mundoque
2655 960 2915 1024 crucifixi,
2938 960 3074 1015 ultra
3104 961 3263 1014 etiam
3296 961 3619 1030 procedunt,

2034 1050 2219 1106 labore
2243 1052 2485 1121 corporis
2523 1061 2733 1106 utentes
2772 1051 2839 1105 ad
2866 1052 3061 1106 victum
3094 1052 3277 1121 egenis
3304 1066 3621 1122 comparan-

2037 1141 2185 1196 dum.
2218 1142 2401 1212 Neque
2420 1143 2561 1198 enim
2584 1143 2705 1213 quia
2723 1142 2965 1213 jejunant
2988 1152 3044 1198 et
3071 1143 3308 1214 vigilant,
3338 1158 3396 1197 se
3423 1144 3624 1198 idcirco

2033 1233 2237 1290 dedunt
2271 1234 2403 1300 otio,
2453 1234 2547 1290 sed
2595 1245 2779 1290 noctes
2820 1236 3032 1305 hymnis
3074 1250 3139 1290 ac
3166 1235 3471 1305 pervigiliis,
3503 1235 3621 1291 dies

2039 1329 2285 1397 precibus
2304 1335 2359 1383 et
2382 1328 2530 1398 operi
2549 1342 2800 1382 manuum
2829 1327 3107 1396 deputant,
3136 1328 3360 1395 apostoli
3386 1327 3617 1381 studium

2034 1420 2322 1475 imitantes.
2350 1419 2408 1475 Si
2433 1419 2601 1486 enim,
2632 1416 2896 1489 inquiunt,
2928 1418 3035 1483 ille,
3062 1426 3172 1472 toto
3201 1418 3331 1473 orbe
3351 1418 3415 1472 ad
3444 1419 3616 1489 ipsum

2034 1510 2376 1579 respiciente,
2404 1520 2484 1565 ut
2533 1509 2723 1579 inopes
2762 1508 2949 1576 aleret,
2989 1508 3259 1564 officinam
3310 1509 3513 1575 habuit,
3564 1518 3620 1565 et

2033 1615 2203 1659 artem
2252 1603 2516 1666 tractavit,
2571 1603 2843 1657 insomnes
2882 1602 3092 1656 interim
3139 1610 3324 1656 noctes
3373 1601 3615 1657 ducens:

2034 1694 2204 1748 multo
2234 1693 2402 1763 magis
2428 1707 2546 1758 nos,
2577 1694 2665 1763 qui
2694 1692 2749 1747 in
2784 1692 2999 1747 deserto
3026 1692 3347 1760 habitamus,
3378 1693 3618 1762 nihilque

2034 1799 2316 1838 commune
2341 1783 2598 1838 habemus
2617 1799 2738 1838 eum
2768 1783 2978 1839 urbium
3017 1783 3351 1849 tumultibus,
3377 1786 3615 1838 vacatio-

2035 1880 2115 1931 nis
2158 1877 2269 1931 otio
2313 1875 2379 1930 ad
2422 1875 2716 1945 spiritualia
2761 1889 2922 1946 opera
2960 1876 3035 1929 uti
3066 1890 3161 1944 par
3188 1885 3291 1930 est.
3323 1875 3614 1931 Erubesca-

2035 1983 2150 2021 ntus
2190 1966 2367 2036 itaque
2406 1979 2615 2029 omnes,
2663 1974 2718 2020 et
2744 1964 2957 2032 divites,
3000 1976 3051 2021 et
3094 1980 3375 2035 pauperes,
3402 1965 3616 2035 quando

2038 2061 2111 2113 illi
2153 2059 2282 2114 nihil
2319 2072 2541 2131 prorsus
2590 2058 2872 2125 habentes,
2918 2059 3019 2113 nisi
3057 2073 3254 2127 corpus
3306 2068 3512 2114 tantum
3559 2068 3617 2115 et

2033 2164 2243 2213 manus,
2289 2158 2549 2203 conantur
2589 2156 2643 2203 et
2683 2147 3011 2203 contendunt
3042 2157 3098 2202 ut
3140 2146 3264 2203 hinc
3290 2149 3485 2203 victum
3516 2164 3613 2219 pa-

2031 2252 2149 2298 rent
2186 2242 2497 2312 egentibus:
2525 2258 2623 2297 nos
2653 2257 2801 2307 vero,
2844 2241 2969 2296 dum
3019 2241 3296 2296 innumera
3342 2241 3487 2295 domi
3528 2256 3616 2297 re-

2030 2333 2244 2389 condita
2291 2343 2435 2398 sunt,
2484 2350 2551 2389 ne
2595 2331 2861 2402 superflua
2890 2331 3106 2403 quidem
3149 2332 3230 2387 Itis
3275 2332 3611 2388 adhibemus.

2029 2425 2198 2490 Quam
2252 2423 2449 2493 igitur,
2503 2439 2721 2494 quaeso,
2788 2423 3185 2479 excusationem
3237 2424 3613 2493 proferemus?

2032 2531 2191 2586 quam
2244 2531 2633 2591 consequemur
2684 2515 2936 2571 veniam?
2986 2516 3146 2584 Atqui
3197 2514 3401 2585 cogites
3453 2517 3611 2572 velim

2028 2618 2281 2676 quantum
2320 2608 2405 2662 isti
2431 2608 2557 2662 olim
2588 2608 2827 2677 pecunia:
2851 2617 3117 2663 amatores
3142 2616 3318 2671 erant,
3349 2617 3609 2677 quantum

2028 2701 2163 2770 gulae
2188 2699 2372 2763 dediti,
2404 2715 2527 2754 cum
2553 2699 2763 2754 ueteris
2785 2699 2947 2753 vitiis.
2997 2698 3071 2752 Ibi
3115 2700 3257 2753 enim
3299 2706 3452 2754 erant
3486 2699 3609 2753 ollae

2030 2803 2269 2859 carnium
2316 2800 2508 2873 (Exod.
2536 2801 2624 2856 t6.
2654 2800 2722 2871 5)
2743 2840 2757 2863 ,
2795 2813 2927 2869 quas
2974 2806 3273 2853 memorant
3298 2795 3469 2852 Judaei
3498 2813 3513 2852 :
3542 2795 3614 2852 ibi

2031 2910 2220 2965 magna
2241 2894 2442 2948 ventris
2463 2891 2721 2964 tyrannis.
2754 2892 3002 2946 Attamen
3027 2890 3148 2959 quia
3171 2890 3474 2955 voluerunt,
3498 2904 3613 2943 me-

2034 2988 2125 3041 tati
2149 2994 2292 3052 sunt,
2323 2994 2378 3041 et
2406 2986 2525 3054 igne
2550 2982 2745 3038 Christi
2782 2990 3052 3051 suscepto,
3098 2981 3149 3036 in
3177 2981 3367 3036 caelum
3393 2990 3613 3051 repente

2031 3078 2349 3134 advolarunt
2397 3094 2411 3132 :
2447 3080 2646 3147 quippe
2687 3076 2832 3144 prius
2877 3073 3211 3129 ardentiores
3254 3073 3377 3128 aliis
3426 3081 3613 3129 erant.

2033 3180 2192 3240 atque
2230 3168 2297 3223 ad
2323 3168 2458 3222 iram
2499 3177 2555 3222 et
2582 3166 2647 3220 ad
2673 3165 2919 3235 corporis
2947 3164 3271 3233 voluptatem
3303 3164 3613 3233 propensio-

2034 3276 2142 3327 res,
2181 3260 2525 3328 incorporeas
2558 3266 2847 3327 potestates
2888 3254 3293 3310 mansuetudine
3331 3262 3386 3309 et
3411 3254 3612 3321 reliqua

2035 3352 2384 3421 philosophiae
2408 3365 2518 3406 sua:
2541 3348 2820 3404 tolerantia
2842 3347 3137 3403 imitantur.
3163 3345 3415 3417 Quisquis
3440 3344 3493 3400 in
3518 3344 3623 3401 hac

2036 3444 2253 3514 regione
2281 3442 2399 3509 fuit,
2430 3457 2550 3522 quae
2577 3440 2697 3496 dico
2720 3439 2888 3495 novit.

2109 3622 2314 3677 Antonii
2370 3620 2548 3693 Magni
2596 3620 2957 3674 monachorum
3012 3618 3172 3690 patris
3221 3615 3416 3672 tandem
3455 3647 3527 3661 —-
3562 3616 3619 3675 Si

2033 3716 2153 3785 quis
2176 3732 2302 3770 vero
2329 3714 2670 3769 tabernacula
2712 3713 2799 3766 illa
2828 3726 3115 3781 numquam
3158 3710 3309 3776 adiit,
3335 3710 3532 3781 cogitet
3556 3710 3622 3764 il-

2034 3808 2141 3860 lum
2173 3807 2263 3877 qui
2292 3805 2547 3860 hactenus
2588 3804 2641 3859 in
2686 3804 2924 3859 omnium
2954 3802 3124 3858 fertur
3158 3817 3273 3869 ore,
3314 3817 3474 3871 quem
3498 3810 3619 3872 post

2032 3898 2304 3966 apostolos
2347 3897 2611 3969 Egyptus
2656 3896 2773 3951 tulit
2802 3895 3013 3951 beatum
3056 3903 3112 3950 et
3151 3910 3399 3965 magnum
3448 3896 3619 3950 Anto-

2036 3992 2207 4055 ninm,
2248 3998 2304 4044 et
2350 4003 2531 4043 secum
2585 3995 2798 4058 reputet
2854 3986 3006 4041 illum
3060 3986 3112 4041 in
3157 3987 3345 4042 eadem
3400 3986 3618 4057 regione

2037 4080 2217 4146 fuisse,
2250 4079 2303 4132 in
2329 4094 2430 4147 qua
2459 4078 2687 4133 Pharao.
2718 4078 2966 4132 Attamen
2998 4076 3132 4131 nihil
3163 4076 3287 4131 hinc
3307 4076 3614 4132 detrimenti

2034 4172 2259 4239 accepit,
2290 4170 2386 4226 sed
2413 4171 2573 4225 etiam
2595 4169 2774 4224 divina
2800 4169 3007 4224 visione
3034 4168 3285 4238 dignatus
3317 4177 3419 4233 est,
3442 4176 3505 4223 et
3533 4176 3614 4224 ta-

2036 4262 2144 4316 lem
2170 4262 2332 4315 vitam
2378 4260 2644 4322 exhibuit,
2676 4260 2886 4329 qualem
2926 4257 3124 4313 Christi
3156 4258 3300 4328 leges
3327 4258 3614 4327 postulant.

2034 4353 2102 4408 Et
2129 4352 2232 4408 hoc
2255 4352 2390 4408 sciet
2417 4351 2657 4421 quisquis
2684 4360 2935 4406 accurate
2964 4350 3158 4405 librum
3189 4350 3398 4421 legerit,
3429 4351 3483 4407 in
3511 4366 3614 4422 quo

2033 4454 2117 4499 est
2152 4443 2373 4498 historia
2401 4444 2525 4497 vit:e
2566 4442 2809 4512 ejus(a),
2858 4442 2946 4496 ubi
2992 4442 3212 4497 multam
3255 4442 3614 4513 deprehendet

2031 4536 2388 4607 prophetiam.
2432 4534 2563 4590 Nam
2607 4536 2694 4589 illa
2733 4550 2853 4604 qua:
2904 4535 3156 4590 Arianico
3200 4534 3390 4591 morbo
3435 4546 3619 4608 captos

2034 4627 2382 4696 Spectabant,
2437 4641 2645 4681 necnon
2689 4625 3068 4681 detrimentum
3118 4626 3242 4682 inde
3284 4641 3613 4683 emersurum

2034 4721 2429 4793 praenuntiavit,
2479 4720 2588 4775 Deo
2630 4720 2815 4789 utique
2860 4718 3153 4786 revelante,
3199 4727 3254 4775 et
3294 4720 3472 4775 omnia
3500 4736 3619 4791 quae

2034 4815 2208 4870 futura
2250 4822 2404 4869 erant
2431 4828 2542 4880 prae
2582 4812 2753 4867 oculis
2792 4811 2892 4881 ipsi
2932 4821 3208 4881 ponente:
3242 4812 3294 4867 id
3323 4813 3467 4883 quod
3494 4829 3613 4869 cum

2033 4906 2153 4960 aliis
2179 4905 2341 4961 etiam
2361 4903 2625 4974 adjunctis
2652 4903 2942 4957 maximum
2964 4915 3049 4959 est
3066 4903 3307 4959 veritatis
3329 4920 3613 4976 argumen-

2037 5006 2169 5062 tum,
2199 4995 2342 5067 quod
2380 4994 2629 5050 videlicet
2664 4994 2808 5049 nulla
2855 4994 3077 5049 haeresis
3119 4993 3278 5049 talem
3310 4994 3505 5051 habeat
3528 4997 3611 5051 vi-

2035 5105 2174 5144 rum.
2201 5088 2307 5145 Sed
2333 5104 2401 5143 ne
2429 5090 2567 5143 ultra
2604 5087 2718 5143 haec
2746 5102 2776 5141 a
2802 5087 2956 5143 nobis
2980 5087 3167 5144 audire
3189 5091 3444 5159 pergatis,
3478 5089 3524 5144 si
3551 5090 3618 5145 li-

2037 5182 2189 5236 brum
2219 5181 2272 5236 in
2297 5197 2403 5254 quo
2424 5180 2539 5235 hzec
2565 5180 2760 5251 scripta
2782 5188 2907 5234 sunt
2931 5177 3140 5249 legatis,
3172 5192 3418 5235 accurate
3438 5182 3612 5235 omnia

2048 5285 2292 5344 ediscere
2318 5278 2591 5351 poteritis,
2626 5287 2680 5332 et
2711 5278 2939 5332 multam
2982 5277 3106 5333 inde
3136 5277 3352 5333 haurire
3376 5279 3611 5349 philoso-

2049 5377 2257 5450 phiam.
2276 5372 2391 5428 Hoc
2413 5380 2592 5425 autem
2621 5386 2753 5441 rogo
2782 5386 2897 5425 non
2915 5381 2973 5425 ut
2999 5371 3193 5425 librum
3223 5369 3487 5428 adeamus
3506 5379 3634 5428 tan-

2094 5668 2166 5739 (ςι)
2199 5670 2283 5717 llic
2305 5668 2604 5742 haudduhie
2626 5668 2838 5742 loquitur
2857 5669 2934 5742 de.
2948 5670 3050 5719 vita
3072 5677 3116 5721 S.
3146 5679 3331 5728 Antonii
3360 5692 3447 5742 per
3472 5683 3609 5733 Alba.

2030 5730 2217 5781 nasium
2240 5731 2657 5796 arcltiepiSOOpum
2680 5730 3076 5784 Alexandrinum.
3360 5730 3373 5742 '
3514 5730 3588 5733 ﬂ
3625 5760 3633 5767 ο
