4050 6364
353 390 557 445 89.175

1463 405 1528 462 IN
1568 401 1978 461 MATTIIEUM
2020 401 2254 459 llOMlL.
2300 397 2389 455 IX.

3391 388 3605 452 90-176

358 520 600 576 ἐννοείτω
632 521 725 576 τὸν
756 518 919 593 μέχρι
967 518 1085 573 νῦν
1107 516 1168 571 ἐν
1213 516 1331 580 τοῖς
1377 514 1633 570 ἀπάντων
1675 510 1937 582 στόμασιν
2030 509 2236 579 τροφήν
2261 544 2278 572 ,
2318 507 2455 576 μήτε
2499 499 2778 573 προγόνων
2837 496 3103 568 πονηρίαν
3150 485 3607 593 προϐαλλώμεθα.

355 612 495 674 ὄντα,
520 610 581 665 δν
614 610 754 682 μετά
786 611 911 673 τοὺς
945 606 1303 671 Ἀποστόλους
1336 607 1369 675 ή
1408 604 1681 672 Αἴγυπτος
1712 601 1933 671 ἤνεγκε,

354 702 439 757 τὸν
472 704 743 773 μακάριον
764 700 858 754 καὶ
886 699 1057 770 μέγαν
1086 697 1391 758 Ἀντώνιον,
1417 694 1510 748 καὶ
1532 690 1832 760 λογιζέσθω
1853 691 1935 746 ὅτι

354 795 441 847 καὶ
484 786 640 856 οὗτος
666 794 724 846 ἐν
752 790 935 862 ἐκείνῃ
962 792 1027 860 τῇ
1053 787 1208 860 χώρᾳ.
1238 787 1480 856 γέγονεν,
1514 786 1571 837 ἐν
1687 782 1783 837 καὶ
1822 784 1935 836 Φα-

355 884 496 957 ραώ’
540 883 654 937 ἀλλ’
679 885 829 953 ὅμως
876 880 1028 933 οὐδὲν
1081 877 1420 949 παρεϐλάϐη,
1456 875 1592 930 ἀλλά
1642 875 1736 928 καὶ
1786 873 1936 938 θείας

351 974 521 1044 ὂψεως
547 970 883 1043 κατηξιώθη,
919 970 1016 1024 καὶ
1041 968 1280 1023 τοιοῦτον
1312 965 1629 1030 ἐπεδείξατο
1655 963 1788 1034 βίον,
1825 958 1937 1015 οἱον

351 1069 395 1120 οί
428 1064 522 1120 τοῦ
557 1064 795 1135 Χριστοῦ
822 1064 973 1132 νόμοι
1000 1060 1243 1131 ζητοῦσι.
1271 1059 1381 1112 Καὶ
1420 1056 1577 1112 τοῦτο
1621 1053 1826 1108 εἴσεταί
1853 1070 1937 1116 τις

355 1157 486 1228 μετά
514 1156 821 1229 ἀκριϐείας,
854 1153 1092 1225 ἐντυχὼν
1118 1152 1197 1223 τῷ
1230 1150 1418 1220 βιϐλίῳ
1445 1146 1523 1219 τῷ
1554 1147 1653 1218 τὴν
1697 1145 1937 1217 ἱστορίαν

351 1251 522 1321 ἔχοντι
550 1250 649 1319 τῆς
679 1248 890 1301 ἐκείνου
920 1246 1088 1315 ζωῆς,
1116 1246 1174 1297 ἐν
1205 1235 1248 1311 ᾧ
1276 1242 1371 1295 καὶ
1400 1238 1602 1308 πολλὴν
1630 1237 1819 1307 ὄψεται
1837 1234 1937 1305 τὴν

352 1338 707 1411 προφητείαν.
732 1336 843 1388 Καὶ
871 1335 981 1404 γάρ
1011 1334 1138 1405 περὶ
1166 1332 1273 1385 τῶν
1301 1329 1369 1383 τὰ
1395 1326 1605 1399 Ἀρείου
1638 1322 1936 1378 νοσούντων

352 1426 771 1501 προανεφώνησέ
799 1443 859 1480 τε
891 1425 987 1478 καὶ
1015 1420 1137 1477 εἷπε
1172 1422 1270 1493 τὴν
1301 1420 1362 1486 ἐξ
1391 1420 1613 1473 ἐκείνων
1641 1416 1937 1489 μέλλουσαν

350 1517 592 1588 γίνεσθαι
623 1516 849 1587 βλάϐην,
874 1512 968 1567 τοῦ
990 1511 1125 1565 Θεοῦ
1150 1511 1421 1576 δείξαντος
1442 1506 1591 1578 αὐτῷ
1615 1506 1667 1578 [1
1679 1504 1769 1578 29]
1791 1505 1933 1570 τότε,

350 1611 440 1663 καὶ
484 1608 592 1679 πρὸ
633 1607 747 1662 τῶν
789 1604 1084 1676 ὀφθαλμῶν
1115 1603 1186 1657 τά
1226 1601 1488 1674 μέλλοντα
1518 1596 1936 1669 ῦπογράψαντος

351 1703 592 1759 ἅπανταν
621 1700 650 1754 ὃ
676 1700 741 1771 δὴ
778 1699 1010 1770 μάλιστα
1038 1695 1177 1767 μετά
1200 1694 1308 1748 τῶν
1347 1693 1523 1747 ἀλλων
1552 1692 1652 1761 τῆς
1681 1689 1936 1759 ἀληθείας

351 1796 493 1849 ἐστὶν
540 1789 835 1856 ἀπόδειξις,
876 1789 973 1843 τδ³
1026 1786 1229 1859 μηδένα
1277 1784 1387 1839 τῶν
1433 1782 1631 1850 ἔξωθεν
1670 1781 1936 1851 αἱρέσεων

354 1884 518 1953 ἄνδρα
548 1880 792 1936 τοιοῦτον
830 1877 994 1949 ἔχειν.
1013 1877 1153 1930 Ἀλλ’
1182 1876 1269 1929 ἵνα
1297 1873 1373 1945 μὴ
1406 1872 1536 1943 παρ’
1561 1869 1718 1942 ήμῶν
1762 1867 1935 1935 ταῦτα

356 1973 621 2044 ἀκούσητε
634 1972 676 2035 ⁸,
706 1974 821 2035 τοῖς
849 1973 1173 2043 γράμμασιν
1218 1964 1555 2035 ἐγκύψαντες
1591 1963 1707 2027 τοῖς
1734 1958 1830 2012 τοῦ
1855 1958 1935 2029 βι-

361 2064 524 2129 ϐλίου,
564 2064 741 2118 πάντα
770 2066 1080 2137 μαθήσεσθε
1120 2065 1258 2136 μετὰ
1285 2062 1591 2135 ἀκριϐείας,
1611 2061 1707 2116 καὶ
1731 2058 1933 2129 πολλὴν

359 2155 779 2224 παιδευθήσεσθε
804 2154 901 2227 τὴν
930 2155 1246 2225 φιλοσοφίαν
1280 2154 1507 2209 ἐκεῖθεν.
1533 2153 1703 2207 Τοῦτο
1744 2152 1801 2205 δὲ
1829 2168 1933 2205 πα-

364 2247 604 2319 ρακαλῶ,
630 2248 729 2319 οὐχ
759 2248 845 2301 ἵνα
884 2247 1199 2318 ἐπέλθωμεν
1226 2247 1298 2301 τά
1340 2244 1700 2317 γεγραμμένα
1751 2244 1931 2316 μόνον,

360 2337 471 2391 ἀλλ’
496 2339 587 2393 ἵνα
618 2339 713 2393 καὶ
732 2336 1084 2410 ζηλώσωμεν,
1109 2338 1204 2393 καὶ
1235 2338 1373 2410 μήτε
1403 2336 1609 2409 χώραν,
1641 2336 1777 2408 μήτε
1802 2337 1935 2390 ἀνα·

431 2582 453 2612 ’
482 2579 568 2653 τό]
596 2579 681 2653 in?
708 2579 845 2638 Edd-

951 2581 973 2615 ³
998 2578 1240 2653 ἀκούητε
1269 2578 1337 2639 Δ.
1367 2577 1432 2639 Β.

361 2668 464 2705 νων
496 2651 632 2707 ΕάιΙ.

378 2935 515 2954 -ν

1536 2580 1559 2613 ⁸
1586 2580 1946 2653 ἐπικειμένης
1970 2578 2035 2634 Α.
2067 2576 2130 2633 Β.
2168 2577 2232 2634 C.

2036 600 2134 652 Ἂν
2180 598 2290 667 γὰρ
2324 595 2564 664 θέλωμεν
2607 589 2818 653 έαύτοῖς
2860 587 3169 658 προσέχειν,
3208 582 3359 637 οὐδὲν
3402 579 3611 633 τούτων

2037 692 2167 763 ήμῖν
2191 688 2341 742 ἔσται
2370 686 2616 756 κώλυμα.
2634 684 2787 737 Ἐπεὶ
2818 682 2913 736 καὶ
2936 677 3185 750 Ἀϐραὰμ
3210 674 3380 741 ἀσεϐῆ
3400 672 3613 743 πατέρα

2038 781 2213 852 ἔσχεν,
2245 779 2358 833 ἀλλ’
2379 780 2438 831 ού
2464 775 2733 840 διεδέξατο
2756 776 2855 845 τὴν
2884 770 3256 844 παρανομίανο
3290 768 3429 820 καὶὸ
3460 765 3615 827 Ἐζε-

2039 874 2164 937 κίας
2204 872 2296 926 τὸν
2328 869 2525 941 Ἄχας,
2558 868 2670 923 ἀλλ’
2693 868 2840 939 ὅμως
2867 862 3019 929 οὗτος
3059 864 3210 933 φίλος
3249 860 3330 931 τῷ
3358 858 3476 928 Θεῷ
3503 856 3620 925 ἐγέ-

2039 982 2185 1018 νετο·
2214 965 2308 1018 καὶ
2335 965 2363 1016 ό
2391 962 2590 1033 Ἰωσὴφ
2616 961 2673 1014 δὲ
2698 964 2756 1014 ἐν
2785 959 2926 1031 μέση
2942 959 3064 1010 τότε
3087 953 3346 1023 Αἰγύπτῳ
3372 952 3499 1013 τοὺς
3521 950 3620 1019 τῆς

2044 1056 2397 1127 σωφροσύνης
2428 1054 2728 1123 ἀνεδήσατο
2763 1054 3088 1120 στεφάνους·
3140 1047 3237 1101 καὶ
3263 1046 3313 1099 οἱ
3344 1044 3531 1107 παῖδες
3563 1042 3622 1097 δὲ

2042 1149 2093 1201 οἱ
2123 1150 2271 1219 τρεῖς
2300 1149 2357 1200 ἐν
2385 1145 2665 1199 Βαϐυλῶνι
2698 1144 2859 1215 μέσῃ,
2889 1141 2984 1194 καὶ
3006 1142 3063 1193 ἐν
3086 1138 3234 1209 οίκίᾳ
3256 1137 3414 1209 μέσῃ,
3442 1134 3622 1188 Συϐα-

2046 1237 2260 1310 μτικῆς
2288 1237 2699 1308 παρακειμένης
2718 1235 2739 1267 ⁸
2766 1232 3065 1305 τραπέζης,
3094 1229 3191 1301 τὴν
3215 1228 3390 1301 ἀκραν
3420 1223 3628 1279 ἐπεδεί-

2041 1332 2199 1397 ξαντο
2230 1332 2572 1403 φιλοσοφίαν
2628 1329 2722 1382 καὶ
2770 1328 3004 1394 Μωῦσῆς
3036 1325 3092 1377 δὲ
3123 1326 3180 1375 ἐν
3206 1321 3485 1392 Αίγύπτῳ,
3520 1323 3616 1374 καὶ

2038 1424 2068 1476 ὁ
2095 1424 2304 1488 Παῦλος
2342 1426 2399 1477 ἐν
2437 1425 2504 1494 τῇ
2540 1420 2862 1490 οἱκουμένῃ⁸
2892 1418 2987 1471 καὶ
3017 1416 3176 1469 οὐδὲν
3204 1414 3378 1468 οὐδενὶ
3409 1412 3616 1467 τούτων

2040 1518 2257 1585 ἐγένετο
2285 1514 2509 1584 κώλυμα
2553 1513 2688 1584 πρὸς
2718 1511 2810 1565 τὸν
2849 1511 2947 1581 τῆς
2975 1509 3173 1580 ἀρετῆς
3202 1506 3417 1578 δρόμον.
3448 1503 3615 1558 ταῦτ’

2040 1602 2134 1662 οὖν
2177 1607 2272 1660 καὶ
2315 1608 2473 1677 ἡμεῖς
2522 1603 2700 1658 πάντα
2744 1598 3069 1664 ἐννοοῦντες,
3100 1597 3198 1660 τὰς
3227 1596 3324 1665 μὲν
3359 1593 3619 1665 περιττὰς

2040 1698 2242 1761 ταύτας
2267 1697 2493 1767 σκήψεις
2518 1698 2611 1749 καὶ
2639 1693 2939 1765 προφάσεις
2960 1693 3023 1744 ἐκ
3047 1688 3213 1760 μέσου
3242 1683 3620 1754 ποιησώμεθα,

2041 1788 2151 1843 τῶν
2176 1788 2235 1841 δέ
2260 1787 2401 1858 ὑπὲρ
2418 1787 2515 1857 τῆς
2538 1785 2736 1857 ἀρετῆς
2760 1776 2997 1854 ἱδρώτων
3028 1776 3311 1849 ἁψώμεθα.
3335 1773 3491 1828 Οῦτω
3511 1772 3621 1841 γάρ

2044 1881 2139 1934 καὶ
2165 1881 2257 1934 τὸν
2285 1879 2417 1933 Θεὸν
2446 1879 2537 1931 ἐπὶ
2574 1876 2792 1948 μείζονα
2821 1869 3233 1941 ἐπισπασόμεθα
3261 1865 3496 1927 εὔνοιαν,
3528 1864 3623 1917 καὶ

2046 1972 2304 2043 πείσομεν
2335 1968 2778 2039 συνεφάψασθαιδ
2804 1966 2913 2019 τῶν
2939 1962 3163 2031 ἀγώνων
3207 1960 3358 2041 ἡμῖν,
3387 1956 3482 2010 καὶ
3508 1955 3619 2008 τῶν

2046 2037 2277 2119 αἰωνίων
2318 2037 2694 2129 ἀπολαύσομεν
2733 2054 3020 2126 ἀγαθῶν⁶·
3054 2047 3129 2106 ὧν
3165 2037 3373 2121 γένοιτο
3415 2046 3623 2108 πάντας

2047 2154 2195 2225 ἡμᾶς
2222 2152 2516 2221 ἐπιτυχεῖν,
2551 2150 2733 2220 χάριτι
2764 2146 2861 2201 καὶ
2893 2140 3272 2215 φιλανθρωπίᾳ
3301 2137 3394 2192 τοῦ
3415 2134 3623 2203 Κυρίου

2048 2244 2204 2317 ήμῶν
2246 2242 2421 2315 Ἰησοῦ
2462 2239 2721 2314 Χριστοῦ,
2748 2231 2793 2307 ᾧ
2839 2240 2873 2309 ή
2916 2236 3045 2301 δόξα
3087 2234 3181 2289 καὶ
3225 2232 3286 2285 τὸ
3319 2228 3515 2299 κράτος
3544 2227 3626 2289 εἱς

2047 2335 2173 2399 τοὺς
2199 2333 2401 2397 αίῶνας
2424 2331 2534 2386 τῶν
2560 2328 2791 2383 αἰώνων.
2809 2327 3002 2399 Ἀμήν.

2335 2580 2358 2613 ⁸
2385 2581 2829 2652 συνεφάπτεσθαι
2859 2582 2996 2640 Edd.
3105 2587 3130 2618 ⁶
3150 2584 3395 2658 ἀγαθῶν]
3434 2584 3641 2658 01:006-

1732 3167 1886 3243 [150]
1925 3170 2171 3228 omum
2207 3171 2284 3229 θ’.

380 3424 517 3478 Τότε
549 3420 694 3475 ἰδὼν
745 3416 1002 3487 Ἡρώδης
1036 3412 1127 3470 ὅτι
1164 3408 1495 3487 ἐνεπαίχθη
1526 3413 1647 3487 ὑπὸ
1683 3412 1804 3487 τῶν·
1840 3411 1957 3487 ιίᾴ-

447 3510 587 3563 γων,
643 3482 915 3563 ἐθυμώθη
951 3482 1102 3563 ἀίειν
1124 3504 1138 3517 ο
1193 3484 1292 3563 κᾳὶ
1337 3484 1709 3563 ᾀπςστξζλᾳς
1756 3482 1962 3563 ἀνεῖνίε

445 3551 680 3628 ἐτάντας
722 3551 867 3626 τόὺς
896 3551 1115 3628 παῖδας
1142 3556 1290 3628 τοὺς
1326 3554 1396 3628 ἐν
1427 3552 1721 3628 βηθλξὲμ,
1765 3552 1864 3628 {cal
1894 3551 1964 3605 ὲν

445 3633 599 3688 πᾶσι
632 3621 760 3698 τοῖς
789 3621 976 3699 ὁρίοις
1011 3621 1227 3699 αὐτῆς,
1261 3621 1383 3699 ἀπὸ
1418 3621 1667 3699 διετοῦς
1689 3621 1789 3676 καὶ
1818 3637 1962 3699 atat;-

445 3702 677 3787 ωξέρωη
701 3688 855 3757 κὶιτᾶ
891 3688 1001 3753 τόν
1037 3688 1286 3768 κρόκον,
1322 3694 1397 3750 ὃν
1447 3688 1750 3763 ἠκριϐωσε
1804 3688 1965 3759 παρὰ

448 3792 569 3829 των
591 3789 822 3844 μάττων.

460 4000 529 4048 α’.
552 3995 662 4048 Καὶ
693 3996 800 4066 μὴν
819 3996 921 4051 ούκ
942 3997 1113 4068 ἐχρῆν
1141 3998 1479 4071 θυμωθῆναι,
1508 4000 1646 4055 ἀλλά
1668 4001 1969 4073 φοϐηθῆναι

392 4084 484 4136 καὶ
536 4085 887 4157 συσταλῆναι,
927 4089 1023 4144 καὶ
1074 4090 1202 4146 ἱδείν
1241 4092 1324 4145 ὅτι
1372 4092 1658 4163 ἀνηνύτοις
1703 4095 1973 4165 ἐπιχειρεῖ

393 4174 728 4246 πράγμασιν.
748 4176 885 4231 Ἀλλ’
915 4179 978 4232 ού
1001 4181 1619 4237 καταστέλλεται.”οταν
1650 4186 1759 4255 γὰρ
1790 4185 1969 4252 ἀγνώ-

600 4268 746 4339 ψυχὴ
778 4269 874 4323 καὶ
901 4270 1140 4336 ἀνίατος,
1174 4272 1351 4329 οὐδενὶ
1380 4275 1517 4329 είκει
1549 4277 1661 4329 τῶν
1694 4275 1846 4348 παρά
1872 4275 1968 4330 τοῦ

390 4353 523 4411 Θεοῦ
547 4358 849 4429 δεδομένων
872 4362 1351 4436 φαρμάκωνοὍρα
1375 4364 1507 4433 γοῦν
1529 4367 1622 4420 καὶ
1649 4365 1836 4421 τοῦτον
1859 4368 1971 4430 τοῖς

391 4448 678 4521 προτέροις
719 4451 1210 4523 ἐπαγωνιζόμενον,
1245 4455 1340 4510 καὶ
1385 4456 1531 4529 φόνῳ
1568 4458 1795 4525 φόνους⁷
1841 4476 1970 4514 συν-

393 4538 652 4604 ἀπτοντα,
704 4541 799 4595 καὶ
838 4540 982 4596 κατά
1025 4544 1272 4615 κρημνοῦ
1320 4546 1597 4617 πανταχοῦ
1649 4547 1967 4618 φερόμενον.

394 4627 604 4701 Ὠσπερ
625 4629 736 4701 γάρ
758 4630 863 4685 ὑπό
886 4648 1030 4697 τινος
1054 4632 1307 4704 δαίμονος
1335 4633 1435 4706 τῆς
1458 4634 1628 4707 ὀργῆς
1652 4636 1857 4707 ταύτης
1878 4637 1974 4691 καὶ

390 4719 490 4791 τῆς
516 4720 816 4791 βασκανίας
846 4721 1254 4793 ἐκϐακχευθεὶς,
1283 4723 1496 4789 οὐδενὸς
1524 4727 1758 4779 ποιεῖται
1792 4725 1973 4796 λόγον,

391 4812 527 4868 ἀλλά
556 4812 654 4868 καὶ
683 4813 827 4868 κατά
851 4814 951 4885 τῆς
978 4816 1193 4884 φύσεως
1229 4816 1400 4888 αὐτῆς
1438 4817 1707 4888 μαίνεται,
1736 4818 1832 4871 καὶ
1872 4815 1973 4889 τήν

393 4907 559 4980 ὀργὴν
579 4907 679 4981 τὴν
716 4908 857 4963 κατὰ
883 4908 992 4962 τῶν
1032 4908 1414 4975 ἐμπαιξάντων
1455 4908 1665 4978 μάγων,
1696 4909 1836 4963 κατὰ
1863 4909 1975 4965 τῶν

399 5000 547 5056 οὐδὲν
585 5000 922 5072 ἠδικηκότων
974 5000 1180 5055 παίδων
1231 5001 1446 5073 ἀφίησι,
1494 5002 1750 5070 συγγενὲς
1790 5001 1976 5073 δρᾶμα

400 5093 504 5147 τῶν
532 5096 593 5147 ἐν
617 5090 879 5163 Δίγύπτῳ
903 5093 1209 5163 γενομένων
1239 5092 1362 5147 τότε
1400 5093 1458 5147 ἐν
1489 5093 1821 5165 Παλαιστίνῃ
1851 5094 1974 5147 τολ-

398 5184 529 5253 μῶν.
545 5185 942 5251 Ἀποστείλας
965 5185 1093 5257 γὰρ,
1120 5186 1302 5258 φησὶν,
1336 5186 1540 5241 ἀνεῖλε
1576 5187 1805 5253 πάντας
1828 5185 1970 5254 τοὺς

396 5269 609 5337 παῖδας
636 5269 779 5338 τοὺς
812 5272 882 5325 ἐν
913 5274 1182 5343 Βηθλεὲμ
1214 5273 1312 5328 καὶ
1350 5275 1420 5328 ὲν
1455 5274 1605 5329 πᾶσι
1633 5275 1757 5341 τοῖς
1788 5276 1971 5343 ὁρίοις

396 5363 601 5433 αὐτῆς,
635 5363 754 5420 ἀπὸ
784 5363 1015 5432 διετοῦς
1037 5367 1134 5420 καὶ
1168 5368 1492 5436 κατωτέρω,
1518 5369 1668 5423 κατὰ
1702 5369 1808 5423 τὸν
1831 5370 1969 5439 χρό⁸

397 5470 506 5509 νον
540 5453 615 5509 ὃν
655 5452 953 5523 ἡκρίόωσε
999 5455 1159 5525 παρὰ
1186 5455 1304 5512 τῶν
1319 5456 1833 5528 μάγων.Ἐνταῦθά
1881 5474 1973 5528 μοι

404 5544 537 5611 μετά
580 5542 868 5616 ἀκριϐείας
912 5547 1233 5617 προσέχετε.
1261 5547 1375 5602 Καὶ
1421 5546 1531 5620 γὰρ
1580 5547 1767 5601 πολλοὶ
1803 5547 1974 5603 πολλά

481 5861 505 5894 '
532 5855 762 5930 φόνους]⁸
773 5854 932 5930 φόνον
959 5851 1121 5930 laid;
1168 5854 1339 5930 '__7svo

400 5991 719 6069 “310'.va
756 5999 814 6050 C.
854 5996 913 6048 Ι).
948 5991 1010 6049 F.

481 5861 505 5894 ν
532 5855 748 5930 φόνους]
773 5854 932 5924 φόνον
959 5851 1091 5942 Ερἀ.
1168 5851 1543 5957 ’.γενομένωῂ
1578 5852 1983 5925 πεπραγμένων
2009 5853 2070 5904 Α.
2116 5850 2174 5903 Β.
2200 5848 2539 5918 τελουμένων
2564 5846 2626 5902 C.
2700 5847 2721 5879 '
2744 5843 2895 5918 περί]
2925 5843 3067 5916 ὑπέρ
3098 5845 3162 5898 Λ.
3194 5843 3254 5896 Β.

395 5924 454 5979 ιν.
536 5930 577 5962 ⁸³
613 5927 946 5979 ἐγκαλέσωσι
977 5924 1038 5979 IL.
1080 5923 1142 5979 F.
1174 5925 1271 5979 be.
1368 5927 1387 5956 ¹
1420 5941 1514 5978 και
1552 5924 1698 5979 τότε]
1732 5923 1852 5977 τότε
1891 5923 1984 5977 καί
2030 5918 2159 5977 Edd.
2196 5920 2318 5973 τότε
2358 5933 2467 5974 om.
2511 5916 2575 5973 Ε.
2607 5913 2670 5979 F.
2743 5917 2786 5949 "
2818 5914 3080 5979 ζητήσας]
3111 5916 3234 5971 add.
3271 5914 3326 5969 αἰ

442 5967 487 6009 ,ἡ
536 5913 577 5962 ίί
613 5913 1038 6009 ἐγκᾶλέσιρσιηε.
1080 5923 1142 5979 F.
1174 5913 1271 5981 (ἑὲ.
1345 5913 1387 5957 ¹¹
1420 5913 1709 5997 κα“ι”τότε]’
1732 5913 1852 5977 τότε
1891 5940 1952 5977 κα

2058 5918 2159 5977 ἒιίύ.
2196 5920 2318 5973 τότε
2358 5913 2467 5974 ὸιη.
2511 5916 2575 5973 Ε.
2607 5913 2670 5979 F.
2743 5917 2786 5949 "
2817 5913 3080 5989 ζητήσας]
3111 5916 3234 5971 add.
3271 5914 3429 5969 αὐτόν

2068 3440 2399 3514 φλυαροῦσιν
2431 3438 2573 3509 ὑπὲρ
2606 3434 2714 3489 τῶν
2742 3433 2950 3487 παίδων
2986 3429 3209 3492 τούτων,
3240 3427 3452 3482 ἀδικιαν
3486 3441 3651 3496 εγκαο

2066 3535 2285 3599 λοῦντες
2312 3534 2426 3596 τοῖς
2457 3528 2873 3599 γεγενημένοις·
2916 3523 3010 3578 καὶ
3038 3523 3088 3576 οἱ
3124 3521 3224 3591 μὲν
3251 3520 3654 3593 ἐπιεικέστερον

2070 3628 2208 3698 ὑπὲρ
2239 3623 2418 3678 αὐτῶν
2448 3616 2816 3690 διαποροῦσιν,
2845 3616 2895 3669 οἱ
2932 3614 2990 3668 δὲ
3018 3612 3348 3687 θρασύτερον
3370 3612 3465 3666 καὶ
3494 3630 3652 3683 μανι-

2068 3714 2431 3789 κώτερον.”1ν’
2462 3708 2556 3767 οῦν
2596 3710 2718 3774 τοὺς
2772 3708 2871 3780 μὲν
2918 3707 3017 3777 τῆς
3071 3705 3285 3777 μανίας,
3309 3705 3435 3767 τοῦς
3473 3704 3529 3758 δὲ
3550 3704 3653 3774 τῆς

2067 3810 2301 3880 ἀπορίας
2329 3803 2748 3873 ἀπαλλάξωμεν,
2778 3797 3078 3869 ἀνάσχεσθε
3105 3796 3299 3868 μικρὸν
3331 3794 3650 3865 διαλεγομέ-

2069 3920 2175 3955 νων
2207 3898 2365 3973 ήμῶν
2391 3898 2521 3968 περὶ
2539 3897 2562 3927 ⁸
2588 3894 2688 3965 τῆς
2722 3890 3032 3953 ὑποθέσεως
3049 3887 3271 3958 ταύτης.
3304 3888 3367 3941 Εἰ
3393 3886 3502 3959 γὰρ
3526 3888 3589 3957 δὴ
3606 3887 3654 3917 ιο

2068 3991 2227 4047 τοῦτο
2275 3987 2617 4061 ἐγκαλοῦσιν,
2648 3986 2731 4039 δτι
2772 3979 3057 4054 περιώφθη
3086 3980 3157 4034 τά
3186 3977 3372 4032 παιδία
3402 3976 3656 4049 ἀναιρού-

2075 4099 2230 4154 μενα,
2262 4078 2621 4150 ἐγκαλέσουσι
2639 4075 2683 4107 ²⁶
2721 4074 2816 4127 καὶ
2841 4074 2908 4144 τῇ
2937 4071 3046 4125 τῶν
3094 4068 3439 4140 στρατιωτῶν
3467 4071 3652 4139 σφαγῇ

2070 4173 2179 4228 τῶν
2204 4173 2295 4226 τὸν
2316 4172 2523 4242 Πέτρον
2550 4163 3163 4238 φυλαττόντων.”Ωσπερ
3182 4160 3291 4233 γὰρ
3308 4159 3539 4213 ἐνταῦθα
3556 4159 3655 4212 τοῦ

2071 4264 2285 4320 παιδίου
2316 4263 2598 4332 φυγόντος,
2629 4260 2795 4331 ἔτερα
2831 4254 3020 4309 παιδία
3049 4254 3170 4307 ἀντὶ
3198 4251 3299 4305 τοῦ
3322 4250 3654 4321 ζητουμένου

2072 4357 2513 4426 κατασφάττεται
2532 4371 2546 4384 ⁸
2577 4351 2720 4407 οὕτω
2766 4351 2831 4422 δή
2850 4350 2958 4404 ’καὶ
2986 4346 3110 4400 τότε
3130 4347 3175 4378 ³³
3204 4346 3295 4398 τὸν
3324 4345 3531 4416 Πέτρον
3559 4343 3656 4398 τοῦ

2071 4447 2443 4520 δεσμωτηρίου
2470 4445 2564 4499 καὶ
2594 4444 2701 4498 τῶν
2736 4441 2977 4497 ἁλύσεων
3011 4438 3417 4504 ἁπαλλάξαντος
3447 4436 3539 4490 τοῦ
3562 4437 3654 4505 ἀγ-

2072 4541 2254 4611 γέλου,
2285 4537 2575 4611 ὁμώνυμός
2610 4553 2695 4601 τις
2734 4533 2831 4590 τοῦ
2862 4533 3125 4606 τυράννου
3157 4529 3347 4583 τούτου
3385 4529 3479 4582 καὶ
3520 4527 3653 4598 ὁμό-

2074 4648 2272 4704 τροπος
2317 4629 2558 4700 ζητήσας
2576 4627 2621 4659 ¹³
2662 4625 2757 4680 καὶ
2802 4626 2900 4695 οὐχ
2941 4621 3140 4693 εὑρὼν,
3186 4621 3311 4684 τοὺς
3354 4619 3657 4692 τηροῦντας

2073 4722 2233 4776 αὐτὸν
2282 4718 2619 4791 στρατιώτας
2665 4717 2983 4771 ἀπέκτεινεν
3027 4715 3142 4770 ἀντ’
3173 4712 3401 4767 ἐκείνου.
3446 4711 3556 4764 Καὶ
3598 4709 3657 4763 τί

2072 4812 2259 4877 τοῦτο;
2292 4810 2453 4881 φησί’
2477 4808 2635 4863 τοῦτο
2657 4808 2765 4883 γὰρ
2795 4809 2855 4862 οὺ
2880 4807 3055 4870 λύσις,
3079 4804 3216 4860 ἀλλά
3244 4802 3530 4874 προσθήκη
3556 4800 3651 4855 τοῦ

2074 4901 2428 4972 ζητουμένου.
2461 4895 2594 4954 Οἶδα
2642 4897 2799 4969 κάγὼ
2820 4940 2834 4964 ,
2889 4897 2985 4952 καὶ
3027 4897 3116 4953 διά
3160 4895 3317 4949 τοῦτο
3360 4896 3439 4955 εἱς
3488 4892 3658 4961 μέσον

2074 4994 2252 5047 πάντα
2278 4992 2432 5065 φέρω
2454 4992 2522 5046 τά
2554 4990 2798 5051 τοιαῦτα,
2824 4989 2912 5043 ἵνα
2940 4990 3077 5043 πᾶσι
3107 4987 3243 5060 μίαν
3269 4986 3531 5054 ἐπαγάγω
3552 4983 3657 5054 τήν

2075 5086 2248 5141 λύσιν.
2280 5086 2375 5150 Τίς
2401 5081 2495 5139 οῦν
2517 5086 2634 5138 ἐστι
2661 5082 2867 5137 τούτων
2895 5084 2929 5154 ή
2954 5081 3137 5145 λύσις;
3169 5082 3263 5134 καὶ
3282 5078 3401 5133 τίνα
3422 5077 3488 5131 ἂν
3511 5077 3656 5147 ἔχοι-ο

2081 5178 2239 5249 μεν¹⁵
2267 5177 2423 5246 λόγον
2453 5176 2810 5247 εὐπρόσωπον
2843 5175 3048 5240 είπείνς
3080 5174 3199 5226 ’Ότι
3229 5171 3328 5243 ούχ
3358 5171 3386 5223 ό
3415 5170 3651 5241 Χριστὸς

2075 5270 2177 5341 τῆς
2205 5268 2418 5339 σφαγῆς
2447 5267 2628 5330 αὐτοῖς
2655 5268 2826 5330 αἴτιος
2851 5265 3092 5335 γέγονεν,
3114 5263 3227 5317 ἀλλ’
3250 5264 3284 5332 ἡ
3314 5260 3533 5332 ὠμότης
3554 5259 3652 5313 τοῦ

2080 5359 2370 5434 βασιλέως·
2400 5358 2589 5430 ῶσπερ
2619 5352 2715 5412 οῦν
2741 5356 2863 5410 οῦδὲ
2901 5356 3127 5418 ἐκείνοις
3152 5356 3181 5407 ὀ
3212 5353 3435 5425 Πέτρος,
3470 5350 3583 5405 ἀλλ’
3610 5351 3651 5423 ἠ

2078 5464 2237 5526 ἄνοια
2266 5464 2361 5517 τοῦ
2399 5458 2661 5531 Ἡρώδου.
2692 5459 2755 5512 Εἱ
2782 5458 2878 5528 μὲν
2906 5459 3016 5528 γάρ
3046 5459 3222 5527 τοῖχον
3252 5454 3571 5525 διορυγέντα
3593 5449 3643 5506 εἷ

2081 5558 2190 5622 διν,
2216 5556 2251 5622 ἢ
2282 5552 2448 5623 θύρας
2475 5547 2899 5614 ἀνατοαπείσας,
2930 5543 3075 5618 εἶχεν
3108 5545 3238 5609 ίσως
3267 5544 3541 5618 ρᾳθυμίαν
3568 5544 3655 5613 ἐγ·

3334 5841 3520 5966 ῗδεὴὲ.
3544 5839 3635 5970 δὲῗ
