4050 6364
327 357 420 416 177

328 488 554 545 llerodis
574 498 887 547 amentiam.
910 490 1042 548 Nam
1068 493 1113 549 si
1146 492 1398 549 cll‘ussum
1422 511 1632 551 murum
1661 500 1904 565 vidisset,

318 584 399 638 vel
429 592 614 653 portas
640 600 877 645 eversas.
901 585 1025 655 jure
1069 585 1205 641 forte
1256 588 1517 658 potuisset
1564 589 1783 656 milites,
1814 592 1905 661 qui

314 676 615 744 apostolum
665 677 1059 745 custodiebant,
1108 680 1442 750 negligentiae
1486 697 1777 741 accusare:
1808 700 1904 739 ve-

313 782 428 819 rum
459 767 532 821 ibi
563 768 744 822 omnia
766 769 817 823 in
840 784 938 824 suo
966 779 1104 824 statu
1134 772 1419 828 manebant
1446 790 1459 826 :
1500 773 1678 844 janua:
1706 775 1906 832 clausae

312 870 485 922 erant,
515 870 721 916 catenae
745 863 1163 917 custodientium
1191 865 1440 920 manibus
1467 867 1694 936 alligata:
1717 868 1905 938 (erant

311 952 449 1006 enim
482 953 557 1007 illi
590 954 750 1008 simul
779 971 901 1009 cum
927 954 1090 1009 Petro
1116 958 1335 1026 vincti),
1377 966 1689 1029 poteratque
1714 976 1777 1014 ex
1821 959 1904 1015 his

312 1058 491 1097 secum
526 1057 794 1115 reputare,
823 1047 867 1101 si
895 1048 1109 1118 quidem
1137 1060 1283 1104 recte
1306 1050 1620 1120 judicassct,
1646 1052 1784 1121 quod
1811 1068 1904 1122 ge-

310 1147 446 1190 stum
478 1136 655 1192 fuerat
697 1154 805 1193 non
853 1139 1078 1197 humana
1114 1143 1331 1207 virtute,
1362 1159 1533 1212 neque
1580 1143 1763 1199 fraude
1806 1145 1901 1199 ali-

308 1246 431 1299 qua,
468 1231 567 1285 sed
597 1232 773 1286 divina
802 1234 1028 1303 quadam
1060 1250 1123 1288 ac
1155 1236 1381 1290 mirabili
1418 1238 1651 1305 potentia
1697 1238 1893 1294 factunt

310 1322 490 1388 fuisse,
534 1332 692 1392 atque
742 1324 890 1379 illum
939 1325 1185 1391 adorare,
1232 1329 1321 1397 qui
1366 1328 1480 1383 hzec
1529 1329 1765 1394 fecisset,
1798 1346 1897 1387 nec

307 1429 493 1483 poenas
512 1414 580 1471 de
607 1416 919 1471 custodibus
939 1427 1219 1485 expetere.
1238 1418 1378 1474 Deus
1404 1420 1599 1488 quippe
1622 1420 1694 1474 ita
1719 1422 1898 1475 omnia
1946 1442 1955 1453 -

306 1502 448 1566 fecit,
482 1514 541 1559 ut
567 1520 671 1560 non
694 1507 854 1561 modo
883 1507 1133 1562 custodes
1160 1525 1265 1562 non
1290 1511 1573 1580 proderet;
1602 1512 1696 1565 sed
1735 1514 1896 1567 etiam

306 1607 359 1651 ut
388 1613 485 1667 per
523 1600 646 1653 illos
672 1614 855 1669 regem
887 1600 951 1653 ad
982 1600 1259 1656 veritatem
1289 1602 1600 1658 adduceret.
1631 1604 1685 1659 Si
1716 1613 1895 1659 autem

305 1689 391 1743 ille
440 1690 722 1758 improbus
776 1692 1121 1763 ingratusque
1168 1694 1285 1761 fuit,
1316 1696 1442 1765 quid
1488 1696 1554 1749 ad
1600 1698 1894 1767 sapientem

304 1782 605 1836 animarum
637 1782 1038 1853 medicum,qui
1060 1786 1236 1839 omnia
1265 1788 1453 1855 agebat
1480 1786 1545 1841 ad
1578 1787 1892 1843 benefit-ium

303 1874 663 1943 praestandum
696 1876 766 1940 ei,
797 1876 887 1946 qui
918 1877 1105 1932 morbo
1133 1878 1554 1949 inobsequentite
1585 1881 1894 1937 laborabat?

293 1963 534 2036 Idipsum
565 1967 653 2022 hic
691 1983 903 2038 quoque
927 1968 1209 2024 dicendum
1256 1979 1357 2026 est.
1392 1971 1519 2037 Cur,
1551 1987 1585 2026 ο
1626 1973 1889 2041 Herodes,

357 2060 527 2129 magis
555 2060 744 2114 illusus
776 2060 941 2115 iratus
975 2062 1080 2116 es?
1110 2078 1214 2116 non
1245 2078 1471 2118 noveras
1502 2064 1745 2120 divinum
1770 2082 1892 2123 esse

301 2152 549 2219 partum?
578 2167 757 2206 annon
810 2161 863 2205 tu
906 2154 1176 2223 principes
1215 2155 1557 2210 sacerdotum
1587 2157 1889 2212 advocave-

299 2244 421 2298 ras?
447 2259 627 2299 annon
668 2244 875 2299 scribas
894 2247 1362 2315 congregaveras?
1399 2262 1578 2302 annon
1621 2250 1790 2302 vocati
1813 2248 1886 2304 illi

299 2338 636 2408 prophetam,
658 2338 748 2409 qui
778 2338 892 2394 haec
912 2340 1039 2394 olim
1075 2340 1542 2409 prmnuntiaverat,
1565 2341 1630 2395 ad
1656 2342 1885 2398 tribunal

297 2439 443 2485 tuum
474 2429 854 2486 adduxerunt?
885 2446 1060 2484 annon
1101 2431 1281 2486 vidisti
1309 2442 1488 2487 vetera
1518 2435 1668 2488 novis
1693 2448 1888 2489 conso-

296 2536 422 2575 nare
439 2519 466 2573 ?
492 2536 673 2575 annon
701 2520 896 2575 audisti
915 2521 1123 2575 stellam
1152 2522 1233 2576 his
1254 2522 1678 2578 ministravisse?
1706 2540 1882 2579 annon

301 2612 567 2667 reveritus
597 2626 659 2667 es
685 2611 1034 2667 barbarorum
1061 2612 1426 2684 diligentiam?
1452 2631 1629 2671 annon
1659 2618 1884 2672 miratus

292 2716 565 2757 eseorum
609 2701 859 2759 fiduciam
898 2716 962 2758 ac
1012 2702 1261 2773 loquendi
1308 2704 1651 2761 libertatem?
1703 2722 1881 2763 annon

298 2787 567 2843 horruisti
616 2790 683 2843 ad
728 2805 916 2844 veram
965 2794 1251 2863 prophetae
1297 2800 1528 2851 vocem?
1576 2817 1759 2857 annon
1816 2820 1882 2859 cx

300 2880 583 2948 prioribus
631 2890 908 2951 postrema
957 2885 1109 2954 scqui
1161 2886 1451 2957 cogitasti?
1488 2889 1600 2944 Cur
1652 2909 1763 2947 non
1818 2911 1887 2948 cx

302 2971 387 3027 his
433 2973 694 3029 omnibus
745 2983 925 3029 tecum
975 2979 1273 3046 reputasti,
1328 2995 1436 3034 non
1484 2996 1549 3035 ex
1602 2998 1885 3054 magorum

302 3066 496 3120 fraude
533 3067 647 3121 haec
685 3068 958 3133 evenisse,
996 3070 1091 3123 sed
1125 3070 1311 3125 divina
1350 3073 1555 3128 virtute
1589 3077 1795 3141 omnia,
1828 3086 1889 3131 ut

300 3171 399 3225 par
451 3164 591 3220 erat,
635 3158 1004 3226 providente?
1057 3159 1285 3215 Etiamsi
1342 3178 1475 3217 vero
1530 3164 1725 3221 illusus
1780 3166 1887 3221 fui-

300 3244 367 3297 sti
407 3259 438 3297 a
476 3246 683 3316 magis,
737 3249 871 3320 quid
928 3250 1063 3305 illud
1108 3252 1177 3307 ad
1231 3269 1470 3324 pueros,
1510 3256 1605 3325 qui
1642 3257 1784 3313 nihil
1832 3267 1886 3314 te

298 3335 589 3392 lazserant?

357 3549 413 3603 2.
456 3547 562 3602 Cur
604 3546 742 3602 Deus
786 3548 1069 3617 permiserit
1110 3548 1330 3619 infantes
1368 3550 1550 3603 occidi.
1596 3549 1695 3615 Qui
1738 3550 1877 3605 mala

289 3640 484 3712 tortiter
502 3639 672 3709 ferunt
700 3656 799 3693 non
825 3639 1099 3702 (ceduntur,
1114 3639 1205 3693 etsi
1226 3639 1344 3693 laedi
1368 3639 1649 3693 videantur.
1686 3639 1873 3708 Recte,

291 3732 531 3801 inquies;
571 3731 664 3785 sed
722 3730 984 3786 llerodem
1012 3730 1226 3802 quidem
1256 3733 1397 3786 omni
1430 3731 1741 3787 defensione
1783 3749 1877 3789 va-

288 3839 484 3893 cuum,
541 3833 597 3878 et
653 3825 1053 3894 sanguinarium
1108 3824 1273 3895 probe
1322 3825 1601 3879 ostendisti
1645 3843 1658 3879 :
1701 3841 1876 3897 neque

290 3928 465 3973 tamen
495 3917 672 3972 adhuc
703 3918 906 3971 solvisti
935 3918 1293 3987 ohjectionem
1321 3918 1463 3972 circa
1511 3917 1633 3972 facti
1666 3918 1876 3989 injusti-

290 4010 437 4063 tiam.
459 4006 592 4063 Nam
621 4009 665 4062 si
695 4008 784 4064 ille
814 4010 1009 4076 injuste
1048 4010 1175 4078 egit,
1205 4025 1303 4062 cur
1338 4008 1476 4063 Deus
1516 4009 1567 4063 id
1598 4011 1875 4079 permisit?

290 4101 427 4170 Quid
450 4116 581 4172 ergo
608 4100 673 4154 ad
697 4100 813 4155 haec
838 4101 1064 4156 dixerim
1085 4101 1111 4154 ‘l
1152 4100 1384 4170 ldipsum
1413 4100 1555 4170 quod
1582 4116 1797 4171 semper
1819 4111 1874 4158 et

288 4194 339 4245 in
368 4191 616 4256 ecclesia,
640 4201 693 4245 et
724 4192 775 4245 in
822 4190 960 4254 foro,
991 4201 1045 4244 et
1076 4192 1271 4261 ubique
1310 4191 1489 4246 dicere
1527 4207 1632 4246 non
1658 4191 1870 4258 desino,

285 4284 427 4354 quod
455 4284 618 4339 velim
644 4299 738 4337 vos
767 4282 1050 4351 diligenter
1078 4282 1365 4338 observare
1390 4299 1403 4340 :
1436 4298 1557 4337 nam
1583 4284 1762 4353 regula
1789 4292 1875 4340 est

287 4376 350 4430 ad
381 4390 599 4430 omnem
627 4373 993 4445 hujuscemodi
1023 4375 1374 4444 quaestionem
1404 4374 1874 4442 adhibenda.Qn:e

285 4468 486 4537 regula,
520 4481 708 4536 quaeve
738 4466 874 4520 ratio
900 4464 1023 4521 est?
1049 4465 1150 4532 Qui
1195 4465 1391 4520 hedant
1417 4465 1636 4533 multos,
1662 4465 1751 4536 qui
1782 4465 1874 4521 lte-

282 4558 441 4612 datur
476 4557 688 4612 nullum
711 4572 852 4611 esse.
880 4555 949 4610 Et
974 4572 1044 4610 ne
1065 4554 1167 4610 hoc
1192 4555 1417 4626 aenigma
1448 4570 1543 4611 vos
1567 4556 1872 4623 conturbet,

282 4650 391 4705 cito
420 4648 747 4706 solutionem
774 4646 1058 4701 adhibebo.
1086 4645 1219 4701 Nam
1245 4661 1337 4701 eas
1364 4662 1543 4717 quasa
1563 4649 1753 4718 quovis
1777 4646 1873 4703 ho-

283 4740 429 4795 mine
458 4740 657 4809 injuste
686 4739 917 4809 patimur
960 4737 1205 4807 injurias,
1230 4737 1370 4793 Deus
1418 4738 1571 4793 nobis
1600 4748 1877 4810 computat

280 4840 371 4885 aut
403 4831 456 4884 in
489 4838 835 4899 peccatorum
864 4828 1262 4894 remissionem,
1294 4836 1388 4882 aut
1416 4829 1469 4882 in
1500 4830 1761 4885 mercedis
1784 4846 1873 4886 re-

280 4922 657 4978 tributionem.
707 4923 881 4991 Atque
924 4930 983 4974 ut
1026 4919 1081 4974 id
1126 4920 1268 4990 quod
1314 4921 1517 4975 dictum
1565 4932 1648 4975 est
1677 4921 1876 4977 clarius

281 5015 497 5081 evadat,
530 5013 597 5068 ad
626 5014 932 5083 exemplum
953 5012 1252 5068 veniamus.
1288 5014 1554 5068 Ponamus
1584 5014 1727 5070 enim
1753 5030 1875 5071 esse

280 5121 499 5160 servum
531 5105 765 5173 aliquem
792 5103 989 5158 multas
1018 5104 1273 5173 pecunias
1299 5103 1519 5159 domino
1544 5120 1641 5160 suo
1670 5104 1875 5161 deben-

282 5206 421 5250 tem:
441 5196 532 5265 qui
560 5210 749 5250 servus
766 5194 833 5248 ab
854 5195 1049 5265 iniquis
1070 5194 1377 5250 hominibus
1403 5196 1705 5265 impetatnr,
1722 5200 1794 5252 ita
1818 5207 1875 5252 ut

280 5289 550 5344 bonorum
580 5297 730 5358 parte
752 5288 924 5357 aliqua
954 5287 1259 5342 mulctetur.
1283 5288 1338 5343 Si
1368 5303 1496 5359 ergo
1512 5288 1762 5345 dominus
1783 5290 1874 5359 qui

280 5389 557 5448 raptorem
576 5376 830 5432 cohibere
854 5379 1041 5447 potuit,
1057 5386 1236 5447 raptas
1257 5378 1470 5447 quidem
1487 5380 1736 5448 pecunias
1767 5395 1871 5434 non

279 5470 553 5531 restituat,
571 5468 666 5523 sed
690 5480 866 5538 raptas
882 5477 1060 5524 tamen
1084 5470 1223 5523 inter
1239 5485 1331 5525 eas
1347 5486 1464 5539 qua:
1484 5470 1585 5525 sibi
1601 5472 1871 5527 debeban-

282 5571 373 5617 tur
394 5569 696 5628 computet:
713 5575 782 5615 an
810 5559 969 5616 laesus
988 5559 1088 5617 fuit
1103 5563 1323 5618 servus?
1351 5561 1711 5627 Neauaquam.
1730 5565 1867 5633 Quid

277 5667 415 5704 vero
434 5654 479 5704 si
508 5655 658 5721 plura
687 5654 785 5724 ipsi
805 5657 1055 5711 dominus
1075 5657 1322 5713 dederit?
1349 5675 1526 5716 annon
1552 5665 1670 5732 plus
1701 5668 1876 5724 lucra-

279 5750 370 5797 tus
398 5751 505 5809 est,
534 5758 695 5815 quam
727 5747 1063 5817 perdiderit?
1094 5747 1149 5805 ld
1177 5751 1422 5810 omnibus
1446 5754 1624 5827 palam
1653 5767 1757 5815 est.
1789 5758 1872 5816 ld-

1511 400 1575 457 ΙΝ
1616 402 2015 461 ΜΑΤἹΊΜΞΙῚΜ
2063 402 2293 459 ιιυΜιι..
2340 406 2429 469 IX.

3497 418 3604 477 173

2021 509 2192 578 ipsum
2234 522 2288 567 et
2318 528 2418 568 nos
2466 520 2711 584 putemus
2750 531 2871 573 cum
2917 518 3114 591 aliquid
3162 524 3412 594 patimur.
3453 527 3609 597 Quod

2018 604 2163 657 enim
2194 618 2289 674 per
2317 619 2585 662 aerumnas
2631 608 2767 669 illas.
2811 619 2903 664 aut
2944 623 3155 681 peccata
3200 617 3485 684 diluamus,
3514 629 3611 677 aut

2019 692 2065 745 si
2095 708 2200 747 non
2228 694 2515 750 admodum
2547 701 2781 767 peccatis
2806 701 3021 757 obnoxii
3053 705 3251 772 simus,
3276 709 3608 777 splendidio-

2018 799 2105 839 res
2131 789 2456 857 accipiamus
2501 806 2749 857 coronas,
2782 796 2903 848 audi
2954 797 3175 853 Paulum
3222 800 3490 860 dicentem
3539 806 3608 863 de

2017 874 2304 951 fornicario
2350 898 2363 934 :
2412 880 2618 938 Tracﬁte
2671 884 2962 957 hujusmodi
3003 900 3200 945 satana!
3252 894 3306 947 in
3347 894 3605 951 interitum

2013 971 2203 1035 carnis,
2249 981 2303 1025 ut
2342 974 2551 1044 spiritus
2590 977 2759 1032 salvus
2797 980 2864 1031 sit
2906 981 2985 1048 (l.
3016 981 3136 1037 Cor.
3165 985 3217 1040 5.
3248 986 3325 1053 5).
3362 986 3429 1041 Et
3474 990 3603 1059 quid

2016 1062 2116 1119 hoc
2135 1064 2160 1116 ?
2187 1063 2318 1119 Nam
2341 1066 2409 1121 de
2434 1067 2499 1121 iis
2519 1069 2607 1137 qui
2640 1070 2904 1125 laeduntur
2933 1072 3001 1128 ab
3024 1075 3144 1129 aliis
3165 1092 3343 1131 sermo
3366 1089 3470 1143 est,
3494 1096 3601 1136 non

2011 1152 2080 1208 de
2110 1155 2175 1208 iis
2201 1157 2291 1226 qui
2318 1172 2347 1209 a
2379 1157 2688 1213 doctoribus
2716 1163 3072 1233 corriguntur.
3108 1164 3263 1222 Certe
3291 1170 3490 1224 nullum
3520 1183 3603 1226 est

2012 1242 2156 1299 inter
2187 1245 2274 1301 illa
2304 1248 2578 1303 medium:
2613 1268 2733 1305 nam
2764 1253 2833 1308 de
2872 1254 3017 1309 dicto
3060 1256 3361 1325 hujusmodi
3388 1278 3599 1331 quaere-

2009 1333 2186 1401 batur,
2235 1338 2295 1392 In
2336 1342 2592 1396 aerumnis
2646 1344 2846 1398 nullum
2903 1348 3153 1415 patientis
3199 1351 3449 1407 damnum
3491 1365 3594 1411 est.

2006 1426 2115 1482 Sed
2152 1436 2209 1483 ut
2233 1444 2536 1490 sermonem
2587 1434 2902 1490 transferam
2944 1438 3011 1492 ad
3057 1438 3107 1494 id
3138 1442 3277 1510 quod
3308 1446 3474 1515 magis
3504 1462 3587 1501 act

2006 1521 2150 1575 cedit
2180 1521 2247 1577 ad
2276 1526 2660 1594 quaestionem;
2708 1529 2991 1586 recordare
3020 1533 3253 1601 Davidis,
3284 1535 3372 1606 qui
3415 1538 3595 1595 Semei

2007 1614 2196 1671 videns
2226 1616 2509 1673 instantem
2537 1630 2589 1675 et
2614 1620 2900 1677 calamitati
2931 1641 3044 1680 sua:
3073 1626 3437 1693 insultantem,
3470 1646 3593 1686 sex-

2006 1710 2283 1779 centisque
2336 1712 2548 1786 probris
2593 1725 2999 1784 aspergentem,
3048 1733 3169 1773 cum
3225 1722 3421 1776 vellent
3468 1740 3592 1779 eum

2004 1797 2168 1853 duces
2196 1803 2464 1856 exercitus
2495 1802 2818 1872 interﬁcere,
2859 1809 3095 1864 cohibuit
3121 1809 3206 1865 his
3248 1814 3461 1867 verbis:
3492 1812 3591 1868 Di-

2003 1890 2185 1944 mittite
2204 1891 2350 1946 illum
2378 1894 2697 1963 maledicere,
2717 1907 2773 1951 ut
2798 1899 2963 1954 videat
2985 1900 3232 1959 Dominus
3262 1905 3593 1961 humilitatem

2002 2000 2187 2051 meam,
2219 1996 2266 2039 et
2304 1987 2547 2042 retribuat
2576 1992 2704 2044 mihi
2729 1992 2858 2046 bona
2888 2010 2981 2063 pro
3010 1995 3104 2050 hoc
3132 1998 3399 2053 maledicto
3424 2001 3475 2053 in
3497 2002 3592 2055 hac

2003 2076 2087 2131 die
2112 2076 2192 2146 (2.
2226 2078 2355 2149 Reg.
2385 2080 2473 2134 16.
2506 2082 2594 2136 ll.
2627 2083 2741 2154 l9.).
2787 2084 2845 2139 Et
2874 2086 2926 2139 in
2955 2086 3182 2141 Psalmis
3207 2104 3405 2144 canens
3438 2090 3583 2145 dice-

2002 2170 2123 2225 bat:
2159 2170 2370 2241 Respice
2393 2176 2624 2231 inimicos
2651 2193 2805 2243 meas,
2838 2180 3077 2249 quoniam
3107 2181 3431 2253 multiplicati
3451 2194 3585 2247 sunt,

2000 2271 2047 2315 et
2072 2263 2190 2315 odio
2218 2264 2393 2334 iniquo
2418 2265 2633 2320 oderunt
2671 2284 2751 2321 me
2781 2284 2800 2322 :
2841 2280 2888 2323 et
2933 2271 3128 2326 dimitts
3169 2274 3337 2327 omnia
3380 2288 3586 2347 peccata

1998 2370 2107 2407 mea
2137 2353 2305 2425 (Psal.
2325 2355 2414 2410 2L
2441 2357 2523 2412 l9.
2555 2356 2662 2428 t8).
2688 2359 2751 2413 Et
2780 2358 3015 2437 Lazarus
3040 2363 3270 2431 quietem
3290 2381 3588 2437 consequu~

1998 2454 2082 2501 tus
2106 2446 2354 2518 est(Luc.
2384 2448 2496 2517 l6).
2528 2450 2646 2519 quia
2679 2452 2952 2507 innumera
2978 2456 3112 2510 mala
3146 2473 3238 2525 per
3269 2457 3405 2513 hanc
3422 2459 3582 2513 vitam

2003 2551 2289 2606 perpessus
2318 2547 2418 2592 est.
2451 2539 2564 2594 Non
2593 2556 2720 2611 ergo
2750 2542 3139 2617 lardnntur,qui
3165 2548 3283 2602 lzedi
3312 2548 3577 2615 videntur,

1995 2628 2039 2681 si
2073 2630 2208 2683 mala
2239 2632 2417 2685 omnia
2448 2631 2656 2688 fortiter
2681 2635 2882 2701 ferant;
2916 2636 3023 2692 imo
3053 2640 3223 2711 majus
3262 2642 3470 2700 lucrum
3496 2660 3583 2700 reo

1996 2728 2229 2787 portant,
2256 2722 2371 2777 sive
2405 2738 2434 2776 a
2466 2723 2573 2778 Deo
2604 2728 2994 2795 percutiantur,
3022 2733 3134 2787 sive
3162 2748 3190 2786 a
3219 2733 3431 2793 diabolo
3459 2753 3583 2793 ver—

1995 2808 2267 2866 berentur.
2301 2812 2519 2883 Ecquod
2564 2828 2840 2885 peccatum
2872 2819 3109 2877 habuere
3137 2825 3307 2893 pueri,
3350 2826 3580 2896 inquies,

1990 2900 2132 2969 quod
2180 2902 2462 2960 elucrent?
2498 2905 2566 2960 de
2614 2907 2679 2962 iis
2720 2909 2862 2963 enim
2913 2911 3004 2981 qui
3052 2923 3264 2971 mtatem
3309 2921 3581 2989 asscquuti

1993 3001 2207 3059 peccata
2246 2994 2470 3061 plurima
2504 3009 2901 3067 perpetrarunt,
2921 3001 3043 3073 jure
3071 3006 3189 3074 quis
3220 3008 3333 3064 ha'c
3352 3010 3573 3079 dixerit;

1989 3082 2079 3151 qui
2117 3098 2247 3137 vero
2278 3094 2384 3139 tam
2436 3086 2718 3143 immatura
2769 3103 2943 3148 morte
2993 3098 3238 3165 praerepti
3286 3110 3430 3167 sunt,
3454 3118 3575 3169 quae

1993 3183 2207 3240 peccata
2249 3175 2313 3228 iis
2339 3175 2513 3230 allecti
2546 3179 2701 3232 malis
2730 3180 3087 3239 deleverunt?
3113 3185 3226 3241 Non
3270 3189 3461 3244 audisti
3493 3208 3581 3249 me

1988 3262 2274 3327 dicentem,
2308 3267 2515 3323 etiamsi
2544 3269 2689 3324 nulla
2720 3269 2828 3325 sint
2854 3285 3091 3342 peccata,
3122 3280 3385 3333 mercedis
3418 3283 3579 3335 retri-

1988 3353 2257 3410 butionem
2278 3356 2346 3410 ibi
2362 3372 2582 3414 manere
2593 3375 2686 3414 eos
2698 3360 2788 3432 qui
2808 3360 2894 3417 hic
2908 3364 3061 3419 malis
3078 3377 3202 3422 sunt
3218 3368 3576 3440 affectilQuid

1986 3460 2118 3516 ergo
2145 3446 2449 3504 detrimenti
2484 3464 2743 3520 accepere
2773 3454 2923 3522 pueri
2960 3471 3056 3525 pro
3084 3457 3175 3512 tali
3204 3473 3361 3515 causa
3388 3464 3577 3527 occisi,

1986 3538 2074 3607 qui
2116 3539 2293 3593 statim
2336 3540 2404 3593 ad
2447 3542 2790 3611 tranquillum
2842 3557 3053 3613 portum
3098 3551 3463 3619 appulerunt?
3508 3557 3578 3610 At

1986 3628 2171 3695 multa,
2198 3630 2429 3699 inquies,
2453 3630 2593 3688 forte
2622 3632 2760 3689 bona
2802 3635 2997 3692 edituri
3023 3650 3197 3707 erant,
3226 3644 3270 3696 si
3297 3646 3573 3703 vixissent.

1981 3719 2087 3776 Sed
2116 3721 2237 3777 ideo
2257 3737 2365 3777 non
2395 3740 2491 3794 par
2516 3724 2647 3795 ipsis
2677 3742 2885 3783 merces
2911 3732 3144 3800 reposita
3176 3742 3279 3799 est,
3308 3740 3448 3804 quod
3480 3755 3578 3809 pro

1983 3814 2074 3868 tali
2116 3828 2275 3868 causa
2324 3814 2576 3870 obierint.
2624 3816 2873 3888 Alioquin
2923 3837 3050 3877 vero
3096 3840 3203 3879 non
3248 3830 3573 3896 permisisset

1983 3921 2178 3976 pueros
2230 3920 2549 3975 praamatura
2606 3921 2780 3966 morte
2828 3913 3029 3984 abripi,
3081 3916 3126 3969 si
3182 3920 3355 3989 magni
3412 3920 3575 3981 futuri

1980 4009 2157 4053 erant.
2218 3999 2353 4055 Nam
2405 4001 2449 4054 si
2495 4017 2586 4056 eos
2633 4004 2723 4073 qui
2774 4004 2825 4058 in
2876 4007 3110 4075 nequitia
3161 4010 3350 4065 victuri
3412 4025 3572 4081 sunt,

1978 4104 2103 4143 cum
2131 4100 2272 4144 tanta
2321 4091 2423 4145 fert
2464 4093 2737 4162 patientia,
2780 4096 2946 4149 multo
2999 4099 3164 4168 magis
3209 4100 3307 4155 hos
3345 4119 3452 4157 non
3498 4108 3575 4160 si-

1981 4191 2132 4235 neret
2162 4182 2233 4236 ita
2277 4181 2498 4248 auferri,
2518 4184 2563 4238 si
2607 4200 2797 4256 magna
2825 4186 3068 4257 quaedam
3099 4190 3344 4248 edituros
3376 4197 3571 4265 pravi-

1977 4270 2158 4328 deret?

2060 4466 2114 4521 5.
2144 4466 2210 4521 Et
2237 4469 2288 4520 hi
2321 4469 2535 4537 quidem
2568 4468 2739 4524 nostri
2765 4478 2890 4525 sunt
2917 4485 3231 4538 sermones;
3275 4489 3374 4529 nec
3402 4483 3580 4531 tamen

1984 4554 2036 4609 hi
2068 4557 2167 4610 soli
2199 4568 2424 4627 possunt
2452 4559 2651 4625 all'erri,
2681 4560 2777 4615 sed
2817 4570 2941 4616 sunt
2966 4563 3129 4617 etiam
3169 4563 3258 4618 alii
3306 4565 3392 4620 his
3422 4567 3579 4637 longe

1983 4648 2365 4713 abstrusiores,
2385 4664 2520 4719 quos
2548 4650 2685 4706 bene
2712 4652 2862 4707 novit
2891 4654 2936 4707 is
2962 4655 3051 4723 qui
3087 4653 3201 4708 lure
3223 4656 3577 4725 dispensavit.

1986 4744 2090 4813 Ipsi
2133 4746 2311 4813 itaque
2353 4747 2687 4802 accuratiore
2718 4747 2970 4803 harumce
3014 4764 3192 4803 rerum
3222 4752 3583 4822 comprehen-

1983 4836 2136 4890 sione
2163 4850 2442 4903 concessa,
2473 4837 2539 4891 iis
2566 4853 2687 4908 quae
2732 4848 3030 4909 sequuntur
3072 4839 3390 4910 haereamus,
3434 4852 3486 4897 et
3512 4858 3581 4899 ex

1985 4928 2212 4982 aliorum
2243 4928 2632 4985 calamitatibus
2676 4930 2741 4985 ad
2791 4932 2969 4987 omnia
3014 4931 3224 4989 fortiter
3253 4934 3471 4991 ferenda
3499 4939 3581 4991 in-

1982 5019 2289 5075 stituamur.
2317 5021 2434 5076 Non
2463 5037 2621 5092 parva
2651 5024 2795 5078 enim
2828 5026 3082 5096 tragoedia
3114 5036 3241 5083 tunc
3262 5029 3575 5085 Bctldehem

1984 5112 2287 5181 occupavit,
2311 5113 2493 5182 pueris
2522 5128 2585 5168 ex
2615 5114 2743 5185 ipsis
2766 5126 2996 5170 matrum
3031 5118 3287 5173 uberibus
3314 5121 3574 5189 abreptis,

1984 5210 2040 5255 ct
2067 5201 2134 5256 ad
2180 5202 2319 5257 hanc
2350 5204 2583 5275 iniquam
2611 5206 2813 5262 caedem
2853 5208 3119 5263 abductis.
3149 5210 3299 5278 Quod
3330 5212 3375 5265 si
3404 5212 3578 5268 adhuc

1982 5294 2161 5363 pusilli
2188 5310 2246 5350 es
2272 5296 2458 5363 animi,
2486 5313 2583 5353 nec
2627 5307 2826 5353 tantam
2872 5311 3025 5369 potes
3065 5301 3456 5372 phi|050phiam
3499 5314 3579 5358 at-

1988 5388 2213 5457 tingere,
2240 5388 2390 5445 disce
2428 5389 2588 5445 linem
2635 5392 2778 5447 illius
2805 5394 2892 5463 qui
2940 5393 3056 5449 haec
3096 5410 3259 5450 ausus
3288 5405 3389 5462 est,
3420 5396 3578 5465 spiri-

1983 5491 2201 5553 tumque
2230 5482 2771 5540 resume.Celerrima
2791 5489 2987 5558 quippe
3013 5486 3160 5541 illum
3182 5486 3432 5543 facinoris
3461 5488 3576 5541 vin-

1984 5573 2124 5628 dicta
2150 5575 2428 5645 corripuit,
2462 5580 2702 5647 tantique
2728 5578 2951 5634 sceleris
2975 5578 3163 5649 dignas
3186 5578 3336 5634 dedit
3362 5594 3574 5649 ptenas,

1981 5662 2098 5718 dira
2142 5672 2315 5721 morte
2356 5676 2413 5721 et
2453 5681 2518 5722 ea
2558 5682 2720 5738 quam
2765 5668 2946 5724 intulit
2991 5670 3383 5726 miserabiliore
3409 5673 3573 5726 vitam

1984 5757 2260 5834 clapdcns,
2290 5757 2678 5834 innumeraque
2717 5760 2819 5817 alia
2866 5776 3053 5836 passus
3100 5763 3239 5820 mala
3273 5781 3291 5819 :
3334 5781 3453 5838 qua:
3495 5764 3573 5821 di-
