4050 6364
462 373 558 432 ΠΟ

459 511 613 554 scere
665 491 909 566 poteritis
975 490 1020 545 si
1069 487 1287 556 JOstlti
1335 483 1622 540 Historiam
1667 477 1924 535 evolvatis
1943 474 2040 546 (a),

459 605 642 660 quam,
677 603 744 644 ne
775 585 1015 656 longiore
1043 591 1256 636 utamur
1284 591 1555 640 sermone,
1585 589 1686 629 neu
1712 572 1908 629 seriem
1948 583 2046 622 no-

460 692 625 738 stram
675 676 1098 747 intercipiamus,
1146 670 1496 742 prmsentihus
1551 681 1657 720 non
1707 662 2047 718 inserendam

462 788 581 830 esse
610 770 930 843 putavimus.
967 767 1054 822 l7.
1098 763 1246 818 Tunc
1289 761 1551 832 impletum
1593 767 1664 812 est
1695 756 1830 826 quod
1859 755 2049 807 dictum

458 873 531 920 est
578 880 668 933 per
709 861 986 916 Jeremiam
1033 857 1328 929 prophetam
1374 853 1668 907 dicentem:
1706 849 1793 904 18.
1832 845 1946 900 Vua:
1999 847 2056 900 in

456 956 628 1014 ﬂama
653 958 828 1013 audita
856 966 951 1022 est,
987 955 1234 1025 ploratus,
1263 961 1308 1006 et
1331 951 1480 1021 ﬂetus
1506 957 1551 1001 et
1579 946 1801 1001 ululatus
1821 941 2046 1004 multus;

459 1051 659 1108 Rachel
686 1051 918 1122 plorans
957 1049 1094 1119 ﬁlios
1139 1062 1278 1112 suos,
1307 1053 1354 1098 et
1403 1041 1567 1097 noluit
1614 1037 1887 1099 consolari,
1930 1034 2048 1105 quia

462 1162 565 1201 non
581 1153 697 1198 sunt
717 1143 848 1216 (Jer.
869 1143 929 1196 3i
945 1181 959 1196 .
981 1141 1092 1210 15).
1113 1137 1372 1205 Quoniam
1393 1133 1535 1189 enim
1558 1129 1854 1186 auditorem
1873 1125 2048 1194 reple-

460 1239 538 1292 vit
562 1236 808 1300 horrore,
831 1235 930 1289 hac
951 1233 1202 1296 violenta,
1225 1226 1595 1284 crudelissima
1624 1233 1677 1279 et
1697 1223 1874 1291 iniqua
1902 1217 2049 1274 caede

460 1336 705 1389 narrata,
761 1328 934 1396 ipsum
982 1323 1310 1388 consolatur,
1362 1319 1584 1384 docens,
1627 1315 1746 1371 hare
1776 1329 1882 1368 non
1928 1311 2050 1366 ideo

461 1420 742 1484 accidisse,
771 1417 912 1488 quod
949 1417 1086 1471 Deus
1115 1429 1214 1469 nec
1258 1421 1440 1482 posset
1466 1407 1745 1478 impedire,
1779 1419 1879 1460 nec
1907 1418 2060 1473 [πω-ς

459 1513 700 1576 vidisset,
735 1512 827 1565 sed
859 1526 980 1565 eum
1013 1509 1126 1563 haec
1154 1518 1207 1562 et
1248 1507 1426 1560 futura
1457 1503 1693 1566 novisse,
1719 1508 1775 1555 et
1802 1512 2050 1569 primum-

460 1607 624 1660 tiasse
649 1620 742 1674 per
764 1603 1100 1674 prophetam.
1125 1599 1202 1655 Ne
1226 1599 1402 1668 itaque
1432 1595 1681 1657 turbaris,
1703 1601 1756 1646 et
1775 1589 2046 1653 concidas,

460 1699 512 1754 in
564 1698 950 1769 providentiam
997 1695 1112 1766 ejus
1166 1691 1488 1749 ineffabilem
1536 1688 1852 1759 respiciens,
1889 1699 2046 1755 quam

459 1802 569 1846 tum
612 1807 679 1846 ex
725 1791 789 1844 iis
830 1776 948 1859 qua:
979 1796 1254 1856 operatur,
1286 1794 1396 1839 tum
1438 1797 1504 1837 ex
1549 1780 1614 1836 iis
1642 1794 1762 1850 quae
1791 1775 2050 1848 permittit

456 1883 639 1937 videre
670 1890 752 1936 est
784 1897 799 1934 :
843 1879 895 1934 id
923 1877 1066 1948 quod
1100 1878 1260 1932 etiam
1288 1874 1418 1929 alibi
1445 1871 1737 1942 discipulos
1766 1869 2046 1938 alloquens

457 1972 834 2028 suhiudicavit.
885 1971 1020 2038 Quia
1067 1969 1213 2025 enim
1265 1965 1572 2029 tribunalia,
1605 1963 1952 2017 ahductiones
1979 1959 2048 2014 ad

455 2075 706 2132 mortem,
734 2064 882 2121 orbis
910 2064 1048 2120 bella
1077 2059 1516 2129 interuecinaque
1541 2057 1724 2128 prazlia
1756 2054 1885 2126 ipsis
1916 2069 2051 2123 pne-

457 2159 812 2222 nuutiaverat,
840 2172 1028 2212 eorum
1058 2155 1268 2210 animos
1309 2153 1545 2224 erigens,
1574 2160 1628 2206 et
1659 2159 1716 2205 ut
1740 2148 2050 2205 consoletur

456 2253 574 2306 illos
603 2251 678 2305 ait
706 2268 720 2306 :
753 2248 941 2304 Nonne
965 2249 1068 2302 duo
1098 2262 1326 2317 passeres
1355 2261 1470 2299 asse
1493 2251 1727 2304 veneunt,
1756 2250 1803 2295 et
1829 2255 1962 2294 unus
1983 2254 2046 2292 ea:

455 2343 558 2396 illis
586 2358 687 2396 non
727 2341 872 2394 cadet
916 2355 1071 2410 super
1099 2347 1288 2392 terram
1328 2336 1438 2390 sine
1469 2333 1624 2388 Patre
1668 2341 1854 2399 vestro,
1879 2331 1966 2399 qui
1994 2330 2049 2382 in

455 2436 593 2491 uelis
615 2444 687 2489 est
703 2433 918 2504 (Matth.
934 2431 1163 2502 l0.29)?
1182 2431 1294 2485 Hoc
1315 2436 1494 2483 autem
1510 2426 1740 2492 dicebat,
1756 2422 2047 2479 ostendens

455 2529 548 2584 illo
571 2530 850 2600 ignorante
891 2525 1022 2580 nihil
1053 2525 1204 2588 fieri;
1235 2522 1332 2578 sed
1358 2521 1499 2577 scire
1543 2519 1692 2574 illum
1721 2517 1921 2581 omnia,
1949 2529 2050 2568 nec

455 2630 633 2674 tamen
665 2628 854 2674 cuncta
877 2617 1072 2672 facere.
1093 2615 1171 2671 Ne
1197 2614 1378 2684 igitur,
1401 2611 1594 2682 inquit,
1621 2607 1928 2672 turbemini,
1948 2619 2048 2660 nec

454 2710 921 2768 commoveamini.
949 2707 1084 2764 Nam
1112 2707 1200 2778 qui
1230 2706 1331 2760 scit
1356 2719 1419 2759 ea
1446 2717 1567 2774 quae
1592 2699 1886 2763 sustinetis,
1909 2703 1964 2751 et
1985 2711 2047 2750 ea

456 2811 634 2873 potest
679 2800 962 2870 impedire,
1012 2800 1130 2854 sine
1171 2797 1338 2852 dubio
1378 2810 1481 2850 non
1533 2791 1761 2862 impedit.
1781 2791 1904 2860 quia
1950 2803 2045 2842 vc-

456 2907 628 2952 strum
653 2910 837 2950 curam
863 2901 920 2948 et
963 2890 1352 2962 providentiam
1391 2885 1572 2957 gerit:
1603 2882 1748 2954 quod
1785 2881 1945 2936 etiam
1993 2879 2045 2934 in

457 2986 839 3044 tentationihus
879 2985 1118 3054 cogitare
1147 2988 1394 3050 Oportet,
1424 2978 1652 3048 hincque
1694 2989 1801 3030 non
1832 2987 2046 3042 parvam

455 3078 879 3134 consolationem
925 3076 1273 3144 accipiemus.
1323 3072 1389 3127 Et
1416 3069 1543 3142 quid
1573 3081 1858 3123 commune
1888 3065 2050 3120 habet

459 3170 661 3226 Rachel
703 3185 825 3225 cum
866 3166 1221 3223 Bethlehem?
1261 3164 1466 3219 dixerit
1491 3162 1718 3215 fortasse
1745 3157 2043 3228 quispiam;

460 3263 672 3328 Rachel,
715 3262 905 3332 inquit,
936 3260 1145 3330 plorans
1176 3257 1311 3324 ﬁlios
1352 3271 1490 3310 suos.
1531 3253 1667 3320 Quid
1710 3252 1838 3307 item
1877 3250 2046 3304 Bama

451 3372 579 3411 cum
605 3354 878 3410 Racheie?
907 3353 1102 3408 Rachel
1130 3360 1304 3407 mater
1332 3359 1449 3404 erat
1475 3347 1810 3416 Benjamini;
1850 3345 2048 3415 ipsam-

455 3464 558 3516 que
585 3456 849 3501 mortuam
877 3445 1204 3514 sepelierunt
1233 3444 1286 3497 in
1327 3440 1680 3510 hippodromo
1710 3451 1875 3507 prope
1906 3437 2047 3489 hunc

458 3542 650 3594 locum.
682 3540 812 3606 Quia
839 3538 999 3608 igitur
1021 3536 1327 3606 sepulcrum
1355 3549 1522 3602 prope
1543 3539 1680 3594 erat,
1699 3538 1756 3584 et
1785 3528 1900 3582 haec
1927 3542 2046 3582 sors

455 3642 569 3686 erat
600 3631 893 3700 Benjamiui
925 3630 1015 3684 filii
1044 3631 1162 3696 ejus
1195 3644 1210 3683 :
1243 3642 1364 3680 nam
1388 3625 1556 3680 Rama
1579 3623 1646 3678 ad
1675 3621 1870 3677 tribum
1903 3620 2044 3675 Ben-

451 3725 616 3792 jamiu
661 3723 997 3796 pertinebat;
1025 3732 1081 3776 et
1117 3737 1146 3774 a
1179 3721 1418 3790 principe
1457 3719 1648 3782 tribus,
1676 3725 1729 3770 et
1756 3731 1786 3769 a
1814 3712 2045 3784 sepulcri

455 3821 607 3880 luco,
657 3825 916 3870 mactatos
975 3828 1172 3883 pueros
1211 3813 1333 3881 jure
1383 3809 1633 3864 Rachelis
1682 3807 1820 3861 filios
1866 3812 2043 3859 vocat.

461 3907 662 3964 Deinde
688 3906 980 3961 ostendens
1001 3904 1299 3960 insanabile
1322 3917 1442 3956 esse
1465 3911 1570 3954 tam
1587 3899 1806 3954 crudele
1831 3897 2043 3962 vulnus,

456 4003 569 4056 ait:
605 3999 788 4054 Noluit
814 3996 1087 4059 consolari,
1123 3995 1242 4064 quia
1270 4010 1370 4048 non
1397 4001 1534 4046 sunt.
1571 3990 1666 4046 His
1695 4003 1906 4044 rursum
1943 3987 2046 4042 hoc

457 4094 628 4158 ipsum
672 4089 946 4150 docemur.
981 4085 1124 4157 quod
1153 4085 1300 4154 prius
1341 4083 1607 4146 dicebam,
1640 4095 1748 4134 non
1794 4087 2047 4148 oportere

457 4186 678 4248 turbari,
709 4199 831 4238 cum
857 4198 918 4238 ea
949 4196 1068 4250 quae
1093 4178 1363 4244 accidunt,
1408 4175 1504 4230 Dei
1533 4172 1872 4244 promissioni
1911 4187 2044 4226 con-

459 4280 620 4334 traria
643 4278 910 4332 videntur.
941 4274 1080 4330 Ecce
1109 4274 1250 4326 enim
1279 4285 1400 4324 cum
1427 4267 1648 4323 advenit
1671 4267 1784 4336 ipse
1811 4265 1877 4318 ad
1906 4264 2047 4317 salu-

459 4379 565 4425 tem
591 4368 790 4440 populi,
815 4368 923 4422 imo
951 4364 1016 4419 ad
1043 4364 1264 4418 salutem
1285 4360 1452 4422 orbis,
1471 4375 1588 4430 qua:
1616 4356 1833 4413 exordia
1863 4353 2048 4410 fuere?

398 4450 406 4463 ’
459 4462 626 4518 Mater
664 4460 815 4531 fugit,
850 4458 1018 4528 patria
1046 4455 1162 4526 ejus
1194 4452 1617 4508 intolerabilibus
1654 4447 2047 4505 calamitatibus

460 4553 732 4625 afﬂigitur,
778 4550 955 4606 caedes
1012 4555 1348 4617 perpetretur
1389 4545 1628 4600 omnium
1675 4541 2044 4606 acerbissima,

463 4645 703 4715 ploratus
749 4650 804 4698 et
832 4640 1064 4695 ululatus
1114 4637 1313 4693 multus
1363 4644 1523 4706 atque
1569 4633 1797 4705 ejulatus
1826 4633 2044 4700 ubique.

463 4737 663 4792 \‘erum
690 4749 757 4788 ne
799 4731 1031 4786 turheris
1063 4746 1076 4783 :
1116 4729 1254 4783 solet
1280 4728 1424 4782 enim
1477 4741 1572 4796 per
1599 4724 1868 4779 contraria
1895 4737 2048 4778 ueco-

465 4825 698 4882 uomiam
737 4837 888 4878 suam
934 4820 1179 4889 implere,
1211 4819 1501 4872 maximam
1543 4815 1669 4870 inde
1699 4815 1908 4869 virtutis
1937 4828 2049 4867 suae

463 4919 620 4973 nobis
646 4914 889 4986 praebens
919 4909 1454 4967 demonstrationem.
1481 4908 1569 4962 Sic
1598 4906 1892 4975 discipulos
1923 4918 2050 4960 suos

465 5009 670 5066 induxit
699 5016 858 5077 atque
878 5003 1128 5070 instituit,
1161 5011 1219 5056 ut
1244 5001 1314 5055 ita
1345 5000 1523 5054 omnia
1554 5007 1892 5068 peragerent,
1921 5011 2052 5050 con-

466 5102 629 5157 traria
673 5098 957 5157 contrariis
1001 5096 1339 5165 dispensans,
1371 5109 1479 5163 quo
1523 5092 1696 5161 majus
1734 5090 2048 5145 miraculum

466 5197 724 5249 eluceret.
756 5189 1033 5260 Flagellati
1063 5187 1242 5257 itaque
1268 5185 1364 5248 illi,
1396 5193 1450 5239 et
1479 5185 1634 5254 pulsi,
1665 5191 1717 5237 et
1746 5183 2052 5237 innumeras

466 5290 734 5357 patientes
771 5297 1057 5344 arrunmas,
1089 5280 1167 5335 sic
1204 5279 1593 5349 flagellantihus
1621 5287 1779 5347 atque
1807 5275 2053 5346 pellenti-

471 5381 567 5431 ltus
594 5377 902 5444 superiores
926 5381 1227 5427 evaserunt.
1253 5372 1336 5426 l9.
1363 5369 1611 5442 Defuncto
1635 5379 1803 5422 autem
1828 5366 2050 5430 Herode,

470 5484 580 5520 ecce
617 5469 830 5538 angelus
883 5465 1086 5518 Domini
1126 5463 1366 5532 apparuit
1404 5463 1456 5515 in
1501 5462 1690 5515 somnis
1718 5458 1928 5530 .loseph,
1959 5459 2049 5513 ‘20.

472 5562 642 5615 dicens
676 5575 697 5614 :
753 5560 981 5630 Surgens
1031 5556 1206 5626 accipe
1250 5570 1462 5625 puerum
1502 5564 1547 5607 et
1585 5562 1796 5605 matrem
1833 5551 1963 5619 ejus,
2008 5560 2055 5605 et

561 5821 634 5880 fa)
655 5823 904 5885 Josephus
919 5825 969 5873 in
991 5818 1202 5872 Historia
1227 5829 1313 5866 sua
1335 5813 1538 5865 Herodis
1570 5814 1714 5864 vitam
1739 5811 1992 5863 describit.

1192 384 1249 439 5.
1288 376 1566 437 JOANNIS
1602 371 2072 435 CHRYSOS’I‘OMI
2109 369 2426 426 ARCHIEP.
2468 363 3003 422 CONSTANTINOP.

3634 351 3738 412 180

2153 473 2280 531 uade
2327 473 2378 526 in
2424 482 2610 525 terram
2660 470 2845 526 Israel.
2897 471 3013 526 Non
3049 470 3160 540 jam
3209 470 3358 534 dicit,
3406 470 3572 540 Fuge,
3621 473 3743 539 sed,

2167 563 2322 616 Vade.

2223 657 2278 710 4.
2323 653 2510 708 Viden’
2543 669 2753 708 rursum
2799 654 3032 724 quietem
3065 664 3188 724 pest
3219 653 3614 709 tentatiouem?
3646 653 3749 709 de-

2155 745 2276 800 inde
2302 755 2422 817 post
2460 746 2693 815 quietem
2735 759 2922 799 rursus
2951 745 3283 814 periculum?
3311 744 3441 799 Nam
3486 755 3605 815 post
3634 746 3753 800 exi-

2154 838 2280 894 lium
2327 838 2613 902 dimissus,
2641 846 2696 891 et
2730 837 2782 892 in
2831 853 2982 892 suam
3035 838 3308 907 regionem
3351 852 3599 892 reversus
3628 847 3747 899 est,

2153 929 2389 999 viditque
2440 945 2724 999 puerorum
2788 929 3186 984 interfectorem
3239 931 3600 996 exstinctum;
3656 930 3752 984 ubi

2154 1037 2282 1074 vero
2314 1022 2365 1074 in
2397 1021 2621 1092 patriam
2653 1021 2927 1090 pervenit,
2964 1021 3217 1090 reliquias
3245 1021 3439 1076 iterum
3490 1022 3750 1090 pristino-

2154 1127 2274 1168 rum
2303 1115 2656 1183 periculornm
2703 1113 2923 1182 reperit,
2959 1111 3122 1166 filium
3155 1111 3365 1183 tyranni
3396 1113 3661 1167 viventem
3691 1120 3752 1167 et

2154 1215 2486 1276 regnantem.
2520 1206 2582 1259 Et
2625 1205 2893 1275 quomodo
2938 1204 3232 1260 Archelaus
3275 1205 3532 1275 regnabat
3574 1205 3626 1259 in
3651 1204 3753 1259 Ju-

2155 1297 2269 1351 daza
2292 1337 2308 1362 ,
2338 1312 2458 1352 cum
2487 1297 2706 1352 Pontius
2736 1298 2934 1352 Pilatus
2964 1312 3166 1366 praeses
3195 1298 3380 1352 esset?
3414 1297 3620 1353 Recens
3644 1297 3750 1352 ad-

2156 1389 2260 1445 huc
2296 1400 2414 1445 erat
2453 1406 2598 1444 mors
2629 1391 2888 1456 Herodis,
2921 1382 3147 1446 necdum
3196 1405 3418 1462 regnum
3457 1391 3508 1444 in
3554 1391 3752 1445 multas

2157 1491 2336 1552 partes
2361 1482 2588 1537 divisum
2620 1484 2790 1536 fuerat
2820 1501 2832 1536 :
2864 1482 2957 1538 sed
2985 1485 3115 1556 quia
3138 1497 3308 1552 nuper
3335 1482 3571 1537 Herodes
3589 1484 3753 1538 .ohie-

2155 1585 2259 1641 rat,
2291 1575 2500 1630 interim
2545 1574 2686 1628 filius
2717 1574 2946 1630 Herodis
2981 1573 3262 1643 imperium
3299 1574 3550 1638 tenebat;
3582 1573 3753 1630 frater

2155 1667 2354 1736 quippe
2384 1667 2629 1720 Archelai
2681 1666 2920 1721 Herodes
2946 1677 2998 1720 et
3029 1666 3142 1734 ipse
3183 1665 3550 1736 appellabatur
3583 1681 3596 1717 :
3627 1665 3752 1720 ideo

2153 1757 2358 1811 addidit
2381 1757 2704 1828 evangelista
2729 1798 2744 1823 ,
2774 1757 2866 1812 22.
2891 1756 2997 1811 Pro
3027 1756 3232 1811 Herode
3257 1768 3400 1828 patre
3424 1773 3533 1812 suo.
3564 1757 3668 1812 Sed
3700 1758 3749 1812 si

2154 1847 2393 1904 Judaeam
2434 1850 2581 1903 adire
2611 1849 2929 1903 formidabat
2953 1858 3172 1920 pr0pter
3201 1849 3520 1904 Archelaum
3546 1890 3562 1916 ,
3588 1864 3750 1918 ορατ·
3834 1831 3840 1835 ’

2155 1943 2301 1997 tehat
2341 1950 2396 1996 et
2439 1940 2712 1995 Galilaeam
2761 1949 3004 1996 metuere
3054 1949 3270 2010 propter
3317 1940 3605 1996 Herodem.
3639 1941 3750 1998 Sed

2155 2035 2244 2088 ιιΙιί
2271 2035 2443 2088 locum
2474 2034 2716 2099 mutavit,
2735 2048 2824 2088 res
2851 2044 3034 2102 postea
3067 2034 3119 2086 in
3151 2034 3380 2087 obscuro
3411 2035 3636 2088 mansit:
3666 2043 3752 2087 to-

2154 2134 2240 2179 tns
2269 2126 2465 2195 quippe
2513 2124 2742 2194 impetus
2785 2131 2972 2178 contra
3004 2122 3317 2179 Bethlehem
3362 2133 3481 2180 erat
3523 2134 3578 2178 et
3613 2126 3752 2179 fines

2153 2219 2291 2288 ejus.
2318 2216 2480 2272 Caede
2509 2218 2686 2288 itaque
2711 2216 2940 2288 patrata,
2972 2217 3265 2272 Archelaus
3293 2216 3432 2272 filius
3457 2233 3569 2272 rem
3602 2233 3752 2288 pera-

2152 2318 2292 2363 ctam
2322 2309 2540 2378 putabat
2563 2348 2578 2374 ,
2616 2318 2778 2379 atque
2803 2323 2925 2363 eum
2951 2309 3042 2378 qui
3071 2307 3411 2378 quaerebatur
3439 2308 3577 2364 inter
3606 2311 3750 2364 mul-

2152 2410 2236 2457 tos
2260 2403 2495 2456 occisum
2524 2400 2711 2456 fuisse.
2740 2400 2990 2470 Alioquin
3020 2415 3143 2454 cum
3172 2400 3396 2456 vidisset
3419 2410 3624 2472 patrem
3658 2402 3750 2458 tali

2151 2503 2325 2549 morte
2347 2492 3090 2562 consumptum,moderatior
3117 2492 3232 2557 fuit,
3258 2508 3415 2563 quam
3443 2502 3501 2548 ut
3526 2493 3750 2550 ulterius

2151 2585 2487 2656 procederet,
2511 2591 2568 2640 et
2585 2583 2654 2640 de
2684 2584 2960 2654 iniquitate
2985 2583 3358 2639 contenderet.
3383 2583 3542 2640 Venit
3569 2586 3751 2655 itaque

2152 2680 2351 2750 Joseph
2382 2680 2625 2746 Nazaret,
2661 2689 2718 2734 ut
2767 2695 2870 2734 una
2900 2689 2954 2734 et
2981 2679 3272 2749 periculum
3303 2679 3513 2748 fugeret
3533 2722 3546 2742 ,
3576 2690 3630 2734 et
3667 2681 3750 2734 di-

2151 2770 2344 2825 lectam
2375 2772 2599 2840 patriam
2621 2771 2894 2825 incoleret.
2921 2769 2991 2826 Ut
3017 2770 3202 2840 majori
3232 2770 3583 2826 instrueretur
3614 2772 3749 2824 fidu-

2151 2861 2232 2916 cia
2261 2904 2275 2928 ,
2305 2861 2580 2916 oraculum
2623 2861 2692 2916 ab
2733 2861 2924 2931 angelo
2963 2860 3063 2916 hac
3104 2863 3171 2916 de
3200 2877 3258 2914 re
3285 2863 3489 2930 accepit
3521 2882 3534 2916 :
3561 2878 3748 2931 quam-

2151 2969 2310 3024 quam
2369 2953 2541 3009 Lucas
2591 2969 2696 3007 non
2759 2953 2902 3008 dicat
2963 2953 3134 3022 ipsum
3189 2969 3284 3023 per
3331 2955 3601 3008 oraculum
3661 2958 3748 3006 illo

2151 3045 2393 3110 venisse;
2446 3045 2538 3099 Sed
2590 3045 2852 3114 completa
2895 3045 3266 3113 purificatione
3310 3046 3361 3100 in
3408 3046 3626 3100 Nazaret
3665 3065 3739 3098 ι-υ-

2150 3151 2336 3192 versos
2382 3137 2502 3192 illos
2551 3152 2690 3192 esse.
2721 3137 2858 3204 Quid
2904 3137 3064 3207 igitur
3107 3137 3391 3191 dicendum
3441 3139 3746 3205 est?Quod

2151 3229 2565 3285 scilicet-Lucas
2610 3228 2710 3283 hoc
2750 3229 2926 3290 dicat.
2962 3239 3171 3297 tempus
3211 3229 3518 3284 describens
3574 3232 3698 3283 iilml
3729 3277 3747 3291 ,

2151 3320 2290 3390 quod
2315 3319 2588 3390 przecessit
2613 3319 2931 3374 descensum
2959 3320 3011 3372 in
3043 3318 3354 3391 Egyptum.
3388 3320 3568 3390 Neque
3597 3322 3744 3374 enim

2150 3421 2275 3464 ante
2304 3411 2726 3480 purificationem
2751 3426 2844 3464 eos
2885 3411 3006 3464 illuc
3033 3411 3286 3476 deduxit,
3317 3427 3382 3466 ne
3409 3414 3532 3480 quid
3557 3428 3742 3466 contra

2151 3501 2320 3572 legem
2348 3501 2738 3563 admitteretur,
2766 3503 2858 3556 sed
2882 3503 3209 3573 exspectavit
3248 3503 3418 3559 donec
3447 3507 3744 3573 puriﬁcatio

2151 3595 2325 3659 fieret,
2355 3608 2419 3648 ac
2457 3595 2694 3648 redirent
2723 3594 2949 3650 Nazaret
2969 3636 2982 3656 ,
3015 3604 3246 3664 tuncque
3272 3595 3656 3652 descenderent
3694 3603 3744 3651 iu

2151 3683 2464 3756 Egyptum.
2489 3684 2689 3740 Deinde
2713 3700 2780 3739 ex
2811 3685 3045 3757 Aﬂgypto
3072 3686 3500 3755 profectosjuhet
3521 3689 3741 3743 Nazart-t

2151 3776 2347 3831 redire.
2379 3777 2546 3829 Antea
2579 3791 2705 3830 vero
2736 3791 2838 3830 non
2868 3777 3054 3830 moniti
3084 3779 3298 3830 oraculo
3325 3778 3551 3846 fuerant,
3577 3792 3628 3833 ut
3657 3782 3745 3831 du

2151 3867 2426 3933 redirent;
2461 3869 2555 3922 sed
2584 3885 2648 3922 ex
2683 3867 2954 3922 voluntate
2996 3870 3206 3938 propria
3251 3869 3302 3923 iu
3353 3871 3600 3925 dilectam
3650 3891 3743 3941 pu—

2153 3962 2306 4014 triam
2330 3975 2388 4016 se
2414 3962 2771 4016 contulerant.
2803 3961 2933 4028 Quia
2965 3961 3108 4016 enim
3137 3979 3242 4016 non
3274 3963 3373 4017 nisi
3407 3980 3502 4034 pro
3542 3966 3744 4019 dest-ri-

2152 4056 2336 4124 ptione
2365 4064 2419 4108 et
2443 4069 2606 4109 censu
2651 4054 2743 4108 illo
2780 4063 3059 4118 venerant,
3095 4070 3194 4109 nec
3219 4042 3372 4110 locus
3394 4057 3462 4109 ibi
3494 4059 3743 4111 manendi

2151 4160 2296 4213 erat,
2345 4162 2406 4202 re
2453 4145 2724 4214 perfecta,
2754 4162 2849 4215 pro
2902 4162 3003 4215 qua
3047 4159 3322 4208 venerant.
3375 4148 3571 4202 reversi
3620 4165 3746 4203 sunt

2153 4238 2395 4292 Nazaret.
2445 4236 2569 4291 Ideo
2614 4237 2836 4306 angelus
2887 4237 3006 4290 illos
3051 4237 3267 4290 domum
3309 4239 3530 4301 reducit,
3569 4249 3625 4292 ut
3674 4241 3744 4295 ibi

2153 4339 2450 4391 manerent,
2485 4342 2656 4397 neque
2701 4327 2827 4382 illud
2865 4331 2979 4382 sine
3004 4343 3184 4393 causa,
3217 4329 3308 4382 sed
3349 4329 3487 4397 quod
3519 4331 3587 4383 ita
3619 4347 3734 4398 pro-

2153 4423 2331 4494 phetia
2379 4422 2541 4476 ferret
2569 4438 2581 4473 :
2615 4436 2734 4474 nam
2768 4420 2878 4473 ait:
2911 4419 3000 4473 9.5.
3037 4419 3104 4474 Ut
3151 4419 3447 4490 impleretur
3481 4423 3615 4490 quod
3661 4423 3747 4481 di-

2153 4526 2287 4569 ctum
2314 4523 2387 4568 est
2411 4529 2499 4583 per
2517 4512 3050 4583 pmphctas,quoniam
3069 4509 3353 4566 Nazarazus
3374 4516 3628 4565 vocabitur
3646 4513 3744 4584 (a).

2225 4604 2452 4658 Christus
2483 4620 2572 4656 cur
2601 4601 2881 4656 Nazartcus
2911 4611 3134 4659 vocatus.
3160 4633 3232 4642 —
3261 4603 3456 4668 Ecquis
3487 4603 3747 4673 propheta

2154 4699 2256 4754 hoc
2280 4699 2411 4753 dixit
2439 4698 2462 4752 ?
2491 4696 2568 4752 Ne
2596 4696 2861 4752 curiosius
2890 4698 3126 4767 inquiras
3165 4698 3246 4750 vel
3297 4699 3567 4752 seruteris.
3601 4699 3749 4754 Multi

2154 4795 2295 4849 enim
2327 4791 2618 4862 prophetici
2662 4790 2783 4844 libri
2824 4791 3101 4860 perierunt
3134 4809 3147 4845 :
3181 4790 3229 4843 id
3259 4791 3399 4860 quod
3429 4806 3494 4845 ex
3528 4791 3751 4846 historia

2155 4888 2595 4956 Paralipomenon
2641 4883 2821 4938 videre
2863 4894 2966 4937 est.
2996 4883 3126 4938 Nam
3159 4898 3349 4951 segnes
3397 4899 3517 4938 cum
3567 4894 3754 4939 essent

2155 4978 2345 5038 Judaei.
2373 4987 2424 5031 et
2453 4975 2758 5045 frequenter
2789 4975 3097 5028 deciderent
3136 4975 3188 5028 in
3218 4975 3544 5042 impietatem
3566 5017 3581 5040 ,
3613 4975 3753 5030 alios

2158 5074 2358 5128 incuria
2399 5072 2780 5142 perdiderunt,
2807 5070 2938 5123 alios
2969 5079 3022 5124 et
3071 5070 3169 5139 ipsi
3214 5071 3624 5124 combusserunt
3665 5071 3751 5124 vel

2158 5165 2476 5219 lacerarunt.
2497 5163 2696 5218 Horum
2713 5163 2937 5217 alterum
2958 5161 3219 5216 Jeremias
3244 5170 3425 5216 narrat
3455 5160 3602 5232 (Cap.
3623 5162 3720 5232 56)

2223 5339 2295 5401 (a)
2319 5339 2412 5401 Hic
2437 5339 2504 5388 ait
2525 5345 2736 5387 Joannes
2774 5335 3164 5401 Chrysostomus,
3204 5336 3471 5401 prophetas
3506 5333 3632 5401 ilicis,
3670 5338 3757 5386 uin

2159 5397 2518 5460 haic'clausula,
2555 5409 2818 5460 Nazartmts
2853 5397 3114 5458 curabitur,
3153 5397 3446 5458 habebatur,
3478 5397 3758 5448 Judaei-um

2160 5465 2345 5512 incuria
2379 5459 2579 5511 amissos
2599 5462 2769 5511 fuisse.
2797 5459 2890 5510 Alii
2912 5461 3095 5518 dicunt,
3137 5462 3245 5511 haec
3268 5474 3363 5509 non
3398 5460 3518 5521 ipsis
3553 5461 3760 5521 quidem

2161 5526 2344 5583 verbis,
2370 5524 2459 5572 sed
2482 5523 2609 5585 quod
2632 5523 2692 5571 ad
2715 5535 2912 5585 sensum
2941 5523 3150 5585 reperiri
3175 5527 3227 5570 in
3249 5521 3518 5585 prophetis,
3545 5524 3630 5583 qui
3667 5523 3760 5569 ho-

2161 5587 2346 5650 dieque
2369 5583 2581 5650 exstant.
2607 5593 2703 5634 Nec
2719 5583 3014 5650 desunt_qui
3037 5583 3348 5650 existiment,
3369 5583 3475 5650 haec
3494 5585 3646 5650 verba
3674 5597 3761 5632 re-

2162 5643 2358 5710 spicere
2381 5647 2512 5696 hunc
2536 5647 2690 5697 locum
2725 5645 2862 5696 Isaia!
2884 5643 2967 5697 ΧΓ.
2990 5649 3034 5705 l,
3059 5648 3142 5696 ubi
3174 5648 3223 5694 in
3262 5645 3502 5695 Hebraieo
3545 5643 3758 5707 legitur,

2164 5725 2325 5789 {DEI
2339 5725 2569 5789 ruam
2591 5723 2739 5776 nam,
2769 5719 2927 5789 et_f_los
2957 5720 3017 5771 de
3041 5719 3290 5789 radicith
3308 5733 3416 5785 ejus
3437 5721 3754 5789 germiunl'it.

2169 5786 2260 5837 Ubi
2296 5785 2439 5844 illud,
2465 5796 2571 5844 13;:
2589 5826 2604 5851 ,
2636 5797 2792 5843 ncser,
2819 5783 3098 5834 Nummum
3127 5783 3413 5846 exprimere
3436 5783 3753 5834 Existimant.
