4050 6364
332 390 419 444 131
1501 379 1567 435 ΙΝ
1606 380 1895 436 ΜΛΤΤΠᾹ

2002 380 2010 435 l
2049 380 2279 438 HOMIL.
2323 383 2413 439 IX.

325 506 547 558 alterum
590 502 636 555 is
672 500 761 569 qui
802 506 1049 569 quartum
1093 496 1396 565 Regnorum
1429 491 1617 547 librum
1650 493 1911 563 (Cap.‘22)

326 596 485 651 edidit
508 635 523 655 ,
554 593 681 647 dum
712 593 816 653 ait,
850 600 969 659 post
1012 589 1233 643 multmn
1282 586 1539 655 temporis
1578 588 1662 639 vix
1696 586 1909 640 tandem

328 685 794 741 lieuteronominm
856 682 1108 737 elfossum
1170 679 1332 734 fuisse
1389 690 1546 733 antea
1620 680 1909 751 perditum.

324 782 375 834 Si
409 794 567 848 porro
600 778 746 832 nullo
796 778 1024 830 instante
1071 773 1298 828 barbaro
1328 771 1406 825 sic
1453 771 1618 825 libros
1658 769 1909 840 prodide-

324 884 460 932 runt,
494 870 664 923 multo
690 868 859 938 magis
889 876 1167 937 postquam
1199 864 1407 919 barbari
1440 865 1761 932 irruperant.
1788 863 1907 917 Ca3-

321 974 492 1016 ternm
528 962 649 1030 quia
694 961 743 1014 id
783 960 1053 1029 preplietae
1081 955 1466 1026 praedixerant,
1496 954 1724 1024 apostoli
1766 968 1910 1023 szepc

320 1055 463 1108 illiilli
492 1053 829 1107 Nazarenum
858 1058 1071 1103 vocant.
1100 1047 1213 1103 Hoc
1233 1061 1360 1115 ergo
1382 1057 1483 1110 est,
1508 1045 1739 1114 inquies,
1767 1044 1908 1113 quod

319 1148 649 1217 prophetiam
696 1145 764 1199 de
811 1141 1123 1197 Bethlehem
1164 1141 1444 1194 obscuram
1486 1137 1748 1191 reddidit?
1797 1136 1906 1191 Ne-

318 1254 627 1309 quaquam:
670 1236 764 1291 sed
811 1235 943 1289 illud
984 1235 1155 1303 ipsum
1201 1232 1435 1284 maxime
1474 1230 1721 1284 movebat
1747 1237 1801 1283 et
1839 1226 1906 1282 ad

317 1331 640 1401 exploranda
685 1345 745 1384 ea
792 1344 911 1398 quae
942 1327 1008 1381 de
1053 1327 1143 1380 illo
1187 1325 1327 1379 dicta
1376 1326 1583 1376 fuerant
1613 1320 1905 1376 excitabat.

318 1426 402 1480 Sic
443 1434 497 1479 et
542 1421 836 1477 Nathanael
875 1419 941 1473 ad
999 1416 1432 1487 perquisitionem
1477 1414 1545 1469 de
1584 1414 1676 1468 illo
1706 1412 1907 1468 facien-

317 1518 433 1571 dam
483 1516 630 1569 venit
678 1514 902 1568 dicens:
938 1509 1023 1563 Ea;
1074 1508 1294 1561 Nazaret
1340 1516 1499 1577 potest
1556 1505 1749 1575 aliquid
1789 1505 1907 1558 boni

316 1626 417 1663 esse
444 1608 641 1679 (Joan.
671 1606 723 1660 1.
753 1605 824 1660 46
847 1604 903 1674 )?
932 1603 1063 1657 Nam
1093 1601 1297 1655 viculus
1326 1608 1442 1655 erat
1465 1599 1615 1664 vilis;
1643 1598 1751 1652 imo
1797 1612 1903 1653 non

314 1700 519 1752 viculus
545 1698 634 1751 ille
663 1704 862 1751 tantum
883 1735 899 1760 ,
932 1694 1026 1748 sed
1067 1700 1175 1746 tota
1203 1690 1438 1747 Galilaea:
1466 1689 1630 1758 regio.
1658 1688 1783 1743 Ideo
1822 1688 1905 1743 di-

314 1793 507 1847 cebant
535 1789 789 1845 Pharisazi
824 1805 839 1843 :
872 1786 1162 1855 Interroga,
1196 1794 1241 1838 et
1266 1783 1378 1838 vide
1396 1824 1410 1845 ,
1439 1782 1676 1852 quoniam
1705 1798 1767 1836 ea:
1794 1780 1901 1835 Ga-

314 1885 446 1939 lilaza
473 1882 723 1952 propheta
746 1897 846 1933 non
874 1877 1095 1932 surrexit
1119 1874 1173 1947 (1
1182 1893 1298 1929 οαη.
1324 1876 1377 1928 7.
1401 1873 1515 1943 52).
1542 1874 1790 1928 Attamen
1813 1873 1903 1929 ille

314 1993 376 2032 ex
420 1977 511 2030 tali
560 1975 729 2044 patria
767 1981 986 2027 vocatus
1031 1986 1135 2024 non
1175 1968 1481 2033 erubescit,
1513 1966 1801 2022 ostendens
1844 1980 1902 2021 se

314 2068 453 2122 nulla
485 2082 545 2121 re
577 2066 806 2119 humana
836 2077 995 2133 egere
1025 2082 1038 2115 :
1072 2059 1466 2130 discipulosque
1507 2072 1631 2112 suos
1661 2074 1728 2111 ex
1756 2056 1903 2111 Gali-

312 2161 405 2215 laza
431 2159 600 2228 eligit,
634 2156 866 2226 undique
894 2154 1205 2209 occasiones
1246 2160 1300 2206 et
1328 2150 1579 2205 obtentus
1617 2148 1901 2203 succidens

312 2252 376 2306 iis
419 2251 509 2320 qui
561 2258 775 2316 torpere
822 2246 1061 2311 vellent,
1110 2242 1503 2311 ostendensque
1545 2254 1642 2294 nos
1680 2248 1898 2295 externa

313 2343 451 2397 nulla
493 2356 553 2395 re
581 2355 742 2409 egere
764 2380 779 2402 ,
806 2339 850 2392 si
895 2338 1143 2391 virtutem
1171 2348 1537 2389 exerceamus.
1571 2332 1801 2402 Ideoque
1832 2347 1899 2388 ne

311 2435 524 2489 domum
551 2434 766 2502 quidem
790 2431 887 2485 sibi
908 2429 1109 2499 delegit
1138 2446 1151 2481 :
1176 2444 1297 2482 nam
1324 2428 1435 2481 ait:
1472 2425 1639 2480 Filius
1681 2427 1898 2481 hominis

313 2546 408 2582 non
436 2527 584 2580 habet
613 2526 697 2580 ubi
726 2534 879 2593 caput
905 2525 1110 2577 reclinet
1135 2521 1155 2594 (
1181 2521 1303 2575 Luc.
1338 2521 1389 2577 9.
1423 2519 1517 2589 58)
1542 2538 1557 2586 ;
1588 2530 1749 2589 atque
1787 2520 1897 2575 He-

312 2620 435 2675 rode
463 2618 745 2673 insidiante
776 2617 925 2687 fugit,
955 2616 1006 2669 in
1035 2614 1294 2684 praesepio
1320 2613 1630 2675 collocatur,
1656 2619 1709 2666 et
1737 2612 1787 2665 in
1815 2611 1897 2665 di-

263 2692 266 2693 ν
311 2712 545 2766 versorio
596 2717 813 2775 manet,
844 2716 1174 2776 matremque
1216 2706 1364 2774 eligit
1409 2704 1620 2772 inopem
1646 2745 1659 2764 ,
1694 2712 1751 2756 ut
1798 2718 1896 2758 nos

311 2803 513 2867 doceat,
545 2817 613 2857 ne
641 2802 911 2870 quidpiam
942 2797 1245 2868 bujusmodi
1272 2808 1424 2865 turpe
1453 2810 1573 2849 esse
1602 2805 1850 2864 putemus
1874 2835 1890 2860 ,

311 2896 431 2950 dum
464 2898 514 2948 in
548 2894 855 2965 primordiis
897 2893 1012 2962 ipse
1057 2892 1346 2945 humanum
1390 2890 1560 2945 calcat
1587 2888 1778 2944 fastum
1800 2929 1816 2954 ,
1841 2898 1895 2943 et

310 2990 395 3043 uni
427 2988 608 3042 virtuti
640 2986 883 3041 addictos
907 2998 1027 3039 esse
1053 2983 1227 3052 jubet.

373 3080 426 3133 5.
461 3079 683 3132 Sanctus
714 3075 909 3128 Paulus
948 3091 1048 3127 non
1087 3073 1225 3126 dedit
1269 3087 1446 3125 ansam
1500 3072 1563 3125 de
1600 3070 1766 3140 patria
1805 3078 1894 3123 aut

308 3172 530 3241 patribus
571 3171 732 3223 altum
780 3168 1032 3237 sapiendi.
1081 3166 1295 3220 Patrum
1333 3164 1567 3218 nobilitas
1606 3181 1707 3217 non
1745 3165 1892 3234 juvat

306 3264 573 3330 improbos,
599 3260 886 3331 ignobilitas
916 3274 1015 3312 non
1046 3268 1187 3310 nocet
1214 3256 1400 3325 probis.
1433 3286 1502 3295 ——
1531 3253 1637 3309 Cur
1658 3256 1798 3309 enim
1825 3254 1893 3309 de

305 3354 469 3422 patria
493 3352 658 3406 altum
690 3351 854 3419 sapis,
877 3348 1090 3418 quando
1114 3362 1236 3418 ego,
1263 3347 1452 3417 inquit,
1471 3347 1522 3400 in
1548 3356 1656 3400 toto
1683 3346 1813 3401 orbe
1840 3355 1892 3403 te

304 3444 640 3514 peregrinum
672 3455 790 3497 esse
811 3440 974 3511 jubeo
1002 3439 1026 3492 ?
1049 3438 1263 3509 quando
1291 3438 1414 3492 licet
1440 3439 1530 3491 tibi
1564 3437 1723 3491 talem
1748 3451 1885 3502 esse,

302 3547 358 3591 ut
389 3546 531 3589 totus
557 3534 787 3589 mundus
835 3542 888 3589 te
931 3545 1035 3585 non
1082 3532 1153 3585 sit
1194 3528 1425 3600 dignus?
1455 3529 1578 3583 Haec
1622 3529 1766 3582 enim
1818 3529 1889 3583 ita

299 3625 689 3683 contemnenda
718 3633 866 3691 sunt,
893 3632 950 3677 ut
976 3638 1043 3678 ne
1086 3637 1115 3675 a
1148 3621 1477 3691 philosolihis
1500 3621 1712 3690 quidem
1742 3620 1891 3676 Grie-

299 3734 484 3775 corum
527 3718 709 3788 aliquo
741 3718 795 3771 in
825 3717 997 3786 pretio
1028 3715 1353 3780 habeantur,
1383 3714 1478 3769 sed
1507 3723 1760 3769 extranea
1789 3729 1887 3767 vo-

299 3823 504 3879 centur,
539 3822 943 3881 extremumque
971 3810 1145 3864 locum
1173 3816 1453 3878 occupent.
1484 3808 1645 3877 Atqui
1692 3807 1889 3863 Paulus

299 3910 415 3965 haec
437 3907 795 3977 amplectitur,
828 3903 1056 3974 inquies,
1079 3901 1157 3957 sic
1186 3902 1408 3972 loquens
1430 3918 1446 3955 :
1467 3900 1760 3956 Secundum
1782 3900 1888 3955 ele-

297 4003 534 4065 ctionem,
561 3998 808 4054 carissimi
833 4039 848 4065 ,
878 4005 1083 4068 prapter
1110 4005 1278 4066 patres
1307 3996 1326 4066 (
1335 3995 1481 4049 Rom.
1510 3996 1601 4049 Η.
1630 3993 1748 4059 28).
1781 3994 1887 4050 Sed

297 4094 404 4158 dic,
432 4091 666 4163 quando,
698 4090 767 4145 de
794 4089 1008 4159 quibus,
1038 4096 1092 4142 et
1116 4102 1248 4157 quos
1273 4086 1572 4156 alloquens.
1601 4086 1722 4154 Agit
1743 4085 1885 4140 enim

297 4201 415 4242 cum
444 4186 511 4240 iis
537 4184 626 4254 qui
655 4198 719 4239 ex
761 4181 1009 4252 gentibus
1037 4180 1319 4244 conversi,
1347 4179 1416 4234 de
1455 4179 1560 4233 ﬁde
1592 4178 1757 4232 altum
1797 4193 1889 4233 sa-

298 4277 515 4347 piebant
542 4286 597 4330 et
626 4274 900 4328 tumebant
921 4314 937 4339 ,
968 4281 1153 4326 contra
1183 4270 1395 4325 Judreos
1434 4269 1809 4339 insurgebant,
1834 4278 1888 4324 ct

301 4369 399 4424 hac
427 4368 496 4423 de
530 4380 690 4421 causa
722 4364 889 4435 magis
919 4363 1040 4418 illos
1067 4378 1097 4416 a
1134 4378 1193 4417 se
1235 4362 1643 4431 sequestrabant
1671 4379 1684 4414 :
1716 4361 1887 4432 repri-

298 4476 448 4516 mens
488 4459 649 4529 igitur
690 4458 901 4511 illorum
932 4464 1191 4510 tumorem
1213 4496 1229 4520 ,
1256 4453 1355 4507 hos
1379 4454 1586 4517 allicit,
1619 4463 1673 4508 et
1713 4452 1778 4506 ad
1807 4452 1887 4506 id-

297 4552 471 4619 ipsum
498 4549 733 4603 studium
762 4546 976 4601 excitat.
1002 4545 1134 4599 Nam
1164 4560 1285 4599 cum
1316 4544 1382 4599 de
1426 4545 1629 4625 magnis
1674 4544 1781 4597 illis
1824 4559 1887 4598 ac

295 4641 531 4696 strenuis
555 4640 683 4693 viris
727 4637 959 4706 loquitur
983 4677 998 4703 ,
1028 4636 1151 4690 audi
1192 4635 1318 4705 quid
1360 4634 1544 4689 dicat:
1577 4634 1678 4699 Qui
1719 4645 1888 4688 autem

295 4736 404 4788 lucc
430 4733 625 4796 dicunt,
650 4731 941 4800 signiﬁcant
960 4745 1012 4782 se
1039 4728 1258 4798 patriam
1296 4727 1568 4796 inquirere.
1602 4726 1669 4780 Et
1696 4727 1741 4781 si
1776 4728 1889 4797 qui-

294 4829 409 4878 dem
438 4823 578 4877 illius
594 4821 955 4886 meminissent,
976 4820 1039 4873 de
1062 4836 1161 4887 qua
1188 4819 1429 4883 exierant,
1451 4818 1736 4883 habuissent
1763 4828 1887 4872 tent-

296 4936 393 4990 pus
419 4917 700 4971 revertendi
726 4932 745 4968 :
774 4930 905 4967 nunc
926 4924 1092 4967 autem
1114 4914 1322 4965 alteram
1351 4912 1605 4964 meliorem
1643 4920 1887 4981 appetunt

295 5012 483 5082 (Hebr.
514 5011 601 5063 li.
631 5007 844 5073 H-lti).
878 5006 945 5061 Et
972 5020 1182 5060 rursum
1216 5021 1229 5056 :
1260 5004 1552 5059 Secundum
1577 5004 1729 5072 ﬁdem
1754 5021 1887 5057 mor-

294 5104 368 5154 tui
408 5110 527 5154 sunt
573 5100 626 5151 hi
665 5115 867 5161 omnes,
900 5113 1003 5149 non
1034 5106 1348 5165 reportantes
1394 5097 1768 5165 promissiones,
1800 5097 1887 5150 sed

294 5195 475 5267 procul
504 5195 642 5262 ipsas
670 5192 888 5245 videntes
914 5197 958 5243 et
983 5189 1256 5242 salutantes
1277 5187 1434 5259 (Ibid.
1454 5186 1627 5259 v.15).
1656 5188 1888 5244 Joannes

292 5303 426 5343 \ero
455 5287 521 5340 ad
552 5301 611 5340 se
640 5284 973 5339 venientibus
998 5282 1246 5336 dicebat:
1275 5280 1358 5334 Ne
1383 5282 1541 5335 velitis
1564 5282 1743 5348 dicere,
1774 5281 1887 5336 Pa—

293 5393 423 5433 trem
449 5379 689 5430 habemus
716 5374 973 5428 Abraham
1004 5374 1021 5444 (
1046 5372 1172 5426 Luc.
1206 5373 1257 5427 ‘5.
1289 5373 1320 5427 8
1347 5372 1388 5442 ).
1417 5371 1718 5441 Itcrumque
1750 5375 1888 5428 Pau-

293 5474 379 5526 lus
410 5487 423 5523 :
459 5469 580 5523 Non
610 5470 741 5523 enim
770 5482 942 5520 omnes
968 5466 1050 5536 qui
1076 5482 1138 5519 ex
1168 5463 1352 5530 Israel,
1383 5464 1435 5517 hi
1469 5474 1584 5531 sunt
1612 5464 1885 5533 Israelitw,

292 5580 457 5628 neque
485 5562 569 5632 qui
598 5561 693 5630 ﬁlii
730 5560 896 5613 carnis
922 5599 937 5622 ,
969 5559 1019 5610 hi
1060 5557 1155 5625 ﬁlii
1184 5556 1279 5610 Dei
1313 5556 1331 5628 (
1364 5557 1515 5611 Rom.
1538 5557 1591 5611 9.
1623 5558 1655 5611 6
1682 5558 1721 5626 ).
1753 5557 1889 5624 Quid

292 5660 463 5721 enim,
494 5669 698 5725 quaso,
745 5652 940 5723 profuit
973 5651 1093 5705 ﬁliis
1133 5650 1394 5705 Samuelis
1425 5651 1587 5719 patris
1616 5651 1885 5717 nobilitas,

291 5749 453 5817 cujus
501 5763 605 5800 non
657 5746 868 5800 fuerunt
904 5743 1114 5797 virtutis
1155 5741 1420 5796 heredes?
1446 5742 1597 5809 Quod
1626 5745 1783 5797 etiam
1813 5744 1889 5795 lu-

292 5858 447 5898 crum
480 5840 602 5895 ﬁliis
642 5840 800 5895 Musis
836 5837 934 5893 fuit
958 5878 972 5903 ,
1002 5836 1149 5906 cujus
1190 5834 1513 5906 diligentiam
1553 5843 1607 5893 ct
1637 5835 1884 5891 virtutem

3507 399 3611 456 18‘!

2018 510 2124 550 non
2156 507 2278 552 sunt
2308 498 2540 555 imitati?
2565 500 2745 573 Neque
2784 504 3068 575 imperium
3112 518 3232 581 past
3262 511 3408 567 illum
3450 529 3607 572 exce-

2019 584 2212 675 perunt
2237 604 2253 644 :
2282 590 2374 645 sed
2415 590 2542 645 dum
2575 604 2781 663 patrem
2812 596 2985 667 ipsum
3018 599 3399 669 inscriberent,
3428 609 3607 675 populi

2018 668 2330 747 praefectura
2362 682 2428 737 ad
2459 684 2620 739 alium
2649 688 2927 755 transivit,
2958 691 3047 760 qui
3078 692 3272 748 virtute
3302 668 3444 749 ﬁlius
3464 668 3609 752 illius

2016 779 2149 823 erat.
2178 770 2312 836 Quid
2338 783 2516 828 autem
2546 777 2724 832 nocuit
2750 768 3052 848 Timotheo,
3081 782 3221 853 quod
3244 794 3397 854 patre
3422 788 3607 857 gentili

2015 871 2171 915 natus
2198 865 2383 919 esset?
2407 866 2533 936 quid
2563 878 2749 925 contra
2775 870 2903 926 Nate
2946 859 3086 929 ﬁlius
3115 874 3181 930 de
3210 876 3402 933 virtute
3441 881 3606 948 patris

2016 953 2249 1011 lucratus
2278 966 2380 1023 est,
2405 960 2495 1029 qui
2524 975 2710 1018 servus
2735 962 2802 1019 de
2830 965 3002 1022 libero
3029 968 3196 1025 factus
3221 971 3344 1027 est?
3367 972 3605 1029 \‘idistin’

2014 1048 2285 1117 quomodo
2315 1052 2476 1120 patris
2505 1053 2753 1111 nobilitas
2783 1072 2889 1111 non
2931 1060 3060 1113 satis
3091 1060 3340 1117 idoneum
3370 1064 3441 1119 sit
3470 1064 3604 1121 lilio-

2014 1154 2131 1192 rum
2162 1144 2559 1210 patrocinium?
2585 1146 2715 1201 Nam
2749 1151 3004 1219 propositi
3032 1154 3265 1223 nequitia
3293 1165 3497 1213 natura:
3524 1159 3605 1215 le.-

2012 1246 2107 1303 ges
2136 1234 2262 1290 vicit
2287 1252 2303 1301 ;
2335 1252 2435 1293 nec
2461 1239 2620 1296 modo
2646 1240 2793 1297 illum
2822 1259 2888 1299 ex
2920 1245 3193 1303 nobilitate
3218 1259 3435 1319 paterna
3462 1290 3481 1319 ,
3509 1252 3604 1309 sed

2012 1326 2172 1380 etiam
2224 1342 2291 1383 ex
2334 1328 2583 1387 libertate
2622 1333 2837 1404 dejecit.
2886 1335 3074 1392 Nonne
3114 1347 3170 1394 et
3215 1340 3356 1396 Esau
3390 1358 3605 1415 quoque

2012 1417 2153 1472 ﬁlius
2178 1429 2296 1474 erat
2325 1419 2510 1489 lsaaci,
2532 1423 2622 1494 qui
2653 1425 2753 1481 sibi
2773 1428 3250 1497 patrocinabatur?
3279 1430 3487 1487 Etenim
3512 1450 3604 1504 pa-

2012 1518 2093 1565 ter
2120 1513 2236 1581 ejus
2280 1513 2333 1568 id
2376 1517 2636 1582 curabat,
2670 1518 2723 1573 id
2765 1521 3033 1591 cupiebat,
3067 1533 3123 1578 ut
3166 1523 3602 1583 benedictionum

2010 1602 2278 1673 particeps
2302 1614 2480 1672 esset,
2506 1616 2561 1662 et
2588 1622 2688 1677 pro
2731 1609 2830 1664 hac
2870 1626 2928 1667 re
2971 1613 3086 1683 ipse
3124 1630 3243 1684 qua:
3281 1615 3607 1686 jubebantur

2009 1694 2188 1748 omnia
2212 1698 2622 1766 exsequebatur.
2656 1701 2906 1757 Attamen
2932 1704 3052 1773 quia
3086 1719 3280 1774 pravus
3312 1715 3448 1775 erat,
3478 1709 3603 1764 nul-

2010 1782 2117 1838 lum
2146 1800 2212 1839 ex
2245 1785 2309 1841 iis
2339 1786 2565 1843 fructum
2598 1792 2836 1861 percepit
2863 1810 2877 1858 ;
2909 1792 3004 1848 sed
3026 1796 3123 1850 etsi
3152 1804 3277 1851 natu
3304 1798 3468 1868 prior,
3501 1800 3603 1854 etsi

2009 1887 2213 1945 patrem
2245 1877 2461 1935 haberet
2489 1881 2586 1935 sibi
2616 1883 2666 1935 in
2690 1883 2940 1939 omnibus
2967 1883 3256 1951 faventem,
3279 1887 3403 1959 quia
3431 1888 3601 1945 Deum

2008 1982 2114 2051 non
2143 1968 2326 2025 habuit
2352 1968 2698 2041 Opitulantem
2723 2016 2738 2040 ,
2781 1975 3032 2031 omnibus
3075 1978 3300 2033 excidit.
3327 1978 3435 2035 Sed
3472 1981 3603 2051 quid

2007 2050 2254 2109 homines
2284 2059 2695 2113 commemoro?
2721 2058 2840 2115 Filii
2867 2061 2962 2117 Dei
2992 2060 3139 2118 fuere
3166 2063 3358 2134 Judarj,
3385 2074 3441 2120 et
3468 2050 3602 2122 nihil

2006 2159 2074 2199 ex
2101 2147 2190 2201 tali
2220 2140 2499 2204 nobilitate
2529 2150 2719 2206 lucrati
2749 2164 2892 2209 sunt.
2924 2154 2981 2210 Si
3004 2155 3162 2226 igitur
3184 2158 3304 2228 quis
3334 2159 3475 2217 ﬁlius
3504 2160 3599 2218 Dei

2006 2236 2249 2306 effectus,
2276 2241 2379 2295 nisi
2411 2242 2688 2300 nobilitate
2717 2246 2805 2300 illa
2832 2248 3044 2320 dignam
3066 2250 3317 2308 virtutem
3343 2253 3600 2311 exhibue-

2005 2329 2095 2396 rit,
2125 2331 2330 2400 majore
2355 2332 2587 2389 afﬁcitur
2610 2337 2871 2407 supplicio
2894 2380 2911 2406 ,
2937 2341 3063 2410 quid
3091 2342 3224 2397 mihi
3254 2344 3515 2415 majorum
3543 2356 3600 2403 et

2003 2436 2225 2477 avorum
2254 2424 2584 2481 nobilitatem
2630 2428 2840 2497 profers
2869 2430 2922 2486 in
2965 2433 3236 2489 medium?
3262 2435 3377 2492 Hoc
3417 2444 3597 2494 autem

2003 2530 2109 2568 non
2138 2515 2188 2569 in
2216 2515 2395 2572 Veteri
2438 2526 2664 2585 tantum,
2696 2521 2791 2577 sed
2815 2523 2975 2578 etiam
3002 2524 3055 2580 in
3081 2524 3232 2582 Novo
3256 2526 3599 2587 Testamento

2001 2606 2290 2676 Contigisse
2330 2607 2701 2678 deprehendas
2734 2630 2748 2667 :
2789 2628 2911 2668 nam
2953 2616 3029 2670 ait
3073 2634 3087 2671 :
3134 2616 3387 2690 Quotquot
3428 2633 3599 2676 autem

2001 2700 2296 2766 receperunt
2321 2715 2473 2766 eum,
2508 2700 2646 2754 dedit
2683 2704 2755 2756 eis
2803 2713 3100 2773 potestatem
3149 2707 3285 2776 ﬁlios
3330 2707 3428 2764 Dei
3483 2711 3598 2779 ﬁeri

2002 2787 2194 2859 (Joan.
2226 2791 2276 2844 l.
2310 2780 2378 2845 l2
2407 2792 2449 2864 ).
2480 2793 2728 2850 Attamen
2772 2797 2952 2852 multis
2997 2797 3297 2867 hujusmodi
3327 2802 3469 2870 ﬁliis,
3505 2817 3597 2873 pa-

2001 2890 2134 2937 trem
2160 2882 2289 2938 nihil
2313 2885 2573 2954 profuisse
2586 2887 2715 2942 dicit
2740 2887 2937 2944 Paulus
2968 2908 2982 2945 :
3015 2890 3075 2946 Si
3099 2893 3233 2946 enim
3257 2895 3594 2951 circumcida-

1998 2975 2144 3042 mini,
2177 2976 2377 3046 inquit,
2406 2976 2634 3032 Christus
2658 2979 2795 3035 vobis
2821 2981 2951 3035 nihil
2978 2982 3204 3052 proderit
3244 2984 3264 3057 (
3287 2984 3404 3039 Cal.
3432 2988 3486 3043 5.
3511 2988 3591 3058 2).

1999 3070 2055 3124 Si
2086 3086 2215 3124 vero
2243 3070 2489 3126 Christus
2518 3072 2648 3127 nihil
2677 3073 2895 3143 prodest
2922 3075 2987 3129 iis
3010 3077 3099 3145 qui
3131 3078 3234 3132 sibi
3279 3079 3468 3134 nolunt
3512 3091 3594 3136 at-

2000 3163 2257 3230 tendere,
2282 3178 2389 3234 quo
2440 3175 2596 3234 pacto
2645 3167 2775 3235 ipsis
2818 3168 3239 3236 patrocinabitur
3281 3170 3483 3227 homo?
3514 3173 3594 3232 Ne

1997 3254 2156 3325 igitur
2178 3256 2259 3310 vel
2282 3256 2347 3311 de
2361 3256 2657 3324 nobilitate,
2680 3260 2764 3313 vel
2781 3259 2849 3314 de
2875 3260 3069 3315 divitiis
3092 3263 3257 3317 altum
3279 3264 3549 3334 sapiamus
3572 3284 3589 3333 ;

1996 3348 2105 3401 imo
2132 3361 2224 3402 eos
2250 3348 2338 3417 qui
2384 3349 2455 3401 ita
2494 3358 2619 3403 sunt
2665 3349 2843 3423 affecti
2871 3351 3230 3421 despiciamus
3261 3371 3276 3411 :
3317 3371 3492 3427 neque
3519 3360 3592 3414 ob

1996 3447 2362 3509 paupertatem
2389 3439 2704 3510 dejiciamur
2722 3482 2737 3507 ,
2765 3442 2859 3498 sed
2887 3443 3008 3498 illas
3027 3460 3328 3515 quazramus
3352 3447 3587 3515 divitias,

1994 3546 2113 3602 qua:
2157 3531 2311 3586 bonis
2357 3534 2609 3601 operibus
2637 3544 2928 3589 constant:
2958 3537 3102 3592 illam
3146 3538 3411 3609 fugiamus
3454 3557 3590 3611 pau-

1996 3634 2276 3693 pertatem,
2306 3640 2426 3696 quae
2468 3640 2567 3681 nos
2595 3628 2649 3681 in
2690 3627 2979 3697 nequitiam
3017 3629 3270 3698 conjicit,
3300 3647 3403 3703 qua
3434 3633 3586 3691 dives

1994 3715 2107 3782 ille,
2138 3729 2341 3786 pauper
2369 3724 2483 3772 erat
2506 3759 2521 3784 ,
2549 3717 2638 3788 qui
2664 3734 2734 3773 ne
2775 3719 2971 3775 stillam
2998 3721 3213 3792 quidem
3242 3738 3395 3794 aqum
3420 3725 3589 3796 impe-

1994 3807 2173 3872 travit,
2202 3807 2302 3862 etsi
2348 3808 2528 3864 multis
2569 3809 2822 3867 adhibitis
2851 3812 3096 3883 precibus
3125 3814 3145 3885 (
3172 3813 3297 3870 Luc.
3328 3816 3416 3872 16.
3446 3818 3517 3873 24
3540 3817 3587 3891 ).

1993 3896 2324 3969 Quamquam
2380 3901 2499 3971 quis
2545 3901 2685 3957 inter
2736 3917 2836 3959 nos
2888 3905 2960 3959 ita
3009 3919 3215 3976 pauper
3255 3917 3375 3972 est,
3409 3918 3468 3965 ut
3518 3926 3588 3967 ne

1993 4004 2183 4060 aquam
2227 3990 2442 4061 quidem
2488 3992 2725 4048 habeat?
2753 3993 2923 4050 Nemo
2948 4010 3100 4052 sane.
3131 3996 3263 4053 Nam
3300 4000 3374 4053 illi
3421 4002 3584 4056 etiam

1992 4084 2083 4153 qui
2126 4093 2363 4139 extrema
2397 4086 2534 4141 fame
2565 4087 2844 4143 tabescunt
2869 4131 2885 4155 ,
2932 4090 3090 4147 stillis
3128 4108 3279 4163 aqua:
3310 4093 3410 4150 frui
3457 4111 3586 4165 pos-

1992 4183 2118 4230 sunt
2145 4192 2160 4242 ;
2191 4191 2289 4232 nec
2314 4177 2472 4233 stillis
2501 4192 2654 4248 aquzc
2681 4178 2854 4234 solum
2877 4220 2895 4249 ,
2926 4181 3020 4237 sed
3061 4183 3222 4238 etiam
3264 4186 3467 4255 majore
3491 4203 3587 4242 so-

1994 4266 2141 4322 latio.
2170 4266 2339 4322 Secus
2364 4278 2542 4324 autem
2572 4268 2723 4326 dives
2749 4271 2838 4327 ille
2863 4312 2880 4339 ,
2908 4273 2998 4343 qui
3025 4273 3090 4327 ad
3118 4290 3235 4329 eam
3264 4291 3431 4348 usque
3457 4294 3587 4349 pan-

1992 4367 2253 4427 pertatem
2282 4359 2512 4425 devenit,
2545 4369 2603 4415 ut
2630 4361 2835 4417 nullum
2863 4375 3046 4432 posset
3074 4366 3313 4423 invenire
3358 4385 3586 4442 pauper.

1993 4451 2116 4505 tatis
2152 4450 2423 4506 solatium.
2451 4450 2558 4508 Cur
2582 4452 2762 4523 itaque
2790 4454 2989 4511 divitiis
3017 4457 3304 4523 inhiamus,
3337 4477 3457 4531 qua:
3485 4479 3585 4520 nos

1992 4543 2047 4598 in
2077 4544 2264 4598 caelum
2309 4544 2562 4601 inducere
2590 4548 2904 4616 nequeunt?
2932 4549 3028 4605 Dic
3052 4551 3182 4606 mihi
3216 4571 3229 4608 :
3258 4553 3302 4608 si
3328 4556 3446 4624 quis
3488 4572 3589 4612 rex-

1994 4644 2238 4692 terrenus
2265 4636 2471 4693 diceret
2492 4678 2508 4703 ,
2536 4638 2742 4693 nullum
2772 4639 2988 4696 divitem
3034 4658 3192 4712 posse
3221 4644 3275 4699 in
3305 4647 3449 4716 regia
3486 4647 3585 4703 ful-

1990 4742 2138 4798 gere,
2160 4736 2251 4782 aut
2291 4727 2497 4785 honore
2523 4728 2646 4795 frui,
2676 4744 2854 4785 annon
2882 4734 3057 4787 cuncti
3085 4733 3298 4791 divitias
3338 4737 3584 4808 deSpicc~

1991 4821 2121 4876 retis
2150 4829 2206 4876 et
2235 4820 2577 4891 abjiceretis?
2602 4822 2761 4893 Atqui
2788 4864 2802 4888 ,
2835 4824 2881 4879 si
2910 4840 2974 4880 ex
3005 4834 3233 4883 terrente
3263 4829 3401 4886 illius
3426 4832 3586 4901 regite

1994 4912 2198 4967 honore
2222 4926 2321 4967 nos
2345 4912 2620 4983 dejiciant,
2647 4919 2977 4987 contemptui
3006 4930 3164 4975 erunt
3190 4938 3205 4989 ;
3236 4922 3380 4992 Rege
3403 4933 3584 4979 autem

1992 5004 2242 5057 caelorum
2275 5004 2515 5074 quotidie
2551 5005 2815 5063 clamante
2840 5023 2903 5063 ac
2947 5008 3156 5067 dicente
3180 5054 3195 5079 ,
3221 5013 3435 5070 difficile
3465 5031 3587 5072 esse

1993 5110 2115 5150 cum
2145 5095 2343 5151 divitiis
2368 5096 2420 5155 in
2452 5111 2603 5153 sacra
2629 5097 2719 5153 illa
2750 5102 2882 5155 atria
2909 5101 3112 5172 ingredi
3141 5146 3156 5168 ,
3184 5120 3362 5161 annon
3405 5110 3585 5165 omnia

1992 5190 2335 5261 projiciemus
2358 5231 2372 5255 ,
2395 5205 2577 5245 annon
2623 5206 2753 5261 opes
2780 5195 3150 5251 amovcbimus
3177 5241 3193 5265 ,
3223 5208 3281 5254 ut
3306 5199 3358 5253 in
3385 5202 3585 5272 regiam

1992 5283 2135 5337 illam
2166 5281 2333 5337 libere
2360 5281 2767 5352 ingrediamur?

2063 5375 2116 5429 6.
2164 5376 2343 5445 Ecqua
2386 5389 2571 5431 sumus
2617 5376 2771 5431 venia
2817 5376 2998 5447 digni,
3038 5380 3128 5449 qui
3155 5395 3215 5432 ea
3262 5396 3382 5450 qua:
3429 5384 3585 5441 nobis

1995 5466 2192 5520 aditum
2227 5468 2373 5521 illum
2404 5468 2758 5537 prmcludunt,
2781 5478 2929 5525 tanto
2958 5472 3135 5525 studio
3161 5475 3586 5543 complectimur,

1994 5569 2049 5616 et
2078 5576 2181 5615 non
2213 5562 2382 5615 solum
2407 5563 2457 5616 in
2488 5562 2649 5631 arcis,
2682 5564 2775 5619 sed
2799 5564 2958 5620 etiam
2989 5567 3041 5620 in
3068 5578 3203 5622 terra
3233 5570 3582 5640 occultamus,

1994 5652 2121 5707 dum
2152 5653 2274 5707 licet
2294 5668 2357 5707 ea
2382 5654 2432 5707 in
2457 5655 2603 5708 emlis
2624 5655 2973 5711 custodienda
2996 5661 3320 5715 recondere?
3352 5662 3582 5732 ldipsum

1993 5754 2137 5798 certe
2169 5760 2306 5798 nunc
2334 5745 2481 5810 facis,
2510 5761 2573 5800 ac
2594 5747 2637 5798 si
2660 5748 2779 5816 quis
2800 5749 3028 5817 agricola
3055 5764 3329 5820 acceptum
3353 5754 3583 5811 frumen-

1999 5847 2108 5892 tum
2135 5836 2190 5891 in
2220 5837 2375 5892 fertili
2407 5852 2532 5905 agro
2557 5839 2950 5908 scminamlum,
2991 5841 3211 5897 dimisso
3243 5860 3391 5914 agro,
3419 5847 3473 5902 in
3504 5847 3581 5902 la-
