4050 6364
433 353 534 409 185

429 482 549 522 cum
581 463 903 521 frumentum
932 477 1093 520 omne
1112 461 1406 532 demergat,
1435 470 1680 531 utneque
1703 459 1794 514 illo
1811 457 2018 514 fruatur

430 558 563 627 ipse,
596 565 651 612 et
696 555 1017 611 frumentum
1043 561 1351 622 corruptum
1375 560 1575 622 pereat.
1611 549 1717 606 Sed
1741 564 1904 620 quam
1931 563 2019 603 ra-

432 648 635 702 tioncm
676 643 994 718 proferunt,
1037 660 1161 700 cum
1204 644 1326 700 illos
1356 643 1457 698 hac
1493 643 1563 698 de
1597 655 1659 698 re
1706 639 2018 712 culpamus?

428 738 545 793 Non
585 754 820 810 parvam»
853 737 1276 794 consolationem
1314 735 1364 791 id
1409 735 1584 800 affert,
1615 733 1759 806 quod
1784 735 2017 789 sciamus

429 832 546 886 haec
575 830 731 885 nobis
759 839 874 886 tuto
904 828 1178 886 recondita
1217 841 1360 884 esse.
1385 826 1637 895 Quinimo
1669 824 1876 880 nescire
1901 823 2017 878 haec

429 922 703 978 recondita
757 936 911 990 esse,
957 921 1011 976 id
1056 919 1476 976 consolationem
1515 916 1750 972 afferret.
1793 914 2017 970 Etiamsi

427 1016 570 1070 enim
613 1013 808 1069 famem
837 1030 944 1070 non
973 1013 1182 1079 timeas,
1216 1012 1380 1068 multa
1409 1011 1510 1066 alia
1551 1011 1794 1081 graviora
1826 1007 1895 1064 ob
1919 1007 2013 1063 de-

426 1110 654 1176 positum
673 1109 779 1164 tale
801 1107 1056 1176 timenda,
1078 1119 1243 1173 mors,
1268 1105 1486 1171 bellum,
1516 1103 1741 1158 insidiae.
1767 1101 1822 1157 Si
1850 1101 2019 1155 fames

427 1198 656 1269 ingruat,
687 1199 915 1270 populus
940 1213 971 1254 a
999 1205 1187 1253 ventre
1228 1195 1535 1266 compulsus
1570 1202 1774 1249 armata
1799 1193 2017 1249 dextera

427 1289 645 1345 domum
677 1300 819 1346 tuam
860 1289 1092 1345 invadet.
1135 1287 1246 1344 lmo
1295 1287 1424 1342 dum
1451 1287 1530 1342 sic
1565 1286 1706 1357 agis,
1739 1284 1933 1339 famem
1962 1284 2019 1338 in

427 1384 589 1439 urbes
622 1383 836 1440 invehis
853 1426 869 1452 ,
902 1392 956 1440 te
983 1383 1085 1438 hoc
1112 1382 1252 1438 fame
1279 1380 1494 1453 gravius
1521 1379 1819 1450 periculum
1843 1379 1896 1433 in
1922 1376 2020 1433 du-

426 1493 575 1532 mum
621 1483 768 1532 tuam
809 1476 1038 1531 inducis.
1066 1475 1276 1531 Etenim
1318 1473 1472 1528 famis
1511 1471 1816 1527 calamitate
1842 1469 2019 1524 nullos

427 1569 552 1623 novi
582 1566 760 1622 statim
787 1576 1133 1637 consumptos
1158 1583 1172 1620 :
1201 1565 1366 1620 multa
1386 1563 1580 1634 quippe
1601 1562 1833 1632 undique
1855 1575 2015 1616 exco-

425 1659 582 1728 gitari
636 1669 858 1730 possunt
899 1658 967 1714 ad
1018 1657 1148 1712 tanti
1188 1655 1316 1712 mali
1366 1656 1650 1722 solatium;
1680 1654 1749 1710 ob
1768 1653 2020 1724 pecunias

427 1759 629 1816 autem,
662 1749 892 1817 divitias,
925 1764 1120 1819 resque
1149 1745 1550 1819 hujuscemodi,
1583 1745 1840 1816 plurimos
1875 1743 2018 1799 indi-

426 1857 551 1898 care
574 1843 794 1912 possim,
822 1856 917 1897 seu
938 1842 1095 1908 clam,
1125 1855 1220 1896 seu
1254 1839 1466 1910 publice
1487 1839 1857 1908 interemptos.
1884 1837 2021 1892 Mul-

429 1935 496 1988 tis
540 1948 705 2003 porro
731 1931 1040 2002 hujusmodi
1059 1931 1317 2002 exemplis
1342 1931 1516 2001 plena:
1551 1935 1675 1984 sunt
1708 1931 1831 1995 viae,
1861 1927 2020 1998 plena

425 2025 706 2096 judiciaria
738 2025 1020 2080 tribunalia
1035 2033 1089 2079 et
1115 2024 1248 2078 fora.
1269 2022 1471 2093 Ecquid
1494 2022 1615 2077 dico
1635 2022 1768 2085 vias,
1790 2019 2019 2090 judicia-

427 2117 506 2172 ria
537 2117 821 2173 tribunalia
852 2126 906 2172 et
937 2117 1088 2171 fora?
1135 2116 1311 2186 lpsum
1351 2130 1503 2170 mare
1529 2114 1737 2169 videbis
1763 2113 2021 2183 sanguine

434 2210 672 2278 plenum.
705 2209 832 2264 Haec
856 2209 1052 2278 quippe
1099 2207 1337 2278 tyrannis
1365 2222 1470 2260 non
1503 2215 1702 2261 terram
1730 2205 1903 2260 solum
1931 2219 2021 2260 oc-

427 2300 642 2369 cupavit
664 2341 680 2368 ,
710 2299 803 2354 sed
830 2301 990 2355 etiam
1031 2299 1083 2352 in
1139 2299 1327 2369 pelago
1357 2313 1478 2353 cum
1507 2299 1673 2352 multo
1697 2297 1876 2352 furore
1896 2296 2022 2352 bac-

427 2393 582 2448 chata
615 2401 718 2447 est.
765 2392 832 2447 Et
861 2392 996 2446 alius
1026 2391 1241 2462 quidem
1288 2391 1499 2458 navigat
1542 2402 1760 2460 propter
1797 2404 2019 2456 aurum,

430 2485 568 2539 alius
594 2484 664 2539 ob
689 2483 793 2539 hoc
829 2484 1000 2554 ipsum
1026 2483 1337 2554 jugulalur:
1368 2480 1665 2551 eademque
1687 2482 1800 2550 ipsa
1841 2489 2022 2551 tyran-

431 2577 516 2631 nis
541 2575 688 2631 hunc
734 2584 1120 2641 mercatorem,
1162 2575 1312 2629 illum
1357 2572 1680 2629 homicidam
1717 2571 1858 2627 fecit.
1884 2571 2024 2639 Quid

430 2667 598 2738 magis
639 2667 859 2722 infidum
905 2667 1068 2724 fuerit
1120 2682 1279 2737 quam
1317 2681 1600 2732 mamona,
1635 2679 1757 2720 cum
1805 2674 2024 2735 propter

429 2761 603 2831 ipsum
652 2761 867 2830 plurimi
907 2760 1346 2830 peregrinentur,
1396 2759 1766 2828 periclitentur
1803 2765 1858 2812 et
1882 2758 2025 2812 occi-

429 2852 665 2906 dantur?
703 2851 809 2907 Sed
853 2852 976 2917 Quis
1021 2851 1364 2915 miserebitur,
1405 2849 1606 2919 inquit,
1661 2848 2019 2914 incantatoris,

430 2962 578 3016 quem
621 2961 828 3013 serpens
887 2945 1158 2998 momordit
1205 2941 1405 3015 (Eccli.
1438 2942 1526 2998 12.
1557 2940 1658 3013 15)
1682 2941 1706 2994 ?
1733 2940 2022 3011 Oportebat

431 3036 573 3090 cnim
631 3034 763 3090 dirae
818 3033 1118 3106 tyrannidis
1181 3047 1374 3104 gnaros
1445 3033 1755 3088 servitutem
1809 3031 2020 3100 fugere,

430 3125 758 3197 noxiumque
795 3139 1034 3180 amorem
1075 3124 1453 3194 comprimere.
1493 3123 1563 3178 Et
1603 3121 1908 3193 quomodo,
1940 3121 2022 3175 in-

428 3217 603 3288 quies,
637 3217 689 3272 id
711 3216 826 3271 fieri
855 3216 1062 3286 possit?
1101 3215 1160 3270 Si
1188 3215 1412 3271 alterum
1441 3229 1678 3270 amorem
1708 3211 1978 3269 induxeris
2000 3253 2018 3281 ,

429 3321 623 3377 nempe
651 3307 922 3362 caelorum.
948 3305 1080 3360 Nam
1102 3305 1192 3376 qui
1217 3304 1543 3376 concupiscit
1565 3320 1804 3375 regnum,
1828 3303 2019 3359 irride-

427 3399 508 3455 bit
533 3399 811 3453 avaritiam
841 3418 854 3450 :
884 3398 973 3468 qui
1017 3397 1216 3454 Christi
1258 3413 1445 3453 servus
1493 3395 1714 3452 ell‘ectus
1766 3395 1858 3464 sit,
1910 3410 2016 3450 non

429 3491 533 3546 erit
567 3505 832 3546 mamonae
858 3504 1078 3557 servus,
1108 3488 1202 3545 sed
1232 3498 1287 3544 et
1309 3491 1429 3558 ejus
1456 3489 1560 3544 erit
1579 3487 1826 3544 dominus
1857 3505 1871 3542 :
1897 3503 2018 3542 nam

431 3581 720 3652 fugientem
763 3581 971 3651 insequi
1010 3581 1169 3648 solet,
1222 3590 1276 3635 ct
1324 3589 1734 3650 persequentem
1788 3579 2017 3649 fugere:

428 3689 602 3745 neque
622 3673 695 3728 ita
725 3681 1136 3744 persequentem
1159 3671 1404 3737 honorat,
1437 3681 1493 3728 ut
1513 3688 1572 3728 se
1596 3672 2016 3743 despicientem;

428 3767 631 3822 nullum
661 3766 735 3821 ita
764 3766 990 3831 deridet,
1038 3776 1096 3820 ut
1151 3765 1233 3820 sui
1277 3765 1558 3834 cupidum;
1610 3781 1783 3836 neque
1833 3765 2020 3821 irridet

426 3857 587 3913 modo
609 3899 625 3925 ,
661 3857 757 3913 sed
785 3857 1080 3913 mnumeris
1118 3856 1435 3927 constringit
1463 3856 1707 3912 vinculis.
1738 3856 2018 3912 Solvamus

427 3949 587 4021 igitur
607 3950 692 4005 vel
731 3964 854 4006 sero
897 3949 1111 4004 tandem
1149 3948 1312 4004 hasce
1357 3949 1546 4004 noxias
1597 3958 1832 4005 catenas.
1879 3948 2018 4017 Quid

425 4041 797 4098 rationabilem
825 4042 1060 4096 animam
1081 4041 1378 4097 irrationali
1409 4043 1668 4110 materias,
1707 4042 2017 4096 innumero-

1178 349 1234 406 S.
1273 347 1552 405 JOANNIS
1587 341 2064 400 CllRYSOSTO-Ml
2103 341 2416 397 ARCIIIEP.
2457 339 2987 402 CONSTANTINOP.

3601 353 3703 409 188

2121 472 2240 513 rum
2287 456 2552 514 malorum
2603 458 2782 526 matri,
2827 460 3029 516 servire
3052 460 3235 532 cogis?
3263 461 3368 518 Sed
3406 477 3440 520 ο
3479 463 3589 519 risu
3618 467 3703 521 di-

2121 563 2281 619 gnam
2325 551 2474 607 rem!
2503 564 2602 605 nos
2648 549 2794 605 illam
2842 552 3216 623 impugnamus
3243 555 3420 610 verbis
3440 598 3456 621 ,
3487 557 3576 611 illa
3604 574 3705 614 nos

2121 641 2396 713 impugnat
2419 657 2478 698 re
2505 643 2642 712 ipsa,
2669 652 2725 698 et
2749 643 2983 714 undique
3011 645 3120 716 agit
3140 655 3196 702 et
3219 646 3525 703 circumfert
3552 651 3706 720 quasi

2120 736 2293 806 pretio
2339 745 2549 806 emptos
2586 744 2642 791 et
2671 737 2981 808 mastigias;
3022 753 3128 808 quo
3170 739 3296 808 quid
3329 740 3552 810 turpius,
3581 741 3707 812 quid

2121 826 2431 897 indignius?
2458 827 2514 884 Si
2546 828 2689 882 enim
2738 828 3098 885 insensibilem
3130 831 3406 886 materiam
3458 846 3562 887 non
3611 847 3708 887 su-

2122 931 2400 987 peramus,
2457 919 2728 989 quomodo
2752 921 3096 991 incorporeas
3122 931 3412 990 potestates
3455 923 3708 994 proﬂiga-

2121 1008 2333 1064 bimus?
2378 1011 2421 1066 si
2455 1011 2612 1067 viiem
2673 1019 2880 1065 terram
2957 1022 3014 1068 et
3057 1013 3296 1084 abjectos
3341 1015 3546 1086 lapides
3598 1034 3707 1074 non

2121 1098 2468 1170 despicimus,
2496 1105 2766 1173 quomodo
2786 1103 3115 1175 principatus
3141 1118 3194 1161 et
3221 1116 3510 1177 potestates
3535 1109 3707 1182 subji-

2121 1190 2368 1246 ciemus?
2411 1192 2682 1263 quomodo
2731 1196 3136 1264 temperantiam
3195 1198 3602 1254 exercehimus?
3649 1200 3709 1256 Si

2123 1291 2400 1352 argentum
2447 1283 2654 1354 fulgens
2681 1298 2779 1339 nos
2817 1285 3090 1356 percellit,
3120 1289 3391 1358 quomodo
3421 1290 3704 1360 pulchram

2123 1373 2313 1429 faciem
2365 1385 2782 1445 prretercurrere
2839 1379 3172 1447 poterimus?
3233 1380 3442 1436 Etenim
3488 1382 3707 1452 quidam

2124 1462 2247 1519 huic
2274 1466 2539 1537 tyrannidi
2565 1481 2735 1536 usque
2778 1468 2916 1525 adeo
2960 1469 3125 1526 dediti
3155 1481 3313 1540 sunt,
3364 1482 3420 1528 ut
3449 1473 3592 1543 ipsos
3621 1475 3708 1530 vel

2122 1555 2239 1608 auri
2278 1564 2524 1626 aspectus
2561 1555 2790 1623 afliciat,
2829 1566 2886 1614 et
2927 1558 3100 1616 facete
3129 1560 3479 1633 hilariterque
3501 1564 3704 1630 dicant,

2122 1644 2320 1702 Oculos
2361 1647 2508 1719 juvat
2548 1650 2812 1705 numisma
2852 1665 3074 1707 aureum
3106 1653 3363 1708 oblatum.
3397 1654 3594 1710 Verum
3639 1672 3709 1712 ne

2124 1740 2199 1796 ita
2228 1740 2399 1808 ludas,
2427 1742 2500 1796 mi
2527 1742 2718 1808 homo;
2751 1743 2882 1799 nihil
2909 1745 3051 1800 enim
3081 1746 3159 1802 sic
3185 1747 3329 1802 laedit
3353 1749 3556 1813 oculos,
3594 1749 3710 1804 sive

2124 1834 2367 1902 corporis
2386 1873 2403 1900 ,
2435 1833 2548 1890 sive
2575 1835 2767 1890 animae
2790 1875 2806 1901 ,
2828 1845 2890 1891 ut
2907 1835 3098 1891 horum
3129 1839 3580 1908 concupiscentia.
3612 1841 3712 1896 llic

2124 1931 2274 1978 certe
2311 1924 2502 1980 noxius
2540 1939 2693 1981 amor
2729 1925 2992 1996 virginum
3035 1928 3242 1984 illarum
3289 1930 3559 2001 lampades
3615 1949 3712 1988 ex.

2124 2016 2338 2082 stinxit,
2367 2017 2592 2089 illasque
2619 2034 2650 2074 a
2674 2023 2855 2091 sponsi
2901 2023 3133 2083 thalamo
3155 2027 3399 2084 exclusit.
3423 2029 3522 2085 llic
3549 2046 3711 2102 aspe-

2125 2117 2244 2165 ctus
2261 2151 2275 2174 ,
2313 2125 2474 2181 quem
2493 2111 2629 2166 dicis
2649 2113 2832 2169 oculos
2855 2113 3046 2184 juvare
3063 2157 3080 2184 ,
3105 2118 3360 2174 miserum
3383 2120 3573 2176 Judam
3600 2138 3710 2178 non

2125 2203 2366 2273 permisit
2397 2204 2582 2260 audire
2625 2206 2944 2263 dominicam
2987 2225 3195 2279 vocem,
3244 2212 3338 2269 sed
3381 2213 3434 2269 in
3460 2214 3712 2284 laqueum

2125 2293 2313 2361 duxit,
2359 2304 2520 2366 atque
2561 2296 2616 2352 id
2641 2297 2815 2355 eﬂ‘ecit
2843 2309 2902 2355 ut
2928 2302 3139 2358 medius
3175 2306 3476 2375 crepuerit,
3501 2320 3564 2362 ac
3590 2317 3714 2377 post

2126 2385 2243 2441 haec
2272 2389 2448 2442 omnia
2476 2389 2527 2443 in
2558 2388 2857 2459 gehennam
2898 2392 3062 2449 misit.
3105 2394 3244 2462 Quid
3278 2410 3406 2467 ergo
3435 2397 3535 2453 hac
3561 2408 3714 2468 peste

2125 2477 2356 2547 iniquius
2386 2477 2581 2534 fuerit?
2607 2482 2733 2552 quid
2761 2481 3105 2539 horribilius?
3129 2484 3247 2541 Non
3275 2485 3342 2542 de
3371 2490 3590 2544 materia
3612 2505 3712 2560 pe-

2126 2571 2403 2626 cuuiarum
2431 2571 2639 2643 loquor,
2686 2573 2782 2629 sed
2808 2574 2877 2630 de
2913 2590 3096 2631 earum
3133 2576 3500 2648 intempestiva
3527 2591 3582 2635 et
3624 2581 3711 2636 fu-

2125 2662 2266 2717 riosa
2315 2663 2624 2734 cupiditate.
2680 2665 2812 2721 Nam
2851 2666 3084 2724 humano
3135 2669 3357 2726 distillat
3411 2675 3710 2743 sanguine,

2127 2766 2350 2812 cruento
2387 2767 2604 2828 aspectu
2625 2798 2640 2824 ,
2668 2767 2724 2816 et
2752 2759 2936 2829 quavis
2965 2760 3078 2816 fera
3104 2762 3388 2819 immanior
3410 2774 3490 2821 est
3508 2807 3523 2832 ,
3551 2777 3713 2836 atque

2125 2847 2311 2902 obvios
2337 2863 2577 2920 quosque
2600 2848 2877 2920 discerpit,
2926 2852 3176 2923 quodque
3219 2855 3387 2909 multo
3411 2856 3562 2926 pejus
3596 2869 3711 2927 est,

2125 2953 2195 2993 ne
2222 2940 2422 2995 sentire
2441 2940 2653 3010 quidem
2673 2942 2926 2997 laniatum
2948 2943 3094 2998 sinit.
3121 2943 3253 2999 Cum
3279 2955 3544 3015 oporteret
3566 2949 3713 3004 enim

2125 3044 2219 3085 eos
2245 3031 2332 3101 qui
2363 3031 2484 3086 talia
2531 3034 2821 3103 patiuntur,
2853 3034 2922 3089 ad
2949 3045 3333 3105 praetereuntes
3370 3055 3586 3094 manum
3611 3055 3713 3096 ex-

2124 3123 2379 3189 tendere,
2413 3132 2468 3180 et
2492 3124 2558 3180 ad
2582 3126 2837 3180 auxilium
2867 3141 3080 3195 vocare,
3115 3128 3190 3183 illi
3211 3140 3396 3185 contra
3424 3131 3494 3186 de
3521 3132 3715 3190 talibus

2126 3215 2389 3271 ulceribus
2409 3217 2606 3287 gratias
2626 3215 2824 3273 habent
2851 3236 2864 3274 :
2883 3234 2990 3289 quo
3008 3219 3134 3290 quid
3163 3221 3518 3277 miserabilius
3535 3223 3557 3277 ?
3587 3223 3716 3281 Haec

2123 3307 2301 3377 itaque
2333 3308 2512 3363 omnia
2541 3309 2855 3380 cogitantes,
2900 3310 3251 3369 insanabilem
3290 3313 3438 3368 illum
3466 3316 3714 3373 morbum

2122 3397 2405 3469 fugiamus,
2434 3398 2550 3468 ejus
2574 3413 2785 3456 morsus
2809 3414 3075 3468 curemus,
3106 3410 3161 3457 et
3179 3417 3209 3458 a
3235 3404 3323 3458 tali
3355 3417 3505 3474 peste
3527 3409 3715 3476 procul

2125 3488 2408 3560 fugiamus,
2436 3499 2576 3546 utet
2611 3491 2664 3546 in
2689 3494 2941 3562 praesenti
2991 3500 3157 3548 tutam
3207 3503 3262 3550 et
3314 3498 3716 3566 perturbatione

2123 3594 2344 3634 vacuam
2373 3580 2536 3635 vitam
2571 3580 2849 3648 ducamus,
2881 3591 2935 3638 et
2957 3581 3168 3640 futuros
3194 3587 3567 3643 nanciscamur
3593 3589 3715 3645 the-

2124 3684 2309 3726 sauros
2342 3688 2355 3725 :
2383 3685 2518 3742 quos
2547 3671 2751 3728 utinam
2781 3686 2880 3728 nos
2924 3687 3112 3730 omnes
3141 3689 3512 3745 assequamur,
3540 3681 3714 3750 gratia

2124 3771 2179 3817 et
2227 3762 2557 3835 benignitate
2594 3764 2805 3820 Domini
2849 3767 3015 3822 nostri
3060 3766 3186 3823 Jesu
3211 3767 3448 3837 Christi,
3495 3773 3714 3842 quicum

2123 3851 2267 3906 Patri
2312 3864 2366 3908 et
2423 3854 2580 3910 simul
2632 3854 2851 3926 Spiritui
2901 3866 3088 3913 sancto
3137 3859 3338 3930 gloria,
3392 3863 3712 3935 imperium,

2122 3943 2327 4011 honor,
2379 3960 2522 4002 nunc
2574 3955 2630 4003 et
2677 3961 2922 4019 semper,
2979 3949 3116 4006 etin
3139 3952 3334 4008 saecula
3366 3955 3711 4012 saeculorum.

2125 4041 2320 4095 Amen.

425 4179 3712 4208 mw

1821 4266 2171 4330 HOMILIA
2212 4265 2300 4327 X.

425 4406 552 4464 CAP.
581 4409 634 4464 5.
654 4424 709 4465 v.
733 4410 786 4464 l.
810 4411 876 4462 In
903 4409 1075 4464 diebus
1097 4410 1201 4464 illis
1230 4409 1362 4464 venit
1380 4411 1606 4465 Joannes
1626 4409 1855 4479 Baptista
1881 4425 2014 4480 prae-

495 4502 672 4556 dicans
695 4503 747 4556 in
769 4502 965 4558 deserto
1003 4503 1221 4569 Judtete,
1249 4503 1305 4558 2.
1335 4513 1382 4558 et
1407 4503 1577 4558 dicens
1607 4519 1626 4557 :
1657 4501 2015 4558 Paenitentiam

493 4592 644 4663 agite,
670 4594 1094 4663 appropinquavit
1113 4595 1248 4649 enim
1271 4610 1482 4666 regnum
1512 4596 1770 4648 calorum.

493 4684 546 4738 1.
578 4681 740 4747 Quale
794 4693 988 4753 tempus
1042 4685 1302 4757 designent
1356 4686 1462 4741 [nec
1519 4686 1667 4740 verba
1698 4685 1793 4740 :ln
1821 4685 2012 4741 diebus

420 4773 546 4828 illis.
577 4773 678 4829 Cur
703 4773 930 4829 Christus
970 4776 1180 4845 triginta
1216 4793 1468 4830 annorum
1516 4777 1817 4847 baptizatur.
1846 4807 1917 4816 —
1937 4777 2014 4832 De

420 4865 737 4935 quibusnam
767 4866 955 4922 diebus
980 4867 1130 4938 agit?
1157 4867 1270 4924 Non
1292 4870 1433 4924 enim
1461 4884 1568 4940 quo
1603 4879 1843 4940 tempore
1881 4885 2014 4941 puer

419 4959 513 5015 ille
543 4970 682 5030 erat,
710 4971 764 5017 et
789 4961 1012 5019 Nazaret
1033 4964 1198 5029 venit,
1227 4965 1318 5021 sed
1347 4974 1467 5035 post
1491 4980 1662 5021 annos
1684 4966 1895 5036 triginta
1922 4979 2012 5020 ve-

422 5052 502 5106 nit
519 5050 792 5120 Joaunes,
824 5063 882 5110 ut
915 5055 1086 5111 Lucas
1113 5057 1443 5112 testificatur.
1475 5057 1581 5113 Cur
1601 5074 1730 5128 ergo
1751 5058 1912 5124 dicit,
1944 5056 2012 5113 In

420 5141 596 5200 diebus
623 5144 772 5200 ilus?
799 5145 912 5202 Mos
945 5157 1026 5202 est
1069 5147 1356 5218 Scriptum
1403 5147 1504 5204 hoc
1561 5151 1636 5204 uti
1677 5150 1870 5216 modo;
1905 5164 2009 5204 non

423 5238 596 5294 solum
625 5253 746 5294 cum
786 5253 848 5294 ea
896 5249 1096 5306 narrat,
1147 5257 1265 5310 quas
1288 5243 1584 5312 insequenti
1619 5252 1857 5313 tempore
1881 5258 2006 5298 mox

421 5337 570 5398 gesta
609 5339 754 5399 sunt,
786 5331 881 5387 sed
909 5333 1070 5388 etiam
1105 5349 1227 5389 cum
1256 5335 1343 5389 illa
1366 5335 1514 5401 dicit,
1545 5352 1665 5408 qua:
1704 5336 1886 5392 multis
1912 5351 2009 5407 po-

419 5429 534 5476 stea
581 5423 738 5478 annis
775 5425 1114 5495 contigerint.
1180 5425 1270 5481 Sic
1311 5427 1470 5482 etiam
1519 5443 1640 5484 cum
1667 5428 1733 5483 ad
1774 5428 1924 5482 illum
1949 5428 2008 5483 in

418 5511 597 5569 Monte
633 5516 894 5572 olivarum
941 5518 1217 5575 sedentem
1259 5520 1500 5591 discipuli
1523 5531 1896 5588 accesserunt,
1952 5530 2008 5577 et

419 5604 487 5660 de
511 5606 738 5664 adventu
769 5613 885 5680 ejus
911 5611 1082 5684 deque
1107 5614 1315 5670 excidio
1339 5615 1790 5687 Jerosolymorum
1817 5617 2004 5672 scisci-

421 5696 513 5750 tati
537 5711 691 5766 sunt;
719 5701 866 5756 scitis
891 5712 1067 5759 autem
1089 5717 1344 5775 quantum
1365 5707 1440 5760 sit
1463 5707 1601 5764 inter
1623 5719 1846 5780 utraque
1867 5718 2005 5766 tem-

423 5802 553 5858 pora
583 5792 938 5852 intervallum.
969 5794 1102 5854 Cum
1123 5799 1372 5871 loquutus
1401 5812 1545 5860 esset
1586 5804 1653 5861 de
1695 5807 1920 5878 excidio,
1949 5817 2005 5866 et

2125 4426 2227 4482 hac
2249 4426 2318 4482 de
2341 4441 2401 4482 re
2433 4425 2642 4484 dicendi
2677 4428 2838 4486 ﬁnem
2866 4430 3109 4500 fecisset,
3156 4433 3224 4490 de
3248 4438 3712 4496 consummatione

2121 4525 2302 4587 postea
2322 4517 2655 4587 loquuturus,
2679 4521 2978 4590 subjunxit,
3005 4523 3147 4579 Tune
3173 4526 3270 4580 ista
3293 4536 3450 4582 erunt
3477 4528 3707 4599 (Matth.

2118 4607 2234 4680 24)
2268 4625 2282 4661 :
2313 4608 2538 4664 dicendo
2580 4620 2759 4666 autem
2788 4611 2948 4678 Tunc,
2991 4631 3096 4669 non
3120 4616 3394 4686 conjunxit
3423 4627 3664 4689 tempora
3691 4662 3708 4684 ,

2120 4698 2214 4754 sed
2243 4698 2371 4754 illud
2398 4700 2568 4754 solum
2599 4710 2809 4772 tempus
2839 4703 3122 4773 indicavit,
3166 4721 3271 4777 quo
3309 4707 3424 4762 haec
3450 4720 3708 4764 eventura

2119 4800 2292 4845 erant.
2324 4791 2553 4862 ldipsum
2598 4810 2740 4850 nunc
2769 4795 2893 4850 facit
2927 4813 3048 4852 cum
3087 4799 3200 4856 ait:
3232 4798 3299 4854 In
3354 4802 3527 4856 diebus
3579 4803 3707 4857 illis.

2117 4879 2234 4936 Non
2281 4883 2421 4938 enim
2462 4885 2804 4956 insequentes
2833 4888 3010 4944 statim
3050 4890 3166 4947 dics
3205 4893 3557 4964 significavit;
3608 4897 3708 4952 sed

2118 4971 2238 5026 illos
2265 4973 2318 5027 in
2350 4974 2541 5044 quibus
2567 4978 2840 5048 contigere
2869 4995 2932 5035 ea
2957 4981 3024 5035 ad
3047 4998 3166 5053 qua:
3186 4985 3450 5041 narranda
3483 5000 3697 5057 progre-

2116 5063 2276 5121 ditur.
2335 5066 2402 5121 Et
2453 5083 2582 5135 cur,
2631 5070 2858 5141 inquies,
2900 5084 3023 5144 post
3067 5076 3280 5148 triginta
3321 5094 3488 5135 annos
3513 5081 3578 5135 ad
3613 5081 3704 5136 ba-

2115 5157 2367 5224 ptismum
2401 5161 2546 5216 venit
2589 5161 2781 5218 Jesus‘l
2811 5165 2938 5220 Post
2986 5166 3129 5224 hunc
3178 5170 3498 5240 baptismum
3529 5173 3704 5243 legem

2115 5251 2387 5309 soluturus
2431 5264 2548 5311 erat
2593 5275 2608 5313 :
2657 5258 2778 5315 ideo
2806 5260 2871 5316 ad
2907 5261 3051 5318 illam
3095 5279 3263 5335 usque
3305 5277 3553 5336 aetatem,
3581 5286 3704 5340 quae

2113 5351 2290 5411 potest
2317 5356 2534 5415 peccata
2556 5348 2837 5407 admittere
2857 5355 3056 5420 omnia,
3089 5357 3140 5410 in
3172 5357 3305 5428 legis
3332 5361 3493 5414 totius
3514 5361 3702 5418 obser.

2113 5437 2324 5494 vatione
2342 5442 2569 5507 mansit;
2591 5459 2659 5499 ne
2681 5445 2800 5514 quis
2818 5445 3039 5514 diceret,
3061 5449 3232 5520 ipsum
3256 5451 3426 5522 legem
3448 5455 3699 5520 solvisse,

2112 5529 2251 5597 quod
2275 5545 2381 5586 non
2403 5543 2584 5602 posset
2605 5549 2724 5590 eam
2752 5537 2996 5608 implere.
3023 5540 3139 5596 Non
3170 5543 3310 5601 enim
3337 5559 3529 5600 omnes
3550 5549 3698 5615 pravi

2112 5619 2362 5690 allectus,
2397 5626 2575 5680 omnia
2617 5628 2742 5682 vitia
2785 5644 2998 5702 semper
3034 5632 3232 5689 instant
3279 5635 3434 5690 nobis
3459 5654 3471 5689 :
3496 5638 3590 5691 sed
3646 5639 3700 5694 in

2112 5719 2365 5786 primmva
2421 5730 2577 5778 aatate
2643 5722 2997 5795 imprudentia
3063 5728 3204 5799 viget
3252 5736 3306 5784 et
3357 5729 3702 5788 imbecillitas

2112 5813 2313 5883 animi;
2346 5815 2400 5872 in
2427 5817 2672 5887 sequenti
2709 5818 3076 5879 vehementius
3105 5820 3270 5880 instat
3293 5820 3496 5893 libido;
3529 5823 3583 5880 in
3607 5838 3697 5899 ea,
