4050 6364
287 413 384 471 185

286 541 398 596 qua!
425 523 563 578 hanc
598 519 816 590 excipit,
848 530 1010 588 opum
1065 511 1346 584 cupiditas.
1403 510 1692 579 Pr0pterea
1740 507 1879 559 hanc

289 628 446 670 totam
491 621 708 668 aetatem
734 622 1022 673 emensus,
1053 617 1108 662 ct
1137 606 1308 676 legem
1353 602 1455 656 hoc
1481 611 1594 656 toto
1635 609 1878 668 tempore

285 713 646 775 exsequutus,
693 703 772 757 sic
815 700 882 755 ad
911 699 1229 769 baptismum
1270 695 1448 758 venit,
1474 708 1633 764 quem
1665 701 1875 762 postre-

286 812 426 849 umm
476 793 715 858 addidit,
766 800 1046 862 postquam
1099 788 1203 842 alia
1243 795 1511 857 praecepta
1541 784 1873 853 impleverat.

286 887 434 955 Quod
461 887 609 942 enim
637 886 740 940 hoc
781 894 1111 956 postremum
1168 881 1269 952 ipsi
1319 879 1477 934 fuerit
1511 894 1577 932 ex
1625 877 1877 947 operibus

284 981 572 1051 legalibus,
625 979 750 1034 audi
785 992 911 1032 eum
956 976 1222 1031 dicentem
1269 991 1284 1025 :
1319 972 1410 1028 Sic
1442 973 1574 1026 enim
1611 969 1750 1025 decet
1784 986 1876 1024 nos

282 1071 495 1140 implere
518 1086 718 1124 omnem
731 1069 986 1137 justitiam
1011 1065 1242 1137 (Matth.
1273 1065 1326 1119 5.
1359 1064 1484 1134 15).
1515 1061 1668 1130 Quod
1696 1070 1873 1116 autem

281 1166 428 1229 dicit,
456 1162 762 1233 hujusmodi
784 1170 866 1218 est
896 1158 1327 1229 :Omnialcgalia
1363 1156 1699 1226 implevimus
1718 1173 1734 1212 :
1756 1156 1876 1210 nul-

283 1256 386 1309 lum
434 1255 756 1324 transgressi
794 1268 978 1308 sumus
1024 1250 1350 1305 mandatum.
1395 1248 1526 1318 Quia
1571 1248 1729 1318 igitur
1773 1248 1875 1303 hoc

283 1362 444 1400 unum
462 1354 732 1416 superest,
749 1354 961 1415 oportet
976 1342 1104 1398 illud
1121 1357 1331 1412 quoque
1347 1339 1562 1404 addere,
1577 1340 1758 1409 sicque
1769 1356 1875 1392 om-

283 1454 403 1492 nem
438 1437 705 1507 justitiam
735 1436 1090 1506 implebimus.
1119 1433 1385 1490 Justitiam
1423 1432 1568 1488 enim
1609 1431 1696 1486 hic
1718 1440 1876 1486 vocat

283 1530 523 1584 omnium
557 1531 931 1585 mandatorum
966 1529 1415 1584 observationem.
1457 1526 1726 1581 Christum
1773 1525 1872 1596 igi-

282 1629 366 1675 tur
393 1621 494 1675 hac
522 1619 592 1676 de
625 1635 786 1676 causa
813 1619 879 1674 ad
921 1619 1241 1689 baptismum
1268 1619 1478 1672 venisse
1506 1617 1629 1672 hinc
1657 1617 1873 1686 conspi-

281 1727 437 1767 cuum
463 1721 568 1766 est.
597 1710 712 1778 Qua
741 1710 810 1766 de
851 1724 1009 1765 causa
1050 1724 1182 1765 vero
1228 1708 1331 1763 hoc
1374 1708 1636 1778 baptisma
1664 1707 1731 1762 ab
1757 1707 1874 1776 ipso

279 1803 640 1872 excogitatum
689 1803 808 1858 est?
848 1800 999 1868 Quod
1036 1802 1180 1855 enim
1214 1798 1485 1854 Zachariae
1527 1799 1664 1853 ﬁlius
1709 1814 1813 1852 non
1841 1813 1872 1852 a

277 1895 591 1964 semetipso,
623 1893 718 1948 sed
747 1893 857 1948 Deo
884 1899 1134 1947 movente
1161 1890 1228 1945 ad
1258 1890 1359 1945 hoc
1381 1891 1606 1957 venerit,
1630 1889 1680 1944 id
1703 1889 1873 1944 Lucas

276 1987 518 2041 declarat
549 1987 768 2049 dicens,
829 1984 1044 2040 Verbum
1073 1983 1282 2038 Domini
1309 1983 1502 2052 factum
1543 1991 1617 2036 est
1653 1982 1722 2035 ad
1757 1998 1872 2035 eum

276 2077 441 2144 (Luc.
473 2079 528 2134 3.
569 2077 640 2147 2)
664 2121 681 2145 ,
715 2077 768 2132 id
795 2087 880 2132 est
903 2119 918 2142 ,
969 2077 1300 2131 mandatum.
1336 2076 1455 2146 Ipse
1496 2090 1708 2146 quoque
1751 2077 1825 2129 ait
1855 2093 1870 2130 :

279 2170 380 2236 Qui
418 2187 501 2224 me
538 2171 675 2226 misit
700 2169 959 2239 baptizare
993 2171 1048 2223 in
1073 2186 1226 2240 aqua,
1254 2170 1341 2224 ille
1364 2169 1486 2222 mihi
1505 2169 1633 2222 dixit
1654 2185 1672 2221 .'
1705 2167 1872 2237 Super

273 2279 419 2332 quem
446 2262 635 2315 videris
665 2263 916 2334 Spiritum
946 2263 1324 2317 descendentem
1363 2261 1508 2332 quasi
1549 2261 1866 2326 columbam,

273 2366 317 2410 et
349 2366 638 2410 manentem
675 2373 828 2425 super
865 2373 976 2411 eum
997 2399 1013 2424 ,
1045 2357 1128 2409 hic
1156 2364 1227 2410 est
1249 2356 1334 2426 qui
1355 2355 1573 2426 baptizat
1595 2355 1648 2407 in
1670 2354 1870 2424 Spiritu

272 2458 446 2501 sancto
496 2447 692 2516 (Joan.
735 2449 786 2503 1.
839 2446 970 2519 55).
1015 2446 1124 2502 Cur
1165 2459 1341 2501 autem
1381 2447 1446 2500 ad
1493 2445 1868 2516 baptizandum

273 2538 471 2593 missus
509 2540 627 2595 est?
659 2539 772 2594 Hoc
818 2541 944 2594 item
992 2540 1144 2595 nobis
1171 2539 1407 2594 declarat
1449 2539 1681 2606 Baptista
1713 2553 1728 2593 :
1755 2536 1868 2608 Ego

273 2630 552 2684 nesciebam
587 2631 841 2698 eum;sed
879 2640 933 2685 ut
963 2631 1368 2699 manifestaretur
1409 2631 1462 2684 in
1511 2629 1710 2696 Israel,
1753 2631 1866 2686 ideo

271 2722 380 2774 seni
425 2723 480 2775 in
533 2737 672 2792 aqua
713 2723 975 2794 baptizans
1005 2721 1179 2793 (Ibid.
1210 2739 1257 2776 υ.
1290 2723 1351 2778 51
1374 2725 1412 2793 ).
1443 2723 1506 2777 Et
1533 2723 1576 2776 si
1609 2723 1722 2777 lucc
1752 2724 1864 2776 sola

271 2827 428 2868 causa
460 2823 615 2880 erat,
653 2816 926 2884 quomodo
973 2816 1048 2869 ait
1093 2815 1300 2880 Lucas,
1355 2813 1500 2868 Venit
1524 2815 1578 2867 in
1613 2818 1866 2884 regionem

269 2904 538 2974 Iordanis,
569 2908 856 2976 praedicans
883 2909 1186 2974 baptismum
1209 2909 1510 2977 paenitentia
1535 2908 1586 2961 in
1615 2907 1866 2961 remissio—

270 3015 380 3053 nem
402 3009 726 3067 peccatorum
749 2999 912 3071 (Luc.
935 3001 987 3055 3.
1007 3000 1072 3071 5)
1094 2999 1116 3054 ?
1137 3001 1467 3070 Quamquam
1491 3001 1862 3055 remissionem

270 3104 373 3144 non
405 3088 674 3154 habebat,
701 3089 797 3144 sed
829 3089 930 3145 hoc
954 3090 1157 3149 donum,
1186 3101 1301 3146 erat
1326 3091 1574 3160 baptismi
1599 3131 1615 3157 ,
1652 3091 1740 3160 qui
1772 3106 1864 3160 po-

268 3188 377 3235 stea
403 3179 568 3235 datus
595 3189 714 3246 est;
762 3181 813 3235 in
861 3183 962 3237 hoc
1002 3184 1144 3238 enim
1189 3183 1486 3253 eonsepulti
1535 3199 1758 3249 sumus,
1808 3193 1864 3238 et

269 3280 418 3324 vetus
441 3270 608 3325 homo
636 3280 966 3326 nostertuuc
1007 3288 1108 3326 una
1150 3274 1435 3327 crueilixus
1475 3283 1557 3328 est
1582 3315 1598 3340 ,
1646 3283 1698 3328 et
1740 3285 1862 3328 ante

267 3376 480 3416 crucem
508 3376 771 3432 nusquam
801 3363 1047 3419 remissio
1078 3363 1214 3417 facta
1255 3365 1580 3433 comperitur
1613 3381 1628 3420 :
1669 3367 1862 3434 ubique

267 3454 408 3508 enim
448 3455 554 3508 hoc
579 3456 822 3525 sanguini
865 3457 983 3526 ejus
1008 3455 1313 3526 deputatur.
1357 3458 1551 3513 Paulus
1580 3475 1708 3514 vero
1737 3460 1812 3513 ait
1842 3477 1858 3517 :

267 3546 369 3601 Sed
397 3547 564 3601 abluti
581 3549 722 3613 estis,
753 3549 843 3602 sed
860 3551 1164 3619 sanctiﬁcati
1183 3553 1326 3617 estis,
1347 3567 1449 3605 non
1479 3569 1572 3621 per
1599 3552 1857 3622 baptisma

265 3641 516 3708 Joannis,
545 3642 662 3707 sed,
697 3643 750 3696 in
769 3644 972 3696 neruine
1003 3643 1210 3698 Domini
1239 3645 1400 3699 nostri
1427 3645 1552 3699 Jesu
1587 3643 1794 3708 Christi,
1813 3655 1859 3699 et

263 3738 313 3789 in
343 3736 550 3806 Spiritu
591 3734 872 3790 Deinostri
901 3737 995 3807 (1.
1034 3735 1151 3792 Cor.
1184 3737 1237 3792 6.
1293 3739 1416 3806 11).
1461 3738 1527 3792 Et
1578 3739 1702 3793 alibi
1748 3742 1854 3803 ait,

262 3827 487 3882 Joannes
522 3828 729 3899 quidem
770 3829 1059 3898 pradicauit
1105 3829 1407 3899 baptismum
1453 3831 1770 3900 paenitentiw,
1805 3841 1859 3884 et

263 3934 364 3977 non
391 3919 546 3986 dicit,
573 3919 926 3985 remissionis,
973 3929 1025 3973 ut
1070 3921 1327 3975 crederent
1356 3923 1410 3976 in
1445 3923 1719 3976 venientem
1746 3933 1857 3992 post

261 4028 372 4065 αιιη
407 4011 565 4082 (Act.
596 4011 683 4066 19.
711 4012 804 4080 4).
835 4010 970 4065 Cum
1014 4013 1156 4067 enim
1205 4014 1442 4068 nondum
1491 4013 1726 4067 oblatum
1773 4028 1856 4068 sa-

261 4103 522 4158 criﬁcium
551 4111 719 4171 esset,
749 4119 847 4158 nec
872 4104 1104 4174 Spiritus
1131 4105 1493 4161 descendisset
1514 4146 1529 4169 ,
1575 4121 1675 4160 nec
1724 4121 1852 4176 pec-

260 4205 437 4250 catum
486 4195 722 4250 solutum
765 4206 939 4266 esset,
991 4213 1092 4254 nec
1146 4199 1420 4254 inimicitia
1457 4200 1700 4266 sublata,
1756 4215 1854 4256 nec

263 4286 570 4344 maledictio
627 4287 832 4356 deleta,
899 4288 1172 4359 quomodo
1222 4291 1466 4345 remissio
1513 4301 1852 4361 peccatorum

263 4376 398 4433 facta
427 4379 615 4434 esset?

328 4468 389 4522 2.
419 4468 560 4536 Quid
592 4477 676 4524 est
703 4469 864 4540 igitur
889 4471 1040 4536 illud,
1066 4471 1132 4526 In
1160 4474 1502 4528 remissionem
1535 4485 1854 4544 peccatoran

263 4560 474 4633 (ﬂare.
504 4563 558 4618 1.
589 4563 698 4634 4)?
731 4563 963 4632 [mprobi
1007 4563 1292 4619 admodum
1341 4575 1494 4620 erant
1530 4565 1721 4631 Judaei,
1753 4581 1854 4620 nec

261 4669 516 4724 umquam
563 4658 618 4710 in
655 4666 998 4726 peccatorum
1046 4671 1262 4712 suorum
1307 4673 1525 4712 sensum
1573 4669 1848 4721 venerant,

261 4747 352 4802 sed
382 4747 645 4802 extremis
676 4748 892 4802 obnoxii
923 4749 1096 4813 malis,
1129 4765 1188 4805 se
1218 4749 1416 4820 ubique
1451 4749 1626 4818 justos
1656 4750 1851 4820 przedi-

260 4839 452 4894 cabant
483 4857 498 4895 :
526 4839 580 4895 id
619 4841 762 4911 quod
803 4842 1098 4912 praesertim
1147 4843 1290 4912 ipsos
1320 4842 1568 4910 perdidit,
1597 4852 1652 4896 ct
1690 4859 1718 4896 a
1751 4842 1854 4897 [ide

259 4932 502 4988 abduxit.
535 4932 646 4989 Hac
684 4933 752 4990 de
797 4950 857 4989 re
896 4935 1016 4989 illos
1062 4935 1257 4990 Paulus
1302 4949 1559 4990 accusans
1600 4935 1850 4991 dicebat:

260 5021 565 5093 Ignorantes
607 5023 704 5079 Dei
738 5026 996 5096 justitiam
1033 5035 1079 5079 et
1121 5042 1266 5080 suam
1301 5036 1574 5095 quaerentes
1613 5036 1848 5093 statuere,

259 5118 470 5182 iustitiae
495 5115 592 5172 Dei
615 5134 718 5171 non
743 5128 859 5172 sunt
883 5118 1093 5184 subiecti
1119 5119 1293 5190 (Rom.
1321 5120 1405 5175 10.
1436 5118 1514 5190 5).
1545 5121 1608 5174 Et
1633 5135 1849 5175 rursus:

262 5207 396 5272 Quid
437 5224 560 5279 ergo
596 5209 861 5263 dicemus?
889 5210 1038 5276 Quod
1078 5220 1248 5280 gentes
1271 5227 1383 5280 qua:
1408 5228 1507 5264 non
1535 5212 1852 5264 sectabantur

259 5299 529 5364 iustitiam,
570 5300 1008 5370 apprehenderunt
1032 5303 1285 5372 justitiam
1322 5317 1341 5356 :
1383 5302 1548 5356 Israel
1577 5313 1745 5357 autem
1773 5319 1851 5357 se-

260 5390 445 5443 ctanda
487 5390 646 5460 legem
679 5391 913 5459 justitite,
960 5393 1013 5445 in
1062 5391 1218 5461 legem
1235 5394 1454 5462 justitia:
1481 5410 1580 5446 non
1605 5395 1847 5459 pervenit.

263 5481 470 5545 Quare?
500 5482 636 5549 Quia
665 5499 766 5536 non
788 5499 852 5535 ea:
879 5484 999 5550 ﬁde,
1027 5485 1115 5537 sed
1143 5485 1289 5554 quasi
1319 5501 1381 5539 ea:
1415 5485 1647 5554 aperibus
1673 5484 1850 5556 (Ibid.

259 5573 311 5628 9.
340 5573 514 5630 50~52
538 5573 580 5641 ).
607 5573 743 5641 Quia
770 5575 927 5644 igitur
955 5575 1070 5630 haec
1094 5591 1252 5631 causa
1281 5577 1539 5632 malorum
1581 5585 1718 5643 erat,
1751 5577 1848 5631 ad-

259 5668 408 5724 venit
446 5668 703 5737 Joannes,
752 5670 886 5724 nihil
928 5670 1071 5725 aliud
1118 5686 1306 5740 agens,
1352 5686 1509 5740 quam
1551 5679 1610 5724 ut
1636 5669 1755 5724 illos
1783 5670 1850 5725 ad

261 5769 600 5830 peccatorum
628 5776 849 5816 suorum
876 5762 1236 5833 cognitionem
1265 5763 1555 5818 deduceret
1583 5779 1596 5816 :
1629 5761 1680 5817 id
1708 5762 1850 5832 quod

262 5857 419 5912 etiam
446 5857 592 5912 illius
623 5857 834 5912 habitus
863 5855 1198 5924 ostendebat,
1232 5857 1319 5927 qui
1347 5857 1527 5928 utique
1571 5855 1635 5912 ad
1674 5855 1848 5927 [νωιιί-

1488 398 1555 456 IN
1589 392 1999 454 MATTHEUM
2039 396 2266 455 IIOMIL.
2312 399 2379 454 Χ.

3469 405 3570 460 183

1992 507 2207 563 tentiam
2256 520 2310 565 et
2352 510 2742 568 confessionem
2785 514 3112 585 compositus
3159 524 3290 570 erat.
3325 517 3433 572 lloc
3462 519 3570 586 ipsx

1985 613 2196 668 quoque
2246 603 2553 670 praedicatio
2596 605 3003 661 demonstravit.
3054 607 3192 662 Nihil
3238 613 3378 662 enim
3429 610 3569 665 aliud

1983 691 2212 760 dicebat,
2259 711 2440 765 quam,
2484 697 2538 752 8.
2582 697 2762 754 Facite
2805 701 3003 768 fructus
3047 701 3227 772 dignos
3270 704 3573 773 paenitentiae

1983 785 2133 855 (Luc.
2160 789 2215 842 '5.
2247 789 2324 858 8).
2355 788 2489 857 Quia
2521 791 2678 861 igitur
2698 792 2839 862 quod
2871 803 3084 862 peccata
3112 810 3207 848 sua
3236 811 3338 849 non
3368 796 3437 849 im
3450 812 3574 864 pro-

1981 878 2191 944 barent,
2219 889 2275 933 ut
2301 880 2497 936 Paulus
2523 882 2834 950 declaravit,
2876 884 2997 939 ideo
3040 901 3071 939 a
3111 886 3324 941 Christo
3359 887 3569 941 resilie-

1981 978 2104 1024 runt
2133 986 2148 1024 :
2180 983 2396 1040 peccata
2439 984 2616 1028 autem
2669 975 2720 1028 iu
2753 987 2984 1031 mentem
3016 993 3288 1041 revocare,
3321 981 3372 1034 id
3407 979 3572 1034 efﬁcit

1983 1070 2038 1116 ut
2061 1063 2364 1134 redemptor
2408 1077 2697 1134 quarratur,
2740 1079 2794 1124 et
2831 1071 3077 1125 remissio
3103 1071 3442 1128 desideretur
3474 1092 3485 1126 :
3519 1074 3570 1128 id

1983 1165 2375 1224 pra-paraturus
2418 1160 2563 1216 venit
2607 1159 2860 1228 Joannes,
2915 1172 2969 1216 et
3007 1162 3314 1218 hortatur-us
3357 1165 3476 1220 illos
3516 1178 3573 1220 ut

1982 1248 2348 1314 paenitentiam
2375 1260 2628 1318 agerent:
2672 1268 2776 1307 non
2806 1263 2862 1307 ut
2887 1255 3229 1323 punirentur;
3264 1255 3356 1310 sed
3388 1265 3444 1309 ut
3477 1272 3574 1326 per

1981 1339 2346 1406 paenitentiam
2399 1341 2710 1398 humiliores
2757 1345 2952 1411 ell'eeti,
3004 1361 3069 1401 ac
3115 1362 3234 1402 sese
3288 1349 3430 1417 ipsos
3473 1349 3570 1402 da-

1980 1439 2245 1492 muautes,
2281 1431 2349 1486 ad
2373 1433 2744 1490 remissionem
2778 1436 3165 1506 impetrandam
3203 1451 3570 1494 accurrerent.

1982 1519 2113 1576 Vide
2155 1522 2312 1592 igitur
2354 1539 2511 1594 quam
2561 1524 2678 1581 haec
2719 1527 3002 1598 diligenter
3049 1532 3392 1599 expresserit.
3437 1533 3570 1587 Cum

1977 1613 2198 1669 dixisset
2221 1618 2384 1681 enim,
2426 1617 2570 1674 Venit
2607 1622 2887 1689 prtedicans
2930 1623 3231 1692 baptismum
3266 1627 3572 1695 paenitentiae

1977 1706 2031 1759 in
2059 1708 2256 1762 deserto
2283 1707 2502 1779 Judazte,
2535 1711 2756 1775 addidit,
2799 1712 2865 1767 In
2905 1717 3245 1770 remissionem
3274 1717 3477 1790 (Marc.
3515 1722 3566 1772 1.

1977 1796 2054 1871 1);
2085 1815 2149 1856 ac
2173 1802 2218 1856 si
2239 1801 2444 1857 diceret
2473 1821 2486 1856 :
2519 1803 2641 1859 Ideo
2684 1805 2801 1860 illos
2830 1805 3075 1862 hortatus
3126 1815 3212 1864 est
3253 1819 3308 1862 ut
3337 1811 3563 1864 conﬁte-

1977 1903 2164 1947 rentur
2193 1905 2247 1949 et
2291 1897 2656 1963 pmnitentiam
2703 1910 2940 1968 agerent,
2976 1916 3084 1955 non
3127 1910 3182 1954 ut
3223 1902 3562 1970 punirentur,

1975 1985 2068 2039 sed
2116 1994 2173 2040 ut
2218 1986 2428 2042 l‘acilius
2476 2000 2658 2058 postea
2689 1993 3060 2046 remissionem
3101 1993 3427 2063 accipereut.
3456 1994 3566 2049 Nisi

1976 2075 2118 2129 enim
2166 2077 2375 2146 seipsos
2421 2078 2786 2145 damnassent,
2835 2084 3057 2152 gratiam
3103 2099 3208 2138 non
3265 2086 3564 2153 petiissent,

1976 2181 2080 2219 nou
2113 2179 2414 2236 qumrentcs
2440 2186 2569 2225 vero
2589 2174 2836 2241 gratiam,
2865 2189 3040 2244 neque
3069 2177 3440 2232 remissionem
3477 2195 3566 2231 as-

1973 2258 2180 2327 sequuti
2209 2271 2408 2314 essent.
2439 2261 2619 2330 Itaque
2648 2262 2748 2316 hoc
2775 2264 3036 2333 baptisma
3063 2265 3128 2319 ad
3160 2267 3288 2321 illud
3317 2269 3452 2321 viam
3477 2284 3566 2336 pa-

1973 2360 2054 2404 rat
2087 2369 2098 2402 :
2131 2350 2250 2406 ideo
2289 2352 2518 2419 dicebat,
2575 2353 2643 2408 Ut
2686 2356 2892 2409 credant
2935 2359 2989 2410 in
3035 2375 3148 2412 eum
3176 2361 3260 2428 qui
3294 2361 3423 2413 venit
3455 2373 3568 2430 post

1972 2446 2138 2514 ipsum
2163 2447 2297 2516 (Act.
2331 2448 2418 2502 19.
2447 2449 2533 2518 4);
2565 2459 2761 2518 prmter
2786 2465 2904 2508 eam
2948 2467 3107 2521 quam
3137 2452 3393 2517 diximus,
3429 2455 3566 2507 hanc

1969 2551 2185 2607 quoque
2230 2539 2387 2593 aliam
2434 2540 2767 2609 baptismatis
2810 2557 3027 2597 causam
3077 2545 3351 2613 adjicicns.
3384 2545 3565 2616 Neque

1971 2628 2112 2681 enim
2141 2630 2362 2698 perinde
2389 2631 2597 2696 fuisset,
2628 2634 2671 2686 si
2705 2633 2894 2688 domos
2921 2636 3296 2700 cireumiisset,
3329 2646 3383 2692 et
3406 2638 3563 2690 Chri-

1970 2726 2108 2772 stum
2155 2735 2313 2773 unum
2357 2721 2680 2788 prehensum
2713 2724 3178 2791 circumduxisset,
3211 2727 3560 2796 dixissetque,

1971 2811 2026 2865 In
2059 2811 2199 2866 hunc
2249 2813 2482 2880 credite;
2513 2824 2674 2882 atque
2718 2816 2964 2869 omnibus
2997 2816 3349 2885 praesentibus
3389 2834 3452 2872 ac
3484 2820 3561 2873 vi-

1967 2904 2238 2972 dentibus,
2290 2905 2498 2960 beatam
2547 2907 2689 2961 illam
2741 2909 2920 2963 clTerri
2974 2926 3182 2974 vocem,
3242 2920 3402 2980 atque
3459 2912 3560 2966 alia

1967 2996 2146 3049 omnia
2177 2996 2379 3066 perlici.
2415 2997 2538 3052 Ideo
2567 3000 2708 3052 venit
2736 2999 2802 3054 ad
2833 3000 3116 3070 baptisma.
3150 3003 3280 3056 Nam
3304 3013 3356 3057 et
3386 3003 3559 3073 hapti-

1967 3087 2137 3140 zantis
2159 3087 2483 3143 existimatio
2512 3098 2568 3144 et
2595 3091 2670 3144 rei
2700 3091 2866 3159 ipsius
2893 3092 3151 3158 conditio,
3179 3093 3446 3152 civitatem
3481 3105 3560 3150 to-

1968 3187 2073 3231 tam
2103 3179 2425 3247 attrahebat,
2468 3189 2522 3235 et
2561 3181 2626 3236 ad
2653 3181 2940 3239 Jordanem
2973 3185 3247 3250 evocabat,
3275 3202 3557 3256 maguum-

1964 3283 2069 3338 que
2117 3268 2220 3324 fuit
2273 3270 2561 3325 theatrum.
2614 3273 2846 3344 Ideoque
2907 3291 3001 3330 eos
3055 3277 3144 3346 qui
3205 3278 3555 3344 advenerant,

1964 3362 2227 3430 reprimit,
2288 3364 2583 3435 suadetque
2635 3381 2704 3422 ne
2755 3383 3005 3438 magnum
3058 3371 3330 3440 quidpiam
3383 3372 3452 3427 de
3497 3388 3556 3427 se

1963 3455 2476 3522 comminiscantur,
2525 3458 2816 3515 ostendens
2871 3476 2966 3516 cos
3021 3471 3382 3517 extremormu
3434 3481 3556 3520 reos

1962 3545 2248 3612 malorum,
2280 3547 2378 3600 nisi
2408 3548 2776 3617 paenitentiam
2803 3552 3027 3620 egerint,
3059 3552 3344 3622 missisque
3380 3556 3522 3622 majo
3543 3587 3555 3594 -

1962 3636 2109 3692 ribus
2147 3638 2277 3704 suis,
2322 3639 2647 3708 depulsaque
2689 3641 2801 3706 illa,
2829 3658 2986 3712 quam
3024 3644 3147 3699 inde
3174 3658 3552 3714 conceperant,

1959 3728 2235 3797 jactantia,
2262 3745 2382 3784 eum
2414 3733 2501 3801 qui
2529 3732 2838 3801 advenerat,
2869 3736 3188 3804 receperint.
3222 3737 3430 3791 Etenim
3458 3737 3554 3790 ob-

1961 3831 2169 3874 scurata
2211 3821 2420 3876 fuerant
2468 3823 2678 3878 interim
2705 3840 2770 3880 ea
2810 3841 2929 3894 qua:
2957 3826 3022 3879 ad
3051 3826 3320 3882 Christum
3347 3838 3555 3898 Spectam

1960 3911 2108 3978 baut,
2154 3921 2208 3966 et
2250 3913 2389 3980 apud
2437 3914 2635 3970 multos
2679 3916 2940 3971 exstincta
2985 3917 3300 3973 videbantur
3333 3935 3454 3974 esse
3483 3922 3554 3975 ob

1959 4004 2160 4058 caedem
2193 4004 2244 4059 in
2274 4005 2582 4062 Betldehem
2613 4018 2987 4078 perpetratam.
3020 4011 3238 4066 Etiamsi
3266 4013 3408 4066 enim
3431 4029 3550 4068 cum

1961 4095 2242 4150 duodecim
2272 4112 2532 4152 annorum
2561 4107 2704 4154 esset
2745 4115 2866 4155 sese
2895 4101 3216 4168 exhibuerit,
3263 4112 3318 4157 at
3363 4106 3470 4158 cito
3500 4107 3550 4158 iu

1960 4187 2192 4255 priorem
2221 4201 2342 4243 sese
2372 4189 2750 4244 obscuritatem
2773 4191 2993 4246 deduxit
3019 4210 3032 4246 :
3065 4193 3289 4262 ideoque
3317 4195 3553 4264 splendi-

1958 4283 2042 4338 dis
2086 4284 2322 4338 exordiis
2369 4295 2424 4339 et
2466 4285 2778 4340 sublimiore
2820 4286 3083 4358 principio
3129 4302 3262 4356 opus
3299 4288 3548 4348 habebat.

1959 4378 2245 4448 Propterea
2274 4387 2398 4432 tunc
2429 4379 2660 4448 primum
2688 4394 2769 4442 ea,
2803 4395 2922 4448 quae
2959 4396 3244 4449 munquam
3271 4382 3554 4437 audierant

1957 4471 2148 4536 Judaei,
2178 4471 2262 4527 vel
2291 4487 2320 4524 a
2361 4472 2654 4541 prophetis,
2687 4473 2769 4527 vel
2800 4472 2868 4526 ab
2897 4473 3017 4528 aliis
3055 4474 3398 4544 quibuslibet,
3432 4477 3548 4540 illa,

1959 4563 2198 4632 inquam,
2249 4563 2538 4632 conspicua
2579 4577 2711 4617 voce
2758 4562 3031 4632 prmdicat,
3073 4565 3234 4618 caelos
3256 4573 3309 4619 ct
3329 4581 3548 4634 regnum

1957 4655 2212 4708 caelorum
2253 4667 2705 4720 commemorans,
2756 4654 2992 4724 nihilque
3021 4654 3094 4710 de
3128 4662 3268 4710 terra
3301 4657 3544 4726 loquens.

1959 4744 2203 4814 Regnum
2231 4753 2410 4798 autem
2459 4743 2546 4798 hic
2574 4743 2701 4798 dicit
2728 4743 3013 4798 adventum
3046 4743 3178 4813 ejus,
3211 4755 3263 4800 et
3294 4748 3548 4815 priorem,

1959 4845 2014 4891 et
2043 4837 2417 4905 posteriorem.
2463 4835 2528 4888 Et
2556 4836 2677 4905 quid
2708 4835 2809 4888 hoc
2837 4836 2904 4889 ad
2931 4835 3165 4899 Judteos,
3199 4837 3428 4906 inquies,
3460 4843 3548 4908 qui

1958 4925 2270 4982 nesciebant
2297 4925 2423 4996 quid
2449 4927 2688 4982 diceret?
2716 4927 2840 4981 Ideo
2865 4928 2943 4983 sic
2971 4927 3181 4998 loquor,
3217 4930 3418 5000 inquiet
3441 4933 3548 4997 ille,

1960 5028 2018 5072 ut
2041 5018 2304 5072 dictorum
2336 5018 2662 5073 obscuritate
2707 5020 2944 5086 excitati,
2991 5022 3207 5076 veniant
3237 5022 3300 5075 ad
3335 5025 3550 5092 perqui-

1959 5109 2184 5165 rendum
2232 5110 2380 5164 illum
2424 5110 2512 5180 qui
2545 5109 2897 5179 prmdicatur;
2944 5111 3013 5164 ita
3042 5120 3100 5166 ut
3125 5122 3177 5167 et
3201 5113 3467 5182 publicani
3497 5123 3553 5169 et

1961 5203 2156 5257 milites
2183 5203 2532 5272 interrogent,
2559 5201 2684 5271 quid
2723 5201 3048 5268 faciendum,
3089 5212 3145 5258 et
3169 5203 3438 5271 quomodo
3469 5204 3552 5257 iu-

1958 5293 2226 5350 stituenda
2271 5294 2377 5348 vita
2409 5294 2492 5353 sit
2523 5314 2535 5348 :
2563 5292 2704 5362 quod
2746 5294 2954 5363 signum
3000 5302 3117 5348 erat
3164 5295 3326 5364 ipsos,
3371 5297 3552 5351 missis

1958 5388 2301 5444 smcularibus
2347 5387 2526 5451 rebus,
2559 5386 2661 5440 alia
2693 5387 2894 5457 majora
2937 5389 3226 5457 respicere,
3273 5396 3327 5441 et
3373 5387 3548 5442 futura

1956 5481 2108 5551 quasi
2152 5495 2245 5549 per
2285 5481 2550 5534 somnium
2596 5479 2894 5550 imaginari.
2941 5480 3152 5536 Etenim
3189 5492 3379 5536 cuncta
3428 5499 3547 5553 qua:

1957 5572 2210 5627 videbant
2255 5580 2310 5626 et
2336 5571 2642 5638 audiebant,
2674 5571 2741 5627 ad
2777 5573 3084 5628 sublimium
3121 5588 3299 5628 rerum
3329 5590 3545 5630 sensum

1959 5665 2232 5735 erigebant
2261 5665 2400 5720 illos.

2029 5761 2082 5814 5.
2121 5759 2347 5814 Joannes
2375 5759 2609 5829 Baptista
2647 5775 2675 5812 e
2710 5759 2904 5814 deserto
2931 5759 3188 5830 egrediens
3217 5776 3370 5830 quam
3398 5775 3546 5814 vene-

1960 5857 2170 5910 randus.
2219 5854 2388 5925 Ipsius
2433 5870 2548 5908 cum
2593 5851 2734 5909 Isaia
2771 5855 3052 5910 consensio.
3083 5885 3150 5894 —
3182 5854 3364 5926 Cogita
3393 5855 3546 5927 igitur
