4050 6364
436 365 538 435 is?

431 487 689 547 quantum
719 477 771 533 id
793 485 939 535 esset
968 476 1238 538 hominem
1259 474 1443 532 videre
1466 483 1590 546 post
1605 485 1778 527 annos
1804 467 2019 538 triginta

432 587 495 642 ex
525 569 739 626 deserto
778 570 1104 634 venientem,
1153 567 1406 639 principis
1439 564 1777 621 sacerdotum
1819 560 2018 622 ﬁlium,

432 663 521 730 ιμιὶ
571 661 716 716 nulla
760 675 1011 730 umquam
1054 674 1233 715 rerum
1278 668 1613 715 terrenarum
1669 661 1920 723 eguerat;
1968 659 2024 705 et

432 757 578 813 omni
605 769 672 810 ex
707 762 855 824 parte
892 749 1272 816 venerandum,
1320 749 1410 819 qui
1436 747 1624 802 Isaiam
1652 758 1833 801 secum
1860 740 2026 796 habe-

433 845 542 906 bat.
571 844 770 900 Aderat
794 843 991 914 quippe
1026 843 1126 913 ipsi
1172 840 1468 911 prmdicans
1491 848 1548 894 et
1571 837 1755 893 dicens
1785 853 1798 888 :
1824 832 1919 888 Hic
1943 839 2026 887 est

434 952 595 1007 quem
620 937 972 991 adventurum
1000 949 1122 992 esse
1143 932 1364 1005 praedixi
1391 932 1734 992 clamantem,
1776 937 1831 982 et
1854 925 1906 980 in
1931 923 2028 978 dc-

430 1038 578 1084 serto
606 1029 750 1083 clara
778 1042 910 1084 voce
937 1028 1117 1082 omnia
1157 1023 1558 1098 praedicantem.
1611 1021 1841 1075 Tantum
1881 1016 2026 1072 enim

434 1129 552 1178 crat
592 1120 971 1194 prophetarum
1019 1118 1162 1174 circa
1205 1132 1292 1173 res
1333 1115 1461 1170 istas
1511 1111 1767 1175 studium,
1820 1118 1879 1164 ut
1919 1124 2026 1164 non

436 1214 598 1286 modo
628 1213 911 1269 Dominum
940 1227 1120 1279 suum,
1169 1210 1264 1266 sed
1291 1209 1453 1264 etiam
1499 1219 1622 1261 eum
1659 1203 1750 1274 qui
1785 1201 1886 1272 ipsi
1929 1201 2030 1254 mi-

442 1307 765 1362 nistraturus
811 1315 947 1370 erat,
992 1313 1120 1359 ante
1167 1302 1392 1358 multum
1429 1296 1686 1370 temporis
1708 1295 2031 1366 praenuntia-

443 1408 569 1456 rent
595 1417 611 1454 :
639 1414 738 1454 nec
768 1398 915 1453 illum
953 1396 1134 1462 modo,
1154 1394 1250 1452 sed
1273 1394 1433 1451 etiam
1457 1393 1629 1448 locum
1656 1387 2028 1462 praedicerent,

440 1491 492 1544 in
524 1503 632 1560 quo
653 1497 963 1545 vcrsaturus
983 1496 1126 1554 erat,
1149 1499 1358 1542 necnon
1394 1482 1788 1556 praedicationis
1813 1479 2032 1537 modum

431 1595 546 1649 quo
571 1579 637 1634 ad
665 1578 964 1635 docendum
1009 1592 1201 1634 usurus
1237 1585 1376 1644 erat,
1423 1585 1478 1631 et
1516 1589 1675 1646 quam
1714 1573 2030 1644 praeclarum

441 1670 566 1745 hinc
591 1684 725 1741 opus
771 1682 1107 1723 emersurum
1145 1676 1310 1723 esset.
1356 1665 1491 1722 Vide
1513 1679 1641 1737 ergo
1667 1662 1938 1736 quomodo
1965 1663 2032 1716 ad

442 1763 691 1821 eumdem
733 1777 950 1818 sensum
997 1763 1157 1818 ambo
1199 1761 1482 1832 prodeant,
1513 1759 1638 1814 licet
1681 1773 1787 1814 non
1839 1755 2030 1813 iisdem

441 1853 622 1910 verbis
651 1862 885 1920 utantur,
916 1853 1178 1924 prapheta
1203 1867 1395 1922 nempe
1423 1861 1584 1922 atque
1604 1850 1866 1920 Baptista.
1896 1848 2032 1905 Pro-

439 1949 598 2018 pheta
649 1962 880 2019 namque
927 1947 1102 2018 ipsum
1145 1944 1451 2002 adfuturum
1504 1958 1626 2000 esse
1671 1943 1914 2014 praedicit
1951 1941 2034 1998 his

442 2041 618 2096 verbis
655 2051 672 2094 :
713 2041 766 2097 3.
825 2039 1010 2094 Parata
1034 2040 1169 2093 viam
1193 2037 1420 2103 Domini,
1462 2047 1626 2092 rectas
1645 2038 1794 2108 facile
1831 2038 2036 2090 semitas

441 2133 553 2200 ejus
577 2130 730 2202 (Isai.
749 2131 838 2188 40.
859 2132 937 2200 5).
959 2130 1051 2186 Ille
1079 2145 1208 2184 vero
1231 2139 1509 2200 postquam
1539 2129 1772 2190 advenit,
1790 2127 2034 2183 dicebat:

444 2219 623 2276 Facite
651 2223 846 2292 fructus
872 2222 1052 2292 dignos
1077 2221 1382 2290 pteuilentiw
1407 2219 1637 2292 (Matth.
1668 2219 1721 2278 5.
1750 2220 1821 2291 8)
1851 2236 1866 2274 :
1893 2218 2037 2290 quod

447 2299 587 2385 idem
614 2314 880 2384 signiﬁcat
905 2322 1069 2383 atque
1093 2311 1245 2378 illud,
1287 2310 1479 2365 Parate
1511 2312 1644 2365 aiant
1683 2309 1914 2365 Domini.
1951 2309 2039 2364 Vi-

443 2407 567 2473 den‘
609 2416 666 2462 et
701 2421 796 2477 per
833 2420 897 2461 ea
938 2421 1060 2475 quae
1104 2402 1365 2474 propheta
1399 2403 1569 2470 dixit,
1610 2411 1665 2458 et
1708 2417 1805 2472 per
1832 2417 1893 2457 ea
1920 2417 2038 2474 qua:

445 2499 561 2568 ipse
598 2495 927 2567 pnedicavit,
974 2510 1138 2550 unum
1167 2493 1478 2564 signiﬁcari,
1515 2493 1691 2563 ipsum
1727 2493 1951 2558 scilicet,
1985 2501 2042 2548 et

445 2600 508 2645 ut
553 2589 788 2660 praeiret,
836 2598 892 2643 et
943 2597 1000 2641 ut
1043 2586 1182 2641 viam
1229 2595 1462 2657 pararet,
1498 2584 1802 2648 advenisse,
1849 2599 1955 2639 non
1985 2594 2043 2640 ut

445 2687 647 2740 donum
675 2683 983 2754 largiretur,
1011 2681 1219 2736 scilicet
1244 2679 1640 2746 remissionem,
1687 2677 1782 2735 sed
1813 2687 1870 2734 ut
1899 2692 2041 2749 prte-

446 2785 664 2850 pararet
692 2777 899 2830 animas
925 2789 1134 2841 eorum,
1166 2772 1259 2844 qui
1285 2773 1658 2828 universorum
1695 2772 1860 2828 Deum
1887 2787 2038 2828 receo

452 2867 592 2934 pluri
641 2866 834 2921 erant?
875 2866 1045 2920 Lucas
1082 2878 1213 2920 vero
1254 2863 1483 2934 amplius
1511 2862 1640 2934 quid
1667 2863 1896 2935 adjecit;
1943 2879 2045 2920 nec

450 2959 582 3012 satis
613 2955 798 3012 habuit
825 2955 1144 3026 principium
1170 2953 1447 3010 dumtaxat
1470 2953 1683 3021 aﬁ‘erre,
1739 2955 1836 3011 sed
1874 2963 2042 3010 totam

446 3050 605 3106 all‘ert
626 3049 1000 3121 proiihetiam;
1036 3063 1158 3103 nam
1188 3047 1265 3103 ait
1296 3065 1310 3103 :
1343 3046 1521 3104 Omnis
1549 3047 1698 3104 vallis
1729 3048 2042 3120 implebitur,

447 3151 495 3194 ct
520 3141 684 3197 omnis
711 3157 857 3196 mons
885 3151 938 3196 et
967 3139 1113 3195 collis
1143 3139 1491 3203 humiliabitur
1521 3155 1541 3195 :
1565 3149 1613 3195 et
1637 3150 1784 3195 erunt
1809 3156 1967 3212 prava
1990 3142 2045 3195 in

448 3232 660 3308 directa,
703 3241 752 3286 et
788 3246 972 3302 aspera
999 3231 1054 3284 in
1077 3231 1185 3285 vias
1213 3229 1433 3302 planas:
1454 3240 1501 3285 et
1522 3230 1704 3286 videbit
1731 3232 1900 3286 omnis
1924 3248 2044 3286 caro

447 3324 670 3378 salutare
722 3323 822 3380 Dei
865 3322 1098 3395 (Luc.5.
1146 3323 1200 3379 5.
1240 3322 1294 3379 6.
1340 3321 1473 3378 Isai.
1525 3323 1616 3381 40.
1647 3324 1702 3378 4.
1728 3324 1807 3395 5).
1857 3324 2046 3381 Viden’

447 3413 720 3485 quomodo
744 3414 856 3485 jam
887 3414 1015 3469 olim
1042 3414 1304 3484 propheta
1347 3413 1527 3469 omnia
1565 3414 1720 3482 dixit,
1772 3423 1828 3472 et
1865 3415 2046 3486 populi

448 3521 794 3571 concursum,
836 3515 892 3562 et
918 3521 1096 3562 rerum
1125 3506 1179 3561 in
1205 3505 1400 3562 melius
1429 3507 1802 3576 mutationem,
1831 3521 1886 3564 et
1911 3524 2048 3578 prae-

447 3598 733 3669 dicationis
775 3597 1089 3652 facilitatem
1121 3605 1176 3652 et
1217 3612 1396 3652 rerum
1429 3597 1785 3668 gerendarum
1807 3599 2044 3654 omnium

448 3705 686 3761 causam,
712 3689 812 3744 etsi
841 3689 1008 3758 tropis
1039 3690 1153 3744 haec
1178 3689 1531 3759 resperserit?
1551 3689 1679 3744 Erat
1697 3690 1894 3762 quippe
1917 3706 2044 3760 pro-

453 3782 634 3858 phetia
679 3782 1000 3836 futurorum.
1049 3778 1186 3837 Cum
1228 3781 1372 3836 enim
1401 3782 1476 3836 ait
1507 3799 1522 3837 :
1556 3781 1734 3836 Omnis
1757 3783 1904 3838 vallis
1942 3783 2045 3837 im-

450 3872 694 3948 plebitur,
727 3881 778 3928 et
815 3872 979 3927 omnis
1006 3889 1150 3927 mons
1169 3879 1217 3926 et
1247 3873 1393 3927 collis
1418 3871 1768 3927 humiliabitur
1792 3889 1812 3928 :
1836 3882 1883 3928 et
1901 3884 2047 3928 erunt

449 3951 638 4038 aspera
661 3965 714 4019 in
735 3965 842 4019 aias
875 3962 1063 4036 planas
1093 3979 1113 4019 :
1144 3963 1376 4021 humiles
1414 3964 1748 4032 exaltandos,
1793 3974 1850 4021 et
1896 3981 2048 4022 arro-

448 4066 636 4139 gantes
659 4057 1021 4113 humiliandos
1043 4071 1164 4113 esse
1195 4058 1545 4129 prmnuntiat,
1592 4066 1752 4130 atque
1779 4058 1913 4130 legis
1938 4060 2046 4115 dif-

453 4151 746 4210 ﬁcultatem
786 4150 838 4205 in
870 4149 994 4206 ﬁdei
1026 4149 1340 4206 facilitatem
1383 4164 1504 4206 esse
1545 4151 1876 4207 mutandam.
1925 4153 2045 4209 Non

451 4243 612 4317 ultra,
642 4242 833 4313 inquit,
865 4241 1089 4298 sudores
1117 4251 1172 4298 et
1202 4242 1449 4309 labores;
1482 4244 1578 4299 sed
1615 4246 1782 4316 gratia
1811 4255 1868 4303 et
1893 4247 2044 4303 venia

448 4334 788 4397 delictorum,
835 4348 955 4404 quze
995 4332 1302 4410 facillimam
1329 4334 1395 4389 ad
1421 4334 1652 4391 salutem
1686 4336 1828 4391 viam
1871 4348 2043 4407 paret.

452 4425 656 4498 Deinde
684 4427 874 4482 horum
903 4441 1122 4483 causam
1150 4428 1372 4499 apponit
1397 4427 1584 4484 dicens
1613 4445 1628 4484 :
1659 4426 1857 4485 Videbit
1883 4433 2047 4488 omnis

447 4533 574 4572 caro
601 4518 827 4573 salutare
855 4517 953 4573 Dei
995 4534 1017 4574 :
1059 4535 1188 4588 non,
1221 4529 1279 4574 ut
1305 4521 1458 4589 olim,
1508 4518 1678 4578 Judaei
1705 4531 1760 4578 et
1784 4524 2046 4597 proselyti

448 4620 702 4684 tantum,
744 4611 841 4669 sed
881 4621 936 4668 et
976 4613 1154 4668 omnis
1197 4627 1325 4669 caro
1365 4623 1421 4670 et
1463 4629 1646 4681 mare,
1693 4615 2048 4688 universaque

451 4705 730 4778 hominum
761 4713 973 4760 natura.
1004 4705 1110 4761 Per
1135 4719 1299 4774 prava
1324 4707 1466 4761 enim
1494 4716 1549 4762 et
1579 4716 1840 4775 tortuosa,
1882 4710 2046 4766 vitam

445 4795 745 4871 quamlibet
767 4805 1075 4867 corruptam
1114 4795 1468 4853 subindicavit
1500 4815 1514 4852 :
1552 4799 1885 4868 publicanos,
1936 4800 2048 4858 for-

450 4887 741 4955 nicatores,
787 4889 1048 4953 latrones,
1095 4903 1306 4959 magos,
1349 4890 1592 4960 quicum
1631 4892 1865 4960 perversi
1900 4893 2047 4962 prius

447 4988 657 5053 essent,
688 4988 835 5036 recta
875 4979 1073 5035 deinde
1115 4979 1203 5034 via
1244 4992 1622 5050 processerunt
1654 4998 1667 5034 :
1699 4982 1843 5052 quod
1884 4984 2045 5038 etiam

451 5072 573 5142 ipse
595 5070 810 5132 dicebat
837 5087 852 5126 :
885 5067 1165 5127 Publicani
1190 5081 1236 5124 et
1265 5081 1546 5142 peccatores
1577 5075 1859 5144 precedent
1887 5094 1973 5131 vos
1994 5078 2046 5132 in

446 5179 608 5237 regno
650 5162 748 5218 Dei
791 5163 810 5225 ζ
836 5161 1026 5218 Matth.
1053 5163 1147 5219 21.
1176 5161 1313 5233 51),
1369 5164 1494 5236 quia
1543 5167 1905 5223 crediderunt.
1941 5167 2047 5224 ldi-

451 5271 608 5328 psum
655 5254 776 5312 aliis
817 5254 996 5310 verbis
1034 5254 1114 5310 sic
1158 5253 1411 5310 indicavit
1435 5256 1693 5326 propheta
1727 5257 1911 5314 :Tunc
1937 5259 2047 5329 lupi

449 5356 500 5400 et
527 5344 652 5418 agni
678 5345 833 5400 simul
865 5355 1136 5417 pascentur
1164 5344 1318 5414 (Isai.
1346 5345 1434 5402 65.
1467 5347 1582 5418 25).
1613 5347 1767 5404 Sicut
1793 5350 1935 5409 enim
1971 5350 2044 5406 ibi

448 5455 548 5511 per
571 5439 739 5496 colles
768 5449 822 5516 et
847 5440 1014 5496 valles
1057 5440 1476 5512 inatqualitatem
1517 5459 1726 5500 morum
1773 5445 1826 5500 in
1879 5463 2040 5504 unam

451 5532 813 5610 philosophia:
840 5534 1201 5605 aequalitatem
1248 5534 1584 5591 commisceri
1629 5537 1763 5592 dixit
1811 5557 1824 5593 :
1875 5539 1946 5594 ita
1988 5551 2045 5598 et

453 5614 541 5680 hic
570 5639 811 5696 quoque,
857 5641 952 5696 per
993 5624 1270 5682 brutorum
1299 5625 1562 5682 diversam
1590 5637 1836 5685 naturam
1864 5632 2045 5689 varios

452 5717 729 5793 hominum
771 5733 947 5774 mores
977 5718 1242 5787 indicans,
1289 5735 1499 5775 rursum
1534 5735 1629 5776 eos
1655 5721 1707 5775 in
1739 5738 1899 5778 unum
1924 5725 2039 5794 pic-

406 5816 411 5825 '
453 5813 586 5896 tatisé
599 5821 916 5895 concentum
939 5815 1087 5886 jungi
1115 5814 1407 5892 declaravit
1437 5833 1449 5869 :
1479 5824 1532 5871 ct
1559 5815 1643 5872 hic
1667 5831 1879 5872 rursum
1909 5833 2036 5890 cau-

1104 359 1162 426 S.
1203 358 1482 424 JOANNIS
1517 349 1991 413 CHRYSOS'I‘OMI
2030 349 2327 408 ARCHIEP
2386 349 2919 409 CONSTANTINOP.

3614 353 3722 410 188

2126 483 2240 522 sam
2265 467 2522 538 adjiciens
2567 469 2642 525 ait
2674 486 2690 524 :
2725 468 2840 524 Erit
2864 468 2952 541 qui
2974 477 3243 540 consurget
3270 466 3527 538 imperare
3553 476 3727 540 genti-

2128 559 2241 626 bus,
2272 569 2320 614 et
2345 559 2399 614 in
2433 560 2602 632 ipsum
2628 569 2797 633 gentes
2825 558 3099 630 sperabunt
3125 558 3278 632 (Isai.
3303 560 3391 614 11.
3425 559 3538 634 10).
3567 560 3730 629 Quod

2129 652 2304 722 ipsum
2331 653 2400 708 ibi
2435 668 2647 725 quoque
2682 653 2818 708 dixit
2849 671 2863 708 :
2897 651 3092 707 Videbit
3137 653 3300 707 omnis
3340 668 3461 706 caro
3502 652 3731 707 salutare

2130 743 2227 798 Dei
2274 759 2292 798 :
2333 745 2530 816 ubique
2576 743 2866 800 ostendens
2911 743 3318 814 evangeliorum
3357 744 3612 798 virtutem
3653 758 3727 799 ac

2132 837 2372 890 notitiam
2402 837 2470 891 ad
2499 851 2669 907 usque
2692 836 2824 891 ﬁnes
2849 845 3004 890 terra:
3023 833 3419 890 diﬁundendam
3441 849 3582 902 esse,
3605 850 3735 905 quae

2131 942 2162 981 a
2192 927 2374 982 ferinis
2403 927 2640 983 moribus
2658 928 2958 997 animisque
2981 927 3206 996 asperis,
3229 926 3286 982 in
3311 935 3647 982 mansuetam
3673 935 3739 980 et

2132 1021 2317 1077 mitem
2339 1020 2570 1076 indolem
2597 1034 2766 1090 genus
2793 1019 3068 1074 hominum
3101 1021 3496 1076 transmutabit.
3536 1021 3593 1075 4.
3621 1018 3736 1073 Hic

2132 1120 2302 1166 autent
2334 1111 2561 1168 Joannes
2603 1111 2816 1166 habebat
2845 1113 3191 1167 vestimentum
3213 1129 3362 1168 suum
3387 1112 3450 1169 de
3477 1113 3598 1183 pilis
3628 1129 3729 1166 ca-

2133 1205 2270 1272 meli,
2303 1214 2349 1260 et
2373 1221 2557 1259 unum
2582 1205 2846 1273 pelliceam
2867 1205 3005 1260 circa
3024 1204 3218 1260 lumbos
3243 1221 3382 1260 suos.
3411 1205 3602 1261 Vidcn‘
3625 1206 3737 1260 alia

2135 1295 2425 1367 prophetas
2473 1295 2825 1366 praedixisse,
2897 1295 3000 1350 alia
3051 1295 3394 1368 evangelistis
3445 1296 3740 1365 reliquisse

2137 1386 2436 1443 narranda?
2461 1388 2797 1458 Quapropter
2819 1387 3102 1442 Matthmus
3126 1396 3182 1442 et
3210 1387 3518 1458 prophetias
3540 1387 3699 1443 aﬂ‘ert
3715 1428 3736 1454 ,

2136 1490 2192 1538 et
2227 1496 2322 1537 sua
2370 1481 2556 1549 adjicit
2586 1499 2600 1536 :
2630 1496 2806 1554 neque
2830 1492 2984 1537 extra
3009 1497 3124 1537 rem
3148 1482 3359 1554 putavit
3382 1480 3450 1537 de
3469 1482 3602 1552 justi
3633 1496 3725 1538 ve-

2137 1574 2310 1629 stibus
2354 1573 2522 1644 loqui.

2209 1665 2264 1720 4.
2303 1663 2521 1720 Joannis
2549 1663 2795 1736 Baptista:
2819 1664 3017 1719 vivendi
3041 1681 3221 1737 genus.
3251 1694 3324 1706 —
3366 1665 3499 1721 Erat
3534 1664 3740 1736 quippe

2137 1773 2226 1814 res
2253 1756 2388 1814 mira
2428 1765 2482 1811 et
2509 1755 2774 1826 stupenda
2809 1757 2863 1812 in
2895 1757 3129 1812 humano
3155 1771 3384 1828 corpore
3409 1766 3612 1813 tantam
3652 1757 3736 1812 vi-

2137 1847 2268 1905 dere
2310 1847 2646 1906 tolerantiam
2678 1865 2693 1902 :
2726 1848 2870 1919 quod
2911 1860 3060 1904 certe
3105 1848 3322 1904 Judaeos
3362 1848 3532 1920 magis
3565 1858 3738 1904 attra-

2140 1941 2321 2007 hebat,
2374 1943 2464 2014 qui
2508 1954 2760 2013 magmun
2805 1941 2978 1995 Eliam
3009 1941 3062 1995 in
3101 1941 3219 2011 ipso
3253 1940 3632 2011 respiciebant,
3677 1949 3742 1996 et

2141 2049 2209 2090 ex
2252 2035 2319 2090 iis
2362 2049 2482 2105 quae
2513 2043 2641 2090 tunc
2681 2033 3023 2098 videbantur,
3062 2033 3204 2090 beati
3232 2034 3373 2090 illius
3401 2034 3501 2090 viri
3530 2049 3742 2090 memo-

2139 2126 2274 2182 riam
2321 2125 2684 2192 revocabant;
2718 2127 2826 2183 imo
2863 2129 2914 2182 in
2955 2126 3213 2197 majorem
3261 2127 3606 2196 rapiebantur
3641 2128 3742 2182 ad-

2142 2217 2502 2273 mirationem.
2550 2217 2646 2273 llle
2694 2233 2926 2288 namque
2965 2220 3016 2272 in
3055 2219 3275 2274 urbibus
3321 2227 3379 2272 et
3407 2218 3460 2273 in
3487 2217 3742 2273 domibus

2141 2307 2402 2374 alebatur,
2449 2307 2536 2363 hic
2577 2317 2756 2364 autem
2785 2310 2854 2364 ab
2897 2309 3231 2364 incunabulis
3261 2317 3375 2366 toto
3415 2319 3657 2379 tempore
3682 2309 3741 2364 in

2142 2398 2360 2456 deserto
2403 2410 2650 2457 versatus
2693 2411 2796 2458 est.
2849 2400 3142 2471 Oportebat
3169 2405 3314 2458 enim
3347 2417 3742 2474 praecursorem

2146 2491 2306 2559 illius,
2338 2492 2430 2564 qui
2455 2502 2634 2549 vetera
2661 2494 2839 2548 omnia
2868 2493 3140 2549 soluturus
3174 2502 3310 2562 erat,
3357 2509 3550 2563 nempe
3585 2493 3742 2548 labo-

2145 2599 2282 2650 rem,
2312 2583 2766 2650 maledictionem,
2807 2585 3047 2642 dolorem
3076 2597 3240 2656 atque
3264 2587 3537 2649 sudorem,
3584 2603 3743 2656 qure-

2146 2674 2270 2732 dam
2314 2675 2517 2732 habere
2555 2677 2798 2751 symbola
2825 2677 3193 2748 hujuscemodi
3231 2678 3382 2744 doni,
3427 2689 3483 2735 et
3507 2679 3746 2734 damna-

2148 2766 2295 2822 tione
2319 2765 2409 2824 illa
2436 2769 2771 2839 superiorem
2797 2785 2940 2826 esse.
2987 2770 3170 2842 Itaque
3195 2786 3295 2826 nec
3321 2781 3520 2826 terram
3545 2773 3741 2834 aravit,

2149 2874 2324 2930 neque
2351 2858 2531 2916 sulcos
2555 2859 2851 2928 dissecuit,
2899 2877 3004 2917 non
3037 2864 3089 2919 in
3118 2862 3315 2918 sudore
3341 2864 3518 2919 vultus
3548 2879 3741 2934 panem

2147 2951 2418 3017 eumedit,
2459 2951 2556 3007 sed
2594 2952 2750 3009 facile
2794 2955 3047 3025 parabilis
3083 2964 3202 3012 erat
3243 2972 3428 3014 mensa
3475 2958 3628 3027 ejus,
3686 2969 3746 3013 et

2151 3057 2335 3098 mensa
2363 3041 2569 3099 facilior
2609 3045 2857 3114 amictus,
2901 3055 2957 3100 et
2984 3045 3349 3103 habitaculum
3374 3048 3582 3104 facilius
3601 3050 3744 3104 ami-

2149 3144 2260 3190 ctu.
2311 3134 2496 3208 Neque
2533 3137 2676 3192 enim
2726 3146 2891 3204 tecto,
2940 3138 3024 3194 vel
3067 3138 3229 3206 lecto,
3258 3141 3343 3195 vel
3389 3155 3596 3207 mensa,
3654 3141 3745 3196 vel

2149 3225 2330 3297 aliquo
2357 3226 2518 3282 simili
2545 3242 2683 3298 opus
2711 3227 2934 3295 habuit;
2983 3228 3079 3285 sed
3117 3229 3414 3300 angelicam
3453 3229 3746 3300 quamdam

2149 3317 2314 3372 vitam
2344 3317 2398 3372 in
2425 3317 2526 3374 hac
2554 3334 2720 3375 carne
2743 3319 3012 3376 exhibuit.
3033 3319 3158 3375 ldco
3183 3331 3555 3376 vestnnentum
3578 3321 3747 3390 ipsius

2151 3423 2218 3464 ex
2263 3409 2382 3480 pilis
2409 3411 2739 3467 camelorum
2760 3411 3141 3467 concinnatum
3199 3420 3337 3479 erat,
3377 3421 3440 3468 ut
3465 3428 3532 3468 ex
3558 3413 3746 3470 habitu

2150 3519 2252 3559 nos
2300 3504 2626 3565 institueret,
2659 3514 2721 3560 ut
2748 3505 2818 3561 ab
2841 3505 3091 3562 humanis
3129 3505 3539 3571 absiSteremus,
3571 3521 3635 3560 ac
3666 3507 3744 3562 ni-

2152 3597 2227 3652 hil
2251 3613 2374 3653 cum
2402 3607 2544 3653 terra
2568 3613 2855 3654 commune
2876 3599 3230 3667 haberemus;
3251 3601 3346 3656 sed
3371 3601 3437 3655 ad
3464 3602 3747 3672 pristinam

2153 3686 2487 3745 nobilitatem
2533 3701 2960 3758 reverteremur,
3008 3692 3060 3746 in
3109 3707 3212 3762 qua
3263 3693 3494 3763 degebat
3539 3692 3745 3758 Adam,

2150 3790 2437 3852 antequam
2463 3783 2804 3837 vestimentis
2829 3793 2884 3838 et
2913 3783 3114 3838 amictu
3141 3793 3344 3855 egeret.
3391 3783 3484 3840 Sic
3511 3793 3568 3841 et
3593 3785 3748 3855 regni

2149 3883 2208 3928 et
2236 3873 2569 3943 pmnitentiae
2602 3875 2770 3929 vestis
2825 3873 3131 3944 hujusmodi
3179 3877 3482 3948 symbolum
3528 3892 3640 3948 prae
3686 3892 3749 3933 se

2151 3965 2379 4022 ferebat.
2430 3965 2540 4023 Nec
2579 3966 2708 4022 mihi
2753 3966 2941 4022 dicas:
2971 3967 3128 4023 Unde
3153 3968 3228 4022 illi
3257 3969 3468 4024 cilicina
3492 3970 3654 4024 vestis
3691 3978 3750 4025 et

2149 4073 2311 4128 zona,
2355 4060 2408 4114 in
2437 4059 2652 4115 deserto
2683 4058 2984 4116 habitanti?
3028 4059 3164 4116 Nam
3207 4061 3255 4116 si
3297 4075 3359 4116 ea
3403 4060 3474 4116 de
3515 4075 3746 4132 reque-

2150 4153 2383 4209 stionem
2410 4168 2651 4219 moveas,
2681 4153 2783 4208 alia
2813 4169 3026 4224 quoque
3051 4154 3215 4210 multa
3242 4170 3485 4225 quaerere
3512 4156 3746 4225 poteris:

2149 4246 2420 4318 quomodo
2450 4247 2504 4301 iu
2540 4245 2738 4312 hieme,
2785 4247 3055 4318 quomodo
3097 4247 3150 4302 in
3185 4256 3320 4303 testu
3355 4247 3408 4302 in
3456 4248 3750 4307 solitudine

2150 4338 2490 4406 versabatur,
2517 4338 2756 4395 maxime
2787 4342 2840 4392 in
2869 4347 3056 4394 tenero
3101 4354 3329 4409 corpore
3360 4349 3418 4397 et
3459 4341 3748 4403 immatura

2152 4439 2311 4487 aetate
2357 4448 2373 4487 :
2421 4430 2690 4502 quomodo
2732 4430 2903 4500 potuit
2941 4431 3161 4501 puerilis
3185 4431 3365 4488 carnis
3407 4441 3597 4488 natura
3626 4449 3750 4489 ver-

2152 4524 2262 4579 sari
2305 4523 2358 4579 in
2399 4532 2544 4578 tanta
2593 4524 2737 4580 aeris
2767 4524 3165 4594 inaequalitate,
3193 4540 3317 4581 cum
3352 4535 3459 4583 tam
3484 4527 3748 4599 singulari

2153 4629 2360 4682 mensa,
2407 4624 2464 4670 et
2497 4615 2710 4670 cmteris
2752 4625 2922 4670 vastae
2971 4616 3277 4673 solitudinis
3321 4618 3583 4676 miseriis.
3642 4619 3749 4692 Ubi

2153 4723 2296 4763 nunc
2323 4715 2450 4762 sunt
2475 4706 2787 4764 Graecorum
2821 4709 3147 4781 philosophi,
3197 4712 3286 4782 qui
3336 4711 3537 4770 frustra
3587 4714 3752 4787 Cyni-

2152 4815 2270 4855 cam
2303 4798 2685 4870 impudentiam
2717 4801 2906 4857 sectati
2935 4802 3102 4858 sunt?
3130 4802 3280 4874 (quid
3303 4805 3445 4860 enim
3467 4820 3604 4876 opus
3632 4817 3753 4863 erat

2153 4908 2280 4950 sese
2312 4895 2364 4949 in
2395 4893 2539 4950 dolio
2577 4895 2880 4961 includere,
2905 4907 2961 4953 et
2996 4897 3088 4954 tali
3114 4898 3309 4954 deinde
3338 4899 3554 4956 lascivia
3588 4902 3706 4957 uti?
3732 4903 3750 4972 )

2153 4986 2245 5057 qui
2288 4987 2522 5051 annulis,
2577 4986 2790 5058 phialis,
2859 4990 3100 5057 famulis,
3153 4993 3390 5058 ancillis,
3437 5005 3493 5054 et
3537 4996 3748 5066 reliqua

2154 5096 2347 5152 pompa
2387 5081 2638 5137 instructi
2685 5093 2874 5150 erant,
2923 5092 2979 5140 et
3022 5085 3076 5140 in
3119 5095 3409 5157 utrumque
3462 5103 3745 5146 excessum

2152 5171 2386 5242 prolapsi
2423 5172 2591 5227 sunt?
2615 5174 2686 5227 At
2713 5173 2802 5229 hic
2837 5175 2959 5230 talis
2989 5189 3094 5230 non
3125 5185 3275 5245 erat;
3325 5179 3421 5234 sed
3467 5179 3747 5241 desertum

2151 5263 2306 5334 quasi
2350 5265 2540 5319 malum
2589 5265 2866 5332 habitavit,
2909 5277 3160 5323 accurate
3187 5269 3588 5344 philosophiam
3630 5289 3748 5328 om-

2153 5371 2275 5412 nem
2301 5355 2559 5413 exhibens
2588 5376 2600 5411 :
2635 5357 2865 5428 indeque
2893 5374 2992 5414 ceu
3016 5359 3139 5430 quis
3158 5361 3379 5432 angelus
3419 5362 3486 5417 de
3529 5363 3666 5418 caelo
3695 5365 3748 5419 in

2152 5447 2317 5503 urbes
2339 5448 2641 5514 descendit,
2669 5448 2875 5505 athleta
2918 5450 3158 5523 pietatis,
3201 5463 3490 5514 coronatus
3514 5453 3568 5507 in
3590 5455 3745 5522 orbe,

2153 5551 2208 5596 et
2239 5540 2590 5612 philosophus
2627 5541 2717 5596 illa
2771 5541 3113 5613 philosOphia
3156 5559 3277 5615 quae
3302 5545 3449 5600 cmlis
3470 5544 3630 5615 digna
3656 5562 3747 5602 es-

2151 5643 2255 5689 set.
2297 5633 2423 5688 Hmc
2451 5648 2612 5704 porro
2641 5643 2830 5700 erant,
2880 5650 3001 5690 cum
3033 5635 3268 5692 nondum
3295 5637 3529 5693 solutum
3559 5653 3744 5708 pecca-

2151 5735 2261 5780 tum
2287 5735 2451 5789 esset,
2479 5739 2602 5780 cum
2629 5725 2862 5780 nondum
2895 5726 2979 5781 lex
3007 5737 3263 5792 cessaret,
3298 5739 3470 5785 morte
3500 5731 3739 5786 nondum

2154 5819 2350 5887 vincta,
2397 5818 2568 5891 portis
2595 5819 2752 5874 mrcis
2779 5817 3016 5876 nondum
3045 5818 3358 5895 confractis,
3407 5821 3502 5878 sed
3531 5823 3745 5901 vigente
