4050 6364
463 422 566 482 189

459 541 556 596 καὶ
588 539 691 608 τῆς
714 539 1038 610 οἰκουμένης
1081 537 1425 608 στεφανίτης,
1473 536 1570 590 καὶ
1606 537 1896 606 φιλόσοφος
1940 533 2042 604 τῆς

458 625 570 678 τῶν
603 623 848 694 οὐρανῶν
879 621 1038 688 ἀξίας
1063 619 1400 690 φιλοσοφίας.
1426 619 1536 674 Kal
1562 618 1734 672 ταῦτα
1755 614 1845 691 ἦν,
1887 615 2042 671 οὔπω

459 706 562 775 τῆς
593 704 870 778 ἁμαρτίας
895 703 1170 774 λυθείσης,
1201 701 1353 757 οὔπω
1366 702 1461 756 τοῦ
1477 702 1644 773 νόμου
1663 701 2039 772 παυσαμένου,

460 789 615 844 οὔπω
641 791 735 844 τοῦ
762 787 994 843 θανάτου
1011 786 1279 851 δεθέντος,
1304 784 1458 840 οὔπω
1475 786 1585 840 τῶν
1613 787 1828 856 χαλκῶν
1857 785 2041 838 πυλῶν

461 871 961 935 κατακλασθεισῶν,
1015 869 1128 923 ἀλλ’
1164 869 1244 922 ἔτι
1286 869 1388 940 τῆς
1446 867 1684 932 παλαιᾶς
1733 866 2042 940 κρατούσης

462 955 758 1018 πολιτείας.
797 953 1050 1007 Τοιοῦτόν
1071 953 1187 1005 ἐστι
1215 951 1439 1021 γενναία
1465 950 1610 1022 ψυχὴ
1639 951 1736 1005 καὶ
1758 951 2042 1021 διεγηγερ-

467 1038 602 1107 μένη
627 1053 641 1068 ⁸
679 1037 770 1093 καὶ
802 1036 912 1106 γὰρ
939 1034 1212 1105 πανταχοῦ
1265 1035 1540 1104 προπηδᾷ,
1584 1033 1774 1088 καὶτὰ
1815 1033 2044 1104 κείμενα

464 1119 784 1192 ὑπερϐαίνει
822 1118 1123 1190 σκάμματα
1145 1134 1160 1148 ·
1221 1117 1476 1188 καθάπερ
1517 1117 1612 1168 καὶ
1637 1119 1666 1170 6
1694 1115 1905 1178 Παῦλος
1949 1115 2043 1169 ἐπὶ

463 1205 564 1275 τῆς
611 1203 802 1274 καινῆς
853 1203 1028 1256 ἐποίει
1074 1200 1370 1262 πολιτείας.
1440 1200 1600 1253 Ἀλλά
1641 1200 1786 1262 τίνος
1834 1199 2040 1262 ἕνεκεν,

463 1291 618 1356 φησι,
643 1287 738 1339 καὶ
769 1285 912 1356 ζώνῃ
955 1285 1093 1355 μετὰ
1135 1284 1229 1337 τοῦ
1269 1283 1485 1354 ἱματίου
1531 1283 1831 1354 ἐχρήσατο;
1882 1281 2044 1345 Ἔθος

460 1368 622 1424 τοῦτο
667 1372 779 1433 τοῖς
812 1369 1062 1431 παλαιοῖς
1105 1363 1198 1439 ἦν,
1246 1367 1378 1439 πρὶν
1415 1367 1496 1430 είς
1521 1365 1583 1420 :6
1615 1365 1854 1436 μαλακὸν
1885 1365 2046 1418 τοῦτο

462 1453 560 1508 καὶ
579 1453 833 1524 διαρρέον
860 1452 1096 1517 ἐξελθεῖν
1115 1453 1319 1524 σχῆμα.
1344 1449 1501 1504 Οὔτω
1527 1448 1658 1517 γοῦν
1682 1450 1775 1502 καὶ
1791 1451 1820 1504 ό
1840 1449 2046 1519 Πέτρος

462 1537 710 1606 φαίνεται
735 1535 1060 1606 ἐζωσμένος,
1089 1536 1184 1589 καὶ
1211 1535 1241 1586 6
1268 1533 1478 1598 Παῦλος
1498 1549 1514 1564 ·
1557 1532 1671 1587 Τόν
1701 1532 1811 1602 γὰρ
1834 1530 2042 1599 ἄνδρα,

463 1619 652 1689 φησὶν.
689 1614 760 1674 οὗ
807 1618 977 1671 ἐστιν
1015 1619 1055 1686 ἠ
1107 1616 1255 1684 ζώνη
1291 1616 1465 1684 αὕτη.
1519 1615 1630 1668 Kal
1665 1617 1694 1668 6
1759 1613 1944 1676 Ἠλίας
1987 1613 2046 1667 δέ

460 1700 634 1765 οὔτως
660 1695 729 1772 ἦν
753 1699 1098 1770 ἐσταλμένος,
1117 1699 1211 1753 καὶ⁵
1234 1698 1342 1753 τῶν
1379 1698 1576 1767 ’Δγίων
1598 1697 1848 1763 ἕκαστος,
1873 1697 1961 1752 διὰ
1984 1697 2046 1751 :6

463 1781 693 1849 εἶναιλέν
721 1783 866 1856 ἐργῳ
890 1783 1174 1852 διηνεκῶς,
1191 1782 1310 1853 ἦτοι
1329 1780 1680 1852 ὁδοιπορίαις,
1701 1781 1821 1850 ἦτοι
1854 1781 1897 1813 ³⁹
1922 1782 2050 1853 περὶ

463 1867 650 1937 ’ἐτερόν
693 1884 746 1920 τι
788 1866 896 1920 τῶν
925 1865 1240 1934 ἀναγκαίων
1276 1863 1324 1895 ⁸⁸
1365 1863 1729 1934 πονουμένους
1763 1861 1911 1936 [MS]
1955 1864 2052 1917 καὶ⁸

465 1948 900 2012 σπουδάζοντας·
947 1948 1008 2001 οὐ
1040 1947 1128 2000 διὰ
1158 1946 1317 2000 τοῦτο
1347 1946 1405 2000 δὲ
1439 1947 1620 2018 μόνον,
1657 1946 1791 1999 ἀλλὰ
1835 1947 1931 2000 καὶ
1965 1946 2052 2002 διὰ

461 2035 527 2088 :6
554 2033 599 2066 ⁸⁸
624 2031 1010 2102 καλλωπισμὸν
1043 2031 1263 2085 ἅπαντα
1309 2032 1666 2094 καταπατεῖν,
1709 2030 1803 2083 καὶ
1849 2031 2052 2102 σκληρ-

463 2117 711 2186 αγωγίαν
731 2114 953 2170 ἀπασαν
975 2113 1225 2186 μελετᾷν·
1243 2115 1380 2184 ὅπερ
1406 2107 1500 2166 οὖν
1525 2112 1619 2166 καὶ
1638 2112 1769 2166 αὐτὸ
1798 2112 2052 2184 μέγιστον

462 2201 665 2270 ἀρετῆς
689 2197 964 2269 ἐγκώμιον
991 2192 1130 2250 εἷναί
1165 2213 1330 2267 φησιν
1356 2197 1385 2248 6
1413 2195 1669 2267 Χριστὸς,
1686 2195 1830 2249 οὔτω
1843 2195 2015 2265 λέγων
2032 2212 2048 2229 ·

469 2285 532 2338 Τί
567 2282 854 2349 ἐξήλθετε
901 2279 1084 2345 ίδεῖν;
1124 2279 1443 2346 ἄνθρωπον
1477 2281 1548 2332 ἐν
1583 2280 1880 2348 μαλακοῖς
1917 2283 2050 2348 lya-

462 2366 614 2432 τίοις
633 2362 1072 2435 ἡμφιεσμένον;
1101 2359 1231 2416 ιδοὺ
1262 2363 1318 2416 οί
1343 2364 1416 2415 τὰ
1428 2361 1674 2430 μαλακά
1697 2362 2048 2431 φοροῦντες,

463 2449 536 2506 ἂν
553 2448 678 2517 τοῖς
699 2447 890 2514 οικοις
911 2444 1030 2501 τῶν
1051 2445 1361 2511 βασιλέων
1388 2445 1570 2499 είσίν.

526 2621 592 2671 ι’.
625 2615 688 2669 El
717 2614 778 2670 δὲ
803 2614 1013 2678 ἐκεῖνος
1043 2615 1072 2666 6
1101 2612 1343 2686 καθαρὸς
1377 2611 1523 2668 οὔτω
1561 2613 1655 2668 καὶ
1689 2613 1784 2668 τοῦ
1817 2611 2050 2686 οὐρανοῦ

463 2697 845 2772 λαμπρότερος
872 2696 971 2764 ῶν,
1001 2698 1094 2750 καί⁹
1122 2696 1261 2768 ὑπὲρ
1296 2697 1588 2768 Προφήτας
1615 2696 1844 2762 πάντας,
1869 2699 1964 2751 καὶ
1988 2689 2050 2751 οὔ

470 2783 672 2858 μείζων
695 2782 869 2845 οὐδεὶς
890 2781 1129 2851 ἐγένετο,
1153 2781 1248 2835 καὶ
1271 2781 1584 2853 παρρησίαν
1603 2781 1741 2851 ἔχων
1757 2780 2049 2853 τοσαύτην,

464 2863 642 2928 οὔτως
689 2863 880 2919 ἑαυτὸν
929 2862 1361 2936 ἐσκληραγώγει,
1394 2863 1495 2935 τὴν
1547 2863 1648 2934 μὲν
1699 2862 2053 2935 διαρῤέουσαν

465 2950 680 3021 τρυφὴν
713 2947 996 3020 ἀτιμάζων
1043 2948 1182 3020 μετὰ
1219 2947 1420 3019 πολλῆς
1457 2949 1558 3019 τῆς
1590 2949 1927 3021 περιουσίας,
1958 2949 2053 3002 ἐπὶ

465 3032 526 3086 δέ
555 3032 650 3086 τὸν
680 3031 918 3104 σκληρὸν
933 3031 1121 3086 τοῦτον
1149 3031 1340 3085 ἐαυτὸν
1368 3031 1517 3100 ἀγων
1543 3031 1675 3101 βίον,
1700 3032 1824 3086 τίνα
1854 3031 2052 3103 ⁹έξομεν

466 3113 764 3185 ἀπολογίαν
797 3114 844 3147 ⁸⁸
865 3116 916 3169 οί
977 3113 1118 3186 μετά
1162 3113 1433 3184 τοσαύτην
1481 3114 1804 3185 εὐεργεσίαν
1847 3115 1942 3168 καὶ
1983 3113 2052 3167 τά

470 3200 644 3273 μυρία
661 3198 860 3271 φορτία
896 3199 1007 3255 τῶν
1048 3199 1459 3271 ἁμαρτημάτων
1493 3199 1630 3270 μηδὲ
1673 3198 1734 3252 :6
1761 3197 2051 3252 πολλοστὸν

471 3284 639 3356 μέρος
664 3283 766 3354 τῆς
817 3281 1255 3354 ἐξομολογήσεως
1284 3281 1718 3354 ἐπιδεικνύμενοι
1765 3282 1867 3359 τῆς
1908 3281 2053 3335 ἐκεί-

467 3383 586 3432 νου,
624 3365 762 3420 ἀλλά
808 3365 1101 3436 μεθύοντες
1144 3365 1239 3418 καὶ
1271 3365 1694 3435 γαστριζόμενοι
1726 3366 1821 3418 καὶ
1862 3364 2052 3436 μύρων

467 3451 706 3516 ὔζοντες,
749 3449 846 3503 καὶ
883 3449 993 3503 τῶν
1027 3449 1087 3503 ἐν
1105 3451 1172 3519 τῇ
1209 3450 1381 3519 σκηνῇ
1420 3448 1832 3520 πορνευομένων
1863 3465 2053 3517 γυναι-

470 3533 584 3588 κῶν
605 3533 755 3587 οὐδὲν
779 3531 1000 3603 ἄμεινον
1039 3531 1394 3603 διακείμενοι,
1435 3533 1531 3585 καὶ
1562 3532 1894 3602 πανταχόθεν
1922 3533 2052 3586 ἐαυ-

468 3616 598 3679 τοῦς
617 3614 1176 3686 καταμαλακίζοντες,
1208 3615 1302 3667 καὶ
1329 3612 1689 3684 εὐχειρώτους
1719 3615 1797 3686 τῷ
1822 3615 2054 3687 διαϐόλῳ

471 3699 773 3763 ποιοῦντες.
805 3701 943 3753 Τότε
984 3698 1372 3765 ἐξεπορεύετο
1401 3698 1551 3766 πρὸς
1597 3699 1785 3752 αὑτὸν
1817 3698 1985 3756 πᾶσα
2011 3700 2051 3768 ἠ

485 3781 756 3845 Ἰουδαία,
796 3779 895 3834 καί
932 3780 1334 3848 Ἰεροσόλυμα,
1381 3779 1479 3833 καί
1524 3780 1694 3835 πᾶσα
1723 3780 1762 3848 ἡ
1802 3783 2052 3852 περίχω-

465 3883 578 3935 ρος
608 3862 716 3918 τοῦ
757 3862 1081 3930 Ἰορδάνου,
1116 3863 1214 3916 καί
1259 3861 1638 3921 ἐϐαπτίζοντο
1693 3865 1796 3918 ὑπ’
1843 3865 2050 3930 αὐτοῦ,

469 3946 1009 4016 ἐξομολογούμενοι
1045 3945 1152 4010 τὰς
1183 3945 1470 4014 ἁμαρτίας
1500 3943 1718 3999 αὐτῶν.
1762 3947 1924 4019 Ὁρᾷς
1967 3948 2057 4001 1:6-

475 4047 568 4084 σον
600 4030 818 4099 ἴσχυσεν
846 4030 879 4099 ή
909 4028 1182 4099 παρουσία
1227 4028 1319 4082 τοῦ
1359 4029 1681 4100 Προφήτου;
1723 4029 1841 4092 πῶς
1878 4029 2056 4083 πάντα

471 4114 564 4168 τὸν
591 4113 760 4184 δῆμον
798 4112 1179 4182 ἀνεπτέρωσε;
1211 4111 1326 4175 πῶς
1349 4112 1546 4176 αὐτοὺς
1584 4112 1664 4175 είς
1685 4111 1890 4166 ἔννοιαν
1918 4114 2056 4184 ἢγα-

472 4214 540 4266 γι
565 4197 676 4252 τῶν
705 4195 922 4250 οἰκείων
951 4195 1397 4265 ἀμαρτημὰτων;
1423 4196 1532 4248 Kal
1555 4195 1665 4265 γὰρ
1686 4191 1754 4266 ἦν
1779 4195 2056 4266 θαύματος

473 4282 644 4347 ἀξιον,
673 4280 802 4334 ίδεῖν
825 4279 884 4332 ἐν
932 4278 1256 4349 ἀνθρωπίνῳ
1305 4279 1546 4349 σχήματι
1582 4279 1806 4333 τοιαῦτα
1854 4281 2055 4333 ἐπιδει-

475 4363 743 4435 κνύμενον
765 4362 950 4430 αὐτὸν,
981 4362 1076 4416 καὶ
1102 4361 1339 4435 τοσαύτῃ
1366 4361 1703 4434 κεχρημένον
1741 4365 1807 4434 τῇ
1835 4365 2054 4434 παρρη-

478 4446 593 4518 σία,
634 4446 731 4500 καὶ
770 4446 990 4499 πάντων
1022 4445 1099 4509 ώς
1136 4445 1338 4498 παίδων
1385 4444 1934 4516 κατεξανιστάμενον,
1963 4447 2057 4501 καὶ

476 4527 678 4599 πολλὴν
697 4528 808 4582 61:6
829 4528 924 4581 τοῦ
962 4528 1251 4600 προσώπου
1281 4527 1378 4597 τὴν
1405 4527 1564 4599 χάριν
1593 4527 1783 4597 ἔχοντα
1806 4529 2057 4599 ἀπολάμ-

477 4629 706 4667 πουσαν.
748 4610 1027 4665 Συνετέλει
1060 4611 1116 4664 δέ
1140 4613 1218 4674 είς
1238 4610 1499 4681 ἔκπληξιν
1527 4613 1620 4663 καὶ
1646 4611 1707 4663 :6
1742 4610 1829 4664 διὰ
1859 4610 2058 4664 πολλοῦ

476 4696 572 4750 τοῦ
606 4698 801 4767 χρόνου
850 4695 1134 4766 προφήτην
1175 4693 1432 4764 φανῆναι·
1467 4694 1692 4764 καὶγὰρ
1717 4695 1978 4748 ἐπέλιπεν
2005 4695 2054 4728 ⁸⁸

478 4781 678 4842 αὐτοὺς
700 4779 762 4833 :6
786 4778 1050 4852 χάρισμα,
1070 4778 1162 4830 καὶ
1180 4777 1268 4831 διά
1287 4778 1498 4849 μακροῦ
1517 4779 1652 4849 πρὸς
1673 4779 1868 4842 αὐτοὺς
1885 4781 2056 4832 ἐπαν-

477 4862 611 4934 ῆλθε
635 4862 727 4916 τοῦ
743 4860 958 4933 χρόνου.
985 4861 1093 4913 Kal
1106 4863 1134 4914 6
1149 4861 1241 4913 τοῦ
1259 4861 1609 4932 κηρύγματος
1619 4861 1676 4914 δὲ
1692 4862 1889 4931 τρόπος
1907 4861 2056 4928 ξένος

480 4947 576 5000 xal
599 4943 1075 5015 παρηλλαγμένος.
1101 4943 1265 4996 Οὐδὲν
1293 4943 1401 5014 γὰρ
1419 4943 1527 4997 τῶν
1560 4944 1804 5015 συνήθων
1835 4944 2054 5014 ἤκουον,

477 5023 611 5094 οἷον,
635 5027 902 5097 πολέμους
925 5027 1020 5081 καὶ
1052 5027 1231 5098 μάχας
1253 5029 1347 5082 καὶ
1369 5027 1521 5091 νίκας
1538 5028 1636 5091 τὰς
1670 5029 1838 5086 κάτω.
1866 5029 1961 5082 καὶ
1978 5029 2058 5081 λι-

481 5113 616 5183 μοὺς
627 5112 722 5164 καὶ
735 5109 974 5182 λοιμοὺς,
1005 5111 1099 5164 καὶ
1119 5111 1166 5142 ⁸⁸
1189 5110 1563 5174 Βαϐυλωνίους
1582 5112 1674 5164 καὶ
1695 5112 1930 5182 Πέρσας,
1963 5113 2058 5166 καὶ

479 5194 687 5258 πόλεως
715 5194 941 5257 ἅλωσιν,
959 5195 1054 5246 καὶ
1081 5193 1151 5248 :6
1176 5193 1311 5248 ἀλλα
1339 5195 1407 5247 τά
1424 5193 1777 5264 συνήθη-ἀλλ’
1793 5195 2056 5268 οὐρανοὺς

477 5277 572 5332 καὶ
595 5277 695 5348 τὴν
716 5278 832 5331 ἐκεῖ
847 5278 1145 5348 βασιλείαν,
1163 5279 1255 5331 καὶ
1270 5279 1367 5349 τὴν
1399 5280 1455 5330 ἐν
1485 5281 1549 5348 τῇ
1580 5278 1772 5349 γεέννῃ
1813 5279 2053 5336 κόλασιν.

475 5363 578 5416 Διά
598 5379 681 5415 τοι
706 5360 864 5415 τοῦτο
881 5361 926 5394 ⁸⁸
944 5361 1041 5416 καὶ
1067 5361 1177 5414 τῶν
1211 5360 1352 5413 κατά
1376 5359 1475 5429 τὴν
1507 5359 1712 5430 ἔρημον
1737 5362 2058 5415 ἀποστατῶν

477 5445 794 5514 σφαγέντων
805 5445 1058 5498 ἁπάντων
1071 5445 1130 5498 οὐ
1145 5443 1252 5515 πρὸ
1265 5442 1459 5496 πολλοῦ
1473 5443 1563 5495 τοῦ
1577 5462 1609 5512 χ
1615 5443 1902 5514 ρόνου,τῶν
1921 5445 2059 5514 μετὰ

489 5529 661 5584 ⁹ιούδα
694 5529 791 5581 καὶ
823 5529 1026 5596 Θευδᾶ,
1052 5530 1153 5582 οὐκ
1185 5527 1434 5596 ἐγένοντο
1461 5527 1812 5600 ὀκνηρότεροι
1840 5528 1887 5560 ⁸⁸
1919 5528 2058 5600 πρὸς

474 5736 599 5790 add.
627 5735 791 5806 ᾐμεῖς
821 5735 891 5806 Β,
919 5735 1052 5806 Ep:
1097 5735 1144 5766 η
1173 5735 1417 5790 ἐνέλιπεν
1455 5735 1592 5791 Edd.

477 5799 805 5878 :epo:]"add.
833 5799 983 5878 οὔτοί
1016 5804 1076 5860 Ε.
1153 5808 1196 5878 ⁸7
1228 5808 1509 5878 ΗΘΙΚΟΝ.
1545 5807 1664 5860 Ὀτι

475 5875 690 5939 ἐντιὶῖς
733 5875 932 5947 εὐχαῖς
964 5877 1264 5947 ύ-πομονῆς.
1332 5877 1396 5928 Α.

1183 421 1242 478 S.
1284 417 1569 478 JOANNIS
1605 409 2101 474 CIIRYSOSTOMI
2145 411 2472 478 'ARCHIEP.
2515 413 3059 476 CONSTANTINOP.

3631 419 3738 476 190

2140 529 2240 601 τὴν
2261 523 2440 596 ἔξοδον
2465 531 2565 602 τὴν
2586 533 2785 588 ἐκεῖσε.
2801 535 2935 588 Οὐδὲ
2959 534 3070 606 γὰρ
3091 531 3182 590 ἐπὶ
3196 536 3303 598 τοῖς
3324 537 3506 600 αὐτοῖς
3536 536 3737 595 αὐτοὺς

2140 611 2348 666 ἐκάλει·
2377 608 2508 677 οἷον,
2545 616 2639 669 ἐπὶ
2669 618 2944 687 τυραννίδι
2987 619 3083 672 καὶ
3111 618 3423 690 ἀποστασία
3467 619 3564 672 καὶ
3600 637 3737 671 νεω-

2139 697 2438 769 τεροποιία·
2485 697 2600 751 ἀλλ’
2653 698 2795 753 ὥστε
2851 700 2990 771 πρὸς
3029 701 3131 770 τὴν
3163 701 3275 756 ἄνω
3325 703 3737 773 χειραγωγῆσαι

2143 777 2437 848 βασιλείαν.
2470 781 2670 852 Διόπερ
2720 781 2842 835 οὐδὲ
2882 785 3132 853 κατεῖχεν
3183 785 3241 836 ἐν
3283 787 3348 854 τῇ
3392 785 3583 855 ἐρήμῳ
3613 785 3735 854 μεθ’

2141 860 2335 915 ἐαυτοῦ
2367 863 2698 935 περιφέρων,
2724 863 2862 918 ἀλλά
2888 865 3187 934 βαπτίζων,
3219 867 3312 920 καὶ
3343 867 3470 930 τοὺς
3494 868 3622 936 περὶ
3643 885 3737 936 φι-

2141 944 2394 1015 λοσοφίας
2414 946 2686 1000 παιδεύων
2703 947 2916 1016 λόγους,
2939 949 3161 1002 ἀπέλυε·
3185 949 3274 1002 διὰ
3295 950 3512 1003 πάντων
3538 951 3740 1014 αὐτοὺς

2141 1026 2426 1094 διδάσκων,
2455 1031 2562 1082 τῶν
2595 1030 2696 1101 μέν
2722 1029 2782 1083 ἐν
2809 1034 2878 1102 τῇ
2907 1034 2980 1102 γῇ
3011 1032 3228 1086 πάντων
3264 1034 3558 1105 ὑπερορᾷν,
3599 1033 3739 1103 πρὸς

2141 1109 2198 1164 δὲ
2223 1111 2292 1165 τά
2313 1111 2575 1183 μέλλοντα
2599 1114 2872 1184 αἴρεσθαι,
2896 1117 2990 1169 καὶ
3012 1115 3134 1170 καθ’
3163 1117 3398 1186 ἑκάστην
3421 1117 3739 1185 ἐπείγεσθαι

2141 1193 2240 1264 τὴν
2269 1194 2503 1267 ἡμέραν.
2537 1196 2582 1229 ⁸⁷
2613 1196 2816 1252 Τοῦτον
2843 1199 2909 1270 δὴ
2932 1199 3026 1254 καὶ
3057 1201 3219 1271 ἡμεῖς
3248 1199 3602 1270 ζηλώσωμεν,
3640 1200 3740 1252 καὶ

2141 1277 2242 1338 τὰς
2280 1278 2494 1347 τρυφὰς
2529 1279 2625 1333 καὶ
2667 1279 2764 1352 τὴν
2795 1281 2947 1354 [146]
3001 1282 3175 1354 μέθην
3215 1283 3465 1350 ἀφέντες,
3507 1283 3601 1335 ἐπὶ
3644 1284 3741 1334 τὸν

2143 1361 2576 1432 κατεσταλμένον
2599 1363 2644 1395 ⁸⁸
2677 1362 3040 1434 μεταθώμεθα
3079 1365 3213 1435 βίον.
3251 1366 3362 1418 Kal
3393 1366 3502 1436 γὰρ
3545 1365 3742 1436 ἐξομο-

2143 1441 2464 1514 λογήσεωςὸ
2492 1445 2683 1518 καιρὸς
2704 1447 2798 1500 καὶ
2829 1451 2941 1511 τοῖς
2969 1449 3237 1520 ἀμυήτοις
3272 1450 3369 1503 καὶ
3400 1453 3514 1513 τοῖς
3541 1450 3741 1518 βαπτι-

2147 1525 2342 1580 σθεῖσι·
2365 1531 2476 1592 τοῖς
2502 1529 2620 1600 μὲν,
2645 1531 2731 1583 ἵνα
2755 1533 3186 1603 μετανοήσαντες
3206 1533 3315 1587 τῶν
3343 1533 3504 1604 ἱερῶν
3531 1533 3743 1604 τύχωσι

2148 1610 2484 1681 μυστηρίων·
2513 1614 2627 1676 τοῖς
2649 1612 2728 1678 δὲ,
2749 1614 2837 1666 ἵνα
2860 1614 3253 1686 ἀπονιψάμενοι
3277 1617 3376 1688 τὴν
3399 1616 3536 1688 μετά
3552 1617 3613 1668 :6
3638 1616 3746 1686 βά-

2145 1708 2357 1763 πτισμα
2379 1693 2572 1762 κηλῖδα
2585 1696 2650 1760 ",
2669 1695 2894 1767 καθαρῷ
2925 1698 3268 1770 συνειδότιτῇ
3298 1701 3547 1773 τραπέζῃ
3570 1717 3743 1770 προσ-

2151 1774 2398 1832 έλθωσιν.
2447 1778 2796 1850 Ἀποστῶμεν
2845 1780 3024 1834 τοίνυν
3074 1781 3169 1835 τοῦ
3211 1783 3380 1855 ὑγροῦ
3415 1784 3608 1838 τούτου
3644 1785 3744 1838 καὶ

2149 1857 2527 1930 διαλελυμένου
2559 1860 2698 1932 βίου.
2729 1863 2802 1916 οὐ
2835 1863 2944 1934 γάρ
2972 1865 3141 1929 ἐστιν,
3173 1867 3274 1920 οὐκ
3299 1866 3446 1920 ἐστιν
3477 1867 3611 1937 όμοῦ
3646 1869 3744 1921 καὶ

2151 1941 2592 2011 ἐξομολογεῖσθαι
2641 1945 2738 1998 καὶ
2788 1948 3020 2017 τρυφᾷν.
3071 1949 3183 2002 Kal
3233 1949 3408 2004 ταῦτα
3441 1949 3744 2003 διδασκέτω

2151 2023 2298 2092 ὑμᾶς
2343 2026 2612 2097 Ἰωάννης,
2643 2027 2750 2081 61:6
2777 2029 2872 2081 τοῦ
2914 2029 3233 2102 ἐνδύματος,
3257 2032 3366 2086 ἀπὸ
3383 2033 3482 2104 τῆς
3509 2034 3740 2103 τροφῆς,

2152 2105 2265 2160 61:6
2292 2105 2394 2177 τῆς
2452 2109 2650 2172 οἰκίας.
2693 2110 2760 2163 Τί
2809 2106 2932 2177 οῦνς
2963 2112 3106 2167 οὕτω
3145 2113 3387 2178 κελεύεις
3420 2117 3566 2185 ἡμᾶς
3607 2133 3742 2169 κατ-

2151 2189 2446 2256 εστάλθαι;
2491 2192 2674 2261 φησίν.
2725 2193 2799 2246 Οὐ
2834 2193 3062 2261 κελεύω,
3094 2196 3232 2250 ἀλλά
3257 2197 3612 2269 συμϐουλεύω
3643 2199 3744 2252 καὶ

2157 2274 2433 2346 παραινῶ.
2470 2276 2534 2329 El
2566 2276 2624 2330 δέ
2657 2277 2730 2347 μὴ
2762 2276 2986 2333 δυνατὸν
3024 2280 3153 2350 ὑμῖν
3178 2280 3357 2348 τοῦτο,
3397 2283 3502 2334 κᾶν
3533 2284 3592 2335 ἐν
3619 2286 3745 2345 ταῖς

2151 2356 2372 2410 πόλεσιν
2395 2357 2551 2422 ὄντες
2583 2359 2984 2431 ἐπιδειξώμεθα
3030 2365 3129 2432 τὴν
3160 2365 3468 2434 μετάνοιαν’
3501 2367 3596 2419 καὶ
3627 2366 3745 2435 γὰρ

2152 2440 2246 2493 ἐπὶ
2271 2440 2464 2512 θύραις
2495 2441 2558 2494 τὸ
2584 2441 2955 2514 δικαστήριον.
2989 2443 3052 2498 Εἰ
3075 2445 3132 2498 δὲ
3159 2447 3254 2500 καὶ
3300 2449 3624 2518 μακροτέρῳ
3647 2445 3743 2518 ἦν,

2151 2527 2274 2580 οὐδὲ
2317 2527 2460 2581 οὔτω
2507 2527 2730 2600 θαρρεῖν
2763 2529 2891 2584 ἔδει·
2921 2530 2982 2583 :6
3015 2536 3124 2602 γὰρ
3165 2532 3398 2586 ἑκάστου
3425 2535 3600 2605 πέρας
3637 2537 3744 2604 τῆς

2152 2609 2318 2682 ζωῆς,
2340 2611 2439 2681 τῆς
2461 2612 2773 2676 συντελείας
2812 2614 3000 2684 ἐπέχει
3038 2615 3267 2686 δύναμιν
3295 2617 3374 2687 τῷ
3397 2619 3740 2690 καλουμένῳ.

2155 2694 2278 2748 ’Ότι
2296 2694 2352 2748 δὲ
2379 2697 2475 2748 καὶ
2495 2697 2587 2749 ἐπὶ
2611 2696 2827 2768 θύραις,
2855 2697 3087 2752 ἄκουσον
3115 2700 3208 2752 τοῦ
3235 2701 3446 2754 Παύλου
3468 2701 3743 2770 λέγοντος⁶

2165 2776 2226 2832 Ἠ
2247 2777 2363 2843 νὺξ
2391 2779 2754 2848 προέκοψεν,
2787 2781 2825 2849 ἠ
2851 2781 2920 2833 δὲ
2944 2781 3135 2850 ἡμέρα
3161 2782 3386 2854 ἤγγικε·
3421 2786 3515 2839 καὶ
3553 2785 3742 2839 πάλιν·

2153 2859 2319 2924 Ἥξει
2340 2863 2451 2930 τὰρ
2475 2865 2507 2914 ό
2535 2861 2880 2931 ἐρχόμενος,
2913 2864 3010 2917 καί
3045 2867 3116 2918 οὐ
3137 2867 3377 2934 χρονιεῖ.
3402 2868 3511 2921 Kal
3541 2868 3650 2940 γὰρ
3669 2867 3748 2921 :6

2153 2946 2355 3013 σημεῖα
2391 2944 2576 2998 λοιπὸν
2616 2947 2952 3016 ἀπήρτισται
2989 2947 3060 3001 τά
3090 2949 3358 3004 καλοῦντα
3395 2951 3494 3022 τὴν
3525 2953 3746 3025 ἡμέραν

2152 3025 2384 3098 ἐκείνην.
2410 3027 2866 3096 Κηρυχθήσεται
2901 3027 3032 3099 γὰρ,
3067 3031 3221 3102 φησὶ,
3256 3032 3433 3088 τοῦτο
3461 3034 3525 3088 τὸ
3550 3037 3749 3106 Εὐαγ-

2150 3108 2355 3178 γέλιον
2375 3107 2487 3178 τῆς
2502 3110 2827 3177 βασιλείας
2849 3111 2921 3166 ἐν
2940 3112 3061 3176 ὅλῳ
3082 3112 3161 3179 τῷ
3187 3117 3394 3185 κόσμῳ
3418 3119 3505 3183 εἰς
3519 3119 3749 3186 μαρτύ-

2143 3209 2281 3262 ριον
2309 3190 2461 3248 πᾶσι
2484 3192 2609 3260 τοῖς
2627 3193 2852 3250 ἔθνεσι·
2887 3197 2987 3251 καὶ
3013 3198 3146 3252 τότε
3172 3198 3305 3268 ἥξει
3328 3201 3394 3253 τὸ
3432 3200 3627 3269 τέλος.

2224 3363 2300 3423 ς’.
2336 3358 2645 3430 Προσέχετε
2689 3359 2829 3430 μετά
2862 3361 3151 3435 ἀκριϐείας
3179 3365 3258 3436 τῷ
3297 3366 3591 3439 λεγομένῳ.
3625 3369 3748 3424 Οὐκ

2152 3434 2326 3507 εἶπεν,
2346 3441 2514 3494 ’Ὀταν
2541 3442 2804 3516 πιστευθῇ
2835 3446 2985 3516 παρά
3007 3434 3570 3520 πάντων-ἀνθρώπων·
3599 3451 3746 3518 ἀλλ’,

2154 3523 2320 3578 Ὅταν
2343 3526 2590 3598 κηρυχθῇ
2619 3528 2771 3598 παρὰ
2796 3531 2953 3585 πᾶσι.
2984 3531 3084 3586 Διὰ
3110 3533 3266 3588 τοῦτο
3291 3535 3384 3587 καὶ
3402 3535 3606 3604 έλεγεν,
3632 3539 3748 3606 Είς

2147 3609 2474 3677 μαρτύριον
2499 3610 2624 3677 τοῖς
2661 3612 2708 3643 ⁸⁰
2735 3611 2961 3682 ἔθνεσι,
2991 3615 3226 3682 δεικνὺς,
3250 3618 3332 3671 ὅτι
3360 3620 3461 3672 οὐκ
3480 3619 3746 3692 ἀναμένει

2153 3693 2361 3756 πάντας
2386 3692 2697 3764 πιστεῦσαι,
2719 3695 2814 3748 καὶ
2845 3697 2966 3751 τότε
3013 3700 3442 3768 παραγενέσθαι.
3483 3702 3556 3755 T6
3605 3704 3742 3776 γάρ,

2153 3776 2259 3839 Εἰς
2297 3776 2647 3844 μαρτύριον,
2696 3777 2854 3832 τοῦτό
2905 3782 3073 3847 ἐστιν,
3108 3784 3188 3847 είς
3251 3787 3606 3858 κατηγορίαν,
3657 3789 3745 3852 είς

2154 3858 2394 3929 ἔλεγχον,
2425 3861 2504 3922 είς
2533 3861 2858 3933 κατάκρισιν
2879 3863 2986 3918 τῶν
3029 3865 3104 3936 μὴ
3133 3869 3552 3922 πιστευσάντων.
3597 3869 3750 3924 Ἂλλ¹

2153 3945 2316 4014 ἡμεῖς
2352 3943 2524 3997 ταῦτα
2555 3944 2845 4011 ἀκούοντες
2878 3949 2971 4000 καὶ
2991 3949 3245 4019 ὁρῶντες,
3277 3952 3608 4024 καθεύδομεν
3643 3963 3744 4016 καὶ

2154 4027 2405 4099 ὀνείρατα
2452 4029 2743 4102 βλέπομεν,
2791 4034 3041 4104 καθάπερ
3087 4035 3146 4088 ἐν
3194 4035 3470 4110 βαθυτάτῃ
3508 4039 3664 4092 νυκτὶ
3690 4044 3741 4078 δι

2155 4112 2553 4182 κεκαρωμένοι.
2590 4115 2756 4168 Οὐδὲν
2785 4115 2894 4188 γὰρ
2924 4116 3219 4188 ὀνειράτων
3239 4120 3462 4190 ἄμεινον
3491 4121 3563 4174 τὰ
3591 4139 3742 4192 παρ-

2155 4195 2284 4248 όντα
2313 4197 2634 4280 πράγματα,
2667 4199 2770 4253 κᾶν
2799 4201 3013 4272 χρηστά
3048 4198 3104 4272 ᾗ,
3141 4204 3246 4257 κᾶν
3274 4203 3512 4277 λυπηρά.
3555 4206 3646 4259 Διὸ
3673 4208 3744 4280 δὴ

2156 4279 2461 4348 παρακαλῶ
2489 4280 2673 4334 λοιπὸν
2715 4283 3138 4354 ἀφυπνισθῆναι,
3172 4287 3266 4340 καὶ
3303 4287 3441 4357 πρὸς
3469 4289 3559 4342 τὸν
3587 4279 3746 4360 ἥλιον

2156 4361 2254 4429 τῆς
2281 4360 2626 4433 δικαιοσύνης
2648 4363 2878 4418 ἀπιδεῖν.
2917 4367 3106 4430 Οὐδεὶς
3147 4367 3256 4440 γὰρ
3284 4369 3558 4424 καθεύδων
3587 4373 3745 4443 ἥλιον

2160 4443 2288 4527 ίδεῖν
2318 4444 2561 4510 δύναται,
2592 4447 2713 4506 οὐδὲ
2741 4447 3008 4518 εὐφρᾶναι
3036 4449 3136 4514 τὰς
3158 4451 3308 4520 ὄψεις
3334 4451 3410 4523 τῷ
3437 4454 3621 4508 κάλλει
3639 4457 3743 4527 τῆς

2155 4526 2394 4591 ἀκτῖνος·
2417 4529 2533 4582 ἀλλ’
2565 4529 2710 4605 ἆπερ
2738 4529 2804 4584 ἂν
2837 4531 2942 4610 ἴδῃ,
2977 4533 3153 4586 πάντα
3191 4534 3266 4599 ὡς
3299 4536 3356 4590 ἐν
3400 4537 3593 4610 ὀνείρῳ
3617 4526 3746 4610 βλέ-

2158 4628 2268 4664 πει.
2301 4611 2401 4666 Διά
2452 4611 2611 4666 τοῦτο
2644 4613 2844 4685 πολλῆς
2876 4617 3009 4686 ήμῖν
3035 4616 3117 4669 δεῖ
3163 4619 3262 4688 τῆς
3301 4620 3744 4694 ἐξομολογήσεως

2156 4695 2253 4749 καὶ
2285 4697 2497 4750 πολλῶν
2522 4697 2629 4750 τῶν
2657 4698 2928 4769 δακρύων,
2961 4701 3056 4753 καὶ
3085 4701 3166 4754 ὅτι
3193 4703 3512 4775 ἀναλγήτως
3539 4707 3746 4760 διακεί-

2159 4782 2301 4853 μεθα
2327 4783 2796 4854 πλημμελοῦντες,
2821 4786 2914 4839 καὶ
2926 4787 3008 4840 ὅτι
3040 4788 3251 4858 μεγάλα
3272 4790 3338 4844 τά
3365 4792 3746 4864 ἁμαρτήματα

2157 4865 2250 4918 καὶ
2273 4865 2602 4937 συγγνώμης
2652 4867 2894 4938 μείζονα.
2927 4871 3035 4921 Καὶ
3068 4871 3152 4924 ὅτι
3185 4872 3245 4924 οὐ
3275 4872 3560 4944 ψεύδομαι,
3595 4878 3746 4947 μάρ-

2155 4964 2320 5018 τυρες
2341 4950 2391 5001 οί
2422 4948 2638 5012 πλείους
2683 4949 2792 5003 τῶν
2839 4951 3164 5008 ἀκουόντων.
3215 4955 3354 5008 Ἀλλ’
3383 4957 3533 5027 ὅμως
3573 4961 3621 5012 εί
3646 4961 3747 5014 καὶ

2159 5030 2488 5102 συγγνώμης
2540 5031 2783 5102 μείζονα,
2835 5038 3277 5107 μετανοήσωμεν,
3312 5041 3407 5094 καὶ
3457 5044 3745 5111 στεφάνων

2156 5114 2596 5200 ἀπολαυσόμεθα.
2635 5117 2940 5200 Μετάνοιαν
2971 5119 3028 5171 δὲ
3071 5119 3234 5188 λέγω,
3265 5124 3327 5176 οὐ
3361 5125 3420 5177 :6
3449 5125 3558 5179 τῶν
3600 5143 3746 5200 προ-

2157 5197 2332 5267 τέρων
2359 5199 2662 5268 ἀποστῆναι
2682 5199 2868 5253 κακῶν
2896 5201 3076 5270 μόνον,
3099 5203 3233 5258 ἀλλά
3248 5207 3342 5259 xal
3366 5208 3426 5260 :6
3451 5197 3674 5280 μείζονα
3694 5212 3746 5243 ⁸³

2157 5280 2526 5347 ἐπιδείξασθαι
2576 5282 2736 5336 καλά.
2785 5283 3085 5348 Ποιήσατε
3116 5287 3246 5358 γὰρ,
3280 5292 3432 5357 φησὶ,
3471 5294 3748 5361 καρποὺς

2157 5363 2368 5428 ἀξίους
2420 5363 2531 5432 τῆς
2551 5366 2898 5434 μετανοίας.
2933 5366 3058 5431 Πῶς
3092 5368 3148 5421 δὲ
3174 5373 3504 5444 ποιήσομεν;
3547 5377 3644 5428 Ἂν
3672 5377 3747 5432 τά

2161 5447 2379 5501 ἐναντία
2413 5449 2763 5518 πράττωμεν·
2804 5445 2916 5504 οἷόν
2939 5467 2991 5502 τι
3015 5451 3175 5520 λέγω·
3197 5455 3454 5527 ἥρπασας
3477 5459 3546 5512 :6
3581 5461 3746 5514 ἀλλό-

2158 5546 2321 5602 τρια;
2353 5530 2452 5593 Δὸς
2483 5531 2577 5584 καὶ
2597 5531 2666 5583 :6
2696 5531 2764 5585 σά
2793 5531 2996 5586 λοιπόν.
3039 5535 3212 5591 Πολὺν
3236 5539 3565 5610 ἐπόρνευσας
3589 5543 3741 5618 [14η

547 5666 592 5699 ³⁹
654 5664 760 5738 τοι]
889 5665 982 5748 καί
1025 5664 1092 5720 Α.
1124 5665 1190 5750 Βἱ
1219 5665 1346 5752 περί
1391 5681 1504 5749 om:
1544 5664 1680 5722 Edd.
1767 5667 1812 5699 ⁸ο
1840 5668 2176 5742 ἀναγκαίων]
2223 5670 2479 5725 τοιούτων
2521 5672 2587 5726 Α.
2631 5673 2691 5730 Β.
2763 5675 2808 5707 ⁸⁸
2833 5676 2927 5758 :61
2954 5678 3015 5731 :6
3051 5679 3143 5732 :6v
3185 5679 3250 5733 Ι).
3341 5681 3386 5714 ⁸¹
3419 5682 3742 5758 ἀπολογίαν]

547 5665 881 5788 ψ’ὐιιεῖεῆἀῖ.
919 5735 1018 5788 Im.
1097 5735 1144 5766 ⁸³
1173 5737 1417 5788 ἐνέλιπεν
1455 5735 1592 5788 Ειίιι.
1664 5737 1710 5768 ⁸⁸
1733 5739 1847 5788 καί]
1875 5739 1944 5788 τὰ
1965 5741 2108 5788 κατά
2133 5745 2196 5788 Α.
2232 5740 2292 5788 Β-
2322 5743 2421 5788 τὰς
2448 5743 2588 5788 κατά
2615 5743 2677 5788 C-
2757 5745 2802 5778 ιδ
2836 5746 3014 5788 τηιιτηῖ
3044 5748 3212 5788 «nam
3246 5750 3357 5788 mm
3443 5753 3490 5787 ιε
3510 5755 3742 5788 Ανυηηι-

742 5735 791 5800 ῖς
821 5735 881 5788 Β.
919 5735 1018 5805 Ep.
1097 5735 1144 5766 ⁸³
1173 5735 1417 5818 ἐνέλιπεν
1455 5735 1592 5791 Edd.
1664 5737 1710 5768 ⁸⁸
1733 5739 1847 5809 καί]
1875 5739 1944 5792 :6
1957 5735 2108 5794 κατά
2133 5735 2196 5794 Ᾱ.
2231 5740 2292 5795 Β.
2322 5743 2421 5804 τὰς
2448 5743 2588 5796 κατά
2615 5743 2677 5798 C.
2757 5745 2802 5778 ⁸⁸
2836 5735 3014 5819 τοῦτο]
3044 5748 3216 5802 ταῦτα
3244 5750 3380 5806 Edd.
3427 5735 3490 5787 7“

742 5807 805 5879 Ιιί.
833 5799 984 5879 οῦτοι
1016 5804 1076 5860 Ε.
1153 5808 1196 5879 ⁸’ξ
1228 5808 1510 5879 ΗΘΙᾉΟΝ.
1545 5807 1664 5860 Ὀτι
1707 5811 1964 5878 μετάνοιά
1998 5814 2115 5864 ἐστι
2148 5810 2209 5862 :6
2238 5810 2306 5863 :6
2337 5813 2555 5865 ἐναντία
2587 5813 2810 5879 πρᾶξαι,
2852 5810 2928 5870 ὧν
2955 5835 3038 5879 τις
3067 5819 3300 5879 ἥμαρτε·
3343 5823 3439 5877 καὶ
3481 5825 3611 5879 περὶ
3643 5827 3743 5879 τῆς

1468 5826 1509 5858 ι.
1569 5826 1664 5860 υτι
1707 5826 1964 5878 μετανοια
1998 5826 2050 5864 επ

1468 5876 1976 5963 ⁸⁸Δσυνεσταλμένρν
2018 5881 2050 5934 Ε

2152 5826 2209 5862 το
2238 5826 2306 5863 τα
2337 5827 2555 5865 εναντια
2587 5826 2810 5885 πρᾶξαι,
2852 5826 2928 5870 ων
2955 5835 3038 5881 τις
3067 5826 3300 5905 ἥμαρτε·
3343 5826 3439 5877 καὶ
3481 5826 3611 5895 περὶ
3643 5827 3743 5891 τῆς

2152 5923 2160 5963 ζ
2193 5880 2310 5963 Μοξ
2347 5883 2376 5934 6
2409 5887 2920 5963 αηιεικαιρόςώοιιι.
3059 5889 3122 5963 Β.
3297 5892 3342 5925 ⁸³
3372 5896 3470 5962 τὴν
3513 5897 3649 5963 μετὰ
3684 5896 3744 5949 :6

481 5950 761 6030 βάπτισμα
794 5945 1030 6030 κη).ῖδα]Λ
1049 5947 1148 6030 Sig
1187 5945 1283 6030 Α..
1501 5947 1675 6030 ᾼξςιιὶ.Δ
1702 5945 1862 6030 v1!ng
1907 5953 1987 6030 ἐν.
2011 5968 2050 6029 τι

2152 5953 2467 6030 ίαπτίσματι
2503 5953 2601 6030 τάς
2649 5945 2894 6030 κηλῖδας.
2954 5960 3011 6030 Ϋ⁵Ϋ⁰
3040 5959 3173 6030 τοῖς]
3221 5965 3355 6016 πᾶσι

481 6018 523 6047 οι
559 6015 729 6088 νυκτί]
763 6016 886 6070 add.
936 6015 1072 6086 μέθῃ
1110 6017 1172 6070 C.
1219 6018 1341 6072 add.
1373 6019 1438 6086 τῇ
1474 6017 1609 6088 μέθῃ
1649 6023 1711 6074 Α.
1754 6015 2050 6079 ΒῖίΙΙγὶιὶδζ

2152 6038 2286 6092 :rpp.
2339 6015 2408 6052 ’δ’
2434 6015 2677 6096 μείζονα]
2701 6015 2918 6096 ἄμεινον
2949 6029 3082 6084 Mor.
3122 6015 3256 6093 B’cu.
