4056 6360
175 423 269 480 189

161 540 331 593 adhuc
374 536 543 592 veteri
583 535 791 591 vivendi
836 548 1050 603 genere.
1095 531 1238 587 Talis
1273 531 1452 600 utique
1480 529 1742 584 estfortis

161 632 390 700 vigilque
433 632 644 684 animus
688 646 703 683 :
755 645 875 682 nam
927 628 1124 695 ubique
1171 626 1397 694 prosilit,
1441 625 1746 694 positasque

161 734 326 777 metas
358 720 715 777 transcurrit?
759 719 1207 790 quemadmodum
1239 729 1289 772 et
1314 718 1507 771 Paulus
1538 717 1589 769 iu
1616 716 1745 769 Νυνὶ

159 814 489 868 Testamenti
533 812 904 867 observatione
935 810 1179 865 faciebat.
1229 809 1331 863 Sed
1373 824 1488 872 cur,
1518 808 1745 877 inquies,

158 922 274 959 cum
302 906 630 960 vestimento
653 906 811 959 etiam
838 918 969 957 zona
1001 903 1277 957 utebatur?
1308 900 1363 955 ld
1387 902 1436 953 in
1467 917 1614 954 more
1634 909 1750 954 erat

160 997 293 1067 apud
334 1008 569 1063 veteres,
616 997 923 1065 priusquam
955 994 1115 1049 molle
1156 995 1257 1048 hoc
1295 1004 1348 1048 et
1377 991 1623 1059 diffluens
1654 1008 1747 1047 ve-

160 1090 397 1143 stimenti
430 1104 596 1158 genus
626 1087 982 1142 induceretur.
1026 1086 1116 1141 Sic
1158 1086 1335 1155 itaque
1372 1094 1425 1138 et
1466 1084 1652 1139 Petrus
1697 1093 1751 1139 et

164 1179 356 1236 Paulus
389 1180 551 1233 cincti
581 1180 959 1233 inveniuntur:
990 1192 1136 1243 nam,
1169 1175 1361 1242 Virum,
1387 1177 1574 1245 inquit,
1603 1175 1750 1244 cujus

165 1275 264 1325 lure
289 1288 427 1325 zona
452 1280 525 1325 est
569 1271 700 1339 (Act.
735 1269 824 1324 21.
857 1269 971 1338 11).
1023 1268 1165 1322 Elias
1189 1283 1400 1338 quoque
1428 1268 1505 1321 sic
1531 1267 1751 1321 vestitus

165 1372 295 1428 erat,
342 1363 428 1417 sic
464 1373 770 1415 sanctorum
816 1359 1027 1430 singuli,
1060 1357 1202 1428 quod
1237 1359 1347 1412 sive
1374 1358 1425 1412 in
1452 1357 1562 1428 jugi
1589 1372 1751 1428 opere

166 1463 528 1517 versarentur,
578 1451 691 1505 sive
734 1451 835 1505 iter
880 1458 1118 1520 agerent,
1167 1448 1279 1503 sive
1313 1448 1472 1502 aliam
1511 1448 1753 1517 quamvis

166 1561 275 1600 rem
322 1544 681 1599 necessariam
724 1557 843 1596 cum
890 1542 1071 1596 labore
1107 1550 1394 1606 curarent;
1444 1555 1542 1594 nec
1582 1554 1644 1593 ea
1686 1538 1755 1593 de

166 1651 325 1692 causa
376 1644 608 1701 tantum,
645 1635 739 1690 sed
765 1634 906 1705 quod
936 1634 1095 1688 etiam
1126 1645 1375 1687 ornatum
1403 1649 1616 1688 omnem
1646 1633 1754 1687 cal-

167 1736 387 1795 carent,
435 1739 489 1784 et
536 1737 763 1783 austera:
816 1727 936 1781 vitae
987 1725 1176 1781 rationi
1222 1726 1501 1782 studerent
1548 1744 1561 1780 :
1614 1726 1754 1797 quod

170 1821 338 1890 ipsum
370 1835 626 1888 magnum
674 1820 886 1873 virtutis
924 1818 1225 1873 encomium
1254 1833 1375 1873 esse
1403 1818 1647 1872 Christus
1670 1818 1755 1872 di-

169 1916 235 1968 cit
258 1914 345 1968 his
369 1913 553 1968 verbis
588 1931 601 1967 :
633 1912 766 1978 Quid
791 1912 959 1967 existis
987 1912 1153 1965 videre
1170 1911 1196 1964 ?
1235 1911 1485 1965 hominem
1523 1910 1757 1965 mollibus

170 2007 399 2060 vestitum
419 2007 444 2059 ?
475 2004 603 2058 Ecce
632 2006 716 2073 qui
748 2005 977 2059 mollibus
998 2004 1292 2071 vestiuntur,
1342 2004 1395 2058 in
1419 2004 1651 2058 domibus
1676 2020 1756 2058 re-

169 2115 283 2169 gem
307 2108 430 2152 sunt
458 2096 617 2169 (Luc.
656 2097 710 2150 7.
741 2095 869 2167 95).

236 2190 290 2245 5.
315 2190 370 2245 Si
394 2205 560 2259 porro
590 2189 679 2244 ille
706 2190 777 2243 ita
808 2203 991 2258 purus,
1023 2198 1078 2243 et
1105 2187 1239 2243 carlo
1260 2187 1375 2257 ipso
1404 2186 1754 2259 Splendidior,

169 2283 447 2353 prophetis
476 2281 724 2336 omnibus
752 2281 981 2352 dignior,
1001 2295 1108 2350 quo
1135 2279 1306 2349 major
1333 2278 1435 2334 fuit
1460 2294 1638 2346 nemo,
1666 2280 1758 2348 qui

173 2384 369 2428 tantam
417 2373 601 2429 habuit
639 2372 904 2438 fiduciam,
945 2380 1052 2427 tam
1096 2387 1283 2442 aspere
1316 2372 1467 2438 vixit,
1514 2371 1759 2426 diflluen-

172 2478 275 2527 tem
321 2468 653 2537 voluptatem
697 2476 975 2536 tantOpere
1024 2465 1360 2535 despiciens,
1421 2473 1526 2518 tam
1568 2464 1756 2518 duram

171 2574 333 2630 agens
372 2560 542 2613 vitam
574 2574 591 2614 ξ
620 2574 778 2627 quam
825 2558 1224 2613 excusationem
1267 2556 1617 2622 habebimus,
1669 2555 1759 2624 qui

174 2663 290 2722 post
329 2660 481 2706 tanta
512 2650 789 2716 beneﬁcia,
841 2647 1106 2705 sexcentis
1154 2656 1491 2719 peccatorum
1536 2646 1760 2701 sarcinis

172 2744 371 2809 onusti,
425 2759 492 2798 ne
533 2742 806 2797 minimam
844 2742 1056 2811 quidem
1102 2751 1304 2810 partem
1339 2740 1664 2810 paenitentiae
1701 2740 1761 2793 il-

174 2838 273 2892 lius
297 2836 669 2902 exhibeamus,
718 2834 811 2890 sed
837 2833 1081 2890 ebrietati
1109 2845 1163 2888 et
1183 2834 1352 2887 ventri
1378 2832 1540 2887 dediti
1570 2833 1757 2897 simus,

176 2929 466 3001 unguentis
519 2928 834 2998 fragrantes,
883 2941 982 2980 nec
1009 2924 1257 2979 meliores
1284 2922 1631 2977 theatralibus
1660 2923 1762 2976 illis

175 3019 567 3084 meretricibus,
622 3018 855 3088 undique
900 3015 1139 3072 mollitiei
1179 3030 1276 3069 nos
1328 3014 1604 3081 dedentes,
1651 3014 1764 3068 dia-

175 3116 298 3170 bolo
338 3123 500 3185 captu
535 3111 714 3166 faciles
757 3126 855 3166 nos
895 3110 1269 3181 prazbeamus?
1314 3110 1363 3164 5.
1412 3107 1551 3161 Tunc
1598 3107 1764 3161 exibat

178 3205 243 3259 ad
290 3221 409 3258 eum
458 3203 621 3257 omnis
662 3201 869 3265 Judwa,
910 3210 955 3255 et
999 3199 1339 3270 Jerosolyma,
1364 3208 1409 3252 et
1434 3199 1595 3252 omnis
1626 3198 1763 3271 regio

176 3297 444 3363 Iordanis,
486 3297 539 3352 6.
573 3308 619 3351 et
653 3295 1038 3363 baptizabantur
1061 3294 1125 3347 ab
1149 3310 1205 3348 eo
1239 3294 1292 3346 in
1315 3289 1562 3357 Iordane,
1604 3293 1764 3360 conﬁ-

178 3403 335 3450 tcntes
362 3403 570 3462 peccata
594 3406 708 3444 sua.
742 3389 925 3443 Vidcu‘
945 3398 1198 3457 quantum
1232 3385 1500 3457 prophetze
1527 3400 1764 3454 prtescn-

179 3486 244 3539 tia
276 3483 482 3537 valuit?
509 3481 777 3552 quomodo
799 3491 966 3534 totum
1000 3478 1251 3549 pepulum
1284 3476 1587 3532 excitavit?
1634 3492 1766 3546 quo-

177 3576 338 3632 modo
378 3575 555 3631 effecit
599 3583 656 3629 ut
704 3584 919 3644 peccata
967 3572 1017 3626 in
1068 3572 1376 3626 memoriam
1413 3569 1765 3624 revocarent?

179 3669 309 3722 Nam
355 3666 707 3721 admiratione
757 3665 970 3734 dignum
1011 3672 1143 3727 erat,
1183 3663 1363 3717 videre
1397 3661 1546 3715 illum
1580 3663 1629 3714 in
1665 3662 1764 3715 hu-

181 3776 339 3816 mano
364 3760 548 3815 habitu
582 3759 703 3813 talia
729 3757 1089 3820 exhibentem,
1137 3764 1191 3811 et
1230 3764 1373 3809 tanta
1408 3763 1643 3809 utentem
1681 3753 1766 3807 di-

183 3851 335 3908 cendi
381 3851 645 3915 libertate,
681 3859 841 3918 atque
873 3848 1127 3902 adversus
1172 3862 1358 3901 omnes
1396 3847 1548 3916 quasi
1580 3855 1765 3901 contra

183 3959 376 4016 pueros
425 3944 813 4014 insurgentem,
862 3942 1131 4012 multaque
1174 3943 1227 3995 in
1274 3941 1422 3996 vultu
1459 3942 1625 4011 gratia
1666 3941 1767 3995 ful-

182 4047 416 4105 gentem.
469 4034 552 4090 Ad
577 4043 850 4104 stuporem
878 4031 1188 4087 conferebat
1210 4030 1352 4102 quod
1388 4040 1507 4100 post
1538 4032 1766 4086 multum

193 4129 455 4198 temporis
491 4130 744 4201 propheta
769 4134 1078 4199 appareret;
1107 4141 1230 4181 nam
1276 4124 1393 4179 haec
1418 4123 1590 4193 gratia
1620 4122 1763 4192 apud

195 4219 316 4276 illos
362 4218 649 4284 defecerat,
682 4232 736 4273 et
779 4226 899 4287 post
947 4214 1253 4269 diuturnum
1297 4220 1507 4281 tempus
1554 4226 1767 4265 reversa

194 4322 299 4368 εει.
334 4311 731 4375 Przedicationis
759 4320 934 4363 autem
964 4306 1175 4370 modus,
1211 4319 1380 4359 novus
1409 4314 1462 4357 et
1488 4303 1772 4372 singularis

196 4410 335 4455 erat.
382 4400 522 4455 Nihil
571 4402 767 4469 quippe
809 4404 1183 4451 consuetorum
1237 4394 1551 4459 audiebant;
1602 4392 1774 4446 futura

199 4507 399 4561 nempe
448 4491 587 4545 bella
616 4501 668 4544 et
698 4490 879 4558 prarlia
921 4486 1275 4553 victoriasqne
1320 4494 1581 4547 terrenas,
1612 4482 1779 4536 fames

196 4597 250 4647 et
278 4591 484 4653 pestes,
507 4579 849 4650 Babylonios,
878 4578 1087 4641 Persas,
1113 4575 1261 4628 urbis
1280 4573 1568 4636 excidium,
1592 4582 1643 4626 et
1669 4574 1771 4625 alia

197 4690 319 4741 qua:
350 4671 627 4735 solebant;
658 4670 751 4723 sed
783 4668 951 4722 rmlos
976 4676 1030 4720 et
1056 4666 1273 4720 cmleste
1302 4679 1545 4731 regnum.
1578 4664 1776 4732 gehen-

200 4782 392 4837 tneque
413 4765 756 4834 supplicium.
783 4763 1073 4828 Pr0pterea
1096 4772 1418 4828 quamquam
1446 4755 1674 4810 rebelles
1700 4753 1778 4808 illi

198 4860 288 4931 qui
338 4873 461 4912 cum
512 4856 648 4910 Juda
696 4864 750 4909 et
784 4852 1002 4906 Theuda
1047 4852 1098 4903 in
1148 4849 1362 4902 deserto
1409 4846 1641 4909 fuerant,
1674 4858 1780 4897 non

201 4938 378 5006 multo
439 4956 565 5003 ante
628 4958 868 5015 tempore
924 4943 1171 5000 trucidati
1226 4942 1467 5006 fuissent,
1518 4955 1622 4993 non
1665 4938 1786 4993 ideo

198 5042 424 5113 segnius
450 5054 516 5094 eo
544 5053 605 5093 se
642 5039 1002 5092 contulerunt.
1038 5035 1148 5088 Non
1182 5034 1321 5088 enim
1355 5032 1419 5085 ad
1454 5031 1669 5085 easdem
1701 5043 1787 5083 res

203 5130 595 5203 perpetrandas
633 5129 779 5203 ipsos
830 5126 1175 5187 convocabat,
1203 5122 1269 5177 ad
1320 5121 1652 5192 tyrannidem
1683 5119 1788 5173 sci-

201 5227 359 5287 licet,
387 5223 454 5276 ad
498 5202 875 5281 defectionem,
899 5218 966 5271 ad
1020 5232 1108 5271 res
1154 5215 1453 5277 novandas;
1486 5213 1576 5267 sed
1617 5221 1675 5265 ut
1718 5210 1786 5264 ad

202 5329 502 5384 supernum
533 5327 756 5382 regnum
802 5311 1108 5363 deduceret.
1142 5307 1371 5374 [deoque
1411 5318 1518 5357 non
1563 5303 1790 5357 detinuit

204 5427 396 5468 secum
426 5410 480 5463 in
523 5409 756 5473 deserto,
791 5420 961 5473 neque
1011 5401 1383 5465 circumduxit,
1417 5398 1509 5452 sed
1558 5397 1730 5464 haptiz
1764 5425 1791 5435 -

208 5516 293 5558 tos
337 5511 393 5555 et
431 5497 781 5567 philosophia:
823 5494 1165 5549 sermonibus
1213 5492 1500 5543 instructos
1548 5485 1789 5540 dimisit:

208 5611 310 5665 per
361 5592 539 5646 omnia
585 5591 783 5643 docens
835 5596 1047 5640 terrena
1086 5584 1382 5650 despicere,
1411 5588 1466 5635 et
1503 5576 1569 5632 ad
1614 5576 1788 5630 futura

209 5684 464 5749 tendere,
486 5698 548 5737 ac
580 5680 816 5752 quotidie
836 5694 954 5733 sese
977 5678 1265 5732 concitare.
1298 5674 1449 5729 Hunc
1472 5681 1525 5727 et
1554 5684 1651 5724 nos
1674 5669 1793 5722 imi-

214 5796 423 5857 temur,
459 5796 522 5835 ac
569 5779 702 5844 cibis
750 5776 1118 5842 ebrietateque
1168 5770 1424 5834 dimissis,
1476 5766 1542 5822 ad
1592 5774 1793 5817 arctam

212 5881 384 5937 utam
430 5886 532 5928 nos
584 5869 986 5928 transferamus.
1017 5866 1145 5921 Nam
1193 5861 1544 5920 confessionis
1588 5868 1795 5927 tempus

1296 418 1359 474 lN
1398 411 1808 473 ΜΑΤΤΗᾸΞΙῘΜ
1853 412 2089 471 HOMIL.
2136 416 2205 472 Χ.

3324 419 3432 475 196

1852 540 1935 587 est
1957 548 2064 586 non
2090 530 2380 587 initiatisct
2396 530 2709 601 baptizatis:
2735 529 2821 585 his
2843 531 3080 601 quidem,
3103 538 3161 584 ut
3181 542 3299 600 post
3314 547 3427 600 pa:-

1853 622 2134 676 niteutiam
2162 635 2429 691 peractam
2459 623 2525 677 ad
2552 639 2705 677 sacra
2738 624 2954 677 veniant
2982 625 3233 693 mysteria
3261 642 3275 689 ;
3312 625 3421 678 illis

1852 727 2003 776 vero,
2026 713 2295 768 utablutis
2312 730 2445 783 quas
2468 724 2587 783 post
2618 715 2942 782 baptismum
2972 725 3291 769 contraxere
3314 732 3429 768 ma-a

1852 805 2010 870 culis,
2027 820 2159 872 pura
2179 808 2504 861 conscientia
2524 809 2587 861 ad
2608 825 2845 863 mensam
2864 808 3421 864 acccdant.Ahsceda-

1851 912 1974 951 mus
1992 897 2231 966 igitur-ab
2248 898 2346 952 hac
2366 899 2512 953 molli
2528 900 2896 969 dissolutaque
2920 902 3044 958 vita.
3065 901 3180 957 Non
3199 914 3425 973 possunt

1849 988 2154 1053 euim,fnon
2186 1000 2413 1057 possunt
2439 990 2623 1059 utique
2657 1007 2760 1044 una
2786 993 3425 1049 subsistereconfessioct

1850 1078 2091 1135 deliciae:
2144 1090 2197 1135 et
2226 1086 2339 1136 haec
2363 1097 2455 1136 vos
2480 1082 2670 1137 doceat
2698 1083 2933 1139 Joannes
2964 1102 2992 1138 a
3026 1090 3364 1148 vestimento.
3392 1107 3421 1141 a

1854 1170 1995 1232 cibo,
2049 1186 2076 1222 a
2122 1170 2303 1226 domo.
2360 1174 2495 1240 Quid
2534 1176 2731 1246 igitur?
2788 1179 3034 1249 inquies:
3069 1181 3210 1235 itane
3235 1192 3441 1237 arctam

1851 1258 2007 1329 jubes
2038 1276 2135 1314 nos
2178 1262 2375 1318 ducere
2403 1265 2603 1320 vitam?
2646 1266 2759 1321 Non
2800 1269 2981 1338 jubeo,
3025 1271 3119 1326 sed
3160 1274 3359 1328 suadeo
3388 1283 3442 1330 et

1859 1350 2064 1406 hortor.
2097 1352 2247 1421 Quod
2274 1356 2318 1409 si
2352 1356 2404 1410 id
2436 1357 2739 1413 facerenon
2772 1362 3010 1429 potestis,
3055 1363 3239 1419 saltem
3282 1365 3334 1418 itt
3366 1368 3443 1421 ci-

1859 1444 2110 1499 vitatibus
2153 1446 2407 1517 drgeutes
2469 1451 2834 1518 paenitentiam
2893 1454 3272 1520 cxhibeamus;
3320 1472 3443 1511 nam

1853 1534 2111 1605 judicium
2138 1549 2219 1593 est
2252 1540 2303 1593 in
2328 1541 2505 1609 januis
2539 1560 2551 1595 :
2597 1544 2805 1599 etiamsi
2834 1561 2960 1600 vero
2998 1550 3249 1602 remotius
3278 1562 3442 1612 esset,

1861 1646 1926 1683 ne
1955 1632 2033 1684 sic
2070 1632 2283 1701 quidem
2337 1636 2577 1689 securius
2613 1653 2770 1706 agere
2814 1649 3105 1708 oporteret.
3147 1641 3277 1695 Nam
3326 1643 3447 1696 tinis

1861 1724 1981 1777 vita:
2012 1725 2338 1794 singulorum
2367 1728 2609 1783 eamdem
2642 1732 2744 1784 vim
2774 1747 2897 1802 erga
2938 1750 3201 1804 quemque
3256 1736 3445 1801 habet,

1860 1832 2019 1885 quam
2048 1820 2438 1871 consummatio
2465 1823 2667 1874 szcculi.
2697 1823 2849 1889 Quod
2873 1833 3048 1878 autem
3082 1827 3131 1878 in
3160 1827 3336 1895 janu's
3358 1828 3446 1891 sit,

1859 1910 1979 1964 audi
2018 1912 2235 1964 Paulum
2286 1912 2553 1967 dit-cutem
2586 1932 2598 1967 :
2633 1915 2753 1969 No.1:
2796 1920 3067 1984 prwcessit,
3117 1920 3222 1973 dies
3283 1932 3446 1972 autem

1860 2006 2319 2075 approquinquavit
2354 2007 2527 2076 (Rom.
2582 2008 2667 2062 15.
2710 2009 2795 2076 1⁸2)
2831 2028 2843 2065 :
2876 2026 2939 2064 ac
2966 2028 3167 2074 rursus,
3199 2013 3301 2079 Qui
3333 2031 3427 2066 ven

1862 2106 2004 2150 turus
2038 2109 2130 2162 est,
2176 2100 2332 2153 veniet
2357 2142 2371 2165 ,
2410 2112 2454 2152 ιιι
2486 2118 2583 2154 non
2615 2102 2830 2156 tardabit
2871 2103 3024 2173 (Ilrb.
3064 2106 3144 2159 10.
3165 2108 3279 2175 57).
3323 2109 3448 2163 Etc-

1863 2189 1973 2243 nim
2025 2190 2172 2259 signa
2197 2191 2304 2260 jam
2342 2192 2557 2260 impleta
2597 2205 2721 2248 sunt
2748 2212 2810 2249 ea
2838 2211 2954 2265 qua:
2985 2196 3123 2250 diem
3153 2199 3293 2252 illam
3324 2216 3444 2254 evo-

1862 2289 2003 2335 cant.
2038 2281 2167 2335 Nam
2210 2283 2285 2336 ait
2317 2301 2329 2336 :
2363 2283 2729 2339 l’rwdicabitur
2772 2288 2865 2340 hoc
2895 2290 3205 2359 evangelium
3231 2294 3369 2361 regni
3398 2294 3451 2347 in

1863 2372 2095 2426 universo
2137 2374 2326 2427 mundo
2361 2377 2413 2427 in
2446 2377 2781 2429 testimonium
2829 2380 3055 2433 omnibus
3094 2382 3320 2451 gentibus
3354 2398 3371 2436 :
3404 2392 3451 2439 et

1863 2470 1979 2516 tunc
2031 2464 2191 2517 veniet
2234 2468 2596 2519 consummatio
2629 2467 2839 2539 (Matth.
2871 2468 2961 2524 21.
2989 2471 3098 2541 14).

1935 2556 1987 2611 6.
2022 2556 2339 2609 Audiendum
2371 2560 2611 2625 fervorem
2639 2562 2879 2627 stimutat,
2908 2580 3021 2615 cum
3052 2566 3301 2632 terrendo,
3348 2576 3452 2620 tum

1866 2647 2199 2701 exhortando.
2229 2679 2297 2687 —-
2334 2650 2493 2703 Dictis
2518 2652 2799 2720 diligenter
2828 2655 3103 2708 attendite.
3136 2656 3251 2710 Non
3283 2657 3451 2723 dixit,

1865 2740 1995 2793 Cutn
2035 2742 2295 2795 creditum
2339 2742 2495 2796 fuerit
2534 2745 2600 2797 ab
2646 2745 2930 2811 omnibus;
2968 2748 3085 2811 sed,
3132 2749 3267 2803 Cum
3300 2754 3452 2806 fuerit

1865 2832 2002 2900 apud
2030 2848 2217 2887 omnes
2249 2835 2611 2902 prardicatum.
2652 2836 2938 2907 Propterea
2968 2839 3203 2906 dicebat,
3227 2841 3289 2895 In
3321 2845 3455 2898 testi~

1867 2925 2089 2977 monium
2116 2926 2362 2993 gentibus,
2395 2926 2745 2983 declaransse
2776 2946 2879 2983 non
2898 2942 3325 3000 exspectaturum
3354 2934 3454 2988 do-

1870 3032 1966 3071 nec
1995 3032 2181 3071 oumes
2224 3019 2464 3086 credant,
2492 3030 2549 3073 ttt
2577 3032 2761 3089 postea
2790 3023 2985 3078 veniat.
3021 3024 3152 3079 Illud
3180 3027 3344 3092 enim,
3388 3027 3455 3082 In

1868 3110 2197 3161 testimonium
2219 3151 2232 3173 ,
2265 3110 2366 3164 hoc
2392 3122 2493 3173 est,
2527 3113 2579 3165 in
2620 3114 3036 3179 accusationem,
3081 3118 3133 3169 in
3160 3119 3456 3173 convictio-

1869 3217 2011 3263 nem,
2043 3203 2092 3254 in
2122 3202 2622 3257 condemnationem
2647 3220 2830 3258 eorum
2858 3207 2945 3274 qui
2976 3222 3081 3260 non
3113 3208 3454 3263 crediderint.

1869 3297 1937 3348 At
1982 3309 2099 3361 nos,
2142 3296 2231 3363 qui
2273 3296 2385 3350 haec
2423 3295 2666 3350 audimus
2709 3307 2763 3350 ct
2793 3297 3053 3362 videmus,
3083 3300 3454 3369 dormitatuus,

1869 3388 2317 3457 somniamusque,
2346 3396 2399 3442 et
2418 3389 2565 3457 quasi
2593 3387 2643 3441 in
2671 3389 3077 3458 prol‘uudissinta
3107 3401 3260 3446 nocte
3286 3394 3457 3447 ebrie-

1870 3488 1977 3533 tate
2025 3495 2325 3548 gravantur.
2382 3479 2590 3533 Etenim
2645 3496 2731 3535 res
2782 3492 3073 3549 praesentes
3126 3485 3290 3538 nihilo
3332 3495 3457 3540 sunt

1869 3570 2091 3625 Somniis
2118 3571 2394 3635 meliores,
2425 3571 2537 3625 sive
2572 3571 2672 3625 illa:
2701 3571 2853 3626 bona:
2892 3573 3003 3629 sive
3050 3575 3285 3629 molestte
3326 3577 3450 3630 sint.

1870 3662 2180 3731 PrOpterca,
2210 3663 2455 3729 obsecro,
2485 3663 2593 3733 jam
2618 3667 3079 3735 expergiscamiui,
3114 3679 3168 3722 et
3188 3669 3251 3722 ad
3276 3670 3455 3725 Solent

1865 3752 2083 3822 justitia:
2111 3755 2422 3823 reSpieiatis.
2450 3754 2619 3810 Nemo
2647 3757 2841 3825 quippe
2863 3756 3131 3814 dormiens
3161 3760 3328 3815 solem
3362 3780 3458 3831 po-

1872 3851 1976 3898 test
2002 3843 2202 3912 videre,
2250 3860 2421 3915 neque
2452 3846 2843 3915 pulchritudine
2885 3848 3153 3904 radiorum
3185 3852 3300 3920 ejus
3325 3868 3453 3908 ocu-

1872 3937 1952 3991 los
1981 3936 2283 4001 delectare;
2314 3939 2406 3994 sed
2435 3940 2479 3992 si
2512 3955 2611 4010 qua
2640 3940 2800 4007 videt,
2830 3942 2983 4011 quasi
3015 3943 3066 3997 in
3096 3945 3306 3998 somnio
3338 3964 3462 3999 om—

1873 4030 1958 4083 nia
2002 4028 2164 4086 videt.
2212 4030 2337 4085 ideo
2376 4031 2539 4085 multa
2594 4031 2746 4087 nobis
2790 4048 2928 4103 opus
2974 4043 3057 4089 est
3091 4035 3462 4108 confessione,

1866 4126 2046 4182 multis
2074 4127 2341 4199 lacrymis,
2377 4138 2489 4184 tum
2531 4129 2651 4197 quia
2696 4129 2815 4186 sine
2857 4125 2970 4185 ullo
3005 4147 3166 4190 sensu
3198 4134 3447 4203 jacemus

1874 4218 2012 4271 mala
2043 4229 2438 4286 perpetrantes;
2473 4230 2579 4272 tum
2611 4222 2732 4289 quia
2777 4235 2966 4291 magna
2992 4231 3118 4276 sunt
3145 4236 3359 4291 peccata
3390 4239 3446 4283 et

1873 4310 2025 4361 venia
2073 4309 2309 4379 indigna.
2347 4309 2496 4375 Quod
2540 4324 2666 4364 vero
2697 4325 2801 4364 non
2848 4312 3098 4375 mentiar,
3129 4324 3290 4369 testes
3321 4325 3449 4371 sunt

1876 4398 2093 4468 plurimi
2125 4415 2186 4453 ex
2218 4401 2589 4467 praiscntihus.
2628 4403 2871 4456 Attamen
2895 4402 3019 4456 licet
3048 4404 3196 4455 venia
3228 4402 3446 4473 indigna

1880 4503 1905 4540 s
1930 4496 2007 4550 nt,
2040 4492 2407 4557 pmnitentiam
2453 4506 2695 4560 agamus,
2724 4502 2778 4544 et
2806 4494 3018 4546 coronis
3046 4493 3303 4547 frurmur.
3338 4496 3457 4550 Pce-

1881 4582 2156 4635 nitentiam
2188 4594 2363 4636 autem
2397 4599 2549 4647 voco,
2570 4600 2673 4637 non
2702 4600 2727 4636 a
2758 4584 3021 4653 prioribus
3045 4586 3313 4640 abstinere
3342 4604 3454 4639 ma-

1895 4678 1961 4732 lis
1990 4684 2221 4741 tantum,
2247 4673 2340 4728 sed
2374 4674 2535 4727 etiam
2570 4671 2774 4741 majora
2830 4671 2971 4725 bona
3022 4672 3232 4738 eperari
3261 4689 3272 4725 :
3339 4686 3462 4723 nam

1896 4771 1970 4823 ait
1996 4764 2050 4819 8.
2098 4766 2285 4820 Facite
2339 4766 2544 4835 fructus
2591 4758 3129 4832 dignospanitentiar.
3176 4762 3475 4831 Quomodo-

1882 4850 2178 4905 faciemus?
2208 4850 2265 4906 Si
2314 4850 2577 4904 contraria
2628 4850 2884 4903 faciamus
2925 4867 2938 4903 :
2981 4852 3213 4919 exempli
3262 4865 3465 4907 causa:

1888 4944 2112 5010 rapuisti
2137 4942 2344 4997 aliena?
2371 4941 2488 4996 Jam
2516 4950 2600 4995 tua
2633 4941 2843 5009 largire.
2878 4941 3060 5011 Longo
3085 4949 3325 5008 tempore
3352 4941 3465 4995 for-

1890 5036 2099 5088 nicatus
2143 5033 2241 5087 es?
2272 5035 2352 5087 Ab
2402 5047 2569 5086 uxore
2609 5031 2820 5086 abstine
2866 5032 3017 5085 statis
3063 5031 3467 5096 diebus,conti-

1889 5126 2123 5178 nentiam
2152 5138 2363 5177 exerce.
2407 5122 2795 5176 Contumeliam
2842 5122 3090 5184 intulisti,
3125 5123 3203 5176 vel
3237 5134 3462 5191 praeter-

1887 5229 2075 5272 euntes
2118 5215 2464 5283 percussisti?
2492 5213 2881 5269 Contumeliam
2936 5213 3280 5267 inferentibus
3306 5214 3466 5267 deiu-

1892 5322 2018 5373 Ct‘pS
2049 5304 2294 5368 benedic,
2319 5314 2374 5359 et
2420 5303 2835 5372 percutientibus
2867 5314 2917 5357 te
2947 5302 3205 5357 beneficia
3249 5302 3458 5356 confer.

1895 5398 2077 5465 Neque
2105 5396 2244 5449 enim
2274 5398 2402 5449 satis
2428 5404 2511 5449 est
2537 5394 2601 5448 ad
2634 5394 2934 5454 sanitatem,
2962 5392 3004 5447 si
3030 5392 3192 5445 telum
3220 5392 3473 5445 extraha-

1897 5504 2043 5549 mus;
2070 5489 2161 5540 sed
2188 5486 2391 5539 vulneri
2415 5487 2571 5539 etiam
2598 5483 2826 5537 remedia
2851 5482 3171 5535 adhibenda.
3198 5482 3472 5535 Couviv.is

1891 5583 1944 5628 et
1972 5572 2215 5627 ebrietati
2255 5588 2469 5641 Operam
2502 5571 2693 5625 dedisti
2724 5570 2988 5625 antehac?
3017 5570 3201 5637 Jejuua
3231 5580 3282 5622 ct
3320 5584 3473 5637 aqua:

1854 5688 1869 5697 ··
1893 5676 2075 5736 potum
2100 5664 2310 5718 adhibe.
2340 5662 2567 5718 Attende
2594 5671 2650 5715 ttt
2680 5662 2800 5717 inde
2817 5672 2986 5717 ortam
3012 5660 3299 5731 perniciem
3327 5675 3477 5713 amo-

1892 5776 2036 5814 veas.
2070 5759 2256 5813 Vidisti
2302 5756 2585 5827 impudicis
2622 5756 2790 5810 oculis
2838 5756 3064 5809 alienam
3115 5753 3372 5807 formam?
3404 5754 3478 5809 Ne

1893 5853 2171 5910 mulierem
2214 5851 2427 5925 quidem
2473 5852 2633 5907 ullam
2681 5851 2735 5905 in
2784 5862 3053 5921 posterum
3100 5851 3371 5920 respicias,
3423 5863 3476 5903 ut
