4050 6364
548 381 644 439 191

562 497 733 567 magis
772 502 885 550 tuto
912 490 1164 548 verseris.
1210 488 1439 552 Declina,
1490 486 1680 557 inquit,
1721 500 1755 537 a
1796 483 1952 545 malo,
1992 490 2040 535 et
2069 481 2153 551 [ac

560 591 749 643 bonum
781 586 953 658 (Psal.
984 586 1075 640 56.
1105 584 1232 655 27);
1276 596 1339 637 ac
1378 595 1590 635 rursum
1621 596 1635 632 :
1668 568 1891 633 Prohibe
1924 576 2150 645 lingua".

558 690 699 734 suam
743 695 775 732 a
802 678 959 741 nialo,
990 674 1188 730 etlabia
1226 683 1316 727 tua
1353 689 1415 726 ne
1443 671 1714 742 loquantur
1755 668 1928 722 dolum
1973 664 2148 735 (Psal.

559 770 650 826 '53.
681 766 793 841 14).
825 766 929 824 Sed
957 768 1153 821 bonum
1184 777 1395 834 quoque
1424 761 1585 816 dicito
1613 759 1741 814 mihi
1776 776 1789 813 :
1821 755 2031 827 Inquire
2060 774 2153 826 pa-

563 880 689 930 cem,
730 870 777 916 et
820 875 1111 932 persequere
1151 874 1261 911 eam
1291 854 1450 929 (Ibid.
1482 870 1530 908 ν.
1560 852 1684 921 15);
1713 867 1820 905 non
1868 866 1985 905 eam
2031 864 2150 918 qua:

562 970 683 1010 cum
714 953 1019 1009 hominibus
1045 959 1271 1014 tantum,
1304 946 1396 1002 sed
1421 961 1541 1001 eam
1561 945 1719 998 etiam
1746 957 1864 1013 qua:
1890 956 2009 996 cum
2039 940 2151 996 Deo

562 1046 807 1101 habetur.
843 1041 1073 1099 Pulchre
1114 1051 1292 1095 autem
1321 1038 1483 1102 dixit,
1518 1036 1825 1103 Persequere
1852 1049 1871 1087 :
1901 1048 2024 1088 nam
2052 1047 2149 1087 ex-

562 1136 712 1205 pulsa
740 1134 827 1189 illa
854 1142 910 1189 et
938 1131 1211 1203 proﬂigata
1240 1138 1343 1195 est,
1374 1144 1437 1183 ac
1464 1127 1650 1183 relicta
1684 1134 1845 1189 terra,
1876 1124 1929 1178 in
1958 1123 2149 1181 calum

560 1229 710 1283 abiit.
741 1225 849 1283 Sed
893 1238 1179 1296 possumus
1220 1223 1362 1277 illam
1398 1220 1675 1285 reducere,
1711 1220 1756 1275 si
1786 1220 2032 1286 velimus,
2061 1234 2151 1273 ar-

562 1320 883 1391 rogantiam,
934 1316 1236 1387 superbiam
1276 1324 1331 1371 et
1355 1315 1532 1371 omnia
1563 1313 1942 1384 impedimenta
1969 1329 2151 1368 remo-

563 1426 723 1476 vere,
758 1425 821 1465 ac
847 1423 1035 1480 puram
1064 1414 1556 1478 temperantemque
1581 1404 1774 1461 sectari
1802 1404 1984 1459 vitam.
2013 1402 2151 1458 Nihil

575 1502 718 1556 enim
744 1502 821 1556 ira
844 1501 1146 1569 ferociaque
1166 1498 1418 1554 deterius.
1443 1497 1567 1553 Haec
1592 1498 1736 1553 enim
1762 1497 1972 1553 inﬂatos
1993 1496 2152 1552 simul

560 1603 617 1648 et
644 1593 865 1649 serviles
889 1592 1094 1647 animos
1124 1590 1305 1659 efficit,
1334 1590 1460 1646 hinc
1481 1589 1753 1653 ridiculos,
1782 1590 1905 1645 inde
1934 1588 2150 1646 odiosus

565 1682 820 1747 reddens,
843 1691 897 1739 et
917 1683 1014 1737 sibi
1036 1681 1305 1737 contraria
1331 1680 1589 1736 inducens
1609 1681 1770 1747 mala,
1791 1681 2153 1751 arrogantiam

568 1788 762 1843 nempe
787 1782 841 1828 et
867 1772 1246 1828 adulationem.
1278 1770 1385 1828 Sed
1414 1772 1459 1827 si
1495 1771 1717 1828 aii‘ectus
1749 1772 2151 1828 immoderatioo

562 1880 687 1920 nem
714 1863 1106 1929 exscindamus,
1139 1872 1193 1919 et
1221 1863 1464 1919 modeste
1489 1862 1738 1929 humiles,
1770 1870 1825 1918 et
1850 1872 1961 1918 tuto
1990 1863 2154 1917 subli-

565 1969 680 2010 mes
707 1954 925 2009 erimus.
951 1952 1084 2008 Nam
1114 1953 1167 2007 in
1195 1952 1510 2023 corporibus
1536 1953 1697 2007 etiam
1727 1953 1927 2008 nostris
1963 1967 2030 2008 ex
2070 1968 2155 2008 re-

563 2046 853 2101 duudantia
895 2047 1049 2102 mala:
1089 2047 1373 2102 bumorum
1416 2045 1826 2101 commixtiones
1865 2046 2151 2101 oriuntur:

565 2142 825 2197 elementa
862 2155 1070 2211 quoque
1098 2154 1220 2194 cum
1264 2139 1510 2209 proprios
1548 2137 1651 2193 sibi
1680 2136 1936 2192 terminos
1960 2137 2155 2191 transi-

565 2232 717 2298 liunt,
749 2241 803 2287 et
832 2232 1139 2286 innumeros
1161 2230 1398 2293 morbos,
1420 2238 1475 2285 et
1498 2226 1685 2284 funera
1705 2229 1884 2298 gravia
1910 2227 2151 2300 pariunt;

567 2322 620 2377 id
649 2322 792 2393 quod
819 2323 977 2377 etiam
1008 2322 1061 2375 in
1091 2323 1267 2375 anima
1294 2320 1540 2376 accidere
1568 2319 1833 2375 videmus.

637 2416 692 2470 7.
735 2413 1238 2469 Immoderationem
1277 2412 1455 2482 itaque
1493 2411 1889 2478 abscindamus,
1930 2418 1985 2466 et
2012 2411 2156 2466 salu.

571 2508 690 2554 tare
724 2502 1114 2558 moderationis
1143 2504 1499 2573 pharmacum
1528 2511 1800 2573 potantes,
1840 2502 1894 2555 in
1930 2509 2140 2571 tempe-

571 2592 748 2646 rantia
771 2596 1088 2663 congruenti
1114 2610 1454 2663 maneamus,
1472 2596 1839 2666 precibusque
1855 2594 2144 2665 diligenter

574 2685 974 2741 incumbamus.
1004 2686 1061 2741 Si
1111 2688 1443 2757 postulatum
1493 2702 1601 2743 non
1632 2688 1987 2758 accipiamus,
2018 2701 2144 2756 per-

571 2788 902 2840 severemus,
956 2784 1015 2828 ut
1058 2774 1434 2844 accipiamus;
1496 2776 1541 2830 si
1581 2778 1972 2846 acceperimus,
2019 2778 2141 2833 ideo

573 2883 983 2939 perseveremus
1040 2869 1169 2939 quia
1220 2870 1549 2939 accepimus.
1609 2868 1795 2939 Neque
1832 2871 1978 2925 enim
2033 2873 2147 2927 vult

573 2961 663 3016 ille
714 2962 1045 3031 postulatum
1085 2961 1288 3015 donum
1326 2960 1569 3026 differri;
1635 2962 1732 3018 sed
1800 2963 2143 3018 cunctatione

573 3054 945 3109 assiduitatem
994 3054 1263 3125 sagaciter
1310 3055 1473 3124 parit.
1544 3053 1667 3109 ideo
1717 3054 1897 3111 ditfert
1953 3064 2143 3125 postu-

574 3146 683 3201 lata
713 3146 1028 3211 concedere,
1069 3162 1134 3202 ac
1162 3161 1304 3216 saepe
1349 3147 1699 3202 tentatiouem
1739 3146 1975 3202 incidere
2020 3163 2143 3217 per~

570 3233 753 3299 mittit,
786 3243 843 3287 ut
870 3232 1172 3301 frequenter
1196 3232 1263 3287 ad
1290 3247 1413 3287 eum
1439 3232 1829 3303 confugiamus,
1852 3241 1907 3289 et
1933 3232 2011 3288 sic
2037 3249 2161 3303 pero

570 3337 897 3379 severemus.
928 3323 1017 3379 Sic
1041 3338 1250 3394 quoque
1276 3322 1475 3379 faciunt
1498 3333 1672 3394 patres
1692 3334 1746 3379 et
1774 3335 1970 3380 matres
1996 3327 2161 3396 prolis

571 3424 841 3470 amantes:
864 3430 985 3470 cum
1011 3416 1257 3485 parvulos
1284 3430 1409 3471 suos
1433 3415 1659 3470 viderint
1686 3415 1754 3470 ab
1778 3430 1836 3470 se
1862 3416 2157 3483 discedere,

576 3516 636 3560 ut
655 3522 780 3562 cum
806 3507 1095 3576 aequalibus
1122 3509 1233 3561 suis
1260 3506 1474 3572 ludant,
1504 3507 1555 3561 id
1586 3516 1776 3562 curant
1802 3517 1859 3561 ut
1882 3508 2158 3564 domestici

578 3598 830 3653 terricula
869 3599 1033 3652 multa
1083 3598 1354 3664 simulent,
1400 3608 1461 3652 ut
1507 3614 1618 3668 pra:
1668 3599 1859 3653 timore
1904 3608 2162 3670 cogantur

572 3691 781 3761 pueruli
819 3691 886 3745 ad
925 3701 1222 3746 maternum
1265 3691 1440 3746 sinum
1467 3691 1773 3761 confugere.
1818 3690 1908 3747 Sic
1941 3701 1996 3746 et
2022 3692 2161 3746 Deus

572 3798 717 3853 saepe
742 3782 915 3837 minas
944 3783 1187 3849 intentat,
1220 3799 1325 3837 non
1369 3793 1428 3838 ut
1468 3783 1605 3837 mala
1634 3782 1857 3854 inﬂigat,
1888 3783 1983 3839 sed
2013 3792 2071 3838 ut
2092 3783 2158 3838 ad

572 3888 632 3929 se
659 3873 948 3943 pertrahat.
974 3873 1108 3928 Cum
1130 3884 1306 3929 autem
1335 3873 1401 3929 ad
1430 3874 1576 3927 illum
1601 3874 1957 3945 confugimus,
1978 3876 2158 3930 statim

573 3974 770 4019 metum
802 3966 997 4020 solvit:
1020 3966 1160 4035 quod
1185 3966 1229 4019 si
1258 3966 1389 4019 tales
1416 3977 1657 4019 essemus
1680 3963 1734 4016 in
1757 3964 2155 4028 tentationibus.

574 4057 760 4127 quales
780 4058 834 4114 in
865 4057 1265 4126 tranquillitate,
1297 4070 1404 4111 non
1431 4069 1711 4127 egeremus
1736 4054 2160 4112 tentatione.Ec-

1321 380 1379 431 δ.
1416 372 1691 431 JOANNIS
1724 365 2191 428 CHRYSOSTOMI
2231 366 2547 424 ARCHIEP.
2586 367 3121 427 CONSTANTINOP.

3721 375 3834 432 192

2243 468 2369 539 quid
2400 470 2467 524 de
2491 468 2645 525 nobis
2670 468 2860 539 loquor
2889 469 2942 523 ‘i
2962 468 3096 524 Nam
3122 466 3322 523 sanctis
3346 482 3560 540 quoque
3587 470 3692 527 illis
3722 489 3838 526 πιθα

2244 574 2347 630 gna
2376 560 2499 615 hinc
2524 560 2868 630 proveniebat
2896 560 3263 629 temperantia:
3290 560 3523 617 occasio.
3556 560 3680 617 Ideo
3709 562 3841 617 dicit

2246 650 2505 721 propheta
2534 667 2548 704 :
2578 648 2778 704 Bonum
2798 650 2921 703 mihi
2947 651 3066 721 quia
3092 650 3372 706 humiliasti
3398 668 3481 705 me
3507 651 3682 723 (Psal.
3706 654 3835 709 118.

2249 742 2361 815 7t).
2400 742 2626 813 Ipseque
2657 741 2910 812 apostolis
2936 742 3149 796 dicebat
3174 760 3187 796 :
3218 741 3286 796 In
3315 742 3504 797 mundo
3548 744 3841 799 tribulatio-

2248 850 2363 891 nem
2389 836 2630 890 habebitis
2659 835 2837 906 (Joan.
2865 835 2951 890 16.
2977 835 3088 905 '55).
3118 834 3229 890 Hoc
3250 850 3409 905 porro
3435 836 3629 892 Paulus
3651 839 3843 894 subin-

2251 928 2424 994 dicat,
2455 944 2574 983 cum
2603 929 2678 983 ait
2706 947 2719 982 :
2752 926 2918 982 Datus
2946 938 3017 982 est
3046 928 3170 981 mihi
3197 928 3431 983 stimulus
3459 930 3647 993 carnis,
3676 947 3842 1002 ange—

2251 1022 2329 1077 lus
2375 1032 2588 1089 satante,
2634 1023 2717 1093 qui
2760 1037 2839 1075 me
2878 1020 3159 1090 colaphizet
3188 1021 3265 1091 (2.
3311 1020 3429 1075 Cor.
3473 1020 3559 1076 12.
3594 1022 3670 1093 7).
3713 1022 3844 1078 Ideo

2249 1124 2500 1186 precatus
2528 1123 2587 1169 ut
2612 1130 2642 1168 a
2674 1114 2965 1169 tentatione
2994 1114 3331 1179 liberaretur,
3359 1112 3413 1167 id
3444 1126 3549 1168 non
3578 1112 3846 1183 impetra-

2247 1209 2343 1274 vit,
2374 1210 2496 1279 quia
2539 1208 2664 1263 iude
2694 1216 2940 1278 magnam
2982 1206 3236 1276 carpebat
3264 1207 3567 1264 utilitatem.
3598 1207 3653 1264 Si
3708 1224 3845 1265 vero

2249 1308 2414 1354 totam
2460 1299 2672 1354 Davidis
2715 1301 2877 1354 vitam
2927 1298 3286 1369 exploremus,
3327 1299 3659 1357 inveniemus
3688 1301 3842 1357 illum

2248 1390 2389 1445 inter
2436 1390 2670 1461 pericula
2718 1390 3019 1455 clariorem,
3061 1405 3236 1461 neque
3274 1390 3423 1445 illum
3467 1398 3696 1460 tantum,
3742 1394 3844 1449 sed

2248 1482 2408 1537 etiam
2434 1482 2568 1537 alios
2591 1496 2777 1535 omnes
2804 1481 2904 1551 ipsi
2928 1481 3150 1536 similes.
3187 1482 3396 1536 Etenim
3425 1481 3528 1537 Job
3555 1481 3660 1538 hoc
3683 1493 3847 1554 pacto

2248 1572 2416 1641 magis
2459 1571 2686 1636 refulsit,
2725 1569 2926 1641 Ioseph
2955 1571 3033 1627 sic
3076 1571 3243 1643 magis
3282 1573 3555 1643 magisque
3591 1574 3794 1629 claruit
3825 1592 3841 1629 :

2249 1662 2413 1720 Jacob
2444 1661 2569 1720 item
2601 1674 2655 1720 et
2676 1672 2827 1733 pater
2856 1664 3047 1734 ipsius,
3088 1673 3140 1719 et
3167 1680 3316 1730 avus,
3344 1674 3399 1720 et
3424 1674 3685 1737 quotquot
3710 1681 3849 1723 con-

2249 1756 2418 1826 spicui
2458 1756 2692 1824 fuerunt,
2738 1755 3298 1827 splendidioribusque
3333 1758 3546 1814 coronis
3584 1768 3710 1814 sunt
3752 1775 3849 1815 or-

2250 1849 2383 1917 nati,
2414 1865 2479 1905 ex
2520 1850 2773 1905 aerumnis
2812 1858 2971 1921 atque
3013 1850 3397 1907 tentationibus
3438 1860 3493 1907 et
3519 1855 3760 1909 coronati
3791 1863 3851 1909 et

2251 1941 2561 2012 proclamati
2584 1949 2729 1995 sum.
2752 1939 2879 1995 Haec
2905 1955 3026 1995 cum
3058 1942 3288 1995 sciamus
3317 1942 3518 2009 omnia,
3546 1943 3847 1999 secundum

2250 2034 2542 2103 sapientem
2587 2034 2735 2088 illum
2776 2048 3102 2099 sermonem,
3137 2032 3221 2089 Ne
3246 2037 3537 2106 festinemus
3564 2036 3619 2090 in
3647 2037 3730 2090 die
3760 2038 3848 2091 iu—

2249 2128 2469 2181 vasionis
2484 2126 2669 2197 (Eccli.
2691 2127 2747 2182 2.
2768 2126 2850 2199 2),
2873 2128 2968 2183 sed
2988 2126 3056 2183 ad
3082 2144 3243 2183 unum
3267 2137 3468 2185 tantum
3487 2144 3583 2184 nos
3605 2129 3851 2185 institua-

2251 2235 2388 2287 mus,
2410 2228 2465 2273 ut
2482 2220 2659 2274 omnia
2678 2218 2885 2276 fortiter
2906 2220 3156 2287 feramus,
3176 2235 3274 2276 nec
3291 2222 3851 2293 curioseinquiramus

2250 2310 2335 2365 vel
2351 2319 2649 2366 scrutemur
2663 2325 2725 2365 es
2741 2326 2859 2380 quae
2874 2311 3138 2366 accidunt.
3152 2311 3283 2366 Nam
3300 2316 3458 2379 scire,
3478 2328 3582 2383 quo
3603 2325 3852 2386 tempore

2250 2402 2500 2458 desiturze
2518 2402 2625 2457 sint
2648 2417 2920 2465 aerumnae,
2946 2402 3038 2457 Dei
3059 2412 3161 2470 est,
3188 2403 3276 2472 qui
3299 2404 3538 2473 permisit
3567 2404 3684 2461 illas
3705 2408 3852 2461 acci-

2251 2495 2413 2561 dere;
2458 2494 2630 2549 illatas
2662 2509 2792 2549 vero
2831 2509 2952 2550 cum
2994 2496 3285 2565 gratiarum
3333 2497 3544 2553 actione
3580 2496 3747 2563 ferre,
3791 2499 3851 2554 id

2253 2586 2531 2658 probitatis
2549 2594 2745 2641 nostra;
2766 2594 2851 2641 est
2875 2600 3028 2656 opus.
3046 2585 3202 2655 Quod
3224 2588 3269 2642 si
3292 2586 3402 2653 fiat,
3420 2589 3597 2643 omnia
3616 2604 3853 2660 sequen-

2255 2687 2341 2733 tur
2363 2677 2536 2746 bona;
2573 2687 2633 2732 ut
2662 2693 2794 2733 vero
2827 2689 3137 2749 sequantur,
3169 2689 3333 2750 utque
3374 2679 3461 2735 hic
3486 2681 3850 2751 probatiores,

2251 2769 2361 2826 illic
2387 2784 2517 2825 vero
2545 2768 2940 2841 splendidiores
2970 2769 3290 2839 efficiamur,
3323 2771 3697 2843 quodcumque
3727 2773 3851 2829 illa-

2252 2869 2366 2917 tum
2392 2859 2552 2916 fuerit
2589 2861 2937 2932 excipiamus,
2965 2861 3164 2931 gratias
3198 2861 3265 2917 de
3299 2863 3546 2918 omnibus
3586 2863 3854 2920 habentes

2251 2951 2325 3019 ci,
2352 2951 2444 3022 qui
2481 2950 2675 3008 melius
2712 2952 2859 3008 novit
2893 2967 3053 3024 quam
3082 2967 3183 3008 nos
3216 2952 3317 3024 ipsi
3342 2952 3471 3025 quid
3500 2954 3655 3009 nobis
3681 2970 3852 3027 expe-

2252 3045 2383 3112 diat,
2427 3044 2624 3117 quique
2660 3053 2940 3115 parentum
2966 3061 3091 3117 erga
3135 3060 3235 3101 nos
3274 3047 3440 3101 vincit
3482 3060 3763 3103 amorem:
3792 3058 3856 3104 et

2254 3137 2358 3194 hoc
2402 3148 2686 3209 utrumque
2731 3139 3069 3194 ratiocinium
3117 3139 3170 3194 in
3218 3139 3543 3211 quibuslibet
3589 3142 3854 3199 azrumnis

2253 3233 2408 3289 nobis
2445 3232 2577 3304 ipsis
2612 3240 2969 3300 recantautes,
2996 3232 3412 3302 comprimamus
3445 3247 3759 3301 maerorem,
3792 3245 3854 3291 et

2252 3324 2477 3396 gloriam
2503 3323 2797 3380 referamus
2823 3324 2953 3390 Deo,
2981 3324 3072 3394 qui
3099 3324 3151 3378 in
3175 3324 3420 3379 omnibus
3446 3324 3625 3379 omnia
3650 3324 3720 3380 ad
3746 3341 3855 3381 no-

2255 3425 2421 3471 stram
2466 3416 2751 3473 utilitatem
2791 3414 3083 3488 dispensat.
3128 3415 3218 3471 Sic
3245 3417 3386 3471 enim
3414 3425 3469 3472 et
3500 3416 3721 3474 insidias
3765 3417 3853 3473 fa-

2254 3509 2357 3564 cile
2394 3507 2747 3578 depellemus,
2793 3515 2849 3563 et
2881 3507 3352 3563 immarcescibiles
3388 3523 3616 3564 coronas
3653 3524 3852 3565 conse-

2254 3615 2481 3669 quemur
2508 3617 2522 3653 :
2552 3614 2683 3673 quas
2712 3613 2812 3654 nos
2836 3614 3024 3654 omnes
3052 3599 3263 3669 assequi
3292 3600 3564 3670 contingat
3587 3602 3759 3669 gratia
3785 3611 3848 3657 et

2255 3692 2579 3761 benignitate
2606 3690 2817 3745 Domini
2842 3690 3010 3745 nostri
3046 3689 3171 3746 Jesu
3198 3688 3416 3757 Christi,
3453 3691 3669 3761 quicum
3701 3692 3851 3749 Patri

2266 3783 2455 3853 gloria,
2487 3782 2791 3853 imperium,
2832 3781 3024 3849 honor,
3065 3796 3187 3836 cum
3214 3790 3404 3837 sancto
3436 3781 3661 3852 Spiritu,
3702 3799 3854 3840 nunc

2256 3883 2313 3929 et
2338 3888 2570 3944 semper,
2600 3883 2655 3929 et
2679 3872 2733 3927 in
2754 3873 2949 3927 saecula
2971 3872 3310 3928 saeculorum.
3332 3873 3525 3929 Amen.

2320 3995 2335 4025 ί
2373 3990 2449 4039 sic
2468 3994 2605 4051 recte
2622 3986 2762 4051 Savil.
2781 3992 2834 4037 et
2853 3985 3038 4051 aliquot
3069 3987 3395 4051 uanuscripti.
3419 3985 3508 4037 Alii
3530 3999 3651 4038 vero
3671 3995 3726 4039 et
3747 3994 3852 4039 Ilo-

2254 4054 2372 4115 rel.,
2396 4055 2455 4103 Et
2475 4050 2593 4115 quid
2612 4050 2675 4101 de
2690 4047 2951 4101 tentatione
2984 4048 3149 4113 loquor
3167 4047 3192 4099 ?

579 4341 2803 4375 Μ*

1957 4542 2307 4607 HOMILIA
2343 4537 2459 4606 XI.

572 4708 769 4777 (ΤΑΡΧ).
789 4724 842 4765 v.
857 4709 911 4763 7.
927 4707 1111 4763 Videas
1129 4717 1294 4763 autem
1315 4709 1499 4763 multos
1518 4708 1917 4764 Sadducteorum
1942 4718 1990 4761 et
2022 4705 2164 4760 Pha-

645 4802 902 4855 risaeorum
938 4801 1182 4855 uenientes
1208 4801 1276 4853 ad
1314 4800 1615 4871 baptismum
1657 4816 1826 4865 suum,
1873 4799 2001 4853 dixit
2044 4799 2114 4853 eis
2140 4814 2160 4854 :

645 4891 912 4961 Genimina
946 4893 1251 4963 viperarum,
1288 4894 1400 4964 quis
1429 4892 1785 4948 demonstravit
1827 4891 1964 4946 vobis
1989 4896 2165 4963 fugere

643 5000 678 5051 a
705 4992 913 5038 uentura
938 4983 1048 5043 ira?

645 5139 698 5194 1.
730 5136 839 5199 Cur
875 5153 1005 5210 ergo
1030 5138 1393 5207 aitChristus,
1425 5154 1522 5195 eos
1543 5154 1649 5195 non
1676 5139 1968 5197 credidisse
2000 5140 2163 5195 Joan-

574 5230 665 5291 ιιἰῖ
704 5229 836 5298 Quia
877 5246 983 5284 non
1009 5237 1126 5285 erat
1169 5229 1299 5285 illud
1342 5230 1582 5298 credere,
1619 5246 1739 5285 cum
1791 5247 1914 5287 eum
1959 5232 2048 5303 qui
2094 5232 2162 5285 ab

576 5320 689 5391 ipso
716 5320 1123 5389 praidicahatur,
1154 5336 1261 5375 non
1295 5322 1617 5390 acciperent.
1646 5321 1779 5377 Nam
1802 5331 1857 5377 et
1886 5323 2159 5392 prophetis

571 5423 626 5465 et
674 5411 960 5478 legislatori
990 5412 1266 5467 attendere
1312 5413 1626 5468 videbantur
1665 5433 1679 5468 :
1722 5424 1777 5470 et
1814 5423 1990 5469 tamen
2030 5414 2162 5470 dixit

573 5502 663 5556 ille
702 5518 809 5557 non
846 5502 1159 5567 attendisse,
1186 5504 1309 5575 quia
1339 5519 1461 5559 eum
1491 5505 1582 5575 qui
1606 5506 1675 5562 ab
1704 5506 1807 5561 illis
1836 5506 2161 5576 praedicaba-

574 5602 659 5646 tur
690 5608 795 5647 non
828 5602 1143 5663 receperunt
1171 5611 1185 5648 :
1215 5594 1274 5650 Si
1300 5599 1432 5649 enim
1459 5597 1721 5651 crederetis
1752 5597 1939 5668 Moysi,
1968 5599 2156 5669 inquit,

573 5682 837 5737 crederetis
859 5684 1028 5755 utique
1051 5694 1098 5738 et
1124 5685 1246 5738 mihi
1268 5685 1448 5755 (Joan.
1476 5686 1529 5741 5.
1554 5686 1667 5756 46).
1698 5687 1766 5743 Et
1788 5697 1971 5758 postea
1996 5690 2159 5744 inter-

576 5775 744 5847 rogati
762 5790 793 5831 ι
813 5775 1040 5843 Christo,
1064 5776 1328 5851 Baptisma
1345 5775 1562 5835 Joannis
1586 5780 1719 5836 unde
1743 5781 1853 5836 est?
1878 5780 2156 5838 dicebant:

2267 4700 2331 4757 Si
2355 4700 2652 4766 dixerimus,
2680 4697 2759 4752 De
2778 4706 2930 4761 terra,
2957 4697 3185 4751 timemus
3212 4696 3409 4750 turbam
3430 4712 3452 4763 ,°
3496 4699 3541 4752 si
3570 4713 3685 4753 vero
3710 4699 3869 4755 (lime-

2265 4794 2451 4857 rimus,
2481 4789 2557 4846 De
2584 4791 2730 4856 caelo,
2760 4790 2890 4843 dicet
2914 4788 3077 4853 nobis,
3108 4787 3278 4855 Quare
3302 4804 3420 4859 ergo
3446 4806 3547 4843 non
3574 4790 3867 4845 credidistis

2265 4884 2311 4937 ei
2338 4880 2556 4955 (Matth.
2585 4881 2673 4935 21.
2703 4881 2794 4936 25.
2845 4878 2975 4949 26)ἶ²
3003 4878 3080 4933 Ex
3112 4878 3194 4933 his
3236 4894 3365 4948 ergo
3403 4880 3651 4935 omnibus
3678 4882 3867 4951 palam

2264 4984 2347 5030 est
2374 4974 2519 5048 ipsos
2547 4974 2760 5029 venisse
2784 4982 2836 5028 et
2856 4972 3151 5042 baptizatos
3177 4971 3359 5036 fuisse,
3392 4972 3486 5027 sed
3508 4973 3559 5027 in
3588 4972 3693 5029 ﬁde
3720 4990 3867 5044 prae-

2263 5066 2547 5123 dicationis
2575 5081 2682 5120 non
2705 5065 2985 5120 mansisse.
3018 5064 3227 5119 Etenim
3258 5063 3493 5121 Joannes
3525 5063 3737 5120 illorum
3763 5082 3863 5123 ne-

2262 5159 2483 5229 quitiam
2524 5159 2776 5225 ostendit,
2824 5158 3034 5228 quando
3062 5158 3137 5211 illi
3173 5157 3237 5212 ad
3270 5158 3559 5228 Baptistam
3596 5160 3867 5217 miserunt

2262 5251 2502 5307 dicentes
2526 5269 2539 5303 :
2569 5251 2631 5307 Si
2656 5261 2711 5305 tu
2733 5268 2784 5306 es
2806 5250 2969 5315 Elius,
2993 5252 3036 5304 si
3055 5260 3110 5304 tu
3135 5267 3186 5305 es
3214 5249 3444 5305 Christus
3469 5250 3629 5323 (Joon
3650 5252 3702 5306 1.
3736 5251 3860 5324 21);

2262 5343 2609 5413 quamobrem
2640 5344 2849 5409 intulit,
2885 5344 2983 5409 Qui
3008 5353 3178 5397 autem
3202 5344 3341 5397 missi
3371 5347 3594 5414 fuerant,
3623 5357 3769 5398 erant
3796 5362 3866 5399 ea:

2263 5434 2540 5491 Pharisteis
2570 5435 2730 5509 (Ibid.
2762 5453 2809 5491 υ.
2832 5436 2947 5508 24).
2968 5435 3103 5503 Quid
3130 5436 3321 5506 igitur?
3349 5450 3525 5491 annon
3556 5438 3725 5491 turba:
3752 5452 3860 5507 po-

2261 5529 2373 5599 puli
2400 5529 2625 5599 idipsum
2659 5528 2952 5598 putabant?
2991 5529 3201 5583 Etiam:
3228 5543 3410 5582 verum
3438 5528 3587 5598 plebs
3620 5528 3861 5598 simplici

2263 5629 2442 5674 mente
2490 5618 2605 5674 haec
2654 5618 3053 5689 suspicabatur;
3099 5617 3355 5672 Pharisaei
3394 5631 3525 5673 vero
3575 5617 3749 5688 ipsum
3798 5618 3859 5675 in

2260 5724 2510 5767 sermone
2531 5724 2725 5780 capere
2752 5709 3022 5764 volebant.
3052 5708 3183 5777 Quia
3209 5708 3351 5763 enim
3382 5708 3435 5763 in
3464 5708 3715 5764 confesso
3734 5720 3857 5768 erat

2258 5801 2537 5872 Christum
2570 5817 2692 5865 esse
2735 5808 3013 5861 venturum
3053 5817 3119 5859 ex
3159 5802 3278 5859 vico
3314 5799 3551 5871 Davidis,
3589 5799 3680 5859 hic
3720 5815 3859 5857 vero
