4050 6364
257 362 364 419 191

252 476 481 547 χρόνονς
522 472 773 543 Απόσχου
809 470 1026 542 καὶτῆς
1056 468 1310 539 γυναικὸς
1333 471 1433 540 τῆς
1464 469 1565 539 σῆς
1595 468 1835 539 ὡρισμέ-

248 575 353 621 νας
373 557 605 627 ἡμέρας·
645 555 970 626 ἐγκράτειαν
997 553 1258 625 ἀσκησον.
1293 553 1561 621 ’Υϐρισας
1598 552 1693 606 καὶ
1718 551 1838 605 ἐτύ-

256 658 468 711 πτησας
494 641 543 674 ³³
578 640 907 711 παριόντας;
950 637 1177 706 Εὐλόγει
1229 636 1414 691 λοιπὸν
1438 638 1566 701 τοὺς
1591 636 1837 708 ὑϐρίζον-

258 740 374 786 τας,
407 723 506 776 καὶ
550 722 830 793 εὐεργέτει
872 720 997 784 τοὺς
1047 720 1399 790 πλήττοντας.
1431 720 1506 774 Οὐ
1538 719 1647 790 γὰρ
1678 718 1839 789 ἀρκεῖ

255 808 336 869 εἰς
354 806 545 873 ὑγείαν
578 806 711 876 ἡμῖν
742 804 804 858 τὸ
838 804 990 875 βέλος
1025 803 1229 870 ἐξελεῖν
1271 804 1450 875 μόνον,
1488 801 1626 855 ἀλλά
1654 802 1705 833 ⁸⁸
1741 801 1836 854 καὶ

254 890 331 960 τῷ
374 889 648 960 τραύματι
689 889 960 959 φάρμακα
1004 887 1293 941 ἐπιθεῖναι.
1349 884 1692 957 Ἐτρύφησας
1741 884 1836 938 καὶ

252 973 565 1044 ἐμεθύσθης
580 973 670 1026 τὸν
693 971 1002 1043 ἔμπροσθεν
1023 970 1213 1042 χρόνον
1236 987 1251 1037 ;
1281 970 1527 1041 Νήστευε
1560 970 1654 1022 καὶ
1681 968 1835 1040 ὐδρο-

251 1057 420 1126 maia
446 1057 679 1127 πρόσεχε
701 1056 770 1115 ⁵⁵,
804 1056 891 1108 ἵνα
912 1054 1011 1125 τὴν
1034 1053 1242 1107 ἐκεῖθεν
1270 1052 1631 1123 ἐγγενομένην
1659 1051 1835 1122 λύμην

250 1139 467 1211 ἀνέλῃς.
487 1134 639 1201 Εῐδες
659 1138 974 1199 ἀκολάστοις
990 1135 1286 1206 ὀφθαλμοῖς
1300 1135 1494 1198 κάλλος
1519 1134 1796 1204 ἀλλότριον
1815 1150 1831 1198 ;

251 1221 406 1290 Μηδέ
437 1219 578 1283 ὅλως
624 1220 739 1291 ἴδῃς
790 1221 1026 1288 γυναῖκα
1068 1218 1276 1282 λοιπὸν,
1326 1216 1392 1271 ἶν’
1426 1218 1520 1271 ἐπὶ
1550 1218 1597 1249 ⁸⁸
1628 1216 1833 1269 πλείονι

249 1306 529 1373 καταστῇς
547 1301 837 1372 ἀσφαλείᾳ.
869 1298 1196 1355 Ἕκκλινον
1217 1300 1347 1372 γὰρ,
1370 1299 1551 1370 φησὶν,
1582 1298 1701 1354 ἀπὸ
1726 1315 1833 1352 κα-

247 1386 389 1452 κοῦ,
420 1385 520 1439 καὶ
552 1385 811 1452 ποίησον
837 1383 1080 1455 ἀγαθόν’
1110 1383 1204 1438 καὶ
1234 1382 1416 1436 πάλιν·
1445 1382 1695 1437 Παῦσον
1719 1380 1835 1448 τὴν

247 1466 549 1537 γλῶσσάν
600 1481 719 1522 σου
764 1464 882 1521 ἀπὸ
922 1464 1133 1526 κακοῦ,
1174 1465 1273 1519 καί
1326 1465 1499 1534 χείλη
1566 1480 1682 1518 σου
1724 1464 1833 1519 τοῦ

248 1551 335 1620 μὴ
364 1549 643 1619 λαλῆσαι
678 1549 882 1604 δόλον.
924 1548 1063 1602 Ἀλλ’
1098 1549 1220 1602 εἰπέ
1260 1565 1349 1619 μοι
1376 1548 1471 1603 καὶ
1506 1546 1567 1601 τὸ
1604 1547 1828 1614 ἀγαθόν.

248 1636 535 1700 Ζήτησον
572 1633 841 1701 εἰρήνην,
876 1632 975 1686 καὶ
1010 1631 1229 1697 δίωξον
1247 1630 1460 1700 αὑτήνο
1484 1631 1545 1684 οὐ
1571 1630 1670 1701 τὴν
1697 1631 1833 1701 πρὸς

247 1715 576 1786 ἀνθρώπους
596 1715 737 1783 λέγω
772 1716 957 1785 μόνον,
974 1715 1108 1769 ἀλλά
1132 1716 1226 1769 καὶ
1245 1716 1345 1787 τὴν
1382 1716 1518 1787 πρὸς
1546 1716 1636 1768 τὸν
1673 1715 1824 1769 Θεόν.

248 1800 363 1854 Καὶ
391 1799 577 1863 καλῶς
595 1795 736 1865 εἷπε,
762 1799 1007 1865 Δίωξονο
1038 1799 1375 1870 ἀπελήλαται
1401 1798 1508 1871 γὰρ
1549 1799 1643 1852 καὶ
1671 1797 1830 1851 ἐκϐέ-

247 1884 468 1952 ϐληται,
493 1884 588 1936 xal
606 1884 705 1953 τὴν
728 1883 834 1953 γῆν
856 1884 1055 1953 ἀφεῖσα
1079 1884 1159 1946 είς
1188 1882 1278 1936 τὸν
1301 1882 1527 1954 οὐρανὸν
1556 1882 1833 1955 ἀπεδήμη-

248 1983 365 2021 σεν.
412 1965 574 2020 Ἀλλά
605 1965 947 2037 δυνησόμεθα
978 1966 1023 1998 ⁸⁷
1052 1964 1220 2036 αὐτὴν
1244 1965 1407 2018 πάλιν
1443 1966 1828 2034 ἐπαναγαγεῖν,

246 2051 345 2104 ἐὰν
380 2049 645 2121 θέλωμεν,
681 2050 937 2104 ἀπόνοιαν
965 2051 1059 2103 καὶ
1086 2048 1401 2114 ἀλαζονείαν
1433 2050 1527 2104 καὶ
1554 2049 1733 2104 πάντα
1762 2048 1832 2103 τὰ

246 2132 551 2203 κωλύματα
605 2132 776 2203 αὐτῆς
814 2131 1154 2197 ἐκϐαλόντες,
1206 2132 1298 2185 τὸν
1351 2130 1603 2203 σώφρονα
1644 2130 1832 2185 τοῦτον

247 2218 345 2271 καὶ
364 2216 513 2270 λιτὸν
540 2217 758 2271 διώκειν
784 2215 917 2286 βίον.
953 2215 1117 2269 Οὐδὲν
1145 2215 1251 2287 γὰρ
1271 2215 1439 2288 ὀργῆς
1459 2213 1831 2285 χαλεπώτερον

245 2301 344 2354 καὶ
377 2299 736 2373 θρασύτητος.
765 2299 913 2370 Αὕτη
941 2298 987 2331 ⁵⁸
1027 2299 1122 2352 καὶ
1151 2299 1565 2370 τετυφωμένους
1598 2300 1691 2351 καὶ
1720 2298 1832 2351 δου-

245 2383 538 2454 λοπρεπεῖς
559 2382 872 2453 ἐργάζεται,
904 2382 969 2436 δι’
997 2382 1207 2436 ἐκείνου
1243 2382 1342 2453 μὲν
1370 2380 1828 2450 καταγελάστους,

243 2464 335 2518 διὰ
376 2463 568 2518 τούτου
599 2464 659 2517 δέ
702 2465 963 2535 μισ-ητοὶς
1022 2463 1272 2529 ποιοῦσα,
1299 2463 1394 2517 καὶ
1434 2463 1683 2526 ἐναντίας
1719 2465 1832 2517 εἰσ-

252 2549 463 2617 άγουσα
478 2550 700 2615 κακίας,
724 2550 981 2604 ἀπόνοιάν
1008 2567 1069 2602 τε
1097 2548 1230 2621 ὁμοῦ
1259 2550 1352 2603 καὶ
1370 2548 1672 2603 κολακείαν.
1690 2548 1829 2602 Ἀλλ’

245 2632 342 2686 ἐὰν
365 2631 467 2703 τὴν
492 2631 806 2697 πλεονεξίαν
830 2632 925 2687 τοῦ
952 2631 1159 2698 πάθους
1180 2633 1585 2705 περικόψωμεν,
1612 2634 1705 2686 καὶ
1735 2649 1832 2686 τα-

243 2715 423 2767 πεινοῖ
451 2714 589 2783 μετά
638 2714 941 2788 ἀκριϐείας,
984 2717 1077 2770 καὶ
1117 2716 1313 2787 ὑψηλοὶ
1351 2716 1490 2789 μετά
1535 2716 1830 2787 ἀσφαλείας

247 2797 507 2868 ἐσόμεθα.
538 2800 650 2851 Kal
680 2799 789 2869 γὰρ
811 2801 906 2852 καὶ
933 2803 991 2854 ἐν
1020 2802 1132 2864 τοῖς
1158 2800 1372 2872 σώμασι
1400 2803 1514 2864 τοῖς
1541 2800 1830 2872 ἡμετέροις

244 2883 356 2937 ἀπὸ
387 2882 704 2948 πλεονεξίας
725 2886 781 2937 αἰ
811 2883 1138 2955 δυσκρασίαι
1167 2884 1427 2953 γίνονται·
1460 2884 1556 2939 καὶ
1596 2886 1684 2938 ὅτε
1705 2884 1831 2947 τοὺς

244 2967 483 3031 οἰκείους
508 2968 668 3039 ὄρους
688 2968 982 3037 ἀφέντατά
1013 2970 1251 3040 στοιχεῖα
1280 2969 1360 3031 εἰς
1388 2968 1656 3040 ἀμετρίαν
1681 2966 1829 3032 ἐξέλ-

245 3050 337 3124 θῃ,
359 3050 485 3104 τότε
508 3053 565 3103 αἱ
590 3051 783 3122 μυρίαι
808 3052 951 3105 νόσοι
976 3053 1072 3105 καὶ
1093 3054 1144 3105 οἰ
1180 3052 1409 3122 χαλεποὶ
1435 3052 1710 3106 τίκτονται
1735 3050 1831 3104 θά-

245 3150 417 3189 νατοι·
446 3135 587 3205 ὅπερ
618 3134 714 3188 καὶ
746 3135 840 3188 ἐπὶ
868 3135 967 3205 τῆς
990 3134 1167 3206 ψυχῆς
1190 3134 1487 3205 συμϐαῖνον
1520 3135 1617 3188 ῖδοι
1636 3152 1719 3198 τις
1741 3134 1826 3187 ἀν.

317 3217 384 3282 ζ’.
408 3216 805 3289 Περικόψωμεν
823 3220 1002 3273 τοίνυν
1019 3219 1117 3290 τὴν
1137 3219 1425 3289 ἀμετρίαν,
1443 3218 1539 3271 καὶ
1570 3218 1630 3271 τὸ
1653 3217 1829 3289 σωτή-

250 3318 365 3370 ριον
388 3302 493 3371 τῆς
520 3302 859 3373 συμμετρίας
889 3302 1136 3365 πίνοντες
1171 3304 1216 3337 ⁵⁸
1246 3303 1556 3374 φάρμακον,
1581 3302 1829 3372 μένωμεν

246 3385 342 3437 ἐπὶ
366 3384 467 3454 τῆς
501 3384 799 3455 εὐκρασίας
823 3385 920 3455 τῆς
944 3384 1348 3457 προσηκούσης,
1372 3386 1464 3439 καὶ
1481 3386 1600 3447 ταῖς
1644 3385 1831 3453 εὐχαῖς

246 3466 392 3538 μετά
421 3467 710 3539 ἀκριϐείας
745 3469 1119 3539 προσέχωμεν.
1150 3467 1268 3522 Κᾶν
1310 3469 1385 3538 μὴ
1422 3467 1697 3538 λάϐωμεν,
1720 3484 1828 3520 πα-

247 3552 622 3623 ραμείνωμεν,
649 3552 734 3606 ῖνα
760 3552 1036 3623 λάϐωμενο
1068 3551 1172 3607 κᾶν
1200 3551 1476 3622 λάϐωμεν,
1500 3550 1687 3620 ἐπειδὴ
1707 3550 1830 3604 ἐλά-

247 3637 418 3706 ϐομεν
450 3636 518 3689 ⁸ο.
546 3635 681 3690 Οὐδέ
701 3635 811 3708 γάρ
832 3635 994 3699 αὐτὸς
1027 3634 1277 3705 βούλεται
1305 3634 1699 3689 ἀναϐάλλεσθαι
1730 3634 1830 3704 τὴν

244 3718 566 3785 δόσιν,ἀλλά
586 3721 653 3790 τῇ
674 3718 928 3790 μελλήσει
950 3719 1049 3789 τὴν
1078 3718 1435 3791 προσεδρείαν
1460 3719 1591 3789 ἡμῖν
1614 3718 1655 3749 ⁸³
1678 3716 1830 3785 σοφί-

246 3803 547 3866 ζεται.Διά
586 3801 742 3856 τοῦτο
786 3803 880 3855 καὶ
919 3800 1267 3874 ὑπερτίθεται
1306 3800 1405 3872 τὴν
1449 3802 1701 3871 αῖτησιν,
1737 3800 1829 3853 καὶ

246 3885 554 3956 πειρασμὸν
586 3886 863 3955 συγχωρεῖ
885 3883 1146 3949 πολλάκις
1173 3882 1437 3947 ἐπελθεῖν,
1475 3883 1561 3936 ῖνα
1591 3882 1829 3953 συνεχῶς

247 3968 387 4038 πρὸς
414 3968 580 4022 αὐτὸν
608 3967 1065 4039 καταφεύγωμεν,
1094 3969 1191 4022 καὶ
1217 3967 1625 4038 καταφυγόντες
1647 3968 1691 3998 ⁸⁸
1734 3966 1830 4037 μέ-

246 4067 449 4121 νωμεν.
479 4050 639 4104 Οὕτω
664 4051 759 4105 καὶ
789 4050 1025 4123 πατέρες
1072 4050 1414 4121 φιλόστοργοι
1448 4048 1661 4103 ποιοῦσι
1680 4088 1695 4114 ,
1734 4049 1829 4103 καὶ

251 4133 486 4205 μητέρες
530 4134 847 4203 φιλόπαιδες
866 4150 879 4165 ·
920 4135 1139 4188 ἐπειδὰν
1155 4134 1202 4166 ⁸³
1228 4132 1379 4187 ἴδωσι
1412 4133 1481 4187 τὰ
1510 4133 1698 4187 παιδία
1728 4132 1827 4203 τὴν

248 4217 385 4286 πρὸς
421 4217 622 4281 αὐτοὺς
651 4217 936 4271 συνουσίαν
969 4216 1175 4287 ἀφέντα
1203 4216 1298 4270 καὶ
1338 4216 1475 4288 μετά
1494 4215 1600 4271 τῶν
1629 4215 1822 4288 ὁμηλί-

246 4316 358 4352 κων
407 4299 689 4365 παίξοντα,
732 4300 902 4353 πολλά
934 4302 1059 4366 τούς
1091 4300 1307 4365 οἰκέτας
1350 4300 1745 4373 ὑποκρίνασθαι
1776 4299 1824 4333 ⁸⁸

1404 353 1470 409 ΙΝ
1508 351 1927 409 ΜΑΤἹῊΑΞΠΜ
1969 351 2201 410 HOMIL.
2239 354 2337 411 XI.

3407 366 3511 425 192

1941 472 2416 538 παρασκευάζουσι
2454 474 2681 548 φοϐερά,
2720 476 2861 532 ὥστε
2907 478 3013 534 ὑπὸ
3041 478 3136 534 τοῦ
3179 481 3331 546 δέους
3373 500 3508 538 κατ-

1941 556 2354 627 αναγκασθῆναι
2383 558 2520 629 πρὸς
2546 559 2637 613 τὸν
2663 561 2925 631 μητρικδν
2941 563 3136 616 κόλπον
3155 568 3511 634 καταφυγεῖν.

1942 635 2097 720 ρῦτω
2133 640 2226 691 καὶ
2256 640 2437 705 όΘεδς
2477 644 2812 698 ἀνατείνεται
2841 645 3097 710 πολλάκις
3134 647 3378 719 ἀπειλὴν.
3412 650 3510 720 οὐχ

1942 716 2037 801 ἵνα
2057 720 2331 801 ἐπαγάγῃ,
2358 724 2575 779 ἀλλ’ἵνα
2599 727 2735 798 πρὸς
2762 728 2921 782 αὐτόν
2952 716 3510 801 ἐφελκύσηταιθοταν

1940 796 2071 863 γοῦν
2102 799 2482 874 ἐπανέλθωμεν
2500 796 2841 877 πρὸς-αὐτὸν,
2868 796 3085 862 λύειτὸν
3102 796 3265 878 φόϐον
3286 809 3508 871 εὐθέως·

1939 878 2019 963 ὡς
2066 880 2180 948 εῐγε
2232 885 2406 955 ὅμοιοι
2444 883 2588 959 ἦμεν
2641 892 2701 945 ἐν
2740 896 3066 963 πειρασμοῖς
3089 893 3183 946 καὶ
3217 892 3276 944 ἐν
3306 891 3508 956 ἀνέσει,

1938 962 2055 1048 οὐδί
2085 964 2152 1018 ἂν
2186 967 2372 1039 ἐδέησε
2421 973 2769 1044 πειρασμῶν.
2800 962 2959 1048 [148]
2983 975 3095 1029 Kal
3126 974 3180 1027 τί
3212 974 3354 1043 λέγω
3383 975 3512 1045 περὶ

1939 1044 2132 1116 ’11μῶνῖ
2165 1050 2276 1103 Καὶ
2311 1052 2420 1124 γὰρ
2451 1058 2564 1119 τοῖς
2596 1057 2773 1126 ἀγίοις
2801 1044 3030 1120 ἐκείνοις
3068 1057 3233 1121 πολὺς
3264 1044 3511 1111 ἐντεῦθεν

1937 1130 1966 1181 6
1998 1134 2374 1204 σωφρονισμὸς
2402 1131 2490 1207 ἦν.
2525 1138 2623 1191 Διά
2646 1138 2804 1194 τοῦτο
2828 1141 2922 1194 καὶ
2958 1141 2987 1192 6
3010 1140 3300 1210 Προφήτης
3326 1137 3471 1207 λέγει
3493 1154 3506 1168 ·

1952 1209 2008 1264 Ἀ
2018 1214 2202 1280 γαθόν
2230 1233 2333 1285 μοι
2353 1216 2443 1273 ὅτι
2464 1219 2870 1288 ἐταπείνωσάς
2889 1238 2985 1291 με.
3005 1209 3111 1275 Καὶ
3133 1209 3293 1284 αὐτὸς
3313 1221 3370 1274 δέ
3396 1222 3511 1282 τοῖς

1938 1291 2278 1361 ’Λποστόλοις
2304 1299 2518 1370 ἔλεγεν
2576 1303 2676 1358 Ἐν
2710 1304 2791 1370 τῷ
2829 1306 3035 1374 κόσμῳ
3075 1303 3283 1373 θλῖψιν
3319 1303 3505 1367 ἕξετε.

1937 1376 2048 1429 Καὶ
2078 1379 2105 1430 6
2148 1381 2358 1447 Παῦλος
2407 1384 2565 1440 τοῦτο
2610 1387 2743 1440 αὐτὸ
2788 1387 3121 1452 αἰνίττεται,
3172 1388 3301 1441 ὅταν
3334 1386 3504 1457 λέγεν

1951 1457 2151 1529 Ἐδόθη
2168 1481 2271 1531 μοι
2296 1467 2541 1536 σκόλοψ
2562 1467 2635 1537 τῇ
2666 1469 2868 1537 σαρκὶ,
2895 1469 3148 1538 ἅγγελος
3175 1467 3393 1533 Σατᾱν,
3408 1468 3510 1521 ἵνα

1930 1556 2008 1609 με
2036 1545 2341 1616 κολαφίζῃ.
2381 1550 2472 1602 Διὸ
2496 1552 2591 1605 καὶ
2621 1551 2829 1623 δεηθεὶς
2861 1552 3239 1621 ἀπαλλαγῆναι
3265 1549 3357 1604 τοῦ
3389 1566 3510 1603 πει-

1941 1626 2171 1707 ρασμοῦ,
2207 1629 2307 1684 οὐκ
2333 1633 2582 1704 ἐπέτυχε,
2627 1634 2714 1688 διὰ
2768 1635 2830 1689 τὸ
2870 1635 3070 1707 πολλὴν
3112 1633 3171 1699 ἐξ
3211 1631 3376 1688 αὐτοῦ
3408 1633 3509 1703 τὴν

1935 1705 2201 1776 ὠφέλειαν
2254 1714 2560 1782 ἐγγίνεσθαι
2581 1717 2644 1771 ⁸³.
2683 1718 2806 1771 Ἐἀν
2834 1719 2891 1773 δὲ
2934 1705 3034 1773 καῖ
3070 1717 3165 1771 τοῦ
3212 1717 3374 1771 Δαυῖδ
3417 1717 3509 1770 τὸν

1938 1787 2052 1859 βίον
2107 1795 2421 1869 ἐπέλθωμεν
2473 1800 2707 1863 ἅπαντα,
2752 1802 3056 1873 εὑρήσομεν
3099 1801 3259 1855 αὐτὸν
3290 1802 3347 1854 ἐν
3395 1802 3509 1863 τοῖς

1935 1877 2199 1943 κινδύνοις
2229 1881 2603 1956 λαμπρότερον
2658 1885 2808 1952 ὅντα,
2862 1887 2955 1940 καὶ
3000 1885 3180 1951 αὐτὸν,
3236 1886 3330 1939 καὶ
3383 1884 3506 1949 τοὺς

1936 1960 2126 2026 ἄλλους
2165 1964 2412 2030 ἅπαντας
2458 1968 2584 2030 τοὺς
2616 1968 2733 2021 κατ’
2760 1970 2986 2022 ἐκεῖνον.
3014 1968 3125 2022 Kal
3169 1968 3279 2038 γὰρ
3324 1968 3353 2021 6
3387 1964 3506 2019 Ἰὼϐ

1934 2043 2056 2102 τότε
2089 2046 2348 2116 μειζόνως
2368 2049 2598 2120 ἔλαμψε,
2628 2053 2721 2105 καὶ
2750 2053 2779 2105 6
2820 2050 3012 2123 Ἰωσὴφ
3041 2051 3099 2105 δὲ
3121 2053 3167 2085 ⁶⁶
3200 2050 3376 2115 οὑτως
3413 2050 3506 2103 ἐπὶ⁵

1936 2132 2096 2186 πλέον
2124 2132 2467 2204 εὐδοκίμησε,
2500 2137 2595 2189 καὶ
2620 2138 2649 2189 6
2682 2134 2875 2190 Ἰακὼϐ
2901 2135 2977 2199 δὲ,
3012 2136 3106 2189 καὶ
3133 2136 3161 2189 6
3187 2134 3376 2188 τούτου
3408 2150 3509 2187 παι

1934 2220 2060 2288 τὴρ,
2086 2217 2180 2269 καὶ
2211 2219 2240 2269 6
2268 2218 2498 2282 ἐκείνου,
2527 2219 2621 2272 καὶ
2653 2220 2852 2284 πάντες
2880 2220 2992 2273 ὅσοι
3030 2218 3249 2272 πώποτε
3269 2219 3312 2250 ⁸⁷
3356 2216 3508 2286 λαμ-

1937 2298 2234 2370 προτέρους
2263 2300 2588 2371 ἀνεδήσαντο
2620 2303 2916 2371 στεφάνους
2939 2341 2955 2366 ,
2986 2301 3093 2355 ἀπὸ
3124 2300 3353 2370 θλίψεων
3411 2298 3507 2352 καὶ

1935 2381 2258 2452 πειρασμῶν
2284 2383 2380 2436 καὶ
2409 2384 2881 2455 ἐστεφανώθησαν,
2913 2385 3005 2437 καὶ
3033 2382 3503 2455 ἀνεκηρύχθησαν.

1936 2464 2116 2534 Ἀπερ
2143 2464 2318 2518 πάντα
2342 2467 2659 2531 συνειδότες,
2689 2467 2830 2523 κατὰ
2851 2465 2942 2523 τδν
2965 2466 3126 2537 σοφὸν
3143 2468 3188 2499 ⁸⁸
3208 2467 3385 2535 λόγον,
3407 2463 3504 2530 Μὴ

1934 2548 2296 2615 σπεύσωμεν
2318 2548 2388 2601 ἐν
2408 2547 2590 2617 καιρῷ
2617 2549 2949 2621 ἐπαγωγῆς,
2970 2550 3082 2605 ἀλλ’
3110 2550 3168 2602 ἐν
3200 2549 3357 2619 μόνον
3380 2548 3505 2600 ἐαυ-

1934 2628 2059 2693 τοὺς
2109 2628 2505 2699 παιδεύσωμεν,
2531 2632 2594 2685 τὸ
2640 2633 2823 2705 φέρειν
2868 2635 3046 2687 πάντα
3094 2631 3375 2701 γενναίως,
3409 2629 3505 2683 καὶ

1937 2712 2103 2783 μηδὲν
2150 2712 2651 2783 πολυπραγμονεῖν,
2716 2716 2847 2786 μηδὲ
2892 2716 3348 2787 περιεργάζεσθαι
3397 2712 3505 2765 τῶν

1934 2795 2252 2866 γινομένων.
2294 2796 2367 2850 Τὸ
2400 2798 2498 2868 μὲν
2522 2798 2630 2870 γάρ
2663 2800 2879 2865 εἰδέναι,
2906 2801 3037 2854 πότε
3067 2800 3147 2852 δεῖ
3167 2799 3387 2869 λυθῆναι
3406 2796 3505 2859 τὰς

1936 2879 2162 2949 θλίψεις,
2194 2878 2290 2933 τοῦ
2332 2881 2737 2953 συγχωροῦντος
2766 2884 2936 2947 αὐτὰς
2967 2882 3284 2957 προσελθεῖν
3331 2880 3465 2933 Θεοῦ
3488 2896 3503 2911 ⁶
3615 2929 3635 2950 η

1933 2963 1995 3016 τὸ
2032 2963 2088 3016 δέ
2130 2962 2510 3033 ἐπενεχθείσας
2540 2964 2679 3035 μετά
2718 2964 2899 3036 πάσης
2926 2966 3113 3037 φέρειν
3136 2963 3503 3036 εὐχαριστίας,

1930 3044 2030 3115 τῆς
2067 3044 2223 3114 ήμῶν
2277 3046 2695 3117 εὐγνωμοσύνης
2735 3048 2919 3102 λοιπὸν
2947 3048 3105 3119 ἔργον
3143 3047 3289 3101 ἐστίν
3314 3064 3328 3078 ο
3368 3048 3506 3116 ὅπερ

1931 3128 2027 3181 ἐὰν
2051 3127 2295 3197 γένηται,
2328 3129 2506 3183 πάντα
2532 3128 2721 3200 ἕψεται
2743 3130 2816 3185 τά
2847 3129 3047 3199 ἀγαθά.
3085 3131 3181 3184 Ἴν’
3214 3125 3307 3183 οὖν
3335 3128 3505 3182 ταῦτα

1902 3210 2152 3280 νέπηται,
2178 3212 2274 3264 καὶ
2316 3210 2669 3284 δοκιμώτεροι
2713 3214 2811 3285 μὲν
2848 3213 3110 3277 ἐνταῦθα,
3137 3214 3506 3284 λαμπρότεροι

1929 3292 1985 3345 δέ
2016 3296 2194 3346 ἐκεῖσε
2227 3292 2529 3363 γενώμεθα,
2578 3296 2686 3349 πᾶν
2718 3296 2747 3350 6
2779 3296 2875 3350 ἐὰν
2907 3296 3167 3367 ἐπενεχθῇ
3199 3295 3501 3366 δεχώμεθα,

1930 3374 2088 3445 χάριν
2113 3374 2312 3438 εἰδότες
2343 3376 2481 3448 ὑπὲρ
2502 3376 2721 3431 πάντων
2744 3377 2824 3448 τῷ
2850 3370 3011 3432 εἰδότι
3038 3379 3237 3447 μᾶλλον
3265 3379 3418 3449 ήμῶν
3443 3378 3506 3430 τὸ

1932 3457 2225 3527 συμφέρον,
2262 3458 2356 3512 καὶ
2386 3458 2494 3511 τῶν
2519 3461 2927 3531 γεγεννηκότων
2963 3463 3314 3533 σφοδρότερον
3356 3463 3504 3531 ἡμᾶς

1930 3539 2200 3610 φιλοῦντιο
2258 3542 2353 3596 καὶ
2397 3542 2619 3608 τούτους
2669 3545 3012 3616 ἀμφοτέρους
3047 3546 3173 3608 τοὺς
3211 3546 3505 3616 λογισμοὺς

1928 3624 2051 3678 καθ’
2094 3624 2323 3679 ἕκαστον
2366 3625 2478 3678 τῶν
2524 3626 2711 3680 δεινῶν
2755 3629 2966 3693 ἑαυτοῖς
2995 3630 3301 3701 ἐπᾴδοντες,
3334 3646 3503 3682 κατα-

1930 3706 2235 3779 στέλλωμεν
2254 3707 2352 3780 τὴν
2380 3708 2638 3781 ἀθυμίαν,
2678 3712 2775 3765 καὶ
2816 3711 3126 3785 δοξάζωμεν
3162 3716 3219 3766 ἐν
3249 3715 3381 3767 πᾶσι
3412 3713 3506 3767 τὸν

1929 3792 2106 3846 πάντα
2149 3792 2290 3864 ὑπὲρ
2332 3793 2490 3863 ἡμῶν
2532 3794 2790 3850 ποιοῦντα
2835 3796 2930 3848 καὶ
2985 3797 3507 3867 πραγματευόμενον

1928 3877 2082 3931 Θεόν.
2116 3876 2273 3932 Οὕτω
2309 3878 2418 3950 γὰρ
2444 3880 2538 3933 καὶ
2576 3881 2675 3945 τὰς
2724 3880 3016 3945 ἐπιϐουλὰς
3073 3882 3506 3952 διακρουσόμεθα

1929 3960 2146 4033 ῥᾳδίως,
2169 3961 2262 4015 καὶ
2279 3961 2388 4014 τῶν
2405 3962 2696 4034 ἀκηράτων
2718 3963 3108 4035 ἐπιτευξόμεθα
3142 3964 3421 4033 στεφάνων
3434 3965 3502 4028 ⁸⁸,

1927 4047 2108 4118 χάριτι
2152 4047 2247 4100 καὶ
2289 4047 2668 4119 φιλανθρωπίᾳ
2723 4047 2817 4101 τοῦ
2864 4048 3068 4119 Κυρίου
3120 4048 3276 4119 ἡμῶν
3325 4047 3505 4119 Ἰησοῦ

1926 4129 2188 4202 Χριστοῦ,
2222 4130 2340 4201 μεθ’
2370 4123 2432 4184 οὗ
2478 4131 2557 4202 τῷ
2595 4133 2762 4199 πατρὶ
2784 4132 2930 4197 δόξα,
2967 4132 3187 4203 κράτος,
3218 4130 3371 4204 τιμὴ,
3405 4134 3505 4186 σὺν

1928 4214 2069 4284 ἀγίῳ
2097 4213 2396 4285 Πνεύματι,
2422 4213 2518 4270 νῦν
2544 4217 2637 4269 καὶ
2673 4215 2765 4271 ἀεὶ
2788 4217 2884 4270 καὶ
2909 4217 2989 4280 είς
3008 4217 3133 4281 τοὺς
3157 4217 3358 4281 αἰῶνας
3386 4216 3500 4270 τῶν

1928 4298 2162 4353 αἰώνων.
2188 4298 2382 4370 Ἀμήν.

315 4406 363 4439 ⁸⁸
390 4404 721 4479 ἐτύπτησας]
768 4406 1006 4478 ἔπληξας
1046 4409 1231 4465 iidem.
1317 4411 1365 4451 αδ
1386 4407 1543 4511 ἀλλάι]
1568 4409 1691 4464 add.
1721 4408 1801 4462 δεῖ
1829 4409 1896 4464 Α.
1930 4408 1994 4465 Β.
2067 4407 2115 4440 ⁸⁵
2146 4405 2440 4477 ὑδροποσίᾳ
2471 4405 2722 4511 πρόσεχε,
2774 4404 2886 4495 ἵνα]
2914 4406 3213 4476 ὑδροπότει.
3255 4406 3500 4478 Πρόσεχε

315 4495 328 4511 .
368 4475 484 4511 mm
560 4492 680 4511 ...ην
725 4479 1077 4511 ινν...,....ι.......
1137 4480 1176 4511 n
1242 4480 1280 4511 ο
1341 4480 1379 4511 ιη
1539 4478 1696 4511 ειη-η
1735 4481 1792 4511 ι...
1829 4480 1870 4511 n
1963 4479 2008 4511 ιτ
2040 4476 2310 4511 mulum.
2357 4476 2434 4511 ιιι.
2550 4478 2618 4511 Αιι
2711 4477 2759 4511 u
2823 4477 3114 4511 Α..--1..ΑΑ
3181 4478 3289 4511 ...ιη
3331 4477 3372 4511 n
3434 4480 3473 4511 n

246 4476 330 4549 ῖνα
348 4475 529 4549 -Εάό,Δ
559 4475 1077 4549 ῐὴοίέγῃνομένην
1135 4480 1197 4534 υ.
1239 4480 1301 4534 Ε.
1338 4480 1399 4534 F.

1583 4478 1792 4552 ἐπίΙὲν
1829 4480 1905 4552 Β.
1963 4479 2008 4511 δ’
2040 4476 2325 4552 ειγᾴμέθρι,
2357 4476 2454 4552 ρετ

244 4547 309 4600 Ε.
348 4546 410 4600 F.
466 4546 533 4622 ξ’
562 4546 953 4622 πιόντες-ΕΜ),
985 4546 1061 4622 Α⁶⁷⁰
1094 4549 1379 4622 ἐλάϐομεν]
1412 4549 1536 4622 add.
1571 4546 1828 4622 mle

1930 4566 2021 4620 μεν
2052 4546 2190 4622 Εᾱάέ
2238 4546 2588 4622 νίψ-θόιιρῐ.
2655 4547 2898 4622 ⁶¹.ήμῶν

2549 4478 2641 4532 dd.
2664 4477 2765 4549 ηεξ
2814 4477 2985 4549 Αὕτη]
3002 4478 3137 4549 add.
3158 4548 3161 4549 ί
3181 4478 3289 4549 γάρ
3311 4477 3394 4531 ε.
3432 4477 3496 4533 ι).

2983 4546 3073 4602 dd.

3148 4548 3193 4578 "
3226 4548 3498 4601 καταφεύ-

241 4617 727 4716 Ψεέβξρξυ
768 4619 880 4716 ἓὶπ
914 4619 957 4651 ⁸³
978 4619 1217 4716 ἔπειδάν]
1243 4614 1618 4716 έέάῖητάρλλξ·
1638 4614 1718 4716 ⁷¹Ξς
1793 4620 1828 4716 ’ἶ

1930 4614 2247 4716 me“???
2270 4617 2334 4716 AD.
2502 4616 2546 4700 ’ξ
2572 4614 2907 4716 ἐπιγίνιεσθαι
2938 4617 2999 4670 D.
3069 4616 3114 4648 “
3219 4633 3328 4716 on).
3359 4614 3495 4716 Etlid.

312 4684 554 4759 πώποτε]
591 4684 750 4759 add._
781 4687 1079 4759 διέλαμψαν
1122 4684 1217 4744 καί
1267 4691 1335 4759 Αἒ
1383 4684 1443 4743 Β.
1488 4684 1618 4744 hdd.
1670 4689 1846 4758 ἔλαμψ

246 4764 421 4825 lerpp.

245 4826 390 4894 ἡμᾶς
427 4828 703 4896 ἐπιτυχεῖν
732 4826 873 4884 Edd.

499 4755 553 4788 εε-
567 4756 775 4830 σοφάνλ
788 4759 883 4830 τοῦ
916 4755 1082 4828 σοφοῦ
1107 4762 1176 4816 Α.
1216 4760 1276 4816 B.
1309 4757 1372 4814 ι).
1402 4760 1569 4815 Paulo
1600 4768 1723 4830 post
1760 4755 2075 4828 σπεύδωμεν
2100 4755 2239 4813 Edd.

1848 4706 1916 4759 αν
1953 4684 2047 4741 καί
2097 4687 2234 4759 ξόό.
2292 4685 2422 4759 Post
2470 4684 3061 4759 attingo-ce_dislingqere
3090 4688 3360 4759 Avidentulf
3412 4689 3495 4742 In-

2349 4756 2394 4789 "
2435 4754 2732 4829 στεφάνων]
2772 4751 3011 4813 ειιΙάῘῶν
3039 4755 3247 4825 γένοιτο
3286 4758 3501 4823 πάντας.

1597 5025 1745 5098 [149]
1786 5023 2028 5080 OMIAIA
2063 5022 2168 5077 IA'.

255 5110 421 5185 Ἰδὼν
449 5111 520 5165 δὲ
552 5114 825 5185 πολλοὺς
845 5115 964 5169 τῶν
987 5114 1407 5170 Σαδδουκαίων
1425 5117 1474 5150 ⁷⁰
1520 5116 1619 5171 καὶ
1656 5122 1823 5185 Φαρι-

312 5182 505 5256 σαίων
549 5184 934 5256 ἐρχομένους-
966 5185 1065 5238 ἐπὶ
1115 5187 1183 5239 τὸ
1221 5186 1548 5256 βάπτισμα
1602 5182 1819 5252 αὑτοῦ,

312 5248 483 5334 εἶπεν
498 5248 721 5333 αὑτοῖξ·
742 5248 1096 5334 Γεννήματα
1108 5248 1385 5334 εχιδνῶν,
1405 5248 1489 5334 gl;
1504 5248 1823 5334 ᾐπέδειξεν

307 5323 453 5390 ὑμῖν
480 5323 696 5392 φυγεῖν
732 5324 849 5378 ἀπὸ
876 5323 985 5393 τῆς
1011 5326 1361 5395 μελλούσης
1388 5325 1567 5397 ὀργῆς
1594 5343 1612 5389 ;

308 5434 379 5481 α’.
412 5428 537 5491 Πῶς
564 5424 659 5484 οὖν
690 5449 855 5503 φησιν
881 5434 909 5487 6
936 5434 1199 5505 Χριστὸς,
1240 5436 1322 5489 ὃτι
1360 5436 1460 5487 οὐκ
1498 5435 1823 5489 ἐπίστευσαν

251 5505 468 5581 Ἰωάννῃ
490 5528 504 5576 ;
532 5512 654 5566 Ὅτι
678 5514 777 5567 οὐκ
798 5510 865 5586 ἧν
889 5516 1045 5569 τοῦτο
1078 5517 1384 5580 πιστεῦσαι,
1408 5516 1469 5570 τὸ
1489 5517 1579 5569 τὸν
1607 5535 1812 5587 κηρυτ-

241 5590 463 5658 τόμενον
490 5594 579 5645 ὐπ’
610 5594 775 5648 αὐτοῦ
810 5596 885 5667 μὴ
917 5596 1189 5661 δέξασθαι.
1231 5598 1381 5651 Ἐπεὶ
1408 5598 1502 5651 καὶ
1531 5600 1641 5661 τοῖς
1674 5599 1815 5669 Προ-

238 5674 433 5743 φήταις
489 5675 673 5741 ἔδοξαν
708 5679 1049 5748 προσέχειν⁷¹
1088 5683 1183 5734 καὶ
1227 5680 1305 5750 τῷ
1341 5680 1656 5751 Νομοθέτῃ·
1698 5681 1813 5735 ἀλλ’

236 5756 385 5825 ὅμως
420 5758 620 5831 ἔφησεν
650 5762 849 5825 αὐτοὺς
882 5762 955 5833 μὴ
996 5764 1459 5835 προσεσχηκέναι,
1490 5766 1679 5836 ἐπειδὴ
1722 5766 1812 5819 τὸν

240 5842 367 5909 παρ’
400 5843 624 5898 ἐκείνων
663 5846 1136 5917 προφητευόμενον
1169 5849 1268 5901 οὐκ
1304 5847 1569 5914 ἐδέξαντο.
1607 5850 1675 5903 El
1700 5849 1811 5920 γὰρ

235 5920 647 5994 ἐπιστεύσατε,
672 5929 824 5999 φησὶ,
853 5930 1098 6000 Μωῦσῇ,
1126 5932 1521 5987 ἐπιστεύσατε
1548 5931 1625 5989 ἂν
1651 5934 1799 6004 ἐμοί·

1918 5114 2029 5169 Kal
2060 5112 2198 5183 μετὰ
2227 5111 2400 5167 ταῦτα
2428 5114 2485 5168 δὲ
2515 5113 2859 5186 ἐρωτώμενοι
2896 5114 3048 5186 παρὰ
3089 5116 3187 5169 τοῦ
3222 5114 3490 5190 Χριστοῦ,

1924 5197 1994 5251 Τὸ
2022 5195 2340 5266 βάπτισμα
2383 5196 2662 5252 Ἰωάννου
2696 5197 2882 5250 πόθεν
2918 5196 3091 5252 ἐστίν
3101 5214 3122 5263 ;
3160 5199 3377 5270 ἔλεγον,
3411 5204 3499 5257 ὅτι

1931 5277 2073 5332 Ἐὰν
2113 5279 2392 5347 εῖπωμεν,
2432 5278 2549 5333 ἀπὸ
2588 5277 2720 5349 γῆς,
2758 5276 3101 5349 φοϐούμεθα
3129 5281 3235 5334 τὸν
3268 5282 3455 5351 ὄχλον
3475 5294 3494 5315 ”

1916 5360 2025 5415 ἐὰν
2050 5362 2328 5429 εἴπωμεν,
2379 5360 2496 5416 ἀπὸ
2545 5360 2826 5428 οὐρανοῦ,
2861 5362 2984 5430 ἐρεῖ
3006 5362 3169 5432 ἡμῖν,
3204 5366 3338 5432 Πῶς
3379 5364 3489 5422 οὖν

1918 5445 2029 5497 οὐκ
2057 5443 2453 5497 ἐπιστεύσατε
2482 5442 2642 5508 αὐτῷ
2658 5458 2678 5507 ;
2704 5443 2865 5497 Ὥστε
2907 5444 2966 5511 ἐξ
3002 5445 3253 5501 ἀπάντων
3286 5449 3497 5503 τούτων

1920 5525 2098 5595 δῆλον,
2136 5527 2216 5579 ὅτι
2267 5526 2628 5596 παρεγένοντο
2673 5528 2773 5599 μὲν
2816 5528 2910 5581 καὶ
2955 5529 3391 5602 ἐϐαπτίσθησαν·
3428 5536 3497 5586 οὐ

1924 5610 2030 5679 μὴν
2059 5608 2279 5676 ἔμειναν
2320 5610 2412 5663 ἐπὶ
2440 5609 2538 5679 τῆς
2571 5610 2806 5676 πίστεως
2839 5610 2934 5666 τοῦ
2983 5614 3355 5684 κηρύγματος.
3380 5617 3493 5670 Kal:

1919 5690 2029 5761 γὰρ
2051 5691 2079 5743 6
2119 5689 2366 5761 Ἰωάννης
2394 5691 2663 5748 δείκνυσιν
2686 5692 2865 5749 αὐτῶν
2885 5694 2984 5766 τὴν
3020 5698 3304 5769 πονηρίαν,
3340 5698 3400 5765 ἐξ
3415 5693 3494 5753 ὧν

1920 5773 2056 5842 πρὸς
2096 5774 2190 5827 τὸν
2246 5775 2561 5846 Βαπτιστὴν
2614 5777 2863 5848 ἔπεμπον
2901 5768 3182 5848 λέγοντες)
3213 5784 3281 5836 El
3319 5784 3402 5838 σὺ
3431 5768 3493 5838 εἶ

1932 5857 2237 5938 Ἠλίας;εὶ
2264 5859 2344 5912 σὺ
2373 5856 2434 5913 εἴ
2452 5863 2486 5914 ό
2504 5862 2757 5929 Χριστός
2774 5878 2794 5927 ;
2825 5862 2906 5918 διὸ
2939 5864 3034 5919 καί⁵
3068 5867 3377 5938 ἐπήγαγενο
3421 5870 3489 5925 Ol

1908 5937 1977 5991 δὲ
1996 5938 2439 6008 ἀπεσταλμένοι
2469 5937 2632 6016 ἦσαν
2656 5945 2726 6002 ἐκ
2743 5944 2863 6003 τῶν
2885 5937 3240 6019 Φαρισαίων.
3265 5937 3335 6008 Τί
3350 5947 3475 6023 οὖν,

299 6020 345 6051 ⁷⁸
375 6022 507 6095 Φαρ.
550 6026 645 6078 καί
674 6024 799 6079 Σαδ.
830 6024 896 6081 Δ.
926 6024 990 6080 C.
1064 6028 1106 6059 τί
1131 6027 1420 6098 προσέχειν
1447 6045 1558 6085 om.
1585 6029 1649 6087 ϐ.
1681 6032 2116 6096 προσεσγηκέναι
2148 6033 2284 6091 Edd.
