4050 6364
274 342 369 403 193
1449 334 1515 392 ΙΝ
1554 333 1876 392 ΜΑΤΤΙΙΛΕΙ

2002 337 2231 398 HOMIL.
2272 342 2365 401 XI.

275 476 330 515 ex
358 456 599 513 Levitica
631 456 772 511 tribu
805 462 941 520 erat,
978 450 1355 523 interrogando
1387 449 1607 505 insidias
1629 448 1733 520 ipsi
1773 462 1866 518 pa-

273 555 488 614 rabant;
531 560 590 603 ut
618 550 662 602 si
693 546 820 617 quid
850 562 1007 601 secus
1026 544 1398 615 responderet,
1429 543 1483 597 in
1511 543 1661 597 illum
1688 556 1866 596 insur-

270 651 469 711 gerent.
498 640 613 693 lloc
633 639 775 693 enim
802 639 963 693 etiam
990 652 1058 692 ex
1088 635 1431 706 sequentibus
1447 634 1685 689 declarat
1708 653 1721 688 :
1745 649 1868 689 nam

274 732 387 788 eum
416 732 551 786 nihil
577 746 767 786 eorum
796 746 915 799 qua:
942 730 1041 800 ipsi
1070 727 1456 799 exspectabant
1479 728 1865 798 respondisset,

275 840 445 881 tamen
479 826 655 895 ipsum
700 823 975 892 culpantes
1019 821 1249 876 dicunt:
1296 820 1431 886 Quid
1469 836 1590 889 ergo
1620 819 1866 889 baptizas,

272 921 311 974 si
336 930 390 972 tu
413 935 521 971 non
548 934 600 971 es
622 916 850 971 Christus
879 914 1059 983 (Joan.
1083 915 1136 968 1.
1162 912 1298 984 25)?
1324 923 1380 967 ut
1404 927 1533 968 vero
1562 912 1739 966 discas
1766 912 1869 966 alia

273 1020 451 1065 mente
480 1009 802 1074 Pharisacos,
829 1009 931 1062 alia
961 1008 1169 1079 plebem
1196 1007 1428 1069 venisse,
1459 1004 1580 1059 audi
1603 1004 1872 1075 quomodo

273 1103 601 1173 evangelista
640 1103 744 1157 hoc
784 1103 945 1157 etiam
988 1100 1243 1155 declaret.
1285 1101 1416 1154 Cum
1450 1113 1642 1169 nempe
1676 1098 1744 1153 de
1774 1114 1870 1167 po-

272 1195 397 1264 pnlo
423 1194 523 1261 ait,
556 1195 702 1264 ipsos
737 1193 949 1248 venisse
978 1201 1033 1246 et
1056 1192 1124 1246 ab
1150 1192 1241 1245 illo
1264 1190 1556 1259 baptizatos
1595 1204 1715 1243 esse
1743 1204 1873 1243 con-

276 1287 487 1339 ﬁtentes
519 1294 738 1354 peccata
761 1300 888 1348 sua;
917 1283 986 1339 de
1008 1282 1292 1337 Phariswis
1320 1298 1447 1337 vero
1468 1297 1574 1335 non
1601 1280 1865 1345 similiter,

274 1376 366 1431 sed
400 1376 484 1431 his
512 1376 690 1431 verbis
720 1393 732 1429 :
787 1374 974 1429 Viaens
998 1374 1181 1427 multos
1210 1372 1616 1429 Sadducceorum
1641 1381 1688 1426 et
1730 1371 1873 1425 Pha-

275 1468 540 1521 risa’orum
568 1468 836 1531 venientes,
868 1466 1103 1520 dicebat:
1136 1464 1405 1519 Genimina
1433 1466 1738 1535 viperarum,
1760 1465 1872 1534 quis

279 1560 410 1613 robis
440 1560 799 1612 demonstravit
845 1559 1018 1628 fugere
1046 1574 1077 1611 a
1104 1566 1315 1611 ventura
1342 1556 1463 1610 ira?
1488 1556 1646 1625 Papa:
1667 1556 1680 1609 !
1705 1572 1873 1625 quan-

276 1653 572 1724 ωηιξη]ῑωί
601 1652 1052 1722 magnitudinem!
1076 1650 1355 1719 Quomodo
1377 1649 1666 1718 alloquitur
1693 1648 1871 1703 homi-

274 1760 373 1798 nes
402 1744 721 1813 sanguinem
747 1742 1115 1813 propheticum
1142 1756 1355 1810 semper
1377 1741 1644 1806 sitientes,
1672 1740 1873 1809 quique

277 1851 383 1889 non
426 1845 582 1890 erant
608 1836 946 1903 serpentibus
976 1832 1259 1888 mitiores?
1287 1846 1407 1886 cum
1442 1840 1639 1902 qua-uta
1669 1840 1723 1886 et
1752 1832 1873 1887 illos

274 1942 330 1984 et
357 1938 611 1998 parentes
640 1929 852 1982 illorum
878 1928 1120 1983 libertate
1145 1927 1496 1983 criminatur?

361 2020 465 2074 Car
513 2018 741 2073 Joannes
800 2019 1030 2090 Baptista
1072 2018 1363 2072 Pharisazos
1408 2016 1758 2087 increpaverit.
1801 2045 1874 2056 —

279 2113 473 2178 Etiam,
492 2112 719 2182 inquies,
743 2110 991 2181 loquendi
1015 2111 1229 2165 libertas
1246 2109 1475 2163 maxima
1489 2118 1571 2164 est
1589 2126 1604 2165 :
1627 2108 1720 2164 sed
1737 2123 1874 2178 qure-

280 2204 505 2259 rendum
531 2220 598 2258 an
632 2204 850 2257 libertas
893 2200 1195 2271 hujusmodi
1224 2201 1397 2270 aliqua
1416 2201 1625 2255 ratione
1651 2199 1869 2254 nitatur.

280 2296 464 2365 Neque
489 2295 634 2349 enim
676 2303 960 2363 peccantes
986 2292 1138 2358 vidit,
1168 2293 1262 2347 sed
1286 2291 1704 2361 resipiscentes:
1735 2305 1869 2360 qua-

282 2400 501 2458 propter
540 2401 645 2441 non
693 2386 913 2455 culpare
957 2385 1258 2454 oportebat,
1301 2382 1396 2439 sed
1447 2382 1668 2438 laudare
1715 2391 1874 2452 atque

282 2480 579 2548 suscipere,
625 2478 747 2548 quia
790 2476 974 2532 relicta
1018 2476 1152 2531 urbe
1201 2484 1255 2533 et
1297 2474 1482 2541 domo,
1529 2482 1875 2530 accurrerant

285 2570 719 2638 przedicationem
764 2567 1019 2623 audituri.
1047 2567 1185 2636 Quid
1212 2580 1341 2637 ergo
1370 2565 1654 2622 dicamus?
1692 2563 1874 2634 Ipsum

282 2664 550 2727 videlicet,
591 2678 697 2717 non
725 2661 1097 2732 prarseutibus,
1146 2676 1321 2731 neque
1348 2660 1507 2715 rebus
1542 2673 1664 2731 quae
1699 2658 1876 2729 palam

282 2756 625 2823 gerebantur,
656 2754 968 2818 attendisse,
996 2753 1091 2807 sed
1118 2768 1311 2807 arcana
1341 2751 1535 2806 mentis
1561 2764 1745 2805 eorum
1774 2764 1874 2803 no-

286 2852 443 2913 visse,
470 2849 524 2901 id
551 2848 825 2902 revelante
853 2846 983 2900 Deo.
1010 2845 1272 2912 Quoniam
1301 2843 1460 2914 igitur
1482 2842 1551 2897 de
1583 2840 1877 2911 majoribus

288 2940 397 2993 suis
417 2940 585 2992 altum
616 2938 917 3007 sapiebant,
942 2936 1102 3005 idque
1131 2935 1262 3005 ipsis
1290 2932 1543 3003 perniciei
1568 2946 1728 2987 causa
1758 2929 1877 2986 fue-

286 3039 385 3095 rat,
420 3034 673 3099 ipsosque
701 3030 752 3082 in
781 3027 1040 3082 desidiam
1073 3027 1400 3096 eonjecerat,
1442 3023 1760 3095 arrogantiae
1786 3037 1877 3077 ra-

288 3124 454 3176 dicem
485 3121 731 3176 succidit.
759 3120 1048 3189 Propterea
1077 3118 1241 3173 Isaias
1262 3118 1380 3172 illos
1408 3116 1676 3187 principes
1705 3113 1879 3170 Sodo-

288 3228 520 3276 morum,
550 3221 606 3267 et
649 3212 902 3281 populum
929 3209 1243 3265 Gomorrba:
1272 3218 1429 3263 vocat
1469 3207 1624 3279 (lsai.
1656 3207 1709 3261 l.
1737 3206 1826 3278 10)
1858 3223 1873 3261 :

287 3315 337 3358 et
363 3305 503 3359 alter
528 3303 789 3374 propheta
812 3303 970 3357 dicit:
994 3300 1180 3356 Nonne
1197 3302 1327 3355 sicut
1342 3302 1438 3371 ﬁlii
1458 3299 1768 3371 Ethiopum
1787 3316 1876 3355 vos

288 3398 400 3450 estis
422 3396 602 3468 (Amos
630 3395 683 3451 9.
713 3395 815 3465 7)?
845 3409 1141 3464 omnesque
1183 3394 1251 3447 ab
1287 3392 1387 3447 hac
1426 3391 1680 3462 opinione
1705 3391 1876 3447 dedu-

289 3498 414 3542 cunt
459 3489 603 3553 illos,
652 3495 915 3542 tumorem
960 3487 1171 3541 illorum
1202 3493 1551 3551 evacuautes,
1582 3484 1671 3555 qui
1722 3483 1881 3539 innu-

286 3578 624 3633 merabilium
651 3578 781 3647 ipsis
811 3578 1070 3632 malorum
1101 3591 1260 3631 causa
1282 3574 1479 3631 fuerat.
1520 3576 1613 3643 At,
1642 3576 1874 3647 inquies,

288 3672 337 3723 id
362 3670 487 3739 jure
517 3668 798 3738 prophetae
828 3667 1117 3733 faciebant,
1148 3668 1237 3737 qui
1268 3668 1388 3723 illos
1415 3674 1698 3737 peccantes
1724 3666 1876 3721 vide-

288 3765 413 3818 bant
442 3779 456 3815 :
492 3763 580 3816 hic
606 3777 735 3816 vero
760 3778 857 3816 cur
878 3770 933 3816 et
959 3776 1061 3831 qua
1089 3762 1154 3816 de
1182 3775 1365 3825 causa,
1398 3775 1519 3815 cum
1552 3761 1674 3815 illos
1698 3760 1879 3816 videat

286 3856 743 3923 obtemperantes,
772 3853 998 3922 idipsum
1040 3852 1201 3907 facit?
1231 3851 1301 3907 Ut
1340 3851 1461 3905 illos
1492 3851 1879 3907 moderatiores

290 3945 498 3999 reddat.
530 3942 589 3998 Si
619 3942 739 4013 quis
761 3952 938 3997 autem
965 3953 1211 3996 accurate
1236 3941 1392 3995 dictis
1431 3941 1692 4009 attendat,
1725 3941 1880 3996 laude

286 4036 712 4106 iucrepationem
755 4036 1102 4106 temperavit.
1144 4035 1430 4089 Admirans
1476 4035 1673 4106 quippe
1724 4034 1876 4100 illos,

288 4128 430 4196 quod
474 4143 599 4182 sero
640 4125 855 4181 tandem
886 4142 947 4181 ea
980 4126 1156 4182 facere
1200 4127 1519 4196 potuissent,
1562 4141 1682 4195 quae
1725 4140 1880 4180 num-

288 4235 446 4285 quam
496 4233 653 4288 posse
695 4217 811 4273 fieri
840 4218 1179 4281 videbantur,
1223 4216 1337 4272 haec
1381 4217 1535 4271 dixit.
1580 4216 1879 4287 lncrepatio

289 4311 449 4379 igitur
477 4310 763 4364 allicientis
792 4309 912 4362 illos
940 4308 1114 4376 potius
1142 4323 1262 4362 esse
1297 4308 1529 4372 videtur,
1562 4317 1618 4361 et
1641 4307 1881 4362 curantis

289 4410 347 4455 ut
371 4401 712 4470 resipiscaut.
740 4401 870 4454 Cum
897 4401 1041 4454 enim
1082 4399 1201 4455 illos
1241 4399 1523 4469 objurgare
1565 4397 1797 4465 videtur,
1826 4408 1882 4452 et

292 4510 539 4565 magnam
572 4494 722 4564 prius
761 4494 972 4548 illorum
1004 4494 1293 4560 nequitiam
1334 4492 1501 4547 fuisse
1541 4491 1795 4556 ostendit,
1829 4501 1883 4546 et

289 4586 643 4639 mutationem
692 4584 928 4652 ipsorum
985 4584 1286 4638 mirabilem
1329 4594 1487 4652 atque
1541 4584 1879 4653 stupendam.

289 4676 570 4744 Quomodo
600 4676 795 4732 factum
818 4686 917 4742 est,
944 4677 1132 4747 inquit,
1168 4689 1225 4731 ut
1248 4693 1367 4731 cum
1390 4678 1601 4732 illorum
1632 4679 1723 4731 lilii
1749 4678 1877 4745 sint,

294 4783 348 4827 et
377 4781 485 4825 tam
519 4771 656 4825 male
695 4769 927 4835 educati,
962 4770 1326 4839 poenitentiam
1366 4770 1562 4839 agant?
1598 4770 1738 4825 unde
1768 4772 1883 4824 haec

293 4873 436 4916 tanta
468 4861 607 4915 facta
642 4872 726 4916 est
766 4862 1034 4915 mutatio?
1078 4862 1197 4931 quis
1225 4863 1566 4928 asperitatem
1594 4862 1760 4917 animi
1787 4878 1881 4917 eo-

294 4971 410 5008 rum
438 4955 518 5009 sic
542 4954 838 5009 emollivit?
866 4954 984 5023 quis
1023 4954 1430 5008 immedicabilia
1463 4955 1683 5009 vulnera
1722 4971 1881 5010 cura-

297 5046 410 5097 vit?
439 5045 509 5099 Et
539 5044 660 5099 vide
686 5044 953 5114 quomodo
982 5043 1103 5098 illos
1140 5058 1169 5097 a
1215 5045 1475 5114 principio
1503 5046 1680 5099 statim
1714 5046 1887 5101 incre-

300 5137 464 5205 pavit,
494 5136 759 5206 gehean
780 5148 1055 5191 sermones
1082 5135 1293 5190 caeteris
1324 5137 1671 5206 praemittens.
1703 5137 1885 5208 Neque

298 5232 439 5286 enim
470 5230 605 5283 dixit
632 5244 716 5291 ea,
748 5243 866 5298 qua:
895 5228 999 5283 dici
1027 5238 1454 5283 consueverant:
1486 5231 1617 5295 Quis
1653 5230 1887 5285 ostendit

299 5323 450 5377 vobis
480 5321 663 5389 fugere
684 5321 843 5385 bella,
867 5320 1211 5375 barbarorum
1241 5322 1503 5383 incursus,
1527 5322 1883 5390 captivitates,

301 5418 486 5481 tames,
529 5414 901 5486 pestilentias?
949 5413 1041 5468 sed
1085 5415 1226 5468 aliud
1255 5416 1519 5484 quoddam
1567 5416 1885 5485 supplicium

300 5507 563 5571 obtendit,
589 5505 732 5575 quod
759 5519 1044 5574 numquam
1070 5504 1198 5574 ipsis
1225 5505 1562 5559 manifestum
1592 5507 1780 5571 fuerat,
1814 5506 1886 5561 ita

302 5603 487 5658 dicens
514 5619 526 5654 :
559 5600 687 5668 Quis
720 5598 1076 5653 demonstravit
1112 5598 1249 5653 vobis
1276 5603 1448 5669 fugere
1473 5616 1504 5651 a
1537 5609 1744 5653 ventura
1768 5597 1889 5653 ira?

368 5692 426 5750 9..
463 5693 595 5749 iure
635 5701 814 5748 autem
844 5692 962 5747 illos
1012 5692 1282 5762 genimina
1318 5676 1616 5762 viperarum
1657 5701 1887 5749 vocavit.

301 5788 576 5861 Siquidem
605 5787 711 5846 hoc
753 5795 1059 5859 serpentum
1089 5801 1259 5859 genus
1294 5788 1679 5858 parturientem
1707 5801 1767 5845 se
1800 5788 1884 5847 in-

3457 360 3562 423 £94

1975 452 2188 520 terlieit,
2214 465 2269 510 et
2296 459 2502 514 viscera
2533 460 2722 516 matris
2746 461 3042 521 corrodens
3070 465 3266 525 dicitur
3305 470 3357 528 in
3386 474 3560 532 lucem

1973 546 2190 615 prodire
2220 566 2234 601 :
2265 549 2316 604 id
2340 551 2480 621 quod
2511 564 2564 608 et
2594 553 2670 608 illi
2695 554 2982 624 faciebant,
3011 570 3221 629 patrum
3250 573 3303 619 et
3329 576 3558 623 matrum

1974 639 2370 709 interfectores,
2402 646 2491 710 qui
2517 646 2765 704 doctores
2792 664 2918 706 suos
2950 653 3178 723 propriis
3202 657 3445 712 manibus
3470 676 3562 714 oc-

1972 731 2237 787 cidebant.
2276 735 2380 789 Sed
2412 737 2463 790 in
2486 740 2826 809 correptione
2869 744 3090 812 gradum
3124 761 3229 800 non
3262 748 3422 815 sistit,
3463 751 3559 807 scd

1974 825 2255 879 consilium
2300 827 2480 897 adjicit
2510 847 2523 883 :
2553 830 2607 886 8.
2653 831 2853 902 Facite,
2896 835 3087 906 inquit,
3139 840 3319 909 dignos
3362 846 3561 913 fructus

1976 917 2297 983 paenitentiaz.
2326 918 2439 973 Non
2474 922 2617 975 enim
2648 928 2779 979 satis
2804 935 2884 979 est
2908 925 3089 998 fugere
3111 931 3308 985 malum
3334 949 3349 997 ;
3389 934 3483 989 sed
3505 947 3563 991 et

1990 1004 2247 1063 virtutem
2305 1024 2557 1080 magnam
2613 1014 2880 1071 exhibere.
2911 1028 3139 1087 oportet.
3208 1019 3286 1075 Ne
3335 1023 3469 1079 mihi
3529 1039 3564 1081 θ

1988 1107 2179 1154 contra
2222 1101 2302 1156 sic
2354 1118 2451 1159 vos
2488 1106 2687 1175 geratis
2729 1117 2788 1162 ut
2818 1110 2970 1165 vobis
3004 1111 3223 1168 solitum
3253 1123 3391 1180 erat,
3432 1132 3557 1172 cum

1988 1189 2202 1245 modico
2230 1206 2325 1248 vos
2357 1202 2598 1266 tempore
2618 1199 2992 1267 reprimentes,
3017 1202 3083 1257 ad
3110 1206 3353 1260 eamdem
3371 1209 3561 1278 nequi-

1986 1282 2116 1336 tiam
2151 1285 2427 1341 redibatis.
2466 1286 2584 1343 Non
2615 1292 2760 1346 enim
2779 1292 2843 1346 ad
2865 1295 3053 1349 eadem
3076 1297 3557 1367 ipsavenimus,ad

1985 1387 2107 1441 qua:
2126 1375 2333 1443 priores
2352 1380 2642 1447 prophetae.
2676 1380 2894 1437 Diversa
2909 1394 3037 1439 sunt
3052 1389 3338 1456 praesentia
3356 1398 3409 1443 et
3428 1392 3558 1445 sub-

1985 1464 2219 1528 limiora,
2239 1471 2369 1539 quia
2388 1472 2504 1539 ipse
2519 1471 2689 1528 Judex
2708 1484 2761 1529 et
2776 1476 2888 1546 ipse
2903 1478 3320 1547 regniDomiuus
3338 1482 3556 1538 advenit

1981 1558 2048 1611 ad
2064 1560 2321 1627 majorem
2344 1563 2617 1619 deducens
2631 1565 3108 1635 philosophiamJn
3122 1570 3311 1625 caelum
3331 1586 3552 1637 vocans,

1978 1658 2035 1704 et
2048 1652 2113 1704 ad
2132 1652 2217 1703 illa
2239 1654 2801 1711 trahenshabitacula.
2838 1660 2959 1712 Ideo
2988 1661 3055 1714 de
3078 1662 3320 1729 geheuua
3345 1679 3554 1717 sermo-

1978 1751 2100 1791 nem
2138 1738 2322 1807 aperio
2348 1756 2363 1793 :
2395 1756 2518 1795 nam
2559 1751 2614 1796 ct
2650 1742 2787 1798 bona
2818 1755 2872 1799 et
2902 1746 3039 1801 mala
3070 1756 3269 1803 aeterna
3312 1760 3455 1807 sunt.
3483 1753 3565 1811 No

1975 1824 2156 1897 itaque
2201 1828 2253 1882 in
2283 1829 2471 1884 iisdem
2520 1832 2672 1885 malis
2700 1836 3073 1902 perseveretis,
3125 1853 3223 1893 nec
3250 1841 3437 1896 solitos
3476 1844 3566 1899 ob-

1978 1929 2157 1977 tentus
2182 1923 2487 1991 proferatis,
2518 1924 2827 1990 Abraltami,
2860 1926 3044 1994 lsaaci,
3087 1929 3291 1996 Jacobi,
3336 1949 3564 2002 proavo-

1978 2029 2096 2069 rum
2131 2025 2429 2070 vestrorum
2457 2017 2810 2072 nobilitatem.
2841 2018 2963 2073 Haec
2988 2029 3163 2076 autem
3190 2022 3419 2089 dicebat,
3450 2040 3558 2083 non

1978 2121 2086 2177 quo
2126 2108 2408 2177 impediret
2449 2108 2565 2163 illos
2609 2124 2675 2162 ne
2719 2125 2779 2164 se
2823 2109 3064 2165 dicerent
3108 2128 3173 2167 ex
3219 2116 3418 2171 sanctis
3456 2117 3565 2173 illis

1981 2199 2307 2267 progenitos,
2356 2199 2449 2253 sed
2479 2198 2737 2253 cohibens
2766 2200 2887 2255 illos
2914 2217 2983 2256 ne
3021 2201 3145 2257 huic
3179 2205 3366 2272 generi
3406 2210 3566 2262 conli-

1978 2288 2187 2354 derent,
2236 2305 2337 2344 neu
2378 2290 2571 2343 anima:
2614 2292 2860 2346 virtutem
2905 2294 3271 2364 negligerent;
3316 2296 3474 2352 simul
3509 2308 3566 2354 et

1980 2398 2098 2452 quae
2129 2384 2181 2437 in
2219 2392 2398 2438 mente
2424 2372 2710 2438 versabant
2739 2384 3031 2452 proferens,
3075 2395 3130 2442 et
3158 2388 3331 2443 futura
3363 2391 3564 2460 praedi-

1979 2489 2129 2530 cens.
2162 2475 2293 2530 Nam
2324 2484 2378 2531 et
2403 2486 2588 2545 postea
2621 2477 2885 2546 prodeunt
2911 2478 3150 2535 dicentes
3183 2498 3197 2535 :
3231 2479 3344 2535 Nos
3370 2492 3567 2551 patrem

1982 2566 2223 2621 habemus
2235 2565 2584 2633 Abraham,“
2595 2569 2731 2624 nulli
2740 2570 3492 2644 servivimusumquamann.
3509 2575 3542 2628 8
3555 2606 3571 2620 -

1981 2659 2096 2729 35).
2128 2658 2389 2727 Quoniam
2432 2658 2590 2728 igitur
2628 2659 2732 2715 hoc
2778 2671 2893 2714 erat
2921 2661 3062 2730 quod
3094 2662 3215 2718 illos
3242 2664 3472 2720 maxime
3514 2665 3573 2719 in

1981 2750 2337 2820 arrogantiam
2363 2750 2550 2803 extulit
2574 2759 2627 2803 et
2667 2751 2931 2818 perdidit;
2967 2751 3067 2807 hoc
3094 2753 3319 2822 primum
3348 2755 3461 2824 ipse
3486 2770 3544 2810 re
3562 2787 3582 2802 -

1980 2840 2184 2911 primit.
2214 2839 2347 2895 Vide
2373 2850 2551 2895 autem
2577 2840 2847 2908 quomodo
2883 2850 3004 2910 post
3040 2852 3308 2898 servatum
3339 2845 3568 2914 patriar-

1980 2932 2099 2987 chae
2118 2931 2357 2987 debitum
2380 2932 2659 2996 honorem.
2690 2932 2788 2988 hos
2820 2944 3001 3003 postea
3028 2937 3318 2992 emendare
3347 2939 3562 2993 nitatur.

1980 3025 2117 3080 Cum
2163 3025 2387 3079 dixisset
2425 3027 2590 3091 enim,
2630 3024 2805 3079 Nolite
2859 3026 3046 3081 dicere.
3085 3026 3295 3081 Patrem
3331 3028 3572 3084 habemus

1980 3116 2260 3182 Abraham,
2290 3131 2394 3170 non
2416 3115 2640 3180 addidit,
2666 3114 2807 3170 Nihil
2834 3116 2974 3170 enim
2999 3132 3094 3173 vos
3118 3119 3314 3187 poterit
3340 3121 3567 3186 patriar-

1981 3209 2082 3264 cha
2105 3208 2327 3279 juvare:
2353 3207 2449 3263 sed
2483 3206 2668 3262 mitius
2695 3217 2751 3263 et
2776 3209 3053 3264 honestius
3094 3210 3196 3264 hoe
3237 3211 3411 3279 ipsum
3441 3212 3573 3266 sub-

1984 3300 2237 3357 indicavit
2274 3300 2495 3355 dicens:
2530 3299 2705 3356 Potest
2734 3300 2867 3355 enim
2893 3300 3030 3355 Deus
3058 3302 3122 3354 de
3163 3300 3417 3371 lapidibus
3459 3304 3572 3357 istis

1986 3394 2231 3450 suscitare
2255 3393 2390 3463 ﬁlios
2418 3393 2654 3449 Abrahae.
2684 3392 2906 3461 Quidam
2935 3392 3121 3447 dicunt
3145 3392 3197 3448 id
3220 3393 3287 3448 de
3322 3394 3573 3465 gentibus

1981 3487 2110 3552 dici,
2153 3502 2285 3557 quas
2316 3485 2517 3556 lapides
2556 3483 2921 3554 metaphorice
2967 3492 3121 3539 vocat
3158 3502 3172 3539 :
3203 3499 3303 3554 ego
3342 3499 3474 3540 vero
3517 3498 3574 3539 et

1982 3579 2141 3634 aliam
2168 3578 2293 3634 dicti
2321 3578 2644 3633 sententiam
2681 3590 2802 3630 esse
2830 3583 2978 3644 puto.
3023 3575 3245 3641 Qualem
3277 3575 3460 3630 illam?
3494 3575 3573 3629 Ne

1984 3672 2201 3743 putetis,
2232 3671 2421 3740 inquit,
2450 3670 2494 3724 si
2525 3685 2618 3723 vos
2641 3670 2891 3738 pereatis,
2924 3668 3281 3737 patriarcham
3309 3668 3425 3723 sine
3452 3669 3573 3722 liliis

1984 3764 2117 3818 fore.
2145 3762 2260 3818 Non
2300 3762 2390 3826 ita,
2422 3777 2528 3815 non
2557 3761 2626 3814 ita
2651 3759 2830 3829 utique
2856 3775 2944 3814 res
2967 3774 3026 3813 se
3056 3758 3233 3813 habet.
3262 3760 3401 3814 Deus
3427 3760 3569 3813 enim

1984 3865 2163 3927 potest
2191 3872 2255 3911 ex
2284 3854 2550 3925 lapidibus
2592 3854 2730 3907 lilios
2760 3853 2858 3922 ipsi
2890 3852 3041 3915 dare,
3083 3862 3137 3907 et
3165 3852 3230 3906 ad
3260 3853 3376 3922 ejus
3405 3868 3574 3922 genus

1983 3952 2459 4019 cognationemque
2487 3945 2605 3999 illos
2643 3943 2932 4010 deducere,
2965 3943 3230 4013 siquidem
3258 3943 3360 3998 hoc
3396 3945 3570 4013 ipsum

1985 4057 2014 4095 a
2042 4039 2305 4110 principio
2346 4038 2544 4091 factum
2589 4043 2693 4091 est.
2739 4033 2873 4088 Nam
2913 4049 2980 4088 ex
3021 4033 3285 4103 lapidibus
3330 4033 3574 4089 homines

1989 4132 2102 4186 fieri
2135 4132 2239 4186 tale
2270 4142 2373 4197 est,
2405 4130 2560 4199 quale
2590 4143 2653 4182 ex
2680 4126 2835 4180 vulva
2875 4126 3043 4181 sterili
3075 4126 3306 4194 puellum
3334 4125 3571 4193 prodire.

1985 4222 2138 4289 Quod
2184 4232 2239 4278 et
2273 4220 2529 4290 prOpheta
2571 4219 2915 4273 subindicans
2954 4216 3202 4271 dicebat:
3234 4216 3484 4286 Respicite
3520 4217 3573 4270 in

1986 4313 2205 4369 solidam
2230 4324 2445 4384 petram,
2474 4327 2538 4364 ea:
2563 4326 2663 4381 qua
2683 4309 2838 4364 excisi
2855 4308 2993 4373 estis,
3022 4317 3072 4362 et
3095 4307 3162 4360 ad
3183 4311 3379 4378 foveam
3405 4306 3570 4372 lacus,

1987 4421 2050 4459 ea:
2088 4421 2188 4475 qua
2229 4402 2402 4471 e/fossi
2440 4404 2556 4456 estis
2582 4418 2601 4455 :
2624 4400 2859 4470 respicite
2896 4400 2950 4451 in
2976 4398 3235 4451 Abraham
3264 4408 3458 4469 patrem
3484 4414 3573 4452 ve-

1986 4507 2166 4562 strum,
2194 4505 2241 4549 et
2278 4497 2331 4548 in
2357 4495 2545 4549 Saram
2566 4507 2680 4562 qua:
2703 4507 2789 4545 vos
2816 4491 3081 4560 parturivit
3105 4488 3256 4560 (Isai.
3290 4490 3381 4545 5i.
3410 4491 3461 4545 1.
3489 4489 3572 4562 2).

1989 4590 2137 4644 Hane
2182 4605 2310 4658 ergo
2352 4588 2684 4657 prophetiam
2728 4585 2835 4639 illis
2876 4594 3093 4639 revocat
3134 4583 3188 4637 in
3233 4583 3572 4651 memoriam,

1987 4682 2325 4750 ostenditque
2349 4682 2486 4735 sicut
2514 4695 2543 4733 a
2574 4678 2833 4748 principio
2854 4677 3004 4731 illum
3034 4676 3113 4731 sic
3134 4676 3450 4731 mirabiliter
3474 4692 3572 4747 pa-

1989 4785 2125 4829 trem
2154 4773 2349 4839 eliecit,
2376 4772 2527 4843 quasi
2571 4788 2639 4826 ex
2670 4770 2957 4841 lapidibus,
2988 4771 3067 4825 sic
3088 4780 3144 4825 et
3171 4784 3315 4825 nunc
3352 4785 3571 4842 quoque

1989 4868 2038 4922 id
2068 4882 2222 4937 posse
2252 4867 2384 4921 fieri.
2417 4866 2521 4920 Sed
2546 4865 2665 4919 vide
2686 4862 2957 4934 quomodo
2982 4871 3036 4917 et
3066 4869 3265 4918 terreat
3283 4870 3340 4919 et
3365 4864 3575 4918 exscin-

1987 4959 2099 5013 dat.
2141 4959 2257 5013 Non
2286 4959 2427 5012 enim
2456 4957 2609 5023 dixit,
2639 4956 2756 5011 Jam
2786 4955 3058 5021 excitavit,
3102 4970 3171 5010 ne
3196 4954 3297 5024 ipsi
3336 4955 3574 5013 animum

1988 5050 2415 5119 desponderent;
2469 5048 2585 5114 sed,
2645 5046 2909 5103 Suscitare
2953 5055 3134 5115 potest.
3182 5044 3366 5116 Neque
3415 5045 3573 5108 dixit,

1993 5142 2247 5196 Ilomines
2287 5142 2462 5195 facere
2488 5149 2662 5209 potest
2699 5155 2767 5192 ex
2798 5136 3082 5207 lapidibus,
3119 5135 3215 5192 sed
3240 5136 3383 5207 quod
3410 5139 3580 5192 multo

1992 5234 2161 5303 majus
2184 5241 2321 5297 erat,
2345 5241 2399 5286 et
2426 5240 2679 5299 cognatos
2706 5240 2759 5285 et
2786 5228 2924 5284 lilios
2951 5228 3201 5283 Abrahaz.
3235 5227 3421 5283 Viden’
3445 5244 3579 5300 quo-

1992 5325 2151 5381 modo
2180 5326 2299 5381 illos
2328 5324 2555 5379 abduxit
2592 5338 2623 5377 a
2660 5322 2862 5377 carnali
2902 5322 2993 5376 illa
3031 5322 3409 5392 imaginatione
3450 5331 3506 5377 et
3546 5336 3576 5377 a

1992 5417 2239 5488 praesidio
2279 5432 2622 5487 proavorum,
2667 5424 2727 5469 ut
2757 5415 2810 5469 in
2841 5413 3053 5485 propria
3098 5413 3410 5483 poenitentia
3441 5422 3577 5469 tem-

1992 5510 2336 5580 perantiaque
2377 5523 2525 5578 spem
2570 5506 2763 5561 salutis
2789 5504 3089 5562 haberent?
3112 5504 3287 5561 viden’
3307 5505 3575 5576 quomodo

1990 5602 2360 5673 cognationem
2388 5599 2563 5656 carnis
2589 5597 2900 5667 excludens,
2932 5596 3057 5654 ﬁdei
3083 5598 3455 5669 cognationem
3492 5598 3572 5655 in-

1990 5693 2174 5752 ducit?

2068 5788 2123 5846 '5.
2162 5786 2423 5855 Quantum
2452 5786 2713 5843 vehemens
2732 5784 2797 5841 sit
2826 5783 3101 5857 increpatio
3129 5800 3222 5855 1ua
3245 5781 3456 5840 Judcos
3472 5796 3568 5840 ex-
