4050 6364
505 284 611 340 195

497 400 618 453 citat
646 393 874 451 Joannes
910 391 1160 463 Baptista.
1193 392 1364 447 Timor
1384 392 1452 445 ad
1480 390 1818 462 paenitentiam
1841 387 2088 443 ducit.—

496 490 777 559 Perpeudc
806 488 986 558 itaque
1023 487 1294 558 quomodo
1333 485 1385 539 in
1412 482 1758 555 sequentibus
1788 482 1976 536 horum
2015 481 2086 536 ti-

496 596 704 640 morem
723 589 934 650 augeat,
964 587 1021 634 et
1044 576 1456 633 sollicitudinem
1482 575 1738 631 intendat.
1760 572 1894 630 Cum
1920 572 2086 629 dixis-

493 683 580 729 set
619 673 784 737 enim,
814 669 988 725 Potest
1015 668 1157 725 Deus
1182 685 1246 724 ea:
1269 667 1522 739 lapidibus
1547 667 1658 721 istis
1679 668 1924 721 suscitare
1947 665 2085 735 ﬁlios

490 767 732 832 Abrahae,
758 765 1036 836 subjuuxit
1064 780 1079 818 :
1113 763 1202 819 10.
1223 760 1345 816 Ιαηι
1383 761 1572 816 securis
1601 761 1669 814 ad
1686 759 1910 813 radicem
1935 760 2084 812 arbo-

489 876 602 913 rum
630 859 795 931 posita
821 867 892 912 est
917 873 936 911 :
962 871 1056 925 per
1076 854 1253 910 omnia
1294 852 1589 909 terribilem
1627 865 1928 906 sermonem
1955 849 2084 905 red-

490 951 650 1007 dens.
679 951 813 1006 Nam
857 966 923 1006 ex
953 950 1075 1004 vitta
1116 963 1315 1019 genere
1355 962 1599 1017 magnam
1626 945 1836 1000 dicendi
1869 945 2084 1000 liberta-

491 1053 599 1098 tem
628 1051 816 1098 nactus
853 1051 1004 1106 erat;
1037 1040 1115 1094 illi
1143 1055 1271 1095 vero
1300 1038 1606 1094 vehementi
1633 1036 1866 1108 egebant
1908 1036 2084 1091 incre-

491 1135 742 1205 patione,
787 1135 912 1204 quia
961 1148 993 1186 a
1040 1131 1210 1186 multo
1240 1131 1351 1200 jam
1403 1139 1645 1198 tempore
1697 1128 2080 1184 obduruerant.

489 1225 625 1293 Quid
655 1226 800 1280 enim
831 1222 971 1288 dico,
995 1222 1182 1294 inquit,
1207 1221 1319 1276 fore
1345 1230 1403 1275 ut
1421 1220 1679 1276 excidatis
1706 1234 1736 1274 a
1766 1219 2081 1289 patriarchae

489 1314 829 1387 cognatione,
870 1323 925 1369 et
949 1314 1083 1369 alios
1111 1313 1336 1368 videatis
1377 1327 1442 1367 ex
1472 1311 1733 1381 lapidibus
1761 1313 1814 1366 in
1844 1322 2079 1368 veStram

489 1405 781 1461 succedere
823 1404 1168 1475 dignitatem?
1206 1403 1337 1458 Nam
1381 1418 1486 1457 non
1528 1403 1630 1458 hoc
1677 1411 1882 1457 tantum
1928 1402 2079 1457 vobis

488 1500 594 1554 erit
622 1513 814 1570 preme,
856 1499 952 1553 sed
991 1507 1046 1553 et
1082 1497 1304 1551 ulterius
1332 1496 1505 1550 adhuc
1533 1495 1787 1565 procedet
1823 1494 2074 1549 vindicta.

487 1591 611 1646 lam
643 1593 809 1656 enim,
850 1591 1040 1661 inquit,
1069 1590 1256 1644 securis
1293 1589 1360 1643 ad
1386 1589 1610 1643 radicem
1645 1589 1884 1643 arborum
1914 1587 2080 1657 posita

489 1695 584 1739 est.
614 1684 756 1740 Nihil
787 1684 1077 1739 terribilius
1100 1682 1198 1737 hac
1227 1681 1475 1752 loquendi
1512 1682 1699 1752 figura.
1729 1679 1846 1736 Jam
1876 1680 2076 1750 quippe

491 1792 598 1831 non
630 1776 768 1831 ultra
800 1775 994 1830 falcem
1031 1774 1321 1839 volantem,
1363 1788 1470 1828 non
1513 1787 1696 1842 sepem
1725 1772 2074 1838 destructam,

495 1887 602 1925 non
629 1869 993 1924 conculcatam
1040 1868 1274 1930 vineam,
1315 1881 1540 1921 cernere
1565 1875 1680 1930 est;
1711 1864 1807 1920 sed
1844 1863 2077 1920 securim

486 1963 772 2018 admodum
795 1971 1097 2025 exacutam,
1125 1959 1374 2031 quodque
1393 1959 1626 2029 gravius,
1653 1959 1766 2027 jam
1791 1957 1856 2012 ad
1879 1957 2075 2026 januas

489 2055 738 2126 positam.
785 2053 919 2119 Quia
955 2053 1098 2107 enim
1140 2050 1419 2120 prophetis
1466 2065 1572 2104 non
1598 2049 1900 2115 credentes,
1933 2061 2078 2118 saepe

483 2146 736 2201 dicebant
767 2162 780 2198 :
814 2143 913 2199 Ubi
941 2153 1014 2198 est
1055 2142 1164 2197 dies
1188 2140 1439 2196 Domini?
1480 2150 1554 2206 et,
1594 2138 1768 2194 Veniat
1805 2139 2074 2194 consilium

485 2238 647 2292 sancti
679 2236 864 2301 Israel,
908 2245 965 2290 ut
1005 2237 1226 2290 sciamus
1266 2233 1418 2307 (Isai.
1449 2234 1504 2289 5.
1533 2230 1625 2304 19)
1651 2250 1664 2286 :
1693 2247 1760 2288 eo
1799 2232 1943 2304 quod
1986 2247 2073 2301 ea,

486 2346 606 2400 quae
627 2329 1078 2400 praedicebantur,
1112 2335 1234 2398 post
1273 2326 1470 2381 multos
1496 2340 1668 2380 annos
1694 2339 1840 2396 saepe
1860 2323 2075 2380 accide-

487 2431 742 2477 rent:ut
787 2420 888 2475 hac
942 2419 1064 2474 illos
1115 2418 1485 2474 consolatione
1538 2418 1790 2488 privaret,
1845 2416 2075 2471 vicinam

488 2514 617 2584 ipsis
651 2513 1005 2570 calamitatem
1058 2511 1353 2566 constituit.
1407 2509 1541 2566 Illud
1581 2523 1741 2580 porro
1786 2507 2076 2564 declaravit

490 2605 605 2661 lucc
626 2620 752 2672 vox,
780 2604 944 2668 1am;
970 2603 1169 2659 indicat
1193 2603 1341 2665 item,
1369 2601 1511 2671 quod
1538 2601 1648 2671 jam
1678 2601 1883 2656 securis
1906 2598 2074 2656 radici

485 2695 702 2751 admota
741 2695 830 2750 sit.
859 2694 998 2749 Nihil
1024 2696 1166 2750 enim
1215 2693 1584 2750 intermedium
1613 2702 1716 2759 est,
1745 2691 1938 2761 inquit,
1979 2689 2076 2748 sed

484 2787 594 2857 jam
623 2787 790 2842 radici
818 2788 999 2842 inStat.
1030 2787 1146 2842 Non
1170 2785 1324 2853 dixit,
1365 2785 1569 2851 Ramis,
1603 2799 1730 2850 non,
1760 2783 2072 2850 Fructibus,

486 2879 605 2947 sed,
635 2880 856 2945 Radici;
887 2877 1177 2934 ostendens
1203 2878 1365 2948 ipsos,
1408 2878 1455 2933 si
1483 2877 1719 2946 segniter
1757 2884 1936 2947 agant,
1968 2875 2074 2930 im-

488 2971 824 3027 medicabilia
850 2971 987 3025 mala
1031 2985 1286 3040 passuros
1313 2983 1455 3036 esse,
1505 2970 1624 3024 sine
1653 2969 1758 3024 ulla
1795 2983 1892 3039 spe
1919 2983 2076 3024 cura-

489 3065 674 3120 tionis.
699 3063 882 3134 Neque
907 3064 1048 3118 enim
1076 3077 1264 3118 servus
1288 3073 1370 3117 est
1395 3062 1439 3116 is
1460 3062 1548 3129 qui
1571 3061 1808 3128 advenit,
1838 3071 1896 3116 ut
1925 3061 1960 3115 ii
1983 3061 2073 3131 qui

485 3165 680 3222 antea;
725 3155 822 3212 sed
867 3155 982 3226 ipse
1028 3154 1402 3210 universorum
1442 3153 1722 3220 Dominus,
1771 3152 1861 3224 qui
1907 3150 2073 3208 vehe-

486 3259 722 3306 mentem
763 3258 818 3305 et
841 3248 1212 3322 gravissimam
1255 3246 1446 3317 infligit
1469 3245 1776 3301 vindictam.
1822 3247 2074 3300 Attamen

487 3351 768 3411 postquam
807 3340 929 3395 illos
957 3338 1238 3405 exterruit,
1268 3353 1375 3393 non
1399 3337 1530 3394 sinit
1561 3338 1616 3392 in
1639 3337 2073 3408 desperationem

486 3433 760 3498 incidere;
814 3433 911 3488 sed
937 3431 1388 3503 quemadmodum
1418 3447 1580 3502 supra
1623 3447 1731 3487 non
1760 3431 1917 3496 dixit,
1966 3431 2072 3486 Su-

485 3524 720 3588 scitavit,
747 3523 864 3588 sed,
895 3523 1072 3579 Potest
1097 3523 1345 3578 suscitare
1381 3524 1516 3592 ﬁlios
1539 3523 1776 3587 Abralue,
1813 3532 2072 3579 terrorem

486 3614 645 3672 simul
685 3624 738 3672 et
765 3617 1199 3674 consolationem
1229 3615 1521 3672 immittens
1551 3631 1565 3666 :
1594 3615 1674 3668 sic
1715 3623 1771 3668 et
1818 3615 1921 3670 hoc
1956 3614 2074 3670 loco

487 3720 593 3762 non
628 3709 786 3772 dixit,
821 3709 1075 3764 Radicem
1124 3709 1319 3778 attigit,
1361 3708 1478 3775 sed,
1525 3707 1605 3762 Att
1644 3705 1866 3762 radicem
1909 3706 2073 3781 posita

485 3809 580 3866 est,
609 3815 703 3854 seu
729 3799 898 3854 radici
926 3800 1138 3855 admota
1162 3810 1279 3865 est;
1309 3811 1364 3856 et
1388 3802 1585 3856 nullam
1611 3800 1728 3857 fore
1761 3801 2071 3858 dilationem

485 3891 741 3948 ostendit.
788 3891 1058 3948 Caeterum
1107 3892 1209 3948 etsi
1249 3893 1396 3947 illam
1434 3893 1506 3947 ita
1545 3907 1713 3964 prope
1751 3893 2069 3960 admoverit,

485 3985 778 4040 sectionem
808 3984 860 4039 in
891 3993 1073 4039 vestro
1099 3983 1250 4056 ponit
1287 3984 1529 4041 arbitrio.
1558 3985 1690 4041 Nam
1723 3987 1766 4040 si
1792 3995 2074 4041 converta-

486 4077 636 4142 mini,
673 4084 729 4131 et
770 4077 824 4130 in
853 4075 1041 4132 melius
1084 4075 1386 4142 mutemini,
1417 4076 1550 4131 nihil
1595 4086 1815 4148 operata
1865 4076 2070 4132 securis

484 4169 879 4235 removebitur;
921 4168 967 4224 si
1013 4178 1194 4226 autem
1229 4168 1282 4224 iu
1327 4169 1514 4225 iisdem
1558 4169 1750 4225 studiis
1778 4170 2063 4236 maneatis,

485 4262 741 4318 radicitus
769 4261 1016 4318 arborem
1052 4261 1267 4317 avellet.
1300 4260 1426 4317 Ideo
1451 4262 1659 4318 securis
1700 4278 1800 4319 nec
1826 4278 1856 4318 a
1884 4262 2066 4337 radice

481 4364 784 4421 amovetur,
842 4369 1020 4426 neque
1045 4363 1193 4411 secat
1234 4354 1472 4419 admota,
1528 4363 1640 4409 tum
1676 4371 1744 4411 ne
1787 4354 2067 4420 decidatis,

483 4454 595 4499 tum
642 4454 702 4499 ut
738 4445 978 4512 discatis,
1016 4459 1176 4516 posse
1219 4459 1316 4500 vos
1359 4445 1506 4500 brevi
1551 4454 1793 4515 tempore
1834 4454 2069 4501 mutatos

481 4537 713 4591 salutem
759 4537 1038 4605 consequi.
1077 4535 1202 4592 Ideo
1239 4536 1472 4607 undique
1509 4536 1758 4592 timorem
1797 4545 1978 4608 auget,
2010 4546 2070 4592 ut

481 4629 680 4684 excitet
718 4628 866 4696 ipsos
889 4627 1235 4698 impellatque
1262 4627 1328 4682 ad
1353 4627 1740 4698 paenitentiam.
1763 4627 1898 4683 Nam
1922 4637 1977 4684 et
1998 4627 2070 4685 ab

479 4734 703 4776 avorum
732 4719 989 4790 dignitate
1027 4719 1298 4786 excidere,
1329 4727 1386 4774 et
1420 4719 1555 4774 alios
1583 4719 1634 4774 in
1666 4720 1748 4774 sui
1777 4720 1954 4774 locum
1980 4720 2067 4775 in-

480 4815 674 4870 ductos
699 4827 942 4877 cernere,
973 4820 1031 4867 et
1053 4813 1188 4867 mala
1215 4813 1269 4867 in
1285 4812 1464 4883 januis
1491 4826 1634 4876 esse,
1665 4821 1722 4868 et
1757 4812 2069 4869 intolerabi-

482 4905 552 4960 lia
597 4903 732 4958 mala
782 4903 1001 4965 instare,
1051 4918 1172 4972 quae
1210 4914 1434 4974 utraque
1477 4909 1572 4973 per
1610 4903 1844 4958 radicem
1890 4913 1944 4959 et
1970 4919 2067 4974 per

481 4995 711 5052 securim
734 4993 1012 5058 indicavit;
1039 4993 1173 5062 haec,
1207 4995 1442 5065 inquam,
1471 5005 1738 5065 poterant,
1767 4995 1852 5051 vel
1878 4995 2068 5052 admo-

482 5088 612 5145 dum
640 5090 692 5144 in
735 5087 1035 5144 socordiam
1079 5088 1259 5158 lapsos
1284 5089 1540 5154 excitare,
1572 5097 1628 5143 et
1651 5089 1912 5146 sollicitos
1937 5090 2064 5145 red-

480 5183 628 5239 dere.
670 5181 782 5237 Hoc
805 5182 982 5252 itaque
1008 5181 1288 5237 declarans
1309 5181 1521 5246 Paulus,
1549 5181 1762 5239 dicebat
1790 5201 1805 5238 :
1845 5182 2064 5238 Verbum

481 5277 823 5330 nbbreviatum
867 5276 1017 5346 faciet
1060 5274 1312 5329 Dominus
1356 5292 1507 5346 super
1560 5277 1846 5330 universum
1892 5276 2062 5332 orbem

487 5362 660 5430 (Rana.
687 5365 742 5423 9.
769 5365 882 5437 28).
933 5366 1040 5422 Sed
1082 5381 1151 5423 ne
1184 5366 1403 5432 timeas;
1445 5366 1556 5422 imo
1582 5368 1759 5438 potius
1803 5369 1930 5424 time
1954 5368 2066 5438 qni-

480 5458 625 5524 dem,
653 5458 749 5515 sed
787 5467 854 5514 ne
879 5457 1154 5529 desperes.
1186 5458 1318 5513 Nam
1361 5457 1538 5513 adhuc
1573 5473 1723 5530 spem
1755 5459 2065 5514 mutationis

483 5548 680 5611 habes:
713 5569 888 5623 neque
914 5553 1057 5608 enim
1098 5551 1363 5608 sententia
1406 5552 1458 5606 in
1484 5567 1619 5621 Opus
1658 5551 1858 5622 prodit,
1889 5566 2063 5623 neque

483 5645 687 5698 securis
711 5642 779 5698 ad
801 5641 1087 5698 secandum
1119 5643 1282 5698 venit.
1311 5640 1447 5709 Quid
1467 5643 1612 5696 enim
1639 5656 1708 5698 ne
1735 5652 1946 5699 secaret
1971 5643 2064 5700 im-

492 5729 744 5798 pediebat
773 5734 920 5792 illam
961 5735 1126 5792 radici
1169 5734 1480 5793 admotam?
1519 5734 1626 5793 Sed
1665 5743 1724 5792 ut
1771 5745 1826 5794 te
1865 5737 2056 5794 timore

1225 275 1267 334 S
1325 274 1602 332 JOANNIS
1648 268 2120 332 CIIBYSOSTOMI
2161 269 2480 330 ARCHIEP.
2521 274 3062 336 CONSTANTINOP.

3671 286 3783 342 {‘36

2198 389 2478 446 meliorem
2514 391 2784 460 redderet,
2812 403 2868 451 et
2885 394 2953 450 ad
2981 392 3260 451 ferendum
3288 394 3520 452 fructum
3549 405 3780 464 aptaret.

2197 480 2411 538 admota
2440 481 2555 538 fuit.
2593 483 2721 540 Ideo
2748 485 2927 544 intulit
2956 503 2969 540 :
3003 484 3182 541 Omnis
3211 491 3363 540 arbor
3387 503 3501 559 quia
3526 505 3627 542 non
3659 488 3787 556 facit

2195 578 2418 647 fructum
2447 575 2632 631 bonum
2675 578 2955 644 excidetur,
3001 589 3050 634 et
3083 580 3140 634 in
3175 581 3342 652 ignem
3371 582 3618 635 mittetur.
3645 580 3784 636 Cum

2194 681 2358 736 porro
2380 666 2528 732 dicit.
2554 666 2754 734 Omnis,
2777 678 2992 725 amovet
3015 684 3229 726 omnem
3258 671 3552 727 nobilitatis
3577 687 3784 742 prasro-

2193 759 2443 829 gativam.
2477 760 2697 816 Etiamsi
2723 761 2867 815 enim
2895 760 3065 831 ipsius
3093 762 3324 818 Abrahae
3351 777 3522 832 nepos
3565 763 3663 828 sis,
3697 762 3784 816 iu-

2193 852 2330 922 quit,
2359 853 2571 908 etiamsi
2600 854 2741 908 inter
2765 867 2896 908 avos
2926 853 3125 910 multos
3143 868 3460 909 enumerare
3492 855 3666 922 possis
3687 870 3784 923 pa-

2191 946 2473 1012 triarchas,
2505 946 2705 1017 duplex
2726 947 3044 1018 supplicium
3075 948 3210 1012 lues,
3238 947 3283 1003 si
3310 947 3426 1002 sine
3453 945 3630 1002 fructu
3659 963 3787 1001 ma.-

2192 1053 2343 1094 neas.
2377 1038 2472 1094 His
2497 1040 2673 1094 verbis
2697 1040 3009 1110 publicanos
3036 1039 3247 1106 terruit,
3279 1039 3506 1094 militum
3538 1039 3783 1094 animum

2191 1134 2498 1199 commovit,
2539 1148 2646 1188 non
2683 1134 2737 1188 in
2763 1133 3195 1204 desperationem
3223 1133 3540 1203 conjiciens.
3571 1132 3668 1187 sed
3710 1133 3784 1186 ah

2191 1227 2339 1281 omni
2379 1227 2605 1298 segnitie
2629 1226 2941 1284 detrudens.
2988 1228 3120 1283 Nam
3163 1229 3216 1284 id
3245 1227 3386 1298 quod
3417 1228 3618 1282 dictum
3659 1234 3788 1282 erat

2190 1333 2311 1373 cum
2341 1319 2534 1374 timore
2571 1334 2819 1390 magnam
2843 1319 3153 1390 adjunctam
3182 1319 3415 1375 habebat
3451 1318 3786 1375 conSolatio-

2190 1425 2335 1464 nem.
2363 1408 2499 1465 Cum
2527 1410 2664 1465 dixit
2688 1411 2856 1476 enim,
2891 1411 3018 1478 Qua:
3042 1428 3143 1466 non
3163 1411 3285 1482 facit
3314 1413 3537 1484 fructum
3562 1411 3780 1476 bonum,

2189 1500 2426 1556 ostendit
2469 1501 2639 1567 illam,
2676 1517 2798 1572 quae
2847 1501 3078 1558 fructum
3119 1503 3319 1558 bonum
3369 1502 3588 1574 profert,
3639 1500 3781 1558 nulli

2189 1593 2451 1663 supplicio
2474 1608 2594 1649 esse
2617 1593 2923 1649 obnoxiam.

2257 1685 2314 1739 4.
2340 1683 2702 1753 thuomodo,
2717 1685 2804 1754 inq
2813 1685 2944 1749 uies,
2963 1684 3190 1740 fructum
3207 1683 3346 1739 ferre
3362 1681 3676 1756 poterimus.
3696 1683 3778 1738 in-

2187 1783 2362 1830 stante
2372 1774 2629 1840 sectione,
2643 1785 2694 1830 et
2709 1775 2762 1830 in
2778 1786 2882 1830 tam
2895 1785 3118 1846 angusto
3131 1784 3397 1845 tempore,
3411 1789 3532 1830 cum
3544 1784 3782 1830 statutus

2187 1868 2448 1923 terminus
2472 1869 2541 1924 sit
2565 1868 2634 1923 ita
2664 1868 2976 1939 proximus?
3000 1867 3229 1935 Poteris,
3253 1868 3457 1938 inquit;
3490 1883 3596 1923 non
3627 1868 3773 1923 enim

2187 1959 2310 2014 talis
2329 1969 2412 2015 est
2432 1959 2540 2026 ille,
2556 1960 2729 2030 qualis
2742 1959 2992 2015 arborum
3007 1957 3322 2030 fructus,qui
3343 1959 3568 2014 multum
3591 1968 3783 2030 postu-

2186 2050 2262 2105 la—t
2275 2059 2504 2120 tempus,
2519 2058 2574 2106 et
2587 2059 2670 2107 est
2683 2051 2809 2106 anni
2827 2051 3228 2120 tempestatibus
3242 2050 3507 2114 subditus,
3525 2066 3590 2106 ac
3602 2050 3777 2105 multa

2185 2149 2308 2210 eget
2320 2141 2657 2211 operatione;
2675 2141 2769 2196 sed
2784 2140 2977 2196 sufﬁcit
2991 2141 3149 2206 velle,
3165 2141 3404 2196 etstalim
3419 2140 3573 2200 ﬂoret
3586 2141 3772 2196 arbor.

2185 2230 2370 2301 Neque
2387 2233 2528 2288 enim
2547 2232 2741 2288 radicis
2762 2241 2949 2289 natura
2971 2242 3195 2300 tantum,
3222 2233 3316 2289 sed
3336 2234 3496 2289 etiam
3518 2248 3606 2288 ars
3624 2233 3773 2303 agri-

2184 2324 2318 2380 colae
2337 2323 2403 2379 ad
2421 2323 2649 2379 fructum
2669 2324 2945 2381 ferendum
2963 2326 3368 2396 maximejuvat.
3388 2325 3588 2382 Idcirco
3609 2342 3676 2381 ne
3692 2326 3778 2380 di-

2184 2424 2370 2472 cerent
2387 2435 2402 2470 :
2418 2415 2527 2472 Nos
2545 2417 2748 2486 turbas,
2764 2433 2941 2488 urges,
2961 2419 3124 2488 cogis,
3147 2418 3358 2473 admota
3381 2418 3553 2474 securi
3575 2418 3778 2473 sectio-

2184 2525 2308 2565 nem
2334 2510 2730 2577 comminando,
2750 2521 2806 2566 et
2825 2512 2878 2566 in
2903 2511 3018 2581 ipso
3038 2511 3281 2582 supplicii
3306 2522 3546 2582 tempore
3567 2511 3779 2568 fructus

2186 2610 2502 2671 proventum
2525 2602 2729 2673 exigis;
2753 2600 3048 2673 subjunxit,
3070 2601 3360 2658 ostendens
3379 2601 3635 2658 afferendi
3657 2603 3740 2657 t'ru
3753 2634 3776 2644 -

2183 2699 2303 2748 ctus
2321 2692 2630 2748 facilitatem
2649 2709 2662 2747 :
2680 2694 2768 2748 ll.
2787 2691 2900 2764 Ego
2919 2709 3005 2749 cas
3024 2693 3223 2764 baptizo
3243 2695 3298 2748 in
3321 2711 3484 2765 aqua:
3501 2695 3586 2767 qui
3599 2704 3776 2748 autent

2185 2793 2296 2854 post
2315 2801 2394 2839 me
2411 2785 2562 2849 venit,
2590 2787 2771 2857 fortior
2786 2802 2864 2840 me
2880 2794 2974 2852 est,
2997 2786 3142 2857 cujus
3159 2802 3260 2840 non
3276 2803 3390 2839 sum
3403 2785 3588 2857 dignus
3606 2786 3745 2840 carri
3755 2816 3776 2825 -

2182 2877 2322 2948 giam
2345 2877 2670 2932 calceamenti
2691 2878 2902 2932 solvere.
2931 2875 2959 2930 1
2969 2893 3055 2947 pse
3077 2893 3164 2932 vos
3192 2877 3463 2947 baptizabit
3487 2878 3541 2930 in
3570 2874 3775 2946 Spiritu

2182 2977 2357 3023 sancto
2384 2977 2433 3022 et
2455 2969 2510 3022 in
2532 2970 2681 3040 igne:
2701 2969 2785 3024 his
2812 2969 3091 3025 declarans
3118 2969 3393 3024 voluntate
3418 2969 3574 3024 simul
3595 2979 3648 3024 et
3665 2969 3778 3024 tida

2183 3072 2319 3129 Opus
2338 3075 2482 3128 esse,
2499 3077 2606 3116 non
2623 3061 2894 3118 laboribus
2912 3061 3333 3133 sudoribusque;
3356 3073 3518 3133 atque
3545 3071 3602 3118 ut
3615 3061 3778 3118 facile

2183 3161 2267 3208 est
2285 3152 2560 3222 baptizari,
2580 3153 2649 3208 ita
2667 3152 2824 3210 facile
2846 3168 2967 3210 esse
2985 3153 3222 3209 converti
3247 3161 3302 3208 et
3319 3154 3571 3209 meliores
3586 3154 3780 3209 evade.

2181 3259 2262 3301 re.
2281 3244 2566 3316 Postquam
2584 3246 2746 3316 igitur
2759 3245 2970 3301 illorum
2987 3245 3194 3300 animos
3205 3254 3567 3300 commoverat
3579 3245 3779 3300 timore

2175 3335 2360 3407 judicii
2373 3346 2430 3392 et
2439 3338 2838 3408 exspectatione
2848 3336 3114 3407 supplicii,
3134 3337 3337 3393 securis
3353 3338 3590 3404 nomine,
3610 3353 3693 3390 ma
3693 3337 3780 3408 jn-

2181 3445 2301 3486 rum
2338 3429 2651 3498 amissione,
2687 3428 2917 3485 aliorum
2953 3429 3260 3486 inductione
3286 3430 3542 3498 ﬁliorum,
3571 3429 3777 3502 duplici

2180 3520 2465 3591 supplicio,
2487 3521 2744 3578 sectionis
2772 3532 2827 3577 et
2854 3522 3106 3588 incendii,
3135 3531 3192 3576 et
3213 3531 3396 3592 postea
3427 3521 3620 3577 horum
3647 3538 3774 3576 om-

2180 3613 2326 3667 nium
2338 3613 2587 3669 duritiem
2598 3614 3047 3684 asperitatemque
3062 3613 3414 3683 mitigaverat,
3429 3627 3493 3668 ac
3505 3612 3774 3668 malorum

2178 3703 2510 3777 depulsionis
2519 3703 2838 3762 desiderium
2855 3704 3162 3761 induxerat:
3180 3712 3303 3762 tunc
3315 3702 3528 3762 demum
3543 3703 3780 3759 ωηο

2179 3811 2265 3856 sto
2283 3800 2446 3856 verba
2468 3800 2612 3865 facit,
2644 3815 2750 3856 non
2777 3800 3113 3870 simpliciter,
3141 3800 3236 3855 sed
3257 3799 3627 3856 excellentiam
3648 3800 3773 3870 ejus

2178 3893 2472 3959 extollens;
2489 3892 2682 3950 deinde
2697 3902 2952 3962 quantum
2972 3893 3239 3948 intervalli
3253 3903 3397 3950 esset
3414 3895 3553 3949 inter
3567 3908 3628 3950 se
3641 3904 3698 3950 et
3715 3896 3774 3950 il-

2179 3986 2290 4042 lum
2319 3985 2620 4052 declarans,
2645 4001 2714 4041 ne
2739 3985 3017 4042 videretur
3037 3986 3088 4042 id
3121 3987 3188 4042 ad
3215 3987 3441 4058 gratiam
3469 3987 3673 4053 dicere,
3696 4004 3766 4044 ex

2177 4078 2580 4148 comparatione
2599 4077 2863 4133 donorum
2885 4093 3004 4146 qua:
3036 4076 3106 4132 ab
3132 4087 3357 4148 utroque
3381 4088 3680 4147 manarent,
3713 4081 3770 4136 id

2178 4169 2401 4240 peragit.
2414 4167 2530 4224 Non
2543 4170 2685 4225 enim
2701 4169 2878 4224 statim
2892 4169 3043 4235 dixit,
3054 4168 3213 4240 Cujus
3223 4186 3324 4224 non
3335 4187 3444 4225 sum
3457 4170 3641 4243 dignus
3651 4188 3774 4226 cor-

2174 4264 2358 4336 rigiam
2382 4262 2707 4318 calceamenti
2729 4263 2939 4332 soluere,
2963 4263 3059 4320 sed
3095 4272 3374 4335 postquam
3401 4265 3652 4335 baptismi
3677 4266 3770 4322 sui

2174 4355 2566 4426 simplicitatem
2598 4355 2796 4426 posuit,
2825 4363 2881 4411 et
2906 4355 3144 4410 ostendit
3178 4355 3327 4411 illum
3354 4355 3489 4412 nihil
3516 4356 3636 4426 plus
3660 4355 3769 4412 ha-

2173 4447 2323 4513 bere,
2341 4461 2500 4518 quam
2520 4445 2665 4518 quod
2685 4445 2754 4501 ad
2775 4446 3138 4517 paenitentiam
3168 4447 3314 4516 ipsos
3331 4446 3620 4503 deduceret
3639 4448 3769 4518 (ηοω

2171 4554 2278 4610 que
2304 4539 2449 4595 enim
2473 4538 2629 4602 dixit,
2680 4536 2741 4593 In
2775 4551 2911 4608 aqua
2938 4537 3293 4603 remissionis,
3335 4535 3454 4604 sed,
3484 4537 3768 4594 Potniten-

2171 4629 2306 4702 tias),
2333 4629 2531 4686 Christi
2573 4629 2896 4700 baptismum
2933 4628 3087 4698 ponit
3123 4627 3381 4685 ineffabili
3419 4627 3566 4685 dono
3590 4629 3770 4686 reler-

2172 4729 2307 4777 tum.
2345 4721 2445 4789 Ne,
2474 4721 2665 4792 inquit,
2693 4735 2817 4776 cum
2853 4719 3028 4786 audis,
3071 4721 3244 4790 ipsum
3271 4729 3395 4792 post
3431 4735 3522 4776 me
3546 4721 3761 4787 venire,

2172 4814 2320 4868 illum
2345 4813 2635 4884 despicias,
2675 4812 2818 4884 quod
2846 4821 3156 4883 postremus
3180 4812 3391 4868 venerit
3418 4829 3433 4866 :
3461 4811 3610 4869 disce
3644 4814 3762 4872 vim

2169 4908 2298 4962 doni
2332 4907 2524 4979 ipsius,
2563 4914 2618 4962 et
2650 4906 2797 4964 clare
2821 4906 2961 4962 scies
3002 4920 3089 4961 me
3116 4919 3218 4961 nec
3244 4905 3456 4977 dignius
3482 4905 3763 4978 quidpiam
3833 4898 3848 4906 ’

2169 5002 2253 5057 vel
2281 5015 2530 5072 magnum
2559 5000 2872 5072 protulisse,
2903 5013 3026 5054 cum
3053 4998 3187 5065 dixi,
3216 4996 3379 5070 Cujus
3404 5013 3507 5053 non
3531 5015 3645 5052 sunt
3664 4998 3760 5054 di-

2168 5113 2300 5167 gnus
2323 5093 2590 5165 corrigiam
2619 5091 2942 5149 caiceurnenti
2964 5091 3176 5147 solvere.
3207 5090 3390 5161 Itaque
3416 5104 3538 5146 cum
3564 5093 3760 5148 audie-

2167 5190 2244 5244 ris
2263 5190 2436 5258 ipsum
2453 5185 2727 5242 fortiorem
2752 5197 2840 5240 me
2859 5197 3002 5251 esse,
3025 5199 3094 5240 ne
3117 5191 3273 5254 putes
3297 5183 3350 5239 id
3373 5198 3462 5240 me
3484 5199 3584 5254 per
3603 5199 3763 5239 com-

2167 5279 2500 5350 perationem
2519 5278 2737 5334 dixisse.
2757 5275 2941 5348 Neque
2961 5277 3104 5332 enim
3124 5276 3318 5348 dignus
3339 5291 3458 5332 sum
3481 5278 3622 5332 inter
3641 5290 3760 5330 ser-

2168 5384 2265 5425 vos
2279 5369 2396 5440 ejus
2415 5369 2734 5440 computari,
2761 5367 2871 5424 imo
2891 5381 2961 5424 ne
2979 5367 3120 5423 inter
3138 5366 3356 5423 ultimos
3374 5379 3562 5423 servos
3579 5380 3762 5437 neque

2168 5460 2450 5517 ministerii
2491 5460 2578 5516 vel
2605 5460 2916 5516 vilissimam
2943 5467 3149 5529 partem
3190 5457 3361 5516 obire.
3392 5457 3760 5528 Quamobrem

2168 5569 2277 5609 non
2307 5553 2620 5624 simpliciter
2639 5552 2793 5620 dixit,
2822 5550 3216 5620 Calceamenta,
3243 5549 3560 5623 sed,Neque
3582 5551 3765 5607 corri-r

2167 5647 2330 5718 giam,
2359 5647 2500 5719 quod
2524 5656 2822 5703 extremum
2850 5648 3091 5703 omnium
3116 5647 3327 5704 videtur
3352 5661 3495 5704 esse.
3524 5645 3760 5714 Deinde.

2170 5753 2240 5797 ne
2264 5746 2421 5814 putes
2443 5738 2558 5796 haec
2588 5755 2688 5813 per
2720 5738 3073 5798 humilitatem
3108 5738 3273 5798 fuisse
3293 5738 3457 5812 dicta,
3493 5754 3561 5799 ea
3587 5737 3760 5799 rebus
