4050 6364
273 371 374 431 195

266 491 355 544 τὸν
390 486 582 557 φόϐον,
617 485 712 538 καὶ
756 482 1016 537 ἐπιτείνει
1048 483 1146 553 τὴν
1191 483 1450 552 ἀγωνίαν.
1481 483 1640 557 [152]
1674 483 1861 537 Εἰπὼν

263 575 391 641 γάρ,
420 573 504 623 ὅτι
556 570 812 622 Δύναται
855 571 887 622 ό
941 566 1086 632 Θεὸς
1121 567 1191 619 ἐκ
1244 565 1364 620 τῶν
1409 570 1597 622 λίθων
1633 569 1860 620 τούτων

262 655 482 724 ἐγεῖραι
521 652 704 705 τέκνα
748 651 828 715 τῷ
865 651 1138 719 Ἀϐραὰμ,
1178 651 1428 720 ἐπήγαγε
1449 669 1462 680 ·
1495 650 1638 717 Ἤδη
1663 649 1732 702 δὲ
1761 650 1862 703 καὶ

262 741 300 806 ἠ
322 738 511 806 ἀξίνη
541 737 693 804 ,πρὸς
718 737 833 804 τὴν
865 736 1035 803 ῥίζαν
1077 735 1194 788 τῶν
1227 734 1491 802 δένδρων
1529 735 1732 788 κεῖται·
1771 736 1859 788 διὰ

262 823 487 876 πάντων
521 822 615 874 τὸν
648 821 807 888 λόγον
825 820 1054 890 φοϐερὸν
1080 819 1268 872 ποιῶν.
1302 821 1410 873 Καὶ
1429 819 1538 888 γάρ
1570 821 1664 872 καὶ
1696 819 1859 884 αὐτὸς

264 903 467 974 πολλὴν
498 903 608 957 ἀπὸ
649 903 746 956 τοῦ
777 903 894 973 βίου
945 903 1045 974 τὴν
1085 903 1400 974 παρρησίαν
1429 898 1562 971 εἶχε,
1613 903 1858 956 κάκεῖνοι

265 988 503 1059 σφοδρᾶς
536 987 746 1040 ἐδέοντο
772 986 872 1056 τῆς
900 985 1263 1055 ἐπιπλήξεως,
1299 985 1466 1038 πολὺν
1511 986 1610 1056 ’ήδη
1650 1003 1858 1055 χερσω-

258 1072 445 1133 θέντες
495 1071 706 1141 χρόνον.
733 1070 798 1123 Τί
825 1069 935 1139 γὰρ
959 1069 1120 1136 λέγω,
1157 1070 1344 1143 φησὶν,
1373 1071 1456 1122 ὅτι
1491 1069 1776 1121 ἐκπίπτειν
1809 1070 1854 1100 ⁸⁸

264 1154 491 1223 μέλλετε
520 1154 621 1222 τῆς
668 1153 806 1225 πρὸς
856 1154 947 1204 τὸν
989 1153 1339 1222 πατριάρχην
1389 1152 1725 1220 συγγενείας,
1764 1153 1856 1206 καὶ

257 1239 485 1309 ἐτέρους
514 1240 650 1308 όρᾷν
691 1239 820 1301 τοὺς
851 1237 960 1292 ἀπὸ
995 1236 1158 1288 λίθων
1203 1240 1283 1299 είς
1315 1237 1414 1306 τὴν
1443 1237 1713 1306 ὑμετέραν
1740 1239 1853 1290 εἰσ-

259 1323 568 1392 αγομένους
599 1321 925 1391 προεδρίαν;
961 1320 1094 1376 Ούδέ
1118 1321 1225 1389 γὰρ
1243 1320 1410 1390 μέχρι
1444 1320 1636 1373 τούτου
1663 1320 1732 1372 τὰ
1757 1320 1855 1388 τῆς

258 1405 534 1474 τιμωρίας
569 1405 718 1474 ὑμῖν,
752 1403 888 1458 ἀλλά
917 1403 1010 1456 καὶ
1064 1405 1376 1474 περαιτέρω
1413 1403 1746 1474 προϐήσεται
1787 1402 1855 1454 τά

258 1490 359 1560 τῆς
390 1490 687 1552 κολάσεως.
727 1487 871 1555 Ἤδη
902 1489 1031 1556 γὰρ,
1057 1489 1240 1557 φησὶν.
1274 1489 1313 1555 ἡ
1348 1488 1527 1555 ἀξίνη
1562 1486 1711 1556 πρὸς
1739 1485 1854 1552 τὴν

253 1574 426 1643 ῥιᾨιν
446 1572 570 1627 τῶν
588 1570 854 1639 δένδρων
882 1571 1088 1624 κεῖται.
1118 1571 1282 1623 Οὐδὲν
1318 1572 1690 1641 φοϐερώτερον
1719 1569 1852 1622 ταύ-

258 1674 358 1726 της
389 1656 484 1710 τοῦ
509 1656 668 1723 λόγου
697 1656 796 1724 τῆς
825 1654 1050 1726 τροπῆς.
1080 1654 1278 1706 Οὐκέτι
1311 1653 1420 1724 γὰρ
1458 1653 1722 1724 δρέπανον
1752 1668 1851 1703 πε-

257 1744 512 1812 τόμενον,
543 1739 663 1793 ούδέ
703 1738 959 1808 φραγμοῦ
987 1739 1326 1809 καθαίρεσις,
1355 1738 1476 1790 οὐδὲ
1503 1737 1564 1789 τὸ
1600 1754 1850 1789 καταπα-

259 1825 472 1878 τεῖσθαι
491 1824 584 1876 τὸν
601 1823 922 1894 ἀμπελῶνα·
955 1821 1070 1875 ἀλλ’
1094 1815 1252 1890 ἀξίνη
1271 1823 1473 1892 σφόδρα
1503 1819 1850 1890 ἀκμάζουσα,

259 1910 356 1962 καὶ
391 1910 453 1962 τὸ
479 1909 545 1978 δὴ
601 1907 1002 1976 χαλεπώτερον,
1037 1907 1120 1958 ὅτι
1162 1906 1258 1960 καὶ
1307 1905 1402 1958 ἐπὶ
1454 1904 1647 1976 θύραις
1689 1903 1849 1975 αὕτη.

275 1991 495 2062 Ἐπειδὴ
527 1990 638 2061 γάρ
685 1992 799 2052 τοῖς
845 1990 1155 2057 προφήταις
1209 1987 1449 2057 συνεχῶς
1495 1986 1851 2050 ἀπιστοῦντες

259 2077 468 2142 ἔλεγον·
491 2073 618 2128 Ποῦ
642 2074 814 2127 ἐστιν
843 2074 881 2140 ἡ
919 2070 1112 2140 ἡμέρα
1155 2073 1375 2138 Κυρίου
1391 2089 1410 2136 ;
1440 2072 1556 2133 καὶ,
1599 2073 1853 2126 Ἐλθέτω

259 2157 523 2224 ἠβουλὴ
566 2157 673 2210 τοῦ
723 2156 896 2225 ἁγίου
935 2155 1206 2224 Ἰσραὴλ,
1242 2155 1344 2208 ἵνα
1383 2153 1636 2223 γνῶμεν·
1669 2155 1761 2208 διὰ
1790 2154 1852 2208 τὸ

264 2243 405 2312 μετά
439 2241 611 2294 πολλά
650 2240 910 2302 πολλάκις
943 2238 1040 2308 ἐτη
1063 2239 1336 2294 ἐκϐαίνειν
1365 2239 1434 2291 τὰ
1450 2239 1731 2310 λεγόμενα·
1756 2239 1851 2300 καὶ

259 2323 466 2393 ταύτης
501 2325 700 2386 αὐτοὺς
739 2323 969 2391 ἀπάγων
1004 2323 1103 2393 τῆς
1138 2322 1514 2392 παραμυθίας,
1561 2311 1728 2391 ἐγγὺς
1756 2325 1853 2382 αύ-

259 2407 369 2459 τῶν
403 2408 585 2474 ἵστησι
623 2406 694 2458 τὰ
737 2405 908 2458 δεινά.
940 2406 1050 2458 Καὶ
1080 2405 1238 2458 τοῦτο
1268 2405 1502 2475 ἐδήλωσε
1543 2404 1621 2475 τῷ
1656 2407 1849 2469 εἰπεῖν,

266 2487 432 2556 Ἤδη,
459 2491 554 2541 καὶ
581 2488 662 2559 τῷ
692 2491 756 2559 τῇ
782 2490 908 2560 ῥίζῃ
934 2487 1104 2557 αὐτὴν
1127 2490 1516 2558 προσαγαγεῖν.
1555 2489 1720 2542 Οῦδέν
1743 2491 1851 2558 γάρ

260 2570 322 2623 τὸ
353 2570 517 2638 μέσον
543 2568 748 2631 λοιπὸν,
785 2570 969 2637 φησὶν,
1023 2567 1140 2621 ἀλλ’
1187 2568 1322 2638 αὐτῇ
1358 2569 1405 2598 ⁹⁶
1459 2568 1731 2620 ἐπίκειται
1783 2570 1849 2639 τῇ

263 2653 410 2724 ῥίζῃ.
445 2652 559 2704 Καὶ
575 2653 676 2704 οὐκ
704 2647 849 2712 εἷπε,
872 2653 997 2714 Τοῖς
1022 2651 1257 2712 κλάδοις,
1287 2650 1428 2713 οὐδὲ,
1453 2652 1577 2713 Τοῖς
1595 2653 1849 2720 καρποῖς,

264 2737 422 2799 ἀλλὰ,
481 2737 562 2806 Τῇ
615 2735 762 2807 ῥίζῃ·
809 2735 1026 2797 δεικνὺς
1086 2735 1302 2796 αὐτοὺς,
1349 2736 1398 2786 εί
1451 2734 1848 2805 ῥᾳθυμήσαιεν,

265 2821 460 2872 ἀνίατα
509 2821 871 2889 πεισομένους
915 2817 1084 2889 δεινά,
1113 2817 1208 2870 καὶ
1239 2818 1360 2870 οῦδέ
1408 2818 1600 2872 ἐλπίδα
1633 2819 1853 2883 ἕξοντας

260 2905 584 2974 θεραπείας.
639 2885 774 2956 Ούδέ
806 2904 915 2972 γὰρ
948 2885 1131 2964 δοῦλός
1159 2904 1306 2955 ἐστιν
1330 2902 1360 2952 ὁ
1389 2902 1849 2972 παραγενόμενος,

255 2989 333 3052 ὼς
353 2991 404 3041 οί
427 2987 713 3058 πρότερον·
743 2987 860 3040 ἀλλ’
891 2985 1052 3048 αὐτὸς
1078 2987 1107 3038 ὁ
1133 2985 1240 3039 τῶν
1256 2985 1392 3038 ὅλων
1408 2986 1702 3054 Δεσπότης,
1723 3002 1852 3052 σφο-

257 3072 393 3143 δρὰν
423 3072 650 3139 ἐπάγων
671 3071 770 3142 τὴν
818 3069 1090 3141 τιμωρίαν
1141 3071 1236 3124 καὶ
1269 3070 1672 3138 δυνατωτάτην.
1712 3069 1849 3121 Ἀλλ’

256 3158 410 3226 ὅμως
444 3155 542 3209 καὶ
572 3155 816 3224 φοϐήσας
845 3153 1006 3215 πάλιν
1031 3154 1100 3216 ⁹⁷,
1133 3153 1232 3206 οὑκ
1267 3153 1492 3222 ἀφίησιν
1533 3152 1731 3216 αὐτοὺς
1771 3153 1852 3216 είς

259 3239 574 3307 ἁπάγνωσιν
603 3239 885 3309 ἐμπεσεῖν·
903 3236 1019 3289 ἀλλ’
1049 3235 1239 3307 ὥσπερ
1265 3235 1522 3306 ἀνωτέρω
1549 3235 1649 3288 οὐκ
1675 3229 1848 3298 εἶπεν,

258 3325 341 3377 ὅτι
373 3325 656 3392 Ἦγειρεν,
707 3320 822 3374 ἀλλ’
862 3322 946 3374 ὅτι
991 3321 1246 3373 Δύναται
1277 3319 1496 3390 ἐγεῖραι
1549 3319 1734 3373 τέκνα
1772 3318 1853 3384 τῷ

273 3407 545 3477 Ἀϐραὰμ,
587 3406 770 3476 φοϐῶν
799 3423 857 3458 τε
879 3403 1015 3476 ὁμοῦ
1045 3403 1141 3457 καὶ
1172 3403 1686 3474 παραμυθούμενος·
1711 3403 1852 3456 οῦτω

262 3491 357 3547 καὶ
384 3488 622 3544 ἐνταῦθα
645 3489 744 3541 οὐκ
763 3482 938 3549 εἶπεν,
961 3487 1042 3539 ὅτι
1068 3486 1284 3556 ’Ἥψατο
1307 3487 1404 3556 τῆς
1430 3485 1607 3557 ῥίζης,
1634 3486 1748 3538 ἀλλ’
1769 3486 1852 3538 ότι

261 3576 553 3628 Επίκειται
590 3575 685 3626 καὶ
724 3571 904 3642 ὁμιλεῖ
935 3573 1002 3640 τῇ
1042 3570 1187 3640 ῥίζῃ·
1229 3571 1322 3622 καὶ
1352 3569 1609 3639 οὐδεμίαν
1652 3569 1850 3638 ἀναϐρ-

260 3657 358 3728 λὴν
384 3657 742 3711 ἐνδείκνυται.
770 3655 916 3724 Πλὴν
959 3652 1098 3706 ἀλλὰ
1149 3653 1244 3706 καὶ
1275 3652 1448 3716 οὕτως
1482 3653 1650 3721 ἐγγὺς
1681 3651 1852 3721 αὐτὴν

259 3740 507 3808 ἀγαγὼν,
541 3739 686 3808 ὑμᾶς
708 3738 932 3808 κυρίους
963 3738 1107 3789 ποιεῖ
1124 3735 1227 3805 τῆς
1249 3735 1441 3805 τομῆς.
1478 3736 1577 3789 “Av
1609 3736 1708 3806 μὲν
1743 3733 1852 3804 γὰρ

263 3823 646 3894 μεταϐάλησθε
675 3823 769 3876 καὶ
789 3821 1020 3891 γένησθε
1033 3819 1296 3889 βελτίους,
1311 3819 1671 3873 ἀπελεύσεται
1687 3820 1852 3889 μηδὲν

263 3909 621 3980 ἐργασαμένη
639 3908 671 3976 ή
689 3905 849 3976 ἀξίνη
857 3905 1018 3974 αὕτη·
1036 3907 1102 3959 ἂν
1116 3905 1174 3958 δὲ
1189 3906 1299 3968 τοίς
1314 3905 1496 3968 αὐτοῖς
1513 3905 1849 3974 ἐπιμείνητε,

261 3993 561 4063 πρόρριζον
590 3991 895 4044 ἀνασπάσει
922 3989 983 4041 τὸ
1011 3988 1246 4060 δένδρον.
1284 3988 1384 4041 Διά
1412 4005 1492 4041 τοι
1520 3986 1680 4041 τοῦτο
1726 3986 1850 4040 οὔτε

261 4079 542 4148 ἀφέστηκε
577 4074 677 4144 τῆς
713 4073 890 4145 ῥίζης,
918 4073 1044 4126 οὔτε
1073 4073 1396 4144 ἐπικειμένη
1416 4074 1626 4142 τέμνει,
1662 4073 1721 4126 τὸ
1753 4073 1852 4144 μὲν

263 4161 350 4214 ἵνα
375 4162 451 4230 μή
466 4158 800 4228 ἀναπέσητε,
819 4157 880 4210 τὸ
908 4155 964 4209 δὲ
996 4156 1085 4210 ἵνα
1126 4156 1356 4229 μάθητε,
1391 4159 1474 4210 ότι
1502 4156 1726 4210 δυνατὸν
1758 4155 1852 4210 καὶ

262 4247 320 4300 ἐν
337 4245 382 4276 ’⁸
402 4244 594 4314 βραχεῖ
609 4241 784 4311 χρόνῳ
804 4238 1358 4312 μεταϐαλ[λ]ομένους
1377 4241 1635 4311 σωθῆναι.
1656 4241 1745 4293 Διὸ
1758 4240 1852 4296 καὶ

257 4325 530 4379 πάντοθεν
551 4324 814 4390 αὕξειτὸν
841 4322 1025 4392 φόϐον,
1053 4323 1331 4394 διεγείρων
1353 4323 1550 4386 αὐτοὺς
1573 4323 1665 4376 καὶ
1691 4322 1848 4376 ὠθῶν

263 4411 401 4481 προς
413 4408 730 4479 μετάνοιαν.
747 4408 856 4459 Καὶ
871 4407 942 4476 γά
949 4424 982 4479 ρ
999 4408 1046 4438 ⁹⁹
1063 4407 1124 4458 τὸ
1142 4406 1249 4459 τῶν
1272 4407 1550 4477 προγόνων
1573 4408 1846 4470 ἐκπεσεῖν,

263 4496 356 4548 καὶ
389 4496 448 4548 τὸ
476 4494 699 4564 ἐτέρους
726 4491 1172 4561 άντεισαχθῆναι,
1208 4491 1302 4543 καὶ
1335 4491 1395 4543 τὸ
1425 4491 1518 4542 ἐπὶ
1546 4489 1740 4560 θύραις
1768 4485 1848 4542 εί-

263 4595 348 4631 ναι
395 4578 467 4630 τά
496 4576 667 4638 δεινὰ,
698 4576 793 4628 καὶ
821 4575 884 4626 τὸ
928 4576 1205 4644 ἀνήκεστα
1240 4573 1542 4632 πείσεσθαι,
1571 4573 1716 4643 άπερ
1742 4573 1848 4643 ἀμ-

262 4663 468 4730 φότερα
491 4659 706 4729 διά.τῆς
740 4657 897 4730 ῥίζης
926 4659 1018 4711 καὶ
1040 4658 1140 4726 τῆς
1172 4655 1360 4726 άξίνης
1384 4656 1669 4726 ἐδήλωσεν,
1692 4656 1850 4710 ἱκανά

261 4742 328 4816 ἦν
367 4746 465 4798 καὶ
484 4746 611 4806 τοὺς
640 4743 844 4812 σφόδρα
865 4743 1324 4803 ἀναπεπτωκότας
1357 4741 1732 4811 διαναστῆσαι,
1759 4741 1849 4794 καὶ

263 4827 595 4895 ἐναγωνίους
638 4825 1001 4895 ἐργάσασθαι.
1042 4824 1214 4878 Τοῦτο
1256 4823 1386 4891 γοῦν
1430 4825 1522 4876 καὶ
1564 4824 1592 4875 ὁ
1639 4822 1849 4886 Παῦλος

262 4911 438 4980 δηλῶν
500 4910 709 4978 ἐλεγεν,
766 4909 848 4960 ὅτι
904 4909 1101 4978 Λόγον
1149 4907 1640 4976 συντετμημὲνον
1695 4905 1849 4977 [155]

263 4993 505 5059 ποιήσει
539 4994 758 5061 Κύριος
787 4989 886 5044 ἐπὶ
928 4990 1043 5058 τὴν
1071 4991 1429 5059 οἰκουμένην
1475 4989 1650 5060 ὅλην.
1691 4989 1850 5042 Ἀλλὰ

269 5078 344 5148 μὴ
370 5076 636 5147 φοϐηθῇςο
689 5073 891 5145 μᾶλλον
917 5074 975 5126 δέ
1022 5072 1287 5143 φοϐήθητι
1327 5073 1446 5144 μὲν,
1485 5073 1561 5142 μὴ
1598 5072 1850 5142 ἀπογνῷς

263 5159 344 5214 δέ.
392 5160 516 5213 Ἔτι
547 5158 657 5229 γάρ
695 5158 840 5229 ἔχεις
875 5157 1066 5210 ἐλπίδα
1097 5156 1420 5227 μεταϐολῆς·
1461 5158 1522 5209 οὑ
1556 5157 1666 5228 γὰρ
1693 5159 1850 5210 αύτο-

263 5245 425 5316 τελὴς
444 5247 479 5314 ἡ
511 5243 808 5311 ἀπόφασις,
839 5241 958 5295 οὐδὲ
979 5241 1072 5294 ἐπὶ
1096 5240 1155 5293 τὸ
1181 5241 1398 5312 τέμνειν
1416 5241 1450 5310 ὴ
1481 5240 1637 5310 ἀξίνη
1665 5236 1847 5310 ἦλθεν-

266 5329 414 5398 (ἐπεὶ
442 5328 497 5381 τί
537 5326 778 5385 ἐκώλυεν
809 5325 978 5394 αὐτὴν
1018 5327 1204 5396 τεμεῖν
1233 5323 1528 5395 ὁμιλοῦσαν
1567 5327 1632 5395 τῇ
1663 5325 1787 5396 ῥίζῃ
1810 5331 1850 5392 ;)

266 5412 382 5466 ἀλλ’
409 5413 505 5466 ἐπὶ
521 5412 584 5465 τό
613 5427 674 5464 σε
707 5409 787 5480 τῷ
811 5407 961 5480 φόϐῳ
981 5410 1164 5481 ’τούτῳ
1193 5411 1417 5480 ποιῆσαι
1452 5409 1715 5479 βελτίονα.
1756 5410 1852 5462 καὶ

267 5495 690 5567 παρασκευάσαι
723 5493 934 5565 καρπὸν
971 5493 1233 5561 ἐνεγκεῖν.
1265 5493 1365 5546 Διά
1393 5492 1550 5545 τοῦτο
1577 5493 1846 5562 ἐπήγαγε·

267 5576 402 5635 Πᾶν
417 5573 535 5636 οὖν
553 5577 808 5648 δένδρον
827 5574 916 5646 μὴ
937 5575 1153 5631 ποιοῦν
1177 5575 1410 5645 καρπὸν
1441 5575 1652 5639 καλὸν,
1675 5575 1848 5629 ἐκκό-

339 5703 387 5734 ⁹⁵
413 5697 730 5764 ἐκπίπτειν]
759 5697 1093 5751 ἀποπίπτειν
1109 5697 1174 5750 D.
1199 5695 1260 5750 Ρ.
1281 5695 1499 5750 favente
1529 5694 1696 5750 Eulh.
1749 5696 1796 5729 ³⁸
1820 5698 1851 5750 ἀ

1959 5691 2122 5764 αὐτῇ]
2150 5691 2242 5746 Sic
2364 5691 2500 5764 αὐτῇ
2529 5691 2638 5764 γάρ
2666 5695 2732 5764 ᾼ.
2846 5690 2966 5764 ἀλλξ
2984 5691 3106 5764 αὐτῇ

759 5770 852 5844 ῥά.
889 5771 933 5844 ξ⁷
954 5765 1144 5844 πάλιν]
1165 5767 1505 5844 add._at’)106_g
1525 5766 1690 5844 -§dd._
1709 5768 1768 5844 '8_
1783 5767 1851 5820 ἐν

1955 5785 1958 5844 τ
1989 5760 2146 5844 ιεῷζ.
2173 5765 2234 5815 ι).
2371 5760 2703 5844 θίῇαιγάρ]
2715 5761 2842 5844 alid.
2874 5760 3121 5844 καί
3139 5763 3174 5844 ,ί
3195 5760 3544 5844 στρατιωτῶν

273 5843 335 5912 ξ.
411 5844 432 5874 ’
453 5831 816 5912 ἐμϐάλλωνὶῇ
893 5840 914 5870 ³
937 5831 1147 5912 ποιοῦν]
1174 5837 1508 5912 ποιεῖν
1537 5835 1629 5912 Et
1679 5838 1785 5912 [τὸ
1805 5831 2017 5912 ποιοῦν]
2041 5831 2124 5904 τῷ
2156 5831 2483 5912 ποιοῦντας.
2496 5831 2716 5912 λιόρίιῖ.

1610 5909 1633 5941 ⁸
1657 5908 1758 5978 τῆς
1785 5912 1851 5964 κσ

1956 5901 2060 5969 εὼς
2077 5901 2280 5978 0m._A.
2301 5903 2368 5978 β.
2399 5903 2462 5956 (3.
2493 5901 2556 5956 D.
2587 5901 2651 5958 F.
2681 5906 2776 5978 sec)
2808 5913 3088 5978 vel-teg'gm
3111 5903 3377 5978 ίιιιιειΊη)ζ
3431 5908 3452 5939 ⁸
3479 5910 3542 5978 τῇ

553 5971 569 6038 ζ
603 5971 731 6035 ιὶιύκ
755 5971 901 6051 τῇῗῖιε
923 5971 1138 6051 ἐκτομῇ
1161 5971 1256 6032 καὶ
1279 5971 1358 6050 τῷ
1383 5977 1698 6052 ἐμπρησμῷ
1715 5971 1779 6037 Ε.
1861 5980 1906 6013 ³η
1923 5980 2145 6060 ὕστερον
2175 5972 2236 6028 F.
2298 5973 2337 6006 ¹¹
2365 5971 2892 6046 ταπεινοφροσύνης]
2909 5974 3032 6029 add.
3051 5976 3224 6044 μόνης
3251 5971 3316 6030 Al
3349 5976 3406 6035 Β.

271 5772 385 5824 ἀλλ’
410 5773 550 5841 αὑτὴ
574 5771 686 5841 γάρ

276 5910 337 5966 F.
415 5906 526 5981 ιάγ
563 5911 666 5983 εις]
698 5911 942 5981 ἐλέγχεις
972 5909 1035 5963 F.
1112 5906 1146 5941 τ
1167 5911 1332 5978 μόνης
1368 5906 1507 5962 Edd.

276 5997 388 6036 om.
408 5981 473 6036 C.
603 5997 731 6035 mox
755 5985 901 6036 τῆτε
931 5982 1138 6036 ἐκτομῆ
1161 5980 1256 6032 καὶ
1279 5976 1358 6036 τῷ
1383 5981 1507 6036 tum

275 5997 388 6036 om.
408 5981 473 6040 C.

523 6079 815 6166 Pnnon.
851 6077 967 6140 Gn.
1016 6074 1204 6138 LVII.
1244 6109 1256 6130 ι

1431 361 1502 419 IN
1543 362 1965 422 ΜΛΤΤΠᾹΞΟΗ
2005 362 2242 422 IIOMIL.
2281 363 2376 423 XI.

3442 373 3545 431 I96

1962 500 2190 551 πτεται,
2216 486 2312 539 καὶ
2338 487 2426 552 εἰς
2444 485 2564 554 πῦρ
2587 487 2902 552 βάλλεται.
2934 493 3101 546 Ὅταν
3131 493 3186 546 δέ
3215 494 3364 566 εἴπῃ,
3391 495 3542 562 Πᾶν,

1962 568 2213 620 ἐκϐάλλει
2269 569 2433 621 πάλιν
2482 570 2578 640 τὴν
2623 571 2731 623 ἀπὸ
2768 573 2868 643 τῆς
2911 575 3187 644 εὐγενείας
3235 580 3542 651 προεδρίαν.

1963 652 2082 703 Κᾶν
2102 651 2209 721 γάρ
2242 651 2407 704 αὑτοῦ
2436 652 2531 705 τοῦ
2570 655 2820 727 Ἀϐραὰμ
2843 658 3064 726 ἔκγονος
3107 657 3194 733 ᾖς,
3225 662 3414 731 φησὶν,
3445 663 3548 716 κᾶν

1963 735 2191 820 μυρίους
2229 736 2358 808 ἔχῃς
2384 736 2640 806 ἀριθμεῖν
2668 743 3244 816 πατριάρχας,διπλῆν
3265 748 3549 820 ὑποστήσῃ

1959 817 2059 888 τὴν
2089 819 2329 882 κόλασιν,
2371 821 2620 902 ἄκαρπος
2659 811 3039 892 μένωνξίΔπὺ
3070 811 3276 882 τούτων
3301 811 3420 882 ’τῶν

1962 901 2148 969 μάτων
2176 903 2270 954 καὶ
2301 901 2540 968 τελώνας
2566 905 2823 976 ἐφόϐησε,
2854 910 2949 961 καὶ
2978 914 3374 983 στρατιωτικὴν
3398 915 3412 943 ‘
3437 901 3551 967 διά-

1959 1000 2109 1036 νοιαν
2164 985 2502 1048 κατέσεισεν,
2549 986 2674 1041 οὕτε
2729 989 2809 1053 είς
2852 990 3163 1061 ἀπόγνωσιν
3206 994 3464 1066 ἐμϐαλὼν
3494 998 3539 1057 ²,

1953 1068 2056 1150 καὶ.
2097 1068 2372 1139 ῥᾳθυμίας
2422 1071 2782 1126 ἀπαλλάττων
2833 1071 3072 1146 ἀπάσης.
3115 1077 3268 1131 Μετά
3316 1078 3424 1150 γάρ
3452 1079 3549 1132 τοῦ

1957 1149 2122 1217 φόϐου
2157 1152 2252 1202 καὶ
2277 1151 2476 1222 πολλὴν
2503 1154 2852 1225 παράκλησιν
2874 1157 2988 1226 ἔχει
3019 1159 3080 1210 τὸ
3117 1149 3422 1229 εἰρημένον.

1957 1234 2067 1303 γάρ
2098 1235 2292 1308 εἰπεῖν,
2322 1233 2421 1301 Μὴ
2444 1236 2661 1289 ποιοῦν
2683 1237 2703 1266 ³
2733 1239 2970 1310 καρπὸν
3007 1241 3221 1305 καλὸν,
3246 1242 3444 1306 ἔδειξεν
3467 1243 3548 1295 ὅτι

1955 1317 2016 1369 τὸ
2046 1317 2231 1370 ποιοῦν
2265 1319 2286 1348 ⁸
2316 1318 2527 1388 καρπὸν
2558 1320 2738 1390 πάσης
2766 1322 3109 1393 ἀπήλλακται
3144 1326 3165 1354 ⁸
3188 1326 3474 1398 τιμωρίας.

2024 1400 2086 1455 δ’.
2110 1404 2220 1455 Καὶ
2249 1401 2366 1466 πῶς
2389 1403 2750 1472 δυνησόμεθα,
2768 1407 2920 1475 φησὶ,
2947 1408 3169 1476 ποιῆσαι
3192 1411 3422 1482 καρπὸν,
3448 1410 3548 1479 τῆς

1955 1487 2126 1554 τομῆς
2153 1485 2528 1555 ἐπικειμένης,
2552 1486 2647 1538 καὶ
2675 1486 2769 1538 τοῦ
2810 1487 3004 1559 χρόνου
3041 1488 3214 1552 οὕτως
3251 1491 3437 1543 στενοῦ
3460 1492 3548 1543 6v-

1953 1583 2064 1630 10;-,
2103 1567 2330 1636 καὶτῆς
2380 1568 3253 1646 προθεσμίαςῌσυντετμημένης
3307 1577 3545 1646 Δυνήσῃ,

1955 1650 2140 1720 φησίνο
2177 1651 2236 1703 οὐ
2258 1651 2368 1720 γάρ
2415 1652 2656 1714 τοιοῦτος
2700 1643 2856 1716 οὗτος
2900 1654 2929 1706 ό
2979 1643 3211 1726 καρπὸς,
3243 1651 3355 1719 οἷος
3387 1643 3548 1710 ὁτῶν

1954 1731 2206 1804 δένδρων,
2233 1735 2423 1804 χρόνον
2448 1735 2735 1810 ἀναμένων
2762 1735 2952 1799 πολὺν,
2984 1739 3080 1791 καὶ
3096 1739 3255 1810 ὡρῶν
3277 1741 3549 1809 ἀνάγκαις

1952 1815 2240 1881 δουλεύων,
2263 1818 2359 1872 καὶ
2399 1817 2599 1892 πολλῆς
2629 1809 2822 1890 ἐτέρας
2851 1818 3110 1891 δεόμενος
3137 1809 3546 1894 πραγματείας·

1953 1901 2068 1955 ἀλλ’
2097 1903 2257 1972 ἀρκεῖ
2273 1903 2528 1973 θελῆσαι,
2556 1903 2649 1956 καὶ
2673 1902 2738 1955 τὸ
2771 1901 2991 1974 δένδρον
3030 1904 3240 1970 εὐθέως
3279 1907 3547 1976 ἐϐλάστη-

1956 2001 2068 2038 σεν.
2082 1982 2161 2038 Οὐ
2181 1986 2338 2056 γὰρὴ
2357 1985 2518 2056 φύσις
2539 1985 2639 2056 τῆς
2668 1985 2824 2062 ῥίζης
2845 1987 3025 2056 μόνον.
3049 1986 3184 2053 ἀλλά
3208 1989 3302 2042 καὶ
3334 1991 3547 2060 ἡτέχνη

1951 2068 2047 2120 τοῦ
2077 2069 2327 2139 γεωργοῦ
2357 2068 2493 2138 πρὸς
2521 2070 2622 2138 τὴν
2657 2069 2917 2140 τοιαύτην
2942 2069 3014 2122 τά
3041 2071 3277 2140 μέγιστα
3303 2075 3548 2126 συντελεῖ

1953 2153 2354 2224 καρποφορίαν.
2371 2153 2470 2206 Διὰ
2491 2154 2600 2224 γάρ
2615 2171 2698 2206 τοι
2719 2153 2896 2219 τοῦτο,
2910 2153 2996 2209 ἴνα
3014 2153 3088 2224 μή
3103 2155 3273 2208 ταῦτα
3293 2156 3543 2226 λέγωσιν,

1951 2236 2034 2288 ὅτι
2064 2236 2324 2306 Θορυϐεῖς
2356 2237 2524 2306 ἡμᾶς,
2555 2237 2650 2298 καὶ
2671 2238 3150 2306 κατεπείγεις,καὶ
3174 2238 3546 2310 ἄγχεις⁸,ἀξί-

1953 2335 2050 2389 νην
2072 2335 2128 2370 τε
2156 2318 2441 2381 ἐπιτιθεὶς,
2459 2318 2555 2371 καὶ
2577 2320 2751 2389 τομὴν
2772 2319 3032 2383 ἀπειλῶν,
3053 2321 3147 2374 καὶ
3170 2323 3464 2392 προσόδους
3488 2327 3545 2376 ἐν

1953 2401 2130 2472 καιρῷ
2158 2402 2429 2473 τιμωρίας
2453 2401 2644 2467 αἰτῶν,
2684 2405 2964 2474 ἐπήγαγε,
3002 2404 3218 2468 δεικνὺς
3259 2405 3357 2475 τὴν
3389 2407 3545 2460 εύκο-

1953 2484 2080 2538 λίαν
2096 2486 2194 2556 τῆς
2223 2486 2601 2557 καρποφορίας
2625 2503 2640 2516 ·
2694 2486 2842 2554 Ἐγέὼ
2858 2486 2978 2555 μὲν
3011 2486 3168 2556 ὑμᾶς
3190 2489 3455 2552 βαπτίζω
3478 2492 3546 2542 ἐν

1953 2567 2125 2620 ὕδατι
2146 2584 2158 2596 ·
2188 2571 2221 2620 ό
2253 2568 2321 2619 δὲ
2354 2568 2549 2620 ὀπίσω
2580 2586 2701 2637 μου
2748 2569 3074 2638 ἐρχόμενος
3095 2611 3110 2634 ,
3151 2573 3546 2641 ἰσχυρότερός

1948 2669 2068 2720 μου
2094 2652 2288 2718 ἐστίν,
2317 2647 2388 2706 οὗ
2418 2653 2531 2704 οὐκ
2563 2653 2681 2719 είμὶ
2710 2651 2880 2717 ἄξιος
2907 2654 3014 2705 τὸν
3038 2653 3254 2722 ἱμάντα
3281 2656 3386 2708 τοῦ
3407 2660 3547 2708 ὑπο-

1952 2734 2218 2803 δήματος
2253 2733 2443 2788 λῦσαι
2470 2748 2484 2760 ·
2533 2733 2716 2799 αὐτὸς
2745 2733 2899 2802 ὑμᾶς
2931 2737 3221 2798 βαπτίσει
3254 2738 3324 2791 ἐν
3359 2741 3548 2792 Πνεύ-

1947 2834 2091 2885 ματι
2142 2818 2288 2885 ἁγίῳ
2342 2816 2444 2869 καὶ
2510 2817 2657 2883 πυρί
2673 2833 2685 2846 ’
2737 2818 2826 2870 διὰ
2887 2817 3096 2872 τούτων
3159 2817 3411 2888 δεικνὺς,
3463 2822 3549 2876 ὅτι

1953 2900 2178 2970 γνώμης
2219 2900 2420 2969 μόνον’
2464 2900 2634 2953 δεῖται
2664 2899 2761 2952 καὶ
2801 2901 3036 2964 πίστεως
3063 2941 3077 2963 ,
3117 2904 3178 2954 ού
3217 2904 3393 2957 πόνων
3454 2905 3549 2959 καὶ

1957 2985 2229 3058 ίδρώτων’
2283 2983 2379 3037 καὶ
2415 2983 2603 3053 ὥσπερ
2649 2981 2871 3036 εὔκολον
2939 2983 3324 3055 βαπτισθῆναι,
3377 2986 3548 3052 οὓτως

1955 3066 2177 3120 εὔκολον
2219 3065 2628 3137 μεταϐληθῆναι
2684 3066 2780 3118 καὶ
2812 3065 3061 3132 γενέσθαι
3115 3068 3390 3136 ἀμείνους.
3428 3072 3546 3124 Καρ

1953 3151 2216 3212 τασείσας
2293 3148 2470 3201 τοίνυν
2543 3146 2725 3200 αὐτῶν
2786 3148 2886 3219 τὴν
2956 3147 3195 3202 διάνοιαν
3259 3151 3336 3221 τῷ
3399 3152 3548 3223 φόϐῳ

1954 3233 2053 3302 τῆς
2112 3232 2369 3303 κρίσεως,
2418 3229 2514 3284 καὶ
2561 3233 2628 3300 τῇ
2687 3230 2983 3300 προσδοκίᾳ.
3036 3231 3134 3300 τῆς
3195 3233 3464 3298 κολάσεως
3500 3238 3544 3298 ⁸,

1954 3317 2049 3369 καὶ
2078 3314 2155 3386 τῷ
2183 3316 2406 3386 ὀνόματι
2432 3315 2534 3384 τῆς
2559 3312 2769 3382 ἀξίνης,
2802 3315 2896 3367 καὶ
2921 3317 2986 3385 τῇ
3019 3315 3259 3387 ἀποϐολῇ
3287 3315 3394 3369 τῶν
3413 3335 3547 3389 προ-

1953 3401 2149 3470 γόνων,
2167 3402 2261 3453 καὶ
2287 3403 2352 3470 τῇ
2393 3400 2673 3469 εἰσαγωγῇ
2697 3399 2804 3451 τῶν
2827 3399 3028 3468 ἐτέρων
3053 3400 3256 3452 τέκνων
3273 3441 3286 3464 ,
3313 3402 3406 3453 καὶ
3432 3404 3499 3474 τῇ
3522 3403 3544 3434 ⁹

1953 3486 2113 3557 διπλῇ
2162 3484 2401 3555 τιμωρίᾳ
2444 3484 2547 3550 τῆς
2592 3482 2833 3552 ἐκτομῆς
2883 3484 2980 3535 καὶ
3027 3484 3121 3535 τοῦ
3171 3485 3544 3555 ἐμπρησμοῦ,
3608 3474 3609 3477 η

1953 3569 2050 3622 καὶ
2097 3566 2361 3620 πάντοθεν
2393 3566 2572 3618 αὐτῶν
2621 3565 3014 3635 καταμαλάξας
3046 3566 3108 3618 τὸ
3144 3567 3401 3638 σκληρὸν,
3451 3571 3544 3621 καὶ

1957 3651 2306 3721 καταστήσας
2348 3650 2428 3712 είς
2451 3648 2746 3718 ἐπιθυμίαν
2765 3650 2865 3719 τῆς
2892 3649 3212 3720 ἀπαλλαγῆς
3232 3652 3341 3704 τῶν
3365 3653 3539 3705 τοσού-

1953 3752 2063 3787 των
2099 3733 2306 3798 κακῶν,
2330 3734 2450 3786 τότε
2475 3734 2686 3800 εἰσάγει
2713 3732 2804 3786 τὸν
2830 3733 2955 3803 περὶ
2978 3733 3074 3786 τοῦ
3104 3735 3340 3805 Χριστοῦ
3356 3736 3542 3804 λόγον’

1955 3819 2049 3870 καὶ
2099 3818 2198 3886 οὐχ
2230 3815 2416 3880 ἁπλῶς
2443 3856 2456 3880 ,
2491 3816 2628 3871 ἀλλὰ
2665 3815 2806 3884 μετὰ
2843 3815 3045 3883 πολλῆς
3098 3813 3196 3887 τῆς
3246 3819 3540 3890 ὑπεροχῆς.

1954 3895 2091 3954 Εἶτα
2119 3900 2180 3952 τὸ
2211 3900 2376 3971 μέσον
2400 3898 2563 3951 αὑτοῦ
2597 3899 2690 3951 καὶ
2719 3899 2929 3963 ἐκείνου
2974 3899 3163 3963 τιθεὶς,
3198 3900 3283 3953 ἵνα
3313 3903 3391 3972 μὴ
3418 3901 3544 3975 δόξῃ

1953 3982 2310 4059 χαριζόμενος
2348 3981 2507 4035 τοῦτο
2537 3981 2751 4050 λέγειν,
2778 3982 2884 4034 ἀπὸ
2928 3983 3027 4052 τῆς
3068 3984 3408 4054 συγκρίσεως
3435 3986 3543 4038 τῶν
3590 3983 3600 3990 ”

1955 4068 2087 4137 παρ’
2114 4067 2374 4136 ἐκατέρου
2403 4065 2695 4135 διδομένων
2715 4064 2871 4118 τοῦτο
2891 4067 3311 4129 κατασκευάζει.
3340 4065 3414 4119 Οὐ
3435 4066 3544 4138 γὰρ

1953 4151 2155 4216 εὐθέως
2208 4146 2400 4214 εἷπεν,
2440 4151 2561 4202 Οὐκ
2597 4149 2713 4217 ειμι
2771 4148 2939 4215 ἄξιος
2982 4149 3168 4203 αὑτοῦ
3201 4152 3391 4205 λῦσαι
3435 4151 3545 4206 τὸν

1956 4234 2174 4304 ἱμάντα
2205 4234 2311 4287 τοῦ
2344 4231 2752 4301 ὑποδήματος,
2775 4231 2910 4284 ἀλλὰ
2939 4232 3199 4303 πρότερον
3236 4233 3296 4287 τὸ
3325 4231 3540 4299 εὐτελὲς

1953 4311 2048 4372 τοῦ
2078 4317 2455 4387 βαπτίσματος
2496 4313 2648 4386 [154]
2701 4313 2795 4367 τοῦ
2829 4314 3022 4378 ἐαυτοῦ
3065 4315 3180 4378 θεὶς
3201 4355 3214 4380 ,
3241 4319 3336 4370 καὶ
3365 4316 3540 4384 δείξας

1952 4401 2029 4464 ὼς
2057 4400 2211 4454 οὐδὲν
2250 4399 2412 4451 πλέον
2439 4398 2552 4468 ἔχει
2581 4397 2674 4449 τοῦ
2701 4397 2841 4467 πρὸς
2871 4397 3159 4468 μετάνοιαν
3180 4400 3378 4465 αὐτοὺς
3405 4403 3540 4470 ἀγα-

1951 4485 2071 4552 γεῖν
2102 4484 2185 4554 (οὐ
2216 4486 2324 4554 γὰρ
2347 4479 2519 4548 εἶπεν,
2547 4483 2630 4535 ὃτι
2670 4479 2865 4536 Ὕδατι
2892 4483 3158 4550 ἀφέσεως,
3188 4483 3324 4538 ἀλλὰ
3351 4489 3543 4540 Μετα-

1949 4567 2163 4637 νοίας),
2195 4567 2376 4638 τίθησι
2419 4568 2514 4618 καὶ
2560 4566 2620 4619 τὸ
2654 4564 2819 4618 αὑτοῦ
2852 4565 2920 4641 ,τὸ
2963 4567 3062 4636 τῆς
3091 4567 3300 4636 ἀφάτου
3333 4568 3542 4640 δωρεᾶς

1952 4654 2140 4724 γέμον.
2187 4653 2308 4704 Ἵνα
2356 4650 2464 4721 γάρ
2513 4650 2592 4723 μὴ
2636 4649 2911 4714 ἀκούσας,
2954 4652 3154 4718 φησὶν,
3183 4653 3266 4705 ὅτι
3297 4656 3414 4722 μετ’
3441 4657 3543 4726 ἐμὲ

1951 4737 2202 4807 ἔρχεται,
2237 4734 2659 4804 καταφρονήσῃς
2703 4733 2868 4786 αὑτοῦ
2919 4733 2995 4794 ὡς
3035 4735 3264 4806 ὑστέρου
3285 4737 3329 4767 ¹⁰
3366 4754 3546 4809 παρα-

1951 4819 2266 4891 γενομένου,
2293 4818 2443 4894 γμάθε
2475 4816 2640 4870 αὑτοῦ
2668 4817 2768 4886 τῆς
2797 4817 3004 4888 δωρεᾶς
3033 4819 3132 4886 τὴν
3154 4819 3413 4890 δύναμιν,
3448 4822 3544 4876 καὶ

1952 4903 2308 4976 εἴσῃ-σαφῶς,
2330 4901 2579 4955 ὃτιούδέν
2604 4899 2754 4964 ἀξιον
2783 4901 3136 4970 εί’ρηκα,οὐδὲ
3163 4904 3326 4971 μέγα,
3349 4905 3539 4971 εἰπὼν,

1948 4991 2074 5042 Οὐκ
2097 4986 2212 5056 εἰμὶ
2242 4985 2411 5056 ἄξιος
2429 4985 2617 5038 λῦσαι
2640 4985 2746 5037 τὸν
2766 4984 2981 5054 Ιμάντα
3005 4986 3110 5038 τοῦ
3134 4987 3540 5056 ὑποδήματος.
3568 5005 3605 5066 γ

1953 5076 2116 5126 Ὥστε
2134 5074 2264 5126 ὅταν
2286 5069 2525 5142 ἀκούσῃς
2543 5112 2558 5136 ,
2597 5069 2680 5122 ὅτι
2701 5067 3107 5137 Ἰσχυρότερός
3123 5089 3244 5138 μου
3275 5073 3431 5137 ἐστι,
3467 5075 3544 5148 μὴ

1952 5156 2181 5227 νομίσῃς
2203 5153 2344 5207 κατά
2370 5152 2658 5225 σύγκρισίν
2678 5169 2745 5222 με
2760 5151 2919 5212 τοῦτο
2947 5153 3248 5223 εἰρηκέναι.
3279 5155 3413 5210 Οὑδέ
3435 5157 3546 5230 γὰρ

1954 5241 2034 5304 εἰς
2055 5239 2273 5300 δούλους
2300 5235 2447 5303 ἄξιός
2472 5239 2588 5308 εἰμι
2609 5236 2901 5291 τάττεσθαι
2924 5237 3156 5301 ἐκείνου,
3178 5237 3298 5291 οὐδὲ
3321 5240 3402 5303 είς
3426 5239 3546 5293 δού-

1953 5322 2078 5386 λους
2105 5320 2385 5390 ἐσχάτους,
2405 5320 2528 5373 ούδέ
2548 5320 2608 5374 τὸ
2629 5319 2847 5382 εὐτελὲς
2861 5320 2961 5389 τῆς
2989 5319 3266 5384 διακονίας
3281 5321 3545 5387 ἀναδέξα-

1955 5405 2078 5460 σθαι
2104 5406 2172 5478 μέ
2181 5421 2291 5475 ρος.
2321 5404 2420 5458 Διά
2442 5403 2600 5458 τοῦτο
2615 5403 2714 5475 οὑχ
2732 5402 2919 5467 ἁπλῶς
2935 5397 3079 5469 εἷπε,
3096 5405 3176 5458 Τὰ
3194 5405 3540 5477 ὑποδήματα,

1955 5489 2069 5544 ἀλλ’
2102 5487 2255 5542 Οὐδὲ
2285 5487 2392 5540 τὸν
2421 5486 2668 5558 ἱμάνταο
2699 5489 2838 5558 ὅπερ
2865 5486 3094 5557 ἔσχατον
3124 5487 3343 5542 πάντων
3367 5490 3544 5545 ἐδόκει

1957 5568 2120 5628 εἶναι.
2174 5567 2348 5636 Εῐτα,
2399 5571 2486 5624 ἵνα
2535 5571 2612 5642 μὴ
2664 5569 2892 5642 νομίσῃς
2943 5573 3444 5646 ταπεινοφροσύνης
3499 5576 3540 5607 ιι

2529 5691 2638 5764 γάρ
2666 5695 2732 5764 ᾼ.
2846 5689 2966 5764 ἀλλξ
2984 5691 3122 5764 αὐτῇ
3150 5692 3260 5764 γάρ
3285 5691 3348 5747 C.
3385 5692 3446 5749 D.
3479 5694 3540 5750 Ε.

2890 5833 2912 5863 ⁸
2943 5833 3357 5888 ἀπαλλάττειϐ.
3387 5837 3449 5889 υ.
3477 5836 3540 5890 Ε.

3081 6072 3116 6130 ὅ
