4056 6360
570 366 665 423 197

565 478 702 537 εῖναι
747 481 815 534 τὰ
851 477 1113 551 εἰρημένα
1135 519 1146 541 ,
1181 479 1376 546 ἐπάγει
1414 480 1506 532 καὶ
1558 475 1657 547 τὴν
1684 479 1792 533 ἀπὸ
1827 477 1935 531 τῶν
1964 488 2143 548 πραγ-

566 569 750 638 μάτων
797 565 1066 628 ἀπόδειξιν
1094 580 1106 593 ο
1161 564 1420 629 Ἐκεῖνος
1473 563 1582 635 7&9
1619 565 1659 595 "
1707 560 1863 631 ὑμᾶς
1887 605 1901 623 .
1966 560 2100 630 φησι
2127 597 2140 619 ,

557 651 847 716 ,ϐαπτίσει
873 648 943 700 ἐν
975 648 1267 716 Πνεύματι
1294 648 1441 716 ἁγίῳ
1471 647 1569 700 καὶ
1617 647 1780 713 πυρί.
1818 642 1970 707 Εἶδες
1998 641 2143 711 πόση

561 735 653 788 τοῦ
683 731 984 790 Βοιπτιστοῦ
1008 732 1042 801 ἠ
1082 731 1283 800 σοφίας
1320 731 1491 784 Ὅταν
1535 729 1644 803 7&9
1674 728 1834 792 αὐτὸς
1873 726 2141 797 κηρύττῃ,

562 824 626 872 τὰ
656 816 861 889 φοϐερά
888 816 1068 869 πάντα
1109 814 1287 883 λέγει,
1326 816 1422 867 καὶ
1476 814 1716 882 ἀγωνίαν
1756 811 2100 882 ὲμΰάλλοντα
2128 826 2139 838 ’

561 903 687 955 ὅταν
718 902 772 955 δὲ
799 900 936 971 πρὸς
974 902 1181 953 ἐκεῖνον
1215 899 1430 972 πέμπῃ,
1459 898 1528 951 τὰ
1552 896 1765 969 χρηστά
1795 897 1888 949 καὶ
1907 895 2144 963 ἀνακτήο

564 985 755 1038 σασθαι
791 984 972 1039 ἱκανά.
995 984 1069 1035 Οὐ
1091 982 1198 1054 7&9
1222 982 1319 1052 τὴν
1362 980 1572 1051 ἀξίνην,
1595 980 1716 1034 οὐδὲ
1754 980 1816 1033 τὸ
1841 979 2056 1050 δένδρον
2081 977 2144 1030 τὸ

561 1068 964 1138 ἐκκοπτόμενον
992 1066 1085 1121 καὶ
1111 1066 1398 1135 καιόμενον
1430 1064 1525 1117 καὶ
1551 1065 1631 1126 εἰς
1662 1062 1772 1133 πῦρ
1797 1061 2141 1133 βαλλόμενον,

562 1152 683 1206 οὔτε
708 1152 806 1223 τὴν
830 1150 1131 1221 μέλλουσαν
1153 1148 1323 1220 ὀργὴν
1353 1149 1432 1211 εἰς
1472 1146 1635 1218 μέσον
1658 1146 1803 1214 ἄγει,
1826 1145 1940 1200 ἀλλ’
1965 1146 2144 1215 ἀμαρο

558 1237 818 1307 τημάτων
867 1234 1084 1304 ἄφεσιν,
1118 1234 1214 1286 καὶ
1257 1230 1527 1302 τιμωρίας
1586 1230 1897 1301 ἀναίρεσιν,
1939 1230 2035 1283 καὶ
2066 1229 2145 1281 δι-

561 1318 883 1390 καιοσύνην,
937 1317 1030 1370 καὶ
1085 1316 1376 1385 ἀγιασμὸν,
1431 1315 1525 1367 καὶ
1583 1312 2000 1384 ἀπολύτρωσιν,
2049 1310 2143 1364 καὶ

561 1402 851 1465 υἱοθεσίαν,
890 1400 984 1454 καὶ
1030 1398 1388 1468 ἀδελφότητα,
1426 1398 1520 1450 καὶ⁵
1568 1396 1935 1468 κληρονομίας
1959 1412 2142 1448 κοινω-

558 1486 696 1549 νίαν,
722 1487 816 1539 καὶ
856 1482 1173 1554 Πνεύματος
1206 1480 1364 1549 ἁγίου
1399 1479 1595 1551 δαψιλῆ
1621 1479 1903 1551 χορηγίαν.
1951 1477 2142 1532 Ταῦτα

557 1571 667 1638 γὰρ
687 1570 863 1623 πάντα
889 1566 1107 1639 ᾐνίξατο
1129 1564 1298 1619 είπών
1316 1583 1330 1596 ·
1362 1565 1653 1617 Βαπτίσει
1673 1562 1833 1635 ὑμᾶς
1853 1565 1923 1617 ἐν
1948 1564 2105 1617 Πνεύ
2118 1591 2140 1603 ο

551 1670 693 1721 [eam
721 1652 867 1721 ἁγίῳ
886 1668 900 1682 ⁸
952 1648 1049 1703 καὶ
1095 1649 1232 1718 αὐτῇ
1264 1649 1331 1718 τῇ
1386 1649 1670 1718 μεταφορᾷ
1690 1646 1792 1717 τῆς
1822 1645 2023 1711 λέξεως
2079 1645 2140 1698 τὸ

554 1736 772 1805 δαψιλὲς
805 1735 905 1804 τῆς
926 1734 1145 1805 χάριτος
1186 1732 1469 1802 ἐμφαίνων
1491 1749 1506 1762 ο
1537 1731 1599 1784 οὐ
1638 1731 1748 1802 7&9
1782 1726 1905 1785 εἷπε
1925 1771 1940 1797 ,
1968 1730 2138 1783 Δὼσει

556 1822 684 1889 ὑμῖν
708 1818 928 1888 Πνεῦμα
961 1818 1137 1885 ἆγιον,
1171 1816 1326 1880 ἀλλὰ,
1362 1815 1651 1870 Βαπτίσει
1672 1813 1829 1884 ὑμᾶς
1851 1815 1923 1867 ἐν
1952 1815 2139 1867 Πνεύ-

552 1920 691 1972 ματι
723 1902 899 1971 ἁγίῳ·
946 1901 1042 1953 καὶ
1066 1899 1112 1931 ¹⁹
1145 1901 1212 1970 τῇ
1267 1896 1601 1968 ἐπεξηγήσει
1624 1895 1718 1950 τοῦ
1758 1897 1932 1968 πυρὸς
1980 1896 2139 1950 πάλιν

553 1987 614 2040 τὸ
668 1985 895 2057 σφοδρὸν
951 1984 1046 2037 καὶ
1087 1981 1391 2036 ἀκάθεκτον
1433 1981 1536 2051 τῆς
1592 1979 1816 2053 χάριτος
1868 1978 2139 2033 ἐνδεικνύ-

599 2085 738 2132 ενος.

556 2088 1007 2218 μῗῗςῖιζννάησον
1034 2147 1165 2218 γοῦν
1217 2147 1371 2210 τίνας
1410 2147 1554 2211 είκδς
1603 2142 1673 2218 ἦν
1713 2144 1972 2215 γενέσθαι
2010 2146 2138 2210 τούς

550 2235 881 2298 ἀκούοντας,
917 2232 1298 2304 λογιζομένους
1343 2232 1425 2285 ὅτι
1467 2230 1614 2284 κατὰ
1662 2231 1792 2295 τοὺς
1853 2231 2137 2302 προφήτας

550 2321 745 2392 ἁθρόον
774 2319 1008 2378 ἔσονται,
1041 2317 1136 2370 καὶ
1164 2314 1306 2370 κατά
1333 2316 1379 2347 ¹¹⁶
1404 2315 1534 2379 τοὺς
1561 2314 1832 2384 μεγάλους
1868 2314 2132 2378 ἐκείνους.

551 2406 649 2457 Διά
687 2403 796 2472 γάρ
833 2419 916 2455 τοι
942 2401 1099 2455 τοῦτο
1127 2399 1222 2453 καὶ
1261 2398 1434 2471 πυρὸς
1474 2397 1900 2469 ἐμνημόνευσεν,
1935 2397 2023 2450 ἴνα
2055 2398 2135 2461 είς

550 2489 757 2539 ἔννοιαν
786 2485 983 2548 αὐτοὺς
1011 2486 1111 2554 τῆς
1143 2484 1362 2553 μνήμης
1395 2482 1619 2536 ἐκείνων
1652 2482 1854 2553 ἀγάγῃ.
1895 2482 2006 2535 Καὶ
2025 2481 2135 2553 γὰρ

548 2571 672 2624 ὅσαι
699 2568 883 2640 σχεδὸν
930 2568 1112 2631 αὐτοῖς
1145 2566 1298 2635 ὄψεις
1350 2566 1652 2636 ἐφάνησαν,
1688 2567 1746 2618 αί
1800 2565 2018 2628 πλείους
2045 2565 2135 2618 διὰ

551 2651 723 2721 πυρὸς
767 2651 1043 2718 ἐφάνησαν
1071 2667 1086 2681 ο
1124 2649 1266 2703 οὕτω
1306 2648 1384 2720 τῷ
1420 2650 1628 2720 Μωῦσῇ
1672 2647 1916 2719 διελέχθη
1963 2649 2021 2701 ἐν
2063 2652 2130 2721 τῇ

550 2735 697 2805 βάτῳ
723 2736 750 2786 ὁ
777 2733 940 2796 Θεόςο
975 2731 1117 2786 οῦτω
1145 2732 1221 2803 τῷ
1249 2733 1406 2803 δήμῳ
1439 2735 1602 2786 παντὶ
1628 2733 1685 2786 ἐν
1720 2731 1800 2802 τῷ
1825 2732 1940 2800 δρει
1967 2733 2095 2786 Σινᾶ
2115 2750 2129 2764 ο

547 2817 690 2873 οὕτω
713 2817 790 2887 τῷ
822 2815 1082 2887 Ἰεζεκιὴλ
1111 2816 1204 2870 ἐπὶ
1233 2815 1340 2869 τῶν
1362 2815 1662 2887 Χερουϐίμ.
1696 2815 1898 2870 Σκόπει
1928 2816 1985 2869 δὲ
2014 2816 2132 2880 πῶς

547 2902 642 2956 καὶ
680 2900 934 2971 διεγείρει
964 2898 1055 2952 τὸν
1091 2898 1402 2970 ἀκροατὴν,
1440 2897 1709 2971 πρότερον
1752 2899 1849 2969 μὲν
1885 2899 1928 2931 ¹⁸
1965 2898 2079 2962 θεὶς
2103 2899 2131 2952 ὃ

519 2984 525 2990 ’
548 2984 690 3055 μετὰ
729 2978 907 3036 πάντα
967 2981 1158 3053 ἔμελλε
1202 2980 1469 3050 γίνεσθαι.
1528 2981 1676 3036 Ἔδει
1708 2981 1818 3053 7&9
1856 2984 2130 3054 σφαγῆναι

530 3068 637 3126 ,τὸν
673 3067 891 3139 Ἀμνὸν,
926 3067 1019 3120 καὶ
1053 3067 1153 3137 τὴν
1179 3065 1461 3137 ἁμαρτίαν
1491 3065 1881 3137 ἀφανισθῆναι,
1906 3065 2000 3119 καὶ
2029 3082 2132 3119 καο

544 3151 837 3221 ταλυθῆναι
868 3150 968 3221 τὴν
1005 3148 1226 3222 ἔχθραν,
1257 3149 1353 3203 καὶ
1381 3149 1484 3219 τὴν
1525 3148 1703 3220 ταφὴν
1737 3148 1995 3217 γενέσθαι
2038 3148 2132 3201 καὶ

544 3239 645 3305 τὴν
675 3234 973 3288 ἀνάστασιν
994 3274 1011 3298 ,
1051 3233 1145 3286 καὶ
1166 3233 1287 3287 τότε
1330 3232 1393 3286 τὸ
1422 3231 1655 3303 Πνεῦμα
1703 3230 2129 3303 παραγενέσθαι.

556 3318 717 3373 Ἀλλά
737 3318 941 3371 τούτων
979 3316 1130 3370 οὐδὲν
1172 3315 1321 3384 λέγει
1351 3315 1521 3378 τέως·
1560 3314 1698 3369 ἀλλά
1729 3313 1944 3386 πρῶτον
1962 3313 2024 3367 τὸ
2051 3331 2134 3368 τε·

544 3402 790 3456 λευταῖον
812 3441 827 3465 ,
863 3400 959 3454 καὶ
990 3399 1057 3453 δι’
1084 3398 1112 3451 ὂ
1144 3399 1322 3451 πάντα
1343 3399 1528 3451 ἐκεῖνα
1569 3398 1810 3467 ἐγίνετο,
1842 3398 1940 3451 καὶ
1969 3397 1997 3450 ὃ
2027 3398 2132 3469 μά-

544 3485 698 3539 λιστα
734 3484 918 3538 ἱκανὸν
960 3478 1029 3553 ἦν
1063 3480 1228 3535 αὐτοῦ
1268 3481 1366 3552 τὴν
1408 3481 1564 3546 ἀξίαν
1601 3480 1862 3553 κηρῦξαι·
1900 3480 1967 3534 ἵν’
2002 3482 2132 3535 ὅταν

543 3568 755 3640 ἀκούσῃ
785 3569 813 3620 ό
847 3565 998 3639 [155]
1031 3564 1305 3637 ἀκροατὴς
1328 3607 1343 3631 ,
1371 3565 1454 3619 ὅτι
1489 3564 1715 3636 Πνεῦμα
1751 3564 1979 3636 λήψεται
2009 3582 2133 3618 τοσ-

543 3652 733 3714 οῦτον,
769 3650 906 3722 ζητῇ
937 3650 982 3682 ¹⁸
1038 3649 1171 3719 πρὸς
1210 3648 1441 3711 ἑαυτὸν,
1491 3649 1608 3711 πῶς
1660 3649 1757 3702 καὶ
1791 3649 1899 3702 τίνι
1943 3648 2132 3722 τρόπῳ

541 3735 699 3790 τοῦτο
720 3733 894 3797 ἐσται,
920 3733 1016 3803 τῆς
1047 3731 1323 3802 ἁμαρτίας
1359 3731 1500 3785 οὕτω
1523 3730 1832 3803 κρατούσης
1855 3748 1869 3760 ·
1910 3731 1999 3786 ἵνα
2037 3731 2132 3786 λα-

543 3818 652 3892 βὼν
678 3818 839 3872 αὐτὸν
872 3815 1382 3889 μεμεριμνημένον,
1411 3815 1506 3869 καλ⁵
1538 3816 1963 3887 ὲμπαράσκευον
1996 3816 2132 3887 πρὸς

541 3905 641 3975 τὴν
698 3903 999 3973 ἀκρόασιν,
1061 3899 1204 3952 οὕτω
1261 3899 1352 3952 τὸν
1414 3900 1543 3968 περὶ
1586 3899 1682 3952 τοῦ
1751 3900 1954 3966 πάθους
2015 3902 2128 3953 είσ-

539 3986 725 4058 ἀγάγῃ
770 3984 948 4052 λόγον,
1005 3982 1234 4054 μηδενὸς
1283 3982 1470 4035 λοιπὸν
1520 3982 2011 4055 σκανδαλιζομένου
2060 3989 2126 4057 τῇ

540 4067 838 4141 προσδοκίᾳ
879 4067 981 4138 τῆς
1034 4065 1291 4137 τοιαύτης
1341 4065 1569 4137 δωρεᾶς.
1632 4068 1725 4120 Διὸ
1784 4067 1947 4122 πάλιν
1998 4066 2130 4122 ἐϐόα

539 4151 713 4220 λέγων
735 4164 753 4183 °
779 4151 902 4205 Ἴδε
932 4153 965 4203 ό
993 4148 1208 4218 Ἀμνὸς
1233 4148 1338 4202 τοῦ
1361 4147 1530 4210 Θεοῦ,
1554 4152 1589 4204 ό
1608 4149 1791 4218 αῑρων
1809 4150 1925 4219 τὴν
1939 4151 2127 4220 ἁμαρ-

541 4235 677 4289 τίαν
697 4233 805 4288 τοῦ
826 4234 1082 4302 κόσμου.
1124 4234 1239 4286 ιὶύκ
1271 4228 1446 4296 εἶπεν,
1489 4233 1548 4285 'U
1573 4233 1751 4302 ἀφεὶς,
1794 4235 1910 4289 ἀλλ’
1942 4235 1972 4288 δ
2011 4236 2129 4307 μει.

543 4317 697 4382 ζονος
717 4312 783 4387 ἦν
818 4314 1161 4385 κηδεμονίας,
1213 4314 1276 4369 '0
1316 4314 1520 4383 αῖρων.
1567 4316 1641 4369 Οὐ
1677 4316 1785 4390 γάρ
1827 4318 1975 4372 ἐστιν
2010 4315 2128 4373 ῐσον

541 4403 763 4469 ἀφεῖναι
791 4397 998 4462 ἁπλῶς,
1030 4399 1124 4452 καὶ
1152 4398 1316 4452 αὐτὸν
1343 4399 1384 4430 ¹⁷
1415 4398 1724 4453 ἀναλαϐεῖν.
1766 4398 1847 4453 ’Τὸ
1879 4402 1981 4472 μὲν
2017 4400 2129 4472 7&9

540 4484 600 4550 ἐξ
627 4482 911 4536 ἀκινδύνου
940 4480 1169 4549 ἐγίνετο,
1199 4480 1260 4535 τὺ
1284 4480 1341 4535 δὲ
1365 4481 1503 4553 μετά
1537 4481 1791 4539 θανάτου.
1824 4485 1936 4539 Καὶ
1968 4484 2129 4540 πάλιν

466 4564 469 4568 ’
539 4566 747 4633 ἔλεγεν,
791 4564 873 4617 ὃτι
921 4563 1050 4627 Υἱὸς
1093 4562 1187 4617 τοῦ
1236 4563 1372 4617 Θεοῦ
1418 4566 1585 4619 ἐστιν.
1630 4565 1770 4619 Ἀλλ’
1802 4567 1922 4621 οὐδέ
1971 4567 2130 4622 τοῦτο

538 4649 742 4721 τρανὴν
796 4650 906 4711 τοῖς
937 4645 1193 4700 ἀκούουσι
1223 4647 1321 4718 τὴν
1364 4647 1521 4714 ἀξίαν
1562 4649 1770 4719 ἐδήλου,
1827 4650 1963 4704 Οὐδὲ
2019 4652 2128 4724 7&9

536 4732 734 4803 ᾔδεσαν
761 4728 972 4784 οὐδέπω
1008 4731 1229 4799 γνήσιον
1266 4729 1429 4783 αὐτὸν
1464 4732 1666 4784 ἐννοεῖν
1716 4732 1878 4786 Υίόν·
1927 4733 2036 4787 ἀπὸ
2068 4735 2126 4788 δὲ

536 4816 636 4885 τῆς
670 4812 941 4883 τοσαύτης
990 4811 1085 4865 τοῦ
1118 4813 1438 4885 Πνεύματος
1464 4812 1684 4878 ’δόσεως
1725 4816 1949 4870 κάκεῖνο
1997 4835 2125 4870 συν-

541 4897 723 4950 ίστατο
772 4898 834 4950 η.
872 4896 971 4948 Διά
1011 4895 1076 4965 δὴ
1114 4896 1272 4948 τοῦτο
1313 4897 1406 4949 καὶ
1457 4897 1486 4950 ὁ
1520 4897 1709 4968 Πατὴρ
1761 4899 1996 4968 πέμπων
2034 4900 2127 4955 τὸν

550 4981 822 5048 Ἰωάννην,
843 4977 1005 5032 τοῦτο
1030 4978 1179 5049 αὐτῷ
1205 4979 1405 5049 δεῖγμα
1443 4978 1659 5051 πρῶτον
1693 4980 1790 5049 τῆς
1816 4982 1912 5035 τοῦ
1942 5001 2124 5055 παρα-

535 5065 826 5131 γενομένου
856 5063 899 5094 ¹⁹
923 5062 1152 5115 δέδωκεν
1175 5061 1352 5127 ἀξίας,
1379 5062 1548 5115 εἰπών
1570 5079 1584 5093 ’
1627 5063 1753 5133 Ἐφ’
1783 5064 1859 5118 ὃν
1881 5065 1960 5120 ἂν
1991 5067 2127 5134 ἴδῃς

535 5146 603 5198 τὸ
633 5146 874 5215 Πνεῦμα
913 5144 1276 5199 καταϐαῖνον
1305 5145 1402 5199 καὶ
1426 5145 1635 5216 μένον,
1670 5143 1849 5213 οὗτός
1893 5150 2064 5203 ἐστιν
2093 5153 2127 5203 ό

530 5229 834 5294 βαπτίζων
869 5229 940 5281 ἐν
976 5230 1271 5297 Πνεύματι
1299 5230 1583 5299 ἀγίῳ.“Διὺ
1606 5233 1698 5284 καὶ
1730 5233 1893 5296 αὐτός
1923 5251 2088 5303 φησιν
2111 5251 2127 5266 ο

549 5311 695 5381 Ἐγὼ
713 5312 944 5380 ἑώρακα
976 5311 1073 5364 καὶ
1100 5314 1543 5381 μεμαρτύρηκα,
1575 5313 1663 5367 ὅτι
1693 5312 1871 5381 οὗτός
1898 5317 2068 5370 ἐστιν
2095 5320 2127 5370 ό

535 5394 672 5462 Υἱὸς
694 5396 801 5450 τοῦ
824 5395 992 5450 Θεοῦ·
1021 5396 1097 5459 ὼς
1121 5396 1231 5449 ἀπὸ
1251 5396 1441 5449 τούτου
1463 5398 1716 5451 κάκείνου
1740 5398 1924 5453 λοιπὸν
1941 5399 2127 5470 σαφῶς

578 5520 622 5550 “
646 5520 751 5591 γάρ
767 5535 879 5574 om.
903 5519 969 5575 Α.
998 5518 1060 5573 Β.
1086 5538 1122 5590 φ
1167 5520 1219 5573 σί
1236 5535 1347 5575 om.
1369 5520 1431 5574 ι).
1459 5521 1518 5574 Ε.
1548 5519 1610 5575 F.
1656 5520 1699 5551 ⁸³
1723 5520 2024 5575 καίοηι.Α.
2055 5522 2117 5578 Β.

578 5588 891 5661 έσθαιΕόιΙ.
954 5592 1015 5661 7“
1038 5538 1198 5661 07%]
1233 5590 1385 5661 ζητεῖ
1404 5590 1465 5643 D.
1494 5592 1556 5645 E.
1592 5590 1652 5644 F.
1688 5594 1762 5661 μὴ
1783 5593 1919 5661 ζητῇ
1951 5594 2015 5647 Δ.
2048 5593 2109 5648 Β.

2237 5526 2325 5578 καὶ
2353 5522 2496 5577 κατά
2516 5539 2627 5578 om.
2652 5524 2718 5577 A.
2738 5523 2795 5577 Β.
2815 5524 2912 5580 Ge.
2951 5526 2995 5558 ¹⁸

2238 5597 2346 5661 ήσῃ
2380 5593 2508 5647 Sav.
2540 5593 2669 5648 Ben.
2716 5595 2757 5625 ³⁷
2788 5595 2972 5661 αὐτόν]

540 5588 730 5643 νέσθαι
756 5590 891 5644 Edd.

1245 359 1302 417 S.
1334 359 1619 418 JOANNIS
1650 352 2143 416 CIIRYSOSTOMI
2182 359 2497 420 ARCHIEP.
2528 361 3075 421 CONSTANTINOP.

3727 366 3831 422 {98

2251 480 2663 551 συνισταμένου.
2713 475 2869 543 Εἶτα,
2928 478 3117 550 ἐπειδὴ
3180 477 3247 533 τὰ
3291 477 3501 551 χρηστά
3537 473 3681 544 εἷπε,
3736 485 3835 535 καὶ

2247 561 2415 631 ἀνῆκε
2440 563 2529 616 τὸν
2557 563 2831 634 ἀκροατὴν
2864 563 2957 616 καὶ
2990 563 3244 633 ἐχάλασε,
3291 564 3454 617 πάλιν
3489 564 3832 634 ἐπισφίγγει,

2237 642 2389 697 ὥστε
2417 646 2492 717 μὴ
2515 646 2767 714 γενέσθαι
2795 645 3058 720 ῥᾴθυμον.
3086 644 3341 700 Τοιοῦτον
3370 647 3480 717 γάρ
3507 646 3569 699 τὸ
3588 647 3745 714 γένος
3771 648 3837 699 τὸ

2260 728 2574 783 Ἰουδαϊκόν·
2605 729 2709 783 ὑπὸ
2738 730 2845 783 τῶν
2874 729 3126 801 χρηστῶν
3148 727 3472 798 ἐχαυνοῦντο
3493 729 3713 801 ῥᾳδίως,
3739 730 3838 784 καὶ

2246 811 2460 882 χείρους
2507 812 2764 880 ἐγίνοντο.
2814 812 3015 885 Διόπερ
3046 811 3209 865 πάλιν
3250 813 3445 879 ἐπάγει
3484 813 3554 865 τά
3603 812 3833 884 φοϐερά,

2245 894 2417 963 λέγων
2443 911 2458 926 ’
2492 891 2575 951 Οὗ
2605 894 2672 949 τὸ
2692 897 2884 949 πτύον
2910 897 2982 949 ἐν
3007 894 3082 964 τῇ
3108 895 3258 965 χειρὶ
3293 894 3501 950 αὑτοῦ.
3553 897 3838 967 Ἀνωτέρω

2248 977 2347 1049 μὲν
2367 978 2476 1048 γὰρ
2506 980 2606 1052 τὴν
2629 977 2859 1052 ,κόλασιν
2882 974 3037 1032 εἶπεν
3057 995 3072 1010 ·
3109 976 3343 1032 ἐνταῦθα
3372 978 3429 1031 δὲ
3468 979 3563 1032 καὶ
3593 979 3684 1032 τὸν
3712 996 3838 1050 κρι-

2242 1061 2344 1134 τὴν
2381 1062 2646 1126 δείκνυσι,
2690 1063 2786 1117 καὶ
2825 1063 2928 1133 τὴν
2978 1062 3251 1135 τιμωρίαν
3286 1062 3553 1117 ἀθάνατον
3588 1063 3831 1132 είσάγει’

2244 1147 2619 1200 Κατακαύσει
2647 1147 2778 1218 7&9,
2805 1146 2960 1216 φησὶ,
2994 1146 3060 1199 τὸ
3085 1145 3316 1215 ἄχυρον
3347 1146 3488 1215 πυρὶ
3533 1144 3831 1221 ἀσϐέστῳ.

2256 1227 2418 1299 Ὁρᾷς
2442 1229 2603 1282 αὐτὸν
2634 1229 2725 1282 τὸν
2753 1229 2863 1283 τῶν
2890 1231 3236 1302 πραγμάτων
3269 1229 3495 1302 Κύριον,
3527 1232 3623 1284 καὶ
3666 1229 3835 1284 αὐτὸν

2241 1312 2371 1365 ὄντα
2396 1313 2487 1366 τὸν
2512 1314 2559 1344 ¹⁰
2580 1314 2848 1386 γεωργὸν,
2867 1314 2970 1368 κᾶν
2997 1314 3089 1369 τὸν
3112 1315 3332 1386 Πατέρα
3353 1314 3587 1386 ἀλλαχοῦ
3606 1314 3832 1369 ταύτδ⁹¹

2242 1396 2376 1469 λέγῃ
2396 1413 2409 1428 ·
2455 1396 2509 1448 '0
2535 1398 2738 1466 Πατήρ
2761 1415 2882 1466 μου
2910 1396 3041 1469 γὰρ,
3075 1397 3264 1468 φησὶν,
3295 1401 3328 1452 ὁ
3357 1399 3611 1468 τεῳνός
3639 1398 3831 1454 ἐστιν.

2255 1477 2473 1551 Ἐπειδὴ
2494 1481 2602 1551 γὰρ
2633 1481 2679 1512 ³⁸
2702 1475 2876 1545 εἶπεν,
2921 1480 3151 1547 Ἀξίνη,
3186 1481 3272 1534 ίνα
3308 1481 3383 1552 μὴ
3410 1481 3640 1554 νομίσῃς
3664 1481 3832 1536 πόνου

2241 1558 2443 1614 δεῖσθαι
2466 1563 2528 1615 τὸ
2553 1563 2806 1634 πρᾶγμα,
2841 1563 2938 1617 καὶ
2958 1564 3333 1632 δυσδιάκριτον
3362 1559 3522 1629 εἶναι,
3549 1564 3611 1629 ἐξ
3640 1564 3835 1636 ἐτέρου

2241 1645 2686 1716 παραδείγματος
2720 1647 2767 1678 ’³
2791 1648 2886 1701 καὶ
2915 1646 3015 1718 τὴν
3040 1647 3291 1702 εὐκολίαν
3341 1648 3571 1717 είσάγει,
3614 1649 3833 1711 δεικνὺς

2241 1729 2420 1781 πάντα
2452 1730 2618 1783 αὐτοῦ
2664 1729 2755 1784 τὸν
2787 1731 2991 1802 κόσμον
3031 1732 3161 1784 ὄντα
3180 1749 3196 1765 ο
3248 1733 3309 1785 οὐ
3350 1732 3459 1804 7&9
3499 1731 3566 1786 ἂν
3593 1733 3718 1795 τούς
3753 1732 3833 1805 μὴ

2240 1811 2435 1865 ἐαυτοῦ
2464 1812 2711 1868 ἐκόλασε.
2753 1813 2869 1867 Νῦν
2919 1815 3019 1883 μὲν
3061 1811 3155 1869 οὖν
3195 1817 3372 1870 πάντα
3418 1815 3791 1885 ἀναμέμικται
3815 1832 3830 1846 ·

2239 1895 2341 1949 κᾶν
2363 1895 2473 1967 γὰρ
2500 1896 2758 1968 φαίνηται
2787 1895 3107 1967 διαλάμπων
3133 1900 3162 1950 ό
3185 1900 3351 1962 σῖτος,
3380 1897 3494 1952 ἀλλ’
3518 1899 3666 1969 ὅμως
3690 1899 3833 1968 μετά

2236 1978 2347 2031 τῶν
2392 1978 2612 2050 ἀχύρων
2643 1981 2839 2042 κεῖται,
2870 1980 2946 2043 ὡς
2984 1981 3044 2032 ὲν
3091 1980 3278 2042 ἀλωνι,
3328 1981 3428 2051 οὐχ
3473 1980 3549 2044 ὡς
3599 1982 3658 2033 ὲν
3688 1981 3831 2033 ἀπο-

2238 2061 2384 2134 θήκη
2404 2079 2418 2094 ·
2449 2063 2573 2114 τότε
2594 2061 2652 2114 δὲ
2678 2062 2847 2134 πολλὴ
2869 2064 3022 2116 ἔσται
3050 2065 3083 2134 η
3117 2064 3409 2136 διάκρισις.
3440 2063 3551 2117 Ποῦ
3575 2062 3671 2117 νῦν
3690 2067 3831 2117 εἰσιν

2237 2145 2288 2196 οἱ
2327 2145 2395 2214 τῇ
2448 2144 2640 2217 γεέννῃ
2678 2145 3119 2211 διαπιστοῦντες;
3168 2148 3281 2200 Καὶ
3316 2146 3425 2217 7&9
3453 2136 3548 2200 δύο
3588 2146 3826 2209 τέθεικε,

2235 2226 2332 2280 καὶ
2356 2227 2438 2280 ὅτι
2469 2226 2723 2298 βαπτίσει
2747 2230 3024 2300 Πνεύματι
3063 2229 3225 2299 ἁγίῳ,
3256 2230 3353 2283 καὶ
3378 2231 3460 2283 ὃτι
3491 2230 3829 2284 κατακαύσει

2232 2310 2363 2375 τοὺς
2407 2311 2762 2376 ἀπειθοῦντας
2804 2314 2870 2369 ἥδ.
2909 2314 2972 2366 Ei
3023 2313 3205 2366 τοίνυν
3244 2314 3422 2366 ἐκεῖνο
3460 2313 3671 2377 πιστὸν,
3730 2314 3828 2366 καὶ

2230 2391 2392 2450 τοῦτο
2416 2397 2654 2459 πάντως.
2709 2394 2810 2448 Διά
2837 2395 2948 2466 7&9
2977 2396 3139 2449 τοῦτο
3177 2394 3374 2467 ἐφεξῆς
3404 2396 3503 2459 τὰς
3530 2395 3623 2448 δύο
3652 2400 3827 2470 προρ-

2236 2476 2425 2548 ρήσεις
2454 2477 2720 2538 τέθεικεν,
2749 2479 2837 2532 ἴνα
2871 2478 2978 2532 ἀπὸ
3017 2479 3115 2550 τῆς
3144 2478 3244 2550 ἤδη
3282 2480 3582 2550 γενομένης
3607 2479 3699 2533 καὶ
3726 2481 3828 2553 τὴν

2238 2559 2464 2630 μηδέπω
2493 2563 2779 2632 συμϐᾶσαν
2812 2561 3175 2633 πιστώσηται.
3214 2563 3325 2615 Καὶ
3356 2562 3467 2635 7&9
3496 2565 3590 2618 καὶ
3621 2567 3649 2616 ὁ
3686 2565 3828 2635 Χρι-

2236 2644 2360 2707 στὸς
2401 2643 2670 2717 πολλαχοῦ
2716 2646 2876 2700 τοῦτο
2917 2650 3079 2710 ποιεῖ,
3131 2646 3393 2711 πολλάκις
3445 2648 3543 2718 μὲν
3578 2649 3669 2701 ἐπὶ
3714 2648 3828 2703 τῶν

2233 2728 2413 2781 αὐτῶν
2437 2732 2776 2800 πραγμάτων
2804 2729 2975 2803 [156],
3008 2731 3271 2796 πολλάκις
3306 2732 3363 2785 δὲ
3402 2734 3494 2786 ἐπὶ
3531 2732 3643 2785 τῶν
3668 2736 3828 2786 ἐναν-

2230 2811 2383 2875 τίων,
2426 2812 2519 2866 δύο
2557 2814 2726 2877 τιθεὶς
2765 2815 3124 2886 προφητείας,
3176 2819 3269 2870 καὶ
3318 2817 3419 2889 τὴν
3454 2816 3552 2887 μὲν
3590 2814 3825 2870 ἐνταῦθα

2233 2897 2627 2966 παρεχόμενος,
2659 2898 2757 2965 τὴν
2787 2898 2844 2951 δὲ
2870 2902 2930 2951 ἐν
2968 2900 3046 2969 τῷ
3083 2900 3330 2970 μέλλοντι
3363 2900 3818 2972 ὑπισχνούμενος·

2232 2978 2320 3031 ἵνα
2350 2979 2459 3032 ἀπὸ
2485 2982 2584 3050 τῆς
2614 2980 2714 3052 ἤδη
2745 2984 3044 3054 γενομένης
3077 2984 3172 3037 καὶ
3200 2986 3267 3054 τῇ
3299 2984 3524 3054 μηδέπω
3556 2985 3828 3057 γενομένη

2232 3061 2597 3115 πιστεύσωσιν
2619 3065 2669 3116 οί
2695 3063 3139 3139 φιλονεικὰτεροι.
3164 3068 3278 3121 Καὶ
3301 3067 3412 3138 7&9
3438 3070 3551 3130 τοῖς
3570 3067 3638 3120 δι’
3659 3068 3831 3121 αὐτὸν

2231 3146 2622 3216 ἀποδυομένοις
2664 3149 2733 3201 τὰ
2768 3149 2897 3203 ὄντα
2935 3153 3112 3205 πάντα
3156 3150 3686 3205 ἑκατονταπλασίονα
3719 3152 3829 3205 ὐπ-

2232 3229 2421 3300 έσχετο
2459 3230 2651 3284 δώσειν
2677 3232 2832 3302 ἐντῷ
2867 3234 3094 3303 παρόντι
3126 3232 3247 3305 βίῳ,
3298 3235 3394 3287 καὶ
3424 3232 3569 3305 ζωὴν
3602 3232 3826 3287 αίώνιυν

2232 3311 2290 3364 ἐν
2316 3311 2396 3382 τῷ
2422 3313 2689 3383 μέλλοντι,
2730 3315 2839 3368 ἀπὸ
2875 3316 2985 3370 τῶν
3018 3317 3119 3389 ἤδη
3155 3316 3419 3370 δοθέντων
3460 3318 3552 3370 καὶ
3590 3317 3659 3370 τά
3692 3316 3829 3387 μέλ-

2231 3395 2389 3450 λοντα
2413 3397 2697 3463 ἀξιόπιστα
2718 3399 2997 3465 καθιστάς.
3031 3401 3094 3454 Ὃ
3111 3400 3174 3472 δὴ
3197 3400 3292 3454 καὶ
3323 3401 3574 3472 Ἰωάννης
3591 3400 3829 3455 ἐνταῦθα

2232 3479 2499 3549 πεποίηκε
2543 3481 2635 3534 δύο
2693 3482 2826 3548 θεὶς.
2872 3484 2954 3536 ὅτι
3003 3483 3100 3537 καὶ
3132 3484 3179 3515 ³⁵
3238 3484 3490 3554 βαπτίσει
3539 3485 3827 3556 Πνεύματι

2230 3561 2374 3634 ἁγίῳ
2400 3564 2466 3629 ’⁸,
2504 3565 2598 3619 καὶ
2625 3565 2961 3620 κατακαύσει
2998 3569 3129 3640 πυρὶ
3156 3568 3425 3640 ἀσϐέστῳ.

2306 3653 2378 3713 ς’.
2401 3648 2464 3701 Εἰ
2488 3649 2666 3703 τοίνυν
2692 3650 2767 3720 μὴ
2789 3650 3048 3703 ἐδάπτισε
3070 3651 3348 3723 Πνεύματι
3378 3653 3423 3684 ⁸⁷
3444 3653 3572 3716 τοὺς
3590 3653 3829 3709 ἀποστόο

2230 3731 2355 3796 λους
2388 3733 2483 3785 καὶ
2505 3734 2713 3796 πάντας
2741 3734 2864 3787 καθ’
2893 3736 3129 3806 ἑκάστην
3160 3736 3376 3808 ἡμέραν
3409 3740 3534 3801 τοὺς
3563 3737 3828 3811 βουλομέ-

2230 3832 2376 3880 νους,
2406 3814 2552 3886 ἔχοις
2586 3817 2653 3871 ἂν
2701 3819 2796 3871 καὶ
2838 3820 2968 3890 περὶ
2994 3820 3220 3875 ἐκείνων
3263 3821 3650 3891 ἀμφιδάλλειψ
3687 3825 3736 3877 εί
3763 3825 3829 3879 δὲ

2230 3898 2291 3952 τὸ
2322 3900 2507 3970 μεῖζον
2536 3903 2629 3954 καὶ
2655 3902 3061 3974 δυσκολώτερον
3092 3899 3231 3957 εἶναι
3259 3904 3470 3966 δοκοῦν,
3516 3907 3613 3960 καὶ
3641 3909 3827 3963 πάντα

2231 3983 2562 4054 ὐπερόαῖνον
2588 3985 2765 4055 λόγον,
2794 3988 2888 4040 καὶ
2920 3990 3112 4057 γέγονε
3143 3991 3237 4044 καὶ
3262 3991 3385 4043 καθ’
3417 3990 3654 4063 ἑκάστην
3676 3994 3858 4061 γίνε-·

2227 4083 2340 4130 ται,
2376 4067 2492 4146 πῶς
2531 4068 2592 4120 τὸ
2638 4069 2860 4123 εὐκολον
2909 4072 3003 4124 καὶ
3048 4073 3188 4127 κατὰ
3227 4073 3385 4141 λόγον
3427 4076 3708 4146 γινόμενον
3755 4080 3824 4132 οὐ

2229 4151 2337 4221 φῂς
2366 4145 2506 4203 εἶναι
2536 4151 2734 4222 ἀληθές
2760 4170 2774 4218 ;
2828 4153 3045 4226 Ἐπειδὴ
3067 4155 3176 4225 γάρ
3210 4156 3257 4188 ³⁸
3284 4150 3457 4223 εἶπεν,
3486 4145 3567 4212 ὃτι
3594 4162 3824 4214 Βαπτί-

2230 4249 2327 4286 σει
2346 4235 2645 4303 Πνεύματι
2667 4237 2813 4305 ἁγίῳ
2842 4238 2939 4291 καὶ
2962 4240 3127 4307 πυρὶ,
3146 4240 3239 4293 καὶ
3258 4241 3468 4310 μεγάλα
3497 4242 3747 4296 ἐντεῦθεν
3770 4247 3820 4276 ’⁸

2230 4315 2498 4388 ὑπέσχετο
2525 4319 2725 4387 ἀγαθὰ,
2780 4320 2870 4374 ἵνα
2919 4322 2994 4393 μὴ
3045 4323 3323 4395 ἀναπέσῃς
3367 4326 3477 4379 τῶν
3534 4326 3821 4398 προτέρων

2230 4400 2485 4455 ἁπάντων
2531 4403 2773 4473 ἀφεθεὶς,
2821 4406 3070 4476 ἐπήγαγε
3114 4407 3176 4461 τὸ
3220 4408 3387 4463 πτύον
3446 4411 3541 4465 καὶ
3590 4411 3691 4483 τὴν
3728 4413 3823 4469 διὰ

2230 4484 2422 4538 τούτου
2451 4487 2632 4557 κρίσιν
2674 4488 3099 4561 ἐμφαινομένην..
3147 4491 3239 4565 Μὴ
3282 4494 3391 4564 γάρ
3428 4493 3491 4565 δὴ
3533 4495 3819 4568 νομίσητε,

2232 4570 2417 4639 φησὶν,
2449 4570 2639 4641 ἀρκεῖν
2680 4572 2740 4624 τὸ
2786 4572 3088 4642 βάπτισμα,
3136 4577 3184 4627 εί
3226 4576 3420 4646 φαῦλοι
3462 4577 3602 4648 μετά
3642 4579 3821 4634 ταῦτα

2234 4654 2482 4721 γένοισθε
2506 4673 2519 4684 ν
2549 4656 2631 4708 δεῖ
2653 4657 2762 4728 γὰρ
2801 4659 2931 4728 ἡμῖν
2963 4660 3059 4711 καὶ
3102 4661 3302 4732 ἀρετῆς
3341 4662 3435 4714 καὶ
3476 4663 3678 4735 πολλῆς
3714 4665 3823 4735 τῆς

2235 4736 2568 4806 φιλοσοφίας.
2631 4739 2730 4792 Διά
2791 4741 2949 4794 τοῦτο
2988 4743 3069 4805 είς
3120 4744 3219 4813 μὲν
3252 4744 3352 4814 τὴν
3398 4746 3557 4818 χάριν
3610 4748 3705 4801 καὶ
3752 4750 3822 4802 τὸ

2232 4818 2455 4892 λουτρὸν
2502 4820 2611 4874 ἀπὸ
2650 4822 2750 4892 τῆς
2779 4822 2969 4894 ἀξίνης
3019 4826 3218 4889 αὐτοὺς
3244 4826 3413 4880 ὠθεῖσ
3465 4832 3601 4899 μετά
3630 4829 3687 4883 δὲ
3716 4831 3821 4901 τὴν

2231 4903 2391 4974 χάριν
2445 4904 2554 4956 ἀπὸ
2601 4905 2693 4956 τοῦ
2742 4906 2910 4960 πτύου
2959 4908 3176 4962 καὶτοῦ
3220 4910 3389 4982 πυρὸς
3413 4910 3509 4965 τοῦ
3545 4912 3820 4967 ἀσϐέστου

2232 4985 2423 5055 φοϐεῖ·
2454 4989 2545 5040 καὶ
2571 4988 2680 5042 τῶν
2712 4989 2812 5059 μὲν
2858 4991 2963 5061 πρὸ
2999 4992 3092 5045 τοῦ
3136 4993 3509 5064 βαπτίσματος
3555 4997 3819 5066 οὐδεμίαν

2231 5072 2467 5123 ποιεῖται
2519 5069 2812 5141 διάκρισιν,
2856 5074 2972 5126 ἀλλ’
3002 5076 3206 5141 ἁπλῶς,
3252 5075 3382 5131 Πᾶν
3415 5077 3666 5146 δένδρον
3723 5082 3817 5148 μὴ

2231 5151 2447 5205 ποιοῦν
2488 5156 2723 5221 καρπὸν
2774 5156 2966 5209 καλὸν
3023 5159 3404 5222 ἐκκόπτεται,
3463 5163 3616 5232 φησὶ,
3686 5165 3817 5226 τοὺς

2228 5233 2488 5315 ἀπίστους
2537 5235 2783 5301 ἅπαντας
2817 5239 3094 5304 κολάζων·
3150 5244 3287 5313 μετά
3328 5244 3385 5297 δὲ
3425 5245 3484 5297 τὸ
3529 5244 3815 5315 βάπτισμα

2227 5312 2489 5383 διαίρεσιν
2519 5332 2639 5368 τινα
2668 5317 2981 5386 ἐργάζεται,
3009 5321 3196 5392 ἐπειδὴ
3230 5321 3413 5375 πολλοὶ
3435 5312 3547 5375 τῶν
3588 5312 3812 5377 πιστευ-

2230 5399 2448 5452 σάντων
2477 5400 2698 5467 ἀνάξιον
2732 5401 2955 5473 ἔμελλον
2989 5406 3089 5476 τῆς
3124 5407 3364 5469 πίστεως
3397 5406 3814 5462 ἐπιδείκνυσθαι

3020 5528 3118 5602 μέν
3139 5544 3251 5602 "Am:
3274 5529 3343 5602 A_°
3377 5528 3439 5587 Βο
3563 5546 3616 5600 1)·
3639 5548 3691 5602 Ρ·
3716 5550 3811 5602 γε·

971 5590 1198 5674 mra]
1233 5590 1467 5674 arma;
1494 5590 1652 5674 επεν·
1688 5594 1762 5674 μὴ
1783 5593 1919 5663 cura
1951 5594 2027 5674 ε.
2048 5593 2109 5674 β.

2238 5597 2346 5666 ήσῃ
2380 5593 2508 5647 Sav.
2540 5593 2669 5674 Βεη.
2708 5595 2972 5674 ςιαύτόν]
3004 5590 3093 5674 ⁸ξὺν
3123 5599 3283 5674 αὐτόν
3304 5598 3440 5674 ΙΞΞιΜ3
3474 5590 3654 5656 Pal-Ilo.
3676 5590 3801 5671 ρόει

534 5658 907 5746 ἐξάκινδύγῳν
1030 5658 1400 5746 ἔξωκινδύνου
1569 5658 1936 5746 ίξσίδνίστατᾶι
1957 5662 2086 5717 Edd.
2130 5658 2208 5746 '7“
2235 5658 2675 5746 παραγινρμένου
2706 5663 2866 5746 Ιξόά..
2897 5658 3072 5746 ,η’τόχ
3092 5683 3202 5724 om.
3319 5669 3379 5724 Β.
3397 5671 3461 5726 C.
3540 5674 3583 5705 ²¹
3606 5658 3802 5746 ταύτόι

533 5728 788 5812 τοῦτοιῇἱ
908 5730 1130 5812 κᾶντδν
1151 5730 1610 5812 πατέρα....ἳλέ-γῃ1
1638 5731 1714 5812 ᾡς
1752 5733 1848 5812 καὶ
1880 5733 2132 5812 τὸν-πατέ

2237 5752 2241 5812 ς
2262 5728 2640 5812 ἀλλαχοῦγ-ἀρ
2656 5734 2819 5812 τοῦτο
2850 5737 3002 5812 λέγει
3029 5737 3091 5812 .
3141 5740 3345 5807 pariter
3372 5758 3435 5795 ac
3467 5755 3707 5812 patrem;
3736 5728 3806 5798 ὀὶ

569 5815 638 5879 ιιι)
659 5799 794 5879 alibi:
823 5799 921 5855 Ge.
995 5805 1040 5834 ³³
1075 5799 1455 5879 Ἐπειδῇγάρῖ
1483 5799 1611 5879 Είτα
1650 5803 1835 5873 ἐπειδή
1867 5801 1930 5855 Α.
1965 5803 2023 5856 Β.
2052 5819 2103 5872 p.

2237 5799 2514 5879 ιξίνηνᾏ.
2544 5799 2622 5879 BI
2652 5804 2714 5858 D.
2752 5804 2814 5879 Ε.
2889 5799 2938 5839 ’ί
2956 5799 3277 5879 πράγματος
3304 5799 3497 5868 οωιιεε
3528 5814 3649 5867 mei-
3671 5799 3805 5869 éum

588 5884 671 5943 οτ.
697 5879 752 5924 ει
776 5869 1637 5943 Ιιιιετρρζπαραδείγματος-ὃσν.
1656 5869 2161 5943 (ιιιειῐιέεοιιιυεεεὶ
2192 5869 2667 5942 ΜοηιέῘαίεοηίιιε;
2695 5877 2840 5931 nulla
2861 5869 3040 5933 lamén
3064 5869 3314 5936 éédicu'm
3335 5885 3609 5937 menlione
3632 5883 3802 5940 facta.
3880 5874 3889 5879 ’

529 5938 583 5972 ⁸⁵
612 5938 977 6014 ἀπιστοῦντας
998 5938 1137 6014 Εάάξ
1170 6000 1175 6003 Α
1208 5938 1359 6014 ¹⁵>ὃτι
1383 5941 1500 6014 καί]
1530 5943 1627 6014 καὶ
1643 5938 1725 6014 δτι
1754 5941 1913 6014 A._B.
1944 5953 1998 5998 et
2028 5959 2080 6013 p.

535 5945 583 5972 ”
612 5945 977 6004 ἀπιστοῦντας
998 5945 1130 5996 Edd.
1170 6000 1175 6003 Α
1208 5945 1253 5974 ⁸⁵
1273 5945 1359 5995 ὅτι
1383 5945 1500 6014 καί]
1530 5945 1627 5996 καὶ
1643 5945 1725 5995 ὅτι
1754 5945 1819 5995 Α.
1854 5945 1913 5995 Β.
1944 5953 1998 5998 ει
2028 5959 2080 6013 p.
2108 5960 2132 6014 ι]

535 6009 834 6083 πνεύματι]
865 6014 922 6067 ἐν
943 6011 1217 6082 πνεύματι
1250 6012 1341 6070 hic
1373 6022 1428 6070 el
1454 6013 1619 6085 paulo
1643 6012 1785 6069 infra
1814 6010 1947 6069 Ezld.
2041 6015 2132 6084 ἐγ

2237 5945 2290 5997 αὶ
2320 5945 2403 5997 δτι
2429 5946 2765 6002 κατακαύσει
2794 5947 2982 6004 iidem.
3058 5950 3105 5980 ²⁶
3128 5951 3271 6024 ἁγίῳ
3296 5967 3406 6009 om.
3428 5954 3488 6012 Ο.
3518 5954 3582 6012 [ι.
3616 5951 3682 6011 F.
3755 5956 3805 5991 ⁸⁷

2237 6013 2246 6088 ι
2277 6013 2334 6068 δέ
2362 6014 2425 6070 Α.
2450 6014 2517 6069 Β.
2624 6017 2669 6050 ³³
2693 6016 2926 6074 ἐνταῦθα
2955 6017 3022 6074 Δ.
3056 6016 3115 6075 Β.
3139 6020 3202 6078 C.

2624 6017 2669 6050 ³³
2693 6016 2926 6108 ἐνταῦθα
2955 6017 3022 6074 Δ.
3056 6016 3115 6075 Β.
3139 6016 3202 6078 0⁷.
