4050 6364
511 495 611 553 199

510 612 660 685 pellit
689 608 764 682 (τι)
793 616 848 663 et
876 602 1129 659 transfert
1155 613 1170 648 :
1205 604 1326 666 post
1348 590 1572 663 gratiam
1609 591 1788 639 autem
1816 592 1848 632 a
1877 569 2100 685 ventila-

513 661 612 762 lhro
637 661 844 770 et\igne
871 661 1286 757 inexstinguibili
1315 661 1514 743 terret,
1546 685 1603 733 et
1621 673 1819 729 nullam
1842 665 1967 721 facit
1987 661 2102 770 dis;

513 748 829 853 tinctionzm
873 801 1059 844 eorum
1103 781 1197 852 qui
1239 775 1474 833 nondum
1517 762 1767 838 baptizati
1801 766 1962 821 sunt,
2010 748 2103 806 sed

517 885 838 960 generaliter
879 881 997 935 ait:
1034 874 1210 930 Omnis
1235 869 1410 929 arbor,
1433 877 1548 930 qua:
1575 875 1676 912 non
1718 853 1840 926 facit
1888 853 2106 921 fructum

1661 950 1672 960 -
1980 939 2080 960 ι-..

770 972 1045 1036 excidatur,
1071 963 1312 1022 inﬁdeles
1338 969 1526 1013 omnes
1551 950 1822 1043 ptmicnsi
1836 948 1958 1043 post
1980 939 2109 1040 hap-

521 1076 678 1130 tisma
723 1078 901 1123 autem
953 1057 1348 1118 distinctionem
1396 1044 1684 1119 quamdam
1738 1035 1936 1098 efﬁcit;
1987 1029 2111 1100 quia

702 1175 890 1219 eorum
918 1157 1006 1228 qui
1033 1150 1307 1209 credidere
1331 1187 1346 1211 ,
1371 1142 1478 1199 ﬁde
1515 1137 1783 1205 indignam
1812 1131 1977 1228 vitam
2012 1123 2122 1178 du-

525 1257 662 1313 cturi
681 1261 853 1311 erant.
876 1222 1045 1305 Nemo
1063 1248 1242 1313 itaque
1261 1239 1411 1310 palea
1431 1234 1543 1296 ﬁat,
1564 1241 1722 1284 nemo
1741 1225 1811 1278 sit
1829 1222 2109 1279 fluctuans,

528 1362 701 1417 neque
730 1343 908 1416 pravis
936 1308 1310 1408 cupiditatibus
1337 1328 1408 1383 sit
1434 1323 1676 1379 addictus
1694 1360 1708 1383 ,
1737 1316 1809 1371 ita
1830 1322 1888 1367 ut
1911 1311 1978 1366 ab
2013 1308 2118 1363 illis

529 1413 686 1494 facile
713 1413 945 1504 undique
967 1431 1214 1501 jactetur.
1241 1421 1296 1478 Si
1321 1419 1462 1476 enim
1500 1415 1825 1469 frumentum
1864 1413 2115 1462 maneas,

533 1716 859 1770 innuentem
873 1723 987 1763 'non
1013 1702 1288 1763 scindunt;
1310 1697 1359 1752 si
1382 1708 1512 1750 vero
1531 1692 1585 1746 in
1613 1689 1775 1761 paleae
1787 1682 2124 1752 fragilitatem

535 1802 822 1866 incideris,
860 1808 922 1854 ~et
965 1797 1052 1852 hic
1091 1787 1423 1849 intoleranda
1473 1781 1722 1855 patieris,
1769 1777 1836 1831 ab
1877 1771 2126 1828 omnibus

537 1901 804 1961 concisus,
836 1907 890 1950 et
921 1890 1030 1946 illic
1057 1884 1372 1956 supplicium
1403 1880 1518 1934 lues
1544 1884 1822 1930 aeternum.
1853 1867 1952 1934 Qui
1981 1861 2126 1919 enim

539 1993 676 2048 tales
699 1997 825 2045 sunt
840 2027 856 2054 ,
880 1994 1164 2054 antequam
1186 1978 1459 2033 fornacem
1487 1971 1632 2025 illam
1656 1967 1884 2019 futuram
1911 1957 2125 2021 adeant,

542 2079 984 2140 irrationabilium
1011 2074 1294 2130 affectuum
1323 2067 1411 2121 hic
1439 2079 1560 2119 esca
1586 2057 1907 2120 efﬁciuntur,
1931 2059 1992 2106 ut
2031 2063 2129 2120 pa-

545 2177 643 2232 leae
659 2181 784 2231 sunt
810 2172 1086 2226 brutorum
1108 2165 1260 2220 cibus
1289 2179 1302 2215 :
1333 2168 1386 2215 et
1413 2155 1521 2212 illic
1537 2166 1722 2209 rursus
1739 2146 1960 2203 materia
1974 2154 2030 2198 et
2043 2142 2124 2197 ci-

546 2272 647 2327 bus
678 2268 812 2340 ignis
842 2273 1019 2322 erunt.
1050 2261 1106 2318 Si
1132 2259 1308 2315 statim
1340 2253 1563 2309 dixisset
1595 2267 1608 2302 :
1639 2247 1760 2317 lpse
1784 2240 2043 2314 iudicabit
2066 2235 2134 2291 de

546 2362 790 2424 actibus;
822 2367 1129 2414 sermonem
1173 2365 1280 2404 non
1312 2348 1384 2400 ita
1414 2339 1743 2414 probabilem
1772 2332 2090 2390 reddidisset
2116 2345 2132 2394 ;

547 2470 668 2510 cum
696 2459 872 2506 autem
903 2443 1208 2517 parabolam
1237 2435 1550 2499 admiscuit,
1591 2440 1645 2487 et
1683 2445 1777 2500 per
1803 2442 1921 2482 eam
1959 2422 2138 2478 omnia

553 2730 698 2785 circo
726 2725 846 2782 illos
875 2736 1016 2792 saepe
1047 2719 1146 2774 hac
1173 2716 1380 2772 ratione
1405 2709 1710 2780 alloquitur,
1752 2717 1960 2765 aream,
2004 2713 2142 2753 mes-

555 2837 668 2876 sem
695 2858 709 2882 ,
762 2818 1002 2882 vineam,
1049 2811 1302 2874 torcular,
1347 2819 1532 2876 agrum
1552 2843 1567 2868 ,
1600 2813 1850 2870 sagenam
1870 2837 1886 2863 ,
1916 2792 2144 2864 piscium

557 2921 860 2982 capturam,
891 2917 944 2963 et
971 2905 1148 2960 tnnnia
1176 2917 1292 2971 quae
1319 2901 1371 2953 in
1411 2911 1508 2952 usu
1543 2902 1732 2957 erant,
1775 2898 1829 2945 et
1869 2888 1920 2942 in
1956 2884 2148 2956 quibus

558 3005 932 3067 versabantur,
961 2998 1140 3054 verbis
1180 2996 1293 3050 suis
1334 2990 1654 3047 admiscens.
1707 2985 1764 3040 ld
1810 2983 1951 3054 quod
1988 2981 2146 3036 etiam

559 3097 795 3166 Baptista
826 3093 914 3147 hic
939 3090 1081 3155 fecit,
1106 3088 1476 3154 dictorumque
1501 3079 1785 3136 maximam
1814 3076 2151 3130 demonstra-

561 3164 761 3244 tionem
806 3183 1062 3255 protulit,
1110 3180 1342 3250 Spiritus
1385 3175 1553 3231 sancti
1601 3172 1819 3225 donum.
1865 3167 1962 3235 Qui
2007 3164 2150 3219 enim

563 3288 768 3334 tantum
797 3283 1008 3348 posset,
1038 3281 1095 3328 ut
1123 3272 1281 3325 etiam
1309 3274 1527 3336 peccata
1555 3264 1868 3325 dimitteret,
1900 3267 1955 3314 et
1981 3257 2152 3326 Spiri-

564 3383 676 3428 tum
705 3370 876 3433 daret,
912 3368 1025 3422 haec
1054 3362 1225 3420 multo
1262 3359 1430 3429 magis
1472 3357 1648 3411 facere
1673 3352 1907 3424 poterit,
1955 3348 2152 3404 aiebat.

565 3465 735 3521 Viden
778 3457 1046 3532 quomodo
1066 3457 1175 3526 jam
1203 3451 1616 3524 praemitteretur
1634 3443 1950 3516 mysterium
1978 3454 2157 3495 resur-

567 3555 820 3614 rectionis
848 3561 901 3608 et
931 3549 1154 3620 iudicii?
1182 3545 1250 3600 Et
1277 3557 1378 3614 qua
1419 3540 1486 3595 de
1524 3553 1681 3594 causa
1702 3579 1716 3603 ,
1764 3534 2005 3604 inquies,
2050 3544 2159 3586 non

567 3650 817 3722 przrdixit
834 3662 895 3701 ea
919 3660 1036 3714 qua:
1059 3657 1178 3696 mox
1205 3639 1271 3693 ab
1297 3638 1389 3692 illo
1411 3633 1614 3692 edenda
1636 3638 1792 3686 erant
1810 3629 1960 3698 signa
1981 3634 2035 3680 et
2057 3624 2158 3679 mi-

570 3743 788 3801 racula?
814 3741 949 3810 Quia
980 3739 1082 3793 hoc
1111 3739 1176 3790 iis
1204 3734 1448 3790 omnibus
1476 3731 1646 3798 majus
1672 3733 1789 3782 erat
1807 3765 1822 3791 ,
1850 3733 1906 3779 et
1945 3728 2162 3792 propter

572 3836 676 3892 hoc
701 3835 790 3889 illa
816 3833 993 3888 omnia
1025 3830 1162 3884 edita
1194 3836 1338 3881 sunt.
1365 3823 1497 3877 Nam
1540 3835 1661 3874 cum
1701 3825 1860 3886 caput
1900 3820 2160 3885 poneret,

574 3928 752 3983 omnia
782 3920 1262 3991 complectebatur,
1295 3914 1482 3969 mortis
1521 3911 1844 3967 solutionem
1864 3949 1879 3974 ,
1921 3912 2166 3975 peccato-

574 4035 693 4076 rum
719 4015 1174 4074 destructionem;
1203 4005 1587 4063 maledietionis
1610 4002 1932 4057 amotionem
1950 4041 1966 4065 ,
1992 4012 2023 4052 a
2048 3996 2168 4051 diu-

580 4114 751 4171 turnis
775 4111 930 4167 bellis
957 4105 1327 4162 liberationem
1353 4142 1368 4165 ,
1412 4100 1708 4169 ingressum
1740 4095 1793 4148 in
1821 4091 2122 4163 paradisum
2149 4130 2166 4155 ,

578 4220 858 4263 ascensum
886 4203 938 4257 in
965 4199 1190 4262 caelum,
1235 4195 1396 4249 vitam
1435 4207 1554 4247 cum
1595 4187 1796 4257 angelis
1833 4183 2129 4240 ducendam
2152 4222 2166 4246 ,

579 4301 880 4357 futurorum
930 4293 1191 4346 bonorum
1236 4283 1586 4342 consortium.
1631 4279 1763 4333 Nam
1808 4276 1912 4332 hoc
1958 4275 2172 4330 illorum

582 4394 774 4464 pignus
801 4397 902 4443 est.
936 4385 1068 4440 Cum
1098 4396 1227 4452 ergo
1257 4377 1388 4434 illud
1418 4375 1672 4434 dixisset,
1702 4371 1837 4426 dixit
1864 4369 2026 4424 etiam
2055 4381 2174 4422 cor-

583 4497 776 4556 porum
815 4475 1266 4535 resurrectionem
1288 4511 1303 4536 ,
1332 4471 1479 4539 signa
1507 4466 1592 4520 hic
1634 4463 1806 4526 edita,
1843 4462 1996 4532 regni
2039 4474 2174 4515 con-

586 4577 845 4639 sortium,
873 4583 927 4628 et
953 4572 1128 4632 bona,
1168 4567 1296 4634 Qua:
1335 4563 1512 4617 oculus
1551 4575 1654 4614 non
1695 4557 1854 4624 vidit,
1898 4554 2038 4609 auri:
2073 4568 2178 4606 non

586 4667 801 4731 audivit,
822 4673 871 4719 et
892 4664 948 4717 in
965 4677 1052 4715 cor
1068 4657 1284 4714 hominis
1304 4670 1403 4708 non
1422 4651 1752 4707 ascenderunt
1774 4648 1851 4718 (l.
1875 4647 1994 4701 Cor.
2015 4644 2071 4699 2.
2095 4643 2176 4714 9).

592 4761 718 4816 llaec
745 4757 941 4828 quippe
965 4751 1145 4809 omnia
1172 4764 1271 4820 per
1297 4746 1498 4800 donum
1537 4741 1668 4796 illud
1707 4738 1862 4794 nobis
1889 4735 2176 4808 praebebat.

588 4827 932 4921 Superlluum
961 4845 1140 4914 itaque
1165 4845 1282 4896 erat
1308 4837 1376 4891 de
1403 4833 1564 4905 signis
1603 4830 1746 4901 loqui
1784 4844 1912 4884 mox
1951 4827 2178 4894 futuris,

588 4961 644 5004 et
671 4944 950 5002 oculorum
976 4936 1178 5010 judicio
1205 4930 1524 5004 probapdis;
1571 4925 1666 4982 sed
1695 4923 1764 4980 de
1803 4924 1910 4978 illis
1947 4931 2065 4977 erat
2103 4921 2185 4974 lo-

591 5037 866 5110 quendum
889 5033 957 5089 de
979 5029 1172 5102 quibus
1195 5022 1510 5081 dubitabant
1529 5019 1638 5083 illi;
1669 5031 1890 5085 nempe,
1929 5011 2071 5085 quod
2097 5011 2187 5066 Fi-

593 5133 700 5187 lius
727 5129 821 5182 Dei
850 5132 1022 5187 esset,
1053 5119 1195 5192 quod
1221 5117 1482 5173 Joannem
1511 5111 1626 5166 sine
1651 5108 1759 5162 ulla
1787 5103 2187 5176 comparatione

597 5221 962 5296 praecederet,
993 5213 1136 5286 quod
1162 5210 1373 5268 tolleret
1400 5212 1676 5276 peccatum
1705 5199 1911 5267 mundi,
1942 5196 2084 5268 quod
2121 5195 2189 5251 de

599 5315 856 5385 operibus
885 5309 1148 5364 rationem
1177 5310 1461 5358 exacturus
1487 5304 1664 5359 esset,
1698 5291 1840 5362 quod
1867 5298 2047 5344 nostra
2083 5303 2188 5342 non

602 5417 786 5464 essent
810 5399 1165 5476 praesentibus
1189 5395 1351 5450 rebus
1378 5386 1799 5455 circumscripta,
1828 5381 1922 5440 sed
1954 5381 2062 5436 illic
2082 5379 2191 5434 sin-

602 5505 711 5574 guli
763 5473 978 5568 dignum
1028 5489 1344 5562 supplicium
1391 5483 1574 5538 luituri
1622 5486 1822 5536 essent.
1873 5476 2000 5532 llaec
2047 5473 2192 5530 enim

604 5596 775 5651 oculis
803 5590 1070 5659 subjicere
1100 5593 1225 5638 tunc
1251 5595 1358 5634 non
1387 5575 1599 5631 licebat.

678 5687 730 5739 7.
772 5658 988 5735 Muralis
1019 5673 1332 5735 exhortatio;
1377 5667 1620 5722 bonorum
1652 5665 1825 5736 gratia
1856 5661 1993 5717 Deus
2033 5658 2195 5714 malas

638 5931 646 5939 ,
674 5869 747 5930 (α)
785 5875 1046 5938 Lavacrum
1066 5878 1097 5916 α
1122 5859 1284 5915 securi
1317 5853 1516 5921 depellit
1537 5865 1617 5905 eos
1633 5885 1648 5912 ,
1683 5849 1730 5900 id
1765 5855 1862 5907 est,
1885 5858 1912 5894 a
1936 5844 2197 5896 commina-

611 5928 749 5979 tione
781 5928 988 5978 securis.

1212 479 1270 536 S.
1309 468 1590 534 JOANNIS
1623 449 2102 525 CHRYSOSTOMI
2138 443 2461 505 ARCHIEP.
2499 432 3036 496 CONSTANTINOP.

3693 427 3802 482 9.00

2207 565 2308 634 fert
2347 561 2618 630 patienter.
2648 585 2722 595 ——
2748 553 2873 608 Haec
2901 552 3076 620 itaque
3099 561 3220 603 cum
3249 545 3480 600 sciamus
3503 581 3522 610 ,
3542 559 3800 614 magnum

2209 653 2558 709 adhibeamus
2586 646 2840 707 studium,
2860 643 2984 698 dum
3010 642 3060 695 in
3084 654 3208 694 area
3232 651 3418 692 sumus
3451 653 3465 688 :
3500 633 3625 688 licet
3651 632 3799 686 enim

2211 745 2299 801 hic
2313 742 2651 801 versantibus
2670 755 2740 794 ex
2757 738 2910 810 palea
2932 737 2983 790 in
3008 734 3238 789 triticum
3263 728 3524 791 converti,
3546 724 3805 795 quemad-

2214 839 2431 895 modum
2461 853 2530 890 ex
2557 835 2734 889 tritico
2779 830 2928 885 multi
2966 827 3117 898 palea
3156 832 3282 880 sunt
3317 821 3464 876 facti.
3508 819 3585 874 Ne
3625 818 3809 886 itaque

2215 931 2580 995 concidamus,
2606 941 2777 996 neque
2798 922 2942 978 omni
2969 929 3129 976 vento
3151 914 3606 975 circumferuntur,
3634 923 3811 979 neque

2217 1023 2567 1080 scindanmra
2591 1016 2842 1073 fratribus
2865 1011 3085 1076 nostris,
3113 1010 3237 1063 licet
3253 1006 3425 1075 exigui
3448 1013 3502 1057 ct
3527 1003 3660 1057 viles
3690 1015 3816 1055 esse

2218 1116 2517 1172 videantur.
2545 1109 2676 1165 Nam
2705 1116 2760 1162 ct
2792 1106 3114 1160 frumentum
3143 1100 3289 1169 palea
3321 1097 3499 1151 minus
3523 1101 3625 1156 est,
3645 1107 3818 1162 quan-

2222 1216 2334 1262 tum
2364 1205 2433 1260 ad
2463 1216 2788 1264 mensuram,
2813 1205 3066 1267 quantum
3095 1192 3159 1246 ad
3191 1199 3435 1245 naturam
3463 1196 3662 1248 autem,
3694 1199 3817 1238 me-

2223 1299 2346 1353 lius.
2383 1295 2460 1350 Ne
2485 1292 2668 1349 saeculi
2697 1301 2918 1361 pompas
2947 1281 3202 1354 respicias
3234 1298 3248 1334 :
3281 1294 3402 1333 nam
3429 1278 3534 1332 illm
3555 1274 3662 1346 igni
3692 1282 3824 1328 sunt

2225 1398 2454 1464 paratae;
2489 1387 2584 1442 sed
2613 1400 2733 1440 eam
2759 1398 2876 1454 quae
2906 1377 3200 1436 secundum
3232 1374 3398 1430 Deum
3425 1378 3507 1424 est
3544 1366 3822 1422 humilita-

2229 1459 2334 1540 tem
2359 1523 2373 1546 ,
2406 1479 2630 1536 solidam
2662 1476 2807 1530 illam
2827 1515 2842 1540 ,
2882 1467 3299 1527 indissolubilem
3322 1505 3338 1531 ,
3371 1478 3492 1534 qua:
3521 1459 3693 1516 scindi
3721 1473 3819 1511 nc-

2227 1582 2422 1644 queat,
2463 1583 2639 1639 neque
2680 1567 2747 1621 ab
2790 1565 2913 1635 igne
2953 1559 3218 1616 comburi.
3268 1558 3490 1626 Propter
3533 1552 3632 1608 hos
3674 1552 3824 1606 enim

2229 1669 2414 1740 paleas
2441 1664 2704 1734 patienter
2723 1659 2840 1723 fert,
2861 1667 2916 1711 ut
2941 1672 3006 1711 ex
3038 1655 3248 1708 illorum
3271 1647 3542 1705 consortio
3570 1644 3828 1699 meliores

2232 1735 2378 1812 fiant.
2423 1757 2547 1811 Ideo
2590 1751 2828 1808 nondum
2865 1747 3126 1819 judicium
3164 1752 3282 1809 est,
3324 1750 3382 1794 ut
3411 1751 3597 1793 omnes
3627 1735 3830 1806 pariter

2233 1862 2552 1906 coronemur
2571 1885 2588 1913 ,
2625 1853 2685 1899 ut
2718 1857 2748 1896 a
2783 1837 3020 1910 nequitia
3049 1835 3199 1890 multi
3212 1831 3297 1911 .ad
3324 1831 3570 1884 virtutem
3597 1840 3831 1880 conver-

2235 1951 2431 1997 tantur.
2467 1939 2896 1993 lnhorrescamus
2917 1932 3092 2001 igitur,
3116 1927 3253 1980 hanc
3279 1921 3584 1994 parabolam
3605 1918 3833 1974 audien-

2237 2043 2337 2091 tes.
2368 2032 2580 2088 Etenim
2603 2023 3048 2096 inexstinguibilis
3065 2028 3146 2075 est
3171 2019 3257 2073 ille
3285 2016 3439 2087 ignis.
3467 2013 3533 2068 Et
3556 2010 3834 2083 quomodo

2237 2121 2720 2196 inexstinguibilis?
2770 2117 2997 2188 inquies.
3045 2113 3235 2168 Annon
3277 2107 3429 2162 vides
3476 2105 3619 2160 hunc
3660 2103 3834 2157 solem

2239 2235 2452 2288 semper
2478 2218 2788 2278 ardentem,
2826 2219 2880 2266 et
2923 2219 3212 2276 numquam
3254 2197 3613 2256 exstinctum?
3650 2210 3838 2250 annon

2241 2313 2418 2370 vidisti
2447 2310 2637 2366 rubum
2663 2305 2940 2361 ardentem
2963 2343 2978 2368 ,
3010 2309 3064 2354 et
3094 2314 3198 2352 non
3223 2290 3599 2350 combustum?
3636 2289 3696 2345 Si
3732 2289 3839 2343 ita-

2242 2422 2346 2477 que
2383 2415 2438 2460 et
2474 2404 2586 2472 ipse
2614 2401 2694 2454 vis
2730 2398 2998 2452 ﬂammam
3042 2390 3308 2460 effugere,
3355 2380 3840 2440 immisericordem

2244 2512 2366 2553 esse
2391 2495 2536 2566 prius
2562 2492 2756 2548 desiste
2781 2529 2797 2556 ,
2837 2486 3020 2556 sicque
3063 2481 3262 2536 nullum
3294 2490 3472 2532 sumes
3514 2474 3652 2545 ignis
3696 2471 3843 2526 illius

2245 2590 2691 2659 experimentum.
2719 2580 2848 2635 Nam
2875 2577 2921 2632 si
2955 2577 3038 2630 hic
3066 2588 3126 2628 ea
3152 2586 3270 2642 quae
3297 2569 3567 2631 dicuntur,
3591 2563 3844 2619 credide-

2251 2679 2346 2746 ris,
2375 2693 2496 2733 cum
2524 2676 2647 2729 illuc
2674 2665 3074 2738 transmigrabis
3093 2705 3109 2730 ,
3141 2662 3414 2718 fornacem
3446 2673 3550 2713 non
3581 2653 3796 2710 videbis
3826 2670 3842 2707 :

2249 2771 2294 2826 si
2320 2778 2500 2824 autem
2529 2767 2617 2821 hic
2640 2779 2745 2820 non
2766 2759 3081 2824 credideris,
3106 2756 3217 2811 illic
3237 2761 3490 2823 expertus
3509 2759 3657 2806 certo
3678 2747 3844 2813 scies,

2251 2861 2464 2934 quando
2491 2860 2723 2930 effugere
2747 2855 2880 2909 ultra
2904 2869 3009 2906 non
3034 2849 3250 2920 poteris.
3282 2843 3588 2900 lnevitabile
3611 2854 3849 2910 namque

2253 2933 2572 3024 supplicium
2613 2959 2696 3005 est
2739 2949 2802 3001 iis
2840 2945 2930 3016 qui
2968 2951 3114 2998 recte
3154 2941 3314 2994 vitam
3343 2951 3446 2992 non
3478 2933 3846 2989 instituerunt.

2252 3047 2438 3117 Neque
2475 3043 2618 3099 enim
2657 3038 2853 3094 sufficit
2894 3045 3094 3090 tantum
3139 3031 3389 3092 credere;
3419 3042 3539 3081 nam
3571 3023 3852 3079 daemones

2259 3140 2424 3194 Deum
2456 3135 2736 3190 horrentes
2766 3132 2988 3194 timent,
3022 3125 3114 3180 sed
3151 3120 3498 3177 nihilominus
3523 3114 3854 3171 cruciahun-

2259 3243 2363 3287 tur.
2411 3225 2773 3296 Quamobrem
2814 3221 2980 3276 multa
3024 3215 3177 3271 nobis
3216 3210 3485 3282 diligentia
3512 3216 3595 3262 est
3619 3219 3758 3275 opus
3781 3202 3855 3257 ad

2259 3323 2421 3378 vitam
2449 3313 2848 3373 instituendam.
2884 3310 3010 3365 ldeo
3037 3321 3267 3375 namque
3294 3303 3380 3356 hic
3413 3315 3508 3354 vos
3542 3298 3858 3366 frequenter

2261 3422 2667 3483 congregamus,
2707 3421 2811 3459 non
2845 3409 2902 3457 ut
2942 3401 3046 3454 huc
3085 3390 3457 3467 ingrediamini
3496 3396 3726 3452 tantum,
3758 3384 3858 3440 sed

2263 3514 2323 3559 ut
2363 3475 2430 3559 ex
2465 3475 2576 3556 hac
2615 3497 2843 3553 Statione
2883 3492 3116 3561 aliquem
3153 3486 3381 3541 fructum
3426 3478 3778 3549 percipiatis:
3813 3475 3860 3530 si

2266 3613 2395 3652 vero
2421 3607 2634 3663 semper
2670 3586 2958 3652 accedatis,
2989 3598 3053 3638 ac
3072 3582 3190 3636 sine
3228 3577 3336 3632 ullo
3361 3575 3532 3629 fructu
3567 3569 3860 3633 recedatis,

2266 3689 2400 3744 nihil
2426 3702 2491 3742 ex
2521 3686 2764 3754 ingressu
2791 3688 2846 3734 et
2871 3688 3128 3733 consessu
3153 3669 3306 3726 vobis
3332 3665 3462 3721 lucri
3491 3661 3731 3718 accedet.
3765 3659 3864 3713 Et-

2267 3781 2411 3837 enim
2437 3777 2483 3832 si
2502 3791 2621 3832 cum
2646 3786 2838 3843 pueros
2854 3769 2918 3824 ad
2937 3762 3333 3834 ludimagislros
3355 3757 3636 3816 mittimus,
3653 3751 3700 3807 si
3731 3749 3867 3806 nihil

2271 3887 2365 3928 eos
2390 3870 2512 3925 inde
2544 3867 2746 3921 fructus
2774 3861 2978 3918 referre
3001 3855 3278 3911 videamus
3297 3893 3312 3917 ,
3341 3845 3740 3915 ludimagistros
3768 3856 3867 3897 ve-

2272 3965 2551 4020 hementer
2596 3959 2935 4018 incusamus,
2979 3957 3030 4006 et
3076 3947 3143 4002 ad
3185 3945 3320 4000 alios
3366 3954 3509 4010 saepe
3551 3936 3864 3992 mittimus:

2274 4069 2431 4126 quam
2468 4049 2866 4108 excusationem
2907 4040 3260 4113 proferemus,
3299 4034 3344 4090 si
3387 4047 3494 4087 non
3535 4027 3782 4085 eamdem
3814 4024 3869 4080 in

2274 4149 2490 4213 virtute,
2535 4158 2693 4214 quam
2733 4141 2788 4194 in
2822 4135 3046 4193 terrenis
3083 4130 3243 4186 rebus
3267 4125 3615 4181 adhibeamus
3644 4117 3875 4188 diligen-

2278 4241 2427 4305 tiam,
2446 4235 2541 4293 sed
2564 4247 2756 4288 vacuas
2781 4241 2995 4296 semper
3022 4221 3230 4278 tabulas
3249 4217 3466 4274 domum
3488 4219 3832 4282 reportemus
3847 4205 3873 4259 ‘.'

2278 4298 2608 4398 Quamquam
2637 4323 2816 4394 plures
2839 4324 2894 4374 et
2916 4315 3146 4386 majores
3175 4310 3263 4366 hic
3290 4303 3529 4377 magistri
3557 4308 3701 4358 sunt.
3735 4298 3876 4354 Nam

2280 4422 2570 4496 prophetas
2594 4426 2650 4473 et
2675 4412 2948 4486 apostolos
2975 4419 3031 4464 et
3051 4404 3400 4478 patriarchas,
3416 4408 3470 4455 et
3486 4397 3659 4468 justos
3679 4405 3877 4448 omnes

2285 4483 2340 4570 in
2367 4483 2592 4583 singulis
2616 4483 2966 4563 conventibus
2991 4499 3324 4554 adhibemus.
3367 4492 3437 4546 At
3462 4504 3529 4544 ne
3549 4488 3625 4544 sic
3654 4483 3878 4557 quidem

2285 4575 2486 4676 aliquis
2514 4599 2785 4672 profectus
2814 4589 3264 4664 deprehenditur;
3297 4581 3392 4640 sed
3425 4590 3705 4651 postquam
3740 4575 3881 4630 duos

2285 4705 2466 4753 tresve
2503 4691 2738 4762 psalmos
2774 4680 3146 4741 succinueritis
3169 4719 3184 4746 ,
3215 4685 3270 4732 et
3293 4680 3576 4730 consuetas
3603 4667 3884 4723 orationes

2285 4756 2647 4859 perfunctorie
2674 4775 2979 4840 emiseritis,
3002 4769 3203 4844 egressi
3231 4763 3444 4828 deinde,
3476 4759 3672 4832 putatis
3703 4756 3757 4811 id
3786 4770 3885 4810 vo-

2288 4846 2373 4934 bis
2401 4874 2470 4930 ad
2499 4874 2722 4929 salutem
2764 4880 2888 4924 esse
2927 4863 3076 4920 satis.
3117 4860 3231 4915 Non
3275 4853 3499 4911 audistis
3537 4846 3884 4921 prophetam,

2290 4971 2400 5024 imo
2430 4967 2597 5022 Deum
2627 4977 2721 5033 per
2747 4957 3061 5032 prophetam
3089 4953 3354 5009 dicentem
3382 4966 3396 5002 :
3428 4942 3664 5015 Populus
3689 4940 3776 4994 hic
3802 4940 3887 4993 ta-

2295 5061 2388 5116 biis
2411 5076 2488 5113 me
2508 5057 2722 5110 honorat
2745 5068 2764 5106 :
2784 5067 2870 5106 cor
2889 5058 3056 5103 autem
3076 5059 3249 5100 eorum
3269 5043 3414 5111 longe
3438 5046 3511 5091 est
3541 5051 3573 5088 α
3598 5050 3674 5087 me
3709 5031 3730 5101 (
3752 5029 3888 5084 Isai.

2295 5153 2386 5209 39.
2419 5151 2533 5217 15).
2557 5147 2637 5203 Ne
2665 5146 2823 5217 igitur
2851 5138 2980 5196 illud
3005 5138 3167 5193 etiam
3189 5132 3346 5188 nobis
3369 5127 3596 5192 accidat,
3617 5123 3741 5179 dele
3768 5121 3894 5176 lite-

2296 5259 2404 5310 ras,
2433 5244 2546 5297 sive
2576 5238 2754 5310 potius
2783 5234 3144 5296 characteres,
3174 5238 3310 5296 quos
3336 5219 3581 5277 diabolus
3609 5213 3892 5285 impressit

2299 5338 2353 5394 in
2379 5335 2555 5391 anima
2580 5308 2694 5397 tua,
2714 5338 2768 5385 et
2788 5326 2919 5381 affer
2936 5323 3065 5378 mihi
3086 5336 3180 5376 cor
3199 5314 3546 5374 smcularibus
3571 5308 3894 5365 tumultibus

2299 5441 2522 5483 vacuum
2546 5465 2562 5490 ,
2591 5431 2651 5477 ut
2675 5434 2772 5490 pro
2803 5417 2972 5472 lubito
2999 5427 3117 5484 quae
3141 5409 3274 5466 mihi
3301 5407 3547 5478 placeant
3577 5400 3893 5456 inscribam.

2301 5519 2454 5574 Nunc
2483 5509 2835 5586 quippenihil
2861 5507 2932 5563 ibi
2958 5502 3100 5559 aliud
3125 5497 3340 5572 agnosci
3372 5502 3584 5566 potest,
3613 5489 3720 5546 nisi
3752 5489 3898 5543 illius

2303 5611 2493 5670 literae,
2512 5605 2713 5674 rapinas
2724 5598 2990 5663 videlicet,
3009 5592 3250 5656 avaritia,
3270 5585 3487 5651 invidia,
3507 5584 3665 5638 livor.
3689 5578 3901 5634 Idcirco

2305 5718 2425 5758 cum
2451 5697 2654 5755 tubulas
2671 5701 2876 5750 vestras
2894 5686 3118 5757 accipio,
3135 5699 3202 5738 ne
3218 5681 3395 5751 legere
3413 5674 3628 5747 quidem
3653 5683 3898 5742 possum.

2306 5793 2490 5862 Neque
2516 5789 2656 5843 enim
2688 5784 2806 5840 illas
2832 5781 2902 5837 ibi
2930 5775 3145 5835 invenio
3181 5774 3363 5828 literas
3382 5810 3397 5835 ,
3425 5779 3560 5838 quas
3583 5777 3684 5819 nos
3707 5759 3902 5816 diebus

2311 5883 2591 5943 dominicis
2621 5877 2977 5937 inscribentes
3005 5870 3077 5929 ibi
3103 5865 3487 5938 relinquimus;
3516 5857 3611 5916 scd
3642 5855 3776 5911 alias
3807 5865 3907 5924 pro
