  <div class='ocr_page' id='page_1' title='image "/cluster/home/n/w/nwhite01/storage/ocr_20150623/57/nnc1.0046980075/126.png"; bbox 0 0 4050 6364; ppageno 0'>
   <div class='ocr_carea' id='block_1_1' title="bbox 266 340 369 397">
    <p class='ocr_par' dir='ltr' id='par_1_1' title="bbox 266 340 369 397">
     <span class='ocr_line' id='line_1_1' title="bbox 266 340 369 397; baseline 0.029 -2"><span class='ocrx_word' id='word_1_1' title='bbox 266 340 369 397; x_wconf 72' lang='lat' dir='ltr'><strong>I39</strong></span> 
     </span>
    </p>
   </div>
   <div class='ocr_carea' id='block_1_2' title="bbox 266 458 1852 534">
    <p class='ocr_par' dir='ltr' id='par_1_2' title="bbox 266 458 1852 534">
     <span class='ocr_line' id='line_1_2' title="bbox 266 458 1852 534; baseline -0.004 -17"><span class='ocrx_word' id='word_1_2' title='bbox 266 459 400 528; x_wconf 79' lang='grc' dir='ltr'>βίον.</span> <span class='ocrx_word' id='word_1_3' title='bbox 437 458 485 492; x_wconf 78' lang='grc'>³⁸</span> <span class='ocrx_word' id='word_1_4' title='bbox 513 461 722 532; x_wconf 80' lang='grc' dir='ltr'>Μηδεὶς</span> <span class='ocrx_word' id='word_1_5' title='bbox 744 463 925 518; x_wconf 78' lang='grc' dir='ltr'>τοίνυν</span> <span class='ocrx_word' id='word_1_6' title='bbox 961 462 1196 534; x_wconf 77' lang='grc' dir='ltr'>γινέσθω</span> <span class='ocrx_word' id='word_1_7' title='bbox 1225 462 1450 532; x_wconf 78' lang='grc' dir='ltr'>ἄχυρον,</span> <span class='ocrx_word' id='word_1_8' title='bbox 1485 461 1676 532; x_wconf 78' lang='grc' dir='ltr'>μηδεὶς</span> <span class='ocrx_word' id='word_1_9' title='bbox 1705 459 1852 530; x_wconf 81' lang='grc' dir='ltr'>εὑρί-</span> 
     </span>
    </p>
   </div>
   <div class='ocr_carea' id='block_1_3' title="bbox 265 543 1852 617">
    <p class='ocr_par' dir='ltr' id='par_1_3' title="bbox 265 543 1852 617">
     <span class='ocr_line' id='line_1_3' title="bbox 265 543 1852 617; baseline 0.001 -22"><span class='ocrx_word' id='word_1_10' title='bbox 265 559 457 608; x_wconf 85' lang='grc' dir='ltr'>πιστος</span> <span class='ocrx_word' id='word_1_11' title='bbox 502 543 668 608; x_wconf 80' lang='grc' dir='ltr'>ἔστω,</span> <span class='ocrx_word' id='word_1_12' title='bbox 713 548 851 617; x_wconf 84' lang='grc' dir='ltr'>μηδέ</span> <span class='ocrx_word' id='word_1_13' title='bbox 895 551 1015 612; x_wconf 91' lang='grc' dir='ltr'>ταῖς</span> <span class='ocrx_word' id='word_1_14' title='bbox 1062 549 1325 617; x_wconf 80' lang='grc' dir='ltr'>πονηραῖς</span> <span class='ocrx_word' id='word_1_15' title='bbox 1364 545 1682 615; x_wconf 79' lang='grc' dir='ltr'>ἐπιθυμίαις</span> <span class='ocrx_word' id='word_1_16' title='bbox 1713 561 1852 616; x_wconf 87' lang='grc' dir='ltr'>προ-</span> 
     </span>
    </p>
   </div>
   <div class='ocr_carea' id='block_1_4' title="bbox 267 626 1852 702">
    <p class='ocr_par' dir='ltr' id='par_1_4' title="bbox 267 626 1852 702">
     <span class='ocr_line' id='line_1_4' title="bbox 267 626 1852 702; baseline 0 -22"><span class='ocrx_word' id='word_1_17' title='bbox 267 627 490 690; x_wconf 87' lang='grc' dir='ltr'>κείσθω,</span> <span class='ocrx_word' id='word_1_18' title='bbox 521 631 802 700; x_wconf 80' lang='grc' dir='ltr'>πανταχοῦ</span> <span class='ocrx_word' id='word_1_19' title='bbox 837 632 1034 702; x_wconf 81' lang='grc' dir='ltr'>ῥᾳδίως</span> <span class='ocrx_word' id='word_1_20' title='bbox 1075 631 1168 684; x_wconf 83' lang='grc' dir='ltr'>ὑπ’</span> <span class='ocrx_word' id='word_1_21' title='bbox 1203 628 1385 684; x_wconf 84' lang='grc' dir='ltr'>αὑτῶν</span> <span class='ocrx_word' id='word_1_22' title='bbox 1418 626 1852 700; x_wconf 74' lang='grc' dir='ltr'>ἀναῤῥιπιζόμε·</span> 
     </span>
    </p>
   </div>
   <div class='ocr_carea' id='block_1_5' title="bbox 265 711 1856 790">
    <p class='ocr_par' dir='ltr' id='par_1_5' title="bbox 265 711 1856 790">
     <span class='ocr_line' id='line_1_5' title="bbox 265 711 1856 790; baseline 0 -26"><span class='ocrx_word' id='word_1_23' title='bbox 265 729 371 775; x_wconf 81' lang='grc' dir='ltr'>νος.</span> <span class='ocrx_word' id='word_1_24' title='bbox 410 713 512 764; x_wconf 78' lang='grc' dir='ltr'>Ἂν</span> <span class='ocrx_word' id='word_1_25' title='bbox 548 714 650 784; x_wconf 81' lang='grc' dir='ltr'>μὲν</span> <span class='ocrx_word' id='word_1_26' title='bbox 683 717 794 786; x_wconf 85' lang='grc' dir='ltr'>γὰρ</span> <span class='ocrx_word' id='word_1_27' title='bbox 835 717 1024 790; x_wconf 83' lang='grc' dir='ltr'>μείνῃς</span> <span class='ocrx_word' id='word_1_28' title='bbox 1057 718 1236 778; x_wconf 91' lang='grc' dir='ltr'>σῖτος,</span> <span class='ocrx_word' id='word_1_29' title='bbox 1277 712 1380 767; x_wconf 80' lang='grc' dir='ltr'>κᾶν</span> <span class='ocrx_word' id='word_1_30' title='bbox 1417 711 1724 782; x_wconf 77' lang='grc' dir='ltr'>πειρασμὸς</span> <span class='ocrx_word' id='word_1_31' title='bbox 1757 714 1856 765; x_wconf 87' lang='grc' dir='ltr'>ἐπ-</span> 
     </span>
    </p>
   </div>
   <div class='ocr_carea' id='block_1_6' title="bbox 267 794 1854 870">
    <p class='ocr_par' dir='ltr' id='par_1_6' title="bbox 267 794 1854 870">
     <span class='ocr_line' id='line_1_6' title="bbox 267 794 1854 870; baseline 0.002 -25"><span class='ocrx_word' id='word_1_32' title='bbox 267 794 481 866; x_wconf 82' lang='grc' dir='ltr'>ενεχθῇ,</span> <span class='ocrx_word' id='word_1_33' title='bbox 501 796 658 849; x_wconf 80' lang='grc' dir='ltr'>οὐδὲν</span> <span class='ocrx_word' id='word_1_34' title='bbox 681 798 844 870; x_wconf 81' lang='grc' dir='ltr'>πείσῃ</span> <span class='ocrx_word' id='word_1_35' title='bbox 867 799 1037 852; x_wconf 89' lang='grc' dir='ltr'>δεινόν</span> <span class='ocrx_word' id='word_1_36' title='bbox 1057 817 1069 828; x_wconf 94' lang='grc'><strong>·</strong></span> <span class='ocrx_word' id='word_1_37' title='bbox 1092 797 1314 868; x_wconf 72' lang='grc' dir='ltr'>καὶγὰρ</span> <span class='ocrx_word' id='word_1_38' title='bbox 1338 796 1482 850; x_wconf 84' lang='grc' dir='ltr'>κατὰ</span> <span class='ocrx_word' id='word_1_39' title='bbox 1502 795 1602 864; x_wconf 82' lang='grc' dir='ltr'>τὴν</span> <span class='ocrx_word' id='word_1_40' title='bbox 1618 795 1732 848; x_wconf 81' lang='grc' dir='ltr'>ᾰλω</span> <span class='ocrx_word' id='word_1_41' title='bbox 1757 796 1854 864; x_wconf 89' lang='grc' dir='ltr'>τῆς</span> 
     </span>
    </p>
   </div>
   <div class='ocr_carea' id='block_1_7' title="bbox 264 878 1854 954">
    <p class='ocr_par' dir='ltr' id='par_1_7' title="bbox 264 878 1854 954">
     <span class='ocr_line' id='line_1_7' title="bbox 264 878 1854 954; baseline 0 -23"><span class='ocrx_word' id='word_1_42' title='bbox 264 878 480 948; x_wconf 85' lang='grc' dir='ltr'>ἀμάξης</span> <span class='ocrx_word' id='word_1_43' title='bbox 507 881 560 932; x_wconf 85' lang='grc' dir='ltr'>οἱ</span> <span class='ocrx_word' id='word_1_44' title='bbox 590 883 778 952; x_wconf 76' lang='grc' dir='ltr'>τροχοὶ</span> <span class='ocrx_word' id='word_1_45' title='bbox 810 884 860 936; x_wconf 82' lang='grc' dir='ltr'>οἱ</span> <span class='ocrx_word' id='word_1_46' title='bbox 891 881 1327 954; x_wconf 87' lang='grc' dir='ltr'>πριστηροειδεῖς</span> <span class='ocrx_word' id='word_1_47' title='bbox 1356 881 1449 934; x_wconf 88' lang='grc' dir='ltr'>τὸν</span> <span class='ocrx_word' id='word_1_48' title='bbox 1473 884 1617 934; x_wconf 84' lang='grc' dir='ltr'>σῖτον</span> <span class='ocrx_word' id='word_1_49' title='bbox 1651 880 1711 932; x_wconf 88' lang='grc' dir='ltr'>οὑ</span> <span class='ocrx_word' id='word_1_50' title='bbox 1735 880 1854 932; x_wconf 86' lang='grc' dir='ltr'>δια-</span> 
     </span>
    </p>
   </div>
   <div class='ocr_carea' id='block_1_8' title="bbox 265 963 1852 1039">
    <p class='ocr_par' dir='ltr' id='par_1_8' title="bbox 265 963 1852 1039">
     <span class='ocr_line' id='line_1_8' title="bbox 265 963 1852 1039; baseline 0.001 -26"><span class='ocrx_word' id='word_1_51' title='bbox 265 963 563 1031; x_wconf 84' lang='grc' dir='ltr'>τέμνουσιν</span> <span class='ocrx_word' id='word_1_52' title='bbox 585 981 599 993; x_wconf 89' lang='grc'><strong>·</strong></span> <span class='ocrx_word' id='word_1_53' title='bbox 625 964 691 1018; x_wconf 83' lang='grc' dir='ltr'>ἂν</span> <span class='ocrx_word' id='word_1_54' title='bbox 712 965 772 1018; x_wconf 86' lang='grc' dir='ltr'>δέ</span> <span class='ocrx_word' id='word_1_55' title='bbox 803 967 881 1030; x_wconf 85' lang='grc' dir='ltr'>είς</span> <span class='ocrx_word' id='word_1_56' title='bbox 904 965 1108 1039; x_wconf 89' lang='grc' dir='ltr'>ἀχύρου</span> <span class='ocrx_word' id='word_1_57' title='bbox 1137 965 1454 1038; x_wconf 82' lang='grc' dir='ltr'>μεταπέσῃς</span> <span class='ocrx_word' id='word_1_58' title='bbox 1473 965 1512 995; x_wconf 84' lang='grc'>³¹</span> <span class='ocrx_word' id='word_1_59' title='bbox 1543 963 1852 1028; x_wconf 79' lang='grc' dir='ltr'>ἀσθένειαν,</span> 
     </span>
    </p>
   </div>
   <div class='ocr_carea' id='block_1_9' title="bbox 265 1046 1856 1121">
    <p class='ocr_par' dir='ltr' id='par_1_9' title="bbox 265 1046 1856 1121">
     <span class='ocr_line' id='line_1_9' title="bbox 265 1046 1856 1121; baseline -0.001 -22"><span class='ocrx_word' id='word_1_60' title='bbox 265 1047 359 1099; x_wconf 76' lang='grc' dir='ltr'>καὶ</span> <span class='ocrx_word' id='word_1_61' title='bbox 390 1046 632 1101; x_wconf 86' lang='grc' dir='ltr'>ἐνταῦθα</span> <span class='ocrx_word' id='word_1_62' title='bbox 679 1049 959 1119; x_wconf 82' lang='grc' dir='ltr'>ἀνήκεστα</span> <span class='ocrx_word' id='word_1_63' title='bbox 1005 1050 1171 1121; x_wconf 80' lang='grc' dir='ltr'>πείσῃ</span> <span class='ocrx_word' id='word_1_64' title='bbox 1212 1048 1546 1118; x_wconf 86' lang='grc' dir='ltr'>κοπτόμενος</span> <span class='ocrx_word' id='word_1_65' title='bbox 1583 1046 1688 1100; x_wconf 88' lang='grc' dir='ltr'>ὑπὸ</span> <span class='ocrx_word' id='word_1_66' title='bbox 1717 1046 1856 1100; x_wconf 87' lang='grc' dir='ltr'>πάν-</span> 
     </span>
    </p>
   </div>
   <div class='ocr_carea' id='block_1_10' title="bbox 263 1129 1854 1204">
    <p class='ocr_par' dir='ltr' id='par_1_10' title="bbox 263 1129 1854 1204">
     <span class='ocr_line' id='line_1_10' title="bbox 263 1129 1854 1204; baseline 0.003 -25"><span class='ocrx_word' id='word_1_67' title='bbox 263 1146 392 1189; x_wconf 83' lang='grc' dir='ltr'>των.</span> <span class='ocrx_word' id='word_1_68' title='bbox 412 1131 508 1182; x_wconf 79' lang='grc' dir='ltr'>καὶ</span> <span class='ocrx_word' id='word_1_69' title='bbox 529 1132 650 1184; x_wconf 86' lang='grc' dir='ltr'>ἐκεί</span> <span class='ocrx_word' id='word_1_70' title='bbox 667 1132 768 1202; x_wconf 82' lang='grc' dir='ltr'>τὴν</span> <span class='ocrx_word' id='word_1_71' title='bbox 789 1132 1057 1186; x_wconf 87' lang='grc' dir='ltr'>ἀθάνατον</span> <span class='ocrx_word' id='word_1_72' title='bbox 1080 1132 1368 1204; x_wconf 86' lang='grc' dir='ltr'>ὑποστήσῃ</span> <span class='ocrx_word' id='word_1_73' title='bbox 1388 1130 1629 1184; x_wconf 85' lang='grc' dir='ltr'>κόλασιν.</span> <span class='ocrx_word' id='word_1_74' title='bbox 1655 1131 1720 1184; x_wconf 89' lang='grc' dir='ltr'>Οἱ</span> <span class='ocrx_word' id='word_1_75' title='bbox 1745 1129 1854 1201; x_wconf 82' lang='grc' dir='ltr'>γὰρ</span> 
     </span>
    </p>
   </div>
   <div class='ocr_carea' id='block_1_11' title="bbox 262 1211 1854 1288">
    <p class='ocr_par' dir='ltr' id='par_1_11' title="bbox 262 1211 1854 1288">
     <span class='ocr_line' id='line_1_11' title="bbox 262 1211 1854 1288; baseline 0.003 -24"><span class='ocrx_word' id='word_1_76' title='bbox 262 1211 500 1266; x_wconf 86' lang='grc' dir='ltr'>τοιοῦτοι</span> <span class='ocrx_word' id='word_1_77' title='bbox 534 1214 740 1279; x_wconf 89' lang='grc' dir='ltr'>πάντες</span> <span class='ocrx_word' id='word_1_78' title='bbox 767 1217 863 1268; x_wconf 77' lang='grc' dir='ltr'>καὶ</span> <span class='ocrx_word' id='word_1_79' title='bbox 895 1217 1004 1287; x_wconf 87' lang='grc' dir='ltr'>πρὸ</span> <span class='ocrx_word' id='word_1_80' title='bbox 1036 1216 1136 1286; x_wconf 89' lang='grc' dir='ltr'>τῆς</span> <span class='ocrx_word' id='word_1_81' title='bbox 1159 1217 1277 1269; x_wconf 86' lang='grc' dir='ltr'>ἐκεῖ</span> <span class='ocrx_word' id='word_1_82' title='bbox 1293 1215 1526 1286; x_wconf 85' lang='grc' dir='ltr'>καμίνου</span> <span class='ocrx_word' id='word_1_83' title='bbox 1548 1215 1725 1288; x_wconf 81' lang='grc' dir='ltr'>τροφὴ</span> <span class='ocrx_word' id='word_1_84' title='bbox 1741 1218 1854 1277; x_wconf 90' lang='grc' dir='ltr'>τοῖς</span> 
     </span>
    </p>
   </div>
   <div class='ocr_carea' id='block_1_12' title="bbox 260 1296 1856 1372">
    <p class='ocr_par' dir='ltr' id='par_1_12' title="bbox 260 1296 1856 1372">
     <span class='ocr_line' id='line_1_12' title="bbox 260 1296 1856 1372; baseline 0.003 -24"><span class='ocrx_word' id='word_1_85' title='bbox 260 1296 478 1364; x_wconf 78' lang='grc' dir='ltr'>ἀλόγοις</span> <span class='ocrx_word' id='word_1_86' title='bbox 514 1298 760 1367; x_wconf 85' lang='grc' dir='ltr'>γίνονται</span> <span class='ocrx_word' id='word_1_87' title='bbox 789 1299 1022 1352; x_wconf 84' lang='grc' dir='ltr'>ἐνταῦθα</span> <span class='ocrx_word' id='word_1_88' title='bbox 1055 1300 1308 1362; x_wconf 79' lang='grc' dir='ltr'>πάθεσιν,</span> <span class='ocrx_word' id='word_1_89' title='bbox 1337 1298 1526 1372; x_wconf 81' lang='grc' dir='ltr'>ὥσπερ</span> <span class='ocrx_word' id='word_1_90' title='bbox 1558 1300 1622 1354; x_wconf 91' lang='grc' dir='ltr'>τὸ</span> <span class='ocrx_word' id='word_1_91' title='bbox 1652 1300 1856 1370; x_wconf 83' lang='grc' dir='ltr'>ἄχυρον</span> 
     </span>
    </p>
   </div>
   <div class='ocr_carea' id='block_1_13' title="bbox 259 1381 1856 1456">
    <p class='ocr_par' dir='ltr' id='par_1_13' title="bbox 259 1381 1856 1456">
     <span class='ocr_line' id='line_1_13' title="bbox 259 1381 1856 1456; baseline 0.003 -25"><span class='ocrx_word' id='word_1_92' title='bbox 259 1383 373 1443; x_wconf 87' lang='grc' dir='ltr'>τοῖς</span> <span class='ocrx_word' id='word_1_93' title='bbox 400 1381 619 1450; x_wconf 86' lang='grc' dir='ltr'>ἀλόγοις</span> <span class='ocrx_word' id='word_1_94' title='bbox 641 1383 828 1446; x_wconf 72' lang='grc' dir='ltr'>ζώοιςο</span> <span class='ocrx_word' id='word_1_95' title='bbox 861 1385 957 1438; x_wconf 73' lang='grc' dir='ltr'>καὶ</span> <span class='ocrx_word' id='word_1_96' title='bbox 980 1386 1098 1437; x_wconf 86' lang='grc' dir='ltr'>ἐκεῖ</span> <span class='ocrx_word' id='word_1_97' title='bbox 1129 1383 1291 1438; x_wconf 87' lang='grc' dir='ltr'>πάλιν</span> <span class='ocrx_word' id='word_1_98' title='bbox 1317 1383 1416 1454; x_wconf 78' lang='grc' dir='ltr'>ὕλη</span> <span class='ocrx_word' id='word_1_99' title='bbox 1447 1385 1540 1439; x_wconf 73' lang='grc' dir='ltr'>καὶ</span> <span class='ocrx_word' id='word_1_100' title='bbox 1572 1383 1748 1456; x_wconf 81' lang='grc' dir='ltr'>τροφὴ</span> <span class='ocrx_word' id='word_1_101' title='bbox 1777 1383 1856 1454; x_wconf 81' lang='grc' dir='ltr'>τῷ</span> 
     </span>
    </p>
   </div>
   <div class='ocr_carea' id='block_1_14' title="bbox 261 1461 1854 1536">
    <p class='ocr_par' dir='ltr' id='par_1_14' title="bbox 261 1461 1854 1536">
     <span class='ocr_line' id='line_1_14' title="bbox 261 1461 1854 1536; baseline 0.003 -22"><span class='ocrx_word' id='word_1_102' title='bbox 261 1463 415 1534; x_wconf 86' lang='grc' dir='ltr'>πυρί.</span> <span class='ocrx_word' id='word_1_103' title='bbox 448 1465 524 1517; x_wconf 88' lang='grc' dir='ltr'>Τὸ</span> <span class='ocrx_word' id='word_1_104' title='bbox 545 1466 645 1536; x_wconf 79' lang='grc' dir='ltr'>μὲν</span> <span class='ocrx_word' id='word_1_105' title='bbox 667 1461 761 1520; x_wconf 79' lang='grc' dir='ltr'>οῦν</span> <span class='ocrx_word' id='word_1_106' title='bbox 785 1468 958 1520; x_wconf 81' lang='grc' dir='ltr'>εἰπεῖν</span> <span class='ocrx_word' id='word_1_107' title='bbox 989 1467 1050 1531; x_wconf 76' lang='grc' dir='ltr'>ἐξ</span> <span class='ocrx_word' id='word_1_108' title='bbox 1069 1467 1308 1530; x_wconf 83' lang='grc' dir='ltr'>εὐθείας,</span> <span class='ocrx_word' id='word_1_109' title='bbox 1338 1467 1420 1520; x_wconf 79' lang='grc' dir='ltr'>ὅτι</span> <span class='ocrx_word' id='word_1_110' title='bbox 1444 1467 1616 1532; x_wconf 81' lang='grc' dir='ltr'>Αὑτὸς</span> <span class='ocrx_word' id='word_1_111' title='bbox 1643 1465 1854 1520; x_wconf 79' lang='grc' dir='ltr'>δικάσει</span> 
     </span>
    </p>
   </div>
   <div class='ocr_carea' id='block_1_15' title="bbox 259 1547 1855 1619">
    <p class='ocr_par' dir='ltr' id='par_1_15' title="bbox 259 1547 1855 1619">
     <span class='ocr_line' id='line_1_15' title="bbox 259 1547 1855 1619; baseline 0.003 -22"><span class='ocrx_word' id='word_1_112' title='bbox 259 1550 374 1609; x_wconf 81' lang='grc' dir='ltr'>τοῖς</span> <span class='ocrx_word' id='word_1_113' title='bbox 405 1549 736 1618; x_wconf 86' lang='grc' dir='ltr'>γινομένοις,</span> <span class='ocrx_word' id='word_1_114' title='bbox 763 1549 862 1619; x_wconf 85' lang='grc' dir='ltr'>οὑχ</span> <span class='ocrx_word' id='word_1_115' title='bbox 890 1547 1064 1614; x_wconf 85' lang='grc' dir='ltr'>οῦτως</span> <span class='ocrx_word' id='word_1_116' title='bbox 1095 1549 1268 1602; x_wconf 77' lang='grc' dir='ltr'>ἐποίει</span> <span class='ocrx_word' id='word_1_117' title='bbox 1307 1549 1716 1619; x_wconf 84' lang='grc' dir='ltr'>εὑπαράδεκτον</span> <span class='ocrx_word' id='word_1_118' title='bbox 1760 1548 1855 1601; x_wconf 83' lang='grc' dir='ltr'>τὸν</span> 
     </span>
    </p>
   </div>
   <div class='ocr_carea' id='block_1_16' title="bbox 259 1628 1855 1704">
    <p class='ocr_par' dir='ltr' id='par_1_16' title="bbox 259 1628 1855 1704">
     <span class='ocr_line' id='line_1_16' title="bbox 259 1628 1855 1704; baseline 0.003 -24"><span class='ocrx_word' id='word_1_119' title='bbox 259 1628 446 1698; x_wconf 80' lang='grc' dir='ltr'>λόγον·</span> <span class='ocrx_word' id='word_1_120' title='bbox 479 1631 539 1683; x_wconf 87' lang='grc' dir='ltr'>τὸ</span> <span class='ocrx_word' id='word_1_121' title='bbox 564 1631 623 1684; x_wconf 80' lang='grc' dir='ltr'>δὲ</span> <span class='ocrx_word' id='word_1_122' title='bbox 650 1632 911 1702; x_wconf 76' lang='grc' dir='ltr'>ἀναμῖξαι</span> <span class='ocrx_word' id='word_1_123' title='bbox 935 1634 1034 1702; x_wconf 83' lang='grc' dir='ltr'>τὴν</span> <span class='ocrx_word' id='word_1_124' title='bbox 1069 1632 1404 1704; x_wconf 83' lang='grc' dir='ltr'>παραϐολὴν,</span> <span class='ocrx_word' id='word_1_125' title='bbox 1431 1633 1525 1684; x_wconf 70' lang='grc' dir='ltr'>καὶ</span> <span class='ocrx_word' id='word_1_126' title='bbox 1545 1631 1633 1684; x_wconf 81' lang='grc' dir='ltr'>διὰ</span> <span class='ocrx_word' id='word_1_127' title='bbox 1650 1631 1855 1700; x_wconf 83' lang='grc' dir='ltr'>ταύτης</span> 
     </span>
    </p>
   </div>
   <div class='ocr_carea' id='block_1_17' title="bbox 259 1714 1855 1786">
    <p class='ocr_par' dir='ltr' id='par_1_17' title="bbox 259 1714 1855 1786">
     <span class='ocr_line' id='line_1_17' title="bbox 259 1714 1855 1786; baseline 0.001 -22"><span class='ocrx_word' id='word_1_128' title='bbox 259 1716 680 1768; x_wconf 85' lang='grc' dir='ltr'>κατασκευάσαι</span> <span class='ocrx_word' id='word_1_129' title='bbox 707 1715 767 1768; x_wconf 91' lang='grc' dir='ltr'>τὸ</span> <span class='ocrx_word' id='word_1_130' title='bbox 789 1717 918 1776; x_wconf 78' lang='grc' dir='ltr'>πᾶν,</span> <span class='ocrx_word' id='word_1_131' title='bbox 950 1715 1149 1786; x_wconf 78' lang='grc' dir='ltr'>μᾶλλον</span> <span class='ocrx_word' id='word_1_132' title='bbox 1174 1714 1380 1777; x_wconf 75' lang='grc' dir='ltr'>ἔπειθε,</span> <span class='ocrx_word' id='word_1_133' title='bbox 1402 1717 1497 1768; x_wconf 78' lang='grc' dir='ltr'>καὶ</span> <span class='ocrx_word' id='word_1_134' title='bbox 1519 1715 1656 1786; x_wconf 84' lang='grc' dir='ltr'>μετά</span> <span class='ocrx_word' id='word_1_135' title='bbox 1677 1714 1855 1766; x_wconf 88' lang='grc' dir='ltr'>πλείο-</span> 
     </span>
    </p>
   </div>
   <div class='ocr_carea' id='block_1_18' title="bbox 258 1797 1855 1870">
    <p class='ocr_par' dir='ltr' id='par_1_18' title="bbox 258 1797 1855 1870">
     <span class='ocr_line' id='line_1_18' title="bbox 258 1797 1855 1870; baseline 0.001 -22"><span class='ocrx_word' id='word_1_136' title='bbox 258 1813 346 1858; x_wconf 82' lang='grc' dir='ltr'>νος</span> <span class='ocrx_word' id='word_1_137' title='bbox 396 1798 760 1868; x_wconf 81' lang='grc' dir='ltr'>παραμυθίας</span> <span class='ocrx_word' id='word_1_138' title='bbox 813 1798 1097 1866; x_wconf 77' lang='grc' dir='ltr'>ἐφείλκετο</span> <span class='ocrx_word' id='word_1_139' title='bbox 1151 1798 1240 1850; x_wconf 89' lang='grc' dir='ltr'>τὸν</span> <span class='ocrx_word' id='word_1_140' title='bbox 1283 1799 1579 1870; x_wconf 83' lang='grc' dir='ltr'>ἀκροατήν.</span> <span class='ocrx_word' id='word_1_141' title='bbox 1626 1798 1716 1850; x_wconf 84' lang='grc' dir='ltr'>Διὸ</span> <span class='ocrx_word' id='word_1_142' title='bbox 1759 1797 1855 1851; x_wconf 76' lang='grc' dir='ltr'>καὶ</span> 
     </span>
    </p>
   </div>
   <div class='ocr_carea' id='block_1_19' title="bbox 256 1879 1850 1951">
    <p class='ocr_par' dir='ltr' id='par_1_19' title="bbox 256 1879 1850 1951">
     <span class='ocr_line' id='line_1_19' title="bbox 256 1879 1850 1951; baseline 0.001 -20"><span class='ocrx_word' id='word_1_143' title='bbox 256 1881 326 1932; x_wconf 79' lang='grc' dir='ltr'>τὰ</span> <span class='ocrx_word' id='word_1_144' title='bbox 349 1879 576 1933; x_wconf 80' lang='grc' dir='ltr'>πλείονα</span> <span class='ocrx_word' id='word_1_145' title='bbox 610 1879 786 1944; x_wconf 65' lang='grc' dir='ltr'>οὕτως</span> <span class='ocrx_word' id='word_1_146' title='bbox 809 1883 992 1943; x_wconf 79' lang='grc' dir='ltr'>αὐτοῖς</span> <span class='ocrx_word' id='word_1_147' title='bbox 1012 1881 1176 1944; x_wconf 87' lang='grc' dir='ltr'>αὑτὸς</span> <span class='ocrx_word' id='word_1_148' title='bbox 1201 1885 1246 1912; x_wconf 88' lang='grc'>³¹</span> <span class='ocrx_word' id='word_1_149' title='bbox 1274 1881 1603 1951; x_wconf 88' lang='grc' dir='ltr'>διαλέγεται,</span> <span class='ocrx_word' id='word_1_150' title='bbox 1647 1881 1850 1946; x_wconf 82' lang='grc' dir='ltr'>ἆλωνα,</span> 
     </span>
    </p>
   </div>
   <div class='ocr_carea' id='block_1_20' title="bbox 257 1963 1852 2038">
    <p class='ocr_par' dir='ltr' id='par_1_20' title="bbox 257 1963 1852 2038">
     <span class='ocr_line' id='line_1_20' title="bbox 257 1963 1852 2038; baseline 0.001 -22"><span class='ocrx_word' id='word_1_151' title='bbox 257 1963 355 2016; x_wconf 77' lang='grc' dir='ltr'>καὶ</span> <span class='ocrx_word' id='word_1_152' title='bbox 387 1963 625 2034; x_wconf 85' lang='grc' dir='ltr'>ἀμητὸν,</span> <span class='ocrx_word' id='word_1_153' title='bbox 660 1964 765 2017; x_wconf 64' lang='grc' dir='ltr'>καὶ.¹</span> <span class='ocrx_word' id='word_1_154' title='bbox 787 1964 1110 2035; x_wconf 85' lang='grc' dir='ltr'>ἀμπελῶνα,</span> <span class='ocrx_word' id='word_1_155' title='bbox 1147 1964 1242 2018; x_wconf 81' lang='grc' dir='ltr'>καὶ</span> <span class='ocrx_word' id='word_1_156' title='bbox 1257 1964 1439 2034; x_wconf 91' lang='grc' dir='ltr'>ληνὸν,</span> <span class='ocrx_word' id='word_1_157' title='bbox 1463 1965 1558 2018; x_wconf 79' lang='grc' dir='ltr'>καὶ</span> <span class='ocrx_word' id='word_1_158' title='bbox 1586 1965 1852 2038; x_wconf 79' lang='grc' dir='ltr'>ἄρουραν,</span> 
     </span>
    </p>
   </div>
   <div class='ocr_carea' id='block_1_21' title="bbox 259 2048 1850 2121">
    <p class='ocr_par' dir='ltr' id='par_1_21' title="bbox 259 2048 1850 2121">
     <span class='ocr_line' id='line_1_21' title="bbox 259 2048 1850 2121; baseline 0.001 -21"><span class='ocrx_word' id='word_1_159' title='bbox 259 2052 355 2101; x_wconf 82' lang='grc' dir='ltr'>καί</span> <span class='ocrx_word' id='word_1_160' title='bbox 385 2049 657 2119; x_wconf 87' lang='grc' dir='ltr'>σαγήνην,</span> <span class='ocrx_word' id='word_1_161' title='bbox 683 2050 776 2102; x_wconf 79' lang='grc' dir='ltr'>καὶ</span> <span class='ocrx_word' id='word_1_162' title='bbox 807 2048 962 2121; x_wconf 80' lang='grc'>[15⁸7]</span> <span class='ocrx_word' id='word_1_163' title='bbox 1001 2049 1209 2112; x_wconf 89' lang='grc' dir='ltr'>ἁλείαν,</span> <span class='ocrx_word' id='word_1_164' title='bbox 1229 2050 1324 2102; x_wconf 70' lang='grc' dir='ltr'>καὶ</span> <span class='ocrx_word' id='word_1_165' title='bbox 1349 2050 1527 2103; x_wconf 89' lang='grc' dir='ltr'>πάντα</span> <span class='ocrx_word' id='word_1_166' title='bbox 1552 2048 1622 2102; x_wconf 77' lang='grc' dir='ltr'>τὰ</span> <span class='ocrx_word' id='word_1_167' title='bbox 1645 2049 1850 2120; x_wconf 79' lang='grc' dir='ltr'>συνήθη</span> 
     </span>
    </p>
   </div>
   <div class='ocr_carea' id='block_1_22' title="bbox 262 2125 1849 2202">
    <p class='ocr_par' dir='ltr' id='par_1_22' title="bbox 262 2125 1849 2202">
     <span class='ocr_line' id='line_1_22' title="bbox 262 2125 1849 2202; baseline 0.002 -19"><span class='ocrx_word' id='word_1_168' title='bbox 262 2132 358 2183; x_wconf 78' lang='grc' dir='ltr'>καὶ</span> <span class='ocrx_word' id='word_1_169' title='bbox 388 2132 447 2182; x_wconf 90' lang='grc' dir='ltr'>ἐν</span> <span class='ocrx_word' id='word_1_170' title='bbox 477 2125 559 2194; x_wconf 75' lang='grc' dir='ltr'>οἷς</span> <span class='ocrx_word' id='word_1_171' title='bbox 588 2132 939 2202; x_wconf 77' lang='grc' dir='ltr'>ἐστρέφοντο,</span> <span class='ocrx_word' id='word_1_172' title='bbox 962 2135 1077 2196; x_wconf 89' lang='grc' dir='ltr'>τοῖς</span> <span class='ocrx_word' id='word_1_173' title='bbox 1099 2132 1278 2200; x_wconf 82' lang='grc' dir='ltr'>λόγοις</span> <span class='ocrx_word' id='word_1_174' title='bbox 1307 2132 1501 2201; x_wconf 82' lang='grc' dir='ltr'>μιγνὺς</span> <span class='ocrx_word' id='word_1_175' title='bbox 1518 2134 1630 2196; x_wconf 87' lang='grc' dir='ltr'>τοῖς</span> <span class='ocrx_word' id='word_1_176' title='bbox 1660 2132 1849 2187; x_wconf 86' lang='grc' dir='ltr'>αὑτοῦ.</span> 
     </span>
    </p>
   </div>
   <div class='ocr_carea' id='block_1_23' title="bbox 261 2212 1854 2287">
    <p class='ocr_par' dir='ltr' id='par_1_23' title="bbox 261 2212 1854 2287">
     <span class='ocr_line' id='line_1_23' title="bbox 261 2212 1854 2287; baseline 0.001 -20"><span class='ocrx_word' id='word_1_177' title='bbox 261 2217 441 2286; x_wconf 78' lang='grc' dir='ltr'>Ὅπερ</span> <span class='ocrx_word' id='word_1_178' title='bbox 476 2212 571 2270; x_wconf 81' lang='grc' dir='ltr'>οῦν</span> <span class='ocrx_word' id='word_1_179' title='bbox 608 2219 703 2270; x_wconf 74' lang='grc' dir='ltr'>καὶ</span> <span class='ocrx_word' id='word_1_180' title='bbox 740 2218 770 2268; x_wconf 89' lang='grc' dir='ltr'>ό</span> <span class='ocrx_word' id='word_1_181' title='bbox 810 2217 1124 2286; x_wconf 78' lang='grc' dir='ltr'>Βαπτιστὴς</span> <span class='ocrx_word' id='word_1_182' title='bbox 1164 2214 1400 2270; x_wconf 87' lang='grc' dir='ltr'>ἐνταῦθα</span> <span class='ocrx_word' id='word_1_183' title='bbox 1430 2217 1723 2287; x_wconf 86' lang='grc' dir='ltr'>πεποίηκε,</span> <span class='ocrx_word' id='word_1_184' title='bbox 1758 2217 1854 2271; x_wconf 77' lang='grc' dir='ltr'>καὶ</span> 
     </span>
    </p>
   </div>
   <div class='ocr_carea' id='block_1_24' title="bbox 257 2299 1851 2373">
    <p class='ocr_par' dir='ltr' id='par_1_24' title="bbox 257 2299 1851 2373">
     <span class='ocr_line' id='line_1_24' title="bbox 257 2299 1851 2373; baseline 0.001 -21"><span class='ocrx_word' id='word_1_185' title='bbox 257 2299 539 2365; x_wconf 77' lang='grc' dir='ltr'>ἀπόδειξιν</span> <span class='ocrx_word' id='word_1_186' title='bbox 579 2300 848 2371; x_wconf 80' lang='grc' dir='ltr'>μεγίστην</span> <span class='ocrx_word' id='word_1_187' title='bbox 885 2302 1190 2372; x_wconf 80' lang='grc' dir='ltr'>παρέσχετο</span> <span class='ocrx_word' id='word_1_188' title='bbox 1229 2301 1336 2353; x_wconf 79' lang='grc' dir='ltr'>τῶν</span> <span class='ocrx_word' id='word_1_189' title='bbox 1379 2300 1708 2372; x_wconf 80' lang='grc' dir='ltr'>εἰρημένων,</span> <span class='ocrx_word' id='word_1_190' title='bbox 1751 2301 1851 2373; x_wconf 81' lang='grc' dir='ltr'>τὴν</span> 
     </span>
    </p>
   </div>
   <div class='ocr_carea' id='block_1_25' title="bbox 254 2382 1852 2454">
    <p class='ocr_par' dir='ltr' id='par_1_25' title="bbox 254 2382 1852 2454">
     <span class='ocr_line' id='line_1_25' title="bbox 254 2382 1852 2454; baseline 0.001 -21"><span class='ocrx_word' id='word_1_191' title='bbox 254 2382 347 2434; x_wconf 84' lang='grc' dir='ltr'>τοῦ</span> <span class='ocrx_word' id='word_1_192' title='bbox 377 2383 700 2452; x_wconf 83' lang='grc' dir='ltr'>Πνεύματος</span> <span class='ocrx_word' id='word_1_193' title='bbox 725 2383 892 2436; x_wconf 88' lang='grc' dir='ltr'>δόσιν.</span> <span class='ocrx_word' id='word_1_194' title='bbox 941 2385 1000 2436; x_wconf 87' lang='lat'>&#39;0</span> <span class='ocrx_word' id='word_1_195' title='bbox 1041 2386 1150 2454; x_wconf 76' lang='grc' dir='ltr'>γὰρ</span> <span class='ocrx_word' id='word_1_196' title='bbox 1173 2383 1411 2437; x_wconf 86' lang='grc' dir='ltr'>τοσαῦτα</span> <span class='ocrx_word' id='word_1_197' title='bbox 1439 2384 1754 2454; x_wconf 85' lang='grc' dir='ltr'>δυνάμενος,</span> <span class='ocrx_word' id='word_1_198' title='bbox 1777 2385 1852 2448; x_wconf 87' lang='grc' dir='ltr'>ὼς</span> 
     </span>
    </p>
   </div>
   <div class='ocr_carea' id='block_1_26' title="bbox 264 2468 1852 2540">
    <p class='ocr_par' dir='ltr' id='par_1_26' title="bbox 264 2468 1852 2540">
     <span class='ocr_line' id='line_1_26' title="bbox 264 2468 1852 2540; baseline 0.003 -22"><span class='ocrx_word' id='word_1_199' title='bbox 264 2469 362 2518; x_wconf 70' lang='grc' dir='ltr'>καὶ</span> <span class='ocrx_word' id='word_1_200' title='bbox 402 2468 787 2537; x_wconf 74' lang='grc' dir='ltr'>ἁμαρτήματα</span> <span class='ocrx_word' id='word_1_201' title='bbox 823 2469 1063 2537; x_wconf 79' lang='grc' dir='ltr'>ἀφεῖναι,</span> <span class='ocrx_word' id='word_1_202' title='bbox 1114 2469 1208 2520; x_wconf 73' lang='grc' dir='ltr'>καὶ</span> <span class='ocrx_word' id='word_1_203' title='bbox 1253 2469 1478 2540; x_wconf 79' lang='grc' dir='ltr'>Πνεῦμα</span> <span class='ocrx_word' id='word_1_204' title='bbox 1515 2469 1720 2534; x_wconf 88' lang='grc' dir='ltr'>δοῦναι,</span> <span class='ocrx_word' id='word_1_205' title='bbox 1757 2470 1852 2523; x_wconf 82' lang='grc' dir='ltr'>καὶ</span> 
     </span>
    </p>
   </div>
   <div class='ocr_carea' id='block_1_27' title="bbox 254 2548 1851 2622">
    <p class='ocr_par' dir='ltr' id='par_1_27' title="bbox 254 2548 1851 2622">
     <span class='ocr_line' id='line_1_27' title="bbox 254 2548 1851 2622; baseline 0.003 -22"><span class='ocrx_word' id='word_1_206' title='bbox 254 2550 429 2603; x_wconf 82' lang='grc' dir='ltr'>ταῦτα</span> <span class='ocrx_word' id='word_1_207' title='bbox 473 2550 655 2621; x_wconf 79' lang='grc' dir='ltr'>πολλῷ</span> <span class='ocrx_word' id='word_1_208' title='bbox 707 2551 908 2622; x_wconf 83' lang='grc' dir='ltr'>μᾶλλον</span> <span class='ocrx_word' id='word_1_209' title='bbox 958 2551 1271 2621; x_wconf 86' lang='grc' dir='ltr'>δυνήσεται,</span> <span class='ocrx_word' id='word_1_210' title='bbox 1312 2551 1498 2622; x_wconf 89' lang='grc' dir='ltr'>φησίν.</span> <span class='ocrx_word' id='word_1_211' title='bbox 1550 2548 1704 2614; x_wconf 79' lang='grc' dir='ltr'>Εἶδες</span> <span class='ocrx_word' id='word_1_212' title='bbox 1733 2552 1851 2616; x_wconf 80' lang='grc' dir='ltr'>πῶς</span> 
     </span>
    </p>
   </div>
   <div class='ocr_carea' id='block_1_28' title="bbox 262 2634 1850 2707">
    <p class='ocr_par' dir='ltr' id='par_1_28' title="bbox 262 2634 1850 2707">
     <span class='ocr_line' id='line_1_28' title="bbox 262 2634 1850 2707; baseline -0.021 8"><span class='ocrx_word' id='word_1_213' title='bbox 262 2635 362 2705; x_wconf 53' lang='grc' dir='ltr'>ἤδη</span> <span class='ocrx_word' id='word_1_214' title='bbox 394 2634 453 2686; x_wconf 63' lang='grc' dir='ltr'>τὸ</span> <span class='ocrx_word' id='word_1_215' title='bbox 483 2636 784 2704; x_wconf 74' lang='grc' dir='ltr'>μυστήριον</span> <span class='ocrx_word' id='word_1_216' title='bbox 816 2635 1124 2696; x_wconf 70' lang='grc' dir='ltr'>ἀκολούθως</span> <span class='ocrx_word' id='word_1_217' title='bbox 1160 2635 1630 2706; x_wconf 81' lang='grc' dir='ltr'>προκατεϐάλλετο</span> <span class='ocrx_word' id='word_1_218' title='bbox 1661 2637 1705 2667; x_wconf 81' lang='grc'>³³</span> <span class='ocrx_word' id='word_1_219' title='bbox 1750 2638 1850 2707; x_wconf 81' lang='grc' dir='ltr'>τῆς</span> 
     </span>
    </p>
   </div>
   <div class='ocr_carea' id='block_1_29' title="bbox 255 2718 1844 2788">
    <p class='ocr_par' dir='ltr' id='par_1_29' title="bbox 255 2718 1844 2788">
     <span class='ocr_line' id='line_1_29' title="bbox 255 2718 1844 2788; baseline 0.003 -20"><span class='ocrx_word' id='word_1_220' title='bbox 255 2718 617 2780; x_wconf 77' lang='grc' dir='ltr'>ἀναστάσεως</span> <span class='ocrx_word' id='word_1_221' title='bbox 667 2719 762 2770; x_wconf 62' lang='grc' dir='ltr'>κα)⁸</span> <span class='ocrx_word' id='word_1_222' title='bbox 814 2718 914 2787; x_wconf 87' lang='grc' dir='ltr'>τῆς</span> <span class='ocrx_word' id='word_1_223' title='bbox 974 2719 1241 2788; x_wconf 49' lang='grc' dir='ltr'>κρίσεως</span> <span class='ocrx_word' id='word_1_224' title='bbox 1293 2719 1403 2771; x_wconf 70' lang='grc' dir='ltr'>Καὶ</span> <span class='ocrx_word' id='word_1_225' title='bbox 1451 2719 1594 2781; x_wconf 87' lang='grc' dir='ltr'>τίνος</span> <span class='ocrx_word' id='word_1_226' title='bbox 1634 2718 1844 2783; x_wconf 76' lang='grc' dir='ltr'>ἕνεκεν,</span> 
     </span>
    </p>
   </div>
   <div class='ocr_carea' id='block_1_30' title="bbox 256 2797 1851 2872">
    <p class='ocr_par' dir='ltr' id='par_1_30' title="bbox 256 2797 1851 2872">
     <span class='ocr_line' id='line_1_30' title="bbox 256 2797 1851 2872; baseline 0.001 -20"><span class='ocrx_word' id='word_1_227' title='bbox 256 2802 444 2870; x_wconf 76' lang='grc' dir='ltr'>φησὶν,</span> <span class='ocrx_word' id='word_1_228' title='bbox 477 2801 581 2853; x_wconf 73' lang='grc' dir='ltr'>οὐκ</span> <span class='ocrx_word' id='word_1_229' title='bbox 619 2797 739 2854; x_wconf 82' lang='grc' dir='ltr'>εἷπε</span> <span class='ocrx_word' id='word_1_230' title='bbox 777 2801 845 2854; x_wconf 76' lang='grc' dir='ltr'>τὰ</span> <span class='ocrx_word' id='word_1_231' title='bbox 878 2801 1084 2864; x_wconf 82' lang='grc' dir='ltr'>εὐθέως</span> <span class='ocrx_word' id='word_1_232' title='bbox 1113 2802 1348 2870; x_wconf 83' lang='grc' dir='ltr'>ἐσόμενα</span> <span class='ocrx_word' id='word_1_233' title='bbox 1379 2803 1510 2872; x_wconf 89' lang='grc' dir='ltr'>παρ’</span> <span class='ocrx_word' id='word_1_234' title='bbox 1549 2800 1712 2854; x_wconf 84' lang='grc' dir='ltr'>αὑτοῦ</span> <span class='ocrx_word' id='word_1_235' title='bbox 1755 2819 1851 2871; x_wconf 89' lang='grc' dir='ltr'>ση-</span> 
     </span>
    </p>
   </div>
   <div class='ocr_carea' id='block_1_31' title="bbox 258 2881 1850 2956">
    <p class='ocr_par' dir='ltr' id='par_1_31' title="bbox 258 2881 1850 2956">
     <span class='ocr_line' id='line_1_31' title="bbox 258 2881 1850 2956; baseline 0.002 -20"><span class='ocrx_word' id='word_1_236' title='bbox 258 2887 386 2954; x_wconf 88' lang='grc' dir='ltr'>μεῖα</span> <span class='ocrx_word' id='word_1_237' title='bbox 414 2886 511 2937; x_wconf 76' lang='grc' dir='ltr'>καὶ</span> <span class='ocrx_word' id='word_1_238' title='bbox 534 2884 741 2954; x_wconf 86' lang='grc' dir='ltr'>τέρατα</span> <span class='ocrx_word' id='word_1_239' title='bbox 769 2902 783 2950; x_wconf 90' lang='grc'><strong>;</strong></span> <span class='ocrx_word' id='word_1_240' title='bbox 815 2887 938 2938; x_wconf 85' lang='grc' dir='ltr'>Ὅτι</span> <span class='ocrx_word' id='word_1_241' title='bbox 965 2884 1123 2938; x_wconf 83' lang='grc' dir='ltr'>τοῦτο</span> <span class='ocrx_word' id='word_1_242' title='bbox 1153 2885 1339 2956; x_wconf 80' lang='grc' dir='ltr'>μεῖζον</span> <span class='ocrx_word' id='word_1_243' title='bbox 1362 2886 1615 2938; x_wconf 86' lang='grc' dir='ltr'>ἁπάντων</span> <span class='ocrx_word' id='word_1_244' title='bbox 1639 2881 1728 2955; x_wconf 79' lang='grc' dir='ltr'>ἦν,</span> <span class='ocrx_word' id='word_1_245' title='bbox 1756 2885 1850 2939; x_wconf 77' lang='grc' dir='ltr'>καὶ</span> 
     </span>
    </p>
   </div>
   <div class='ocr_carea' id='block_1_32' title="bbox 252 2968 1848 3039">
    <p class='ocr_par' dir='ltr' id='par_1_32' title="bbox 252 2968 1848 3039">
     <span class='ocr_line' id='line_1_32' title="bbox 252 2968 1848 3039; baseline 0.001 -19"><span class='ocrx_word' id='word_1_246' title='bbox 252 2969 340 3022; x_wconf 81' lang='grc' dir='ltr'>διά</span> <span class='ocrx_word' id='word_1_247' title='bbox 361 2968 523 3021; x_wconf 88' lang='grc' dir='ltr'>τοῦτο</span> <span class='ocrx_word' id='word_1_248' title='bbox 553 2969 599 3000; x_wconf 72' lang='grc'>³⁵</span> <span class='ocrx_word' id='word_1_249' title='bbox 625 2970 804 3022; x_wconf 87' lang='grc' dir='ltr'>πάντα</span> <span class='ocrx_word' id='word_1_250' title='bbox 828 2971 1013 3022; x_wconf 88' lang='grc' dir='ltr'>ἐκεῖνα</span> <span class='ocrx_word' id='word_1_251' title='bbox 1044 2971 1274 3037; x_wconf 87' lang='grc' dir='ltr'>ἐγίνετο.</span> <span class='ocrx_word' id='word_1_252' title='bbox 1308 2969 1382 3021; x_wconf 90' lang='grc' dir='ltr'>Τὸ</span> <span class='ocrx_word' id='word_1_253' title='bbox 1410 2969 1520 3039; x_wconf 85' lang='grc' dir='ltr'>γάρ</span> <span class='ocrx_word' id='word_1_254' title='bbox 1555 2969 1848 3038; x_wconf 85' lang='grc' dir='ltr'>κεφάλαιον</span> 
     </span>
    </p>
   </div>
   <div class='ocr_carea' id='block_1_33' title="bbox 255 3051 1849 3124">
    <p class='ocr_par' dir='ltr' id='par_1_33' title="bbox 255 3051 1849 3124">
     <span class='ocr_line' id='line_1_33' title="bbox 255 3051 1849 3124; baseline 0.002 -21"><span class='ocrx_word' id='word_1_255' title='bbox 255 3051 390 3114; x_wconf 80' lang='grc' dir='ltr'>θεὶς,</span> <span class='ocrx_word' id='word_1_256' title='bbox 423 3053 604 3105; x_wconf 81' lang='grc' dir='ltr'>πάντα</span> <span class='ocrx_word' id='word_1_257' title='bbox 626 3053 920 3122; x_wconf 85' lang='grc' dir='ltr'>περιέλαϐε</span> <span class='ocrx_word' id='word_1_258' title='bbox 944 3069 957 3083; x_wconf 87' lang='grc'><strong>·</strong></span> <span class='ocrx_word' id='word_1_259' title='bbox 984 3053 1216 3106; x_wconf 88' lang='grc' dir='ltr'>θανάτου</span> <span class='ocrx_word' id='word_1_260' title='bbox 1233 3052 1406 3116; x_wconf 86' lang='grc' dir='ltr'>λύσιν,</span> <span class='ocrx_word' id='word_1_261' title='bbox 1432 3054 1849 3124; x_wconf 84' lang='grc' dir='ltr'>ἁμαρτημάτων</span> 
     </span>
    </p>
   </div>
   <div class='ocr_carea' id='block_1_34' title="bbox 253 3135 1849 3208">
    <p class='ocr_par' dir='ltr' id='par_1_34' title="bbox 253 3135 1849 3208">
     <span class='ocr_line' id='line_1_34' title="bbox 253 3135 1849 3208; baseline 0.003 -22"><span class='ocrx_word' id='word_1_262' title='bbox 253 3135 562 3205; x_wconf 86' lang='grc' dir='ltr'>ἀναίρεσιν,</span> <span class='ocrx_word' id='word_1_263' title='bbox 585 3137 830 3207; x_wconf 84' lang='grc' dir='ltr'>κατάρας</span> <span class='ocrx_word' id='word_1_264' title='bbox 859 3135 1188 3206; x_wconf 88' lang='grc' dir='ltr'>ἀφανισμὸν,</span> <span class='ocrx_word' id='word_1_265' title='bbox 1212 3136 1319 3190; x_wconf 85' lang='grc' dir='ltr'>τῶν</span> <span class='ocrx_word' id='word_1_266' title='bbox 1341 3136 1570 3207; x_wconf 87' lang='grc' dir='ltr'>χρονίων</span> <span class='ocrx_word' id='word_1_267' title='bbox 1599 3137 1849 3208; x_wconf 86' lang='grc' dir='ltr'>πολέμων</span> 
     </span>
    </p>
   </div>
   <div class='ocr_carea' id='block_1_35' title="bbox 254 3219 1850 3292">
    <p class='ocr_par' dir='ltr' id='par_1_35' title="bbox 254 3219 1850 3292">
     <span class='ocr_line' id='line_1_35' title="bbox 254 3219 1850 3292; baseline 0.003 -22"><span class='ocrx_word' id='word_1_268' title='bbox 254 3219 581 3290; x_wconf 79' lang='grc' dir='ltr'>ἀπαλλαγὴν</span> <span class='ocrx_word' id='word_1_269' title='bbox 605 3261 619 3282; x_wconf 93' lang='grc'>,</span> <span class='ocrx_word' id='word_1_270' title='bbox 659 3220 758 3290; x_wconf 84' lang='grc' dir='ltr'>τὴν</span> <span class='ocrx_word' id='word_1_271' title='bbox 796 3222 878 3282; x_wconf 87' lang='grc' dir='ltr'>είς</span> <span class='ocrx_word' id='word_1_272' title='bbox 914 3220 1006 3272; x_wconf 87' lang='grc' dir='ltr'>τὸν</span> <span class='ocrx_word' id='word_1_273' title='bbox 1033 3219 1365 3290; x_wconf 85' lang='grc' dir='ltr'>παράδεισον</span> <span class='ocrx_word' id='word_1_274' title='bbox 1387 3220 1612 3283; x_wconf 78' lang='grc' dir='ltr'>εἴσοδον,</span> <span class='ocrx_word' id='word_1_275' title='bbox 1644 3221 1744 3292; x_wconf 79' lang='grc' dir='ltr'>τὴν</span> <span class='ocrx_word' id='word_1_276' title='bbox 1767 3223 1850 3285; x_wconf 84' lang='grc' dir='ltr'>είς</span> 
     </span>
    </p>
   </div>
   <div class='ocr_carea' id='block_1_36' title="bbox 252 3304 1843 3377">
    <p class='ocr_par' dir='ltr' id='par_1_36' title="bbox 252 3304 1843 3377">
     <span class='ocr_line' id='line_1_36' title="bbox 252 3304 1843 3377; baseline 0.006 -27"><span class='ocrx_word' id='word_1_277' title='bbox 252 3305 518 3374; x_wconf 72' lang='grc' dir='ltr'>οὐρανοὺς</span> <span class='ocrx_word' id='word_1_278' title='bbox 542 3304 728 3357; x_wconf 77' lang='grc' dir='ltr'>ἄνοδον</span> <span class='ocrx_word' id='word_1_279' title='bbox 753 3305 819 3369; x_wconf 81' lang='grc'>³⁸,</span> <span class='ocrx_word' id='word_1_280' title='bbox 839 3304 938 3376; x_wconf 84' lang='grc' dir='ltr'>τὴν</span> <span class='ocrx_word' id='word_1_281' title='bbox 973 3304 1112 3375; x_wconf 88' lang='grc' dir='ltr'>μετά</span> <span class='ocrx_word' id='word_1_282' title='bbox 1137 3304 1387 3373; x_wconf 89' lang='grc' dir='ltr'>ἀγγέλων</span> <span class='ocrx_word' id='word_1_283' title='bbox 1412 3304 1710 3370; x_wconf 86' lang='grc' dir='ltr'>πολιτείαν,</span> <span class='ocrx_word' id='word_1_284' title='bbox 1743 3306 1843 3377; x_wconf 83' lang='grc' dir='ltr'>τὴν</span> 
     </span>
    </p>
   </div>
   <div class='ocr_carea' id='block_1_37' title="bbox 251 3381 1848 3460">
    <p class='ocr_par' dir='ltr' id='par_1_37' title="bbox 251 3381 1848 3460">
     <span class='ocr_line' id='line_1_37' title="bbox 251 3381 1848 3460; baseline 0.002 -20"><span class='ocrx_word' id='word_1_285' title='bbox 251 3387 360 3440; x_wconf 81' lang='grc' dir='ltr'>τῶν</span> <span class='ocrx_word' id='word_1_286' title='bbox 414 3388 721 3459; x_wconf 84' lang='grc' dir='ltr'>μελλόντων</span> <span class='ocrx_word' id='word_1_287' title='bbox 767 3388 992 3457; x_wconf 80' lang='grc' dir='ltr'>ἀγαθῶν</span> <span class='ocrx_word' id='word_1_288' title='bbox 1038 3389 1356 3442; x_wconf 85' lang='grc' dir='ltr'>κοινωνίαν·</span> <span class='ocrx_word' id='word_1_289' title='bbox 1395 3389 1491 3441; x_wconf 75' lang='grc' dir='ltr'>καὶ</span> <span class='ocrx_word' id='word_1_290' title='bbox 1539 3387 1647 3460; x_wconf 81' lang='grc' dir='ltr'>γὰρ</span> <span class='ocrx_word' id='word_1_291' title='bbox 1694 3381 1848 3454; x_wconf 77' lang='grc' dir='ltr'>οὗτος</span> 
     </span>
    </p>
   </div>
   <div class='ocr_carea' id='block_1_38' title="bbox 252 3469 1848 3541">
    <p class='ocr_par' dir='ltr' id='par_1_38' title="bbox 252 3469 1848 3541">
     <span class='ocr_line' id='line_1_38' title="bbox 252 3469 1848 3541; baseline -0.004 -15"><span class='ocrx_word' id='word_1_292' title='bbox 252 3471 514 3541; x_wconf 49' lang='grc' dir='ltr'>ἀρραϐὼν</span> <span class='ocrx_word' id='word_1_293' title='bbox 567 3472 792 3524; x_wconf 83' lang='grc' dir='ltr'>ἐκείνων</span> <span class='ocrx_word' id='word_1_294' title='bbox 843 3471 1012 3525; x_wconf 88' lang='grc' dir='ltr'>ἐστίν.</span> <span class='ocrx_word' id='word_1_295' title='bbox 1063 3471 1246 3523; x_wconf 73' lang='grc' dir='ltr'>Εἰπὼν</span> <span class='ocrx_word' id='word_1_296' title='bbox 1275 3471 1454 3524; x_wconf 88' lang='grc' dir='ltr'>τοίνυν</span> <span class='ocrx_word' id='word_1_297' title='bbox 1493 3470 1672 3534; x_wconf 88' lang='grc' dir='ltr'>τοῦτο,</span> <span class='ocrx_word' id='word_1_298' title='bbox 1727 3469 1848 3527; x_wconf 81' lang='grc' dir='ltr'>εἷπε</span> 
     </span>
    </p>
   </div>
   <div class='ocr_carea' id='block_1_39' title="bbox 256 3554 1848 3624">
    <p class='ocr_par' dir='ltr' id='par_1_39' title="bbox 256 3554 1848 3624">
     <span class='ocr_line' id='line_1_39' title="bbox 256 3554 1848 3624; baseline 0.003 -20"><span class='ocrx_word' id='word_1_299' title='bbox 256 3554 348 3605; x_wconf 71' lang='grc' dir='ltr'>καὶ</span> <span class='ocrx_word' id='word_1_300' title='bbox 378 3554 479 3624; x_wconf 83' lang='grc' dir='ltr'>τὴν</span> <span class='ocrx_word' id='word_1_301' title='bbox 512 3554 621 3607; x_wconf 84' lang='grc' dir='ltr'>τῶν</span> <span class='ocrx_word' id='word_1_302' title='bbox 671 3555 941 3623; x_wconf 86' lang='grc' dir='ltr'>σωμάτων</span> <span class='ocrx_word' id='word_1_303' title='bbox 977 3555 1294 3620; x_wconf 86' lang='grc' dir='ltr'>ἀνάστασιν,</span> <span class='ocrx_word' id='word_1_304' title='bbox 1340 3555 1433 3607; x_wconf 75' lang='grc' dir='ltr'>καὶ</span> <span class='ocrx_word' id='word_1_305' title='bbox 1479 3554 1578 3623; x_wconf 86' lang='grc' dir='ltr'>τὴν</span> <span class='ocrx_word' id='word_1_306' title='bbox 1621 3554 1730 3608; x_wconf 85' lang='grc' dir='ltr'>τῶν</span> <span class='ocrx_word' id='word_1_307' title='bbox 1761 3557 1848 3609; x_wconf 88' lang='grc' dir='ltr'>ἐν·</span> 
     </span>
    </p>
   </div>
   <div class='ocr_carea' id='block_1_40' title="bbox 251 3637 1849 3710">
    <p class='ocr_par' dir='ltr' id='par_1_40' title="bbox 251 3637 1849 3710">
     <span class='ocr_line' id='line_1_40' title="bbox 251 3637 1849 3710; baseline 0.003 -21"><span class='ocrx_word' id='word_1_308' title='bbox 251 3637 430 3690; x_wconf 84' lang='grc' dir='ltr'>ταῦθα</span> <span class='ocrx_word' id='word_1_309' title='bbox 463 3638 708 3708; x_wconf 79' lang='grc' dir='ltr'>σημείων</span> <span class='ocrx_word' id='word_1_310' title='bbox 739 3638 1023 3705; x_wconf 79' lang='grc' dir='ltr'>ἐπίδειξιν,</span> <span class='ocrx_word' id='word_1_311' title='bbox 1059 3639 1153 3692; x_wconf 73' lang='grc' dir='ltr'>καὶ</span> <span class='ocrx_word' id='word_1_312' title='bbox 1179 3638 1276 3710; x_wconf 85' lang='grc' dir='ltr'>τὴν</span> <span class='ocrx_word' id='word_1_313' title='bbox 1299 3637 1397 3708; x_wconf 89' lang='grc' dir='ltr'>τῆς</span> <span class='ocrx_word' id='word_1_314' title='bbox 1429 3637 1708 3709; x_wconf 85' lang='grc' dir='ltr'>βασιλείας</span> <span class='ocrx_word' id='word_1_315' title='bbox 1733 3656 1849 3693; x_wconf 87' lang='grc' dir='ltr'>κοι-</span> 
     </span>
    </p>
   </div>
   <div class='ocr_carea' id='block_1_41' title="bbox 251 3718 1847 3791">
    <p class='ocr_par' dir='ltr' id='par_1_41' title="bbox 251 3718 1847 3791">
     <span class='ocr_line' id='line_1_41' title="bbox 251 3718 1847 3791; baseline 0.003 -18"><span class='ocrx_word' id='word_1_316' title='bbox 251 3722 471 3783; x_wconf 84' lang='grc' dir='ltr'>νωνίαν,</span> <span class='ocrx_word' id='word_1_317' title='bbox 500 3723 593 3773; x_wconf 71' lang='grc' dir='ltr'>καὶ</span> <span class='ocrx_word' id='word_1_318' title='bbox 619 3722 687 3774; x_wconf 74' lang='grc' dir='ltr'>τὰ</span> <span class='ocrx_word' id='word_1_319' title='bbox 718 3722 917 3790; x_wconf 81' lang='grc' dir='ltr'>ἀγαθὰ,</span> <span class='ocrx_word' id='word_1_320' title='bbox 959 3724 1026 3776; x_wconf 79' lang='grc' dir='ltr'>“Α</span> <span class='ocrx_word' id='word_1_321' title='bbox 1063 3723 1376 3791; x_wconf 63' lang='grc' dir='ltr'>ὀφθαλμὸς</span> <span class='ocrx_word' id='word_1_322' title='bbox 1409 3724 1520 3776; x_wconf 80' lang='grc' dir='ltr'>οὐκ</span> <span class='ocrx_word' id='word_1_323' title='bbox 1557 3718 1698 3787; x_wconf 76' lang='grc' dir='ltr'>εἶδε,</span> <span class='ocrx_word' id='word_1_324' title='bbox 1745 3723 1847 3778; x_wconf 77' lang='grc' dir='ltr'>καὶ</span> 
     </span>
    </p>
   </div>
   <div class='ocr_carea' id='block_1_42' title="bbox 255 3802 1848 3874">
    <p class='ocr_par' dir='ltr' id='par_1_42' title="bbox 255 3802 1848 3874">
     <span class='ocr_line' id='line_1_42' title="bbox 255 3802 1848 3874; baseline 0.001 -15"><span class='ocrx_word' id='word_1_325' title='bbox 255 3802 368 3871; x_wconf 68' lang='grc' dir='ltr'>οὖς</span> <span class='ocrx_word' id='word_1_326' title='bbox 401 3809 514 3858; x_wconf 76' lang='grc' dir='ltr'>οὐκ</span> <span class='ocrx_word' id='word_1_327' title='bbox 542 3805 796 3874; x_wconf 68' lang='grc' dir='ltr'>ἢκουσε,</span> <span class='ocrx_word' id='word_1_328' title='bbox 832 3807 928 3859; x_wconf 74' lang='grc' dir='ltr'>καὶ</span> <span class='ocrx_word' id='word_1_329' title='bbox 959 3806 1057 3858; x_wconf 81' lang='grc' dir='ltr'>ἐπὶ</span> <span class='ocrx_word' id='word_1_330' title='bbox 1097 3805 1354 3873; x_wconf 80' lang='grc' dir='ltr'>καρδίαν</span> <span class='ocrx_word' id='word_1_331' title='bbox 1386 3805 1706 3874; x_wconf 74' lang='grc' dir='ltr'>ἀνθρώπου</span> <span class='ocrx_word' id='word_1_332' title='bbox 1736 3809 1848 3861; x_wconf 81' lang='grc' dir='ltr'>οὐκ</span> 
     </span>
    </p>
   </div>
   <div class='ocr_carea' id='block_1_43' title="bbox 250 3888 1848 3961">
    <p class='ocr_par' dir='ltr' id='par_1_43' title="bbox 250 3888 1848 3961">
     <span class='ocr_line' id='line_1_43' title="bbox 250 3888 1848 3961; baseline 0.001 -19"><span class='ocrx_word' id='word_1_333' title='bbox 250 3889 458 3956; x_wconf 71' lang='grc' dir='ltr'>ἀνέϐη.</span> <span class='ocrx_word' id='word_1_334' title='bbox 494 3891 680 3943; x_wconf 81' lang='grc' dir='ltr'>Πάντα</span> <span class='ocrx_word' id='word_1_335' title='bbox 704 3889 812 3961; x_wconf 74' lang='grc' dir='ltr'>γὰρ</span> <span class='ocrx_word' id='word_1_336' title='bbox 832 3889 1005 3942; x_wconf 89' lang='grc' dir='ltr'>ταῦτα</span> <span class='ocrx_word' id='word_1_337' title='bbox 1035 3889 1102 3942; x_wconf 84' lang='grc' dir='ltr'>δι’</span> <span class='ocrx_word' id='word_1_338' title='bbox 1139 3888 1350 3943; x_wconf 87' lang='grc' dir='ltr'>ἐκείνου</span> <span class='ocrx_word' id='word_1_339' title='bbox 1377 3890 1472 3943; x_wconf 87' lang='grc' dir='ltr'>τοῦ</span> <span class='ocrx_word' id='word_1_340' title='bbox 1509 3890 1848 3960; x_wconf 86' lang='grc' dir='ltr'>χαρίσματος</span> 
     </span>
    </p>
   </div>
   <div class='ocr_carea' id='block_1_44' title="bbox 250 3970 1849 4047">
    <p class='ocr_par' dir='ltr' id='par_1_44' title="bbox 250 3970 1849 4047">
     <span class='ocr_line' id='line_1_44' title="bbox 250 3970 1849 4047; baseline 0.002 -22"><span class='ocrx_word' id='word_1_341' title='bbox 250 3976 388 4042; x_wconf 83' lang='grc' dir='ltr'>ἡμῖν</span> <span class='ocrx_word' id='word_1_342' title='bbox 429 3974 765 4044; x_wconf 81' lang='grc' dir='ltr'>παρέσχετο.</span> <span class='ocrx_word' id='word_1_343' title='bbox 814 3974 1079 4042; x_wconf 86' lang='grc' dir='ltr'>Περιττὸν</span> <span class='ocrx_word' id='word_1_344' title='bbox 1126 3974 1309 4027; x_wconf 89' lang='grc' dir='ltr'>τοίνυν</span> <span class='ocrx_word' id='word_1_345' title='bbox 1335 3970 1403 4044; x_wconf 84' lang='grc' dir='ltr'>ῆν</span> <span class='ocrx_word' id='word_1_346' title='bbox 1444 3974 1573 4047; x_wconf 72' lang='grc' dir='ltr'>περὶ</span> <span class='ocrx_word' id='word_1_347' title='bbox 1616 3973 1724 4028; x_wconf 80' lang='grc' dir='ltr'>τῶν</span> <span class='ocrx_word' id='word_1_348' title='bbox 1753 3993 1849 4045; x_wconf 81' lang='grc' dir='ltr'>ση-</span> 
     </span>
    </p>
   </div>
   <div class='ocr_carea' id='block_1_45' title="bbox 255 4056 1847 4128">
    <p class='ocr_par' dir='ltr' id='par_1_45' title="bbox 255 4056 1847 4128">
     <span class='ocr_line' id='line_1_45' title="bbox 255 4056 1847 4128; baseline 0.001 -20"><span class='ocrx_word' id='word_1_349' title='bbox 255 4058 426 4126; x_wconf 86' lang='grc' dir='ltr'>μείων</span> <span class='ocrx_word' id='word_1_350' title='bbox 466 4059 644 4108; x_wconf 79' lang='grc' dir='ltr'>εἰπεῖν</span> <span class='ocrx_word' id='word_1_351' title='bbox 677 4056 788 4108; x_wconf 84' lang='grc' dir='ltr'>τῶν</span> <span class='ocrx_word' id='word_1_352' title='bbox 817 4057 1023 4120; x_wconf 87' lang='grc' dir='ltr'>εὑθέως</span> <span class='ocrx_word' id='word_1_353' title='bbox 1054 4057 1465 4127; x_wconf 83' lang='grc' dir='ltr'>ἐκϐησομένων,</span> <span class='ocrx_word' id='word_1_354' title='bbox 1500 4058 1595 4111; x_wconf 74' lang='grc' dir='ltr'>καὶ</span> <span class='ocrx_word' id='word_1_355' title='bbox 1619 4060 1684 4128; x_wconf 83' lang='grc' dir='ltr'>τῇ</span> <span class='ocrx_word' id='word_1_356' title='bbox 1725 4056 1847 4126; x_wconf 71' lang='grc' dir='ltr'>ὄψει</span> 
     </span>
    </p>
   </div>
   <div class='ocr_carea' id='block_1_46' title="bbox 251 4135 1847 4212">
    <p class='ocr_par' dir='ltr' id='par_1_46' title="bbox 251 4135 1847 4212">
     <span class='ocr_line' id='line_1_46' title="bbox 251 4135 1847 4212; baseline 0.001 -19"><span class='ocrx_word' id='word_1_357' title='bbox 251 4140 628 4210; x_wconf 80' lang='grc' dir='ltr'>κρινομένων·</span> <span class='ocrx_word' id='word_1_358' title='bbox 664 4140 780 4193; x_wconf 87' lang='grc' dir='ltr'>ἀλλ’</span> <span class='ocrx_word' id='word_1_359' title='bbox 809 4141 949 4211; x_wconf 84' lang='grc' dir='ltr'>ὑπὲρ</span> <span class='ocrx_word' id='word_1_360' title='bbox 975 4141 1199 4193; x_wconf 83' lang='grc' dir='ltr'>ἐκείνων</span> <span class='ocrx_word' id='word_1_361' title='bbox 1236 4142 1343 4194; x_wconf 78' lang='grc' dir='ltr'>ἔδει</span> <span class='ocrx_word' id='word_1_362' title='bbox 1369 4141 1740 4212; x_wconf 91' lang='grc' dir='ltr'>διαλεχθῆναι,</span> <span class='ocrx_word' id='word_1_363' title='bbox 1772 4135 1847 4194; x_wconf 82' lang='grc' dir='ltr'>ὧν</span> 
     </span>
    </p>
   </div>
   <div class='ocr_carea' id='block_1_47' title="bbox 251 4219 1846 4294">
    <p class='ocr_par' dir='ltr' id='par_1_47' title="bbox 251 4219 1846 4294">
     <span class='ocr_line' id='line_1_47' title="bbox 251 4219 1846 4294; baseline 0.001 -18"><span class='ocrx_word' id='word_1_364' title='bbox 251 4224 632 4293; x_wconf 76' lang='grc' dir='ltr'>ἀμφέϐαλλονο</span> <span class='ocrx_word' id='word_1_365' title='bbox 659 4219 793 4285; x_wconf 72' lang='grc' dir='ltr'>οἷον,</span> <span class='ocrx_word' id='word_1_366' title='bbox 817 4225 900 4278; x_wconf 84' lang='grc' dir='ltr'>ὅτι</span> <span class='ocrx_word' id='word_1_367' title='bbox 928 4225 1054 4287; x_wconf 86' lang='grc' dir='ltr'>Υἱὸς</span> <span class='ocrx_word' id='word_1_368' title='bbox 1083 4223 1218 4277; x_wconf 85' lang='grc' dir='ltr'>Θεοῦ</span> <span class='ocrx_word' id='word_1_369' title='bbox 1247 4226 1414 4284; x_wconf 86' lang='grc' dir='ltr'>ἐστιν,</span> <span class='ocrx_word' id='word_1_370' title='bbox 1446 4226 1527 4277; x_wconf 85' lang='grc' dir='ltr'>ὃτι</span> <span class='ocrx_word' id='word_1_371' title='bbox 1563 4225 1846 4294; x_wconf 85' lang='grc' dir='ltr'>ὑπερέχων</span> 
     </span>
    </p>
   </div>
   <div class='ocr_carea' id='block_1_48' title="bbox 252 4307 1846 4381">
    <p class='ocr_par' dir='ltr' id='par_1_48' title="bbox 252 4307 1846 4381">
     <span class='ocr_line' id='line_1_48' title="bbox 252 4307 1846 4381; baseline 0.003 -22"><span class='ocrx_word' id='word_1_372' title='bbox 252 4307 344 4360; x_wconf 83' lang='grc' dir='ltr'>τοῦ</span> <span class='ocrx_word' id='word_1_373' title='bbox 401 4308 649 4361; x_wconf 84' lang='grc' dir='ltr'>Ἰωάννου</span> <span class='ocrx_word' id='word_1_374' title='bbox 690 4309 1063 4378; x_wconf 81' lang='grc' dir='ltr'>ἀσυγκρίτως,</span> <span class='ocrx_word' id='word_1_375' title='bbox 1115 4309 1197 4360; x_wconf 80' lang='grc' dir='ltr'>ὅτι</span> <span class='ocrx_word' id='word_1_376' title='bbox 1247 4309 1395 4380; x_wconf 80' lang='grc' dir='ltr'>αἴρει</span> <span class='ocrx_word' id='word_1_377' title='bbox 1434 4309 1534 4379; x_wconf 78' lang='grc' dir='ltr'>την</span> <span class='ocrx_word' id='word_1_378' title='bbox 1569 4310 1846 4381; x_wconf 87' lang='grc' dir='ltr'>ἁμαρτίαν</span> 
     </span>
    </p>
   </div>
   <div class='ocr_carea' id='block_1_49' title="bbox 253 4391 1842 4464">
    <p class='ocr_par' dir='ltr' id='par_1_49' title="bbox 253 4391 1842 4464">
     <span class='ocr_line' id='line_1_49' title="bbox 253 4391 1842 4464; baseline -0.001 -18"><span class='ocrx_word' id='word_1_379' title='bbox 253 4391 347 4446; x_wconf 87' lang='grc' dir='ltr'>τοῦ</span> <span class='ocrx_word' id='word_1_380' title='bbox 379 4393 611 4463; x_wconf 79' lang='grc' dir='ltr'>κόσμου,</span> <span class='ocrx_word' id='word_1_381' title='bbox 647 4393 731 4446; x_wconf 82' lang='grc' dir='ltr'>δτι</span> <span class='ocrx_word' id='word_1_382' title='bbox 764 4393 921 4462; x_wconf 81' lang='grc' dir='ltr'>δίκην</span> <span class='ocrx_word' id='word_1_383' title='bbox 946 4394 1243 4464; x_wconf 84' lang='grc' dir='ltr'>ἀπαιτήσει</span> <span class='ocrx_word' id='word_1_384' title='bbox 1276 4394 1386 4446; x_wconf 85' lang='grc' dir='ltr'>τῶν</span> <span class='ocrx_word' id='word_1_385' title='bbox 1411 4394 1842 4464; x_wconf 85' lang='grc' dir='ltr'>πεπραγμένων,</span> 
     </span>
    </p>
   </div>
   <div class='ocr_carea' id='block_1_50' title="bbox 255 4475 1849 4549">
    <p class='ocr_par' dir='ltr' id='par_1_50' title="bbox 255 4475 1849 4549">
     <span class='ocr_line' id='line_1_50' title="bbox 255 4475 1849 4549; baseline 0.001 -20"><span class='ocrx_word' id='word_1_386' title='bbox 255 4478 336 4529; x_wconf 78' lang='grc' dir='ltr'>δτι</span> <span class='ocrx_word' id='word_1_387' title='bbox 370 4476 432 4527; x_wconf 81' lang='grc' dir='ltr'>οὑ</span> <span class='ocrx_word' id='word_1_388' title='bbox 479 4475 646 4546; x_wconf 85' lang='grc' dir='ltr'>μέχρι</span> <span class='ocrx_word' id='word_1_389' title='bbox 692 4476 788 4528; x_wconf 89' lang='grc' dir='ltr'>τοῦ</span> <span class='ocrx_word' id='word_1_390' title='bbox 837 4477 1110 4546; x_wconf 84' lang='grc' dir='ltr'>παρόντος</span> <span class='ocrx_word' id='word_1_391' title='bbox 1140 4477 1211 4530; x_wconf 83' lang='grc' dir='ltr'>τὰ</span> <span class='ocrx_word' id='word_1_392' title='bbox 1259 4476 1522 4549; x_wconf 82' lang='grc' dir='ltr'>ἡμέτερα,</span> <span class='ocrx_word' id='word_1_393' title='bbox 1568 4477 1682 4530; x_wconf 87' lang='grc' dir='ltr'>ἀλλ’</span> <span class='ocrx_word' id='word_1_394' title='bbox 1732 4478 1849 4530; x_wconf 89' lang='grc' dir='ltr'>ἐκεῖ</span> 
     </span>
    </p>
   </div>
   <div class='ocr_carea' id='block_1_51' title="bbox 257 4559 1846 4632">
    <p class='ocr_par' dir='ltr' id='par_1_51' title="bbox 257 4559 1846 4632">
     <span class='ocr_line' id='line_1_51' title="bbox 257 4559 1846 4632; baseline 0.001 -21"><span class='ocrx_word' id='word_1_395' title='bbox 257 4559 352 4629; x_wconf 80' lang='grc' dir='ltr'>τὴν</span> <span class='ocrx_word' id='word_1_396' title='bbox 374 4560 533 4626; x_wconf 79' lang='grc' dir='ltr'>ἀξίαν</span> <span class='ocrx_word' id='word_1_397' title='bbox 559 4559 791 4622; x_wconf 71' lang='grc' dir='ltr'>ἕκαστος</span> <span class='ocrx_word' id='word_1_398' title='bbox 822 4561 1190 4630; x_wconf 87' lang='grc' dir='ltr'>ὑποστήσεται</span> <span class='ocrx_word' id='word_1_399' title='bbox 1212 4566 1500 4632; x_wconf 69' lang='grc' dir='ltr'>τιμωρίαν.</span> <span class='ocrx_word' id='word_1_400' title='bbox 1535 4559 1719 4614; x_wconf 88' lang='grc' dir='ltr'>Ταῦτα</span> <span class='ocrx_word' id='word_1_401' title='bbox 1738 4559 1846 4631; x_wconf 87' lang='grc' dir='ltr'>γάρ</span> 
     </span>
    </p>
   </div>
   <div class='ocr_carea' id='block_1_52' title="bbox 255 4639 1199 4714">
    <p class='ocr_par' dir='ltr' id='par_1_52' title="bbox 255 4639 1199 4714">
     <span class='ocr_line' id='line_1_52' title="bbox 255 4639 1199 4714; baseline 0.001 -20"><span class='ocrx_word' id='word_1_402' title='bbox 255 4643 375 4712; x_wconf 59' lang='grc' dir='ltr'>ὄψει</span> <span class='ocrx_word' id='word_1_403' title='bbox 412 4644 770 4714; x_wconf 82' lang='grc' dir='ltr'>παραστῆσαι</span> <span class='ocrx_word' id='word_1_404' title='bbox 808 4644 948 4706; x_wconf 88' lang='grc' dir='ltr'>τέως</span> <span class='ocrx_word' id='word_1_405' title='bbox 987 4644 1086 4698; x_wconf 87' lang='grc' dir='ltr'>οὑκ</span> <span class='ocrx_word' id='word_1_406' title='bbox 1112 4639 1199 4714; x_wconf 75' lang='grc' dir='ltr'>ἦν.</span> 
     </span>
    </p>
   </div>
   <div class='ocr_carea' id='block_1_53' title="bbox 325 4723 1843 4798">
    <p class='ocr_par' dir='ltr' id='par_1_53' title="bbox 325 4723 1843 4798">
     <span class='ocr_line' id='line_1_53' title="bbox 325 4723 1843 4798; baseline 0.001 -19"><span class='ocrx_word' id='word_1_407' title='bbox 325 4725 392 4792; x_wconf 82' lang='grc' dir='ltr'>ζ’.</span> <span class='ocrx_word' id='word_1_408' title='bbox 416 4728 462 4758; x_wconf 71' lang='grc'>³⁸</span> <span class='ocrx_word' id='word_1_409' title='bbox 489 4725 656 4781; x_wconf 82' lang='grc' dir='ltr'>Ταῦτ’</span> <span class='ocrx_word' id='word_1_410' title='bbox 686 4723 778 4779; x_wconf 81' lang='grc' dir='ltr'>οῦν</span> <span class='ocrx_word' id='word_1_411' title='bbox 804 4727 1025 4790; x_wconf 79' lang='grc' dir='ltr'>εἰδότες,</span> <span class='ocrx_word' id='word_1_412' title='bbox 1052 4728 1220 4798; x_wconf 82' lang='grc' dir='ltr'>πολλῇ</span> <span class='ocrx_word' id='word_1_413' title='bbox 1246 4729 1308 4797; x_wconf 82' lang='grc' dir='ltr'>τῇ</span> <span class='ocrx_word' id='word_1_414' title='bbox 1331 4727 1532 4798; x_wconf 84' lang='grc' dir='ltr'>σπουδῇ</span> <span class='ocrx_word' id='word_1_415' title='bbox 1561 4726 1843 4798; x_wconf 78' lang='grc' dir='ltr'>χρώμεθα,</span> 
     </span>
    </p>
   </div>
   <div class='ocr_carea' id='block_1_54' title="bbox 255 4803 1843 4881">
    <p class='ocr_par' dir='ltr' id='par_1_54' title="bbox 255 4803 1843 4881">
     <span class='ocr_line' id='line_1_54' title="bbox 255 4803 1843 4881; baseline 0.001 -20"><span class='ocrx_word' id='word_1_416' title='bbox 255 4810 357 4873; x_wconf 80' lang='grc' dir='ltr'>ἓως</span> <span class='ocrx_word' id='word_1_417' title='bbox 390 4809 457 4863; x_wconf 78' lang='grc' dir='ltr'>ἂν</span> <span class='ocrx_word' id='word_1_418' title='bbox 472 4803 624 4879; x_wconf 79' lang='grc' dir='ltr'>ὦμεν</span> <span class='ocrx_word' id='word_1_419' title='bbox 649 4811 709 4862; x_wconf 81' lang='grc' dir='ltr'>ἐν</span> <span class='ocrx_word' id='word_1_420' title='bbox 732 4809 990 4881; x_wconf 80' lang='grc' dir='ltr'>τῇ-ἀλωνι</span> <span class='ocrx_word' id='word_1_421' title='bbox 1011 4826 1023 4838; x_wconf 92' lang='grc'><strong>·</strong></span> <span class='ocrx_word' id='word_1_422' title='bbox 1055 4811 1150 4863; x_wconf 72' lang='grc' dir='ltr'>καὶ</span> <span class='ocrx_word' id='word_1_423' title='bbox 1179 4810 1287 4881; x_wconf 88' lang='grc' dir='ltr'>γὰρ</span> <span class='ocrx_word' id='word_1_424' title='bbox 1309 4810 1520 4874; x_wconf 81' lang='grc' dir='ltr'>ἔξεστιν</span> <span class='ocrx_word' id='word_1_425' title='bbox 1542 4810 1776 4863; x_wconf 82' lang='grc' dir='ltr'>ἐνταῦθα</span> <span class='ocrx_word' id='word_1_426' title='bbox 1799 4811 1843 4842; x_wconf 83' lang='grc'>³⁷</span> 
     </span>
    </p>
   </div>
   <div class='ocr_carea' id='block_1_55' title="bbox 167 4881 1846 4965">
    <p class='ocr_par' dir='ltr' id='par_1_55' title="bbox 167 4881 1846 4965">
     <span class='ocr_line' id='line_1_55' title="bbox 167 4881 1846 4965; baseline 0.002 -22"><span class='ocrx_word' id='word_1_427' title='bbox 167 4881 174 4888; x_wconf 71' lang='grc'><em>’</em></span> <span class='ocrx_word' id='word_1_428' title='bbox 255 4889 373 4944; x_wconf 77' lang='grc' dir='ltr'>οὖσι</span> <span class='ocrx_word' id='word_1_429' title='bbox 407 4895 505 4946; x_wconf 76' lang='grc' dir='ltr'>καὶ</span> <span class='ocrx_word' id='word_1_430' title='bbox 529 4893 590 4957; x_wconf 83' lang='grc' dir='ltr'>ἐξ</span> <span class='ocrx_word' id='word_1_431' title='bbox 623 4893 832 4964; x_wconf 87' lang='grc' dir='ltr'>ἀχύρου</span> <span class='ocrx_word' id='word_1_432' title='bbox 860 4893 1264 4964; x_wconf 87' lang='grc' dir='ltr'>μεταϐαλέσθαι</span> <span class='ocrx_word' id='word_1_433' title='bbox 1285 4894 1330 4925; x_wconf 79' lang='grc'>³⁸</span> <span class='ocrx_word' id='word_1_434' title='bbox 1354 4894 1435 4958; x_wconf 86' lang='grc' dir='ltr'>είς</span> <span class='ocrx_word' id='word_1_435' title='bbox 1467 4896 1630 4960; x_wconf 85' lang='grc' dir='ltr'>σῖτον,</span> <span class='ocrx_word' id='word_1_436' title='bbox 1657 4893 1846 4965; x_wconf 81' lang='grc' dir='ltr'>ὥσπερ</span> 
     </span>
    </p>
   </div>
   <div class='ocr_carea' id='block_1_56' title="bbox 257 4973 1847 5050">
    <p class='ocr_par' dir='ltr' id='par_1_56' title="bbox 257 4973 1847 5050">
     <span class='ocr_line' id='line_1_56' title="bbox 257 4973 1847 5050; baseline 0.001 -19"><span class='ocrx_word' id='word_1_437' title='bbox 257 4973 348 5031; x_wconf 83' lang='grc' dir='ltr'>οὑν</span> <span class='ocrx_word' id='word_1_438' title='bbox 380 4979 476 5030; x_wconf 80' lang='grc' dir='ltr'>καὶ</span> <span class='ocrx_word' id='word_1_439' title='bbox 505 4979 615 5032; x_wconf 87' lang='grc' dir='ltr'>ἀπὸ</span> <span class='ocrx_word' id='word_1_440' title='bbox 653 4979 804 5031; x_wconf 91' lang='grc' dir='ltr'>σίτου</span> <span class='ocrx_word' id='word_1_441' title='bbox 838 4978 1028 5031; x_wconf 76' lang='grc' dir='ltr'>πολλοὶ</span> <span class='ocrx_word' id='word_1_442' title='bbox 1049 4980 1339 5047; x_wconf 79' lang='grc' dir='ltr'>γεγόνασιν</span> <span class='ocrx_word' id='word_1_443' title='bbox 1373 4978 1598 5050; x_wconf 81' lang='grc' dir='ltr'>ἄχυρον.</span> <span class='ocrx_word' id='word_1_444' title='bbox 1630 4979 1722 5050; x_wconf 83' lang='grc' dir='ltr'>Μὴ</span> <span class='ocrx_word' id='word_1_445' title='bbox 1742 4979 1847 5032; x_wconf 78' lang='grc' dir='ltr'>τοι·</span> 
     </span>
    </p>
   </div>
   <div class='ocr_carea' id='block_1_57' title="bbox 257 5062 1844 5135">
    <p class='ocr_par' dir='ltr' id='par_1_57' title="bbox 257 5062 1844 5135">
     <span class='ocr_line' id='line_1_57' title="bbox 257 5062 1844 5135; baseline 0.003 -23"><span class='ocrx_word' id='word_1_446' title='bbox 257 5079 347 5112; x_wconf 86' lang='grc' dir='ltr'>νυν</span> <span class='ocrx_word' id='word_1_447' title='bbox 373 5062 762 5131; x_wconf 82' lang='grc' dir='ltr'>ἀναπέσωμεν,</span> <span class='ocrx_word' id='word_1_448' title='bbox 807 5063 944 5133; x_wconf 85' lang='grc' dir='ltr'>μηδὲ</span> <span class='ocrx_word' id='word_1_449' title='bbox 982 5063 1170 5132; x_wconf 81' lang='grc' dir='ltr'>ἀνέμῳ</span> <span class='ocrx_word' id='word_1_450' title='bbox 1204 5063 1366 5115; x_wconf 72' lang='grc' dir='ltr'>παντὶ</span> <span class='ocrx_word' id='word_1_451' title='bbox 1394 5063 1844 5135; x_wconf 80' lang='grc' dir='ltr'>περιφερώμεθα,</span> 
     </span>
    </p>
   </div>
   <div class='ocr_carea' id='block_1_58' title="bbox 262 5145 1846 5217">
    <p class='ocr_par' dir='ltr' id='par_1_58' title="bbox 262 5145 1846 5217">
     <span class='ocr_line' id='line_1_58' title="bbox 262 5145 1846 5217; baseline 0.001 -19"><span class='ocrx_word' id='word_1_452' title='bbox 262 5146 391 5214; x_wconf 78' lang='grc' dir='ltr'>μηδέ</span> <span class='ocrx_word' id='word_1_453' title='bbox 411 5145 523 5198; x_wconf 83' lang='grc' dir='ltr'>τῶν</span> <span class='ocrx_word' id='word_1_454' title='bbox 549 5146 798 5214; x_wconf 83' lang='grc' dir='ltr'>ἀδελφῶν</span> <span class='ocrx_word' id='word_1_455' title='bbox 825 5145 1258 5217; x_wconf 78' lang='grc' dir='ltr'>ἀποσχιζώμεθα</span> <span class='ocrx_word' id='word_1_456' title='bbox 1279 5147 1389 5199; x_wconf 81' lang='grc' dir='ltr'>τῶν</span> <span class='ocrx_word' id='word_1_457' title='bbox 1411 5146 1718 5217; x_wconf 77' lang='grc' dir='ltr'>ἡμετέρων,</span> <span class='ocrx_word' id='word_1_458' title='bbox 1742 5147 1846 5199; x_wconf 82' lang='grc' dir='ltr'>κᾶν</span> 
     </span>
    </p>
   </div>
   <div class='ocr_carea' id='block_1_59' title="bbox 261 5225 1845 5298">
    <p class='ocr_par' dir='ltr' id='par_1_59' title="bbox 261 5225 1845 5298">
     <span class='ocr_line' id='line_1_59' title="bbox 261 5225 1845 5298; baseline 0.003 -20"><span class='ocrx_word' id='word_1_459' title='bbox 261 5230 446 5298; x_wconf 78' lang='grc' dir='ltr'>μικροὶ</span> <span class='ocrx_word' id='word_1_460' title='bbox 475 5229 710 5282; x_wconf 84' lang='grc' dir='ltr'>δοκῶσιν</span> <span class='ocrx_word' id='word_1_461' title='bbox 739 5225 879 5282; x_wconf 79' lang='grc' dir='ltr'>εἶναι</span> <span class='ocrx_word' id='word_1_462' title='bbox 915 5230 1011 5282; x_wconf 76' lang='grc' dir='ltr'>καὶ</span> <span class='ocrx_word' id='word_1_463' title='bbox 1046 5230 1285 5293; x_wconf 80' lang='grc' dir='ltr'>εὐτελεῖς</span> <span class='ocrx_word' id='word_1_464' title='bbox 1312 5247 1326 5260; x_wconf 75' lang='grc' dir='ltr'><strong>ο</strong></span> <span class='ocrx_word' id='word_1_465' title='bbox 1365 5231 1486 5282; x_wconf 78' lang='grc' dir='ltr'>ἐπεὶ</span> <span class='ocrx_word' id='word_1_466' title='bbox 1516 5231 1610 5284; x_wconf 76' lang='grc' dir='ltr'>καὶ</span> <span class='ocrx_word' id='word_1_467' title='bbox 1644 5232 1672 5284; x_wconf 89' lang='grc' dir='ltr'>ὁ</span> <span class='ocrx_word' id='word_1_468' title='bbox 1702 5234 1845 5295; x_wconf 85' lang='grc' dir='ltr'>σῖτος</span> 
     </span>
    </p>
   </div>
   <div class='ocr_carea' id='block_1_60' title="bbox 257 5311 1848 5384">
    <p class='ocr_par' dir='ltr' id='par_1_60' title="bbox 257 5311 1848 5384">
     <span class='ocr_line' id='line_1_60' title="bbox 257 5311 1848 5384; baseline 0.002 -21"><span class='ocrx_word' id='word_1_469' title='bbox 257 5311 347 5364; x_wconf 82' lang='grc' dir='ltr'>τοῦ</span> <span class='ocrx_word' id='word_1_470' title='bbox 383 5312 591 5382; x_wconf 75' lang='grc' dir='ltr'>ἀχύρου</span> <span class='ocrx_word' id='word_1_471' title='bbox 618 5316 763 5367; x_wconf 82' lang='grc' dir='ltr'>κατά</span> <span class='ocrx_word' id='word_1_472' title='bbox 809 5315 909 5384; x_wconf 91' lang='grc' dir='ltr'>μέν</span> <span class='ocrx_word' id='word_1_473' title='bbox 950 5313 1010 5366; x_wconf 88' lang='grc' dir='ltr'>τὸ</span> <span class='ocrx_word' id='word_1_474' title='bbox 1050 5315 1250 5384; x_wconf 81' lang='grc' dir='ltr'>μέτρον</span> <span class='ocrx_word' id='word_1_475' title='bbox 1282 5314 1545 5378; x_wconf 86' lang='grc' dir='ltr'>ἐλάττων,</span> <span class='ocrx_word' id='word_1_476' title='bbox 1599 5315 1744 5368; x_wconf 88' lang='grc' dir='ltr'>κατά</span> <span class='ocrx_word' id='word_1_477' title='bbox 1789 5315 1848 5368; x_wconf 84' lang='grc' dir='ltr'>δὲ</span> 
     </span>
    </p>
   </div>
   <div class='ocr_carea' id='block_1_61' title="bbox 257 5395 1842 5470">
    <p class='ocr_par' dir='ltr' id='par_1_61' title="bbox 257 5395 1842 5470">
     <span class='ocr_line' id='line_1_61' title="bbox 257 5395 1842 5470; baseline 0.017 -24"><span class='ocrx_word' id='word_1_478' title='bbox 257 5395 350 5466; x_wconf 69' lang='grc' dir='ltr'>τὴν</span> <span class='ocrx_word' id='word_1_479' title='bbox 371 5396 531 5465; x_wconf 75' lang='grc' dir='ltr'>φύσιν</span> <span class='ocrx_word' id='word_1_480' title='bbox 556 5397 804 5466; x_wconf 85' lang='grc' dir='ltr'>βελτίων.</span> <span class='ocrx_word' id='word_1_481' title='bbox 824 5399 915 5468; x_wconf 82' lang='grc' dir='ltr'>Μὴ</span> <span class='ocrx_word' id='word_1_482' title='bbox 931 5397 997 5470; x_wconf 80' lang='grc' dir='ltr'>δὴ</span> <span class='ocrx_word' id='word_1_483' title='bbox 1018 5398 1117 5461; x_wconf 80' lang='grc' dir='ltr'>τὰς</span> <span class='ocrx_word' id='word_1_484' title='bbox 1137 5398 1336 5462; x_wconf 67' lang='grc' dir='ltr'>ἔξωθεν</span> <span class='ocrx_word' id='word_1_485' title='bbox 1359 5401 1664 5468; x_wconf 73' lang='grc' dir='ltr'>φαντασίας</span> <span class='ocrx_word' id='word_1_486' title='bbox 1695 5400 1808 5469; x_wconf 64' lang='grc' dir='ltr'>ἴδῃς</span> <span class='ocrx_word' id='word_1_487' title='bbox 1829 5415 1842 5429; x_wconf 83' lang='grc'><strong>’</strong></span> 
     </span>
    </p>
   </div>
   <div class='ocr_carea' id='block_1_62' title="bbox 257 5479 1846 5555">
    <p class='ocr_par' dir='ltr' id='par_1_62' title="bbox 257 5479 1846 5555">
     <span class='ocr_line' id='line_1_62' title="bbox 257 5479 1846 5555; baseline 0.004 -26"><span class='ocrx_word' id='word_1_488' title='bbox 257 5479 330 5548; x_wconf 76' lang='grc' dir='ltr'>τῷ</span> <span class='ocrx_word' id='word_1_489' title='bbox 372 5480 504 5550; x_wconf 73' lang='grc' dir='ltr'>πυρὶ</span> <span class='ocrx_word' id='word_1_490' title='bbox 532 5482 641 5552; x_wconf 89' lang='grc' dir='ltr'>γάρ</span> <span class='ocrx_word' id='word_1_491' title='bbox 677 5481 784 5533; x_wconf 81' lang='grc' dir='ltr'>εἰσι</span> <span class='ocrx_word' id='word_1_492' title='bbox 813 5483 1364 5554; x_wconf 88' lang='grc' dir='ltr'>παρεσκευασμέναι·</span> <span class='ocrx_word' id='word_1_493' title='bbox 1399 5483 1538 5536; x_wconf 84' lang='grc' dir='ltr'>ἀλλά</span> <span class='ocrx_word' id='word_1_494' title='bbox 1569 5483 1670 5555; x_wconf 82' lang='grc' dir='ltr'>τὴν</span> <span class='ocrx_word' id='word_1_495' title='bbox 1700 5481 1846 5536; x_wconf 84' lang='grc' dir='ltr'>κατά</span> 
     </span>
    </p>
   </div>
   <div class='ocr_carea' id='block_1_63' title="bbox 1407 336 2344 396">
    <p class='ocr_par' dir='ltr' id='par_1_63' title="bbox 1407 336 2344 396">
     <span class='ocr_line' id='line_1_63' title="bbox 1407 336 2344 396; baseline 0.001 -1"><span class='ocrx_word' id='word_1_496' title='bbox 1407 339 1474 395; x_wconf 77' lang='lat' dir='ltr'>IN</span> <span class='ocrx_word' id='word_1_497' title='bbox 1513 336 1935 394; x_wconf 69' lang='grc' dir='ltr'>ΜΔΤἸΊΙᾸΞΕΜ</span> <span class='ocrx_word' id='word_1_498' title='bbox 1975 336 2210 396; x_wconf 73' lang='lat' dir='ltr'>IIOMIL.</span> <span class='ocrx_word' id='word_1_499' title='bbox 2252 340 2344 396; x_wconf 82' lang='lat' dir='ltr'>XI.</span> 
     </span>
    </p>
   </div>
   <div class='ocr_carea' id='block_1_64' title="bbox 3435 340 3543 400">
    <p class='ocr_par' dir='ltr' id='par_1_64' title="bbox 3435 340 3543 400">
     <span class='ocr_line' id='line_1_64' title="bbox 3435 340 3543 400; baseline 0 -5"><span class='ocrx_word' id='word_1_500' title='bbox 3435 340 3543 400; x_wconf 77' lang='lat'>200</span> 
     </span>
    </p>
   </div>
   <div class='ocr_carea' id='block_1_65' title="bbox 1956 457 3541 534">
    <p class='ocr_par' dir='ltr' id='par_1_65' title="bbox 1956 457 3541 534">
     <span class='ocr_line' id='line_1_65' title="bbox 1956 457 3541 534; baseline 0.004 -24"><span class='ocrx_word' id='word_1_501' title='bbox 1956 457 2092 510; x_wconf 83' lang='grc' dir='ltr'>Θεὸν</span> <span class='ocrx_word' id='word_1_502' title='bbox 2112 459 2504 532; x_wconf 87' lang='grc' dir='ltr'>ταπεινότητα,</span> <span class='ocrx_word' id='word_1_503' title='bbox 2527 461 2628 534; x_wconf 76' lang='grc' dir='ltr'>τὴν</span> <span class='ocrx_word' id='word_1_504' title='bbox 2645 461 2882 532; x_wconf 76' lang='grc' dir='ltr'>στερρὰν</span> <span class='ocrx_word' id='word_1_505' title='bbox 2903 460 3109 532; x_wconf 89' lang='grc' dir='ltr'>ταύτην</span> <span class='ocrx_word' id='word_1_506' title='bbox 3122 459 3216 513; x_wconf 79' lang='grc' dir='ltr'>καὶ</span> <span class='ocrx_word' id='word_1_507' title='bbox 3234 458 3541 530; x_wconf 74' lang='grc' dir='ltr'>ἀδιάλυτον,</span> 
     </span>
    </p>
   </div>
   <div class='ocr_carea' id='block_1_66' title="bbox 1957 542 3544 616">
    <p class='ocr_par' dir='ltr' id='par_1_66' title="bbox 1957 542 3544 616">
     <span class='ocr_line' id='line_1_66' title="bbox 1957 542 3544 616; baseline 0.003 -23"><span class='ocrx_word' id='word_1_508' title='bbox 1957 542 2050 594; x_wconf 81' lang='grc' dir='ltr'>καὶ</span> <span class='ocrx_word' id='word_1_509' title='bbox 2076 543 2355 614; x_wconf 80' lang='grc' dir='ltr'>τμηθῆναι</span> <span class='ocrx_word' id='word_1_510' title='bbox 2405 544 2480 616; x_wconf 80' lang='grc' dir='ltr'>μὴ</span> <span class='ocrx_word' id='word_1_511' title='bbox 2521 544 2847 616; x_wconf 87' lang='grc' dir='ltr'>δυναμένην,</span> <span class='ocrx_word' id='word_1_512' title='bbox 2899 544 3035 616; x_wconf 81' lang='grc' dir='ltr'>μηδὲ</span> <span class='ocrx_word' id='word_1_513' title='bbox 3079 544 3184 599; x_wconf 89' lang='grc' dir='ltr'>ὑπὸ</span> <span class='ocrx_word' id='word_1_514' title='bbox 3229 543 3326 597; x_wconf 90' lang='grc' dir='ltr'>τοῦ</span> <span class='ocrx_word' id='word_1_515' title='bbox 3369 551 3544 616; x_wconf 82' lang='grc' dir='ltr'>πυρὸς</span> 
     </span>
    </p>
   </div>
   <div class='ocr_carea' id='block_1_67' title="bbox 1957 625 3546 699">
    <p class='ocr_par' dir='ltr' id='par_1_67' title="bbox 1957 625 3546 699">
     <span class='ocr_line' id='line_1_67' title="bbox 1957 625 3546 699; baseline 0.001 -21"><span class='ocrx_word' id='word_1_516' title='bbox 1957 626 2275 696; x_wconf 88' lang='grc' dir='ltr'>καιομένην.</span> <span class='ocrx_word' id='word_1_517' title='bbox 2308 627 2407 681; x_wconf 84' lang='grc' dir='ltr'>Διά</span> <span class='ocrx_word' id='word_1_518' title='bbox 2438 627 2550 698; x_wconf 83' lang='grc' dir='ltr'>γὰρ</span> <span class='ocrx_word' id='word_1_519' title='bbox 2567 628 2792 693; x_wconf 86' lang='grc' dir='ltr'>τούτους</span> <span class='ocrx_word' id='word_1_520' title='bbox 2817 629 2912 682; x_wconf 76' lang='grc' dir='ltr'>καὶ</span> <span class='ocrx_word' id='word_1_521' title='bbox 2936 625 3015 699; x_wconf 87' lang='grc' dir='ltr'>τῷ</span> <span class='ocrx_word' id='word_1_522' title='bbox 3041 627 3234 699; x_wconf 86' lang='grc' dir='ltr'>ἀχύρῳ</span> <span class='ocrx_word' id='word_1_523' title='bbox 3267 627 3546 698; x_wconf 78' lang='grc' dir='ltr'>μακροθυ-</span> 
     </span>
    </p>
   </div>
   <div class='ocr_carea' id='block_1_68' title="bbox 1961 709 3547 784">
    <p class='ocr_par' dir='ltr' id='par_1_68' title="bbox 1961 709 3547 784">
     <span class='ocr_line' id='line_1_68' title="bbox 1961 709 3547 784; baseline 0.003 -23"><span class='ocrx_word' id='word_1_524' title='bbox 1961 711 2069 780; x_wconf 89' lang='grc' dir='ltr'>μεῖ,</span> <span class='ocrx_word' id='word_1_525' title='bbox 2106 709 2193 762; x_wconf 80' lang='grc' dir='ltr'>ἵνα</span> <span class='ocrx_word' id='word_1_526' title='bbox 2223 709 2331 763; x_wconf 89' lang='grc' dir='ltr'>ἀπὸ</span> <span class='ocrx_word' id='word_1_527' title='bbox 2374 714 2474 782; x_wconf 81' lang='grc' dir='ltr'>τῆς</span> <span class='ocrx_word' id='word_1_528' title='bbox 2521 712 2658 784; x_wconf 86' lang='grc' dir='ltr'>πρὸς</span> <span class='ocrx_word' id='word_1_529' title='bbox 2685 712 2885 774; x_wconf 86' lang='grc' dir='ltr'>αὐτοὺς</span> <span class='ocrx_word' id='word_1_530' title='bbox 2921 712 3142 782; x_wconf 87' lang='grc' dir='ltr'>ὁμιλίας</span> <span class='ocrx_word' id='word_1_531' title='bbox 3187 710 3432 780; x_wconf 87' lang='grc' dir='ltr'>βελτίους</span> <span class='ocrx_word' id='word_1_532' title='bbox 3461 711 3547 780; x_wconf 80' lang='grc' dir='ltr'>γέ-</span> 
     </span>
    </p>
   </div>
   <div class='ocr_carea' id='block_1_69' title="bbox 1956 793 3546 865">
    <p class='ocr_par' dir='ltr' id='par_1_69' title="bbox 1956 793 3546 865">
     <span class='ocr_line' id='line_1_69' title="bbox 1956 793 3546 865; baseline 0.002 -21"><span class='ocrx_word' id='word_1_533' title='bbox 1956 809 2173 846; x_wconf 90' lang='grc' dir='ltr'>νωνται.</span> <span class='ocrx_word' id='word_1_534' title='bbox 2225 793 2324 846; x_wconf 81' lang='grc' dir='ltr'>Διά</span> <span class='ocrx_word' id='word_1_535' title='bbox 2367 793 2526 846; x_wconf 86' lang='grc' dir='ltr'>τοῦτο</span> <span class='ocrx_word' id='word_1_536' title='bbox 2557 793 2711 848; x_wconf 78' lang='grc' dir='ltr'>οὔπω</span> <span class='ocrx_word' id='word_1_537' title='bbox 2757 793 2959 865; x_wconf 87' lang='grc' dir='ltr'>κρίσις,</span> <span class='ocrx_word' id='word_1_538' title='bbox 3010 794 3098 851; x_wconf 81' lang='grc' dir='ltr'>ἵνα</span> <span class='ocrx_word' id='word_1_539' title='bbox 3142 797 3296 865; x_wconf 80' lang='grc' dir='ltr'>κοινῇ</span> <span class='ocrx_word' id='word_1_540' title='bbox 3343 795 3546 858; x_wconf 87' lang='grc' dir='ltr'>πάντες</span> 
     </span>
    </p>
   </div>
   <div class='ocr_carea' id='block_1_70' title="bbox 1959 876 3548 951">
    <p class='ocr_par' dir='ltr' id='par_1_70' title="bbox 1959 876 3548 951">
     <span class='ocr_line' id='line_1_70' title="bbox 1959 876 3548 951; baseline 0.003 -24"><span class='ocrx_word' id='word_1_541' title='bbox 1959 876 2420 947; x_wconf 86' lang='grc' dir='ltr'>στεφανωθῶμεν,</span> <span class='ocrx_word' id='word_1_542' title='bbox 2456 878 2542 931; x_wconf 79' lang='grc' dir='ltr'>ἵνα</span> <span class='ocrx_word' id='word_1_543' title='bbox 2572 879 2682 932; x_wconf 89' lang='grc' dir='ltr'>ἀπὸ</span> <span class='ocrx_word' id='word_1_544' title='bbox 2723 879 2989 951; x_wconf 87' lang='grc' dir='ltr'>πονηρίας</span> <span class='ocrx_word' id='word_1_545' title='bbox 3043 879 3241 933; x_wconf 81' lang='grc' dir='ltr'>πολλοὶ.</span> <span class='ocrx_word' id='word_1_546' title='bbox 3271 878 3548 950; x_wconf 81' lang='grc' dir='ltr'>μεταϐλη-</span> 
     </span>
    </p>
   </div>
   <div class='ocr_carea' id='block_1_71' title="bbox 1958 957 3546 1034">
    <p class='ocr_par' dir='ltr' id='par_1_71' title="bbox 1958 957 3546 1034">
     <span class='ocr_line' id='line_1_71' title="bbox 1958 957 3546 1034; baseline 0.003 -24"><span class='ocrx_word' id='word_1_547' title='bbox 1958 957 2125 1011; x_wconf 86' lang='grc' dir='ltr'>θῶσιν</span> <span class='ocrx_word' id='word_1_548' title='bbox 2153 960 2196 990; x_wconf 80' lang='lat'>”</span> <span class='ocrx_word' id='word_1_549' title='bbox 2213 962 2292 1024; x_wconf 86' lang='grc' dir='ltr'>είς</span> <span class='ocrx_word' id='word_1_550' title='bbox 2318 962 2542 1032; x_wconf 87' lang='grc' dir='ltr'>ἀρετήν.</span> <span class='ocrx_word' id='word_1_551' title='bbox 2569 962 2852 1034; x_wconf 77' lang='grc' dir='ltr'>Φρίξωμεν</span> <span class='ocrx_word' id='word_1_552' title='bbox 2872 963 3074 1027; x_wconf 75' lang='grc' dir='ltr'>τοίνυν,</span> <span class='ocrx_word' id='word_1_553' title='bbox 3099 963 3198 1032; x_wconf 88' lang='grc' dir='ltr'>τῆς</span> <span class='ocrx_word' id='word_1_554' title='bbox 3229 961 3546 1034; x_wconf 86' lang='grc' dir='ltr'>παραϐολῆς</span> 
     </span>
    </p>
   </div>
   <div class='ocr_carea' id='block_1_72' title="bbox 1955 1040 3548 1116">
    <p class='ocr_par' dir='ltr' id='par_1_72' title="bbox 1955 1040 3548 1116">
     <span class='ocr_line' id='line_1_72' title="bbox 1955 1040 3548 1116; baseline 0.003 -22"><span class='ocrx_word' id='word_1_555' title='bbox 1955 1040 2164 1113; x_wconf 80' lang='grc' dir='ltr'>ταύτης</span> <span class='ocrx_word' id='word_1_556' title='bbox 2187 1041 2502 1106; x_wconf 86' lang='grc' dir='ltr'>ἀκούοντες.</span> <span class='ocrx_word' id='word_1_557' title='bbox 2537 1045 2648 1098; x_wconf 80' lang='grc' dir='ltr'>Καὶ</span> <span class='ocrx_word' id='word_1_558' title='bbox 2670 1045 2780 1116; x_wconf 88' lang='grc' dir='ltr'>γὰρ</span> <span class='ocrx_word' id='word_1_559' title='bbox 2813 1045 3078 1100; x_wconf 83' lang='grc' dir='ltr'>ἀσϐεστόν</span> <span class='ocrx_word' id='word_1_560' title='bbox 3104 1047 3254 1099; x_wconf 89' lang='grc' dir='ltr'>ἐστιν</span> <span class='ocrx_word' id='word_1_561' title='bbox 3280 1047 3459 1099; x_wconf 86' lang='grc' dir='ltr'>ἐκεῖνο</span> <span class='ocrx_word' id='word_1_562' title='bbox 3484 1044 3548 1099; x_wconf 85' lang='grc' dir='ltr'>τὸ</span> 
     </span>
    </p>
   </div>
   <div class='ocr_carea' id='block_1_73' title="bbox 1957 1125 3548 1201">
    <p class='ocr_par' dir='ltr' id='par_1_73' title="bbox 1957 1125 3548 1201">
     <span class='ocr_line' id='line_1_73' title="bbox 1957 1125 3548 1201; baseline 0.003 -23"><span class='ocrx_word' id='word_1_563' title='bbox 1957 1125 2090 1196; x_wconf 87' lang='grc' dir='ltr'>πῦρ.</span> <span class='ocrx_word' id='word_1_564' title='bbox 2127 1127 2239 1180; x_wconf 78' lang='grc' dir='ltr'>Καὶ</span> <span class='ocrx_word' id='word_1_565' title='bbox 2268 1127 2409 1190; x_wconf 85' lang='grc' dir='ltr'>πῶς,</span> <span class='ocrx_word' id='word_1_566' title='bbox 2453 1128 2640 1199; x_wconf 78' lang='grc' dir='ltr'>φησὶν,</span> <span class='ocrx_word' id='word_1_567' title='bbox 2669 1129 2966 1195; x_wconf 85' lang='grc' dir='ltr'>ἄσϐεστον;</span> <span class='ocrx_word' id='word_1_568' title='bbox 3013 1129 3128 1201; x_wconf 88' lang='grc' dir='ltr'>Οὐχ</span> <span class='ocrx_word' id='word_1_569' title='bbox 3155 1130 3287 1201; x_wconf 81' lang='grc' dir='ltr'>ὁρᾷς</span> <span class='ocrx_word' id='word_1_570' title='bbox 3332 1128 3548 1182; x_wconf 75' lang='grc' dir='ltr'>τουτονὶ</span> 
     </span>
    </p>
   </div>
   <div class='ocr_carea' id='block_1_74' title="bbox 1957 1207 3550 1283">
    <p class='ocr_par' dir='ltr' id='par_1_74' title="bbox 1957 1207 3550 1283">
     <span class='ocr_line' id='line_1_74' title="bbox 1957 1207 3550 1283; baseline 0.004 -23"><span class='ocrx_word' id='word_1_571' title='bbox 1957 1207 2048 1262; x_wconf 88' lang='grc' dir='ltr'>τὸν</span> <span class='ocrx_word' id='word_1_572' title='bbox 2080 1208 2233 1280; x_wconf 83' lang='grc' dir='ltr'>ἦλιον</span> <span class='ocrx_word' id='word_1_573' title='bbox 2255 1210 2546 1281; x_wconf 86' lang='grc' dir='ltr'>καιόμενον</span> <span class='ocrx_word' id='word_1_574' title='bbox 2576 1211 2685 1277; x_wconf 74' lang='grc' dir='ltr'>ἀεὶ,</span> <span class='ocrx_word' id='word_1_575' title='bbox 2720 1212 2816 1266; x_wconf 63' lang='grc' dir='ltr'>καί¹</span> <span class='ocrx_word' id='word_1_576' title='bbox 2842 1212 3115 1283; x_wconf 81' lang='grc' dir='ltr'>μηδέποτε</span> <span class='ocrx_word' id='word_1_577' title='bbox 3149 1211 3508 1283; x_wconf 89' lang='grc' dir='ltr'>σϐεννύμενον</span> <span class='ocrx_word' id='word_1_578' title='bbox 3527 1228 3550 1278; x_wconf 84' lang='lat'>;.</span> 
     </span>
    </p>
   </div>
   <div class='ocr_carea' id='block_1_75' title="bbox 1957 1289 3545 1368">
    <p class='ocr_par' dir='ltr' id='par_1_75' title="bbox 1957 1289 3545 1368">
     <span class='ocr_line' id='line_1_75' title="bbox 1957 1289 3545 1368; baseline 0.003 -23"><span class='ocrx_word' id='word_1_579' title='bbox 1957 1293 2060 1345; x_wconf 87' lang='grc' dir='ltr'>οὑκ</span> <span class='ocrx_word' id='word_1_580' title='bbox 2087 1289 2228 1357; x_wconf 82' lang='grc' dir='ltr'>εἶδες</span> <span class='ocrx_word' id='word_1_581' title='bbox 2260 1294 2359 1363; x_wconf 80' lang='grc' dir='ltr'>τὴν</span> <span class='ocrx_word' id='word_1_582' title='bbox 2395 1293 2558 1366; x_wconf 84' lang='grc' dir='ltr'>βάτον</span> <span class='ocrx_word' id='word_1_583' title='bbox 2596 1294 2750 1368; x_wconf 83' lang='grc'>[158]</span> <span class='ocrx_word' id='word_1_584' title='bbox 2783 1297 3104 1368; x_wconf 87' lang='grc' dir='ltr'>καιομένην,</span> <span class='ocrx_word' id='word_1_585' title='bbox 3135 1295 3232 1352; x_wconf 78' lang='grc' dir='ltr'>καὶ</span> <span class='ocrx_word' id='word_1_586' title='bbox 3267 1297 3343 1368; x_wconf 82' lang='grc' dir='ltr'>μὴ</span> <span class='ocrx_word' id='word_1_587' title='bbox 3371 1313 3545 1350; x_wconf 86' lang='grc' dir='ltr'>κατα-</span> 
     </span>
    </p>
   </div>
   <div class='ocr_carea' id='block_1_76' title="bbox 1958 1375 3554 1451">
    <p class='ocr_par' dir='ltr' id='par_1_76' title="bbox 1958 1375 3554 1451">
     <span class='ocr_line' id='line_1_76' title="bbox 1958 1375 3554 1451; baseline 0.004 -22"><span class='ocrx_word' id='word_1_588' title='bbox 1958 1375 2294 1448; x_wconf 88' lang='grc' dir='ltr'>καιομένην;</span> <span class='ocrx_word' id='word_1_589' title='bbox 2320 1378 2382 1431; x_wconf 85' lang='grc' dir='ltr'>Εί</span> <span class='ocrx_word' id='word_1_590' title='bbox 2412 1378 2594 1432; x_wconf 88' lang='grc' dir='ltr'>τοίνυν</span> <span class='ocrx_word' id='word_1_591' title='bbox 2625 1380 2722 1432; x_wconf 85' lang='grc' dir='ltr'>καὶ</span> <span class='ocrx_word' id='word_1_592' title='bbox 2747 1379 2912 1443; x_wconf 88' lang='grc' dir='ltr'>αὑτὸς</span> <span class='ocrx_word' id='word_1_593' title='bbox 2937 1379 3113 1450; x_wconf 86' lang='grc' dir='ltr'>βούλει</span> <span class='ocrx_word' id='word_1_594' title='bbox 3139 1379 3432 1450; x_wconf 73' lang='grc' dir='ltr'>διαφυγεῖν</span> <span class='ocrx_word' id='word_1_595' title='bbox 3445 1379 3554 1451; x_wconf 76' lang='grc' dir='ltr'>τὴν·</span> 
     </span>
    </p>
   </div>
   <div class='ocr_carea' id='block_1_77' title="bbox 1959 1459 3546 1535">
    <p class='ocr_par' dir='ltr' id='par_1_77' title="bbox 1959 1459 3546 1535">
     <span class='ocr_line' id='line_1_77' title="bbox 1959 1459 3546 1535; baseline 0.004 -25"><span class='ocrx_word' id='word_1_596' title='bbox 1959 1459 2156 1527; x_wconf 85' lang='grc' dir='ltr'>φλόγα,</span> <span class='ocrx_word' id='word_1_597' title='bbox 2188 1460 2288 1531; x_wconf 80' lang='grc' dir='ltr'>τὴν</span> <span class='ocrx_word' id='word_1_598' title='bbox 2324 1461 2699 1532; x_wconf 88' lang='grc' dir='ltr'>ἐλεημοσύνην</span> <span class='ocrx_word' id='word_1_599' title='bbox 2729 1464 2778 1494; x_wconf 77' lang='grc'>⁴⁰</span> <span class='ocrx_word' id='word_1_600' title='bbox 2804 1465 3119 1535; x_wconf 86' lang='grc' dir='ltr'>προαπόθου</span> <span class='ocrx_word' id='word_1_601' title='bbox 3150 1465 3216 1530; x_wconf 52' lang='grc' dir='ltr'>ξί,</span> <span class='ocrx_word' id='word_1_602' title='bbox 3255 1465 3349 1519; x_wconf 82' lang='grc' dir='ltr'>καὶ</span> <span class='ocrx_word' id='word_1_603' title='bbox 3370 1463 3546 1529; x_wconf 75' lang='grc' dir='ltr'>οὕτως</span> 
     </span>
    </p>
   </div>
   <div class='ocr_carea' id='block_1_78' title="bbox 1956 1541 3545 1619">
    <p class='ocr_par' dir='ltr' id='par_1_78' title="bbox 1956 1541 3545 1619">
     <span class='ocr_line' id='line_1_78' title="bbox 1956 1541 3545 1619; baseline 0.005 -27"><span class='ocrx_word' id='word_1_604' title='bbox 1956 1541 2077 1594; x_wconf 83' lang='grc' dir='ltr'>οὑδέ</span> <span class='ocrx_word' id='word_1_605' title='bbox 2107 1545 2304 1614; x_wconf 90' lang='grc' dir='ltr'>πεῖραν</span> <span class='ocrx_word' id='word_1_606' title='bbox 2343 1544 2489 1617; x_wconf 73' lang='grc' dir='ltr'>λήψῃ</span> <span class='ocrx_word' id='word_1_607' title='bbox 2529 1545 2625 1599; x_wconf 91' lang='grc' dir='ltr'>τοῦ</span> <span class='ocrx_word' id='word_1_608' title='bbox 2665 1546 2838 1617; x_wconf 87' lang='grc' dir='ltr'>πυρὸς</span> <span class='ocrx_word' id='word_1_609' title='bbox 2880 1547 3110 1601; x_wconf 85' lang='grc' dir='ltr'>ἐκείνου.</span> <span class='ocrx_word' id='word_1_610' title='bbox 3151 1548 3251 1602; x_wconf 77' lang='grc' dir='ltr'>Ἂν</span> <span class='ocrx_word' id='word_1_611' title='bbox 3287 1547 3386 1619; x_wconf 83' lang='grc' dir='ltr'>μὲν</span> <span class='ocrx_word' id='word_1_612' title='bbox 3433 1546 3545 1618; x_wconf 86' lang='grc' dir='ltr'>γὰρ</span> 
     </span>
    </p>
   </div>
   <div class='ocr_carea' id='block_1_79' title="bbox 1958 1624 3544 1702">
    <p class='ocr_par' dir='ltr' id='par_1_79' title="bbox 1958 1624 3544 1702">
     <span class='ocr_line' id='line_1_79' title="bbox 1958 1624 3544 1702; baseline 0.006 -25"><span class='ocrx_word' id='word_1_613' title='bbox 1958 1624 2193 1679; x_wconf 85' lang='grc' dir='ltr'>ἐνταῦθα</span> <span class='ocrx_word' id='word_1_614' title='bbox 2220 1627 2520 1699; x_wconf 80' lang='grc' dir='ltr'>πιστεύσῃς</span> <span class='ocrx_word' id='word_1_615' title='bbox 2540 1631 2651 1691; x_wconf 90' lang='grc' dir='ltr'>τοῖς</span> <span class='ocrx_word' id='word_1_616' title='bbox 2683 1629 3020 1700; x_wconf 84' lang='grc' dir='ltr'>λεγομένοις,</span> <span class='ocrx_word' id='word_1_617' title='bbox 3046 1630 3168 1684; x_wconf 88' lang='grc' dir='ltr'>οὑδέ</span> <span class='ocrx_word' id='word_1_618' title='bbox 3187 1631 3309 1702; x_wconf 79' lang='grc' dir='ltr'>ϐψει</span> <span class='ocrx_word' id='word_1_619' title='bbox 3325 1630 3424 1702; x_wconf 80' lang='grc' dir='ltr'>τὴν</span> <span class='ocrx_word' id='word_1_620' title='bbox 3445 1631 3544 1686; x_wconf 85' lang='grc' dir='ltr'>κά-</span> 
     </span>
    </p>
   </div>
   <div class='ocr_carea' id='block_1_80' title="bbox 1962 1709 3544 1785">
    <p class='ocr_par' dir='ltr' id='par_1_80' title="bbox 1962 1709 3544 1785">
     <span class='ocr_line' id='line_1_80' title="bbox 1962 1709 3544 1785; baseline 0.004 -25"><span class='ocrx_word' id='word_1_621' title='bbox 1962 1725 2115 1779; x_wconf 90' lang='grc' dir='ltr'>μινον</span> <span class='ocrx_word' id='word_1_622' title='bbox 2160 1709 2388 1780; x_wconf 89' lang='grc' dir='ltr'>ταύτην,</span> <span class='ocrx_word' id='word_1_623' title='bbox 2437 1711 2692 1765; x_wconf 85' lang='grc' dir='ltr'>ἀπελθὼν</span> <span class='ocrx_word' id='word_1_624' title='bbox 2744 1715 2957 1767; x_wconf 82' lang='grc' dir='ltr'>ἐκεῖσε·</span> <span class='ocrx_word' id='word_1_625' title='bbox 3009 1714 3105 1769; x_wconf 83' lang='grc' dir='ltr'>ἐὰν</span> <span class='ocrx_word' id='word_1_626' title='bbox 3135 1714 3193 1768; x_wconf 83' lang='grc' dir='ltr'>δὲ</span> <span class='ocrx_word' id='word_1_627' title='bbox 3231 1715 3544 1785; x_wconf 86' lang='grc' dir='ltr'>ἀπιστήσῃς</span> 
     </span>
    </p>
   </div>
   <div class='ocr_carea' id='block_1_81' title="bbox 1958 1791 3542 1870">
    <p class='ocr_par' dir='ltr' id='par_1_81' title="bbox 1958 1791 3542 1870">
     <span class='ocr_line' id='line_1_81' title="bbox 1958 1791 3542 1870; baseline 0.005 -28"><span class='ocrx_word' id='word_1_628' title='bbox 1958 1793 2096 1862; x_wconf 79' lang='grc' dir='ltr'>αὑτῇ</span> <span class='ocrx_word' id='word_1_629' title='bbox 2119 1791 2235 1856; x_wconf 90' lang='grc' dir='ltr'>νῦν,</span> <span class='ocrx_word' id='word_1_630' title='bbox 2267 1795 2383 1846; x_wconf 88' lang='grc' dir='ltr'>ἐκεῖ</span> <span class='ocrx_word' id='word_1_631' title='bbox 2400 1795 2488 1848; x_wconf 76' lang='grc' dir='ltr'>διά</span> <span class='ocrx_word' id='word_1_632' title='bbox 2503 1795 2602 1865; x_wconf 86' lang='grc' dir='ltr'>τῆς</span> <span class='ocrx_word' id='word_1_633' title='bbox 2632 1795 2830 1866; x_wconf 88' lang='grc' dir='ltr'>πείρας</span> <span class='ocrx_word' id='word_1_634' title='bbox 2865 1797 2988 1870; x_wconf 82' lang='grc' dir='ltr'>είσῃ</span> <span class='ocrx_word' id='word_1_635' title='bbox 3015 1798 3216 1862; x_wconf 85' lang='grc' dir='ltr'>καλῶς,</span> <span class='ocrx_word' id='word_1_636' title='bbox 3240 1799 3328 1852; x_wconf 82' lang='grc' dir='ltr'>ὅτε</span> <span class='ocrx_word' id='word_1_637' title='bbox 3353 1797 3473 1851; x_wconf 87' lang='grc' dir='ltr'>οὑδέ</span> <span class='ocrx_word' id='word_1_638' title='bbox 3496 1798 3542 1829; x_wconf 65' lang='grc' dir='ltr'>δ’</span> 
     </span>
    </p>
   </div>
   <div class='ocr_carea' id='block_1_82' title="bbox 1955 1874 3542 1952">
    <p class='ocr_par' dir='ltr' id='par_1_82' title="bbox 1955 1874 3542 1952">
     <span class='ocr_line' id='line_1_82' title="bbox 1955 1874 3542 1952; baseline 0.004 -25"><span class='ocrx_word' id='word_1_639' title='bbox 1955 1874 2238 1944; x_wconf 78' lang='grc' dir='ltr'>διαφυγεῖν</span> <span class='ocrx_word' id='word_1_640' title='bbox 2268 1877 2515 1932; x_wconf 87' lang='grc' dir='ltr'>δυνατόν.</span> <span class='ocrx_word' id='word_1_641' title='bbox 2547 1878 2658 1931; x_wconf 73' lang='grc' dir='ltr'>Καὶ</span> <span class='ocrx_word' id='word_1_642' title='bbox 2704 1879 2813 1949; x_wconf 89' lang='grc' dir='ltr'>γὰρ</span> <span class='ocrx_word' id='word_1_643' title='bbox 2844 1880 3220 1952; x_wconf 88' lang='grc' dir='ltr'>ἀπαραίτητος</span> <span class='ocrx_word' id='word_1_644' title='bbox 3252 1883 3285 1952; x_wconf 87' lang='grc' dir='ltr'>ή</span> <span class='ocrx_word' id='word_1_645' title='bbox 3319 1881 3542 1944; x_wconf 91' lang='grc' dir='ltr'>κόλασις</span> 
     </span>
    </p>
   </div>
   <div class='ocr_carea' id='block_1_83' title="bbox 1957 1960 3546 2038">
    <p class='ocr_par' dir='ltr' id='par_1_83' title="bbox 1957 1960 3546 2038">
     <span class='ocr_line' id='line_1_83' title="bbox 1957 1960 3546 2038; baseline 0.006 -29"><span class='ocrx_word' id='word_1_646' title='bbox 1957 1960 2070 2022; x_wconf 89' lang='grc' dir='ltr'>τοῖς</span> <span class='ocrx_word' id='word_1_647' title='bbox 2107 1961 2210 2013; x_wconf 82' lang='grc' dir='ltr'>οὑκ</span> <span class='ocrx_word' id='word_1_648' title='bbox 2247 1961 2408 2032; x_wconf 88' lang='grc' dir='ltr'>ὀρθὸν</span> <span class='ocrx_word' id='word_1_649' title='bbox 2437 1961 2896 2032; x_wconf 85' lang='grc' dir='ltr'>ἐπιδεδειγμένοις</span> <span class='ocrx_word' id='word_1_650' title='bbox 2923 1963 3059 2033; x_wconf 88' lang='grc' dir='ltr'>βίον.</span> <span class='ocrx_word' id='word_1_651' title='bbox 3091 1965 3226 2018; x_wconf 84' lang='grc' dir='ltr'>υὺδέ</span> <span class='ocrx_word' id='word_1_652' title='bbox 3247 1965 3358 2038; x_wconf 82' lang='grc' dir='ltr'>γὰρ</span> <span class='ocrx_word' id='word_1_653' title='bbox 3382 1967 3546 2036; x_wconf 86' lang='grc' dir='ltr'>ἀρκεῖ</span> 
     </span>
    </p>
   </div>
   <div class='ocr_carea' id='block_1_84' title="bbox 1954 2041 3543 2120">
    <p class='ocr_par' dir='ltr' id='par_1_84' title="bbox 1954 2041 3543 2120">
     <span class='ocr_line' id='line_1_84' title="bbox 1954 2041 3543 2120; baseline 0.006 -27"><span class='ocrx_word' id='word_1_654' title='bbox 1954 2041 2017 2094; x_wconf 90' lang='grc' dir='ltr'>τὸ</span> <span class='ocrx_word' id='word_1_655' title='bbox 2050 2041 2339 2096; x_wconf 83' lang='grc' dir='ltr'>πιστεῦσαι</span> <span class='ocrx_word' id='word_1_656' title='bbox 2369 2046 2550 2115; x_wconf 81' lang='grc' dir='ltr'>μόνον’</span> <span class='ocrx_word' id='word_1_657' title='bbox 2585 2045 2710 2098; x_wconf 79' lang='grc' dir='ltr'>ἐπεὶ</span> <span class='ocrx_word' id='word_1_658' title='bbox 2738 2047 2833 2098; x_wconf 80' lang='grc' dir='ltr'>καὶ</span> <span class='ocrx_word' id='word_1_659' title='bbox 2866 2046 3118 2118; x_wconf 88' lang='grc' dir='ltr'>δαίμονες</span> <span class='ocrx_word' id='word_1_660' title='bbox 3148 2049 3432 2120; x_wconf 85' lang='grc' dir='ltr'>φρίττουσι</span> <span class='ocrx_word' id='word_1_661' title='bbox 3446 2048 3543 2102; x_wconf 89' lang='grc' dir='ltr'>τὸν</span> 
     </span>
    </p>
   </div>
   <div class='ocr_carea' id='block_1_85' title="bbox 1955 2124 3542 2204">
    <p class='ocr_par' dir='ltr' id='par_1_85' title="bbox 1955 2124 3542 2204">
     <span class='ocr_line' id='line_1_85' title="bbox 1955 2124 3542 2204; baseline 0.006 -26"><span class='ocrx_word' id='word_1_662' title='bbox 1955 2124 2112 2189; x_wconf 85' lang='grc' dir='ltr'>Θεὸν,</span> <span class='ocrx_word' id='word_1_663' title='bbox 2169 2127 2308 2181; x_wconf 88' lang='grc' dir='ltr'>ἀλλά</span> <span class='ocrx_word' id='word_1_664' title='bbox 2341 2129 2434 2182; x_wconf 73' lang='grc' dir='ltr'>καὶ</span> <span class='ocrx_word' id='word_1_665' title='bbox 2463 2127 2608 2182; x_wconf 73' lang='grc' dir='ltr'>οὕτω</span> <span class='ocrx_word' id='word_1_666' title='bbox 2651 2131 3151 2202; x_wconf 81' lang='grc' dir='ltr'>τιμωρηθήσονται.</span> <span class='ocrx_word' id='word_1_667' title='bbox 3201 2133 3293 2186; x_wconf 87' lang='grc' dir='ltr'>Διὸ</span> <span class='ocrx_word' id='word_1_668' title='bbox 3339 2133 3542 2204; x_wconf 89' lang='grc' dir='ltr'>πολλῆς</span> 
     </span>
    </p>
   </div>
   <div class='ocr_carea' id='block_1_86' title="bbox 1956 2210 3543 2288">
    <p class='ocr_par' dir='ltr' id='par_1_86' title="bbox 1956 2210 3543 2288">
     <span class='ocr_line' id='line_1_86' title="bbox 1956 2210 3543 2288; baseline 0.006 -27"><span class='ocrx_word' id='word_1_669' title='bbox 1956 2210 2088 2280; x_wconf 82' lang='grc' dir='ltr'>ἡμῖν</span> <span class='ocrx_word' id='word_1_670' title='bbox 2115 2211 2214 2281; x_wconf 89' lang='grc' dir='ltr'>τῆς</span> <span class='ocrx_word' id='word_1_671' title='bbox 2241 2212 2384 2266; x_wconf 89' lang='grc' dir='ltr'>κατά</span> <span class='ocrx_word' id='word_1_672' title='bbox 2407 2212 2497 2265; x_wconf 88' lang='grc' dir='ltr'>τὸν</span> <span class='ocrx_word' id='word_1_673' title='bbox 2521 2211 2634 2283; x_wconf 86' lang='grc' dir='ltr'>βίον</span> <span class='ocrx_word' id='word_1_674' title='bbox 2664 2213 2981 2284; x_wconf 80' lang='grc' dir='ltr'>ἐπιμελείας</span> <span class='ocrx_word' id='word_1_675' title='bbox 3005 2215 3104 2270; x_wconf 86' lang='grc' dir='ltr'>δεῖ.</span> <span class='ocrx_word' id='word_1_676' title='bbox 3126 2215 3225 2270; x_wconf 84' lang='grc' dir='ltr'>Διά</span> <span class='ocrx_word' id='word_1_677' title='bbox 3243 2216 3351 2288; x_wconf 82' lang='grc' dir='ltr'>γὰρ</span> <span class='ocrx_word' id='word_1_678' title='bbox 3379 2217 3543 2272; x_wconf 88' lang='grc' dir='ltr'>τοῦτο</span> 
     </span>
    </p>
   </div>
   <div class='ocr_carea' id='block_1_87' title="bbox 1955 2293 3542 2370">
    <p class='ocr_par' dir='ltr' id='par_1_87' title="bbox 1955 2293 3542 2370">
     <span class='ocr_line' id='line_1_87' title="bbox 1955 2293 3542 2370; baseline 0.007 -26"><span class='ocrx_word' id='word_1_679' title='bbox 1955 2293 2050 2344; x_wconf 75' lang='grc' dir='ltr'>καὶ</span> <span class='ocrx_word' id='word_1_680' title='bbox 2082 2295 2317 2349; x_wconf 89' lang='grc' dir='ltr'>ἐνταῦθα</span> <span class='ocrx_word' id='word_1_681' title='bbox 2347 2297 2490 2366; x_wconf 80' lang='grc' dir='ltr'>ὑμᾶς</span> <span class='ocrx_word' id='word_1_682' title='bbox 2521 2298 2761 2367; x_wconf 83' lang='grc' dir='ltr'>συνεχῶς</span> <span class='ocrx_word' id='word_1_683' title='bbox 2781 2299 3106 2368; x_wconf 86' lang='grc' dir='ltr'>συνάγομεν,</span> <span class='ocrx_word' id='word_1_684' title='bbox 3124 2300 3222 2370; x_wconf 89' lang='grc' dir='ltr'>οὑχ</span> <span class='ocrx_word' id='word_1_685' title='bbox 3244 2300 3331 2354; x_wconf 83' lang='grc' dir='ltr'>ἵνα</span> <span class='ocrx_word' id='word_1_686' title='bbox 3360 2300 3542 2355; x_wconf 88' lang='grc' dir='ltr'>είσέλ-</span> 
     </span>
    </p>
   </div>
   <div class='ocr_carea' id='block_1_88' title="bbox 1955 2373 3538 2454">
    <p class='ocr_par' dir='ltr' id='par_1_88' title="bbox 1955 2373 3538 2454">
     <span class='ocr_line' id='line_1_88' title="bbox 1955 2373 3538 2454; baseline 0.008 -28"><span class='ocrx_word' id='word_1_687' title='bbox 1955 2373 2085 2446; x_wconf 87' lang='grc' dir='ltr'>θητε</span> <span class='ocrx_word' id='word_1_688' title='bbox 2117 2377 2296 2447; x_wconf 85' lang='grc' dir='ltr'>μόνον,</span> <span class='ocrx_word' id='word_1_689' title='bbox 2329 2379 2443 2432; x_wconf 76' lang='grc' dir='ltr'>ἀλλ’</span> <span class='ocrx_word' id='word_1_690' title='bbox 2475 2380 2563 2432; x_wconf 81' lang='grc' dir='ltr'>ἵνα</span> <span class='ocrx_word' id='word_1_691' title='bbox 2591 2397 2643 2433; x_wconf 90' lang='grc' dir='ltr'>τι</span> <span class='ocrx_word' id='word_1_692' title='bbox 2689 2382 2786 2434; x_wconf 77' lang='grc' dir='ltr'>καὶ</span> <span class='ocrx_word' id='word_1_693' title='bbox 2831 2381 3200 2454; x_wconf 86' lang='grc' dir='ltr'>καρπώσησθε</span> <span class='ocrx_word' id='word_1_694' title='bbox 3226 2384 3325 2454; x_wconf 90' lang='grc' dir='ltr'>τῆς</span> <span class='ocrx_word' id='word_1_695' title='bbox 3367 2384 3414 2416; x_wconf 74' lang='grc'>⁸³</span> <span class='ocrx_word' id='word_1_696' title='bbox 3448 2387 3538 2438; x_wconf 82' lang='grc' dir='ltr'>ἐν·</span> 
     </span>
    </p>
   </div>
   <div class='ocr_carea' id='block_1_89' title="bbox 1953 2459 3541 2538">
    <p class='ocr_par' dir='ltr' id='par_1_89' title="bbox 1953 2459 3541 2538">
     <span class='ocr_line' id='line_1_89' title="bbox 1953 2459 3541 2538; baseline 0.006 -27"><span class='ocrx_word' id='word_1_697' title='bbox 1953 2459 2128 2513; x_wconf 90' lang='grc' dir='ltr'>ταῦθα</span> <span class='ocrx_word' id='word_1_698' title='bbox 2157 2461 2439 2533; x_wconf 87' lang='grc' dir='ltr'>διατριϐῆς</span> <span class='ocrx_word' id='word_1_699' title='bbox 2463 2479 2476 2492; x_wconf 73' lang='grc' dir='ltr'><strong>ο</strong></span> <span class='ocrx_word' id='word_1_700' title='bbox 2511 2462 2578 2516; x_wconf 84' lang='grc' dir='ltr'>ἂν</span> <span class='ocrx_word' id='word_1_701' title='bbox 2607 2463 2664 2516; x_wconf 83' lang='grc' dir='ltr'>δὲ</span> <span class='ocrx_word' id='word_1_702' title='bbox 2691 2465 3070 2535; x_wconf 87' lang='grc' dir='ltr'>παραγίνησθε</span> <span class='ocrx_word' id='word_1_703' title='bbox 3097 2466 3194 2536; x_wconf 85' lang='grc' dir='ltr'>μὲν</span> <span class='ocrx_word' id='word_1_704' title='bbox 3223 2467 3330 2529; x_wconf 77' lang='grc' dir='ltr'>ἀεὶ,</span> <span class='ocrx_word' id='word_1_705' title='bbox 3369 2465 3541 2538; x_wconf 82' lang='grc' dir='ltr'>μηδὲν</span> 
     </span>
    </p>
   </div>
   <div class='ocr_carea' id='block_1_90' title="bbox 1953 2542 3542 2619">
    <p class='ocr_par' dir='ltr' id='par_1_90' title="bbox 1953 2542 3542 2619">
     <span class='ocr_line' id='line_1_90' title="bbox 1953 2542 3542 2619; baseline 0.005 -24"><span class='ocrx_word' id='word_1_706' title='bbox 1953 2542 2011 2595; x_wconf 92' lang='grc' dir='ltr'>δέ</span> <span class='ocrx_word' id='word_1_707' title='bbox 2050 2543 2305 2598; x_wconf 89' lang='grc' dir='ltr'>ἐντεῦθεν</span> <span class='ocrx_word' id='word_1_708' title='bbox 2359 2545 2735 2618; x_wconf 88' lang='grc' dir='ltr'>καρπούμενοι</span> <span class='ocrx_word' id='word_1_709' title='bbox 2780 2548 3100 2618; x_wconf 85' lang='grc' dir='ltr'>ἀναχωρῆτε</span> <span class='ocrx_word' id='word_1_710' title='bbox 3133 2549 3200 2612; x_wconf 69' lang='grc'>⁸⁸,</span> <span class='ocrx_word' id='word_1_711' title='bbox 3247 2549 3400 2602; x_wconf 76' lang='grc' dir='ltr'>οὐδὲν</span> <span class='ocrx_word' id='word_1_712' title='bbox 3439 2549 3542 2619; x_wconf 87' lang='grc' dir='ltr'>τῆς</span> 
     </span>
    </p>
   </div>
   <div class='ocr_carea' id='block_1_91' title="bbox 1953 2625 3541 2701">
    <p class='ocr_par' dir='ltr' id='par_1_91' title="bbox 1953 2625 3541 2701">
     <span class='ocr_line' id='line_1_91' title="bbox 1953 2625 3541 2701; baseline 0.005 -23"><span class='ocrx_word' id='word_1_713' title='bbox 1953 2625 2191 2679; x_wconf 89' lang='grc' dir='ltr'>ἐνταῦθα</span> <span class='ocrx_word' id='word_1_714' title='bbox 2226 2629 2434 2681; x_wconf 89' lang='grc' dir='ltr'>εἰσόδου</span> <span class='ocrx_word' id='word_1_715' title='bbox 2472 2630 2568 2682; x_wconf 72' lang='grc' dir='ltr'>καὶ</span> <span class='ocrx_word' id='word_1_716' title='bbox 2595 2632 2955 2701; x_wconf 77' lang='grc' dir='ltr'>π-ροσεδρείας</span> <span class='ocrx_word' id='word_1_717' title='bbox 2989 2630 3144 2684; x_wconf 84' lang='grc' dir='ltr'>ἔσται</span> <span class='ocrx_word' id='word_1_718' title='bbox 3181 2649 3238 2685; x_wconf 87' lang='grc' dir='ltr'>τι</span> <span class='ocrx_word' id='word_1_719' title='bbox 3271 2631 3452 2688; x_wconf 88' lang='grc' dir='ltr'>πλέον.</span> <span class='ocrx_word' id='word_1_720' title='bbox 3477 2633 3541 2686; x_wconf 88' lang='grc' dir='ltr'>Εί</span> 
     </span>
    </p>
   </div>
   <div class='ocr_carea' id='block_1_92' title="bbox 1953 2709 3542 2787">
    <p class='ocr_par' dir='ltr' id='par_1_92' title="bbox 1953 2709 3542 2787">
     <span class='ocr_line' id='line_1_92' title="bbox 1953 2709 3542 2787; baseline 0.004 -26"><span class='ocrx_word' id='word_1_721' title='bbox 1953 2709 2062 2780; x_wconf 84' lang='grc' dir='ltr'>γὰρ</span> <span class='ocrx_word' id='word_1_722' title='bbox 2090 2710 2277 2764; x_wconf 90' lang='grc' dir='ltr'>παιδία</span> <span class='ocrx_word' id='word_1_723' title='bbox 2314 2712 2450 2782; x_wconf 81' lang='grc' dir='ltr'>πρὸς</span> <span class='ocrx_word' id='word_1_724' title='bbox 2480 2712 2836 2776; x_wconf 90' lang='grc' dir='ltr'>διδασκάλους</span> <span class='ocrx_word' id='word_1_725' title='bbox 2871 2713 3205 2784; x_wconf 86' lang='grc' dir='ltr'>πέμποντες,</span> <span class='ocrx_word' id='word_1_726' title='bbox 3237 2716 3303 2770; x_wconf 84' lang='grc' dir='ltr'>ἂν</span> <span class='ocrx_word' id='word_1_727' title='bbox 3343 2716 3542 2787; x_wconf 81' lang='grc' dir='ltr'>ῐδωμεν</span> 
     </span>
    </p>
   </div>
   <div class='ocr_carea' id='block_1_93' title="bbox 1953 2793 3542 2870">
    <p class='ocr_par' dir='ltr' id='par_1_93' title="bbox 1953 2793 3542 2870">
     <span class='ocr_line' id='line_1_93' title="bbox 1953 2793 3542 2870; baseline 0.006 -26"><span class='ocrx_word' id='word_1_728' title='bbox 1953 2793 2162 2845; x_wconf 88' lang='grc' dir='ltr'>ἐκεῖθεν</span> <span class='ocrx_word' id='word_1_729' title='bbox 2211 2794 2377 2866; x_wconf 81' lang='grc' dir='ltr'>μηδὲν</span> <span class='ocrx_word' id='word_1_730' title='bbox 2411 2797 2791 2866; x_wconf 85' lang='grc' dir='ltr'>καρπούμενα,</span> <span class='ocrx_word' id='word_1_731' title='bbox 2833 2797 3054 2868; x_wconf 77' lang='grc' dir='ltr'>σφοδροὶ</span> <span class='ocrx_word' id='word_1_732' title='bbox 3086 2800 3380 2870; x_wconf 78' lang='grc' dir='ltr'>κατήγοροι</span> <span class='ocrx_word' id='word_1_733' title='bbox 3429 2797 3542 2853; x_wconf 84' lang='grc' dir='ltr'>τῶν</span> 
     </span>
    </p>
   </div>
   <div class='ocr_carea' id='block_1_94' title="bbox 1951 2875 3544 2956">
    <p class='ocr_par' dir='ltr' id='par_1_94' title="bbox 1951 2875 3544 2956">
     <span class='ocr_line' id='line_1_94' title="bbox 1951 2875 3544 2956; baseline 0.007 -28"><span class='ocrx_word' id='word_1_734' title='bbox 1951 2875 2290 2931; x_wconf 85' lang='grc' dir='ltr'>διδασκάλων</span> <span class='ocrx_word' id='word_1_735' title='bbox 2329 2879 2616 2950; x_wconf 89' lang='grc' dir='ltr'>γινόμεθα,</span> <span class='ocrx_word' id='word_1_736' title='bbox 2663 2881 2759 2934; x_wconf 73' lang='grc' dir='ltr'>καὶ</span> <span class='ocrx_word' id='word_1_737' title='bbox 2804 2882 2940 2952; x_wconf 85' lang='grc' dir='ltr'>πρὸς</span> <span class='ocrx_word' id='word_1_738' title='bbox 2978 2883 3201 2954; x_wconf 86' lang='grc' dir='ltr'>ἐτέρους</span> <span class='ocrx_word' id='word_1_739' title='bbox 3242 2883 3382 2938; x_wconf 85' lang='grc' dir='ltr'>αὑτά</span> <span class='ocrx_word' id='word_1_740' title='bbox 3413 2886 3544 2956; x_wconf 89' lang='grc' dir='ltr'>μεθ-</span> 
     </span>
    </p>
   </div>
   <div class='ocr_carea' id='block_1_95' title="bbox 1956 2959 3544 3040">
    <p class='ocr_par' dir='ltr' id='par_1_95' title="bbox 1956 2959 3544 3040">
     <span class='ocr_line' id='line_1_95' title="bbox 1956 2959 3544 3040; baseline 0.008 -30"><span class='ocrx_word' id='word_1_741' title='bbox 1956 2959 2184 3031; x_wconf 88' lang='grc' dir='ltr'>ίσταμεν</span> <span class='ocrx_word' id='word_1_742' title='bbox 2209 2961 2256 2993; x_wconf 61' lang='grc'>⁸⁵</span> <span class='ocrx_word' id='word_1_743' title='bbox 2304 2961 2602 3026; x_wconf 88' lang='grc' dir='ltr'>πολλάκις·</span> <span class='ocrx_word' id='word_1_744' title='bbox 2636 2963 2762 3018; x_wconf 90' lang='grc' dir='ltr'>τίνα</span> <span class='ocrx_word' id='word_1_745' title='bbox 2806 2965 3000 3036; x_wconf 78' lang='grc' dir='ltr'>’έξομεν</span> <span class='ocrx_word' id='word_1_746' title='bbox 3033 2966 3350 3034; x_wconf 84' lang='grc' dir='ltr'>ἀπολογίαν,</span> <span class='ocrx_word' id='word_1_747' title='bbox 3407 2969 3544 3040; x_wconf 85' lang='grc' dir='ltr'>μηδέ</span> 
     </span>
    </p>
   </div>
   <div class='ocr_carea' id='block_1_96' title="bbox 1951 3044 3545 3124">
    <p class='ocr_par' dir='ltr' id='par_1_96' title="bbox 1951 3044 3545 3124">
     <span class='ocr_line' id='line_1_96' title="bbox 1951 3044 3545 3124; baseline 0.005 -27"><span class='ocrx_word' id='word_1_748' title='bbox 1951 3044 2084 3116; x_wconf 81' lang='grc' dir='ltr'>ὅσην</span> <span class='ocrx_word' id='word_1_749' title='bbox 2113 3046 2298 3110; x_wconf 85' lang='grc' dir='ltr'>ἐντοῖς</span> <span class='ocrx_word' id='word_1_750' title='bbox 2316 3049 2523 3118; x_wconf 80' lang='grc' dir='ltr'>γηῖνοις</span> <span class='ocrx_word' id='word_1_751' title='bbox 2551 3047 2782 3113; x_wconf 89' lang='grc' dir='ltr'>τούτοις,</span> <span class='ocrx_word' id='word_1_752' title='bbox 2811 3049 3081 3120; x_wconf 88' lang='grc' dir='ltr'>τοσαύτην</span> <span class='ocrx_word' id='word_1_753' title='bbox 3106 3052 3172 3122; x_wconf 84' lang='grc' dir='ltr'>τῇ</span> <span class='ocrx_word' id='word_1_754' title='bbox 3204 3051 3372 3122; x_wconf 81' lang='grc' dir='ltr'>ἀρετῇ</span> <span class='ocrx_word' id='word_1_755' title='bbox 3397 3068 3545 3124; x_wconf 82' lang='grc' dir='ltr'>παρ-</span> 
     </span>
    </p>
   </div>
   <div class='ocr_carea' id='block_1_97' title="bbox 1952 3127 3542 3202">
    <p class='ocr_par' dir='ltr' id='par_1_97' title="bbox 1952 3127 3542 3202">
     <span class='ocr_line' id='line_1_97' title="bbox 1952 3127 3542 3202; baseline 0.004 -21"><span class='ocrx_word' id='word_1_756' title='bbox 1952 3127 2170 3198; x_wconf 87' lang='grc' dir='ltr'>έχοντες</span> <span class='ocrx_word' id='word_1_757' title='bbox 2217 3130 2316 3201; x_wconf 82' lang='grc' dir='ltr'>τὴν</span> <span class='ocrx_word' id='word_1_758' title='bbox 2363 3131 2622 3202; x_wconf 80' lang='grc' dir='ltr'>σπουδὴν,</span> <span class='ocrx_word' id='word_1_759' title='bbox 2668 3132 2805 3185; x_wconf 88' lang='grc' dir='ltr'>ἀλλά</span> <span class='ocrx_word' id='word_1_760' title='bbox 2854 3132 3017 3196; x_wconf 81' lang='grc' dir='ltr'>κενὰς</span> <span class='ocrx_word' id='word_1_761' title='bbox 3059 3134 3147 3188; x_wconf 75' lang='grc' dir='ltr'>ἀεὶ</span> <span class='ocrx_word' id='word_1_762' title='bbox 3193 3135 3292 3198; x_wconf 84' lang='grc' dir='ltr'>τὰς</span> <span class='ocrx_word' id='word_1_763' title='bbox 3323 3134 3542 3200; x_wconf 86' lang='grc' dir='ltr'>δέλτους</span> 
     </span>
    </p>
   </div>
   <div class='ocr_carea' id='block_1_98' title="bbox 1949 3213 3544 3290">
    <p class='ocr_par' dir='ltr' id='par_1_98' title="bbox 1949 3213 3544 3290">
     <span class='ocr_line' id='line_1_98' title="bbox 1949 3213 3544 3290; baseline 0.004 -25"><span class='ocrx_word' id='word_1_764' title='bbox 1949 3213 2134 3266; x_wconf 85' lang='grc' dir='ltr'>οἶκαδε</span> <span class='ocrx_word' id='word_1_765' title='bbox 2181 3217 2468 3284; x_wconf 86' lang='grc' dir='ltr'>φέροντες;</span> <span class='ocrx_word' id='word_1_766' title='bbox 2518 3216 2714 3269; x_wconf 87' lang='grc' dir='ltr'>Καίτοι</span> <span class='ocrx_word' id='word_1_767' title='bbox 2770 3217 2865 3270; x_wconf 78' lang='grc' dir='ltr'>καὶ</span> <span class='ocrx_word' id='word_1_768' title='bbox 2914 3217 3134 3282; x_wconf 88' lang='grc' dir='ltr'>πλείους</span> <span class='ocrx_word' id='word_1_769' title='bbox 3176 3219 3270 3271; x_wconf 76' lang='grc' dir='ltr'>καὶ</span> <span class='ocrx_word' id='word_1_770' title='bbox 3322 3220 3544 3290; x_wconf 75' lang='grc' dir='ltr'>μείζους</span> 
     </span>
    </p>
   </div>
   <div class='ocr_carea' id='block_1_99' title="bbox 1950 3297 3542 3372">
    <p class='ocr_par' dir='ltr' id='par_1_99' title="bbox 1950 3297 3542 3372">
     <span class='ocr_line' id='line_1_99' title="bbox 1950 3297 3542 3372; baseline 0.004 -22"><span class='ocrx_word' id='word_1_771' title='bbox 1950 3297 2188 3350; x_wconf 87' lang='grc' dir='ltr'>ἐνταῦθα</span> <span class='ocrx_word' id='word_1_772' title='bbox 2219 3299 2266 3350; x_wconf 88' lang='grc' dir='ltr'>οἱ</span> <span class='ocrx_word' id='word_1_773' title='bbox 2306 3297 2636 3353; x_wconf 90' lang='grc' dir='ltr'>διδάσκαλοι.</span> <span class='ocrx_word' id='word_1_774' title='bbox 2672 3299 2782 3354; x_wconf 77' lang='grc' dir='ltr'>Καὶ</span> <span class='ocrx_word' id='word_1_775' title='bbox 2809 3300 2917 3372; x_wconf 77' lang='grc' dir='ltr'>γὰρ</span> <span class='ocrx_word' id='word_1_776' title='bbox 2950 3304 3257 3372; x_wconf 85' lang='grc' dir='ltr'>προφήτας,</span> <span class='ocrx_word' id='word_1_777' title='bbox 3291 3303 3386 3356; x_wconf 81' lang='grc' dir='ltr'>καὶ</span> <span class='ocrx_word' id='word_1_778' title='bbox 3405 3304 3542 3357; x_wconf 89' lang='grc' dir='ltr'>ἀπο-</span> 
     </span>
    </p>
   </div>
   <div class='ocr_carea' id='block_1_100' title="bbox 1952 3379 3540 3453">
    <p class='ocr_par' dir='ltr' id='par_1_100' title="bbox 1952 3379 3540 3453">
     <span class='ocr_line' id='line_1_100' title="bbox 1952 3379 3540 3453; baseline 0.006 -22"><span class='ocrx_word' id='word_1_779' title='bbox 1952 3379 2191 3443; x_wconf 90' lang='grc' dir='ltr'>στόλους,</span> <span class='ocrx_word' id='word_1_780' title='bbox 2219 3381 2314 3433; x_wconf 73' lang='grc' dir='ltr'>καὶ</span> <span class='ocrx_word' id='word_1_781' title='bbox 2343 3382 2710 3453; x_wconf 87' lang='grc' dir='ltr'>πατριάρχας,</span> <span class='ocrx_word' id='word_1_782' title='bbox 2751 3384 2846 3437; x_wconf 80' lang='grc' dir='ltr'>καὶ</span> <span class='ocrx_word' id='word_1_783' title='bbox 2877 3383 3118 3448; x_wconf 88' lang='grc' dir='ltr'>δικαίους</span> <span class='ocrx_word' id='word_1_784' title='bbox 3148 3384 3392 3450; x_wconf 76' lang='grc' dir='ltr'>ἅπαντας</span> <span class='ocrx_word' id='word_1_785' title='bbox 3417 3384 3540 3440; x_wconf 86' lang='grc' dir='ltr'>καθ’</span> 
     </span>
    </p>
   </div>
   <div class='ocr_carea' id='block_1_101' title="bbox 1950 3464 3538 3538">
    <p class='ocr_par' dir='ltr' id='par_1_101' title="bbox 1950 3464 3538 3538">
     <span class='ocr_line' id='line_1_101' title="bbox 1950 3464 3538 3538; baseline 0.008 -22"><span class='ocrx_word' id='word_1_786' title='bbox 1950 3464 2189 3533; x_wconf 90' lang='grc' dir='ltr'>ἐκάστην</span> <span class='ocrx_word' id='word_1_787' title='bbox 2225 3465 2352 3533; x_wconf 87' lang='grc' dir='ltr'>ὑμῖν</span> <span class='ocrx_word' id='word_1_788' title='bbox 2384 3466 2430 3497; x_wconf 67' lang='grc'>⁸⁸</span> <span class='ocrx_word' id='word_1_789' title='bbox 2468 3467 2779 3538; x_wconf 82' lang='grc' dir='ltr'>ἐφιστῶμεν</span> <span class='ocrx_word' id='word_1_790' title='bbox 2815 3468 3112 3538; x_wconf 88' lang='grc' dir='ltr'>ἐκκλησίαν</span> <span class='ocrx_word' id='word_1_791' title='bbox 3158 3469 3538 3534; x_wconf 88' lang='grc' dir='ltr'>διδασκάλους.</span> 
     </span>
    </p>
   </div>
   <div class='ocr_carea' id='block_1_102' title="bbox 1951 3548 3541 3626">
    <p class='ocr_par' dir='ltr' id='par_1_102' title="bbox 1951 3548 3541 3626">
     <span class='ocr_line' id='line_1_102' title="bbox 1951 3548 3541 3626; baseline 0.006 -25"><span class='ocrx_word' id='word_1_792' title='bbox 1951 3549 2062 3602; x_wconf 68' lang='grc' dir='ltr'>Καὶ</span> <span class='ocrx_word' id='word_1_793' title='bbox 2084 3548 2204 3602; x_wconf 87' lang='grc' dir='ltr'>οὑδέ</span> <span class='ocrx_word' id='word_1_794' title='bbox 2231 3548 2374 3603; x_wconf 76' lang='grc' dir='ltr'>οὕτω</span> <span class='ocrx_word' id='word_1_795' title='bbox 2404 3549 2612 3618; x_wconf 88' lang='grc' dir='ltr'>γίνεταί</span> <span class='ocrx_word' id='word_1_796' title='bbox 2629 3571 2679 3605; x_wconf 91' lang='grc' dir='ltr'>τι</span> <span class='ocrx_word' id='word_1_797' title='bbox 2705 3551 2868 3605; x_wconf 86' lang='grc' dir='ltr'>πλέον</span> <span class='ocrx_word' id='word_1_798' title='bbox 2889 3569 2902 3583; x_wconf 86' lang='lat'><strong><em>°</em></strong></span> <span class='ocrx_word' id='word_1_799' title='bbox 2933 3552 3070 3607; x_wconf 89' lang='grc' dir='ltr'>ἀλλά</span> <span class='ocrx_word' id='word_1_800' title='bbox 3091 3553 3156 3607; x_wconf 86' lang='grc' dir='ltr'>ἂν</span> <span class='ocrx_word' id='word_1_801' title='bbox 3183 3554 3276 3608; x_wconf 90' lang='grc' dir='ltr'>δύο</span> <span class='ocrx_word' id='word_1_802' title='bbox 3290 3552 3541 3626; x_wconf 75' lang='grc' dir='ltr'>ψαλμοὺς</span> 
     </span>
    </p>
   </div>
   <div class='ocr_carea' id='block_1_103' title="bbox 1952 3630 3541 3708">
    <p class='ocr_par' dir='ltr' id='par_1_103' title="bbox 1952 3630 3541 3708">
     <span class='ocr_line' id='line_1_103' title="bbox 1952 3630 3541 3708; baseline 0.005 -25"><span class='ocrx_word' id='word_1_803' title='bbox 1952 3630 1986 3703; x_wconf 78' lang='grc' dir='ltr'><strong>ἢ</strong></span> <span class='ocrx_word' id='word_1_804' title='bbox 2024 3635 2176 3702; x_wconf 86' lang='grc' dir='ltr'>τρεῖς</span> <span class='ocrx_word' id='word_1_805' title='bbox 2201 3633 2608 3704; x_wconf 87' lang='grc' dir='ltr'>ὑπηχήσαντες,</span> <span class='ocrx_word' id='word_1_806' title='bbox 2641 3636 2737 3688; x_wconf 79' lang='grc' dir='ltr'>καὶ</span> <span class='ocrx_word' id='word_1_807' title='bbox 2757 3635 2858 3698; x_wconf 80' lang='grc' dir='ltr'>τὰς</span> <span class='ocrx_word' id='word_1_808' title='bbox 2887 3635 3137 3708; x_wconf 85' lang='grc' dir='ltr'>συνήθεις</span> <span class='ocrx_word' id='word_1_809' title='bbox 3163 3636 3328 3708; x_wconf 88' lang='grc' dir='ltr'>εὑχάς</span> <span class='ocrx_word' id='word_1_810' title='bbox 3351 3638 3541 3702; x_wconf 85' lang='grc' dir='ltr'>ἀπλῶς</span> 
     </span>
    </p>
   </div>
   <div class='ocr_carea' id='block_1_104' title="bbox 1950 3714 3540 3794">
    <p class='ocr_par' dir='ltr' id='par_1_104' title="bbox 1950 3714 3540 3794">
     <span class='ocr_line' id='line_1_104' title="bbox 1950 3714 3540 3794; baseline 0.005 -27"><span class='ocrx_word' id='word_1_811' title='bbox 1950 3714 2045 3768; x_wconf 80' lang='grc' dir='ltr'>καὶ</span> <span class='ocrx_word' id='word_1_812' title='bbox 2074 3714 2148 3778; x_wconf 87' lang='grc' dir='ltr'>ὡς</span> <span class='ocrx_word' id='word_1_813' title='bbox 2170 3715 2327 3786; x_wconf 76' lang='grc' dir='ltr'>ἔτυχε</span> <span class='ocrx_word' id='word_1_814' title='bbox 2360 3716 2673 3788; x_wconf 88' lang='grc' dir='ltr'>ποιούμενοι</span> <span class='ocrx_word' id='word_1_815' title='bbox 2701 3718 3013 3790; x_wconf 87' lang='grc' dir='ltr'>διαλυθῆτε,</span> <span class='ocrx_word' id='word_1_816' title='bbox 3046 3720 3302 3791; x_wconf 73' lang='grc' dir='ltr'>νομίζετε</span> <span class='ocrx_word' id='word_1_817' title='bbox 3342 3723 3540 3794; x_wconf 89' lang='grc' dir='ltr'>ἀρκεῖν</span> 
     </span>
    </p>
   </div>
   <div class='ocr_carea' id='block_1_105' title="bbox 1949 3798 3540 3877">
    <p class='ocr_par' dir='ltr' id='par_1_105' title="bbox 1949 3798 3540 3877">
     <span class='ocr_line' id='line_1_105' title="bbox 1949 3798 3540 3877; baseline 0.005 -26"><span class='ocrx_word' id='word_1_818' title='bbox 1949 3798 2110 3852; x_wconf 86' lang='grc' dir='ltr'>τοῦτο</span> <span class='ocrx_word' id='word_1_819' title='bbox 2135 3801 2215 3865; x_wconf 88' lang='grc' dir='ltr'>είς</span> <span class='ocrx_word' id='word_1_820' title='bbox 2252 3802 2526 3873; x_wconf 90' lang='grc' dir='ltr'>σωτηρίαν</span> <span class='ocrx_word' id='word_1_821' title='bbox 2556 3803 2704 3872; x_wconf 89' lang='grc' dir='ltr'>ὑμῖν.</span> <span class='ocrx_word' id='word_1_822' title='bbox 2744 3803 2859 3856; x_wconf 82' lang='grc' dir='ltr'>Οὐκ</span> <span class='ocrx_word' id='word_1_823' title='bbox 2891 3801 3163 3874; x_wconf 72' lang='grc' dir='ltr'>ἠκούσατε</span> <span class='ocrx_word' id='word_1_824' title='bbox 3194 3803 3290 3858; x_wconf 82' lang='grc' dir='ltr'>τοῦ</span> <span class='ocrx_word' id='word_1_825' title='bbox 3322 3807 3540 3877; x_wconf 84' lang='grc' dir='ltr'>προφή-</span> 
     </span>
    </p>
   </div>
   <div class='ocr_carea' id='block_1_106' title="bbox 1947 3883 3539 3960">
    <p class='ocr_par' dir='ltr' id='par_1_106' title="bbox 1947 3883 3539 3960">
     <span class='ocr_line' id='line_1_106' title="bbox 1947 3883 3539 3960; baseline 0.005 -26"><span class='ocrx_word' id='word_1_826' title='bbox 1947 3899 2044 3935; x_wconf 85' lang='grc' dir='ltr'>του</span> <span class='ocrx_word' id='word_1_827' title='bbox 2078 3883 2352 3952; x_wconf 86' lang='grc' dir='ltr'>λέγοντος,</span> <span class='ocrx_word' id='word_1_828' title='bbox 2396 3884 2596 3954; x_wconf 79' lang='grc' dir='ltr'>μᾶλλον</span> <span class='ocrx_word' id='word_1_829' title='bbox 2631 3885 2688 3938; x_wconf 90' lang='grc' dir='ltr'>δέ</span> <span class='ocrx_word' id='word_1_830' title='bbox 2713 3884 2808 3939; x_wconf 88' lang='grc' dir='ltr'>τοῦ</span> <span class='ocrx_word' id='word_1_831' title='bbox 2830 3885 2964 3939; x_wconf 88' lang='grc' dir='ltr'>Θεοῦ</span> <span class='ocrx_word' id='word_1_832' title='bbox 2993 3886 3082 3940; x_wconf 83' lang='grc' dir='ltr'>διά</span> <span class='ocrx_word' id='word_1_833' title='bbox 3107 3887 3199 3941; x_wconf 89' lang='grc' dir='ltr'>τοῦ</span> <span class='ocrx_word' id='word_1_834' title='bbox 3235 3891 3539 3960; x_wconf 81' lang='grc' dir='ltr'>προφήτου,</span> 
     </span>
    </p>
   </div>
   <div class='ocr_carea' id='block_1_107' title="bbox 1948 3965 3542 4043">
    <p class='ocr_par' dir='ltr' id='par_1_107' title="bbox 1948 3965 3542 4043">
     <span class='ocr_line' id='line_1_107' title="bbox 1948 3965 3542 4043; baseline 0.005 -23"><span class='ocrx_word' id='word_1_835' title='bbox 1948 3968 2030 4020; x_wconf 83' lang='grc' dir='ltr'>δτι</span> <span class='ocrx_word' id='word_1_836' title='bbox 2074 3968 2135 4019; x_wconf 92' lang='lat'>&#39;0</span> <span class='ocrx_word' id='word_1_837' title='bbox 2173 3969 2325 4034; x_wconf 76' lang='grc' dir='ltr'>,λαὸς</span> <span class='ocrx_word' id='word_1_838' title='bbox 2375 3965 2553 4034; x_wconf 88' lang='grc' dir='ltr'>οὗτος</span> <span class='ocrx_word' id='word_1_839' title='bbox 2593 3969 2718 4036; x_wconf 80' lang='grc' dir='ltr'>τοῖς</span> <span class='ocrx_word' id='word_1_840' title='bbox 2767 3972 3007 4039; x_wconf 80' lang='grc' dir='ltr'>χείλεσι</span> <span class='ocrx_word' id='word_1_841' title='bbox 3047 3989 3121 4040; x_wconf 82' lang='grc' dir='ltr'>με</span> <span class='ocrx_word' id='word_1_842' title='bbox 3160 3969 3320 4042; x_wconf 81' lang='grc' dir='ltr'>τιμᾷ,</span> <span class='ocrx_word' id='word_1_843' title='bbox 3378 3975 3418 4043; x_wconf 83' lang='grc' dir='ltr'><strong><em>ἠ</em></strong></span> <span class='ocrx_word' id='word_1_844' title='bbox 3470 3973 3542 4028; x_wconf 77' lang='grc' dir='ltr'>δὲ</span> 
     </span>
    </p>
   </div>
   <div class='ocr_carea' id='block_1_108' title="bbox 1949 4049 3541 4124">
    <p class='ocr_par' dir='ltr' id='par_1_108' title="bbox 1949 4049 3541 4124">
     <span class='ocr_line' id='line_1_108' title="bbox 1949 4049 3541 4124; baseline 0.007 -21"><span class='ocrx_word' id='word_1_845' title='bbox 1949 4049 2166 4117; x_wconf 76' lang='grc' dir='ltr'>καρδία</span> <span class='ocrx_word' id='word_1_846' title='bbox 2207 4050 2407 4105; x_wconf 77' lang='grc' dir='ltr'>αὐτῶν</span> <span class='ocrx_word' id='word_1_847' title='bbox 2449 4052 2650 4121; x_wconf 81' lang='grc' dir='ltr'>πόρῤω</span> <span class='ocrx_word' id='word_1_848' title='bbox 2699 4054 2910 4123; x_wconf 81' lang='grc' dir='ltr'>ἀπέχει</span> <span class='ocrx_word' id='word_1_849' title='bbox 2947 4055 3048 4110; x_wconf 81' lang='grc' dir='ltr'>ἀπ’</span> <span class='ocrx_word' id='word_1_850' title='bbox 3083 4056 3229 4124; x_wconf 86' lang='grc' dir='ltr'>ἐμοῦ</span> <span class='ocrx_word' id='word_1_851' title='bbox 3243 4073 3264 4122; x_wconf 91' lang='grc'><em>;</em></span> <span class='ocrx_word' id='word_1_852' title='bbox 3299 4059 3395 4110; x_wconf 84' lang='grc' dir='ltr'>Ἷν⁹</span> <span class='ocrx_word' id='word_1_853' title='bbox 3443 4053 3541 4114; x_wconf 81' lang='grc' dir='ltr'>οὖν</span> 
     </span>
    </p>
   </div>
   <div class='ocr_carea' id='block_1_109' title="bbox 1947 4133 3538 4214">
    <p class='ocr_par' dir='ltr' id='par_1_109' title="bbox 1947 4133 3538 4214">
     <span class='ocr_line' id='line_1_109' title="bbox 1947 4133 3538 4214; baseline 0.009 -28"><span class='ocrx_word' id='word_1_854' title='bbox 1947 4133 2104 4186; x_wconf 87' lang='grc' dir='ltr'>τοῦτο</span> <span class='ocrx_word' id='word_1_855' title='bbox 2143 4134 2216 4204; x_wconf 83' lang='grc' dir='ltr'>μὴ</span> <span class='ocrx_word' id='word_1_856' title='bbox 2247 4135 2473 4206; x_wconf 86' lang='grc' dir='ltr'>γένηται</span> <span class='ocrx_word' id='word_1_857' title='bbox 2503 4137 2599 4189; x_wconf 79' lang='grc' dir='ltr'>καὶ</span> <span class='ocrx_word' id='word_1_858' title='bbox 2631 4137 2718 4205; x_wconf 75' lang='grc' dir='ltr'>ἐφ’</span> <span class='ocrx_word' id='word_1_859' title='bbox 2745 4139 2924 4208; x_wconf 79' lang='grc' dir='ltr'>ἡμῶν,</span> <span class='ocrx_word' id='word_1_860' title='bbox 2951 4138 3231 4211; x_wconf 66' lang='grc' dir='ltr'>ἐξάλειψον</span> <span class='ocrx_word' id='word_1_861' title='bbox 3257 4142 3538 4214; x_wconf 63' lang='grc' dir='ltr'>τάν-γράμ-</span> 
     </span>
    </p>
   </div>
   <div class='ocr_carea' id='block_1_110' title="bbox 1953 4218 3541 4298">
    <p class='ocr_par' dir='ltr' id='par_1_110' title="bbox 1953 4218 3541 4298">
     <span class='ocr_line' id='line_1_110' title="bbox 1953 4218 3541 4298; baseline 0.008 -27"><span class='ocrx_word' id='word_1_862' title='bbox 1953 4235 2122 4287; x_wconf 86' lang='grc' dir='ltr'>ματα,</span> <span class='ocrx_word' id='word_1_863' title='bbox 2178 4218 2378 4288; x_wconf 81' lang='grc' dir='ltr'>μᾶλλον</span> <span class='ocrx_word' id='word_1_864' title='bbox 2417 4219 2474 4273; x_wconf 87' lang='grc' dir='ltr'>δέ</span> <span class='ocrx_word' id='word_1_865' title='bbox 2523 4221 2592 4274; x_wconf 83' lang='grc' dir='ltr'>τὰ</span> <span class='ocrx_word' id='word_1_866' title='bbox 2619 4222 2975 4293; x_wconf 86' lang='grc' dir='ltr'>χαράγματα,</span> <span class='ocrx_word' id='word_1_867' title='bbox 3022 4227 3166 4298; x_wconf 80' lang='grc' dir='ltr'>άπερ</span> <span class='ocrx_word' id='word_1_868' title='bbox 3215 4228 3254 4280; x_wconf 77' lang='grc' dir='ltr'>ό..</span> <span class='ocrx_word' id='word_1_869' title='bbox 3293 4227 3541 4294; x_wconf 77' lang='grc' dir='ltr'>διάϐολος</span> 
     </span>
    </p>
   </div>
   <div class='ocr_carea' id='block_1_111' title="bbox 1950 4301 3538 4384">
    <p class='ocr_par' dir='ltr' id='par_1_111' title="bbox 1950 4301 3538 4384">
     <span class='ocr_line' id='line_1_111' title="bbox 1950 4301 3538 4384; baseline 0.009 -30"><span class='ocrx_word' id='word_1_870' title='bbox 1950 4301 2262 4356; x_wconf 88' lang='grc' dir='ltr'>ἐνετύπωσέ</span> <span class='ocrx_word' id='word_1_871' title='bbox 2298 4321 2390 4358; x_wconf 90' lang='grc' dir='ltr'>σου</span> <span class='ocrx_word' id='word_1_872' title='bbox 2423 4307 2490 4376; x_wconf 87' lang='grc' dir='ltr'>τῇ</span> <span class='ocrx_word' id='word_1_873' title='bbox 2520 4305 2692 4377; x_wconf 83' lang='grc' dir='ltr'>ψυχῇ,</span> <span class='ocrx_word' id='word_1_874' title='bbox 2731 4309 2827 4360; x_wconf 75' lang='grc' dir='ltr'>καὶ</span> <span class='ocrx_word' id='word_1_875' title='bbox 2857 4308 2990 4380; x_wconf 83' lang='grc' dir='ltr'>φέρε</span> <span class='ocrx_word' id='word_1_876' title='bbox 3023 4327 3114 4380; x_wconf 90' lang='grc' dir='ltr'>μοι</span> <span class='ocrx_word' id='word_1_877' title='bbox 3141 4312 3371 4383; x_wconf 80' lang='grc' dir='ltr'>καρδίαν</span> <span class='ocrx_word' id='word_1_878' title='bbox 3404 4313 3538 4384; x_wconf 85' lang='grc' dir='ltr'>βιω-</span> 
     </span>
    </p>
   </div>
   <div class='ocr_carea' id='block_1_112' title="bbox 1948 4386 3538 4466">
    <p class='ocr_par' dir='ltr' id='par_1_112' title="bbox 1948 4386 3538 4466">
     <span class='ocr_line' id='line_1_112' title="bbox 1948 4386 3538 4466; baseline 0.009 -28"><span class='ocrx_word' id='word_1_879' title='bbox 1948 4387 2117 4440; x_wconf 84' lang='grc' dir='ltr'>τικῶν</span> <span class='ocrx_word' id='word_1_880' title='bbox 2155 4386 2588 4461; x_wconf 87' lang='grc' dir='ltr'>ἀπηλλαγμένην</span> <span class='ocrx_word' id='word_1_881' title='bbox 2621 4390 2888 4463; x_wconf 90' lang='grc' dir='ltr'>θορύϐων,</span> <span class='ocrx_word' id='word_1_882' title='bbox 2949 4394 3036 4448; x_wconf 77' lang='grc' dir='ltr'>ἵνα</span> <span class='ocrx_word' id='word_1_883' title='bbox 3084 4396 3224 4466; x_wconf 89' lang='grc' dir='ltr'>μετά</span> <span class='ocrx_word' id='word_1_884' title='bbox 3275 4397 3460 4463; x_wconf 88' lang='grc' dir='ltr'>ἀδείας</span> <span class='ocrx_word' id='word_1_885' title='bbox 3500 4398 3538 4454; x_wconf 80' lang='grc' dir='ltr'>ἀ</span> 
     </span>
    </p>
   </div>
   <div class='ocr_carea' id='block_1_113' title="bbox 1951 4469 3541 4552">
    <p class='ocr_par' dir='ltr' id='par_1_113' title="bbox 1951 4469 3541 4552">
     <span class='ocr_line' id='line_1_113' title="bbox 1951 4469 3541 4552; baseline 0.009 -30"><span class='ocrx_word' id='word_1_886' title='bbox 1951 4469 2216 4542; x_wconf 82' lang='grc' dir='ltr'>βούλομαι</span> <span class='ocrx_word' id='word_1_887' title='bbox 2242 4473 2525 4544; x_wconf 67' lang='grc' dir='ltr'>ἐγγράφω.</span> <span class='ocrx_word' id='word_1_888' title='bbox 2574 4475 2662 4538; x_wconf 85' lang='grc' dir='ltr'>Ὠς</span> <span class='ocrx_word' id='word_1_889' title='bbox 2689 4475 2785 4529; x_wconf 90' lang='grc' dir='ltr'>νῦν</span> <span class='ocrx_word' id='word_1_890' title='bbox 2821 4493 2882 4544; x_wconf 89' lang='grc' dir='ltr'>γε</span> <span class='ocrx_word' id='word_1_891' title='bbox 2904 4478 3057 4532; x_wconf 72' lang='grc' dir='ltr'>οὐδὲν</span> <span class='ocrx_word' id='word_1_892' title='bbox 3098 4480 3284 4550; x_wconf 77' lang='grc' dir='ltr'>ἕτερόν</span> <span class='ocrx_word' id='word_1_893' title='bbox 3309 4482 3426 4535; x_wconf 84' lang='grc' dir='ltr'>ἐστι</span> <span class='ocrx_word' id='word_1_894' title='bbox 3454 4500 3541 4552; x_wconf 85' lang='grc' dir='ltr'>γι-</span> 
     </span>
    </p>
   </div>
   <div class='ocr_carea' id='block_1_114' title="bbox 1948 4554 3541 4633">
    <p class='ocr_par' dir='ltr' id='par_1_114' title="bbox 1948 4554 3541 4633">
     <span class='ocr_line' id='line_1_114' title="bbox 1948 4554 3541 4633; baseline 0.009 -25"><span class='ocrx_word' id='word_1_895' title='bbox 1948 4554 2202 4620; x_wconf 85' lang='grc' dir='ltr'>νώσκειν,</span> <span class='ocrx_word' id='word_1_896' title='bbox 2236 4555 2268 4626; x_wconf 80' lang='grc' dir='ltr'>ἦ</span> <span class='ocrx_word' id='word_1_897' title='bbox 2311 4556 2381 4608; x_wconf 89' lang='grc' dir='ltr'>τά</span> <span class='ocrx_word' id='word_1_898' title='bbox 2409 4558 2618 4611; x_wconf 88' lang='grc' dir='ltr'>ἐκείνου</span> <span class='ocrx_word' id='word_1_899' title='bbox 2645 4556 2952 4631; x_wconf 88' lang='grc' dir='ltr'>γράμματα</span> <span class='ocrx_word' id='word_1_900' title='bbox 2973 4603 2986 4625; x_wconf 88' lang='grc'>,</span> <span class='ocrx_word' id='word_1_901' title='bbox 3019 4564 3276 4633; x_wconf 87' lang='grc' dir='ltr'>ἀρπαγάς</span> <span class='ocrx_word' id='word_1_902' title='bbox 3301 4605 3314 4630; x_wconf 91' lang='grc'>,</span> <span class='ocrx_word' id='word_1_903' title='bbox 3348 4567 3541 4622; x_wconf 87' lang='grc' dir='ltr'>πλεον⁹</span> 
     </span>
    </p>
   </div>
   <div class='ocr_carea' id='block_1_115' title="bbox 1948 4637 3540 4718">
    <p class='ocr_par' dir='ltr' id='par_1_115' title="bbox 1948 4637 3540 4718">
     <span class='ocr_line' id='line_1_115' title="bbox 1948 4637 3540 4718; baseline 0.009 -27"><span class='ocrx_word' id='word_1_904' title='bbox 1948 4637 2127 4704; x_wconf 81' lang='grc' dir='ltr'>εξίας,</span> <span class='ocrx_word' id='word_1_905' title='bbox 2171 4638 2386 4708; x_wconf 87' lang='grc' dir='ltr'>φθόνον,</span> <span class='ocrx_word' id='word_1_906' title='bbox 2420 4641 2744 4711; x_wconf 85' lang='grc' dir='ltr'>βασκανίαν.</span> <span class='ocrx_word' id='word_1_907' title='bbox 2780 4645 2878 4699; x_wconf 82' lang='grc' dir='ltr'>Διά</span> <span class='ocrx_word' id='word_1_908' title='bbox 2920 4645 2984 4718; x_wconf 79' lang='grc' dir='ltr'>δὴ</span> <span class='ocrx_word' id='word_1_909' title='bbox 3028 4647 3208 4712; x_wconf 87' lang='grc' dir='ltr'>τοῦτο,</span> <span class='ocrx_word' id='word_1_910' title='bbox 3258 4650 3386 4702; x_wconf 84' lang='grc' dir='ltr'>ὅταν</span> <span class='ocrx_word' id='word_1_911' title='bbox 3441 4650 3540 4716; x_wconf 80' lang='grc' dir='ltr'>τὰς</span> 
     </span>
    </p>
   </div>
   <div class='ocr_carea' id='block_1_116' title="bbox 1947 4722 3538 4801">
    <p class='ocr_par' dir='ltr' id='par_1_116' title="bbox 1947 4722 3538 4801">
     <span class='ocr_line' id='line_1_116' title="bbox 1947 4722 3538 4801; baseline 0.008 -25"><span class='ocrx_word' id='word_1_912' title='bbox 1947 4722 2170 4787; x_wconf 87' lang='grc' dir='ltr'>δέλτους</span> <span class='ocrx_word' id='word_1_913' title='bbox 2193 4722 2342 4778; x_wconf 89' lang='grc' dir='ltr'>λάϐω</span> <span class='ocrx_word' id='word_1_914' title='bbox 2364 4724 2407 4755; x_wconf 70' lang='grc'><strong>⁵⁷</strong></span> <span class='ocrx_word' id='word_1_915' title='bbox 2433 4725 2534 4788; x_wconf 85' lang='grc' dir='ltr'>τὰς</span> <span class='ocrx_word' id='word_1_916' title='bbox 2561 4726 2854 4799; x_wconf 89' lang='grc' dir='ltr'>ὑμετέρας,</span> <span class='ocrx_word' id='word_1_917' title='bbox 2887 4729 3010 4783; x_wconf 84' lang='grc' dir='ltr'>οὑδὲ</span> <span class='ocrx_word' id='word_1_918' title='bbox 3041 4732 3354 4801; x_wconf 85' lang='grc' dir='ltr'>ἀναγνῶναι</span> <span class='ocrx_word' id='word_1_919' title='bbox 3380 4733 3538 4788; x_wconf 88' lang='grc' dir='ltr'>δύνα-</span> 
     </span>
    </p>
   </div>
   <div class='ocr_carea' id='block_1_117' title="bbox 1953 4806 3538 4888">
    <p class='ocr_par' dir='ltr' id='par_1_117' title="bbox 1953 4806 3538 4888">
     <span class='ocr_line' id='line_1_117' title="bbox 1953 4806 3538 4888; baseline 0.008 -30"><span class='ocrx_word' id='word_1_920' title='bbox 1953 4823 2075 4888; x_wconf 79' lang='grc' dir='ltr'>μαι.</span> <span class='ocrx_word' id='word_1_921' title='bbox 2123 4806 2195 4859; x_wconf 80' lang='grc' dir='ltr'>Ού</span> <span class='ocrx_word' id='word_1_922' title='bbox 2243 4807 2356 4876; x_wconf 80' lang='grc' dir='ltr'>γὰρ</span> <span class='ocrx_word' id='word_1_923' title='bbox 2408 4808 2650 4879; x_wconf 80' lang='grc' dir='ltr'>εὑρίσκω</span> <span class='ocrx_word' id='word_1_924' title='bbox 2692 4810 2762 4864; x_wconf 89' lang='grc' dir='ltr'>τά</span> <span class='ocrx_word' id='word_1_925' title='bbox 2809 4811 3137 4883; x_wconf 87' lang='grc' dir='ltr'>γράμματα,</span> <span class='ocrx_word' id='word_1_926' title='bbox 3185 4815 3329 4888; x_wconf 75' lang='grc' dir='ltr'>ειπερ</span> <span class='ocrx_word' id='word_1_927' title='bbox 3373 4819 3538 4888; x_wconf 83' lang='grc' dir='ltr'>ἡμεῖς</span> 
     </span>
    </p>
   </div>
   <div class='ocr_carea' id='block_1_118' title="bbox 1949 4887 3540 4972">
    <p class='ocr_par' dir='ltr' id='par_1_118' title="bbox 1949 4887 3540 4972">
     <span class='ocr_line' id='line_1_118' title="bbox 1949 4887 3540 4972; baseline 0.009 -32"><span class='ocrx_word' id='word_1_928' title='bbox 1949 4887 2094 4942; x_wconf 88' lang='grc' dir='ltr'>κατά</span> <span class='ocrx_word' id='word_1_929' title='bbox 2113 4888 2393 4961; x_wconf 80' lang='grc' dir='ltr'>Κυριακὴν</span> <span class='ocrx_word' id='word_1_930' title='bbox 2411 4892 2788 4962; x_wconf 84' lang='grc' dir='ltr'>ἐγγράφοντες</span> <span class='ocrx_word' id='word_1_931' title='bbox 2812 4895 2940 4965; x_wconf 90' lang='grc' dir='ltr'>ὑμῖν</span> <span class='ocrx_word' id='word_1_932' title='bbox 2962 4898 3197 4967; x_wconf 87' lang='grc' dir='ltr'>ἀφίεμεν</span> <span class='ocrx_word' id='word_1_933' title='bbox 3211 4915 3225 4929; x_wconf 71' lang='grc' dir='ltr'><strong>ο</strong></span> <span class='ocrx_word' id='word_1_934' title='bbox 3244 4887 3540 4972; x_wconf 76' lang='grc' dir='ltr'>ἀλλ’ἒτερα</span> 
     </span>
    </p>
   </div>
   <div class='ocr_carea' id='block_1_119' title="bbox 1950 4973 3538 5050">
    <p class='ocr_par' dir='ltr' id='par_1_119' title="bbox 1950 4973 3538 5050">
     <span class='ocr_line' id='line_1_119' title="bbox 1950 4973 3538 5050; baseline 0.008 -24"><span class='ocrx_word' id='word_1_935' title='bbox 1950 4973 2069 5026; x_wconf 88' lang='grc' dir='ltr'>ἀνθ’</span> <span class='ocrx_word' id='word_1_936' title='bbox 2101 4973 2326 5042; x_wconf 85' lang='grc' dir='ltr'>ἐτέρων,</span> <span class='ocrx_word' id='word_1_937' title='bbox 2369 4974 2560 5045; x_wconf 80' lang='grc' dir='ltr'>ἄσημα</span> <span class='ocrx_word' id='word_1_938' title='bbox 2600 4978 2694 5029; x_wconf 74' lang='grc' dir='ltr'>καὶ</span> <span class='ocrx_word' id='word_1_939' title='bbox 2737 4977 3168 5050; x_wconf 88' lang='grc' dir='ltr'>διεστραμμένα.</span> <span class='ocrx_word' id='word_1_940' title='bbox 3213 4979 3370 5046; x_wconf 73' lang='grc' dir='ltr'>Εἶτα,</span> <span class='ocrx_word' id='word_1_941' title='bbox 3407 4984 3538 5038; x_wconf 84' lang='grc' dir='ltr'>ὅταν</span> 
     </span>
    </p>
   </div>
   <div class='ocr_carea' id='block_1_120' title="bbox 1948 5053 3534 5137">
    <p class='ocr_par' dir='ltr' id='par_1_120' title="bbox 1948 5053 3534 5137">
     <span class='ocr_line' id='line_1_120' title="bbox 1948 5053 3534 5137; baseline 0.008 -29"><span class='ocrx_word' id='word_1_942' title='bbox 1948 5053 2329 5125; x_wconf 71' lang='grc' dir='ltr'>ἐξαλείψαντες</span> <span class='ocrx_word' id='word_1_943' title='bbox 2349 5057 2805 5130; x_wconf 65' lang='grc' dir='ltr'>αὑτάγράψωμεν</span> <span class='ocrx_word' id='word_1_944' title='bbox 2842 5061 2910 5114; x_wconf 77' lang='grc' dir='ltr'>τά</span> <span class='ocrx_word' id='word_1_945' title='bbox 2932 5063 3042 5116; x_wconf 87' lang='grc' dir='ltr'>ἀπὸ</span> <span class='ocrx_word' id='word_1_946' title='bbox 3073 5064 3168 5117; x_wconf 82' lang='grc' dir='ltr'>τοῦ</span> <span class='ocrx_word' id='word_1_947' title='bbox 3197 5066 3534 5137; x_wconf 86' lang='grc' dir='ltr'>Πνεύματος,</span> 
     </span>
    </p>
   </div>
   <div class='ocr_carea' id='block_1_121' title="bbox 1950 5139 3536 5220">
    <p class='ocr_par' dir='ltr' id='par_1_121' title="bbox 1950 5139 3536 5220">
     <span class='ocr_line' id='line_1_121' title="bbox 1950 5139 3536 5220; baseline 0.007 -28"><span class='ocrx_word' id='word_1_948' title='bbox 1950 5139 2276 5204; x_wconf 86' lang='grc' dir='ltr'>ἀπελθόντες</span> <span class='ocrx_word' id='word_1_949' title='bbox 2315 5141 2495 5211; x_wconf 89' lang='grc' dir='ltr'>ὑμεῖς,</span> <span class='ocrx_word' id='word_1_950' title='bbox 2543 5143 2638 5196; x_wconf 77' lang='grc' dir='ltr'>καὶ</span> <span class='ocrx_word' id='word_1_951' title='bbox 2681 5147 2806 5208; x_wconf 89' lang='grc' dir='ltr'>ταῖς</span> <span class='ocrx_word' id='word_1_952' title='bbox 2851 5145 3189 5211; x_wconf 83' lang='grc' dir='ltr'>διαϐολικαῖς</span> <span class='ocrx_word' id='word_1_953' title='bbox 3231 5150 3536 5220; x_wconf 84' lang='grc' dir='ltr'>ἐνεργείαις</span> 
     </span>
    </p>
   </div>
   <div class='ocr_carea' id='block_1_122' title="bbox 1948 5223 3538 5304">
    <p class='ocr_par' dir='ltr' id='par_1_122' title="bbox 1948 5223 3538 5304">
     <span class='ocr_line' id='line_1_122' title="bbox 1948 5223 3538 5304; baseline 0.008 -29"><span class='ocrx_word' id='word_1_954' title='bbox 1948 5223 2130 5287; x_wconf 84' lang='grc' dir='ltr'>δόντες</span> <span class='ocrx_word' id='word_1_955' title='bbox 2159 5224 2255 5288; x_wconf 78' lang='grc' dir='ltr'>τὰς</span> <span class='ocrx_word' id='word_1_956' title='bbox 2290 5225 2516 5297; x_wconf 79' lang='grc' dir='ltr'>καρδίας</span> <span class='ocrx_word' id='word_1_957' title='bbox 2549 5227 2724 5298; x_wconf 85' lang='grc' dir='ltr'>ὑμῶν,</span> <span class='ocrx_word' id='word_1_958' title='bbox 2753 5229 3029 5299; x_wconf 87' lang='grc' dir='ltr'>παρέχετε</span> <span class='ocrx_word' id='word_1_959' title='bbox 3052 5232 3247 5304; x_wconf 83' lang='grc' dir='ltr'>ἐκείνῳ</span> <span class='ocrx_word' id='word_1_960' title='bbox 3277 5234 3443 5289; x_wconf 85' lang='grc' dir='ltr'>πάλιν</span> <span class='ocrx_word' id='word_1_961' title='bbox 3463 5233 3538 5290; x_wconf 80' lang='grc' dir='ltr'>τὰ</span> 
     </span>
    </p>
   </div>
   <div class='ocr_carea' id='block_1_123' title="bbox 1951 5307 3536 5381">
    <p class='ocr_par' dir='ltr' id='par_1_123' title="bbox 1951 5307 3536 5381">
     <span class='ocr_line' id='line_1_123' title="bbox 1951 5307 3536 5381; baseline 0.007 -22"><span class='ocrx_word' id='word_1_962' title='bbox 1951 5307 2143 5360; x_wconf 88' lang='grc' dir='ltr'>ἐαυτοῦ</span> <span class='ocrx_word' id='word_1_963' title='bbox 2194 5309 2598 5378; x_wconf 87' lang='grc' dir='ltr'>ἀντεγγράφειν</span> <span class='ocrx_word' id='word_1_964' title='bbox 2622 5311 2770 5381; x_wconf 86' lang='grc' dir='ltr'>ὑμῖν.</span> <span class='ocrx_word' id='word_1_965' title='bbox 2821 5311 2886 5364; x_wconf 89' lang='grc' dir='ltr'>Τί</span> <span class='ocrx_word' id='word_1_966' title='bbox 2917 5308 3011 5367; x_wconf 83' lang='grc' dir='ltr'>οὖν</span> <span class='ocrx_word' id='word_1_967' title='bbox 3042 5313 3197 5368; x_wconf 80' lang='grc' dir='ltr'>ἔσται</span> <span class='ocrx_word' id='word_1_968' title='bbox 3232 5316 3448 5369; x_wconf 71' lang='grc' dir='ltr'>τούτων.</span> <span class='ocrx_word' id='word_1_969' title='bbox 3473 5315 3536 5370; x_wconf 87' lang='grc' dir='ltr'>τὸ</span> 
     </span>
    </p>
   </div>
   <div class='ocr_carea' id='block_1_124' title="bbox 1950 5390 3534 5465">
    <p class='ocr_par' dir='ltr' id='par_1_124' title="bbox 1950 5390 3534 5465">
     <span class='ocr_line' id='line_1_124' title="bbox 1950 5390 3534 5465; baseline 0.007 -21"><span class='ocrx_word' id='word_1_970' title='bbox 1950 5390 2144 5462; x_wconf 87' lang='grc' dir='ltr'>πέρας,</span> <span class='ocrx_word' id='word_1_971' title='bbox 2177 5390 2280 5444; x_wconf 80' lang='grc' dir='ltr'>κᾶν</span> <span class='ocrx_word' id='word_1_972' title='bbox 2308 5392 2417 5460; x_wconf 82' lang='grc' dir='ltr'>ἐγὼ</span> <span class='ocrx_word' id='word_1_973' title='bbox 2449 5394 2524 5465; x_wconf 81' lang='grc' dir='ltr'>μὴ</span> <span class='ocrx_word' id='word_1_974' title='bbox 2546 5394 2704 5460; x_wconf 81' lang='grc' dir='ltr'>λέξω,</span> <span class='ocrx_word' id='word_1_975' title='bbox 2735 5396 2795 5449; x_wconf 84' lang='grc' dir='ltr'>τὸ</span> <span class='ocrx_word' id='word_1_976' title='bbox 2825 5397 3058 5450; x_wconf 82' lang='grc' dir='ltr'>ἑκάστου</span> <span class='ocrx_word' id='word_1_977' title='bbox 3100 5401 3337 5464; x_wconf 88' lang='grc' dir='ltr'>συνειδὸς</span> <span class='ocrx_word' id='word_1_978' title='bbox 3369 5395 3534 5457; x_wconf 72' lang='grc' dir='ltr'>οἶδεν.</span> 
     </span>
    </p>
   </div>
   <div class='ocr_carea' id='block_1_125' title="bbox 1963 5474 3538 5552">
    <p class='ocr_par' dir='ltr' id='par_1_125' title="bbox 1963 5474 3538 5552">
     <span class='ocr_line' id='line_1_125' title="bbox 1963 5474 3538 5552; baseline 0.006 -22"><span class='ocrx_word' id='word_1_979' title='bbox 1963 5474 2106 5545; x_wconf 86' lang='grc' dir='ltr'>Ἐγὼ</span> <span class='ocrx_word' id='word_1_980' title='bbox 2133 5476 2229 5546; x_wconf 82' lang='grc' dir='ltr'>μὲν</span> <span class='ocrx_word' id='word_1_981' title='bbox 2261 5476 2370 5548; x_wconf 75' lang='grc' dir='ltr'>γὰρ</span> <span class='ocrx_word' id='word_1_982' title='bbox 2392 5479 2453 5531; x_wconf 88' lang='grc' dir='ltr'>οὑ</span> <span class='ocrx_word' id='word_1_983' title='bbox 2481 5479 2761 5548; x_wconf 85' lang='grc' dir='ltr'>παύσομαι</span> <span class='ocrx_word' id='word_1_984' title='bbox 2787 5480 2848 5534; x_wconf 91' lang='grc' dir='ltr'>τὸ</span> <span class='ocrx_word' id='word_1_985' title='bbox 2865 5483 3104 5552; x_wconf 86' lang='grc' dir='ltr'>ἐμαυτοῦ</span> <span class='ocrx_word' id='word_1_986' title='bbox 3131 5485 3320 5549; x_wconf 84' lang='grc' dir='ltr'>ποιῶν,</span> <span class='ocrx_word' id='word_1_987' title='bbox 3347 5487 3441 5539; x_wconf 81' lang='grc' dir='ltr'>καὶ</span> <span class='ocrx_word' id='word_1_988' title='bbox 3469 5487 3538 5542; x_wconf 88' lang='grc' dir='ltr'>τά</span> 
     </span>
    </p>
   </div>
   <div class='ocr_carea' id='block_1_126' title="bbox 328 5643 1849 5722">
    <p class='ocr_par' dir='ltr' id='par_1_126' title="bbox 328 5643 1832 5722">
     <span class='ocr_line' id='line_1_126' title="bbox 328 5643 1832 5722; baseline 0.003 -28"><span class='ocrx_word' id='word_1_989' title='bbox 328 5644 368 5674; x_wconf 73' lang='grc' dir='ltr'>³ο</span> <span class='ocrx_word' id='word_1_990' title='bbox 398 5643 686 5722; x_wconf 42' lang='grc' dir='ltr'>[ιθιις-οΝ.</span> <span class='ocrx_word' id='word_1_991' title='bbox 717 5643 1122 5722; x_wconf 32' lang='grc' dir='ltr'>Περὶῃκρίσεως</span> <span class='ocrx_word' id='word_1_992' title='bbox 1258 5645 1341 5722; x_wconf 30' lang='grc'>-.³⁸</span> <span class='ocrx_word' id='word_1_993' title='bbox 1377 5645 1692 5722; x_wconf 72' lang='grc' dir='ltr'>καταπέσῃς</span> <span class='ocrx_word' id='word_1_994' title='bbox 1821 5716 1832 5722; x_wconf 83' lang='lat'><em>_</em></span> 
     </span>
    </p>
   </div>
   <div class='ocr_carea' id='block_1_127' title="bbox 1953 5643 3539 5722">
    <p class='ocr_par' dir='ltr' id='par_1_127' title="bbox 1953 5644 3539 5722">
     <span class='ocr_line' id='line_1_127' title="bbox 1953 5644 3539 5722; baseline 0.006 -27"><span class='ocrx_word' id='word_1_995' title='bbox 1953 5644 2086 5722; x_wconf 56' lang='grc' dir='ltr'>ιὺτός</span> <span class='ocrx_word' id='word_1_996' title='bbox 2110 5645 2430 5722; x_wconf 34' lang='grc' dir='ltr'>οιῐιηΑηΙῗ.⁸</span> <span class='ocrx_word' id='word_1_997' title='bbox 2445 5647 2605 5712; x_wconf 85' lang='grc' dir='ltr'>αὑτὸς</span> <span class='ocrx_word' id='word_1_998' title='bbox 2635 5649 2663 5701; x_wconf 86' lang='grc' dir='ltr'>ό</span> <span class='ocrx_word' id='word_1_999' title='bbox 2687 5649 2922 5722; x_wconf 63' lang='grc' dir='ltr'>Χριστός</span> <span class='ocrx_word' id='word_1_1000' title='bbox 2947 5649 3006 5722; x_wconf 67' lang='grc' dir='ltr'>Β.</span> <span class='ocrx_word' id='word_1_1001' title='bbox 3040 5648 3296 5703; x_wconf 75' lang='lat' dir='ltr'>Dominus</span> <span class='ocrx_word' id='word_1_1002' title='bbox 3334 5669 3539 5722; x_wconf 76' lang='lat' dir='ltr'>quoque</span> 
     </span>
    </p>
   </div>
   <div class='ocr_carea' id='block_1_128' title="bbox 261 5713 1849 5786">
    <p class='ocr_par' dir='ltr' id='par_1_128' title="bbox 261 5713 1848 5786">
     <span class='ocr_line' id='line_1_128' title="bbox 261 5713 1848 5786; baseline 0.001 -20"><span class='ocrx_word' id='word_1_1003' title='bbox 261 5715 364 5786; x_wconf 73' lang='lat' dir='ltr'>ipse</span> <span class='ocrx_word' id='word_1_1004' title='bbox 391 5713 490 5769; x_wconf 79' lang='lat' dir='ltr'>Ge.</span> <span class='ocrx_word' id='word_1_1005' title='bbox 532 5713 1042 5786; x_wconf 51' lang='lat'>“0:902:1156011500</span> <span class='ocrx_word' id='word_1_1006' title='bbox 1073 5719 1136 5768; x_wconf 82' lang='lat' dir='ltr'>A.</span> <span class='ocrx_word' id='word_1_1007' title='bbox 1171 5717 1232 5769; x_wconf 86' lang='grc' dir='ltr'>Β.</span> <span class='ocrx_word' id='word_1_1008' title='bbox 1256 5716 1302 5748; x_wconf 61' lang='grc'>³*</span> <span class='ocrx_word' id='word_1_1009' title='bbox 1330 5717 1517 5770; x_wconf 88' lang='grc' dir='ltr'>τούτου</span> <span class='ocrx_word' id='word_1_1010' title='bbox 1541 5718 1604 5769; x_wconf 83' lang='grc' dir='ltr'>Α.</span> <span class='ocrx_word' id='word_1_1011' title='bbox 1630 5713 1687 5769; x_wconf 80' lang='grc' dir='ltr'>Β.</span> <span class='ocrx_word' id='word_1_1012' title='bbox 1714 5717 1758 5748; x_wconf 78' lang='grc'>³⁸</span> <span class='ocrx_word' id='word_1_1013' title='bbox 1784 5716 1848 5786; x_wconf 83' lang='grc' dir='ltr'>τὴ</span> 
     </span>
    </p>
   </div>
   <div class='ocr_carea' id='block_1_129' title="bbox 1953 5713 3532 5786">
    <p class='ocr_par' dir='ltr' id='par_1_129' title="bbox 1953 5713 3532 5786">
     <span class='ocr_line' id='line_1_129' title="bbox 1953 5713 3532 5786; baseline 0.006 -18"><span class='ocrx_word' id='word_1_1014' title='bbox 1953 5719 1992 5779; x_wconf 73' lang='lat' dir='ltr'>Eg</span> <span class='ocrx_word' id='word_1_1015' title='bbox 2025 5717 2286 5786; x_wconf 71' lang='grc' dir='ltr'>οὐρανοὺς</span> <span class='ocrx_word' id='word_1_1016' title='bbox 2314 5718 2498 5771; x_wconf 80' lang='grc' dir='ltr'>ἄνοδον</span> <span class='ocrx_word' id='word_1_1017' title='bbox 2531 5735 2641 5773; x_wconf 83' lang='grc' dir='ltr'>οιη.</span> <span class='ocrx_word' id='word_1_1018' title='bbox 2671 5713 2831 5773; x_wconf 83' lang='grc' dir='ltr'>Α.’Β.</span> <span class='ocrx_word' id='word_1_1019' title='bbox 2862 5720 2930 5774; x_wconf 68' lang='grc' dir='ltr'>[ι’.</span> <span class='ocrx_word' id='word_1_1020' title='bbox 2949 5721 3019 5774; x_wconf 91' lang='lat' dir='ltr'><strong>ob</strong></span> <span class='ocrx_word' id='word_1_1021' title='bbox 3045 5713 3532 5777; x_wconf 61' lang='lat' dir='ltr'>hommoteléuldn.</span> 
     </span>
    </p>
   </div>
   <div class='ocr_carea' id='block_1_130' title="bbox 262 5785 1849 5862">
    <p class='ocr_par' dir='ltr' id='par_1_130' title="bbox 262 5785 1849 5862">
     <span class='ocr_line' id='line_1_130' title="bbox 262 5785 1849 5862; baseline 0.003 -26"><span class='ocrx_word' id='word_1_1022' title='bbox 262 5785 302 5815; x_wconf 83' lang='lat'>&quot;</span> <span class='ocrx_word' id='word_1_1023' title='bbox 333 5785 523 5862; x_wconf 59' lang='lat' dir='ltr'>Inpipj}</span> <span class='ocrx_word' id='word_1_1024' title='bbox 543 5785 606 5862; x_wconf 77' lang='grc' dir='ltr'>τὸ</span> <span class='ocrx_word' id='word_1_1025' title='bbox 621 5785 811 5862; x_wconf 81' lang='grc' dir='ltr'>ήθικόν</span> <span class='ocrx_word' id='word_1_1026' title='bbox 832 5788 983 5862; x_wconf 60' lang='lat' dir='ltr'>Arn).</span> <span class='ocrx_word' id='word_1_1027' title='bbox 1007 5788 1218 5862; x_wconf 72' lang='lat' dir='ltr'>Sav._&quot;</span> <span class='ocrx_word' id='word_1_1028' title='bbox 1242 5787 1497 5862; x_wconf 77' lang='grc' dir='ltr'>ἐνταῦθα]</span> <span class='ocrx_word' id='word_1_1029' title='bbox 1525 5789 1619 5862; x_wconf 75' lang='grc' dir='ltr'>καὶ</span> <span class='ocrx_word' id='word_1_1030' title='bbox 1641 5785 1849 5862; x_wconf 70' lang='grc' dir='ltr'>ἐνταῦθι</span> 
     </span>
    </p>
   </div>
   <div class='ocr_carea' id='block_1_131' title="bbox 1953 5785 3540 5862">
    <p class='ocr_par' dir='ltr' id='par_1_131' title="bbox 1953 5785 3540 5862">
     <span class='ocr_line' id='line_1_131' title="bbox 1953 5785 3540 5862; baseline 0.003 -21"><span class='ocrx_word' id='word_1_1031' title='bbox 1953 5788 2039 5862; x_wconf 56' lang='grc' dir='ltr'>[ιρι.</span> <span class='ocrx_word' id='word_1_1032' title='bbox 2085 5785 2126 5818; x_wconf 71' lang='grc'>³⁸</span> <span class='ocrx_word' id='word_1_1033' title='bbox 2140 5790 2228 5842; x_wconf 77' lang='lat' dir='ltr'>Sic</span> <span class='ocrx_word' id='word_1_1034' title='bbox 2256 5789 2315 5840; x_wconf 87' lang='lat' dir='ltr'>B.</span> <span class='ocrx_word' id='word_1_1035' title='bbox 2440 5792 2600 5859; x_wconf 75' lang='lat' dir='ltr'><strong>vulgo</strong></span> <span class='ocrx_word' id='word_1_1036' title='bbox 2625 5790 3078 5859; x_wconf 86' lang='grc' dir='ltr'>μεταϐάλλεσθαι.</span> <span class='ocrx_word' id='word_1_1037' title='bbox 3122 5793 3166 5823; x_wconf 69' lang='grc'>³⁵</span> <span class='ocrx_word' id='word_1_1038' title='bbox 3191 5793 3540 5862; x_wconf 82' lang='grc' dir='ltr'>μεταϐληθῶ-</span> 
     </span>
    </p>
   </div>
   <div class='ocr_carea' id='block_1_132' title="bbox 265 5856 1849 5935">
    <p class='ocr_par' dir='ltr' id='par_1_132' title="bbox 265 5856 1849 5935">
     <span class='ocr_line' id='line_1_132' title="bbox 265 5856 1849 5935; baseline -0.003 -28"><span class='ocrx_word' id='word_1_1039' title='bbox 265 5872 358 5924; x_wconf 87' lang='grc' dir='ltr'>μεν</span> <span class='ocrx_word' id='word_1_1040' title='bbox 377 5858 440 5935; x_wconf 51' lang='grc' dir='ltr'>εὶ.</span> <span class='ocrx_word' id='word_1_1041' title='bbox 469 5856 531 5908; x_wconf 83' lang='grc' dir='ltr'>Β.</span> <span class='ocrx_word' id='word_1_1042' title='bbox 549 5856 612 5908; x_wconf 66' lang='grc'>(3.</span> <span class='ocrx_word' id='word_1_1043' title='bbox 688 5858 766 5919; x_wconf 85' lang='grc' dir='ltr'>εἰς</span> <span class='ocrx_word' id='word_1_1044' title='bbox 788 5858 1109 5935; x_wconf 59' lang='grc' dir='ltr'>ἁρετήνοιη.</span> <span class='ocrx_word' id='word_1_1045' title='bbox 1238 5859 1282 5889; x_wconf 65' lang='grc' dir='ltr'>⁸ο</span> <span class='ocrx_word' id='word_1_1046' title='bbox 1301 5856 1849 5935; x_wconf 37' lang='grc' dir='ltr'>ἐλεημοσύνηνλβίίῖ]</span> 
     </span>
    </p>
   </div>
   <div class='ocr_carea' id='block_1_133' title="bbox 1953 5856 3540 5935">
    <p class='ocr_par' dir='ltr' id='par_1_133' title="bbox 1953 5856 3540 5935">
     <span class='ocr_line' id='line_1_133' title="bbox 1953 5856 3540 5935; baseline 0.003 -23"><span class='ocrx_word' id='word_1_1047' title='bbox 1953 5860 2126 5935; x_wconf 73' lang='lat' dir='ltr'>ui_da_n_1</span> <span class='ocrx_word' id='word_1_1048' title='bbox 2167 5879 2183 5907; x_wconf 73' lang='grc' dir='ltr'>ι</span> <span class='ocrx_word' id='word_1_1049' title='bbox 2222 5861 2360 5926; x_wconf 74' lang='lat' dir='ltr'>apud</span> <span class='ocrx_word' id='word_1_1050' title='bbox 2396 5856 2986 5935; x_wconf 10' lang='lat' dir='ltr'>Ben.&#39;cp&#39;ncineinlibps</span> <span class='ocrx_word' id='word_1_1051' title='bbox 3030 5856 3271 5935; x_wconf 61' lang='lat' dir='ltr'>Interim.</span> <span class='ocrx_word' id='word_1_1052' title='bbox 3316 5856 3540 5935; x_wconf 79' lang='grc' dir='ltr'>ἀνελεή-</span> 
     </span>
    </p>
   </div>
   <div class='ocr_carea' id='block_1_134' title="bbox 262 5924 1849 6001">
    <p class='ocr_par' dir='ltr' id='par_1_134' title="bbox 262 5924 1849 6001">
     <span class='ocr_line' id='line_1_134' title="bbox 262 5924 1849 6001; baseline 0.002 -24"><span class='ocrx_word' id='word_1_1053' title='bbox 262 5924 496 5995; x_wconf 81' lang='grc' dir='ltr'>μοσύνην</span> <span class='ocrx_word' id='word_1_1054' title='bbox 525 5941 719 6001; x_wconf 57' lang='grc' dir='ltr'>οιιιηοξ</span> <span class='ocrx_word' id='word_1_1055' title='bbox 753 5924 855 6001; x_wconf 67' lang='grc' dir='ltr'>ιιιιῖῇ</span> <span class='ocrx_word' id='word_1_1056' title='bbox 880 5924 1165 6001; x_wconf 20' lang='grc' dir='ltr'>ςιιςιιιλΕιίιι.</span> <span class='ocrx_word' id='word_1_1057' title='bbox 1239 5930 1281 5960; x_wconf 56' lang='grc' dir='ltr'>δι</span> <span class='ocrx_word' id='word_1_1058' title='bbox 1308 5924 1647 6001; x_wconf 71' lang='grc' dir='ltr'>προαπόθου]</span> <span class='ocrx_word' id='word_1_1059' title='bbox 1675 5924 1773 5982; x_wconf 75' lang='lat' dir='ltr'>Sic</span> 
     </span>
    </p>
   </div>
   <div class='ocr_carea' id='block_1_135' title="bbox 1953 5924 3533 6001">
    <p class='ocr_par' dir='ltr' id='par_1_135' title="bbox 1956 5924 3533 6001">
     <span class='ocr_line' id='line_1_135' title="bbox 1956 5924 3533 6001; baseline 0.006 -22"><span class='ocrx_word' id='word_1_1060' title='bbox 1956 5930 2185 6001; x_wconf 63' lang='grc' dir='ltr'>Δἀπόθου</span> <span class='ocrx_word' id='word_1_1061' title='bbox 2221 5924 2552 6001; x_wconf 62' lang='grc' dir='ltr'>ιιιυιριηυιον</span> <span class='ocrx_word' id='word_1_1062' title='bbox 2573 5931 2636 5985; x_wconf 81' lang='grc' dir='ltr'>Α.</span> <span class='ocrx_word' id='word_1_1063' title='bbox 2666 5933 2760 6001; x_wconf 84' lang='lat' dir='ltr'>qui</span> <span class='ocrx_word' id='word_1_1064' title='bbox 2781 5932 3002 5988; x_wconf 87' lang='grc' dir='ltr'>ἀπώθου</span> <span class='ocrx_word' id='word_1_1065' title='bbox 3029 5924 3362 5989; x_wconf 56' lang='grc' dir='ltr'>ΙιδὺιτιίῬυδι</span> <span class='ocrx_word' id='word_1_1066' title='bbox 3393 5935 3450 5989; x_wconf 91' lang='lat' dir='ltr'>h.</span> <span class='ocrx_word' id='word_1_1067' title='bbox 3481 5924 3533 5989; x_wconf 62' lang='grc' dir='ltr'>ὖ.</span> 
     </span>
    </p>
   </div>
   <div class='ocr_carea' id='block_1_136' title="bbox 258 5993 1652 6069">
    <p class='ocr_par' dir='ltr' id='par_1_136' title="bbox 258 5993 1652 6069">
     <span class='ocr_line' id='line_1_136' title="bbox 258 5993 1652 6069; baseline 0.004 -22"><span class='ocrx_word' id='word_1_1068' title='bbox 258 6003 332 6050; x_wconf 66' lang='lat' dir='ltr'>sic</span> <span class='ocrx_word' id='word_1_1069' title='bbox 361 5993 648 6069; x_wconf 15' lang='lat' dir='ltr'>cplilAingla‘l</span> <span class='ocrx_word' id='word_1_1070' title='bbox 774 5998 867 6069; x_wconf 75' lang='grc' dir='ltr'>καὶ</span> <span class='ocrx_word' id='word_1_1071' title='bbox 905 5998 1170 6069; x_wconf 34' lang='grc' dir='ltr'>οὑυλήψει</span> <span class='ocrx_word' id='word_1_1072' title='bbox 1204 5993 1399 6068; x_wconf 75' lang='grc' dir='ltr'>πεῖραν</span> <span class='ocrx_word' id='word_1_1073' title='bbox 1413 5998 1504 6052; x_wconf 84' lang='grc' dir='ltr'>τοῦ</span> <span class='ocrx_word' id='word_1_1074' title='bbox 1531 6019 1585 6052; x_wconf 84' lang='grc' dir='ltr'>π.</span> <span class='ocrx_word' id='word_1_1075' title='bbox 1607 5993 1652 6053; x_wconf 60' lang='grc' dir='ltr'>ἐξ</span> 
     </span>
    </p>
   </div>
   <div class='ocr_carea' id='block_1_137' title="bbox 1735 5999 2780 6071">
    <p class='ocr_par' dir='ltr' id='par_1_137' title="bbox 1735 5999 2780 6071">
     <span class='ocr_line' id='line_1_137' title="bbox 1735 5999 2780 6071; baseline 0.032 -24"><span class='ocrx_word' id='word_1_1076' title='bbox 1793 5999 1921 6051; x_wconf 71' lang='grc' dir='ltr'>οὔτε</span> <span class='ocrx_word' id='word_1_1077' title='bbox 1954 5999 2120 6071; x_wconf 59' lang='grc' dir='ltr'>Ειω,</span> <span class='ocrx_word' id='word_1_1078' title='bbox 2160 6002 2202 6032; x_wconf 61' lang='grc'>³³</span> <span class='ocrx_word' id='word_1_1079' title='bbox 2227 6000 2345 6070; x_wconf 69' lang='grc' dir='ltr'>τῆς]</span> <span class='ocrx_word' id='word_1_1080' title='bbox 2374 6003 2481 6053; x_wconf 67' lang='grc' dir='ltr'>ἀπὸ</span> <span class='ocrx_word' id='word_1_1081' title='bbox 2513 6002 2609 6071; x_wconf 73' lang='grc' dir='ltr'>τῆς</span> <span class='ocrx_word' id='word_1_1082' title='bbox 2641 5999 2780 6062; x_wconf 59' lang='grc' dir='ltr'>Εδά·</span> 
     </span>
    </p>
   </div>
   <div class='ocr_carea' id='block_1_138' title="bbox 2865 6003 3539 6079">
    <p class='ocr_par' dir='ltr' id='par_1_138' title="bbox 2865 6003 3539 6079">
     <span class='ocr_line' id='line_1_138' title="bbox 2865 6003 3539 6079; baseline 0.001 -19"><span class='ocrx_word' id='word_1_1083' title='bbox 2865 6005 2910 6079; x_wconf 52' lang='lat' dir='ltr'>f&quot;</span> <span class='ocrx_word' id='word_1_1084' title='bbox 2935 6007 3268 6078; x_wconf 72' lang='grc' dir='ltr'>ἀναχωρεῖτε</span> <span class='ocrx_word' id='word_1_1085' title='bbox 3297 6004 3359 6060; x_wconf 88' lang='lat' dir='ltr'>D.</span> <span class='ocrx_word' id='word_1_1086' title='bbox 3387 6003 3448 6061; x_wconf 82' lang='lat' dir='ltr'>F.</span> <span class='ocrx_word' id='word_1_1087' title='bbox 3482 6013 3539 6070; x_wconf 77' lang='lat' dir='ltr'>el</span> 
     </span>
    </p>
   </div>
   <div class='ocr_carea' id='block_1_139' title="bbox 261 6065 2728 6149">
    <p class='ocr_par' dir='ltr' id='par_1_139' title="bbox 261 6065 2728 6149">
     <span class='ocr_line' id='line_1_139' title="bbox 261 6065 2728 6149; baseline 0.006 -31"><span class='ocrx_word' id='word_1_1088' title='bbox 261 6079 338 6134; x_wconf 82' lang='lat' dir='ltr'>pr.</span> <span class='ocrx_word' id='word_1_1089' title='bbox 366 6067 426 6124; x_wconf 71' lang='grc' dir='ltr'>υ.</span> <span class='ocrx_word' id='word_1_1090' title='bbox 448 6065 626 6142; x_wconf 78' lang='grc' dir='ltr'>οὐδέν]</span> <span class='ocrx_word' id='word_1_1091' title='bbox 645 6067 766 6122; x_wconf 78' lang='grc' dir='ltr'>οὐδέ</span> <span class='ocrx_word' id='word_1_1092' title='bbox 795 6066 854 6124; x_wconf 86' lang='grc' dir='ltr'>Β.</span> <span class='ocrx_word' id='word_1_1093' title='bbox 880 6069 941 6124; x_wconf 81' lang='lat' dir='ltr'>C.</span> <span class='ocrx_word' id='word_1_1094' title='bbox 967 6067 1031 6124; x_wconf 89' lang='grc' dir='ltr'>Ε.</span> <span class='ocrx_word' id='word_1_1095' title='bbox 1065 6065 1120 6101; x_wconf 68' lang='grc'>’⁸⁵</span> <span class='ocrx_word' id='word_1_1096' title='bbox 1148 6065 1488 6141; x_wconf 73' lang='grc' dir='ltr'>μεθιστῶμεν</span> <span class='ocrx_word' id='word_1_1097' title='bbox 1518 6069 1578 6126; x_wconf 87' lang='grc' dir='ltr'>Β.</span> <span class='ocrx_word' id='word_1_1098' title='bbox 1610 6070 1673 6128; x_wconf 74' lang='lat' dir='ltr'>F.</span> <span class='ocrx_word' id='word_1_1099' title='bbox 1716 6070 1780 6144; x_wconf 48' lang='lat'>“5</span> <span class='ocrx_word' id='word_1_1100' title='bbox 1816 6071 1946 6142; x_wconf 80' lang='grc' dir='ltr'>ὑμῖν</span> <span class='ocrx_word' id='word_1_1101' title='bbox 1968 6088 2077 6129; x_wconf 83' lang='lat' dir='ltr'>om.</span> <span class='ocrx_word' id='word_1_1102' title='bbox 2103 6070 2165 6128; x_wconf 83' lang='grc' dir='ltr'>Ι).</span> <span class='ocrx_word' id='word_1_1103' title='bbox 2207 6065 2468 6149; x_wconf 41' lang='grc' dir='ltr'>έθιᾶὅω]</span> <span class='ocrx_word' id='word_1_1104' title='bbox 2488 6065 2728 6146; x_wconf 66' lang='grc' dir='ltr'>φέῥωΑ.</span> 
     </span>
    </p>
   </div>
  </div>
