4050 6364
254 362 353 416 9οι

250 473 389 537 aliis,
414 471 673 529 informes
696 481 753 528 et
781 473 1050 527 distortas.
1086 471 1285 526 Deinde
1314 486 1458 533 cum,
1494 469 1597 523 illis
1622 466 1833 532 deletis,

252 569 430 622 literas
472 585 539 624 ex
587 568 790 637 Spiritu
841 568 1102 637 profectas
1151 568 1550 636 inscripsimus,
1581 566 1837 619 abeuntes

250 676 365 722 vos,
394 672 451 715 et
486 662 683 715 diaboli
715 662 1112 731 operationibus
1136 661 1295 714 corda
1324 670 1499 714 vestra
1546 659 1834 717 tradentes.

250 750 551 807 facultatem
599 754 697 822 ipsi
740 754 987 823 praebetis
1016 764 1072 807 ut
1103 754 1299 809 nostris
1324 753 1620 807 contrarias
1660 752 1838 806 literas

251 862 460 900 rursum
501 846 777 901 inscribat.
811 848 909 913 Qui
940 848 1144 901 futurus
1167 847 1237 899 sit
1266 847 1453 899 horum
1484 846 1605 899 linis
1629 846 1837 899 etiamsi

248 952 347 1007 ego
377 952 482 990 non
515 938 742 991 dixerim
762 979 778 1003 ,
808 938 1133 1007 Singulorum
1165 938 1488 991 conscientia
1527 937 1690 989 novit.
1724 936 1837 1004 Ego

248 1041 394 1082 certe
422 1046 709 1100 numquam
732 1032 954 1084 cessabo
974 1047 1091 1101 qua:
1110 1032 1212 1085 mei
1232 1042 1354 1086 sunt
1374 1030 1533 1084 officii
1559 1040 1832 1099 praestare,

246 1129 529 1189 rectasque
551 1122 734 1175 literas
764 1122 1073 1177 inscribere.
1105 1122 1160 1177 Si
1190 1132 1365 1177 autem
1391 1138 1483 1178 vos
1509 1123 1836 1193 diligentiam

248 1222 487 1265 nostram
536 1213 887 1278 labefactelis,
940 1213 1095 1267 nobis
1139 1215 1353 1284 quidem
1401 1229 1607 1268 merces
1657 1222 1837 1266 n0stra

245 1314 430 1358 manet
454 1305 761 1369 immobilis,
785 1306 934 1361 vobis
956 1316 1130 1362 autem
1147 1323 1251 1361 non
1272 1322 1490 1376 parvum
1512 1305 1834 1376 periculum;

246 1414 434 1453 verum
462 1400 591 1455 nihil
624 1400 744 1455 volo
768 1402 979 1469 gravius
1007 1400 1267 1470 proferre.

318 1490 370 1543 8.
403 1489 468 1543 In
505 1492 685 1544 virtute
724 1509 1020 1561 progressus
1053 1493 1141 1562 qui
1176 1493 1287 1559 ﬁat.
1319 1490 1505 1545 Contra
1521 1490 1853 1560 juramenta.‘

253 1580 403 1634 Vana
438 1582 606 1652 gloria
641 1583 866 1637 vitanda.
887 1613 956 1622 —
980 1583 1086 1638 Sed
1125 1598 1219 1637 vos
1257 1582 1481 1637 obsecro
1517 1591 1571 1636 et
1608 1596 1705 1634 oro
1729 1621 1745 1646 ,
1782 1588 1839 1633 ut

244 1673 589 1742 parvulorum
631 1674 818 1727 saltem
858 1674 1184 1744 diligentiam
1224 1674 1324 1731 hac
1362 1675 1411 1727 in
1442 1690 1502 1728 re
1534 1672 1834 1728 imitemini.

245 1763 377 1817 Nam
419 1764 495 1819 illi
540 1766 709 1833 primo
738 1766 954 1836 quidem
984 1767 1256 1820 literarum
1297 1766 1519 1819 formam
1559 1764 1833 1827 ediscunt;

245 1854 443 1909 deinde
488 1854 745 1910 distortas
794 1856 911 1910 illas
959 1872 1250 1925 agnoscere
1283 1856 1530 1920 student;
1560 1863 1744 1925 postea
1769 1854 1837 1910 ad

246 1950 529 2004 lectionem
561 1951 698 2003 viam
732 1934 937 2019 parant.
982 1950 1069 2006 Sic
1097 1960 1148 2007 et
1178 1967 1275 2005 nos
1306 1950 1564 2007 faciamus
1597 1970 1610 2005 :
1644 1952 1839 2006 virtute

244 2043 299 2093 in
328 2050 511 2111 partes
539 2040 731 2107 divisa,
766 2042 935 2111 primo
962 2042 1231 2097 discamus
1257 2058 1363 2097 non
1387 2042 1603 2112 jurare,
1623 2058 1719 2098 nec
1746 2059 1839 2112 pe-

242 2132 419 2199 jcrare
440 2174 453 2196 ,
484 2147 657 2195 neque
686 2132 1040 2199 maledicere;
1068 2134 1261 2189 deinde
1284 2177 1299 2200 ,
1332 2133 1400 2189 ad
1460 2135 1626 2194 alium
1696 2154 1833 2194 ver-

238 2238 359 2279 sum
384 2226 676 2294 progressi,
702 2242 809 2280 non
834 2226 1073 2282 invidere
1095 2228 1235 2293 aliis,
1256 2243 1361 2282 nou
1380 2238 1614 2296 corpora
1631 2243 1833 2294 amare,

245 2330 352 2368 non
384 2316 561 2370 ventri
589 2317 886 2387 indulgere,
916 2333 1021 2371 non
1052 2318 1325 2383 inebriari,
1354 2333 1458 2372 non
1491 2318 1833 2382 inhumanos,

245 2421 351 2459 non
379 2410 639 2463 socordes
666 2424 814 2473 esse;
844 2420 900 2463 ut
918 2409 1043 2464 hinc
1067 2426 1250 2464 rursus
1266 2410 1332 2465 ad
1349 2410 1639 2480 spiritualia
1665 2420 1838 2466 trans-

245 2510 455 2564 euntes,
480 2517 697 2569 operam
721 2502 911 2557 demus
933 2503 1317 2571 temperantiae,
1332 2504 1534 2558 ventris
1551 2504 1836 2572 neglectni,

247 2593 503 2655 castitati,
530 2594 715 2663 gloriae
736 2595 1087 2663 contemptui,
1107 2595 1407 2661 modestiae,
1437 2596 1617 2649 cordis
1637 2597 1840 2650 contri-

248 2683 415 2746 tioni;
463 2694 515 2737 et
556 2685 671 2738 haec
705 2684 861 2737 simul
888 2685 1064 2738 omnia
1108 2685 1448 2753 copulemus,
1478 2696 1532 2741 et
1569 2687 1621 2740 in
1662 2688 1837 2742 anima

248 2785 428 2828 nostra
453 2776 830 2830 inscribamus.
854 2778 1027 2847 Atque
1050 2776 1163 2831 haec
1179 2779 1356 2832 omnia
1378 2778 1543 2845 domi,
1565 2795 1682 2833 cum
1706 2779 1842 2833 arni-

244 2868 345 2933 cis,
377 2884 499 2922 cum
529 2884 701 2923 uxore
725 2911 739 2933 ,
775 2884 894 2923 cum
942 2870 1063 2923 filiis
1103 2884 1469 2927 exerceamus.
1499 2872 1541 2924 A
1574 2871 1839 2940 prioribus

249 2969 426 3012 autem
468 2970 523 3014 et
568 2959 897 3014 facilioribus
942 2960 1293 3029 incipiamus;
1346 2961 1576 3031 exempli
1599 2977 1837 3025 causa,a

244 3050 674 3119 juramentorum
695 3052 1013 3105 abstinentia
1034 3068 1045 3104 :
1068 3051 1167 3105 hoc
1184 3052 1504 3106 elementum
1531 3054 1839 3123 frequenter

246 3142 391 3195 domi
424 3143 766 3198 meditemur.
798 3141 931 3207 Huic
962 3157 1122 3212 porro
1141 3143 1471 3197 meditationi
1501 3144 1661 3198 multa
1693 3142 1837 3198 domi

247 3235 305 3288 of
307 3238 491 3289 liciunt
520 3254 532 3288 :
562 3252 686 3290 nam
711 3236 937 3290 famulus
960 3234 1027 3290 ad
1049 3236 1378 3291 iracundiam
1400 3246 1680 3308 provocat,
1706 3252 1839 3291 uxor

247 3331 476 3384 molesta
507 3330 642 3383 iram
664 3329 881 3393 excitat,
916 3329 1055 3385 filius
1078 3330 1448 3399 immorigerus
1476 3340 1531 3384 et
1560 3328 1836 3384 inordina-

248 3430 332 3475 tus
362 3419 432 3473 ad
459 3421 635 3474 minas
662 3429 717 3475 et
738 3420 1101 3490 juramentum
1135 3421 1373 3476 deducit.
1405 3420 1459 3477 Si
1490 3422 1668 3489 itaque
1693 3420 1838 3475 domi

246 3512 442 3581 sepius
460 3512 531 3566 ab
556 3513 639 3566 his
664 3513 982 3578 concitatus,
1013 3513 1286 3568 abstineas
1313 3523 1486 3566 tamen
1513 3529 1543 3567 a
1568 3497 1840 3582 iuramen-

247 3606 335 3670 tis,
361 3603 519 3659 facile
539 3606 742 3674 poteris
766 3607 927 3661 etiam
958 3607 1011 3660 in
1040 3606 1155 3661 foro
1184 3607 1414 3660 invictus
1442 3621 1787 3675 perseverare
1820 3622 1835 3658 :

246 3696 355 3750 imo
400 3700 561 3750 etiam
608 3696 661 3751 id
706 3699 1089 3767 consequeris,
1130 3707 1189 3752 ut
1233 3697 1432 3753 nemini
1463 3696 1839 3751 contumeliam

248 3786 446 3842 inferas
470 3829 486 3853 ,
532 3802 639 3842 non
675 3790 849 3856 uxori,
883 3805 988 3843 non
1020 3788 1242 3854 famulo,
1278 3805 1384 3843 non
1420 3787 1838 3847 domesticorum

246 3876 498 3948 cuipiam.
534 3878 745 3933 Etenim
767 3895 899 3939 uxor
920 3895 1064 3949 saepe
1082 3881 1244 3935 alium
1265 3879 1570 3950 quempiam
1595 3879 1835 3943 laudans,

247 3980 301 4025 et
339 3985 463 4027 sese
505 3971 757 4025 miseram
798 3970 1130 4039 przedicans,
1158 3971 1329 4033 virum
1361 3970 1632 4037 incendit,
1666 3978 1723 4023 ut
1762 3969 1838 4023 illi

250 4062 551 4117 maledicat.
582 4061 662 4115 Tu
694 4078 821 4116 vero
849 4078 917 4118 ne
947 4063 1114 4117 iratus
1143 4078 1209 4117 eo
1241 4063 1500 4132 procedas
1522 4104 1537 4127 ,
1569 4071 1624 4115 ut
1653 4060 1837 4122 lauda-

249 4165 360 4209 tum
394 4156 667 4225 vituperes
690 4194 705 4220 ,
748 4154 841 4209 sed
868 4156 1044 4209 omnia
1074 4156 1284 4210 fortiter
1312 4157 1484 4221 feras;
1515 4155 1726 4211 etiamsi
1754 4154 1836 4207 fa-

250 4247 420 4300 mulos
442 4258 562 4301 tuos
583 4246 766 4301 videas
794 4245 1035 4301 laudibus
1058 4247 1216 4302 heros
1239 4246 1375 4309 alios
1395 4246 1609 4312 efferre,
1633 4262 1700 4300 ne
1729 4254 1839 4299 tur-

254 4340 413 4405 beris,
437 4340 533 4394 sed
560 4340 787 4394 viriliter
811 4341 1034 4395 sustine.
1064 4341 1148 4395 Sit
1178 4340 1271 4394 tibi
1299 4339 1492 4394 domus
1520 4340 1763 4409 palmstra
1786 4346 1841 4393 et

252 4432 557 4487 certaminis
588 4432 758 4497 locus,
784 4442 841 4486 ut
862 4431 934 4486 ibi
964 4432 1132 4502 probe
1155 4433 1495 4499 exercitatus,
1522 4447 1641 4487 cum
1670 4431 1837 4485 multa

264 4602 500 4616 -

507 4606 872 4619 —_——_——.

1386 357 1456 413 IN
1488 352 1895 411 MATTHIEUM
1933 353 2163 411 HOMIL.
2208 358 2321 415 ΧΠ.

3425 367 3530 423 293

1944 470 2131 537 peritia
2172 472 2223 525 in
2266 471 2381 527 foro
2408 488 2528 527 cum
2556 475 2677 529 aliis
2706 480 3090 547 congrediaris.
3122 480 3357 552 idipsum
3388 487 3532 545 circa

1944 580 2133 623 vanam
2156 568 2378 637 gloriam
2401 569 2577 623 facito.
2610 570 2665 623 Si
2693 571 2840 625 enim
2864 572 3132 629 studueris
3151 591 3181 629 a
3205 592 3337 631 vana
3362 580 3530 649 gloria

1944 658 2213 713 abstinere
2238 673 2357 713 cum
2390 676 2555 715 uxore
2579 670 2632 715 et
2659 662 2840 718 liberis
2859 705 2875 729 ,
2904 673 2959 719 et
2986 664 3199 721 famulis
3219 707 3234 732 ,
3263 669 3403 737 apud
3431 687 3532 726 ne-

1945 751 2141 806 minem
2168 752 2327 805 alium
2353 753 2441 806 tali
2469 753 2659 807 morbo
2684 753 2840 809 facile
2869 757 3119 826 capieris.
3155 758 3361 829 Ubique
3390 762 3533 816 enim

1945 843 2031 898 hic
2070 845 2286 900 morbus
2325 847 2502 913 gravis
2541 848 2950 919 tyrannicusque
2988 859 3103 918 est,
3140 855 3373 909 maxime
3406 872 3535 909 vero

1944 951 2065 988 cum
2119 936 2269 991 adest
2324 952 2476 990 uxor.
2534 936 2591 993 Si
2641 954 2770 1008 ergo
2821 946 2947 994 tunc
2994 940 3145 995 illum
3189 957 3532 1013 superemus,

1946 1030 2091 1083 nullo
2129 1031 2341 1099 negotio
2375 1032 2501 1087 alibi
2544 1032 2961 1103 profligabimus.
3001 1033 3155 1090 Circa
3196 1036 3331 1090 alios
3368 1039 3529 1097 etiam

1944 1123 2107 1178 animi
2146 1126 2361 1179 morbos
2396 1125 2624 1196 idipsum
2667 1136 2983 1197 prmstemus
3005 1169 3022 1195 ,
3053 1128 3306 1199 domique
3336 1130 3530 1185 adver-

1946 1231 2036 1268 sus
2066 1216 2185 1270 illos
2218 1232 2315 1270 nos
2340 1232 2720 1284 exerceamus,
2760 1219 2997 1289 quotidie
3041 1220 3339 1289 palaestram
3384 1222 3530 1277 illam

1944 1304 2220 1360 adeuntes.
2277 1306 2446 1375 thue
2475 1308 2680 1363 facilior
2706 1310 3017 1366 exercitatio
3045 1310 3135 1366 illa
3160 1311 3387 1378 evadat,
3429 1329 3527 1371 no-

1945 1396 2027 1450 bis
2078 1397 2207 1466 ipsis
2248 1400 2652 1468 castigationem
2695 1401 3028 1472 assignemus
3052 1441 3066 1468 ,
3104 1403 3149 1457 si
3191 1403 3245 1458 in
3279 1405 3532 1474 quoniam

1944 1490 2272 1559 propositum
2304 1492 2783 1562 trausgrediamur.
2829 1495 2910 1549 Sit
2939 1511 3100 1565 porro
3127 1498 3406 1568 castigatio
3436 1499 3525 1552 illa

1944 1595 2051 1634 non
2073 1580 2347 1646 damnum,
2379 1583 2473 1638 sed
2500 1585 2803 1640 mercedem
2829 1596 2885 1642 et
2914 1587 3122 1642 lucrum
3148 1589 3373 1643 multum
3402 1590 3533 1645 alle-

1944 1688 2102 1738 rens;
2133 1677 2365 1744 exempli
2394 1692 2579 1743 causa,
2602 1678 2645 1731 si
2668 1678 2887 1747 jejnniis
2912 1681 3120 1749 asperis
3148 1696 3247 1736 nos
3275 1682 3420 1751 ipsos
3439 1682 3535 1735 da-

1946 1780 2209 1829 mnemus,
2256 1767 2301 1820 si
2352 1766 2495 1820 humi
2542 1768 2944 1833 decumbamus,
2984 1772 3070 1826 vel
3118 1772 3531 1827 macerationem

1944 1857 2099 1911 aliam
2127 1857 2493 1913 adhibeamus.
2522 1860 2610 1915 Sic
2638 1860 2779 1914 enim
2806 1861 2969 1914 multa
2996 1861 3229 1931 undique
3256 1863 3410 1918 nobis
3438 1878 3530 1918 ac-

1943 1948 2138 2002 cedent
2169 1950 2332 2013 lucra,
2356 1959 2409 2003 et
2434 1950 2511 2003 sic
2542 1951 2593 2003 iu
2622 1951 2816 2006 virtute
2839 1952 2999 2005 vitam
3027 1954 3263 2008 suaviter
3289 1969 3530 2023 agemus,

1944 2044 2117 2096 futura
2145 2057 2537 2111 consequemur
2565 2044 2723 2105 bona,
2753 2059 2816 2098 ac
2843 2055 3100 2115 perpetuo
3124 2045 3221 2101 Dei
3245 2046 3399 2101 amici
3425 2048 3529 2102 θεία

1944 2149 2083 2191 mus.
2129 2133 2234 2189 Sed
2261 2150 2327 2189 ne
2354 2135 2539 2190 eadem
2568 2136 2680 2204 ipsa
2711 2152 2897 2193 rursus
2929 2138 3213 2205 eveniant,
3246 2124 3351 2193 neu
3382 2149 3529 2209 post-

1944 2240 2101 2294 quam
2124 2240 2185 2279 ea
2211 2242 2329 2295 qua:
2356 2225 2441 2280 hic
2465 2225 2603 2279 dicta
2628 2235 2754 2280 sunt
2780 2227 3027 2282 admirati
3055 2227 3530 2299 fueritis,,egressi,

1944 2315 2275 2386 negligenter
2299 2317 2691 2386 oscitanterque
2715 2357 2731 2381 ,
2766 2318 2973 2387 abjecta
3007 2319 3203 2377 mentis
3227 2330 3422 2375 vostra:
3449 2330 3529 2375 ta-

1943 2406 2068 2461 bula
2090 2448 2104 2471 ,
2140 2407 2254 2461 hac
2282 2406 2493 2462 delendi
2528 2423 2716 2462 ansam
2751 2408 2964 2463 diabolo
3006 2409 3320 2478 praebeatis;
3364 2426 3525 2464 unus-

1945 2498 2171 2568 quisque
2213 2498 2431 2553 domum
2470 2513 2785 2568 regressus,
2811 2508 2968 2554 vocet
3008 2515 3264 2567 uxorem,
3302 2501 3419 2556 haec
3458 2501 3533 2556 illi

1946 2590 2244 2655 denuntiet,
2276 2592 2551 2662 ipsamque
2577 2602 2815 2647 assumat
2840 2593 3192 2663 adjutricem;
3220 2593 3288 2649 ab
3310 2594 3410 2650 hac
3432 2609 3529 2649 au-

1947 2692 2051 2736 tem
2076 2683 2163 2737 die
2190 2683 2240 2736 in
2271 2683 2548 2752 pulchram
2577 2684 2721 2738 illam
2745 2684 3049 2754 palaestram
3076 2684 3386 2752 descendat,
3411 2685 3536 2741 oleo

1945 2789 2074 2829 usus
2100 2775 2329 2845 Spiritus
2357 2776 2528 2830 sancti
2558 2777 2777 2831 auxilio.
2808 2778 2920 2833 Etsi
2942 2792 3072 2833 vero
3095 2777 3286 2841 semel,
3318 2785 3410 2831 aut
3430 2778 3531 2841 bis,

1944 2875 2037 2920 aut
2078 2867 2278 2938 pluries
2319 2868 2370 2921 in
2414 2868 2507 2922 tali
2551 2869 2815 2923 exercitio
2851 2870 3125 2935 concidas,
3160 2884 3227 2925 ne
3254 2870 3530 2939 desperes,

1944 2959 2039 3015 sed
2066 2970 2143 3015 sta
2174 2976 2386 3015 rursum
2416 2972 2470 3015 et
2500 2961 2748 3027 decerta;
2781 2977 2879 3017 nec
2904 2962 3050 3032 prius
3076 2962 3307 3017 absistas
3329 3004 3345 3029 ,
3374 2978 3534 3033 quam

1944 3051 2279 3121 splendidam
2305 3061 2491 3107 contra
2521 3053 2791 3107 diabolum
2819 3053 3096 3108 victoriam
3129 3055 3485 3123 reportaveris
3520 3074 3533 3110 :

1943 3153 1999 3199 et
2028 3144 2079 3198 in
2113 3145 2377 3199 tutissimo
2397 3145 2609 3199 virtutis
2639 3145 2890 3199 thesauro
2916 3145 3220 3215 depositura
3250 3144 3533 3200 recondas.

1942 3234 2076 3289 Nam
2104 3235 2150 3290 si
2176 3235 2301 3290 huic
2327 3236 2563 3305 pulchra:
2590 3236 2942 3305 philosophiae
2970 3251 3279 3302 assuescas,
3313 3252 3420 3291 non
3448 3239 3536 3292 ul-

1947 3336 2026 3382 tra
2066 3326 2266 3396 poteris
2294 3343 2359 3382 ex
2387 3327 2615 3397 segnitie
2655 3327 2904 3381 mandata
2938 3328 3190 3396 quislibet
3216 3329 3549 3399 transgredi,

1944 3418 2332 3473 consuetudine
2374 3429 2578 3471 natura:
2620 3417 2926 3471 firmitatem
2967 3417 3228 3471 imitante.
3264 3417 3533 3484 Quemad-

1946 3510 2163 3565 modum
2207 3508 2350 3565 enim
2395 3510 2552 3563 facile
2593 3520 2675 3564 est
2698 3509 2969 3576 dormire,
2994 3509 3294 3575 comedere,
3327 3509 3549 3577 bibere,

1948 3603 2213 3671 respirare
2235 3643 2249 3665 ,
2281 3603 2351 3655 ita
2383 3602 2538 3656 nobis
2560 3601 2735 3655 facilia
2762 3611 2920 3655 erunt
2956 3616 3019 3671 ea
3052 3616 3171 3670 qum
3196 3600 3262 3655 ad
3284 3600 3545 3656 virtutem

1946 3700 2210 3763 spectant,
2233 3708 2528 3763 puramque
2559 3692 2701 3747 illam
2732 3706 3083 3762 assequemur
3107 3691 3449 3761 voluptatem,
3481 3691 3536 3746 in

1948 3795 2060 3838 tuto
2089 3793 2245 3855 portu
2270 3783 2579 3850 constituti,
2607 3793 2662 3838 et
2686 3792 2941 3852 perpetua
2967 3782 3207 3837 fruentes
3234 3781 3534 3852 tranquilli-

1947 3890 2055 3935 tate
2081 3921 2096 3945 ,
2134 3880 2418 3948 navimque
2445 3878 2651 3948 magnis
2679 3877 2870 3947 opibus
2900 3886 3145 3931 onustam
3174 3875 3227 3929 in
3258 3874 3531 3929 civitatem

1948 3973 2090 4027 illam
2119 3971 2450 4042 appellantes
2490 3970 2542 4024 in
2587 3969 2676 4024 die
2719 3970 2845 4033 illa,
2889 3982 3116 4022 coronas
3143 3980 3547 4036 consequemur,

1947 4080 2054 4119 non
2084 4064 2256 4119 ﬂuxas
2289 4082 2301 4117 :
2331 4078 2465 4134 quas
2503 4062 2704 4116 utinam
2754 4061 2911 4115 nobis
2950 4058 3189 4115 nancisci
3218 4056 3492 4125 contingat
3519 4098 3536 4122 ,

1945 4160 2113 4231 gratia
2141 4167 2199 4217 et
2224 4157 2549 4227 benignitate
2582 4154 2786 4209 Domini
2825 4152 2992 4206 nostri
3031 4150 3160 4205 Jesu
3196 4148 3418 4213 Christi,
3450 4150 3537 4203 cui

1945 4251 2112 4323 gloria
2142 4259 2199 4307 et
2224 4250 2531 4318 imperium,
2558 4261 2699 4304 nunc
2717 4254 2773 4302 et
2790 4260 3023 4316 semper,
3048 4251 3106 4298 et
3132 4241 3412 4303 inszecula
3437 4255 3549 4297 εωπ

1945 4344 2208 4407 culorum.
2242 4342 2432 4398 Amen.

876 4570 3535 4617 ________________,______________,,.._

1650 4718 1993 4795 HOMILIA
2039 4713 2187 4781 XII.

259 4921 380 4975 Car.
408 4922 461 4976 5.
489 4936 542 4972 v.
574 4920 663 4976 l5.
709 4919 849 4974 Tum:
897 4921 1028 4975 uenit
1067 4920 1223 4976 Iesus
1253 4938 1287 4974 a
1332 4918 1551 4975 Gatilaa
1573 4919 1625 4972 in
1650 4915 1842 4971 Iorda-

465 5026 583 5064 nem
607 5010 676 5065 ad
698 5009 951 5066 Joannem
967 5053 982 5078 ,
1011 5022 1065 5065 ut
1096 5011 1435 5078 baptizaretur
1458 5011 1521 5065 ab
1546 5026 1626 5066 eo;

329 5195 379 5245 l.
418 5190 553 5247 Cum
591 5164 803 5246 famulis
842 5192 1120 5257 Dominus,
1153 5207 1273 5247 cum
1315 5193 1421 5249 reis
1460 5191 1631 5248 Judex
1671 5192 1845 5261 bapti-

264 5284 458 5338 xandus
500 5284 667 5338 venit.
709 5282 815 5338 Sed
848 5299 915 5338 ne
965 5284 1195 5339 turberis
1229 5303 1241 5337 :
1273 5299 1397 5339 nam
1447 5284 1498 5338 in
1554 5284 1844 5338 humilibus

267 5372 562 5441 huiusmodi
589 5374 748 5429 rebus
777 5373 895 5444 ejus
936 5373 1196 5429 celsitudo
1243 5374 1475 5429 maxime
1513 5373 1839 5442 reSpIendet.

266 5466 361 5533 Qui
404 5467 547 5520 enim
594 5466 648 5520 in
680 5466 923 5536 virginali
968 5466 1123 5520 vulva
1168 5474 1316 5521 tanto
1361 5476 1600 5535 tempore
1645 5465 1844 5535 gestari

269 5572 448 5625 passus
467 5567 571 5623 est,
604 5566 661 5613 et
688 5555 810 5614 inde
830 5572 950 5612 cum
983 5565 1171 5612 natura
1203 5565 1383 5613 nostra
1416 5556 1650 5625 prodire,
1675 5556 1845 5626 alapis

268 5650 392 5703 cadi
419 5659 472 5704 et
499 5650 737 5719 crucifigi
763 5650 803 5715 ¹,
826 5650 996 5704 etalia
1013 5650 1214 5719 perpeti
1237 5666 1357 5720 qua:
1381 5664 1567 5719 passus
1593 5658 1693 5712 est,
1717 5650 1842 5720 quid

331 5829 347 5861 ι
371 5823 574 5887 Quidam
594 5834 702 5890 post
716 5838 908 5890 vocem,
932 5828 1171 5898 cmciﬁgi,
1191 5828 1389 5891 addunt,
1415 5834 1460 5880 ct
1482 5827 1690 5893 sepeliri.

1951 4904 2161 4961 miraris
2181 4905 2225 4957 si
2256 4899 2511 4970 baptizari
2554 4897 2799 4963 dignatus
2828 4894 2919 4956 sit,
2948 4904 3003 4947 et
3030 4907 3151 4947 cum
3172 4892 3290 4947 aliis
3314 4890 3382 4947 ad
3416 4906 3535 4947 ser.-

1949 5014 2074 5053 vum
2122 4992 2419 5049 accedere?
2462 4991 2595 5044 lllud
2648 4989 2790 5043 enim
2840 4985 3163 5055 stupendum
3210 4992 3345 5050 erat,
3391 4984 3537 5055 quod

1950 5088 2092 5143 Deus
2118 5101 2238 5140 cum
2267 5091 2430 5148 esset,
2456 5080 2616 5135 vellet
2638 5078 2800 5132 homo
2830 5076 2945 5130 fieri
2975 5094 2987 5129 :
3018 5085 3208 5131 caetera
3238 5075 3536 5133 verodein-

1951 5193 2079 5249 ceps
2106 5174 2398 5232 secundum
2442 5182 2641 5227 rectam
2669 5169 2929 5223 rationem
2957 5176 3379 5235 consequuntur.
3411 5165 3541 5222 Ideo

1954 5270 2096 5326 enim
2118 5267 2353 5324 Joannes
2380 5265 2561 5318 statim
2580 5262 2732 5325 dixit,
2762 5274 2821 5315 se
2846 5276 2951 5314 non
2980 5274 3101 5314 esse
3127 5258 3346 5329 dignum
3375 5260 3538 5313 corri-

1955 5366 2095 5437 giam
2145 5358 2494 5417 calceamenti
2533 5356 2649 5427 ejus
2700 5355 2929 5419 solvere,
2980 5362 3283 5422 (-mteraque
3334 5353 3537 5418 omnia,

1958 5471 2153 5526 nempe
2174 5454 2314 5525 quod
2338 5453 2504 5523 jndex
2529 5451 2619 5517 sit,
2651 5447 2793 5519 quod
2822 5464 2919 5518 pro
2950 5448 3143 5502 merito
3167 5446 3391 5515 singulis
3418 5446 3542 5501 red-

1952 5548 2061 5615 dat,
2089 5545 2337 5617 quodque
2362 5543 2616 5613 Spiritum
2658 5539 2859 5594 alfatim
2888 5538 3110 5593 daturus
3147 5538 3218 5593 sit
3245 5537 3536 5602 omnibus;

1953 5650 2012 5694 ut
2044 5654 2165 5694 cum
2211 5635 2408 5691 videris
2437 5650 2559 5688 eum
2585 5632 2651 5686 ad
2683 5630 3003 5700 baptismum
3042 5629 3343 5685 venientem
3365 5669 3379 5694 ,
3407 5627 3539 5683 nihil

1954 5731 2061 5786 vile
2090 5728 2399 5799 suspiceris.
2433 5725 2635 5782 Idcirco
2676 5732 2997 5793 prmsentem
3039 5722 3183 5777 illum
3210 5720 3423 5777 cohibet
3454 5719 3536 5775 di-

1955 5837 2083 5881 cens
2108 5840 2120 5877 :
2144 5820 2228 5879 ll.
2266 5819 2375 5892 Ego
2401 5836 2433 5874 a
2462 5827 2507 5873 te
2528 5817 2679 5875 debeo
2719 5814 2985 5887 baptizari,
3018 5822 3064 5868 et
3090 5813 3305 5875 tu,venis
3331 5812 3399 5867 ad
3422 5829 3499 5867 me
3519 5853 3532 5867 .
