4056 6360
512 312 626 373 205

511 423 669 490 αὐτῷ
707 427 760 478 οἰ
805 424 1071 493 οὐρανοί.
1132 426 1288 492 Τίνος
1333 428 1378 461 ⁸³
1414 427 1602 482 ἕνεκεν
1640 425 1991 496 ἀνεῴχθησαν
2041 425 2090 475 οἱ

508 508 760 579 οὐρανοί;
787 509 903 562 Ἵνα
932 511 1108 584 μάθῃς
1140 511 1224 565 ὅτι
1261 513 1354 565 ml
1385 511 1478 565 σοῦ
1515 510 1912 582 βαπτιζομένου
1935 507 2092 561 τοῦτο

509 593 738 662 γίνεται,
770 594 908 664 πρὸς
943 596 1042 664 τήν
1070 595 1184 650 ἀνω
1214 595 1450 669 πατρίδα
1473 595 1567 648 τοῦ
1597 596 1733 648 Θεοῦ
1771 611 1831 646 σε
1862 591 2091 646 καλοῦν-

507 694 619 741 τος,
651 679 742 730 καὶ
770 677 1047 740 πείθοντος
1086 678 1254 749 μηδὲν
1293 679 1468 732 κοινὸν
1495 678 1640 747 ἔχειν
1670 675 1804 746 πρὸς
1836 676 1935 744 τὴν
1963 675 2088 743 γῆν.

509 759 572 812 Εἰ
601 759 658 812 δὲ
692 762 764 830 μὴ
789 761 942 832 ὁρᾷς,
984 762 1057 832 μὴ
1078 763 1408 834 ἀπιστήσῃς.
1438 763 1550 814 Καὶ
1569 761 1675 831 7&9
1703 761 1761 812 ἐν
1784 757 2092 829 προοιμίοις

508 843 596 896 ἀεὶ
633 843 742 896 τῶν
785 844 1103 916 παραδόξων
1163 846 1257 898 καὶ
1317 843 1704 915 πνευματικῶν
1751 839 2092 913 πραγμάτων

508 925 764 998 αἰσθηταὶ
819 927 1099 996 φαίνονται
1144 928 1296 998 ὄψεις
1336 929 1431 981 ml
1469 929 1674 997 σημεῖα
1715 923 1963 989 τοιαῦτα,
2002 921 2092 976 διὰ

506 1008 635 1073 τοὺς
664 1011 1020 1081 ἀνοητότερον
1045 1011 1424 1081 διακειμένους
1455 1011 1549 1063 ml
1583 1008 1884 1080 χρῄζοντας
1916 1005 2091 1075 ὅψεως

507 1091 792 1163 αἰσθητῆς,
832 1093 927 1148 καὶ
975 1092 1245 1165 μηδεμίαν
1283 1095 1489 1147 ἔννοιαν
1531 1092 1824 1161 ἀσωμάτου
1875 1089 2093 1160 φύσεως

509 1174 692 1230 λαϐεῖν
719 1175 1072 1248 δυναμένους,
1104 1177 1242 1249 πρὸς
1259 1178 1317 1232 δὲ
1337 1178 1406 1232 τά
1435 1177 1607 1248 ὁρατά
1637 1176 1794 1247 μόνον
1820 1171 2087 1244 ἐπτοημέ-

507 1275 632 1324 νους
656 1277 669 1290 ·
698 1261 786 1314 ἵνα
821 1262 926 1316 κᾶν
961 1263 1101 1335 μετά
1150 1261 1323 1316 ταῦτα
1358 1261 1432 1334 μὴ
1479 1261 1704 1332 γένηται
1734 1259 1903 1314 ταῦτα
1931 1258 2000 1312 τὰ
2031 1255 2090 1324 ἐξ

506 1342 686 1397 αὐτῶν
716 1344 1028 1415 δηλωθέντα
1060 1347 1208 1412 ἅπαξ
1241 1347 1336 1400 ml
1367 1349 1424 1401 ἐν
1458 1348 1602 1418 ἀρχῇ
1639 1344 1917 1418 παραδέξῃ
1945 1344 1990 1374 ⁸⁸
2022 1344 2088 1413 τῇ

509 1427 708 1482 πίστει.
769 1429 883 1482 Καὶ
923 1430 1035 1502 γάρ
1077 1432 1171 1484 ἐπὶ
1197 1431 1305 1484 τῶν
1345 1432 1657 1485 ἀποστόλων
1702 1425 1832 1502 ἦχος
1877 1428 2091 1497 ἐγένετο

507 1513 677 1584 πνοῆς
704 1513 904 1582 βιαίας,
932 1518 1026 1571 καὶ
1057 1516 1209 1586 ὄψεις
1232 1516 1492 1586 γλωσσῶν
1513 1516 1752 1586 πυρίνων
1777 1513 2054 1583 ἐφάνησαν
2071 1529 2087 1544 ·

506 1595 622 1649 ἀλλ’
649 1599 708 1650 οὐ
733 1598 822 1652 διὰ
855 1601 982 1664 τοὺς
1002 1599 1351 1664 ἀποστόλους,
1391 1599 1529 1654 ἀλλά
1549 1599 1638 1654 διὰ
1658 1600 1784 1662 τούς
1818 1597 2090 1668 παρόντας

507 1679 626 1732 τότε
673 1681 975 1746 Ἰουδαίους.
1021 1682 1162 1736 Ἀλλ’
1196 1685 1346 1754 ὅμως
1375 1685 1424 1737 εἰ
1451 1685 1545 1738 καὶ
1571 1683 1646 1754 μὴ
1679 1681 1914 1750 αἰσθητά
1941 1679 2089 1746 γίνε-

506 1780 596 1817 ται
622 1767 842 1835 σημεῖα,
875 1767 944 1821 τά
970 1767 1029 1834 ἐξ
1058 1767 1239 1821 αὐτῶν
1276 1767 1586 1838 δηλωθέντα
1615 1765 1760 1829 ἀπαξ
1796 1763 2091 1833 καταδεχό-

510 1845 667 1916 μεθα.
710 1847 862 1901 Ἐπεὶ
889 1850 984 1902 καὶ
1011 1851 1044 1920 ή
1078 1849 1379 1922 περιστερά
1407 1849 1496 1904 διὰ
1541 1849 1700 1904 τοῦτο
1736 1848 1859 1901 τότε
1890 1847 2087 1916 ἐφάνη,

507 1930 573 1982 ἵν’
609 1929 796 2001 ὥσπερ
843 1933 966 1986 ἀντὶ
1002 1931 1270 1987 δακτύλου
1319 1934 1466 1998 τινὸς
1503 1933 1652 2004 δείξῃ
1694 1934 1805 1994 τοῖς
1853 1927 2090 2001 παροῦσι

505 2015 600 2066 καὶ
623 2013 700 2084 τῷ
741 2015 961 2087 Ἰωάννῃ
988 2017 1080 2070 τὸν
1112 2017 1240 2071 Υίὸν
1269 2017 1364 2071 τοῦ
1394 2015 1550 2070 Θεοῦ.
1583 2018 1656 2070 Οὐ
1700 2015 1858 2085 μόνον
1895 2014 1952 2068 δέ
2001 2011 2090 2068 διά

503 2095 681 2164 τοῦτο,
717 2098 830 2152 ἀλλ’
857 2099 945 2152 ἵνα
979 2100 1073 2152 ml
1105 2100 1168 2154 σὺ
1195 2101 1397 2172 μάθῃς,
1432 2102 1514 2155 ὅτι
1553 2101 1650 2155 καὶ
1678 2099 1772 2152 ἐπὶ
1801 2098 1861 2152 σὲ
1891 2096 2088 2168 βαπτι-

503 2179 730 2250 ζόμενον
761 2180 820 2235 rb
852 2181 1076 2251 Πνεῦμα
1107 2183 1346 2254 ἔρχεται.

576 2261 644 2332 γ’.
664 2264 864 2318 Λοιπὸν
879 2265 936 2318 δὲ
961 2267 1092 2336 ἡμῖν
1118 2266 1382 2337 αἰσθητῆς
1400 2265 1461 2319 οὐ
1486 2266 1643 2339 χρεία
1661 2265 1856 2336 ὅψεως,
1872 2263 1975 2335 τῆς
1999 2263 2089 2319 πί·-

506 2362 676 2410 στεως
697 2347 818 2400 ἀντὶ
848 2347 1065 2401 πάντων
1093 2347 1368 2420 ἀρκούσης
1386 2367 1400 2380 ·
1429 2348 1501 2402 τὰ
1527 2348 1596 2418 γά
1606 2366 1636 2420 ρ
1657 2351 1856 2420 σημεῖα
1882 2348 1944 2401 οὐ
1975 2349 2088 2412 τοῖς

505 2431 870 2497 πιστεύουσιν,
902 2431 1036 2484 ἀλλά
1063 2435 1175 2496 τοῖς
1203 2432 1453 2497 ἀπίστοις
1479 2434 1545 2485 θ’.
1580 2433 1734 2486 Διατί
1767 2433 1825 2486 δέ
1863 2434 1924 2486 ἐν
1953 2432 2086 2486 εῖδει

503 2517 875 2586 περιστερᾶς;
913 2517 1156 2588 Ἦμερον
1187 2517 1249 2570 rb
1292 2515 1430 2582 ζῶον
1483 2517 1579 2572 ml
1610 2517 1868 2588 καθαρόν.
1935 2515 2088 2569 Ἐπεὶ

501 2591 597 2650 οῦν
617 2597 710 2649 ml
731 2597 794 2650 rb
824 2597 1050 2669 Πνεῦμα
1075 2599 1382 2672 πραότητός
1412 2600 1529 2654 ἐστι
1552 2599 1792 2670 πνεῦμα,
1820 2599 1907 2651 διὰ
1929 2598 2087 2652 τοῦτο

503 2681 564 2734 ἐν
605 2680 781 2751 τούτῳ
840 2683 1109 2751 φαίνεται.
1167 2683 1376 2748 ’Ἄλλως
1418 2683 1476 2737 δέ
1529 2685 1623 2739 ml
1667 2683 1903 2745 παλαιᾶς
1937 2683 2086 2754 ἡμᾶς

502 2765 910 2836 ἀναμιμνήσκει
937 2767 1198 2838 ἱστορίας.
1231 2767 1343 2821 Kal
1381 2767 1492 2840 7&9
1529 2769 1791 2835 ναυαγίου
1813 2766 1944 2820 ποτέ
1972 2783 2087 2819 κοι-

502 2848 596 2902 νοῦ
627 2849 724 2920 τὴν
749 2849 1076 2920 οἰκουμένην
1125 2851 1521 2914 καταλαϐόντος
1565 2850 1804 2911 ἅπασαν.
1855 2847 1948 2903 καὶ
1988 2847 2083 2902 τοῦ

504 2932 695 3000 γένους
717 2933 876 3004 ἡμῶν
905 2934 1302 3000 κινδυνεύοντος
1321 2935 1701 3005 ἀφανισθῆναι,
1719 2932 1878 2988 τοῦτο
1912 2933 2085 3003 ἐφάνη

500 3017 564 3070 rb
585 3015 744 3082 ζῶον,
779 3021 873 3070 ml
898 3019 996 3088 τὴν
1020 3017 1168 3091 [164]
1196 3018 1350 3072 λύσιν
1377 3017 1470 3073 τοῦ
1492 3016 1758 3088 χειμῶνος
1785 3015 1971 3081 ἔδειξε,
1993 3015 2089 3069 ml

503 3099 696 3153 κλάδον
717 3099 880 3172 φέρον
901 3102 1106 3165 ἐλαίας,
1135 3102 1236 3172 τὴν
1251 3101 1434 3173 κοινὴν
1449 3103 1548 3172 τῆς
1577 3100 1898 3171 οἰκουμένης
1918 3100 2088 3172 γαλή-

501 3200 602 3254 νην
631 3182 1021 3254 εὐηγγελίσατο
1039 3201 1051 3213 ·
1078 3185 1221 3255 άπερ
1238 3184 1417 3238 πάντα
1445 3185 1615 3248 τύπος
1649 3183 1759 3238 τῶν
1789 3183 2087 3255 μελλόντων

500 3263 589 3339 ῆν.
619 3268 729 3320 Καὶ
764 3266 873 3338 7&9
919 3267 1040 3321 τότε
1083 3267 1264 3339 πολλῷ
1312 3271 1493 3340 χεῖρον
1539 3267 1608 3322 τά
1639 3268 1746 3321 τῶν
1783 3266 2087 3340 ἀνθρώπων

500 3351 753 3418 διέκειτο,
783 3351 878 3404 καὶ
925 3349 1106 3421 πολλῷ
1143 3351 1388 3422 μείζονος
1429 3350 1570 3417 ἄξιοι
1619 3351 1890 3421 τιμωρίας
1925 3345 2086 3424 ἦσαν.

503 3434 604 3488 Ἵν*
631 3429 724 3489 οῦν
755 3433 830 3506 μὴ
855 3434 1128 3506 ἀπογνῷς,
1159 3437 1565 3508 ἀναμιμνήσκει
1614 3452 1674 3488 σε
1715 3436 1814 3504 τῆς
1849 3434 2088 3505 ἱστορίας

503 3519 737 3589 ἐκείνης.
771 3520 880 3572 Καὶ
909 3519 1018 3590 γὰρ
1041 3519 1161 3572 τότε
1200 3519 1309 3573 τῶν
1342 3519 1684 3591 πραγμάτων
1715 3517 2090 3587 ἀπογνωσθέν-

500 3620 629 3670 των,
653 3602 845 3672 γέγονε
878 3602 1032 3666 λύσις
1059 3620 1144 3667 τις
1176 3603 1271 3656 ml
1297 3603 1583 3676 διόρθωσις
1607 3618 1620 3632 ·
1671 3602 1808 3656 ἀλλὰ
1848 3603 1969 3679 τότε
1998 3600 2090 3655 διά

501 3687 794 3759 τιμωρίας,
817 3685 914 3740 νῦν
942 3686 1000 3740 δὲ
1027 3686 1117 3739 διὰ
1149 3688 1370 3758 χάριτος
1415 3689 1510 3742 καὶ
1539 3687 1746 3758 δωρεᾶς
1774 3686 1982 3754 ἀφάτου
2016 3685 2086 3740 ⁸⁸.

502 3771 604 3824 Διά
628 3769 789 3823 τοῦτο
817 3769 911 3823 ml
934 3770 967 3839 ἠ
995 3769 1295 3840 περιστερά
1322 3770 1591 3840 φαίνεται,
1608 3771 1668 3823 οὐ
1696 3769 1887 3823 κλάδον
1902 3768 2086 3834 ἐλαίας

501 3854 763 3926 φέρουσα,
797 3851 934 3906 ἀλλὰ
964 3851 1056 3906 τὸν
1089 3852 1306 3907 πάντων
1342 3852 1450 3907 τῶν
1494 3853 1679 3907 κακῶν
1721 3851 2086 3924 ἐλευθερωτὴν

500 3939 636 4008 ἡμῖν
662 3934 998 4001 δεικνύουσα,
1026 3935 1123 3989 καὶ
1149 3935 1393 4007 χρηστάς
1423 3936 1778 3990 ὑποτείνουσα
1805 3935 1904 4000 τὰς
1935 3934 2087 3988 ἐλπί-

503 4019 621 4082 δας.
653 4018 790 4072 Οὐδὲ
821 4016 933 4089 7&9
978 4017 1088 4071 ἀπὸ
1129 4017 1364 4072 κιϐωτοῦ
1418 4018 1702 4091 ἄνθρωπον
1745 4018 1927 4087 ἐξάγει
1964 4017 2082 4082 ἐνα,

504 4102 642 4157 ἀλλά
668 4101 767 4173 τὴν
792 4101 1118 4172 οἰκουμένην
1150 4101 1369 4156 ἃπασαν
1411 4103 1491 4166 εἰς
1521 4101 1612 4155 τὸν
1643 4102 1870 4174 οὐρανὸν
1893 4102 2084 4170 ἀνάγει

505 4187 754 4255 φανεῖσα,
780 4183 874 4238 καὶ
902 4185 1022 4238 ἀντὶ
1051 4184 1244 4239 θαλλοῦ
1276 4184 1321 4216 ⁸⁸
1352 4183 1538 4247 ἐλαίας
1566 4185 1683 4257 τὴν
1708 4185 1979 4239 υἱοθεσίαν
2005 4182 2084 4254 τῷ

504 4269 671 4339 κοινῷ
693 4269 792 4338 τῆς
823 4268 1149 4340 οἰκουμένης
1185 4268 1399 4337 κομίζει
1434 4267 1601 4336 γένει.
1644 4269 1934 4339 Ἐννοήσας
1969 4266 2083 4321 τοί-

503 4370 600 4406 νυν
624 4352 686 4404 τδ
727 4350 958 4422 μέγεθος
981 4351 1082 4421 τῆς
1115 4351 1342 4422 δωρεᾶς,
1381 4351 1516 4422 μηδέ
1543 4353 1589 4383 ’θ
1629 4351 1887 4407 ἐλάττονα
1920 4352 2084 4406 αὐτοῦ

503 4434 606 4504 τὴν
631 4433 788 4500 ἀξίαν
814 4433 1043 4505 νομίσῃς
1083 4429 1244 4499 εἶναι,
1291 4434 1380 4488 διά
1409 4434 1472 4488 rb
1504 4436 1562 4488 ἐν
1607 4434 1825 4506 τοιαύτῃ
1855 4436 2088 4506 φανῆναι

504 4517 649 4588 ὄψει.
675 4518 784 4570 Καὶ
802 4516 910 4588 γάρ
932 4517 1116 4570 ἀκούω
1136 4515 1297 4571 τινῶν
1316 4517 1600 4587 λεγόντων,
1627 4520 1710 4572 ὅτι
1731 4520 1854 4573 ὅσον
1881 4519 2088 4593 ἀνθρώ-

507 4617 612 4654 που
646 4600 743 4653 καὶ
775 4602 1104 4672 περιστερᾶς
1127 4601 1190 4654 τὸ
1218 4601 1401 4672 μέσον,
1439 4600 1694 4655 τοσοῦτον
1723 4601 1819 4656 τοῦ
1850 4603 2086 4674 Χριστοῦ

507 4684 602 4738 καὶ
626 4683 717 4738 τοῦ
749 4682 1084 4756 Πνεύματος,
1105 4684 1294 4756 ἐπειδὴ
1314 4686 1342 4738 ό
1361 4685 1460 4754 μὲν
1475 4686 1532 4738 ἐν
1553 4688 1620 4756 τῇ
1643 4686 1887 4758 ἡμετέρα
1907 4687 2087 4756 φύσει,

506 4768 570 4822 rb
605 4769 662 4822 δὲ
683 4769 740 4821 ἐν
767 4767 888 4834 ὄψει
922 4770 1248 4838 περιστερᾶς
1283 4769 1479 4839 ἐφάνη.
1519 4769 1586 4821 Τί
1615 4765 1710 4823 οῦν
1745 4771 1882 4842 πρὸς
1918 4771 2090 4826 ταῦτα

507 4850 655 4906 ἔστιν
679 4853 850 4906 εἰπεῖν
870 4870 884 4918 ;
917 4852 1087 4906 Ὀτιὸ
1111 4851 1209 4923 μὲν
1229 4851 1359 4916 Υἱὸς
1381 4851 1475 4906 τοῦ
1499 4852 1660 4919 Θεοῦ,
1691 4853 1853 4922 φύσιν
1878 4853 2090 4925 ἀνθρώ-

508 4951 611 4989 που
640 4935 893 4990 ἀνέλαϐε·
923 4935 985 4990 rb
1011 4935 1070 4990 δὲ
1104 4936 1355 5007 Πνεῦμα,
1380 4938 1440 4990 οὐ
1479 4936 1641 5005 φύσιν
1669 4939 1899 4993 ἀνέλαϐε
1931 4957 2088 5011 περι-

509 5019 724 5090 στερᾶς.
761 5019 861 5073 Διά
885 5020 1042 5073 τοῦτο
1068 5020 1164 5074 ml
1190 5021 1219 5073 ὁ
1259 5019 1651 5092 εὐαγγελιστὴς
1681 5021 1782 5076 οὐκ
1808 5018 1982 5088 εἶπεν,
2007 5024 2090 5076 ὃτι

505 5105 566 5159 ἐν
591 5103 750 5174 φύσει
773 5105 1121 5176 περιστερᾶς,
1139 5103 1254 5157 ἀλλ’
1276 5107 1333 5158 ἐν
1359 5105 1490 5158 εῖδει
1511 5109 1841 5178 περιστερᾶς
1860 5125 1873 5137 ·
1896 5107 2090 5161 οὐκοῦν

504 5188 626 5241 οὐδὲ
656 5187 791 5258 μετά
817 5187 991 5242 ταῦτα
1025 5189 1084 5241 ἐν
1123 5187 1298 5259 τούτῳ
1331 5187 1487 5258 ὤφθη
1520 5187 1599 5258 τῷ
1642 5190 1901 5260 σχήματι,
1955 5191 2091 5244 ἀλλά

504 5271 628 5324 τότε
663 5272 841 5341 μόνον.
867 5271 1006 5324 Εἰδέ
1037 5270 1125 5324 διὰ
1152 5271 1309 5325 τοῦτο
1325 5270 1586 5325 ἐλάττονα
1619 5272 1782 5326 αὐτοῦ
1807 5274 1908 5344 τὴν
1934 5273 2091 5340 ἀξίαν

505 5354 613 5426 φῂς
652 5349 811 5418 εἶναι,
851 5354 1204 5425 εὑρεθήσεται
1250 5354 1346 5408 ml
1387 5356 1455 5409 r&
1487 5357 1768 5427 Χερουϐὶμ
1813 5359 1955 5412 κατά
2000 5359 2092 5413 τὸν

506 5437 662 5506 λόγον
683 5437 870 5490 τοῦτον
905 5437 1112 5508 ἀμείνω
1139 5438 1338 5508 πολλῷ,
1371 5439 1466 5494 καὶ
1501 5439 1752 5493 τοσοῦτον
1780 5439 1906 5495 ὅσον
1937 5458 2092 5513 περι·

1201 309 1260 367 S.
1300 310 1586 369 JO.\NNIS
1623 304 2118 368 CHRYSOS’I‘OMI
2161 300 2479 362 ARCIIIEP.
2517 303 3066 362 CONSTANTINOP.
3663 311 3771 364 eo".

2169 471 2172 474 .
2195 423 2390 493 στερᾶς
2413 421 2570 485 ἀετός
2592 438 2605 452 ’
2643 422 2736 474 καὶ
2762 419 2875 490 γάρ
2903 422 2980 483 εἰς
3009 419 3210 490 ταύτην
3256 422 3479 473 κάκεῖνα
3525 423 3768 493 ἐσχημα-

2193 503 2349 576 τίσθη
2385 504 2483 576 τὴν
2513 504 2637 575 δψιν
2660 520 2674 536 ·
2715 506 2808 558 καὶ
2848 504 2898 556 οἰ
2944 502 3163 572 ἄγγελοι
3198 503 3255 560 δὲ
3287 504 3544 573 ἀμείνους
3570 508 3739 560 πάλιν

2194 588 2415 659 καὶγὰρ
2445 590 2503 640 ἐν
2534 589 2772 659 σχήματι
2818 586 3120 657 ἀνθρώπων
3161 586 3421 650 πολλάκις
3468 589 3772 660 ἐφάνησαν.

2165 725 2167 728 ι
2205 669 2345 723 Ἀλλ’
2372 671 2473 724 οὐκ
2498 671 2612 725 ἔστι
2640 669 2833 734 ταῦτα,
2860 671 2959 723 οὐκ
2991 669 3126 723 ἔστι.
3149 671 3259 725 Καὶ
3283 671 3390 742 γάρ
3415 672 3600 744 ἕτερον
3629 677 3773 729 οἰκο-

2192 753 2384 824 νομίας
2404 754 2651 826 ἀλήθεια,
2682 755 2775 814 καὶ
2793 754 2968 824 ὅψεως
2989 755 3320 826 προσκαίρου
3346 758 3776 824 συγκατάϐασις.

2191 840 2284 910 Μὴ
2313 840 2490 894 τοίνυν
2519 840 2810 910 ἀχάριστος
2832 839 2983 908 γίνου
3022 840 3151 909 περὶ
3175 840 3263 892 τὸν
3293 840 3606 912 εὐεργέτην,
3637 844 3776 914 μηδέ

2191 923 2304 985 τοῖς
2330 923 2592 987 ἐναντίοις
2615 923 2844 993 ἀμείϐου
2873 923 2966 976 τὸν
3005 922 3104 994 τὴν
3145 924 3328 994 πηγήν
3357 941 3438 978 σοι
3464 925 3566 996 τῆς
3596 945 3775 996 μακα-

2195 1005 2441 1077 ριότητος
2466 1007 2872 1078 δωρησάμενον.
2898 1007 3071 1060 Ὅπου
3101 1006 3209 1079 γάρ
3233 1008 3502 1072 υἱοθεσίας
3532 1007 3774 1081 ἀξίωμα,

2191 1093 2307 1144 ἐκεῖ
2336 1093 2485 1162 καὶὴ
2515 1091 2625 1146 τῶν
2663 1092 2851 1146 κακῶν
2879 1092 3180 1165 ἀναίρεσις,
3225 1095 3320 1146 καὶ
3347 1094 3379 1163 ἡ
3411 1093 3518 1146 τῶν
3549 1093 3778 1162 ἀγαθῶν

2190 1175 2446 1230 ἀπάντων
2477 1177 2642 1242 δόσις.
2669 1177 2768 1231 Διά
2794 1175 2859 1248 δὴ
2881 1175 3037 1231 τοῦτο
3059 1176 3120 1231 rb
3142 1177 3242 1248 μὲν
3287 1177 3573 1230 Ἰουδαϊκὸν
3603 1178 3777 1231 παύε-

2191 1278 2280 1314 ται
2311 1261 2613 1333 βάπτισμα,
2645 1260 2709 1315 rb
2746 1262 2804 1314 δὲ
2837 1261 3104 1333 ἡμέτερον
3137 1261 3312 1333 ἀρχὴν
3345 1260 3632 1330 λαμϐάνει.
3666 1260 3776 1314 Καὶ

2191 1344 2328 1416 ὅπερ
2357 1345 2451 1398 ἐπὶ
2478 1344 2572 1398 τοῦ
2596 1345 2788 1416 Πάσχα
2808 1345 3020 1414 γέγονε,
3049 1344 3209 1399 τοῦτο
3229 1344 3324 1398 ml
3347 1345 3440 1397 ἐπὶ
3461 1344 3556 1397 τοῦ
3577 1344 3776 1415 βαπτί-

2193 1445 2398 1500 σματος
2427 1427 2734 1500 συμϐαίνει.
2764 1429 2875 1482 Καὶ
2907 1427 3016 1500 γὰρ
3043 1428 3139 1482 καὶ
3175 1430 3293 1482 ἐκεῖ
3327 1427 3610 1500 ἀμφότερα
3637 1445 3772 1498 μετ-

2190 1513 2381 1578 ελθὼν,
2422 1514 2483 1568 rb
2514 1513 2613 1584 μὲν
2645 1512 2849 1567 ἔπαυσε
2882 1514 2950 1578 ⁹¹,
2996 1512 3077 1584 τῷ
3105 1512 3162 1565 δέ
3193 1512 3368 1584 ἀρχὴν
3404 1512 3633 1566 δέδωκε·
3677 1513 3774 1565 καὶ

2190 1596 2424 1652 ἐνταῦθα
2455 1597 2501 1629 ⁸⁸
2529 1595 2822 1668 πληρώσας
2863 1597 2924 1650 rb
2963 1595 3251 1651 Ἰουδαϊκὸν
3285 1595 3584 1666 βάπτισμα,
3635 1595 3773 1666 ὁμοῦ

2191 1683 2284 1736 ml
2310 1682 2404 1736 τοῦ
2433 1681 2535 1752 τῆς
2571 1681 2896 1754 Ἑκκλησίας
2926 1679 3023 1744 τάς
3047 1679 3218 1751 θύρας
3235 1680 3562 1748 ἀνοίγνυσιν,
3581 1679 3773 1749 ὥσπερ

2188 1765 2248 1820 ἐν
2284 1767 2383 1836 μιᾷ
2413 1763 2660 1837 τραπέζῃ
2681 1765 2824 1828 τότε,
2851 1763 3022 1827 οὕτως
3057 1763 3114 1816 ἐν
3146 1763 3228 1816 ἐνὶ
3265 1760 3495 1832 ποταμῷ
3525 1761 3639 1825 νῦν,
3673 1761 3771 1814 καὶ

2188 1847 2288 1920 τὴν
2317 1847 2477 1902 σκιάν
2496 1846 2840 1918 ὑπογράψας,
2868 1848 2962 1902 ml
2983 1846 3081 1918 τὴν
3104 1845 3361 1918 ἀλήθειαν
3395 1845 3655 1916 προσθείς
3695 1845 3764 1898 ’³.

2190 1930 2506 2001 Πνεύματος
2528 1931 2637 2001 γὰρ
2665 1932 2824 2002 χάριν
2849 1929 3008 1984 τοῦτο
3036 1931 3150 2000 ἔχει
3181 1929 3244 1983 τὸ
3267 1929 3550 1999 βάπτισμα
3573 1930 3732 2000 μόνον
3753 1947 3770 1960 ·

2188 2014 2250 2068 rb
2274 2014 2331 2068 δὲ
2360 2015 2628 2080 Ἰωάννου,
2649 2012 2854 2085 ταύτης
2875 2013 3082 2086 ἔρημον
3110 2012 3208 2084 τῆς
3235 2013 3444 2082 δωρεᾶς
3465 2008 3554 2082 ἦν.
3578 2012 3676 2067 Διά
3703 2011 3771 2083 δὴ

2188 2098 2346 2152 τοῦτο
2377 2098 2470 2151 ἐπὶ
2493 2097 2591 2169 μὲν
2618 2098 2727 2152 τῶν
2750 2098 2927 2153 ἄλλων
2955 2097 3064 2150 τῶν
3097 2097 3144 2129 ⁸⁸
3181 2096 3590 2168 βαπτιζομένων
3618 2094 3771 2169 [165]

2189 2181 2341 2236 οὐδὲν
2368 2181 2606 2235 τοιοῦτον
2639 2181 2858 2252 συνέϐη,
2884 2181 2977 2234 ἐπὶ
3014 2181 3071 2234 δὲ
3114 2179 3280 2234 αὐτοῦ
3316 2181 3476 2251 μόνου
3509 2179 3602 2233 τοῦ
3645 2179 3772 2250 μέλ-

2187 2267 2370 2330 λοντος
2404 2263 2560 2320 τοῦτο
2593 2265 2942 2338 παραδιδόναι
2967 2283 2982 2296 ’
3022 2265 3110 2320 ἵνα
3145 2265 3286 2334 μετά
3319 2263 3429 2317 τῶν
3466 2263 3772 2333 εἰρημένων

2188 2352 2285 2404 ml
2315 2348 2474 2404 τοῦτο
2507 2348 2706 2421 μάθῃς,
2755 2351 2839 2404 ὅτι
2872 2348 2970 2420 οὐχ
3020 2350 3054 2418 ἡ
3102 2346 3408 2418 καθαρότης
3446 2345 3540 2400 τοῦ
3578 2346 3772 2418 βαπτί-

2189 2432 2372 2498 ζοντος
2416 2433 2484 2498 ⁸⁸,
2543 2431 2719 2502 ἀλλ’ἢ
2759 2431 2985 2503 δύναμις
3034 2430 3127 2484 τοῦ
3177 2429 3569 2501 βαπτιζομένου
3612 2429 3774 2482 τοῦτο

2187 2518 2431 2587 ἐποίησε.
2462 2516 2597 2570 Τότε
2629 2516 2760 2584 γοῦν
2794 2515 2888 2570 ml
2931 2517 2980 2569 οἰ
3012 2514 3232 2587 οὐρανοὶ
3263 2513 3631 2584 ἀνεῴχθησαν,
3675 2515 3774 2568 καὶ

2185 2601 2248 2655 rb
2275 2599 2499 2670 Πνεῦμα
2529 2599 2762 2671 ἐπῆλθεν
2793 2600 2860 2654 ⁸⁸.
2900 2597 3035 2653 ’Δπδ
3055 2598 3164 2670 γὰρ
3188 2596 3291 2669 τῆς
3321 2597 3560 2661 παλαιᾶς
3584 2597 3774 2651 λοιπὸν

2187 2685 2282 2738 ἐπὶ
2310 2686 2408 2755 τὴν
2439 2685 2632 2755 καινὴν
2660 2683 2844 2751 ἐξάγει
2875 2681 3153 2736 πολιτείαν
3182 2683 3349 2753 ἡμᾶς,
3380 2682 3480 2745 τάς
3506 2699 3569 2736 τε
3595 2682 3774 2746 πύλας

2187 2771 2320 2841 ήμῖν
2338 2768 2591 2837 ἀνοιγνὺς
2617 2767 2718 2832 τὰς
2749 2769 2883 2832 ἀνω,
2907 2769 3001 2822 καὶ
3024 2766 3249 2837 Πνεῦμα
3275 2766 3510 2837 πέμπων
3539 2766 3773 2833 ἐκεῖθεν,

2188 2850 2388 2906 καλοῦν
2417 2853 2496 2914 εἰς
2531 2851 2630 2923 τὴν
2652 2852 2769 2905 ἐκεῖ
2790 2849 3056 2923 πατρίδα·
3089 2851 3183 2902 καὶ
3205 2849 3303 2919 οὐχ
3332 2848 3519 2912 άπλῶς
3545 2849 3772 2915 καλοῦν,

2190 2935 2328 2990 ἀλλά
2383 2935 2478 2989 ml
2529 2934 2667 3006 μετὰ
2722 2933 3032 3004 ἀξιώματος
3075 2930 3168 2986 τοῦ
3219 2932 3497 3001 μεγίστου.
3556 2934 3630 2987 Οὐ
3665 2935 3776 3004 γάρ

2189 3017 2458 3087 ἀγγέλους
2476 3018 2571 3070 ml
2589 3016 2961 3089 ἀρχαγγέλους
2993 3015 3269 3086 ἐποίησεν,
3305 3015 3440 3069 ἀλλά
3462 3017 3611 3080 υἰοὺς
3635 3015 3774 3069 Θεοῦ

2189 3100 2604 3166 κατασκευάσας
2637 3103 2731 3155 ml
2752 3101 3089 3172 ἀγαπητοὺς,
3113 3098 3287 3165 οὕτως
3309 3100 3455 3154 ἕλκει
3480 3099 3616 3164 πρὸς
3639 3101 3778 3154 ἐκείσ⁸

2189 3201 2289 3256 νην
2315 3184 2414 3256 τὴν
2444 3184 2599 3254 λῆξιν
2637 3185 2807 3256 ἡμᾶς.

2258 3269 2321 3324 δ’.
2335 3269 2380 3301 ⁸⁷
2393 3266 2557 3322 Ταῦτ’
2570 3262 2664 3322 οῦν
2685 3268 2944 3340 ἐννοήσας
2961 3270 3196 3329 ἅπαντα,
3217 3267 3312 3320 καὶ
3329 3267 3428 3338 τῆς
3445 3265 3663 3338 ἀγάπης
3678 3266 3775 3321 τοῦ

2189 3352 2501 3418 καλοῦντος,
2531 3351 2625 3407 καί
2657 3353 2757 3424 τῆς
2782 3351 3058 3416 πολιτείας
3083 3352 3183 3422 τῆς
3212 3352 3347 3418 ἐκεῖ,
3375 3351 3470 3405 ml
3494 3351 3593 3421 τῆς
3610 3352 3777 3422 τιμῆς

2186 3437 2287 3508 τῆς
2321 3436 2566 3508 δοθείσης
2595 3433 2744 3501 ἀξιον
2773 3434 3038 3500 ἐπίδειξαι
3074 3434 3189 3506 βίον
3214 3449 3228 3464 ⁶
3269 3435 3350 3506 τῷ
3391 3434 3581 3506 κόσμῳ
3609 3451 3777 3488 σταυ-

2192 3520 2407 3591 ρωθεὶς,
2437 3519 2533 3572 ml
2561 3517 2884 3590 σταυρώσας
2909 3519 3072 3573 αὐτὸν
3096 3517 3330 3589 σεαυτῷ,
3357 3519 3458 3589 τὴν
3475 3517 3586 3573 τῶν
3612 3517 3780 3589 οὐρα-

2189 3603 2296 3658 νῶν
2333 3602 2614 3656 πολιτεύου
2661 3602 2940 3658 πολιτείαν
2995 3603 3136 3674 μετὰ
3187 3602 3475 3674 ἀκριϐείας
3521 3601 3735 3671 ἀπάσης
3759 3619 3773 3632 ⁸

2189 3685 2326 3758 μηδέ
2359 3686 2546 3756 ἐπειδὴ
2575 3685 2636 3738 rb
2668 3684 2830 3756 σῶμά
2855 3701 2950 3738 σου
2982 3684 3058 3756 μὴ
3080 3684 3312 3757 μετέστη
3333 3684 3470 3757 πρὸς
3495 3684 3588 3739 τὸν
3612 3684 3777 3756 οὐρα-

2181 3770 2297 3835 νὺν,
2327 3769 2556 3842 νομίσῃς
2586 3767 2730 3840 ἔχειν
2761 3787 2814 3822 τι
2847 3768 3026 3823 κοινὸν
3060 3767 3199 3840 πρὸς
3226 3769 3325 3838 τὴν
3360 3769 3467 3837 γῆν
3486 3786 3501 3800 ·
3537 3769 3636 3839 τὴν
3665 3768 3778 3839 γάρ

2188 3853 2430 3924 κεφαλὴν
2460 3853 2572 3907 ἀνω
2591 3852 2908 3923 καθημένην
2929 3849 3095 3923 ἔχεις.
3121 3850 3229 3905 Καὶ
3251 3851 3339 3906 διά
3363 3851 3521 3906 τοῦτο
3547 3853 3606 3906 δέ
3634 3853 3777 3924 πρό-

2185 3953 2344 4008 τερον
2380 3933 2614 3994 ἐνταῦθα
2640 3934 3082 4006 παραγενόμενος
3111 3935 3141 3986 ό
3177 3934 3474 4005 Δεσπότης,
3516 3935 3610 3994 καὶ
3647 3935 3777 3998 τοὺς

2186 4018 2452 4088 ἀγγέλους
2481 4016 2726 4087 ἀγαγὼν,
2759 4018 2879 4072 τότε
2921 4035 2981 4072 σε
3022 4016 3308 4073 ἀναλαϐὼν
3346 4017 3590 4090 ἀπῆλθεν
3635 4018 3773 4081 ἐκεῖ,

2188 4105 2278 4158 ἴνα
2305 4106 2401 4157 ml
2441 4102 2548 4173 πρὸ
2577 4103 2677 4173 τῆς
2704 4102 2894 4156 ἀνόδου
2921 4104 3021 4174 τῆς
3048 4102 3231 4155 ἐκεῖσε
3268 4101 3467 4174 μάθῃς,
3498 4102 3581 4155 ὅτι
3613 4101 3774 4154 δυνα-

2185 4187 2276 4241 τόν
2309 4203 2392 4239 σοι
2419 4186 2517 4256 τὴν
2539 4187 2642 4257 γῆν
2671 4185 2748 4250 ὡς
2774 4185 2866 4241 τὸν
2892 4185 3124 4257 οὐρανὸν
3155 4187 3345 4240 οἰκεῖν.
3373 4185 3639 4256 Μένωμεν
3670 4185 3777 4239 τοί-

2183 4289 2281 4327 νυν
2299 4270 2396 4341 τὴν
2423 4270 2705 4339 εὐγένειαν
2731 4269 3047 4342 τηροῦντες,
3071 4271 3138 4342 ἣν
3160 4270 3463 4342 ἐδεξάμεθα
3485 4270 3546 4335 ἐξ
3571 4269 3770 4341 ἀρχῆς,

2186 4355 2282 4409 καὶ
2314 4354 2383 4408 τά
2413 4355 2531 4406 ἐκεῖ
2559 4353 2804 4424 βασίλεια
2832 4354 2955 4409 καθ’
3003 4354 3245 4424 ἑκάστην
3289 4353 3638 4424 ἐπιζητῶμεν
3671 4353 3774 4422 τὴν

2187 4438 2425 4510 ἡμέραν,
2457 4437 2554 4490 ml
2592 4438 2772 4492 πάντα
2792 4437 2862 4491 τά
2886 4436 3126 4491 ἐνταῦθα
3160 4436 3318 4492 σκιὰν
3351 4437 3446 4492 καὶ
3476 4437 3610 4509 όναρ
3634 4432 3774 4490 εἶναι

2187 4517 2519 4589 νομίζωμεν.
2563 4517 2702 4574 Οὐδέ
2737 4520 2847 4591 γάρ
2891 4520 2941 4573 εἰ
2977 4519 3230 4590 βασιλεύς
3270 4537 3357 4583 τις
3395 4519 3503 4572 τῶν
3538 4521 3631 4572 ἐπὶ
3675 4519 3804 4587 τῆςί

2187 4603 2292 4673 γῆς
2311 4603 2526 4673 πτωχὸν
2551 4602 2679 4656 ὄντα
2714 4621 2773 4656 σε
2799 4603 2846 4636 ⁸⁸
2877 4602 2970 4657 καὶ
3000 4603 3397 4673 προσαιτοῦντα
3425 4601 3626 4666 λαϐὼν,
3659 4602 3775 4656 υἱὸν

2187 4685 2446 4757 ἐξαίφνης
2483 4687 2798 4756 ἐποιήσατο,
2827 4687 2926 4758 τὴν
2963 4686 3202 4757 καλύβην
3247 4687 3344 4740 καὶ
3374 4687 3474 4758 τὴν
3498 4686 3774 4739 εὐτέλειαν

2188 4769 2287 4840 τῆς
2320 4769 2560 4840 καλύϐης
2586 4769 2686 4840 τῆς
2716 4770 2816 4840 σῆς
2847 4770 3134 4839 ἐνενόησας
3149 4770 3242 4824 ἀν’
3274 4771 3517 4838 καίτοιγε
3542 4769 3604 4824 οὐ
3637 4769 3772 4822 πολὺ

2188 4853 2251 4905 rb
2284 4852 2445 4922 μέσον
2476 4853 2609 4908 ἐκεῖ.
2657 4853 2748 4922 Μὴ
2779 4853 2958 4907 τοίνυν
3002 4854 3136 4924 μηδὲ
3175 4852 3411 4907 ἐνταῦθα
3465 4851 3682 4921 λογίζου
3720 4869 3773 4905 τι

2188 4937 2297 4990 τῶν
2324 4935 2605 5008 προτέρων
2623 4953 2639 4969 ·
2667 4936 2886 5006 καὶγὰρ
2911 4937 3005 4990 ἐπὶ
3037 4935 3218 5008 πολλῷ
3250 4936 3490 5008 μείζοσιν
3513 4934 3772 5005 ἐκλήθης.

2192 5021 2260 5074 Ὀ
2287 5037 2346 5073 τε
2374 5017 2482 5090 γὰρ
2504 5017 2707 5084 καλῶν,
2746 5021 2775 5073 ό
2801 5019 2912 5072 τῶν
2934 5019 3180 5088 ἀγγέλων
3209 5021 3490 5090 Δεσπότης
3524 5018 3640 5071 ἐστί
3666 5034 3679 5048 ·
3706 5017 3776 5073 τά

2189 5123 2250 5159 τε
2283 5107 2330 5138 θ’
2366 5104 2618 5175 διδόμενα
2649 5103 2850 5172 ἀγαθά,
2883 5104 2977 5158 καὶ
3015 5105 3170 5173 λόγον
3207 5105 3302 5158 καὶ
3328 5105 3566 5159 διάνοιαν
3604 5103 3776 5172 ὑπερ-

2191 5188 2368 5244 ϐαίνει
2399 5190 2601 5243 πᾶσαν.
2631 5187 2706 5241 Οὐ
2731 5187 2842 5259 γάρ
2870 5188 2978 5242 ἀπὸ
2999 5189 3102 5258 γῆς
3131 5189 3212 5252 εἰς
3236 5188 3342 5258 γῆν
3371 5205 3430 5242 σε
3461 5188 3772 5258 μεθίστησι,

2192 5273 2445 5344 καθάπερ
2473 5273 2502 5326 ό
2531 5271 2803 5342 βασιλεὺς,
2833 5271 2948 5326 ἀλλ’
2973 5271 3083 5326 ἀπὸ
3111 5273 3215 5344 γῆς
3254 5273 3336 5335 εἰς
3378 5271 3624 5342 οὐρανὸν,
3678 5270 3776 5322 καὶ

2191 5358 2300 5412 ἀπὸ
2323 5356 2537 5426 φύσεως
2551 5356 2752 5427 θνητῆς
2778 5359 2858 5420 εἰς
2878 5357 3143 5410 ἀθάνατον
3165 5355 3435 5422 καὶδόξαν
3468 5355 3486 5386 ¹
3508 5355 3770 5427 ἄρρητον,

2190 5442 2311 5496 τότε
2353 5439 2659 5511 δυναμένην
2709 5441 2867 5510 μόνον
2915 5440 3150 5510 φανῆναι
3192 5438 3391 5506 καλῶς,
3432 5439 3559 5492 ὅταν
3605 5436 3777 5506 αὐτῆς

574 5527 978 5614 ““I‘tvggladd:
995 5529 1056 5614 ξε
1087 5529 1322 5614 ΑέΒλα.
1340 5532 1466 5614 adq.
1490 5527 1732 5614 qﬁyEga.
1769 5533 1816 5566 ιο
1839 5533 1932 5614 S_i<_:
1953 5533 2016 5588 ι).
2049 5534 2089 5614 εξ

2188 5534 2334 5614 μίξει
2351 5533 2540 5614 ςτειετὲ
2572 5531 3092 5614 εταρφδέὲωχται.ο-.ἳ⁷
3112 5530 3404 5614 ἀειποῦετξ
3437 5529 3594 5614 Εάὲς,
3613 5528 3777 5614 κειὲ

504 5600 714 5686 ξωιξάς
741 5602 775 5686 ἐι

505 5617 972 5742 ιωρεαῑιξιιατοειι
985 5617 1324 5724 522:;

507 5741 552 5772 ”
572 5740 898 5816 rEJv_om._
1025 5741 1088 5796 C.
1126 5742 1208 5816 _9'
1253 5742 1625 5816 βαπτίζοντος]
1657 5740 2033 5816 βαπτίσματος
2061 5745 2124 5798 D.
2160 5757 2212 5801 et

856 5599 972 5675 του]
997 5599 1095 5675 _Si_c
1120 5599 1184 5655 E.
1211 5602 1309 5675 Ge:
1345 5604 1528 5675 (δίειᾳί
1547 5604 1758 5675 ἀφάτου
1788 5604 2089 5675 καὶᾼδωρεᾶς

2188 5607 2232 5638 ⁸⁸
2250 5602 2472 5675 θαλλοῦί
2507 5599 2752 5675 θαλοῦμᾼ.
2769 5603 2830 5657 Β.
2847 5602 2910 5658 C.
2942 5602 3136 5675 κλάδου
3154 5602 3324 5675 Egd._
3353 5603 3420 5675 ’°_
3437 5599 3686 5675 pnbélpjh
3708 5599 3773 5675 δή

1588 5621 1758 5705 φατου
1786 5621 1882 5684 και
1900 5621 2089 5675 οωρεας

1607 5673 1909 5745 ξένταυθα]
1954 5675 2080 5730 add.

2188 5621 2232 5638 ν’
2250 5621 2443 5658 υαΑΛου
2455 5621 2472 5675 ι
2507 5621 2669 5658 υαΑου
2685 5621 2752 5657 Α.
2773 5621 2830 5657 ι).
2847 5621 2910 5658 ιι.
2942 5621 3136 5658 κΑαοου
3155 5621 3288 5657 nua.
3355 5621 3400 5634 ’ν
3437 5621 3686 5721 μηοεὸμη
3708 5621 3770 5668 οη

2188 5675 2266 5729 λιν
2300 5676 2358 5729 Β.
2392 5674 2457 5745 C.
2493 5689 2546 5743 p.
2579 5689 2632 5743 p.
2661 5673 2942 5745 βάπτισμα
2969 5691 3080 5729 om.
3107 5672 3264 5745 DZE,
3403 5672 3450 5745 ’ᾗ
3466 5687 3579 5745 προ
3598 5670 3694 5745 ἐίς
3708 5668 3770 5721 F.

2260 5763 2342 5815 pr.
2387 5744 2446 5798 E.
2494 5741 2940 5815 ἸτκάτῆλθενΒ.
3041 5745 3086 5776 ⁹⁷
3112 5743 3399 5815 ΗΘΙΚΟΝ.
3425 5742 3617 5815 Ὂτιρ
3641 5741 3774 5808 Χρι-

507 5811 743 5886 ξτιανρς,
759 5812 834 5883 μὴ
866 5812 1308 5886 ἐπιδεικνύμενος
1331 5814 1562 5886 ἀρίστην
1589 5811 1884 5886 πολιτείαν.
1910 5815 2072 5868 πλέον

2188 5811 2435 5886 ,ωρεῖται.
2480 5817 2525 5848 νε
2549 5833 2608 5867 σε
2643 5811 2753 5868 oni.
2775 5813 2835 5886 F.
2864 5815 3001 5870 Mor.
3027 5825 3152 5886 post
3169 5811 3774 5886 gwghqarggollocam

507 5879 632 5958 ﬁav.
659 5878 792 5958 βοή.
822 5878 914 5958 Ἰν
937 5883 1102 5958 ςρ-τε
1330 5878 1398 5958 τά
1425 5878 1699 5958 τεπρταν
1729 5885 1899 5958 δέ,καί
1919 5887 2013 5958 ὁ...
2031 5903 2089 5958 ⁸κς

2188 5878 2324 5941 άᾏ.
2356 5887 2414 5940 Β.
2449 5887 2510 5942 (Σ.
2534 5887 2703 5940 Ὅταν
2731 5885 2838 5956 γὰρ
2864 5888 2957 5941 ὁ...
2985 5878 3052 5942 τά
3078 5885 3132 5938 δέ
3169 5883 3230 5939 D.
3251 5878 3531 5958 Ρ.’ἐστί]ᾖ
3558 5892 3611 5936 cl
3640 5894 3773 5934 mox

505 5948 808 6036 ὑπερϐαίνῃ
844 5951 903 6006 Β.
937 5951 1060 6008 V'id.
1097 5948 1282 6009 a-ant.
1363 5948 1699 6026 ¹κα“ι’δόξαν]
1723 5955 1875 6022 δόξαν
1903 5956 1993 6010 καί
2027 5955 2158 6012 Edd.
