4050 6364
286 310 392 365 205

290 460 468 504 tamen
499 447 658 504 ﬁdem
688 463 870 520 neges.
897 447 1030 504 Nam
1060 450 1114 504 in
1142 448 1415 520 principiis
1463 464 1677 521 semper
1711 451 1884 506 admi-

288 541 578 595 randarum
624 541 1086 611 spiritualiumque
1137 557 1315 596 rerum
1364 542 1601 597 visiones
1632 552 1886 612 apparent

287 648 505 686 sensum
538 642 817 688 moventes
846 643 900 688 et
924 635 1072 705 signa
1098 633 1425 704 bujnsmodi,
1451 634 1608 704 idque
1637 636 1883 704 stupido-

285 738 402 777 rum
437 723 715 778 hominum
742 740 922 791 causa,
953 726 1042 795 qui
1063 725 1246 780 sensili
1273 726 1477 802 \jsione
1503 742 1637 796 Opus
1664 727 1881 795 habent,

286 830 463 883 neque
486 827 712 885 possunt
733 818 962 887 aliquam
990 818 1325 887 incorporeze
1351 830 1553 874 naturae
1583 820 1757 876 ideam
1787 822 1884 875 ad-

284 909 528 973 mittere,
579 909 673 962 sed
716 908 784 963 ad
835 908 1064 965 visibilia
1114 920 1318 965 tantum
1367 912 1772 982 obstupescunt,
1824 924 1881 969 ut

282 999 493 1053 etiamsi
526 1009 715 1069 postea
760 1001 882 1055 talia
912 1016 1019 1055 non
1050 1002 1319 1068 eveniant,
1350 1018 1413 1058 ea
1454 1020 1575 1074 quae
1619 1006 1783 1061 semel
1826 1015 1883 1063 et

281 1092 335 1144 in
363 1090 629 1162 principio
657 1090 793 1146 facta
822 1104 947 1148 sunt
972 1093 1190 1157 similia,
1213 1095 1279 1149 ad
1297 1094 1456 1151 ﬁdem
1488 1096 1553 1151 iis
1580 1096 1877 1155 habendam

279 1184 570 1240 deducant.
628 1184 761 1240 Nam
791 1194 846 1241 et
887 1200 1050 1255 super
1090 1188 1364 1258 apostolos
1392 1205 1556 1245 sonus
1585 1190 1756 1247 factus
1796 1201 1880 1248 est

279 1277 500 1345 Spiritus
526 1277 897 1345 vehementis,
926 1286 982 1334 et
1024 1279 1321 1350 linguarum
1360 1282 1633 1352 iguearum
1670 1284 1878 1353 species

279 1383 599 1438 apparuere,
628 1386 735 1425 non
783 1380 1002 1441 propter
1052 1374 1345 1441 apostolos,
1394 1373 1488 1429 sed
1517 1385 1738 1445 propter
1782 1390 1877 1433 eos

277 1462 366 1531 qui
399 1472 528 1517 tunc
558 1473 850 1532 praesentes
869 1474 1024 1520 erant
1044 1463 1281 1521 Judaaos.
1312 1466 1561 1521 Attamen
1597 1466 1721 1522 licet
1746 1482 1875 1523 sen-

277 1554 395 1607 silia
425 1555 578 1624 signa
606 1571 712 1610 non
755 1556 905 1622 ﬁant,
935 1572 1055 1627 quae
1082 1571 1179 1626 per
1202 1558 1289 1612 illa
1316 1560 1484 1614 semel
1510 1559 1874 1616 demonstrata

276 1654 403 1699 sunt
420 1645 776 1701 admittimus.
804 1647 936 1702 Nam
962 1658 1018 1703 et
1036 1648 1286 1705 columba
1317 1650 1439 1705 ideo
1460 1660 1588 1706 tunc
1616 1652 1731 1706 visa
1767 1662 1871 1720 est,

277 1748 334 1792 ut
361 1740 514 1809 quasi
542 1740 710 1811 digito
732 1741 963 1811 quodam
996 1742 1349 1811 praesentibus
1374 1752 1425 1797 et
1455 1742 1648 1798 Joanni
1677 1743 1871 1799 Filium

277 1832 370 1887 Dei
394 1843 745 1890 monstraret.
770 1833 955 1905 Neque
984 1835 1109 1891 ideo
1127 1844 1331 1891 tantum
1352 1877 1369 1902 ,
1407 1838 1499 1893 sed
1546 1839 1707 1892 etiam
1735 1847 1790 1893 ut
1815 1847 1872 1892 tu

274 1924 547 1991 disceres,
580 1928 741 1982 etiam
792 1942 955 1999 super
998 1937 1050 1985 te
1099 1929 1445 2001 baptizatum,
1476 1931 1731 2002 Spiritum
1778 1931 1873 1988 de-

274 2016 553 2072 scendere.

341 2110 397 2161 5.
421 2109 581 2165 Fides
609 2128 710 2166 non
738 2129 865 2185 opus
882 2114 1028 2169 habet
1056 2115 1261 2170 uisione.
1282 2115 1507 2187 Spiritus
1534 2125 1738 2171 sanctus
1768 2132 1871 2171 non

275 2200 439 2253 minor
486 2201 712 2257 Christo.
778 2205 1009 2260 Christus
1060 2207 1361 2262 Judworum
1414 2219 1460 2264 et
1513 2209 1763 2279 baptisma
1823 2221 1871 2266 et

274 2290 480 2347 Pascha
510 2296 1049 2366 abrogat.—Demum
1080 2314 1186 2353 non
1213 2314 1348 2369 opus
1391 2300 1547 2356 nobis
1574 2312 1657 2358 est
1682 2303 1866 2359 sensili

273 2388 499 2455 visione,
550 2406 673 2445 cum
723 2392 856 2447 ﬁdes
901 2394 1019 2449 vice
1065 2397 1303 2450 omnium
1355 2398 1487 2453 satis
1532 2398 1601 2453 sit
1650 2418 1663 2454 :
1717 2402 1865 2471 signa

272 2482 467 2550 quippe
500 2498 609 2538 non
639 2486 982 2542 credentibus
1008 2529 1022 2553 ,
1053 2488 1147 2543 sed
1180 2490 1468 2546 incredulis
1497 2491 1710 2548 (lantur.
1760 2493 1868 2550 Cur

270 2583 446 2627 autem
479 2574 532 2628 in
562 2575 827 2632 columba:
865 2578 1085 2648 specie?
1111 2579 1443 2636 Mansuetum
1473 2593 1556 2637 est
1584 2585 1780 2639 animal
1811 2594 1867 2641 et

272 2664 548 2717 mundum.
598 2665 733 2733 Quia
798 2667 958 2738 igitur
999 2668 1268 2739 Spiritus,
1317 2674 1739 2729 mansuetudinis
1783 2686 1866 2731 est

268 2754 497 2823 Spiritus
523 2797 539 2823 ,
582 2758 704 2814 ideo
750 2760 839 2814 illa
886 2760 1056 2816 forma
1099 2765 1364 2833 apparuit.
1400 2764 1647 2836 Alioquin
1683 2778 1861 2822 autem

269 2856 507 2903 veterem
541 2850 823 2905 historiam
851 2853 1006 2907 nobis
1037 2854 1091 2908 in
1118 2856 1430 2911 memoriam
1462 2868 1697 2913 revocat.
1726 2859 1859 2915 Nam

270 2953 387 2993 cum
436 2942 565 2995 olim
612 2945 882 2998 communi
932 2945 1209 3016 naufragio
1254 2958 1421 3004 totum
1476 2951 1660 3006 orbem
1716 2952 1863 3007 inva-

268 3031 444 3097 dente,
482 3043 649 3088 totum
681 3052 900 3105 prorsus
926 3037 1199 3094 hominum
1232 3057 1400 3113 genus
1425 3043 1818 3112 periclitaretur
1839 3085 1855 3111 ,

269 3122 366 3179 hoc
395 3126 595 3179 animal
628 3129 912 3197 apparuit,
942 3137 997 3184 et
1027 3134 1359 3202 tempestatis
1400 3135 1558 3189 ﬁnem
1590 3136 1855 3205 ostendit,

265 3230 325 3270 ac
373 3233 585 3272 ramum
635 3220 791 3275 olivae
832 3231 1008 3277 rostro
1053 3232 1239 3280 tenens
1267 3266 1282 3290 ,
1330 3240 1666 3283 communem
1714 3230 1858 3284 orbis

266 3312 701 3381 tranquillitatem
749 3316 1011 3373 nuntiavit
1044 3336 1058 3372 :
1091 3335 1211 3390 quze
1236 3322 1414 3377 omnia
1459 3322 1624 3394 ﬁgura
1654 3323 1857 3379 futuro-

264 3415 377 3455 rum
422 3413 602 3457 erant.
652 3404 803 3461 Tune
846 3409 989 3464 enim
1036 3411 1202 3465 multo
1244 3412 1510 3470 deteriore
1550 3417 1857 3475 conditione

263 3508 346 3548 res
374 3494 653 3551 hominum
684 3508 873 3567 erant,
902 3516 965 3556 ac
990 3503 1157 3558 multo
1193 3506 1397 3575 majore
1439 3508 1510 3562 illi
1538 3517 1692 3563 erant
1730 3525 1857 3580 sup-

264 3587 419 3657 plicio
450 3589 621 3660 digni.
666 3591 746 3646 Ne
772 3591 1026 3663 desperes
1056 3595 1216 3665 igitur
1240 3638 1255 3665 ,
1291 3598 1427 3653 hanc
1454 3600 1547 3653 tibi
1576 3600 1853 3655 historiam

263 3677 312 3731 in
353 3681 676 3736 memoriam
710 3694 942 3738 revocat.
991 3685 1120 3740 Nam
1151 3696 1276 3742 tunc
1318 3688 1612 3760 desperatis
1654 3692 1848 3759 rebus,

262 3772 431 3826 exitus
487 3782 665 3829 tamen
709 3775 925 3845 quidam
966 3788 1021 3833 et
1060 3780 1366 3836 emendatio
1410 3782 1553 3839 fuit:
1585 3785 1680 3839 sed
1729 3794 1854 3840 tunc

262 3881 353 3937 per
395 3869 716 3936 supplicium
742 3910 758 3935 ,
792 3880 933 3927 nitnc
973 3889 1100 3927 vero
1141 3891 1239 3945 per
1281 3876 1507 3946 gratiam
1554 3887 1609 3932 et
1649 3877 1848 3934 donum

260 3958 549 4014 inell‘abile.
603 3961 833 4032 Ideoque
876 3964 1121 4020 columba
1170 3977 1436 4037 apparet,
1485 3984 1591 4024 non
1640 3985 1847 4026 ramum

259 4050 407 4105 oliva:
431 4051 633 4119 ferens,
657 4053 750 4109 sed
779 4056 1014 4110 omnium
1042 4058 1304 4114 malorum
1331 4060 1669 4118 liberatorem
1697 4064 1850 4118 nobis

258 4145 566 4211 ostendens,
592 4146 891 4218 bonamque
920 4166 1069 4220 spem
1096 4151 1376 4208 exhibens.
1405 4152 1588 4224 Neque
1614 4156 1756 4211 enim
1777 4171 1847 4211 ex

259 4252 374 4292 arca
414 4256 581 4293 unum
611 4240 790 4295 educit
820 4241 1110 4309 hominem,
1136 4244 1229 4300 sed
1258 4261 1379 4301 cum
1408 4256 1649 4318 apparet,
1678 4258 1845 4304 totum

259 4330 438 4385 orbem
469 4333 667 4387 attollit
689 4334 742 4387 in
773 4336 961 4389 caelum
983 4377 998 4399 ,
1031 4346 1084 4390 et
1114 4352 1212 4407 pro
1239 4338 1395 4394 olivae
1419 4356 1570 4396 ramo
1598 4341 1846 4411 adoptio-

260 4438 373 4474 nem
406 4422 640 4476 ﬁliorum
674 4426 940 4479 communi
972 4428 1118 4482 orbis
1144 4431 1329 4498 generi
1368 4430 1541 4486 aﬂ'ert.
1584 4432 1845 4503 Magnitu-

257 4513 430 4567 dinem
473 4528 604 4582 ergo
631 4514 756 4569 doni
799 4526 972 4571 tecum
1005 4528 1260 4589 reputans
1284 4561 1299 4584 ,
1340 4537 1407 4577 ne
1435 4523 1696 4578 minorem
1727 4525 1845 4592 ejus

256 4606 566 4674 dignitatem
593 4609 901 4672 existimes,
948 4611 1088 4680 quod
1120 4613 1173 4667 in
1212 4612 1303 4667 tali
1350 4615 1530 4684 specie
1566 4627 1841 4685 appareat.

256 4697 381 4752 Nam
412 4698 676 4768 quosdam
702 4702 861 4755 audio
886 4703 1147 4767 dicentes,
1183 4714 1383 4760 tantum
1426 4722 1545 4763 esse
1573 4709 1842 4765 hominem

256 4790 389 4843 inter
423 4798 480 4845 et
520 4792 824 4847 Columbam
853 4794 1139 4850 discrimen
1161 4836 1176 4862 ,
1223 4806 1478 4866 quantum
1523 4799 1662 4854 inter
1690 4799 1845 4855 Chri-

256 4890 394 4934 stum
428 4889 485 4935 et.
510 4881 767 4950 Spiritum
795 4926 809 4948 ,
851 4885 971 4953 quia
1000 4886 1088 4941 ille
1113 4887 1163 4939 in
1194 4897 1379 4942 natura
1405 4899 1586 4944 nostra
1610 4932 1624 4954 ,
1677 4892 1763 4947 hic
1790 4891 1842 4946 in

253 4972 432 5037 specie
472 4971 736 5027 columba:
776 4976 1041 5043 apparuit.
1074 4976 1246 5045 ,Quid
1293 4977 1359 5033 ad
1407 4979 1521 5034 haec
1561 4980 1843 5037 dicendum

252 5063 371 5113 est?
421 5060 643 5116 Scilicet
688 5063 878 5118 Filium
926 5066 1018 5119 Dei
1071 5079 1313 5123 naturam
1365 5070 1595 5127 hominis
1639 5088 1845 5129 assum-

257 5152 460 5216 psisse;
490 5153 752 5222 Spiritum
778 5172 906 5211 vero
926 5173 1032 5211 non
1064 5169 1308 5214 naturam
1334 5165 1611 5232 accepisse
1638 5165 1846 5220 colum-

257 5243 355 5297 bie.
384 5244 513 5301 Ideo
541 5247 862 5317 evangelista
892 5265 997 5304 non
1030 5250 1079 5304 in
1108 5262 1316 5317 natura,
1344 5253 1438 5308 sed
1467 5255 1519 5306 in
1546 5257 1722 5325 specie
1747 5274 1843 5312 co-

260 5334 447 5389 lumba:
473 5335 608 5389 dixit
638 5355 650 5389 :
684 5354 854 5407 neque
882 5352 1065 5409 postea
1092 5357 1341 5413 umquam
1376 5346 1473 5399 hac
1502 5346 1670 5416 ﬁgura
1701 5349 1844 5405 visus

259 5435 337 5478 est
362 5468 378 5492 ,
407 5428 502 5483 sed
535 5440 663 5483 tunc
693 5438 916 5485 tantum.
950 5431 1007 5487 Si
1037 5448 1195 5501 porro
1223 5434 1337 5503 ejus
1368 5435 1490 5490 ideo
1533 5438 1841 5509 dignitatem

262 5519 519 5575 minorem
548 5520 717 5589 dicas,
750 5524 853 5579 hoc
875 5526 1223 5582 ratiocinandi
1252 5531 1413 5587 modo
1441 5532 1730 5592 Cherubini
1754 5538 1845 5593 illo

264 5610 491 5680 majores
518 5617 854 5684 reperientur
883 5660 896 5682 ,
945 5628 999 5674 et
1028 5632 1284 5691 quantum
1321 5626 1494 5696 aquila
1544 5630 1715 5699 major
1763 5642 1847 5688 est.

262 5704 501 5763 columba
534 5723 550 5763 z
581 5723 702 5764 nam
732 5710 807 5765 illi
851 5710 987 5768 hanc
1021 5729 1309 5786 suscepere
1348 5719 1613 5789 speciem;
1644 5731 1697 5778 ct
1742 5739 1837 5779 an-

1391 310 1458 366 lN
1493 306 1901 367 MATTHA'IUM
1938 306 2165 365 IIUMIL.
2209 312 2321 369 ΧΗ.

3380 338 3585 396 ’206

1999 430 2102 500 geli
2129 446 2342 505 quoque
2366 440 2786 506 prmstantiores,
2813 444 2904 514 qui
2932 445 3204 503 hominum
3232 452 3408 520 specie
3439 469 3580 524 sa-pe

1992 536 2369 594 apparuerunt.
2404 532 2473 584 At
2501 547 2607 586 non
2640 534 2733 600 ita,
2762 551 2868 592 non
2891 538 2961 593 ita
2991 542 3171 611 utique
3198 560 3283 598 res
3310 561 3368 601 se
3400 546 3577 601 habet.

1990 615 2122 671 Nam
2163 618 2305 674 aliud
2334 632 2416 676 est
2445 625 2641 681 veritas
2665 632 2981 686 meouomiae
3004 674 3017 697 ,
3051 635 3191 689 aliud
3221 646 3580 708 temperantem

1990 709 2211 765 visionis
2242 715 2538 771 concessio.
2587 717 2664 773 Ne
2685 720 2863 790 itaque
2893 724 3129 793 ingratus
3160 728 3233 781 sis
3256 745 3382 799 erga
3410 733 3578 787 bene-

1988 797 2244 857 iactorcm
2268 844 2285 871 ,
2330 821 2504 877 neque
2546 815 2871 868 contrariam
2923 819 3155 886 repende
3186 821 3355 876 vicem
3396 825 3445 878 ei
3485 828 3574 895 qui

1986 893 2084 947 tibi
2111 895 2455 955 beatitudinis
2485 904 2683 959 fontem
2722 906 2959 963 donavit.
3014 911 3111 967 Ubi
3157 915 3298 969 enim
3327 926 3409 971 est
3447 893 3576 974 ado-

1986 984 2184 1053 ptionis
2212 988 2443 1061 dignitas
2467 1036 2483 1061 ,
2528 995 2600 1050 ibi
2628 1008 2684 1052 et
2712 1000 2975 1056 malorum
3004 1003 3246 1075 depulsio
3270 1049 3284 1071 ,
3326 1018 3381 1063 et
3406 1011 3575 1065 bono-

1984 1092 2104 1134 rum
2148 1083 2388 1140 omnium
2446 1104 2659 1146 munus.
2728 1091 2854 1147 Ideo
2900 1093 3179 1152 Judaicum
3217 1100 3432 1169 quidem
3483 1104 3576 1158 ba-

1984 1172 2178 1243 ptisma
2207 1176 2494 1249 abrogatur
2516 1222 2533 1248 ,
2579 1197 2820 1239 nostrum
2849 1195 3023 1243 autem
3054 1192 3334 1247 exordium
3365 1193 3525 1249 habet
3553 1212 3568 1249 :

1982 1277 2144 1338 atque
2188 1270 2417 1341 idipsum
2448 1276 2588 1345 quod
2619 1277 2671 1331 in
2704 1278 2984 1348 Paschate,
3013 1282 3065 1337 in
3093 1283 3409 1353 baptismate
3434 1304 3542 1357 quo

1983 1375 2087 1431 que
2111 1365 2353 1435 contigit.
2394 1366 2525 1423 Nam
2552 1385 2675 1425 cum
2702 1381 2990 1444 utrumque
3032 1378 3227 1445 pascha
3259 1380 3571 1436 celebrave-

1982 1455 2072 1521 rit,
2103 1457 2330 1513 alterum
2362 1460 2662 1533 abrogavit,
2692 1465 2847 1521 alteri
2878 1484 3004 1523 vero
3034 1472 3349 1541 principium
3377 1473 3522 1529 dedit
3552 1492 3567 1533 :

1982 1556 2036 1601 et
2085 1547 2170 1604 hic
2208 1566 2419 1605 rursum
2446 1594 2461 1618 ,
2506 1569 2625 1609 eum
2653 1555 2930 1613 Judaicum
2985 1561 3242 1631 baptisma
3290 1565 3567 1634 implevit,

1982 1649 2107 1695 tunc
2165 1651 2219 1696 et
2262 1642 2516 1700 Ecclesia:
2568 1646 2901 1717 baptismatis
2949 1652 3141 1722 januas
3182 1656 3386 1724 aperit;
3432 1660 3569 1715 sicut

1982 1738 2106 1786 tunc
2130 1732 2182 1787 in
2211 1749 2312 1788 una
2341 1751 2525 1791 mensa
2551 1779 2565 1801 ,
2596 1739 2674 1794 sic
2698 1756 2839 1797 nunc
2877 1743 2930 1797 in
2960 1760 3067 1798 uno
3088 1744 3307 1802 ﬂumine
3330 1790 3345 1814 ,
3377 1758 3432 1803 et
3453 1766 3568 1805 um-

1976 1822 2126 1878 bram
2157 1825 2455 1892 delineaus,
2486 1840 2541 1884 et
2561 1832 2840 1887 veritatem
2869 1835 3091 1891 addens.
3118 1838 3350 1906 Spiritus
3370 1842 3567 1910 quippe

1975 1916 2198 1983 gratiam
2228 1917 2328 1973 hoc
2355 1920 2527 1975 solum
2556 1925 2818 1993 baptisma
2849 1926 3044 1993 habet;
3073 1928 3296 1985 Joa'nnis
3322 1949 3449 1987 vero
3473 1935 3564 1988 ha-

1886 2051 1897 2059 .
1975 2006 2166 2074 ptisma
2196 2007 2297 2063 hoc
2326 2010 2470 2065 dono
2497 2028 2719 2068 vacuum
2764 2028 2901 2070 erat.
2932 2017 3159 2089 Ideoque
3188 2020 3313 2075 dum
3338 2023 3425 2077 alii
3448 2038 3564 2079 om-

1974 2111 2073 2151 nes
2098 2097 2520 2170 baptizarentur,
2546 2104 2677 2159 nihil
2708 2108 2812 2162 tale
2832 2110 3086 2179 contigit;
3114 2112 3210 2166 sed
3245 2113 3296 2166 in
3327 2114 3415 2168 illo
3444 2125 3562 2168 tan-

1974 2199 2087 2246 tum
2116 2193 2204 2262 qui
2229 2194 2356 2250 illud
2385 2197 2675 2253 traditurus
2702 2209 2846 2267 erat;
2872 2209 2929 2255 ut
2957 2217 3076 2257 cum
3102 2206 3427 2273 supradictis
3459 2207 3561 2264 hoc

1972 2301 2187 2355 quoque
2213 2288 2410 2354 discas,
2437 2307 2540 2345 non
2569 2291 2852 2360 puritatem
2880 2292 3199 2365 baptiz'antis
3217 2298 3257 2362 ί,
3276 2299 3370 2353 sed
3392 2300 3563 2370 bapti-

1972 2378 2075 2431 zati
2102 2377 2353 2433 virtutem
2394 2381 2447 2435 id
2480 2382 2687 2438 fecisse.
2742 2385 2893 2441 Tunc
2936 2388 3115 2459 itaque
3144 2397 3198 2444 et
3225 2392 3342 2446 caeli
3388 2394 3557 2457 aperti

1972 2478 2116 2535 sunt,
2147 2481 2199 2525 et
2226 2470 2456 2542 Spiritus
2478 2476 2805 2543 supervenit.
2825 2477 2956 2532 Nam
2978 2494 3008 2533 a
3039 2482 3206 2536 veteri
3236 2483 3444 2538 vivendi
3468 2501 3559 2553 ge-

1970 2579 2100 2619 nere
2129 2580 2227 2620 nos
2249 2566 2360 2635 jam
2407 2566 2635 2623 traducit
2674 2569 2741 2624 ad
2769 2587 2965 2626 novum
2995 2613 3012 2639 ,
3061 2574 3252 2643 januas
3299 2591 3560 2648 supernas

1969 2654 2246 2724 aperiens,
2277 2666 2333 2713 et
2358 2657 2614 2729 Spiritum
2652 2661 2777 2717 inde
2806 2664 3026 2720 mittens
3068 2666 3134 2721 ad
3166 2668 3308 2722 illam
3333 2672 3558 2738 patriam

1968 2756 2248 2802 vocantem
2268 2767 2282 2814 ;
2305 2765 2405 2805 nec
2424 2760 2628 2807 tantum
2647 2763 2948 2822 vocantem,
2967 2756 3063 2812 sed
3084 2767 3139 2813 et
3160 2774 3280 2813 cum
3298 2761 3558 2831 dignitate

1967 2841 2218 2895 maxima.
2269 2842 2385 2897 Non
2416 2845 2560 2899 enim
2588 2846 2808 2916 angelos
2835 2857 2890 2904 et
2917 2850 3265 2923 archangelos
3284 2854 3425 2919 fecit,
3458 2857 3555 2912 sed

1965 2930 2105 2987 ﬁlios
2130 2932 2225 2989 Dei
2254 2944 2308 2989 et
2329 2935 2554 2993 dilectos
2581 2955 2595 2993 :
2618 2939 2696 2994 sic
2725 2953 2824 2995 nos
2849 2939 2917 2995 ad
2939 2942 3081 2997 illam
3101 2955 3299 3000 sortem
3315 2948 3554 3003 attrahit.

2035 3024 2090 3079 4.
2133 3024 2260 3080 "me
2288 3028 2528 3097 cogitans
2547 3031 2724 3085 omnia
2746 3071 2765 3096 ,
2795 3043 2850 3088 et
2877 3033 3165 3090 dilectione
3193 3039 3434 3091 vocantis
3454 3080 3468 3102 ,
3501 3048 3557 3093 et

1963 3116 2239 3170 consortio
2264 3117 2357 3172 illo
2386 3120 2585 3175 caelesti
2611 3130 2667 3176 et
2694 3122 2887 3178 collato
2909 3123 3113 3181 honore
3143 3127 3355 3198 dignam
3388 3130 3554 3185 ducas

1963 3206 2125 3261 vitam
2152 3217 2392 3278 oportet;
2424 3211 2626 3267 mundo
2663 3215 2979 3283 cruciﬁxus,
3021 3228 3074 3273 et
3117 3221 3372 3275 mundum
3403 3224 3454 3276 in
3500 3233 3553 3278 te

1961 3298 2303 3371 cruciﬁgens,
2353 3318 2473 3358 cum
2504 3305 2651 3359 omni
2690 3298 2964 3378 diligentia
2992 3311 3205 3366 caeleste
3249 3314 3549 3369 institutum

1960 3391 2186 3449 exhibe:
2212 3409 2386 3465 neque
2410 3397 2533 3467 quia
2573 3413 2769 3469 corpus
2795 3406 2941 3454 tuum
2968 3402 3202 3458 nondum
3234 3405 3548 3461 translatum

1960 3493 2042 3539 est
2080 3483 2133 3538 in
2173 3485 2387 3554 caelum,
2432 3497 2585 3558 putes
2629 3498 2682 3546 te
2706 3491 2902 3562 aliquid
2927 3508 3046 3548 cum
3079 3502 3218 3550 terra
3258 3512 3548 3555 commune

1960 3572 2176 3630 habere.
2198 3577 2371 3647 Caput
2393 3582 2535 3634 enim
2562 3592 2708 3636 tuum
2731 3582 2896 3638 habes
2918 3586 2971 3640 in
2994 3586 3129 3642 czelo
3153 3588 3366 3644 sedens.
3396 3591 3549 3645 Ideo-

1957 3683 2061 3739 que
2086 3669 2343 3726 Dominus
2367 3687 2486 3727 cum
2518 3674 2665 3742 prius
2696 3675 2799 3731 huc
2825 3679 3080 3743 venisset,
3109 3682 3434 3754 angelosque
3454 3700 3544 3740 se-

1957 3772 2079 3813 cum
2101 3760 2446 3830 adduxisset,
2485 3773 2611 3818 tunc
2638 3775 2689 3821 te
2711 3779 2987 3838 assumpto
3028 3770 3151 3825 illuc
3176 3772 3340 3837 abiit,
3384 3783 3442 3829 ut
3488 3786 3541 3832 tu

1956 3860 2242 3921 antequam
2269 3853 2395 3908 illuc
2420 3856 2680 3911 ascendas
2699 3896 2715 3921 ,
2759 3858 2966 3915 ediscas
2995 3877 3153 3931 posse
3180 3874 3231 3919 te
3261 3873 3456 3920 terram
3484 3877 3539 3922 ut

1956 3945 2146 3999 caelum
2214 3945 2473 4004 incolere.
2522 3950 2939 4007 Perseveremus
2982 3955 3160 4025 itaque
3208 3958 3539 4015 nobilitatem

1955 4049 2191 4102 servare,
2219 4054 2378 4107 quam
2406 4041 2474 4095 ab
2499 4041 2650 4099 initio
2678 4046 3030 4114 suscepimus,
3064 4050 3371 4120 regiamque
3397 4050 3541 4107 illam

1954 4128 2222 4184 melestem
2265 4131 2505 4201 quotidie
2542 4149 2883 4204 quaeramus,
2932 4155 2994 4194 ac
3033 4142 3314 4210 prmsentia
3360 4147 3541 4201 omnia

1954 4217 2201 4273 umbram
2247 4231 2302 4276 et
2343 4225 2607 4278 somnium
2637 4241 2755 4282 esse
2786 4240 3054 4298 putemus.
3099 4232 3284 4304 Neque
3311 4236 3452 4290 enim
3493 4238 3542 4293 si

1950 4311 2216 4384 quispiam
2240 4331 2334 4371 rex
2364 4327 2607 4376 terrenus
2653 4330 2705 4376 te
2732 4325 3036 4380 mendicum
3062 4337 3116 4382 et
3140 4343 3430 4399 pauperem
3457 4348 3543 4388 re-

1950 4415 2111 4471 pente
2138 4405 2189 4460 in
2213 4407 2377 4462 ﬁlium
2404 4409 3001 4485 adoptaret,'tugurium
3030 4424 3177 4472 tuum
3203 4418 3428 4491 ejusque
3456 4424 3540 4477 vi-

1951 4494 2156 4555 litatem
2215 4498 2352 4552 ultra
2401 4502 2734 4571 respiceres,
2779 4505 2987 4560 etiamsi
3032 4506 3149 4563 hmc
3198 4526 3305 4565 non
3348 4514 3538 4583 grandi

1950 4586 2236 4645 intervallo
2285 4603 2622 4662 separantur.
2667 4594 2748 4650 Ne
2791 4596 2971 4667 itaque
3019 4600 3105 4656 hic
3153 4602 3427 4672 quidpiam
3472 4623 3533 4661 ex

1948 4681 2216 4748 prioribus
2262 4682 2313 4735 in
2355 4693 2533 4739 mente
2577 4700 2805 4743 verses:
2837 4705 2958 4744 nam
3003 4690 3071 4745 ad
3116 4692 3272 4762 longe
3320 4697 3537 4751 meliora

1948 4780 2180 4828 vocatus
2227 4788 2308 4828 es.
2366 4771 2467 4839 Qui
2498 4774 2641 4828 enim
2683 4786 2862 4844 vocat,
2896 4780 3215 4849 angelorum
3270 4783 3539 4840 Dominus

1948 4874 2051 4930 est,
2114 4867 2365 4934 bonaque
2429 4866 2525 4921 tibi
2588 4868 2787 4924 collata
2857 4871 3124 4926 rationem
3203 4890 3419 4929 omnem
3487 4885 3542 4931 et

1950 4970 2182 5011 mentem
2218 4970 2497 5047 superant.
2556 4958 2676 5015 Non
2709 4962 2854 5016 enim
2884 4980 2911 5016 a
2948 4975 3089 5019 terra
3141 4966 3196 5019 in
3257 4976 3453 5022 terram
3489 4978 3540 5023 te

1948 5048 2239 5112 transfert,
2289 5056 2348 5101 ut
2384 5050 2473 5103 ille
2503 5066 2630 5117 rex;
2676 5051 2771 5106 sed
2816 5066 2845 5106 a
2893 5062 3029 5108 terra
3061 5055 3114 5109 in
3144 5056 3358 5123 cmlum,
3402 5065 3459 5112 et
3503 5076 3533 5112 a

1947 5142 2158 5196 mortali
2192 5150 2374 5197 natura
2421 5144 2471 5197 iu
2522 5145 2745 5214 gloriam
2793 5148 3146 5204 immortalem
3195 5161 3249 5206 et
3296 5152 3537 5208 ineﬂ'abi-

1949 5235 2077 5299 lem,
2110 5252 2227 5305 quae
2255 5246 2378 5291 tunc
2404 5247 2605 5292 tantum
2633 5240 2775 5294 clare
2803 5245 2995 5309 poterit
3021 5245 3270 5313 perspici,
3298 5262 3417 5301 cum
3446 5249 3534 5303 illa

1951 5327 2207 5382 fruemur.
2252 5328 2397 5383 Talia
2431 5339 2607 5385 tamen
2635 5345 3058 5402 conscquuturus
3088 5336 3245 5394 bona.
3280 5340 3535 5407 pecunias

1950 5418 2079 5471 mihi
2109 5434 2538 5486 commemoras,
2585 5430 2959 5492 terrenamque
3003 5441 3246 5494 pompam
3295 5430 3539 5484 retines?

1952 5524 2049 5563 nec
2103 5518 2255 5578 putas
2300 5511 2414 5565 hate
2452 5514 2626 5566 omnia
2673 5531 2789 5583 qua:
2831 5516 2929 5569 sub
2972 5526 3245 5585 aspectum
3298 5519 3531 5586 cadunt,

1950 5600 2318 5658 mendicorum
2349 5605 2539 5673 pannis
2565 5621 2684 5660 esse
2714 5608 2936 5661 viliora?
2972 5608 3042 5663 Et
3081 5610 3353 5679 quomodo
3389 5620 3535 5667 tanto

2020 5760 2037 5791 ι
2073 5765 2213 5820 Unus,
2240 5772 2331 5809 non
2352 5763 2607 5823 puritatem
2632 5760 2872 5825 baptismi;
2897 5763 3054 5814 minus
3069 5769 3225 5815 recte.
