4050 6364
534 343 644 400 907

534 464 742 518 honore
771 457 963 527 dignus
990 453 1272 510 habeat-is?
1296 469 1455 523 quam
1481 452 1848 509 defensionem
1891 453 2131 524 proferre

542 550 760 622 possis?
804 551 912 604 imo
939 548 1119 619 potius
1155 559 1290 615 quas
1317 560 1502 616 pamas
1527 561 1633 600 non
1659 546 1778 601 lues
1797 587 1812 610 ,
1843 561 1965 601 cum
2010 556 2131 616 post

535 654 743 700 tantum
795 641 993 696 donum
1039 637 1106 693 ad
1150 639 1388 708 priorem
1437 635 1697 691 vomitum
1743 638 1968 694 curras?
2013 637 2129 693 Non

532 733 682 788 enim
725 731 862 787 ultra
894 739 954 785 ut
999 730 1200 792 homo,
1244 727 1338 782 sed
1385 736 1442 781 ut
1470 728 1607 782 filius
1658 727 1750 782 Dei
1783 739 2127 798 peccatorum

535 838 725 892 poenas
753 821 944 887 dabis,
996 820 1196 888 tibique
1228 818 1446 872 honoris
1490 817 1798 888 magnitudo
1841 817 1907 873 ad
1955 817 2129 889 majus

533 913 855 983 supplicium
884 911 1023 965 viam
1055 909 1284 980 parabit.
1329 907 1606 978 Siquidem
1653 922 1790 972 nos,
1844 919 2128 978 peccantes

530 1019 744 1073 servos,
776 1013 831 1061 et
851 1003 991 1059 filios
1017 1001 1391 1072 delinquentes
1419 1016 1526 1062 non
1573 999 1688 1070 pari
1731 1001 1993 1072 supplicio
2018 1001 2130 1070 plep

527 1097 886 1161 etimus,cum
914 1094 1148 1150 maxime
1170 1093 1245 1148 illi
1273 1108 1461 1163 magna
1485 1102 1606 1148 sunt
1631 1108 1664 1147 a
1692 1093 1846 1148 nobis
1868 1093 2140 1150 beneficia»

529 1185 869 1257 consequuti.
897 1185 1030 1240 Nam
1057 1184 1104 1240 si
1129 1185 1176 1240 is
1196 1183 1288 1255 qui
1316 1181 1623 1254 paradisum
1648 1183 1700 1238 in
1727 1192 1928 1238 sortem
1967 1198 2126 1239 acce-

529 1287 704 1348 perat,
740 1277 886 1350 quod
910 1277 1078 1333 semel
1116 1285 1481 1346 transgressus
1502 1283 1648 1332 esset
1670 1317 1683 1339 ,
1710 1285 1853 1330 tanta
1877 1285 1998 1346 post
2025 1275 2126 1330 ho-

529 1387 718 1427 noretn
747 1370 969 1442 pertulit
997 1370 1174 1437 mala;
1206 1384 1304 1424 nos
1329 1369 1420 1439 qui
1446 1369 1637 1423 czelum
1663 1368 1972 1438 accepimus
2002 1410 2018 1435 ,
2045 1377 2128 1423 at-

529 1481 636 1534 que
665 1465 938 1536 Unigeniti
966 1461 1263 1520 coheredes
1290 1461 1412 1516 facti
1435 1477 1654 1526 sumus,
1683 1476 1842 1530 quam
1871 1461 2128 1530 impetra-

529 1555 709 1611 bimus
738 1556 946 1610 veniam
971 1596 988 1621 ,
1014 1554 1060 1609 si
1081 1553 1149 1609 ad
1175 1560 1479 1622 serpentem
1521 1553 1707 1606 relicta
1725 1551 1971 1606 columba
1998 1567 2126 1607 cur-

531 1646 755 1702 ramus?
779 1644 894 1701 Non
922 1647 1066 1700 enim
1093 1643 1231 1699 ultra
1259 1643 1558 1698 audiemus.
1591 1641 1746 1695 Terra
1773 1658 1842 1706 es,
1868 1652 1915 1696 et
1941 1641 1994 1694 in
2015 1651 2122 1694 ter-

529 1754 646 1792 ram
666 1738 925 1792 reverteris
952 1737 1104 1810 (Gen.
1149 1737 1204 1792 5.
1239 1734 1352 1808 f9),
1384 1751 1555 1805 neque
1603 1734 1904 1805 Operaberis
1941 1743 2127 1788 (errant

531 1832 686 1905 (Gen.
717 1834 772 1888 4.
806 1832 914 1903 12)
941 1873 956 1900 ,
986 1831 1070 1888 vel
1095 1831 1198 1885 alia
1226 1831 1352 1885 olim
1379 1828 1541 1894 dicta,
1575 1828 1670 1884 sed
1696 1827 1857 1897 longe
1887 1827 1972 1882 his
2004 1842 2127 1898 gra-

532 1925 684 1980 viora
708 1964 725 1991 ,
755 1926 1001 1980 tenebras
1027 1923 1324 1979 exteriores
1347 1963 1365 1989 ,
1405 1919 1618 1976 vincula
1649 1919 1969 1984 insolubilia,
2000 1933 2124 1974 ver-

528 2032 672 2072 mem
692 2031 1042 2081 venenosum,
1069 2014 1352 2070 stridorem
1373 2012 1640 2071 dentium;
1663 2020 1718 2064 et
1742 2010 1861 2079 jure
1883 2009 2121 2080 quidem.

528 2112 630 2180 Qui
656 2112 797 2167 enim
825 2127 924 2167 nec
955 2119 1077 2181 post
1103 2118 1309 2164 tantum
1336 2106 1656 2161 beneficium
1685 2104 1878 2158 melior
1905 2102 2120 2170 evadit,

521 2205 644 2274 jure
670 2213 938 2259 extremas
981 2211 1036 2257 et
1072 2201 1418 2272 gravissimas
1462 2211 1647 2266 pinnas
1686 2195 1853 2250 dabit.
1899 2194 2125 2264 Aperuit

528 2297 656 2350 olim
698 2305 753 2350 et
775 2295 971 2351 clausit
997 2294 1188 2348 czelum
1218 2292 1380 2355 Elias,
1411 2289 1506 2344 sed
1541 2289 1610 2342 ita
1652 2296 1710 2342 ttt
1749 2287 1980 2356 pluviam
2024 2295 2117 2342 aut

526 2387 835 2442 demitteret
875 2397 969 2440 aut
997 2385 1256 2438 retineret
1281 2380 1358 2454 (5.
1392 2380 1520 2451 Reg.
1555 2380 1645 2450 Π)
1675 2397 1688 2433 :
1719 2379 1812 2434 tibi
1840 2393 1969 2434 vero
2013 2392 2121 2433 non

528 2481 599 2534 ita
629 2479 823 2534 cmlum
862 2477 1102 2547 aperitur
1127 2517 1143 2542 ,
1175 2474 1267 2529 sed
1300 2481 1356 2528 ut
1385 2473 1508 2526 illuc
1537 2469 1826 2535 ascendas;
1872 2469 2122 2540 quodque

526 2572 699 2641 majus
737 2580 855 2636 est,
904 2585 1008 2624 non
1056 2579 1114 2623 ut
1156 2565 1419 2622 ascendas
1467 2573 1671 2618 tantum
1697 2605 1712 2629 ,
1746 2561 1841 2617 sed
1889 2571 1946 2616 ut
1986 2561 2122 2616 alios

525 2665 690 2718 etiam
721 2674 896 2718 tecum
923 2662 1111 2726 ducas,
1142 2659 1187 2715 si
1219 2658 1375 2722 velis,
1412 2666 1610 2710 tantam
1638 2654 1731 2708 tibi
1774 2655 1827 2708 in
1855 2654 1966 2708 suis
1998 2669 2124 2706 om»

525 2755 686 2810 nibus
709 2753 957 2809 fiduciam
1001 2760 1056 2807 et
1096 2757 1413 2821 potestatem
1456 2747 1620 2801 dedit.
1653 2745 1914 2811 Quoniam
1959 2744 2122 2814 igitur

525 2847 598 2902 ibi
627 2845 819 2901 domus
845 2853 1027 2898 nostra
1054 2853 1155 2907 est,
1188 2841 1296 2896 illic
1316 2838 1494 2896 omnia
1521 2837 1874 2906 deponamus,
1902 2844 1957 2890 et
1985 2834 2120 2889 nihil

526 2938 616 2994 hic
645 2939 1030 3006 relinquamus,
1065 2951 1132 2990 ne
1161 2934 1252 2988 illa
1272 2932 1580 3004 perdamus.
1613 2929 1710 2984 llic
1737 2931 1878 2984 enim
1908 2927 2119 2984 etiamsi

523 3031 732 3085 clavem
757 3028 1014 3083 adhibeas
1040 3069 1056 3093 ,
1085 3035 1142 3082 et
1167 3035 1349 3096 portas
1373 3033 1431 3079 et
1454 3034 1666 3090 vectes,
1695 3024 1740 3078 si
1766 3023 1914 3077 mille
1932 3036 2118 3077 servos

521 3122 681 3176 sistas
704 3163 722 3188 ,
767 3128 823 3175 et
858 3119 1195 3174 insidiatores
1223 3131 1414 3173 omnes
1440 3115 1678 3170 declines
1697 3156 1713 3182 ,
1742 3115 1951 3169 etiamsi
1982 3114 2120 3168 invi-

519 3213 713 3267 dorum
744 3212 929 3267 oculos
957 3211 1201 3280 effugias,
1229 3210 1330 3264 etsi
1359 3209 1550 3271 tineas,
1579 3207 1790 3262 etiamsi
1823 3207 2117 3276 perniciem

526 3319 686 3374 quam
713 3312 955 3357 vetustas
975 3301 1133 3356 affert
1160 3342 1176 3366 ,
1208 3299 1348 3371 quod
1379 3309 1554 3354 tamen
1587 3298 1701 3353 fieri
1733 3295 1938 3368 nequit,
1967 3313 2116 3351 mor-

519 3404 630 3450 tem
657 3403 805 3449 certe
835 3409 940 3448 non
971 3392 1193 3463 effugies
1217 3433 1232 3457 ,
1278 3406 1492 3460 unoque
1543 3389 1799 3459 temporis
1841 3398 2116 3444 momento

528 3487 645 3542 haec
673 3486 852 3540 omnia
898 3484 1207 3540 aufereutur
1238 3500 1251 3537 :
1299 3497 1398 3537 nec
1429 3481 1588 3537 modo
1618 3481 1966 3543 auferentur,
2018 3479 2114 3535 sed

518 3582 682 3636 etiam
728 3595 871 3648 szepe
902 3580 952 3632 in
985 3594 1174 3632 manus
1203 3576 1542 3630 inimicorum
1577 3574 1870 3629 tradentur.
1899 3573 1956 3628 Si
1984 3588 2114 3628 vero

519 3674 574 3727 in
601 3672 818 3726 domum
860 3669 1004 3724 illam
1045 3669 1410 3730 transmittas,
1446 3666 1695 3720 omnibus
1742 3663 1825 3718 his
1865 3664 2112 3733 superior

515 3765 646 3820 eris.
688 3762 871 3830 Neque
895 3761 1037 3816 enim
1068 3760 1248 3814 claves
1273 3797 1288 3821 ,
1328 3757 1414 3811 vel
1455 3767 1658 3826 portas,
1691 3756 1772 3809 vel
1801 3765 1982 3810 vectes
2009 3753 2109 3808 ad-

517 3855 706 3908 bibere
734 3862 986 3922 oportet;
1030 3867 1197 3919 usque
1239 3849 1374 3903 adeo
1401 3849 1602 3902 munita
1641 3858 1725 3902 est
1767 3847 1855 3902 illa
1883 3847 2106 3913 civitas,

517 3957 628 4000 tam
660 3943 1095 4013 inexpugnabilis
1122 3943 1291 4006 locus,
1317 3950 1421 3994 tam
1449 3940 1756 3994 inaccessos
1780 3937 2109 4009 corruptioni

510 4049 570 4093 ct
597 4036 936 4106 malignitati.

584 4127 638 4182 5.
682 4133 873 4180 Annon
918 4133 1172 4180 extremae
1213 4120 1496 4175 dementiae
1523 4130 1639 4183 est,
1673 4119 1745 4175 ibi
1789 4121 1969 4174 omnia
2009 4109 2134 4175 ac?

511 4220 788 4273 cumulare
813 4218 902 4271 ubi
931 4216 1175 4285 deposita
1204 4221 1428 4282 pereunt
1466 4222 1520 4266 et.
1540 4221 1980 4281 corrumpuntur,
2011 4212 2104 4267 ubi

511 4329 643 4367 vero
691 4313 890 4366 intacta
942 4317 1160 4363 manent
1206 4315 1262 4360 et
1285 4316 1547 4376 augentur
1570 4347 1582 4369 ,
1616 4305 1686 4359 ibi
1718 4321 1786 4360 ne
1828 4305 2103 4360 minimam

510 4420 698 4460 eorum
733 4414 941 4474 partem
969 4402 1273 4472 deponere,
1303 4415 1424 4453 cum
1455 4398 1686 4453 maxime
1732 4399 1802 4453 ibi
1831 4399 1949 4454 sine
1993 4398 2100 4454 fine

512 4497 705 4550 victuri
760 4495 968 4550 simus?
1015 4494 1137 4547 Ideo
1177 4490 1407 4563 gentiles
1456 4488 1614 4544 fidem
1647 4499 1846 4560 negant
1890 4489 1957 4543 iis
1982 4502 2102 4557 qute

520 4588 752 4643 dicimus
784 4605 797 4640 :
827 4603 948 4642 nam
978 4603 1045 4642 ex
1094 4585 1280 4650 factis,
1315 4598 1422 4638 non
1451 4601 1519 4640 ex
1559 4581 1714 4638 dictis
1759 4581 2102 4637 demonstra-

1254 333 1311 392 Β.
1352 335 1633 394 JOANNIS
1667 335 2145 398 CHRYSOSTOMI
2185 342 2502 402 ARCHIEP.
2544 347 3084 408 CONSTANTINOP.

3717 359 3828 415 208

2237 456 2439 514 tionem
2482 475 2512 514 a
2564 461 2720 516 nobis
2749 463 2971 532 exigunt
3004 481 3016 517 :
3044 479 3107 520 ac
3135 480 3257 520 cum
3309 467 3493 524 vident
3537 487 3636 528 nos
3680 474 3828 529 a-des

2236 559 2513 607 exstruere
2537 553 2874 622 splendidas,
2905 555 3090 612 hortos
3116 567 3172 613 et
3200 559 3389 616 balnea
3414 578 3605 632 parare
3624 608 3638 630 ,
3667 581 3825 638 agros

2236 657 2436 706 emere,
2470 644 2656 699 nolunt
2694 647 2923 702 credere
2967 664 3064 704 nos
3094 651 3393 720 profectum
3426 654 3478 710 in
3506 656 3668 711 aliam
3697 659 3824 713 civi-

2237 741 2398 821 tatem
2433 749 2642 804 parare.
2690 737 2820 792 Nam
2867 739 2912 795 si
2963 740 3032 795 ita
3075 751 3251 807 esset,
3285 745 3470 814 aiunt,
3497 748 3672 803 omnia
3706 765 3830 821 qua.-

2237 820 2325 878 hic
2350 823 2552 881 habent
2583 827 2635 882 in
2678 838 2956 899 argentum
3003 843 3362 903 commutata,
3413 838 3521 894 illic
3555 820 3831 911 deponere

2238 927 2653 986 przeverterent;
2699 921 3169 996 conjecturamque
3213 927 3416 985 ducunt
3455 948 3520 987 ex
3571 927 3672 1000 iis,
3705 950 3831 1004 quae

2236 1007 2325 1064 hic
2354 1008 2467 1064 fieri
2513 1012 2710 1067 solent.
2739 1013 3120 1083 Opulentiores
3144 1020 3340 1091 quippe
3365 1022 3609 1080 videmus
3638 1026 3692 1080 in
3716 1026 3829 1083 illis

2235 1101 2470 1157 maxime
2491 1103 2711 1158 urbibus
2741 1105 2932 1162 domos
2949 1149 2966 1174 ,
3011 1123 3173 1180 agros
3191 1151 3207 1175 ,
3233 1112 3440 1183 aliaque
3465 1115 3643 1171 omnia
3670 1131 3829 1172 com-

2236 1209 2426 1262 parare
2449 1234 2464 1257 ,
2493 1195 2546 1250 in
2568 1197 2762 1266 quibus
2805 1199 2964 1256 sedes
2991 1203 3213 1271 posituri
3247 1215 3373 1260 sunt
3401 1221 3415 1260 :
3445 1207 3542 1264 sed
3567 1224 3666 1264 nos
3688 1225 3830 1266 con-

2235 1295 2316 1341 tra
2341 1287 2584 1356 facimus,
2612 1303 2830 1360 terram,
2852 1310 3012 1365 quam
3041 1298 3324 1368 paulopost
3343 1300 3582 1356 relicturi
3611 1317 3827 1368 sumus,

2234 1393 2428 1448 magno
2451 1395 2572 1435 cum
2601 1382 2780 1438 studio
2803 1386 3142 1454 possidemus
3159 1430 3174 1454 ,
3203 1405 3303 1445 nec
3346 1393 3599 1460 pecunias
3625 1394 3790 1450 modo
3809 1435 3828 1460 ,

2235 1468 2329 1523 sed
2378 1471 2693 1542 sanguinem
2719 1477 2879 1531 etiam
2926 1494 3024 1547 pro
3055 1481 3237 1550 paucis
3285 1492 3444 1538 terra:
3468 1485 3746 1556 jugeribus
3772 1495 3830 1543 et

2233 1558 2481 1616 domibus
2507 1563 2812 1632 fundimus;
2844 1567 2910 1624 ad
2938 1570 3127 1625 caelum
3156 1588 3283 1629 vero
3305 1577 3725 1646 comparandum
3752 1595 3827 1635 ne

2233 1657 2500 1725 superflua
2552 1661 2770 1730 quidem
2817 1679 3040 1735 erogare
3093 1667 3372 1734 volumus,
3427 1670 3635 1726 etiamsi
3691 1673 3828 1730 illttd

2233 1761 2404 1816 parvo
2433 1751 2607 1820 pretio
2635 1763 2843 1809 ematur
2868 1797 2883 1819 ,
2909 1764 2965 1811 et
3012 1757 3066 1812 in
3112 1758 3501 1830 sempiternum
3547 1765 3829 1833 possidea-

2234 1849 2338 1908 tur,
2365 1845 2410 1899 si
2431 1860 2695 1903 emamus.
2729 1849 3017 1924 Propterea
3043 1863 3315 1909 extremas
3338 1854 3586 1913 dabimus
3611 1874 3826 1929 ptenas,

2229 1951 2352 1992 cum
2379 1938 2507 1994 nudi
2534 1949 2588 1995 et
2609 1955 2871 2011 pauperes
2891 1958 2956 1997 eo
2985 1943 3349 2015 migrabimus;
3378 1947 3489 2003 imo
3514 1950 3694 2019 potius
3713 1967 3828 2008 non

2229 2028 2300 2084 ob
2328 2039 2694 2102 paupertatem
2725 2044 2984 2102 nostram,
3013 2036 3106 2091 sed
3136 2037 3276 2107 quod
3307 2037 3442 2095 alios
3471 2039 3523 2094 in
3551 2043 3692 2097 hanc
3718 2043 3829 2098 mip

2229 2123 2423 2178 seriam
2452 2125 2866 2194 conjecerimus,
2899 2128 3218 2184 intolerabili
3252 2131 3539 2186 calamitati
3565 2133 3829 2204 subjicie-

2229 2231 2370 2269 mur.
2400 2216 2531 2271 Nam
2575 2233 2700 2272 cum
2743 2220 2974 2289 gentiles
3018 2221 3235 2277 videant
3258 2222 3342 2278 his
3390 2224 3582 2282 studiis
3611 2226 3830 2285 deditos

2231 2309 2391 2363 tantis
2421 2308 2522 2363 frui
2553 2312 2826 2380 mysteriis
2855 2329 2868 2365 :
2900 2312 3070 2367 multo
3115 2315 3285 2385 magis
3311 2326 3368 2370 et
3413 2317 3514 2386 ipsi
3546 2321 3831 2388 praesenti-

2229 2399 2330 2454 bus
2356 2401 2516 2456 rebus
2554 2402 2887 2470 addicentur,
2937 2405 3207 2474 ingentem
3252 2407 3428 2478 ignem
3460 2424 3619 2478 supra
3664 2419 3832 2480 caput

2228 2503 2474 2548 nostrum
2503 2495 2924 2551 accumulantes.
2967 2495 3100 2552 Cum
3134 2499 3273 2552 enim
3303 2516 3425 2567 nos,
3460 2502 3548 2570 qui
3579 2516 3830 2571 przesen-

2229 2585 2363 2638 tium
2387 2600 2566 2639 rerum
2610 2595 2983 2656 contemptum
3029 2587 3150 2643 illos
3176 2589 3370 2644 docere
3397 2591 3678 2658 debemus,
3709 2608 3833 2648 ma-

2231 2676 2377 2731 xime
2405 2678 2643 2732 omnium
2677 2678 2889 2733 illarum
2921 2678 2973 2734 in
3005 2679 3085 2735 eis
3110 2680 3458 2750 cupiditatem
3483 2685 3786 2739 excitemus
3807 2725 3828 2750 ,

2227 2766 2496 2836 quomodo
2540 2769 2766 2824 salutem
2809 2769 3063 2840 consequi
3108 2772 3418 2840 poterimus,
3464 2773 3558 2844 qui
3594 2773 3829 2830 aliorum

2151 2916 2154 2919 ,
2228 2859 2483 2929 perniciei
2531 2877 2718 2931 poenas
2769 2863 2951 2920 subire
2979 2863 3309 2921 debeamus?
3337 2866 3454 2922 Non
3481 2868 3636 2924 audis
3665 2869 3831 2926 Chri-

2226 2959 2369 3004 stum
2393 2951 2664 3007 dicentem
2683 2993 2698 3020 ,
2730 2969 2789 3010 se
2814 2970 2914 3024 pro
2943 2955 3056 3012 sale
3084 2967 3139 3012 et
3183 2958 3521 3028 lampadibus
3557 2975 3657 3016 nos
3688 2961 3829 3017 reli-

2225 3042 2409 3111 quisse
2438 3043 2494 3097 in
2543 3046 2646 3100 hoc
2693 3047 2894 3102 mundo
2915 3090 2930 3114 ,
2964 3057 3021 3103 ut
3049 3050 3324 3120 voluptate
3351 3051 3658 3109 difﬂuentes
3686 3069 3826 3110 con-

2225 3133 2552 3204 stringamus
2571 3178 2585 3201 ,
2616 3147 2670 3192 et
2702 3139 2940 3208 pecunite
2971 3140 3164 3196 studiis
3206 3142 3585 3198 obtenebratos
3614 3145 3826 3202 illumi-

2226 3227 2458 3281 nemus?
2490 3227 2544 3282 Si
2573 3244 2704 3300 ergo
2735 3230 2855 3285 illos
2881 3233 3050 3302 magis
3075 3233 3126 3286 in
3161 3235 3414 3289 tenebras
3442 3236 3826 3307 conjiciamus,

2225 3327 2281 3372 et
2307 3318 2584 3374 molliores
2610 3322 2920 3391 reddamus,
2950 3340 3071 3394 quae
3104 3326 3256 3380 nobis
3302 3342 3426 3398 spes
3457 3329 3646 3384 salutis
3673 3331 3826 3386 erit?

2223 3407 2379 3464 Nulla
2408 3430 2421 3465 :
2450 3411 2543 3466 sed
2590 3412 2858 3482 eiulantes
2899 3423 2954 3470 et
2991 3417 3240 3472 dentibus
3285 3418 3592 3486 stridentes,
3645 3421 3827 3492 ligatis

2224 3505 2450 3578 pedibus
2477 3507 2834 3577 manibusque
2861 3509 2912 3562 in
2943 3508 3207 3579 gehennae
3234 3511 3409 3574 ignem
3442 3513 3824 3582 conjiciemur,

2221 3607 2503 3668 postquam
2527 3598 2832 3654 divitiarum
2856 3601 3160 3656 sollicitudo
3189 3616 3287 3657 nos
3309 3603 3467 3673 plane
3497 3605 3822 3663 confecerit.

2219 3691 2349 3748 Haec
2388 3693 2568 3764 itaque
2597 3693 2894 3764 cogitantes
2917 3735 2931 3757 ,
2960 3695 3138 3748 omnia
3185 3695 3305 3750 talis
3349 3696 3572 3753 fallacia:
3604 3699 3824 3754 vincula

2219 3785 2521 3847 solvamus,
2561 3803 2627 3839 ne
2656 3786 2706 3838 in
2738 3785 2826 3838 illa
2852 3785 3152 3840 incidamus
3177 3802 3298 3856 qure
3324 3788 3432 3857 igni
3460 3789 3826 3859 inexstingui-

2218 3877 2312 3933 bili
2341 3894 2438 3935 nos
2467 3879 2719 3934 traditura
2743 3888 2884 3934 sunt.
2923 3876 3056 3932 Nam
3087 3881 3174 3950 qui
3206 3881 3406 3936 divitiis
3432 3882 3619 3946 servit,
3639 3892 3696 3938 et
3721 3898 3824 3939 ca-

2220 3973 2358 4027 tenis
2384 3972 2491 4038 hic,
2509 3984 2564 4029 et
2591 3976 2796 4030 catenis
2823 3976 2929 4031 illic
2948 3985 3205 4046 perpetuo
3230 3975 3519 4030 adstrictus
3543 3976 3646 4030 erit
3674 3995 3690 4031 :
3721 3977 3820 4046 qui

2215 4076 2394 4122 autem
2441 4067 2510 4122 ab
2535 4067 2636 4122 hac
2673 4067 2966 4137 cupiditate
3007 4068 3143 4122 liber
3161 4076 3276 4132 est,
3311 4075 3536 4136 utraque
3566 4066 3821 4123 libertate

2215 4163 2451 4234 potietur
2478 4181 2492 4218 :
2521 4179 2677 4232 quam
2709 4173 2768 4219 ut
2797 4179 2894 4220 nos
2923 4180 3136 4236 quoque
3167 4179 3540 4234 assequamur,
3573 4163 3820 4218 contrito

2215 4256 2364 4326 gravi
2394 4255 2486 4310 illo
2512 4256 2750 4311 avaritiae
2773 4256 2902 4326 jugo
2925 4297 2938 4320 ,
2969 4256 3035 4310 ad
3066 4259 3258 4311 cmlum
3304 4255 3558 4310 advolare
3579 4263 3816 4309 conten-

2212 4350 2440 4418 damus,
2492 4350 2665 4422 gratia
2715 4359 2771 4405 et
2820 4350 3148 4420 benignitate
3196 4349 3406 4404 Domini
3460 4349 3631 4403 nostri
3679 4347 3816 4404 .lesu

2211 4441 2445 4511 Christi,
2471 4443 2554 4498 cui
2576 4443 2744 4514 gloria
2774 4452 2829 4498 et
2856 4442 3138 4512 imperium
3165 4442 3217 4496 in
3245 4442 3442 4498 saecula
3463 4440 3811 4497 saeculorum.

2210 4535 2405 4589 Aman

509 4707 3805 4740 _______________________.________._____—_____

1866 4829 2219 4895 HOMILIA
2259 4829 2439 4892 XIII.

500 4986 631 5043 CAP.
661 4985 716 5040 4.
745 4999 796 5037 v.
830 4984 880 5038 Ι.
914 4980 1054 5036 Tunc
1076 4979 1229 5035 Jecur
1253 4979 1435 5034 ductus
1462 4987 1534 5034 est
1559 4977 1616 5032 in
1637 4976 1888 5033 desertum
1908 4992 1943 5030 a
1969 4973 2094 5046 Spi-

887 5076 988 5129 ritu
1007 5115 1022 5139 ,
1050 5083 1105 5128 ut
1131 5082 1405 5128 tentaretur
1423 5089 1456 5125 a
1483 5070 1708 5126 diabolo.

571 5173 622 5225 l.
657 5169 759 5224 Cur
786 5167 1017 5222 Christus
1045 5164 1226 5219 tentari
1245 5173 1292 5218 et
1308 5164 1548 5234 jeiunare
1568 5162 1802 5216 voluerit.
1825 5159 2092 5214 Tentatio-

499 5264 576 5315 nis
626 5265 846 5330 fructus.
881 5257 1284 5329 lntemperantia
1326 5256 1560 5310 vitiorum
1606 5253 1781 5308 radix.
1808 5283 1879 5293 --
1901 5251 2089 5317 Tunc;

498 5354 884 5424 quandouam?
913 5362 1035 5421 post
1071 5351 1396 5406 descensum
1439 5349 1589 5404 illum
1629 5348 1861 5418 Spiritus
1881 5347 2088 5413 sancti,

501 5459 623 5517 post
648 5463 836 5502 vocem
868 5447 1011 5501 illam
1043 5459 1279 5516 superne
1301 5443 1533 5498 delatam
1563 5450 1619 5497 et
1642 5442 1909 5496 dicentem
1939 5456 1955 5493 :
1986 5437 2088 5494 Hic

495 5551 570 5593 cst
600 5537 763 5593 Filius
789 5555 920 5592 metu
951 5538 1186 5605 dilectus,
1214 5538 1268 5590 in
1289 5553 1387 5607 quo
1413 5535 1538 5588 mihi
1559 5533 1845 5603 complacui
1867 5531 2084 5605 (Matth.

497 5633 552 5686 3.
592 5633 694 5695 l7).
724 5631 984 5700 Quodque
1029 5631 1222 5684 mirum
1255 5636 1370 5693 est,
1416 5643 1446 5680 a
1492 5627 1695 5696 Spiritu
1741 5634 1928 5680 sancto
1955 5639 1969 5676 :
1999 5623 2086 5678 hic

495 5721 641 5775 enim
667 5723 840 5792 ipsum
896 5721 1117 5774 adduxit
1164 5720 1311 5773 illuc.
1341 5719 1474 5784 Quia
1517 5717 1660 5771 enim
1690 5716 1868 5770 omnia
1899 5713 1965 5768 ad
1993 5714 2085 5769 do-

493 5811 726 5867 cendum
752 5827 850 5869 uos
875 5811 1002 5868 fecit
1027 5819 1081 5868 et
1107 5824 1298 5882 passus
1323 5817 1441 5879 est,
1472 5807 1597 5864 illuc
1620 5806 1851 5877 adduci,
1879 5815 1932 5864 ct
1957 5821 2079 5864 cum
2124 5884 2130 5892 _

2207 4971 2426 5027 diabolo
2455 4983 2686 5041 pugnam
2713 4967 3054 5023 committere
3085 4965 3290 5031 voluit,
3331 4973 3390 5020 ut
3428 4963 3805 5034 unusquisque

2203 5063 2594 5134 baptizatorum
2615 5103 2631 5129 ,
2662 5060 2708 5116 si
2756 5070 2878 5130 post
2917 5059 3244 5129 baptismum
3275 5057 3507 5128 majores
3529 5057 3803 5111 sustineat

2201 5156 2543 5220 tentationes,
2571 5169 2640 5209 ne
2687 5152 2964 5218 turbetur,
2997 5150 3148 5220 quasi
3194 5149 3520 5218 insperatam
3548 5163 3662 5202 rem
3695 5163 3800 5201 ex-

2199 5255 2403 5318 pertus,
2435 5245 2529 5302 sed
2558 5255 2771 5300 maneat
2810 5244 3020 5298 fortiter
3046 5242 3228 5295 omnia
3272 5241 3484 5306 ferens,
3513 5249 3700 5310 utpote
3735 5253 3798 5292 re

2198 5337 2490 5394 secundum
2516 5346 2717 5393 rectam
2745 5335 2938 5390 seriem
2967 5332 3264 5388 accidente.
3313 5330 3524 5386 Etenim
3556 5330 3677 5385 ideo
3705 5347 3796 5385 ar-

2198 5446 2283 5485 ma
2310 5431 2600 5499 accepisti;
2653 5444 2759 5483 non
2787 5438 2845 5482 ut
2890 5426 3098 5490 otieris,
3141 5423 3235 5480 sed
3281 5438 3502 5495 pugnes.
3549 5422 3675 5477 Ideo
3707 5423 3794 5477 in-

2195 5531 2448 5594 gruentes
2485 5521 2806 5576 tentationes
2834 5534 2938 5572 non
2969 5517 3193 5587 impedit
3235 5516 3377 5570 Deus
3408 5531 3422 5568 :
3455 5514 3628 5584 primo
3671 5514 3794 5583 qui-

2193 5617 2316 5672 dem
2348 5627 2405 5670 ut
2429 5616 2606 5684 discas
2639 5623 2689 5668 te
2714 5613 2883 5667 multo
2909 5612 3181 5665 fortiorem
3225 5608 3453 5673 factum;
3485 5605 3682 5661 deinde
3726 5616 3788 5660 ιιι

2195 5710 2473 5766 moderate
2498 5707 2712 5777 sapias,
2762 5720 2937 5774 neque
2980 5703 3244 5758 donorum
3287 5695 3655 5770 magnitudine
3685 5713 3784 5750 ex-

2193 5802 2418 5875 tollaris,
2449 5816 2569 5858 cum
2593 5807 2645 5857 te
2675 5799 2999 5858 tentationes
3029 5796 3353 5867 reprimant;
3384 5792 3450 5847 ad
3481 5791 3596 5847 haec
3627 5804 3786 5855 vero,
