4056 6360
521 386 631 442 209

511 500 622 554 τῶν
661 497 1102 570 βαπτιζομένων,
1149 501 1196 554 εἰ
1238 503 1378 572 μετά
1421 504 1479 556 τὸ
1515 503 1797 574 βάπτισμα
1835 505 2093 574 μείζονας

513 583 824 650 ὑπομείνειε
877 585 1253 652 πειρασμοὺς,
1290 586 1366 656 μὴ
1414 588 1780 657 ταράττηται,
1829 588 1904 652 ὼς
1946 589 2100 660 παρὰ

513 664 843 733 προσδοκίαν
893 665 987 717 τοῦ
1035 667 1362 737 πράγματος
1405 670 1727 739 γινομένου,
1775 670 1912 724 ἀλλά
1962 673 2098 744 μένῃ

514 748 778 816 γενναίως
819 748 996 802 πάντα
1026 751 1229 820 φέρων,
1259 752 1336 815 ὠς
1367 753 1508 805 κατὰ
1545 753 1864 808 ἀκολουθίαν
1905 755 2097 810 τούτου

515 833 920 903 συμϐαίνοντος.
955 836 1062 888 Καὶ
1099 835 1208 905 γὰρ
1255 836 1343 889 διά
1369 837 1528 890 τοῦτο
1555 837 1746 901 ἔλαϐες
1791 837 1930 892 ὅπλα
1953 879 1967 900 ,
1999 841 2097 912 οὑχ

513 917 601 969 ἵνα
627 917 821 987 ἀργῇς.
845 917 958 970 ἀλλ’
988 918 1072 970 ἵνα
1101 918 1226 970 πολε
1238 922 1363 990 μῇς.
1387 919 1484 972 Διά
1509 920 1666 973 τοῦτο
1693 920 1816 974 οὑδέ
1845 922 2098 986 ἐπιόντας

515 1001 715 1054 κωλύει
761 1003 888 1058 τοὺς
939 1003 1278 1071 πειρασμοὺς
1323 1006 1352 1056 6
1388 1003 1550 1066 Θεός·
1601 1004 1817 1075 πρῶτον
1868 1007 1966 1074 μὲν
2011 1007 2099 1060 ἵνα

517 1083 696 1154 μάθῃς
738 1084 820 1137 ὅτι
862 1083 1040 1155 πολλῷ
1080 1084 1309 1153 γέγονας
1357 1087 1736 1159 ἰσχυρότερος·
1783 1088 1973 1142 ἔπειτα
2012 1090 2098 1142 ἵνα

518 1167 686 1238 μένῃς
717 1166 1041 1238 μετριάζων,
1079 1168 1214 1238 μηδὲ
1257 1170 1300 1200 ¹⁹
1334 1169 1410 1238 τῷ
1463 1170 1682 1239 μεγέθει
1723 1172 1832 1227 τῶν
1878 1173 2099 1243 δωρεῶν

515 1249 780 1320 ἐπαρθῇς,
811 1250 921 1303 τῶν
955 1251 1278 1322 πειρασμῶν
1312 1253 1620 1306 συστέλλειν
1651 1271 1710 1306 σε
1740 1255 2054 1326 δυναμένων
2073 1273 2089 1288 ·

515 1333 654 1402 πρὸς
680 1331 910 1398 τούτοις,
938 1334 1024 1387 ἵνα
1047 1337 1074 1388 6
1096 1335 1330 1405 πονηρὸς
1357 1335 1566 1406 δαίμων
1588 1340 1814 1403 ἐκεῖνος,
1838 1340 1866 1392 6
1893 1338 2030 1403 τέως
2051 1339 2098 1371 ¹⁶

517 1416 875 1485 ἀμφιϐάλλων
911 1417 1038 1489 περί
1063 1417 1162 1484 τῆς
1192 1418 1290 1486 σῆς
1319 1419 1693 1484 ἀποστάσεως,
1717 1420 1825 1474 ἀπὸ
1859 1423 1957 1493 τῆς
1988 1421 2098 1491 βα-

518 1502 679 1553 σάνου
708 1499 816 1552 τῶν
845 1501 1163 1572 πειρασμῶν
1186 1502 1598 1575 πληροφορηθῇ,
1621 1505 1702 1557 ὅτι
1731 1505 1912 1558 τέλεον
1936 1506 2097 1560 αὑτὸν

517 1583 899 1652 ἐγκαταλιπὼν
929 1584 1200 1654 ἀπέστης·
1234 1585 1495 1658 τέταρτον
1517 1588 1584 1649 ⁸⁸,
1628 1589 1714 1641 ἵνα
1752 1589 2100 1662 ἰσχυρότερος

516 1667 611 1720 καὶ
648 1667 864 1734 σιδήρου
899 1667 1098 1730 παντὸς
1136 1668 1498 1741 εὑτονῶτερος
1547 1671 1720 1743 ταύτῃ
1759 1690 2102 1727 κατασκευα-

518 1749 679 1821 σθῇς·
725 1749 1005 1819 πέμπτον,
1045 1749 1133 1803 ἵνα
1163 1751 1438 1818 ἀπόδειξιν
1471 1753 1642 1825 λάϐῃς
1675 1757 1818 1825 σαφῆ
1862 1754 1969 1808 τῶν
2007 1775 2094 1811 πι-

519 1833 847 1886 στευθέντων
897 1850 978 1886 σοι
1011 1833 1320 1906 θησαυρῶν.
1359 1837 1492 1889 Οὑδέ
1533 1837 1640 1908 γάρ
1689 1837 1755 1890 ἂν
1796 1839 2030 1908 ἐπῆλθεν
2069 1841 2097 1893 6

516 1918 781 1983 διάϐολος,
813 1919 860 1971 εἰ
893 1919 967 1988 μή
1014 1936 1074 1972 σε
1122 1920 1179 1971 ἐν
1219 1920 1426 1990 μείζονι
1460 1921 1750 1992 γενόμενον
1793 1918 1900 1975 εἶδε
1941 1926 2098 1994 τιμῇ.

531 2001 807 2055 Ἐντεῦθεν
847 2001 980 2069 γοῦν
1023 2002 1119 2056 καὶ
1163 2001 1223 2066 ἐξ
1263 2005 1440 2075 ἀρχῆς
1471 2005 1744 2074 ἐπανέστη
1782 2006 1860 2075 τῷ
1909 2006 2099 2076 Ἀδάμ,

519 2084 706 2154 ἐπειδὴ
739 2084 940 2154 πολλῆς
977 2085 1138 2140 αὑτὸν
1177 2083 1315 2140 εἶδεν
1365 2087 1750 2140 ἀπολαύσαντα
1785 2088 1886 2155 τῆς
1921 2089 2096 2154 ἀξίας.

519 2168 618 2219 Διά
650 2167 810 2222 τοῦτο
838 2171 1183 2239 παρετάξατο
1210 2170 1346 2242 πρὸς
1377 2171 1468 2224 τὸν
1513 2171 1655 2232 Ἰὼϐ,
1687 2172 1874 2243 ἐπειδὴ
1906 2190 2102 2241 στεφα-

518 2252 775 2322 νούμενον
803 2253 965 2306 αὑτὸν
995 2255 1089 2307 καὶ
1120 2255 1629 2325 ἀνακηρυττόμενον
1659 2256 1918 2310 ἐθεάσατο
1952 2259 2100 2328 παρά

515 2336 610 2391 τοῦ
638 2336 744 2392 τῶν
779 2337 914 2392 ὅλων
954 2339 1108 2392 Θεοῦ.
1156 2342 1265 2394 Καὶ
1308 2341 1424 2404 πῶς
1454 2337 1547 2394 οὖν
1587 2359 1750 2411 φησιν
1774 2360 1787 2374 ·
1824 2345 2095 2414 Εὕχεσθε

509 2421 596 2489 μὴ
626 2421 922 2475 εἰσελθεῖν
945 2425 1030 2488 εἰς
1057 2425 1428 2493 πειρασμόνς
1452 2425 1548 2479 Διά
1571 2424 1729 2478 τοῦτο
1752 2426 1850 2479 ούκ
1879 2428 2096 2482 ἀνιόντα

515 2504 678 2558 αὑτὸν
713 2504 898 2568 ἁπλῶς
925 2504 1163 2559 δείκνυσί
1201 2525 1280 2560 σοι
1299 2507 1389 2560 τὸν
1418 2507 1646 2579 Ἰησοῦν,
1673 2510 1808 2564 ἀλλά
1834 2513 1876 2542 ¹¹
1902 2511 2102 2579 ἀναγό-

517 2605 676 2657 μενον
703 2587 842 2640 κατά
875 2587 966 2640 τὸν
1006 2591 1105 2659 τῆς
1149 2591 1463 2660 οἰκονομίας
1504 2591 1680 2660 λόγον,
1733 2595 2100 2664 αἰνιττόμενος

511 2669 601 2724 διά
627 2669 850 2732 τούτων,
873 2671 954 2725 ὃτι
987 2672 1084 2724 οὑκ
1116 2673 1312 2737 αὐτοὺς
1345 2675 1618 2746 ἐπιπηδᾷν
1645 2677 1771 2748 χρὴ,
1802 2677 1918 2731 ἀλλ’
1948 2678 2101 2732 ἐλκο-

517 2755 712 2824 μένους
741 2755 961 2808 ἑστάναι
998 2757 1283 2823 γενναίως.
1323 2758 1432 2810 Καὶ
1464 2758 1566 2828 ὅρα
1600 2760 1700 2813 ποῦ
1731 2760 1911 2815 λαϐὼν
1939 2763 2100 2816 αὑτὸν

511 2838 572 2890 τὸ
616 2838 836 2907 Πνεῦμα
867 2839 1175 2908 ἀνήγαγεν·
1210 2841 1309 2893 οὑκ
1350 2842 1430 2904 εἰς
1464 2841 1616 2895 πόλιν
1654 2845 1749 2898 καὶ
1787 2845 1832 2876 ’³
1872 2847 2098 2918 ἀγοράν,

509 2922 626 2976 ἀλλ’
654 2923 733 2985 εἰς
759 2921 986 2992 ἔρημον.
1044 2923 1261 2994 Ἐπειδὴ
1291 2923 1400 2995 γὰρ
1441 2926 1532 2978 τὸν
1572 2927 1818 2981 διάϐολον
1861 2930 2099 2986 ἐπισπά-

513 3005 712 3060 σασθαι
741 3005 1013 3068 ἐϐούλετο,
1043 3006 1104 3059 οὑ
1137 3006 1226 3059 διὰ
1254 3008 1352 3077 τῆς
1394 3009 1586 3079 πείνης
1619 3011 1800 3079 μόνον.
1842 3013 1977 3068 ἀλλά
2007 3016 2102 3068 καὶ

509 3090 601 3144 διὰ
623 3088 718 3142 τοῦ
749 3090 918 3143 τόπου
939 3089 1153 3143 δίδωσιν
1175 3090 1323 3161 αὑτῷ
1352 3091 1540 3163 λαϐήν.
1568 3095 1700 3148 Τότε
1729 3095 1838 3166 γὰρ
1863 3097 2100 3168 μάλιστα

510 3173 808 3227 ἐπιτίθεται
849 3175 878 3228 6
921 3173 1198 3238 διάϐολος.
1231 3176 1360 3230 ὃταν
1397 3176 1480 3248 ίδῃ
1539 3181 1962 3249 μεμονωμένους
2005 3181 2099 3235 καὶ

437 3325 440 3328 ι
510 3259 630 3312 καθ’
663 3260 890 3321 ἐαυτοὺς
928 3258 1107 3324 δντας.
1147 3258 1304 3314 Οὕτω
1340 3262 1434 3315 καί
1472 3265 1536 3332 τῇ
1573 3264 1794 3331 γυναικὶ
1821 3265 1973 3336 παρά
1998 3268 2098 3334 τὴν

508 3342 683 3414 ἀρχὴν
715 3342 939 3396 ἐπέθετο
973 3343 1038 3404 ’⁸,
1088 3343 1254 3414 μόνην
1300 3345 1470 3411 αὐτὴν
1507 3346 1834 3416 ἀπολαϐὼν,
1872 3351 1968 3404 καὶ
2004 3349 2096 3404 τοῦ

508 3425 701 3495 ἀνδρὸς
745 3426 913 3496 χωρὶς
964 3421 1128 3480 οὖσαν
1171 3426 1366 3498 εὑρών.
1399 3429 1570 3482 Ὅταν
1610 3430 1709 3500 μὲν
1743 3433 1790 3464 ’⁸
1832 3433 1941 3502 γάρ
1977 3434 2096 3503 μεθ’

509 3510 712 3580 ἐτέρων
738 3509 897 3574 ὄντας
928 3510 1010 3581 ῐδῃ
1045 3511 1139 3564 καὶ
1173 3515 1739 3585 συγκεκροτημένους,
1769 3517 1864 3586 οὑχ
1895 3517 2096 3587 ὁμοίως

509 3596 725 3668 θαρρεῖ.
763 3593 883 3648 οὑδέ
924 3594 1122 3649 ἔπεισι.
1159 3596 1250 3649 Διὸ
1296 3597 1398 3669 χρὴ
1432 3599 1667 3666 μάλιστα
1698 3600 1792 3653 καὶ
1820 3601 1908 3654 διά
1937 3600 2098 3655 τοῦτο

513 3681 632 3747 μετ’
659 3677 906 3746 ἀλλήλων
945 3678 1309 3745 ἀγελάζεσθαι
1343 3681 1600 3751 συνεχῶς.
1631 3681 1772 3736 ὥστε
1811 3685 1885 3754 μὴ
1922 3685 2097 3754 εὑχει-

511 3759 717 3833 ρώτους
743 3755 882 3814 εἶναι
907 3759 985 3830 τῷ
1012 3760 1264 3832 διαϐόλῳ.
1305 3763 1495 3833 Εὑρὼν
1525 3766 1704 3818 τοίνυν
1742 3766 1905 3820 αὑτὸν
1939 3767 1996 3818 ἐν
2024 3770 2092 3836 τῇ

510 3845 724 3915 ἐρήμῳ,
749 3843 843 3896 καὶ
872 3843 1062 3914 ἐρήμῳ
1085 3844 1272 3914 ἀϐάτῳ
1304 3844 1417 3910 (ὅτι
1445 3845 1554 3918 γὰρ
1579 3847 1800 3917 τοιαύτη
1834 3851 1868 3920 ἡ
1893 3848 2096 3920 ἔρημος

505 3921 598 3997 ἦν,
629 3929 657 3980 6
680 3927 905 3997 Μάρκος
941 3927 1206 3997 ἐδήλωσεν
1231 3929 1419 3991 εἰπὼν,
1445 3929 1526 3982 ὅτι
1553 3931 1712 3984 Μετὰ
1738 3931 1857 3984 τῶν
1878 3933 2097 4000 θηρίων

506 4005 629 4079 ἦν)·
648 4012 747 4082 ὅρα
774 4009 890 4080 μεθ’
914 4011 1046 4080 ὅσης
1069 4013 1433 4082 προσέρχεται
1460 4015 1798 4084 κακουργίας
1820 4015 1914 4070 καὶ
1931 4034 2096 4087 πονη-

511 4093 653 4164 ρίας,
676 4094 770 4146 καὶ
793 4095 946 4146 ποῖον
979 4098 1293 4166 παρατηρεῖ
1323 4096 1534 4167 καιρόν.
1564 4096 1698 4150 Οὐδὲ
1731 4097 1840 4170 γὰρ
1871 4099 2095 4168 νηστεύ-

507 4190 654 4238 οντι,
693 4175 829 4229 ἀλλά
886 4177 1140 4231 πεινῶντι
1184 4178 1580 4249 προσέρχεται·
1631 4179 1719 4232 ἵνα
1771 4179 1836 4232 σὺ
1885 4181 2092 4255 μάθῃς,

505 4257 755 4328 ἡλίκονὴ
803 4259 1026 4331 νηστεία
1067 4259 1262 4323 καλὸν,
1303 4261 1549 4325 καὶπῶς
1593 4261 1757 4316 ὅπλον
1789 4263 1906 4317 ἐστὶ
1951 4265 2095 4320 κατὰ

506 4342 598 4395 τοῦ
624 4342 870 4396 διαϐόλου
919 4345 1195 4414 μέγιστον,
1229 4345 1324 4398 καὶ
1363 4347 1445 4399 ὅτι
1487 4345 1626 4416 μετὰ
1668 4345 1730 4399 τὸ
1770 4345 1992 4418 λουτρὸν
2030 4349 2092 4402 οὑ

506 4428 682 4496 τρυφῇ
735 4427 829 4478 καὶ
878 4426 1018 4500 μέθῃ
1063 4427 1158 4480 καὶ
1201 4428 1452 4498 τραπέζῃ
1489 4427 1791 4500 πληθούσῃ,
1825 4429 1961 4484 ἀλλά
1997 4449 2093 4503 νη-

509 4509 661 4579 στείᾳ
695 4511 985 4581 προσέχειν
1020 4511 1119 4564 δεῖ.
1155 4511 1254 4565 Διά
1298 4511 1408 4582 γὰρ
1439 4511 1596 4566 τοῦτο
1635 4513 1728 4566 καὶ
1770 4513 1932 4578 αὐτὸς
1971 4516 2094 4586 ἐνή-

507 4608 751 4654 στευσεν,
787 4593 887 4647 οὑκ
932 4594 979 4627 ⁸⁸
1015 4593 1177 4660 αὑτὸς
1220 4593 1424 4665 ταύτης
1474 4594 1747 4664 δεόμενος,
1795 4597 1912 4650 ἀλλ’
1943 4598 2096 4668 ἡμᾶς

506 4674 798 4730 παιδεύων.
835 4677 1052 4748 Ἐπειδὴ
1080 4677 1187 4748 γάρ
1231 4676 1300 4730 τά
1335 4678 1708 4750 ἁμαρτήματα
1745 4681 1814 4735 τά
1860 4679 1968 4750 πρὸ
1997 4679 2093 4735 τοῦ

505 4759 730 4830 λουτροῦ
763 4761 825 4814 τὸ
865 4762 1062 4831 γαστρὶ
1103 4761 1377 4815 δουλεύειν
1420 4763 1714 4834 εἰσήγαγεν
1739 4780 1753 4794 ·
1797 4765 1987 4836 ὥσπερ
2027 4764 2093 4818 ἂν

505 4846 559 4899 εί
588 4863 670 4909 τις
690 4844 947 4899 νοσοῦντα
969 4845 1097 4915 ὑγιῆ
1129 4848 1383 4916 ποιήσας,
1406 4845 1617 4900 κελεύοι
1641 4848 1715 4917 μὴ
1739 4846 1889 4920 [169]
1918 4851 2092 4901 ποιεῖν

505 4929 709 4990 ἐκεῖνα,
743 4927 804 4993 ἐξ
833 4921 906 4982 ὧν
935 4931 967 4999 ἡ
995 4929 1151 4993 νόσος
1178 4929 1403 4998 γέγονεν
1421 4945 1437 4962 ο
1468 4929 1610 4983 οὕτω
1634 4929 1697 5002 δὴ
1733 4931 1829 4984 καὶ
1854 4929 2090 4986 ἐνταῦθα

504 5012 600 5064 καὶ
625 5012 668 5042 ’⁷
697 5012 859 5076 αὐτὸς
886 5011 1022 5082 μετά
1049 5012 1108 5065 τὸ
1136 5011 1360 5084 λουτρὸν
1387 5013 1639 5084 νηστείαν
1668 5015 1946 5084 εἰσήγαγε.
1975 5015 2086 5068 Καὶ

504 5095 612 5166 γάρ
641 5096 734 5147 καὶ
761 5094 852 5147 τὸν
895 5095 1068 5164 Ἀδάμ
1105 5096 1139 5166 ἠ
1185 5095 1426 5166 ἀκρασία
1459 5099 1557 5168 τῆς
1581 5098 1817 5169 γαστρὸς
1865 5098 2084 5163 ἐξέϐαλε

502 5177 598 5233 τοῦ
633 5177 996 5248 παραδείσου,
1036 5177 1131 5231 καὶ
1174 5179 1265 5232 τὸν
1298 5179 1684 5250 κατακλυσμὸν
1716 5181 1806 5234 τὸν
1853 5181 1944 5233 ἐπὶ
1991 5181 2085 5234 τοῦ

503 5261 628 5316 Νῶε
680 5261 818 5332 αῦτη
859 5262 1160 5332 πεποίηκε,
1193 5263 1286 5316 καὶ
1323 5264 1448 5326 τοὺς
1494 5263 1741 5334 Σοδόμων
1788 5267 2086 5336 κεραυνοὺς

503 5345 644 5414 αῦτη
677 5347 1010 5417 κατήγαγεν.
1039 5348 1099 5400 Εἰ
1130 5347 1238 5418 γάρ
1278 5348 1370 5400 καὶ
1401 5347 1657 5416 πορνείας
1707 5347 1960 5419 ἔγκλημα
1993 5345 2082 5417 ἦν,

501 5429 617 5482 ἀλλ’
648 5430 795 5500 ὅμως
843 5429 1110 5500 ἑκατέρας
1146 5431 1242 5494 τῆς
1300 5430 1574 5493 κολάσεως
1598 5433 1630 5499 ἡ
1679 5431 1802 5500 ῥίζα
1837 5431 2085 5485 ἐντεῦθεν

501 5512 673 5583 ἐφύη·
699 5514 834 5584 ὅπερ
858 5513 953 5568 καὶ
972 5516 1000 5566 6
1025 5513 1279 5585 Ἰεζεκιὴλ
1303 5514 1672 5583 αἰνιττόμενος
1693 5515 1844 5581 ἕλεγε
1873 5531 1886 5543 ·
1911 5515 2087 5578 Πλὴν

460 5669 470 5675 _
500 5596 678 5650 τοῦτο
710 5595 776 5650 τὸ
822 5597 1100 5666 ἀνόμημα
1137 5597 1437 5662 Σοδόμων,
1482 5595 1571 5648 ὅτι
1599 5597 1668 5649 ἐν
1708 5597 2086 5664 ὑπερηφανίᾳ

1221 387 1282 442 S.
1321 384 1606 442 JOANMS
1644 385 2134 443 CHRYSOSTOMI
2167 389 2490 447 ARCHIEP.
2531 386 3084 445 CONSTANTINOP.

3679 377 3787 435 210

2202 507 2301 561 καὶ
2361 507 2434 561 ἐν
2460 507 2508 538 ³⁸
2551 503 2879 575 πλησμονῇ
2926 504 3162 572 ἄρτων,
3211 516 3310 554 και
3361 512 3432 551 εν
3478 496 3784 563 εὐθηνίαιρ

2197 588 2580 644 ἐσπατὰλων.
2615 587 2772 642 Οῦτω
2800 587 2895 641 καὶ
2933 586 3177 639 Ἰουδαῖοι
3218 583 3288 636 τὰ
3321 581 3554 653 μέγιστα
3597 577 3778 649 εἰργά-

2201 688 2360 725 σαντο
2389 672 2555 733 κακὰ,
2583 671 2692 724 ἀπὸ
2721 673 2820 742 τῆς
2852 669 3022 739 μέθης
3059 667 3155 722 καὶ
3181 667 3280 737 τῆς
3302 664 3517 735 τρυφῆς
3546 661 3639 716 ἐπὶ
3679 661 3784 730 τὴν

2198 755 2428 825 ἀνομίαν
2457 755 2823 821 ἐξοκείλαντες
2835 793 2848 808 .

2270 836 2339 908 β’.
2371 838 2470 891 Διά
2497 839 2560 908 δὴ
2592 837 2750 891 τοῦτο
2774 836 2869 890 καὶ
2895 833 3058 898 αὐτὸς
3095 831 3346 904 νηστεύει
3369 827 3786 898 τεσσαράκοντα

2201 920 2450 991 ἡμέρας,
2483 922 2615 991 ἡμῖν
2668 919 2738 973 τά
2789 919 3055 990 φάρμακα
3095 916 3196 984 τῆς
3241 912 3513 982 σωτηρίας
3545 909 3783 971 δεικνὺς,

2201 1005 2296 1058 καὶ
2337 1005 2398 1057 ού
2449 1004 2776 1075 προέρχεται
2812 1002 3150 1073 περαιτέρω,
3195 999 3336 1052 ὥστε
3381 997 3454 1067 μὴ
3502 995 3663 1048 πάλιν
3711 994 3782 1062 τῇ

2197 1087 2471 1159 ὑπερϐολῇ
2502 1087 2598 1140 τοῦ
2639 1085 2913 1156 θαύματος
2944 1083 3309 1152 ἀπιστηθῆναι
3333 1080 3434 1148 τῆς
3465 1075 3783 1146 οἰκονομίας

2198 1173 2296 1244 τὴν
2322 1171 2599 1241 ἀλήθειαν.
2630 1171 2745 1224 Νῦν
2780 1172 2879 1241 μὲν
2912 1170 3022 1238 γάρ
3048 1169 3150 1221 οὑκ
3178 1167 3244 1220 ἂν
3274 1168 3319 1198 ³³
3349 1162 3507 1217 τοῦτο
3534 1161 3775 1230 ἐγένετο,

2197 1255 2385 1314 ἐπειδὴ
2413 1255 2508 1308 καὶ
2545 1255 2784 1323 Μωῦσῆς
2815 1254 2910 1307 καὶ
2942 1252 3128 1315 Ἠλίας
3161 1249 3524 1322 προλαϐόντες
3553 1248 3630 1310 εἰς
3659 1260 3788 1298 τοσο

2204 1339 2363 1393 οῦτον
2413 1339 2644 1409 ἴσχυσαν
2693 1337 2930 1405 ἐξελθεῖν
2973 1337 3181 1407 μῆκος,
3224 1337 3292 1404 τῇ
3332 1332 3427 1387 τοῦ
3474 1331 3608 1385 Θεοῦ
3650 1346 3788 1398 κρα-

2202 1427 2510 1495 ταιούμενοι
2535 1425 2578 1456 ³ο
2600 1423 2843 1492 δυνάμει.
2877 1423 2940 1476 Εἰ
2967 1422 3023 1475 δέ
3057 1419 3365 1492 περαιτέρω
3396 1416 3627 1487 προέϐη,
3655 1413 3786 1467 πολο

2201 1507 2314 1574 λοῖς
2365 1509 2430 1562 ἂν
2475 1511 2569 1563 καὶ
2617 1507 2865 1562 ἐντεῦθεν
2911 1508 3139 1570 άπιστος
3185 1504 3360 1569 ἔδοξεν
3407 1499 3545 1557 εἶναι
3596 1501 3632 1572 ἡ
3682 1499 3788 1569 τῆς

2203 1593 2405 1664 σαρκὸς
2451 1592 2736 1663 ἀνάληψις.
2781 1591 3100 1662 Νηστεύσας
3143 1589 3324 1643 τοίνυν
3371 1586 3786 1658 τεσσαράκοντα

2201 1677 2415 1748 ἡμέρας
2459 1679 2550 1731 καὶ
2596 1675 2794 1741 νύκτας
2823 1675 3110 1740 τοσαύτας,
3152 1674 3449 1739 ’Ὕστερον
3475 1670 3780 1724 ἐπείνασε·

2201 1760 2370 1830 λαϐὴν
2397 1759 2544 1830 αὑτῷ
2576 1761 2829 1830 παρέχων
2855 1761 2932 1824 εἰς
2953 1759 3013 1812 τὺ
3042 1755 3376 1830 προσελθεῖν,
3416 1754 3502 1808 ῖνα
3535 1751 3786 1821 συμπλα-

2203 1843 2320 1907 κεὶς
2341 1842 2486 1914 δείξῃ
2513 1843 2628 1905 πτις
2650 1843 2731 1895 δεῖ
2757 1841 3129 1914 περιγίνεσθαι
3151 1840 3192 1871 ³⁸
3219 1838 3314 1892 καὶ
3339 1838 3514 1907 νικᾷν.
3538 1833 3693 1886 Οὕτω
3716 1832 3784 1903 δὴ

2205 1927 2298 1979 καὶ
2331 1925 2564 1996 ἀθληταὶ
2598 1925 2807 1979 ποιοῦσι
2825 1942 2837 1954 ·
2870 1926 2997 1989 τοὺς
3019 1924 3127 1995 γάρ
3154 1921 3403 1994 μαθητὰς
3425 1921 3549 1983 τοὺς
3573 1918 3784 1972 ἐαυτῶν

2201 2008 2543 2066 διδάσκοντες
2571 2007 2942 2079 περιγίνεσθαι
2979 2008 3072 2061 καὶ
3099 2007 3275 2076 νικᾷν,
3307 2005 3523 2066 ἐκόιτες
3563 2004 3622 2055 ἐν
3664 2003 3785 2064 ταῖς

2201 2091 2562 2164 παλαίστραις
2593 2091 2996 2162 συμπλέκονται
3021 2091 3248 2162 ἑτέροις,
3278 2091 3335 2142 ἐν
3360 2090 3471 2150 τοῖς
3499 2085 3606 2141 τῶν
3632 2087 3785 2140 ἀντι-

2205 2175 2392 2228 πάλων
2429 2174 2644 2244 σώμασι
2673 2175 3003 2245 παρέχοντες
3023 2175 3232 2236 τούτοις
3261 2172 3488 2242 θεωρεῖν
3519 2171 3614 2223 καὶ
3655 2186 3784 2223 παι-

2201 2257 2450 2311 δεύεσθαι
2480 2259 2578 2328 τῆς
2600 2259 2757 2328 νίκης
2785 2259 2876 2311 τὸν
2916 2257 3136 2330 τρόπον.
3171 2259 3236 2309 Ὀ
3265 2257 3329 2327 δὴ
3363 2255 3458 2308 καὶ
3497 2255 3618 2308 τότε
3657 2252 3787 2321 ἐγέ-

2201 2358 2342 2396 νετο.
2377 2341 2593 2412 Ἐπειδὴ
2619 2341 2727 2412 γάρ
2760 2341 3011 2396 ἐϐούλετο
3053 2341 3214 2394 αὑτὸν
3263 2336 3668 2393 ἐπισπάσασθαι
3702 2337 3789 2399 εἰς

2202 2423 2381 2483 τοῦτο.
2415 2425 2508 2478 καὶ
2556 2425 2616 2478 τὸ
2655 2428 2846 2495 πεινῇν
2876 2424 3025 2494 αύτῷ
3069 2422 3369 2494 κατάδηλον
3401 2421 3645 2492 ἐποίησε,
3687 2419 3786 2472 καὶ

2203 2507 2567 2579 προσελθόντα
2607 2508 2845 2575 ἐδέξατο,
2882 2509 2978 2560 καί.
3017 2508 3334 2577 δεξάμενος,
3369 2505 3516 2570 ἅπαξ
3560 2504 3656 2558 καὶ
3701 2502 3790 2564 δίς

2203 2593 2296 2646 καὶ
2331 2593 2451 2664 τρὶς
2481 2590 2643 2646 αὑτὸν
2684 2591 2986 2665 κατέρῤαξε
3012 2593 3056 2623 ³⁸
3087 2591 3204 2662 μετ’
3231 2589 3481 2653 εὐκολίας
3507 2587 3606 2658 τῆς
3632 2585 3788 2656 αὐτῷ

2203 2675 2607 2746 προσηκούσης.
2643 2675 2782 2728 Ἀλλ’
2805 2675 2890 2730 ῖνα
2927 2675 3003 2746 μὴ
3040 2673 3472 2747 παρατρέχοντες
3497 2672 3597 2735 τάς
3625 2670 3790 2732 νίκας

2200 2759 2423 2826 ταύτας,
2463 2758 2853 2830 λυμαινώμεθα
2890 2758 3042 2829 ὑμῶν
3087 2759 3186 2828 τὴν
3223 2756 3510 2828 ὠφέλειαν.
3541 2753 3648 2809 ἀπὸ
3684 2753 3790 2822 τῆς

2203 2841 2430 2914 πρώτης
2478 2843 2778 2915 ἀρξάμενοι
2815 2833 3120 2912 προσϐολῆς
3155 2841 3392 2912 ἐκάστην
3447 2839 3584 2911 μετά
3623 2838 3788 2908 ἀκρι-

2203 2925 2355 2990 ϐείας
2381 2926 2742 2998 ἐξετάσωμεν.
2761 2926 2980 2997 Ἐπειδὴ
2995 2926 3105 2997 γὰρ
3124 2924 3398 2988 ἐπείνασε,
3415 2922 3566 2994 φησί,
3590 2924 3788 2989 Προσο

2202 3008 2396 3063 ελθὼν
2427 3013 2461 3065 ὀ
2503 3009 2790 3078 πειράζων
2832 3011 3005 3064 εἴπεν
3051 3008 3244 3075 αὐτῷ·
3283 3009 3360 3062 Εἰ
3397 3006 3530 3073 Υἱὸς
3571 2999 3630 3058 εἷ
3674 3001 3787 3056 τοῦ

2205 3091 2390 3157 Θεοῦ,
2435 3095 2567 3148 εἰπὲ
2607 3095 2709 3149 ἵνα
2759 3096 2813 3148 οί
2860 3095 3019 3149 λίθοι
3059 3087 3226 3148 οὗτοι
3270 3091 3436 3160 ἄρτοι
3476 3088 3786 3160 γένωνται.

2219 3175 2434 3246 Ἐπειδὴ
2467 3177 2576 3248 γὰρ
2619 3178 2819 3249 ἢκουσε
2856 3175 3042 3247 φωνῆς
3081 3175 3286 3230 ἀνωθεν
3335 3171 3643 3246 φερομένης
3689 3169 3789 3224 καὶ

2205 3259 2502 3332 λεγούσης·
2549 3258 2737 3329 Οὗτός
2777 3262 2949 3316 ἐστιν
2992 3264 3026 3316 ό
3068 3263 3197 3328 Υἱός
3224 3276 3342 3328 μου
3378 3263 3410 3313 ό
3435 3255 3743 3326 ἀγαπητός
3768 3271 3785 3286 ·

2205 3345 2405 3416 ἤκουσε
2433 3345 2488 3398 δέ
2519 3346 2612 3398 καὶ
2659 3345 2906 3400 Ἰωάννου
2942 3343 3179 3398 τοσαῦτα
3216 3342 3347 3414 περὶ
3384 3339 3549 3395 αὑτοῦ
3580 3354 3787 3410 μαρτυ-

2209 3427 2460 3499 ροῦντος,
2505 3423 2623 3481 εἶτα
2677 3423 2786 3481 εἶδε
2817 3425 3123 3481 πεινῶντα·
3159 3427 3217 3478 ἐν
3260 3423 3541 3496 ἀμηχανία
3591 3419 3787 3474 λοιπὸν

2202 3507 2292 3584 ἦν,
2333 3512 2427 3566 καὶ
2461 3511 2584 3566 ούτε
2613 3512 2696 3566 ὅτι
2736 3511 3018 3583 ἄνθρωπος
3060 3505 3127 3581 ἦν
3156 3507 3310 3580 ψιλὸς
3341 3506 3630 3562 πιστεῦσαι
3658 3503 3789 3575 ἡδύ-

2205 3614 2354 3658 νατο,
2405 3597 2494 3651 διὰ
2532 3599 2601 3652 τά
2649 3596 2778 3669 περὶ
2810 3594 2974 3651 αὑτοῦ
3005 3595 3296 3667 λεχθέντα·
3349 3594 3456 3648 οὐδ’
3500 3587 3568 3648 αὖ
3622 3591 3788 3647 πάλιν

2207 3678 2633 3750 παραδέξασθαι,
2663 3681 2744 3734 ὅτι
2777 3679 2906 3744 Υἰὺς
2931 3674 3000 3751 ἦν
3035 3678 3128 3733 τοῦ
3157 3677 3316 3742 Θεοῦ,
3343 3677 3430 3731 διά
3463 3678 3524 3730 τὺ
3564 3674 3786 3746 βλέπειν

2204 3763 2364 3816 αὑτὸν
2384 3763 2672 3817 πεινῶντα.
2701 3763 2865 3817 Ὅθεν
2892 3763 2949 3816 ἐν
2974 3761 3254 3834 ἀμηχανίᾳ
3273 3760 3580 3830 γενόμενος,
3606 3760 3783 3830 ἀμφι-

2204 3846 2389 3911 ϐόλους
2423 3848 2614 3916 ἀφίησι
2637 3848 2840 3917 φωνάς.
2877 3846 2984 3899 Καὶ
3012 3845 3200 3916 ῶσπερ
3235 3844 3313 3914 τῷ
3345 3844 3516 3915 Ἀδάμ
3554 3841 3787 3914 προσελ-

2203 3929 2312 3983 θὼν
2343 3929 2492 4001 παρά
2516 3931 2614 4001 τὴν
2647 3930 2842 4001 ἀρχὴν,
2871 3929 3094 3984 πλάττει
3127 3928 3196 3982 τὰ
3233 3929 3308 4000 μὴ
3333 3928 3484 3990 ὄντα,
3511 3929 3596 3982 ἵνα
3631 3927 3781 3998 μάθῃ

2201 4013 2272 4066 τά
2292 4012 2422 4066 ὄντα
2441 4027 2456 4041 ⁶
2488 4012 2632 4067 οὑτω
2669 4013 2735 4084 δὴ
2773 4013 2868 4067 καὶ
2900 4011 3156 4076 ἐνταῦθα,
3187 4012 3286 4065 οὑκ
3323 4011 3479 4074 εἰδὼς
3508 4011 3692 4080 σαφῶς
3721 4011 3784 4063 τὸ

2202 4095 2512 4169 ἀπόρρητον
2545 4098 2643 4166 τῆς
2691 4096 2999 4166 οἰκονομίας
3031 4096 3359 4166 μυστήριον,
3394 4096 3489 4149 καὶ
3517 4095 3600 4158 τίς
3649 4093 3782 4146 ποτέ

2204 4177 2353 4232 ἐστιν
2373 4182 2400 4233 6
2428 4179 2638 4250 παρὼν,
2656 4179 2742 4232 ἐτε
2753 4197 2820 4250 ρα
2843 4181 3112 4249 ἐπιχειρεῖ
3140 4178 3358 4231 πλέκειν
3380 4178 3590 4241 δίκτυα,
3613 4177 3679 4230 δι’
3706 4194 3784 4228 ων

2202 4261 2339 4332 ᾤετο
2385 4262 2627 4317 εἴσεσθαι
2664 4262 2725 4316 τὸ
2765 4262 3146 4333 κεκρυμμένον
3181 4263 3274 4315 καὶ
3323 4260 3549 4329 ἀσαφές.
3587 4261 3696 4313 Καὶ
3729 4259 3783 4313 τί

2202 4362 2401 4416 φησιν;
2431 4344 2500 4400 Εἰ
2527 4346 2661 4412 Υἱὸς
2688 4341 2747 4399 εἴ
2760 4345 2865 4400 τοῦ
2890 4344 3060 4408 Θεοῦ,
3087 4344 3217 4397 εἰπὲ
3240 4345 3341 4398 ἵνα
3363 4347 3416 4397 οἱ
3438 4345 3593 4398 λίθοι
3615 4338 3782 4397 οὗτοι

2203 4427 2354 4502 [1⁸70]
2387 4429 2552 4499 ἄρτοι
2584 4429 2889 4499 γένωνται.
2929 4430 3041 4482 Ούκ
3089 4424 3262 4493 εἶπεν,
3321 4427 3537 4498 Ἐπειδὴ
3567 4427 3778 4496 πεινᾷς,

2199 4511 2338 4576 ἀλλ’,
2360 4514 2429 4566 Εἰ
2467 4512 2600 4579 Υἱὸς
2644 4508 2702 4566 εἷ
2750 4511 2858 4567 τοῦ
2904 4512 3080 4566 Θεοῦ·
3127 4511 3362 4582 νομίζων
3417 4509 3783 4564 ὑποκλέπτειν

2192 4595 2357 4650 αὑτὸν
2388 4598 2500 4660 τοῖς
2546 4595 2861 4666 ἐγκωμίοις.
2891 4595 2980 4650 Διὸ
3016 4595 3110 4649 καὶ
3141 4595 3240 4665 τὴν
3273 4596 3462 4646 πεῖναν
3500 4593 3779 4663 ἐσίγησεν,

2194 4678 2282 4732 ἴνα
2306 4678 2381 4750 μὴ
2421 4678 2546 4750 δόξῃ
2580 4679 2872 4750 προφέρειν
2896 4678 2940 4710 ³³
2964 4677 3111 4748 αύτῷ
3148 4677 3305 4730 τοῦτο
3345 4678 3435 4730 καί
3477 4675 3778 4738 ὀνειδίζειν.

2197 4764 2274 4817 Οὐ
2314 4763 2424 4834 γάρ
2465 4761 2619 4827 εἰδὼς
2645 4762 2754 4816 τῶν
2799 4761 3266 4833 οἰκονομουμένων
3303 4760 3365 4814 τὸ
3415 4761 3662 4832 μέγεθος,
3694 4762 3783 4813 αἰ-

2197 4847 2361 4918 σχρὸν
2403 4845 2553 4917 αὑτῷ
2601 4846 2759 4899 τοῦτο
2813 4845 3060 4916 ἐνόμιζεν
3115 4843 3274 4900 εἶναι.
3325 4844 3415 4898 Διὸ
3469 4844 3780 4899 κολακεύων

2194 4931 2358 4986 αὑτὸν
2392 4929 2662 4992 ὑπούλως,
2693 4928 2795 5000 τῆς
2831 4929 2988 4994 ἀξίας
3023 4931 3297 5000 μέμνηται
3342 4928 3528 4998 μόνης.
3574 4928 3638 4980 Τί
3683 4921 3783 4982 οὖν

2193 5015 2223 5066 6
2248 5013 2514 5084 Χριστόςς
2553 5011 2658 5066 Τὸν
2695 5011 2863 5082 τῦφον
2894 5011 3060 5066 αὑτοῦ
3103 5011 3401 5082 καθαιρῶν,
3442 5011 3536 5064 καὶ
3563 5009 3783 5075 δεικνὺς

2194 5098 2296 5152 οὑκ
2322 5097 2583 5169 αἰσχύνης
2614 5096 2764 5161 ἄξιον
2801 5095 2864 5149 δν
2897 5096 2958 5148 τὸ
2988 5096 3222 5166 συμϐάν,
3248 5094 3368 5148 ούδέ
3417 5092 3632 5160 ἀνάξιον
3675 5094 3782 5163 τῆς

2196 5179 2362 5234 αὑτοῦ
2403 5180 2611 5249 σοφίας,
2638 5179 2775 5251 ὅπερ
2803 5177 3117 5233 κολακεύων
3145 5177 3306 5231 αὑτὸν
3339 5179 3543 5241 ἐκεῖνος
3576 5178 3778 5230 ἀπεσί-

2193 5280 2348 5333 γησε,
2388 5262 2545 5316 τοῦτο
2593 5263 2672 5327 εἰς
2713 5263 2876 5334 μέσον
2926 5262 3089 5324 αὑτὸς
3135 5261 3398 5332 προφέρει
3431 5261 3526 5314 καί
3571 5261 3776 5330 τίθησι,

2193 5345 2397 5414 λέγων·
2446 5349 2567 5401 Οὐκ
2614 5346 2707 5400 ἐπ’
2756 5347 2914 5416 ἄρτῳ
2947 5347 3110 5416 μόνῳ
3158 5343 3394 5411 ζήσεται
3439 5345 3773 5413 ἅνθρωπος.

2197 5431 2358 5483 Ὅθεν
2377 5430 2602 5501 ἄρχεται
2625 5430 2733 5483 ἀπὸ
2752 5430 2800 5461 ³⁸
2830 5430 2932 5498 τῆς
2958 5429 3100 5483 κατά
3117 5428 3215 5500 τὴν
3238 5429 3481 5500 γαστέρα
3505 5429 3772 5498 ἀνάγκης.

2195 5514 2266 5567 Σὺ
2294 5514 2351 5567 δέ
2384 5531 2472 5584 μοι
2506 5514 2697 5568 σκόπει
2734 5514 2829 5567 τοῦ
2866 5512 3106 5584 πονηροῦ
3138 5513 3392 5581 δαίμονος
3426 5514 3636 5567 ἐκείνου
3674 5513 3773 5583 τὴν

2191 5599 2565 5670 κακουργίαν,
2607 5598 2700 5651 καὶ
2733 5597 2895 5650 πόθεν
2939 5598 3166 5668 ἄρχεται
3194 5595 3304 5648 τῶν
3353 5595 3767 5668 παλαισμάτων,

576 5696 617 5772 ξ’
643 5699 800 5772 μηδέ]
825 5702 916 5755 καὶ
940 5702 1071 5772 μηδέ
1095 5702 1156 5755 D.
1177 5701 1235 5755 Ε.
1261 5701 1321 5755 F.
1379 5702 1423 5732 ²⁰
1439 5701 1471 5772 6
1489 5698 1646 5772 τέως]
1674 5699 1767 5752 ἆτε
1793 5699 1866 5772 ᾡς
1879 5698 2095 5772 F410?-

2215 5701 2276 5756 τὸ
2298 5701 2556 5772 τέταρτον
2577 5702 2710 5756 Edd.
2770 5701 2816 5732 “
2837 5700 3005 5772 ἀλλά]
3025 5701 3157 5772 _ad«_[.
3182 5699 3275 5754 καί
3378 5699 3440 5772 Εἶ
3471 5699 3534 5755 F.
3585 5702 3630 5733 "
3651 5703 3772 5772 καί]

501 5769 594 5844 καίἶ
615 5769 860 5844 auct—pf
885 5769 1035 5844 p_.'a§;;
1052 5773 1148 5843 τὴν
1173 5771 1538 5844 ἕρημονᾲΕόιΙ.
1591 5769 1928 5844 ’τέπετίθεῃ
1955 5769 2039 5844 Ἑλ
2085 5773 2095 5802 ¹

2200 5772 2274 5844 έν-
2285 5787 2395 5844 om,

2475 5810 2496 5843 ,ν
2522 5773 2583 5825 F.
2660 5772 2706 5843 f“
2731 5770 2855 5843 οὑκ]
2889 5768 3083 5841 οὐχ’ὡς
3110 5768 3206 5843 Ep.
3269 5771 3311 5800 ’⁷
3349 5770 3572 5843 καίρια.
3613 5773 3678 5825 Α.
3706 5768 3764 5826 Β.

499 5841 554 5912 '_"_
578 5840 637 5890 ἐν
665 5837 958 5912 oleIJE.
980 5842 1038 5894 F.
1073 5837 1129 5895 ἐν
1164 5837 1290 5897 αἱιιὲ
1314 5841 1589 5911 εύθηνίαις
1624 5857 1735 5912 om,
1780 5839 1842 5912 Ε.
1998 5841 2044 5872 ⁹⁹
2077 5861 2095 5896 ι

2200 5840 2276 5912 ἰν]
2300 5842 2454 5895 οὐδέν
2474 5842 2538 5896 Δ.
2574 5843 2619 5875 ³ο
2649 5841 2743 5897 Sic
2771 5837 2887 5896 Εἷς
2913 5837 3334 5912 κραταιούμενοι
3359 5839 3516 5912 MSS.
3551 5844 3727 5912 mulli.
3745 5862 3764 5892 ι

500 5908 728 6030 ΜοηιεέΞ
769 5911 940 5976 Vulgo
959 5913 1340 5983 κρατούμενοι.
1418 5908 1460 5943 ³”¹
1482 5911 1864 5982 περιγενέσθαι
1893 5910 2095 5981 (bis)C.

500 5980 565 6030 Α.
593 5977 653 6030 Β.
734 6017 748 6030 .
769 5981 932 6030 γιΙΙιιο
956 5985 1302 6030 ποοεωέοειν-
1381 5983 1426 6014 ³⁵
1443 5981 1603 6030 ’Ὁθεν
1639 5984 1842 6030 ἐκεῖνος
1861 5981 2088 6030 iove-mn

2225 5908 2285 5968 Ε.
2320 5922 2375 5967 el.
2397 5928 2480 5980 pr.
2516 5913 2576 5967 Ι).
2655 5908 3014 5984 ³¹κατέρῤηξε
3031 5928 3114 5980 pr.
3141 5908 3201 5965 Ι).
3270 5910 3316 5940 ³⁸
3336 5911 3654 5982 προφέρεινι
3676 5911 3768 5967 Sic

2200 5983 2420 6030 5E.Ka\
2452 5982 2616 6030 πόθεν
2635 5982 2894 6030 ﬁrmarat:
2946 5981 3077 6030 Ἀπὸ
3101 5981 3162 6030 F.
3204 5979 3289 6030 Im
3309 5981 3442 6030 nihil
3477 5983 3687 6030 erubui!
3731 5999 3765 6030 α

498 5977 653 6033 Α.Β.

769 5981 932 6049 vulgo
956 5979 1302 6053 προσφέρειν.
1372 5979 1603 6054 ξδ”Οθεν
1639 5984 1842 6054 ἐκεῖνος
1861 5979 2088 6053 ἄρχεται

2200 5979 2420 6038 5Ε.Καὶ
2452 5982 2616 6036 πόθεν
2635 5979 2896 6054 ἀρχεταίξ
2944 5979 3077 6036 ams
3101 5981 3162 6036 ιη’.
3204 5979 3442 6034 Manilii!
3477 5979 3687 6038 eiubui’l
3731 5999 3765 6037 α

503 6049 816 6104 necessitate
847 6049 1044 6106 ventris
1084 6049 1329 6110 iimi’ncre.
1359 6053 1454 6109 Ge.
1484 6052 1801 6109 Clausulam
1828 6049 1968 6109 sahé
1992 6069 2155 6122 quam
2181 6056 2466 6111 molestam
2499 6049 2844 6114 urmlchﬁisil
2869 6053 3020 6108 Ann.
