4050 6364
264 430 357 484 £09
1398 417 1458 472 IN
1497 405 1844 471 ΜΑΤΤΙΙᾸίυ

1949 402 2167 464 ιιωιιι..
2202 410 2333 472 XIII.

262 558 309 598 ut
337 546 600 613 malignus
627 542 714 596 ille
736 541 967 601 dmmon,
990 554 1054 591 an
1078 537 1145 591 ab
1162 550 1218 589 se
1241 533 1551 588 discesseris
1572 529 1841 589 dubitans.

263 637 611 691 mutationum
638 635 1007 704 experimento
1032 630 1229 685 certior
1256 629 1365 690 ﬂat,
1398 637 1449 681 te
1481 627 1596 696 ipso
1629 639 1844 694 prorsus

261 728 443 780 relicto
474 726 825 787 abscessisse;
851 732 1043 792 quarto
1070 730 1128 774 ιιι
1153 720 1340 773 fortior
1370 729 1422 773 et
1451 724 1565 787 ipso
1596 718 1735 770 ferro
1758 730 1846 770 so-

260 818 409 872 lidior
451 818 531 871 sic
572 816 807 882 evadas;
835 816 1023 885 quinto
1049 824 1105 868 ut
1132 811 1366 867 thesauri
1396 812 1489 864 tibi
1520 808 1705 864 crediti
1729 824 1847 863 cer-

262 922 365 967 tum
400 912 601 966 habeas
630 918 1032 980 argumentum.
1079 906 1263 975 Neque
1291 905 1433 959 enim
1462 913 1514 958 te
1560 903 1846 957 invasisset

259 1004 531 1066 diabolus,
564 1002 666 1056 nisi
699 1011 752 1057 te
794 1002 846 1055 in
874 999 1076 1069 majore
1107 998 1337 1067 positum
1368 996 1573 1050 honore
1600 994 1841 1049 vidisset.

262 1096 367 1151 Hac
393 1097 462 1151 de
486 1110 647 1150 causa
673 1095 817 1149 enim
846 1093 914 1147 ab
955 1091 1111 1145 initio
1141 1090 1429 1145 insurrexit
1457 1089 1511 1142 iu
1542 1087 1803 1142 Adamum
1825 1126 1841 1151 ,

259 1190 376 1256 quia
405 1188 571 1242 multa
598 1186 747 1241 illum
771 1184 873 1238 frui
897 1184 1111 1238 videbat
1134 1182 1407 1251 dignitate.
1436 1180 1560 1234 Ideo
1581 1187 1635 1234 et
1657 1186 1842 1250 contra

261 1282 448 1336 Jobum
481 1282 653 1334 aciem
683 1279 963 1339 instruxit,
992 1277 1116 1347 quia
1157 1275 1308 1328 illum
1348 1282 1665 1327 coronatum
1695 1279 1750 1326 et
1774 1268 1843 1323 ab

261 1375 628 1427 universorum
664 1372 773 1425 Deo
811 1370 1139 1424 celebratum
1182 1366 1414 1421 videbat.
1452 1366 1519 1420 Et
1546 1380 1643 1418 cur
1673 1363 1838 1430 dicit,

265 1463 416 1516 Orate
442 1479 506 1516 ne
532 1463 730 1516 intretis
767 1463 822 1514 in
848 1461 1170 1514 tentationem
1199 1456 1412 1527 (Matth.
1441 1457 1532 1511 26.
1564 1456 1684 1524 41)ἱ²
1713 1455 1845 1510 Pro-

264 1568 441 1625 pterea
471 1554 658 1609 Jesum
688 1569 795 1608 non
824 1554 965 1607 ultro
991 1561 1206 1607 euntem
1248 1550 1501 1614 exhibet,
1532 1548 1627 1603 sed
1670 1547 1842 1601 addu-

262 1658 399 1702 ctum
446 1646 745 1701 secundum
773 1646 1088 1701 oeconomiae
1118 1644 1376 1697 rationem
1420 1661 1433 1696 :
1463 1641 1805 1695 subindicans
1824 1681 1840 1707 ,

264 1756 362 1796 non
388 1738 739 1795 insiliendum
761 1752 903 1803 esse,
928 1736 1022 1792 sed
1047 1736 1093 1790 si
1123 1735 1469 1796 adducamur,
1496 1733 1701 1787 fortiter
1724 1747 1844 1787 esse

262 1831 529 1885 standum.
578 1830 641 1884 Et
684 1828 965 1884 considera
996 1842 1101 1895 quo
1146 1826 1294 1880 illum
1340 1824 1570 1896 Spiritus
1595 1823 1840 1887 duxerit;

263 1938 363 1974 non
393 1923 445 1974 in
478 1922 692 1985 urbem,
725 1935 823 1974 nec
864 1919 919 1974 in
947 1918 1142 1982 forum,
1183 1917 1278 1971 sed
1310 1918 1365 1971 in
1388 1917 1680 1970 desertum.
1709 1914 1843 1982 Quia

262 2016 400 2067 enim
431 2013 707 2067 diabolum
735 2013 909 2081 ipsum
936 2010 1149 2065 volebat
1176 2010 1392 2063 allicere
1418 2048 1432 2072 ,
1463 2022 1568 2061 non
1600 2023 1666 2061 ex
1702 2006 1844 2061 fame

264 2116 463 2161 tantum
489 2147 504 2169 .
550 2106 645 2160 sed
672 2107 833 2159 etiam
858 2120 924 2158 ex
968 2104 1089 2158 loco
1114 2102 1448 2157 occasionem
1480 2100 1554 2153 illi
1596 2098 1840 2168 prtebuit.

262 2199 410 2254 Tunc
432 2200 580 2253 enim
608 2196 840 2251 maxime
864 2195 1104 2250 diabolus
1133 2195 1353 2264 ingruit,
1384 2207 1504 2247 cum
1534 2192 1676 2245 solos
1704 2189 1845 2245 videt

262 2308 321 2346 ac
365 2291 595 2345 seorsim
640 2299 881 2361 agentes.
927 2287 1013 2343 Sic
1040 2288 1317 2341 mulierem
1362 2285 1514 2339 initio
1556 2298 1843 2354 aggressus

262 2393 369 2447 est,
399 2383 574 2436 solam
617 2384 824 2447 adiens,
851 2381 1072 2434 absente
1102 2379 1238 2432 viro.
1280 2378 1412 2431 Cum
1449 2378 1590 2431 enim
1636 2376 1843 2445 aliquos

263 2474 415 2528 simul
461 2483 517 2527 et
563 2482 914 2542 congregatos
963 2471 1137 2535 videt,
1193 2485 1296 2522 non
1353 2468 1515 2522 audet
1569 2466 1838 2520 invadere.

261 2566 379 2619 ldeo
403 2572 621 2634 Oportet
643 2564 742 2617 hac
769 2563 997 2616 maxime
1023 2561 1089 2615 de
1114 2576 1269 2614 causa
1295 2559 1600 2628 frequenter
1622 2573 1845 2626 congre-

260 2657 405 2725 gari,
455 2671 524 2711 ne
568 2654 784 2710 diabolo
812 2663 968 2721 captu
1014 2652 1200 2706 faciles
1241 2652 1431 2705 simus.
1481 2649 1685 2703 Invenit
1715 2663 1843 2717 ergo

259 2750 401 2804 illum
448 2747 697 2803 diabolus
745 2747 800 2800 in
851 2746 1101 2809 deserto,
1144 2753 1201 2798 et
1244 2743 1297 2796 iu
1345 2740 1630 2797 solitudine
1678 2739 1839 2793 invia.

256 2842 402 2909 Qund
427 2843 576 2896 enim
600 2841 720 2893 talis
744 2853 887 2895 esset
915 2836 1149 2891 solitudo
1171 2876 1185 2898 ,
1214 2835 1422 2889 Marcus
1464 2832 1728 2904 signiﬁcat
1759 2831 1842 2885 his

258 2936 427 2990 verbis
461 2952 475 2989 :
505 2933 635 2988 Erat
663 2948 775 2987 cum
801 2931 965 2987 bestiis
991 2929 1179 3002 (Marc.
1203 2929 1253 2982 1.
1285 2929 1394 2997 15).
1422 2924 1695 2994 Perpende
1719 2938 1841 2978 cum

255 3038 447 3097 quanta
480 3025 690 3080 vafritie
717 3034 774 3079 et
824 3024 1059 3093 nequitia
1089 3020 1332 3085 accedat,
1365 3029 1421 3074 et
1449 3016 1589 3088 quod
1624 3027 1837 3084 tempus

253 3124 520 3176 observet.
546 3119 663 3174 Non
684 3119 826 3175 enim
844 3119 1177 3188 jejunautem
1198 3115 1341 3179 adit,
1364 3113 1459 3168 sed
1479 3112 1802 3167 esurientem
1822 3127 1843 3163 τ

256 3228 309 3269 ut
333 3218 512 3271 discas
536 3222 793 3284 quantum
825 3213 1023 3267 bonum
1068 3212 1137 3265 sit
1167 3210 1448 3279 jejunium,
1480 3218 1842 3276 quantumque

254 3312 319 3361 sit
347 3318 537 3362 contra
581 3306 851 3361 diabolum
885 3304 1083 3367 telum;
1113 3312 1171 3357 et
1205 3299 1350 3370 quod
1381 3308 1499 3366 post
1524 3298 1839 3367 baptismum

254 3420 357 3459 non
388 3402 634 3465 deliciis,
669 3416 775 3453 non
804 3398 1050 3453 ebrietati
1075 3437 1088 3460 ,
1118 3410 1224 3450 non
1257 3408 1455 3447 mensa:
1478 3433 1491 3455 ,
1519 3391 1610 3446 sed
1634 3391 1841 3460 jejunio

255 3513 415 3567 opera
450 3498 522 3550 sit
547 3493 746 3549 danda.
782 3492 1077 3561 Propterea
1106 3489 1248 3544 enim
1295 3488 1382 3542 ille
1414 3486 1702 3557 jejunavit,
1735 3499 1839 3537 non

251 3590 391 3659 quod
439 3588 652 3658 jejunio
696 3600 830 3655 Opus
886 3584 1135 3641 haberet,
1190 3581 1284 3636 sed
1339 3588 1397 3635 ut
1448 3594 1546 3633 nos
1584 3576 1838 3632 erudiret.

251 3683 381 3749 Quia
409 3690 631 3751 peccata
652 3689 777 3733 ante
800 3679 1068 3732 lavacrum
1083 3675 1284 3730 ventris
1310 3672 1526 3743 crapula
1555 3670 1839 3725 intulerat:

252 3773 712 3845 quemadmodum
741 3773 786 3826 si
813 3771 933 3842 quis
974 3779 1236 3840 aegrotum
1274 3767 1339 3821 ad
1382 3766 1663 3820 sanitatem
1693 3764 1759 3816 ab
1784 3776 1843 3815 se

252 3868 536 3922 reductum
562 3865 749 3934 jubeat
774 3879 879 3917 non
912 3863 999 3917 illa
1037 3860 1214 3915 facere
1244 3857 1387 3913 unde
1415 3855 1634 3909 morbus
1666 3853 1844 3907 illatus

252 3971 371 4014 cst:
400 3962 481 4014 sic
510 3970 567 4014 et
597 3959 688 4012 ille
721 3965 844 4027 post
871 3957 1138 4010 lavacrum
1168 3952 1375 4006 induxit
1396 3949 1682 4020 jejunium.
1710 3945 1844 3999 Nam

252 4065 303 4108 et
334 4055 602 4107 Adamnm
632 4048 1040 4119 iutemperantia
1069 4045 1269 4100 ventris
1299 4059 1364 4098 ex
1392 4040 1637 4112 paradiso
1656 4038 1843 4107 ejecit,

253 4157 307 4203 et
326 4146 590 4202 diluvium
620 4151 861 4211 tempore
897 4139 1025 4195 Nos:
1055 4137 1297 4201 induxit,
1329 4143 1487 4205 atque
1517 4133 1569 4187 in
1600 4128 1847 4186 Sodomi-

255 4250 336 4294 tas
368 4238 590 4293 fulmina
628 4236 866 4289 immisit.
898 4232 1117 4287 Etiamsi
1140 4230 1283 4285 enim
1310 4226 1591 4295 utrobique
1618 4221 1849 4277 fornica-

257 4333 418 4387 tionis
447 4332 657 4385 crimen
687 4335 801 4381 erat
820 4368 835 4392 ,
864 4334 1099 4378 attamen
1124 4322 1395 4389 utriusque
1421 4315 1667 4387 supplicii
1698 4312 1847 4367 radix

258 4426 383 4481 inde
430 4422 635 4495 prodiit
681 4419 869 4489 :quod
914 4426 970 4473 et
1015 4413 1259 4471 Ezechiel
1306 4410 1546 4465 indicans
1589 4406 1842 4462 dicebat:

266 4517 628 4573 Verumtamen
670 4515 763 4566 hoc
795 4518 899 4564 erat
930 4518 1188 4580 peccatum
1214 4505 1588 4564 Sodomorum,
1608 4499 1847 4568 quoniam

258 4610 311 4662 in
341 4607 584 4679 superbia
622 4615 668 4658 et
711 4605 764 4655 in
806 4602 1066 4655 saturitate
1106 4613 1328 4667 panum,
1356 4604 1402 4648 et
1441 4594 1497 4646 in
1538 4588 1850 4644 abundantia

260 4699 585 4756 lasciviebant
611 4696 824 4769 (Ezech.
848 4694 934 4749 16.
958 4691 1072 4765 49).
1095 4691 1184 4745 Sic
1208 4696 1262 4744 et
1280 4686 1451 4743 Judaei
1467 4685 1694 4739 maxima
1722 4696 1845 4751 per-
1871 4725 1877 4767 ζ

259 4800 543 4863 pettarunt
587 4788 725 4844 mala
751 4826 766 4851 ,
810 4787 880 4840 ab
921 4784 1177 4840 ebrietate
1196 4790 1250 4837 et
1274 4779 1514 4836 ciborum
1539 4774 1743 4832 deliciis
1791 4773 1848 4828 in

260 4886 599 4954 iniquitatem
630 4880 1009 4950 impingentes.

333 4977 388 5032 2.
435 4976 563 5029 Ideo
588 4983 646 5029 et
672 4974 787 5043 ipse
807 4971 1015 5040 jejunat
1047 4964 1391 5039 quadraginta
1421 4961 1630 5025 diebus,
1663 4957 1849 5014 salutis

259 5069 420 5125 nobis
447 5066 689 5123 remedia
740 5062 1029 5120 ostendens
1052 5102 1068 5127 ,
1093 5074 1268 5129 neque
1313 5056 1539 5112 ulterius
1566 5052 1846 5123 procedit,

261 5178 329 5218 ne
373 5163 444 5219 ob
486 5172 769 5216 excessum
833 5153 1104 5219 miraculi,
1150 5149 1464 5207 oeconomiae
1502 5147 1697 5201 veritas
1740 5158 1849 5198 non

266 5352 406 5402 niam
437 5347 650 5416 Moyses
674 5350 729 5396 et
754 5339 902 5395 Elias
936 5337 1034 5392 Dei
1058 5333 1290 5406 potentia
1317 5330 1469 5395 fulti,
1498 5328 1562 5383 ad
1594 5327 1737 5380 illam
1764 5324 1848 5395 je-

261 5442 395 5512 junii
434 5437 841 5497 diuturnitatem
864 5431 1165 5501 pertingere
1212 5430 1516 5496 potuerunt.
1567 5418 1623 5475 Si
1672 5426 1848 5472 autem

265 5510 490 5588 ulterius
520 5541 837 5600 progressus
862 5522 1067 5587 fuisset,
1100 5520 1225 5575 hinc
1254 5515 1496 5589 plurimis
1524 5510 1851 5566 incredibilis

266 5628 378 5680 visa
408 5623 600 5679 fuisset
624 5618 803 5676 carnis
822 5613 1137 5685 assumptio.
1172 5610 1230 5664 ‘2.
1260 5607 1387 5665 Cum
1415 5606 1696 5678 jejunasset
1718 5616 1847 5671 ergo

263 5716 605 5787 quadraginta
630 5710 807 5766 diebus
831 5716 876 5763 et
903 5703 1245 5775 quadraginta
1265 5698 1510 5761 noctibus,
1534 5704 1705 5766 postea
1730 5708 1850 5747 estt-

264 5808 351 5860 riit
381 5822 395 5861 :
425 5804 762 5861 occasionem
794 5795 1082 5855 accedendi
1110 5791 1323 5849 diabolo
1344 5787 1588 5859 przebens
1608 5826 1623 5849 ,
1647 5792 1707 5839 ut
1730 5798 1854 5839 con-

267 5912 480 5968 gressus
528 5895 838 5955 ostenderet
864 5933 881 5959 ,
907 5886 1177 5961 quomodo
1197 5889 1467 5956 oporteret
1505 5891 1759 5949 superare
1787 5892 1851 5933 ac

3434 422 3539 478 ξιο

1952 530 2187 585 vincere.
2236 534 2324 589 Sic
2368 544 2424 589 et
2470 535 2688 591 athletae
2748 531 2945 591 faciunt
2977 556 2989 593 :
3023 552 3145 591 nam
3202 547 3260 592 ut
3296 538 3533 606 discipuo

1954 627 2032 680 los
2074 641 2200 681 suos
2246 626 2474 681 doceant
2496 627 2766 697 quomodo
2806 629 3021 682 vincere
3066 636 3350 697 oporteat,
3397 630 3536 681 ultm

1952 734 2071 773 cum
2114 720 2231 773 aliis
2273 720 2325 773 in
2372 720 2620 789 palzestra
2666 735 2725 773 se
2767 720 3131 789 complicaut,
3178 722 3230 773 in
3278 718 3535 773 adversa-

1951 814 2152 869 riorum
2206 814 2526 884 corporibus
2575 813 2938 883 spectaculum
3003 812 3131 882 ipsis
3175 811 3534 872 exhibentes.

1952 918 2009 962 ut
2060 908 2303 965 vincendi
2362 908 2579 963 modum
2651 907 2908 963 ediscant.
2968 906 3118 975 Quod
3180 916 3305 961 tunc
3363 906 3535 960 etiam

1953 1000 2151 1054 factum
2179 1010 2277 1053 est.
2303 998 2438 1067 Quia
2482 1000 2624 1053 enim
2673 998 2949 1053 diabolum
2992 997 3206 1052 volebat
3254 997 3322 1051 ad
3362 1007 3536 1051 certa-

1951 1093 2383 1155 meuattrahere,
2429 1091 2625 1146 famem
2653 1102 2836 1145 notam
2864 1091 2965 1160 ipsi
2991 1089 3137 1155 fecit,
3185 1090 3535 1145 accedentem

1954 1187 2195 1254 excepit,
2226 1194 2620 1255 exceptumque
2646 1184 2836 1249 semel,
2865 1184 2947 1239 bis
2975 1193 3029 1237 et
3051 1193 3150 1247 ter,
3202 1184 3373 1251 ipsum
3411 1198 3533 1235 cum

1949 1276 2205 1331 facilitate
2251 1276 2349 1330 sibi
2377 1285 2715 1344 competente
2742 1275 3043 1344 prostravit.
3071 1273 3174 1328 Sed
3220 1288 3289 1327 ne
3330 1272 3427 1326 has
3456 1273 3537 1324 vi—

1949 1370 2148 1423 ctorias
2191 1375 2662 1437 prmtercurrentes
2683 1409 2698 1432 ,
2729 1367 2939 1420 utilitati
2989 1374 3181 1420 vestrae
3210 1362 3410 1433 aliquid
3436 1364 3534 1416 de-

1952 1460 2246 1525 trahamus,
2275 1475 2304 1513 a
2335 1459 2507 1529 primo
2548 1474 2837 1529 congressu
2864 1458 2972 1512 orsi
2999 1498 3015 1523 ,
3070 1455 3309 1526 singulos
3336 1454 3533 1510 deinde

1949 1563 2197 1607 accurate
2220 1553 2579 1622 exploremus.
2607 1552 2867 1619 Quoniam
2894 1549 3100 1616 esuriit,
3135 1550 3243 1604 ait:
3283 1550 3336 1604 3.
3379 1548 3535 1601 Acce-

1951 1646 2074 1699 dens
2100 1654 2317 1698 tentator
2343 1644 2471 1697 dixit
2497 1643 2542 1696 ei
2561 1659 2580 1697 :
2621 1642 2682 1696 Si
2712 1641 2761 1695 F
2764 1642 2879 1695 ilius
2906 1640 3004 1694 Dei
3027 1658 3108 1704 es,
3139 1639 3222 1692 dic
3262 1649 3317 1692 ut
3338 1639 3533 1709 lapides

1948 1738 2033 1794 isti
2054 1755 2208 1809 panes
2228 1739 2374 1806 ﬁant.
2419 1737 2551 1803 Quia
2595 1736 2737 1789 enim
2782 1734 3024 1789 audierat
3051 1749 3237 1788 vocem
3292 1734 3360 1787 de
3398 1733 3531 1785 caelo

1948 1831 2248 1885 dicentem:
2283 1828 2382 1882 Hic
2407 1838 2477 1883 est
2506 1826 2552 1880 F
2555 1826 2671 1882 ilius
2688 1844 2827 1881 meus
2844 1828 3056 1881 dilectus
3081 1826 3290 1898 (Matth.
3315 1828 3368 1881 5.
3390 1827 3479 1893 17)
3512 1841 3529 1892 ;

1948 1920 2191 1974 audierat
2221 1920 2346 1973 item
2376 1918 2636 1973 Joannem
2670 1925 2813 1971 tanta
2843 1916 2911 1970 de
2947 1917 3062 1985 ipso
3110 1915 3522 1979 testiﬁcantem;

1947 2010 2246 2080 deindeque
2270 2010 2403 2064 vidit
2452 2010 2600 2063 illum
2645 2008 3007 2061 esurientem:
3040 2006 3274 2061 incertus
3315 2006 3530 2060 demum

1948 2114 2097 2167 erat;
2126 2118 2296 2172 neque
2324 2101 2468 2156 enim
2494 2101 2665 2169 ipsum
2696 2100 2965 2152 hominem
3018 2112 3140 2151 esse
3195 2113 3382 2166 purum
3407 2112 3526 2151 cre-

1949 2195 2076 2250 dere
2104 2204 2330 2264 poterat,
2380 2192 2449 2246 ob
2469 2207 2531 2244 ea
2553 2206 2671 2259 qua:
2699 2189 2767 2243 de
2788 2189 2882 2242 illo
2908 2189 3049 2242 dicta
3085 2188 3326 2253 fuerant,
3353 2202 3528 2256 neque

1947 2304 2070 2343 eum
2088 2288 2278 2341 Filium
2308 2286 2399 2340 Dei
2427 2285 2727 2348 admittere,
2749 2281 2889 2351 quod
2908 2282 3111 2335 videret
3132 2280 3279 2334 illum
3300 2281 3527 2334 esurire.

1947 2381 2284 2449 Quapropter
2335 2376 2526 2429 dubius
2566 2374 2749 2437 animi,
2792 2371 2980 2427 dubias
3007 2372 3200 2425 emittit
3230 2385 3407 2425 voces.
3452 2372 3527 2424 Ac

1948 2469 2395 2541 quemadmodum
2424 2467 2632 2521 Adamo
2661 2468 2710 2519 in
2738 2464 2999 2535 principio
3024 2465 3234 2518 obviam
3267 2465 3487 2519 veniens
3510 2506 3526 2528 ,

1949 2580 2069 2634 qua:
2099 2578 2204 2617 non
2237 2571 2393 2617 erant
2418 2560 2586 2629 fingit,
2618 2568 2812 2628 utquze
2841 2565 2996 2611 erant
3029 2557 3323 2611 edisceret:
3358 2556 3427 2609 ita
3472 2565 3529 2609 ct

1948 2670 2105 2720 nunc,
2125 2670 2246 2709 cum
2286 2670 2390 2707 non
2408 2652 2550 2707 clare
2571 2657 2918 2719 cognosceret
2942 2662 3192 2703 arcanum
3214 2647 3527 2701 (nconomim

1948 2749 2286 2820 tuysterimn,
2321 2760 2418 2799 nec
2444 2745 2564 2813 quis
2607 2750 2750 2797 esset
2803 2741 2891 2795 ille
2923 2750 3049 2794 tunc
3102 2754 3339 2808 prmsens
3364 2779 3377 2800 ,
3426 2739 3527 2791 alia

1951 2850 2165 2895 nectere
2194 2838 2325 2891 retia
2355 2837 2593 2896 molitur,
2620 2835 2771 2903 queis
2798 2831 3032 2903 putabat,
3058 2830 3111 2885 id
3138 2831 3279 2900 quod
3306 2830 3530 2885 abscon-

1949 2932 2117 2986 ditum
2150 2930 2545 2995 obscurumque
2595 2934 2710 2980 erat
2748 2940 2806 2978 se
2835 2924 3041 2977 discere
3089 2936 3267 2991 posse.
3326 2922 3526 2988 Ecquid

1950 3024 2061 3078 ait?
2092 3024 2151 3076 Si
2182 3022 2354 3076 Filius
2391 3020 2487 3073 Dei
2508 3035 2580 3084 es,
2599 3019 2681 3071 dic
2716 3028 2769 3070 ut
2809 3016 3004 3086 lapides
3039 3016 3123 3068 isti
3175 3032 3328 3079 panes
3379 3016 3524 3084 fiant.

1946 3114 2061 3169 Non
2088 3113 2241 3175 dixit,
2265 3109 2525 3177 Quoniam
2552 3108 2759 3171 esuris;
2783 3106 2899 3169 sed,
2929 3104 2992 3160 Si
3012 3104 3180 3158 Filius
3200 3104 3294 3158 Dei
3324 3121 3409 3158 es:
3436 3120 3530 3172 pu-

1952 3215 2070 3258 tans
2095 3221 2154 3257 se
2182 3217 2341 3272 posse
2364 3201 2513 3255 illum
2538 3198 2809 3269 pellicere.
2855 3195 2979 3250 Ideo
3004 3196 3197 3252 famem
3226 3195 3411 3259 tacuit,
3459 3212 3528 3250 ne

1945 3298 2216 3352 videretur
2245 3293 2372 3349 illud
2405 3293 2503 3363 ipsi
2529 3292 2766 3362 proferre
2788 3299 2843 3344 ut
2868 3288 3234 3359 exprobraret.
3257 3286 3389 3340 Cum
3419 3303 3525 3341 non

1948 3398 2130 3444 nosset
2167 3387 2311 3441 enim
2368 3400 2548 3439 rerum
2592 3398 2712 3452 quas
2742 3380 3189 3451 dispensabantur
3209 3379 3528 3446 magnitudi-

1948 3498 2091 3545 nem,
2126 3480 2174 3533 id
2200 3480 2273 3533 illi
2304 3478 2502 3548 probro
2524 3475 2636 3530 fore
2664 3474 2882 3544 putabat
2911 3490 2924 3526 :
2949 3480 3273 3542 quapropter
3306 3468 3531 3523 adulan-

1949 3578 2017 3630 tis
2042 3590 2192 3629 morc
2222 3571 2448 3627 subdole
2487 3570 2799 3639 dignitatem
2858 3567 2975 3634 ejus
3024 3564 3191 3618 solam
3243 3573 3526 3618 memorat.

1949 3668 2085 3737 Quid
2131 3667 2289 3737 igitur
2311 3662 2593 3719 Christus?
2611 3658 2831 3714 Fastum
2847 3657 2963 3727 ejus
2985 3656 3286 3726 deprimens
3306 3696 3321 3717 ,
3350 3664 3530 3707 osteu—
3576 3642 3581 3647 ’

1949 3763 2188 3830 deasque
2216 3774 2313 3813 nec
2337 3755 2655 3825 probrosum
2687 3750 2741 3805 id
2772 3765 2894 3804 esse
2928 3747 3068 3819 quod
3099 3746 3398 3810 acciderat,
3432 3760 3530 3799 nec

1956 3852 2217 3924 sapientia
2246 3864 2341 3904 sua
2371 3846 2668 3916 indignum,
2694 3842 2837 3911 quod
2860 3840 2946 3895 ille
2969 3837 3238 3893 adulando
3255 3845 3491 3891 tacuerat
3512 3876 3529 3900 ,

1954 3946 2055 4000 hoc
2082 3945 2133 3998 in
2158 3942 2393 3997 medium
2417 3937 2623 4009 profert
2646 3950 2709 3989 ac
2737 3934 2900 3988 dicit:
2932 3933 2988 3987 4.
3017 3930 3139 3985 Νοη
3162 3931 3216 3983 in
3246 3930 3355 3983 solo
3401 3945 3532 3998 pane

1953 4042 2077 4093 vivet
2099 4039 2269 4091 homo.
2315 4033 2406 4088 Sic
2429 4048 2457 4084 a
2486 4028 2805 4084 necessitate
2833 4024 3035 4079 ventris
3064 4020 3266 4090 incipit.
3294 4019 3374 4074 Tu
3404 4034 3533 4072 vero

1953 4130 2084 4185 mihi
2113 4124 2329 4195 maligni
2355 4121 2616 4177 daamouis
2634 4117 2925 4173 versutiam
2968 4112 3236 4184 perpende
3260 4153 3275 4177 ,
3306 4119 3358 4165 et
3389 4109 3532 4164 unde

1862 4218 1867 4224 ’
1954 4233 2229 4280 certamen
2261 4217 2495 4285 incipiat,
2547 4221 2601 4267 et
2624 4208 2891 4280 quomOdo
2920 4221 3030 4261 sua:
3061 4220 3164 4259 non
3192 4203 3532 4256 obliviscatur

1955 4316 2107 4371 artis.
2133 4312 2213 4366 Ab
2241 4310 2307 4363 iis
2328 4308 2474 4362 enim
2495 4302 2648 4373 queis
2678 4300 2906 4369 primum
2937 4296 3210 4350 hominem
3232 4293 3528 4363 dejecerat,

1955 4425 2019 4465 ac
2044 4405 2308 4464 sexcentis
2334 4402 2488 4455 malis
2516 4390 3002 4455 circumdederat‘,
3039 4388 3107 4442 ab
3134 4386 3319 4441 iisdem
3350 4384 3534 4438 dolum

1956 4500 2141 4564 nectit,
2170 4497 2237 4552 de
2262 4493 2462 4549 ventris
2489 4484 2891 4556 iutemperantia
2920 4482 3130 4550 loquor.
3153 4477 3347 4532 Multos
3372 4476 3535 4530 etiam

1963 4607 2107 4649 nunc
2135 4589 2325 4645 stultos
2348 4584 2537 4640 audire
2557 4590 2659 4645 est,
2692 4578 2778 4647 qui
2801 4575 2980 4629 dicunt
3003 4578 3254 4625 sexcenta
3279 4582 3371 4638 per
3399 4582 3535 4620 ven-

1963 4697 2098 4740 trem
2125 4681 2263 4736 mala
2291 4678 2432 4732 illata
2454 4687 2593 4727 esse.
2623 4670 2692 4724 At
2711 4667 2952 4721 Christus
3005 4659 3297 4717 ostendens
3343 4661 3545 4711 virtute

1956 4775 2241 4849 prmditum
2266 4784 2370 4824 non
2392 4779 2550 4836 posse
2576 4762 2674 4815 hac
2692 4755 2972 4830 tyrannide
3006 4750 3253 4821 compelli
3299 4748 3364 4804 ad
3394 4762 3547 4817 qua-

1872 4894 1873 4897 ‘
1960 4840 2086 4926 dam
2135 4873 2321 4920 contra
2346 4859 2596 4915 decorem
2625 4847 2973 4909 admittenda,
3001 4854 3054 4901 et
3079 4844 3266 4907 esurit,
3292 4849 3345 4895 et
3366 4840 3543 4910 jussui

1959 4976 2066 5017 non
2092 4964 2262 5028 paret,
2283 4954 2483 5008 docens
2514 4949 2566 5002 in
2609 4945 2756 4999 nullo
2773 4939 2996 5009 obsequi
3023 4934 3235 4991 diabolo
3256 4948 3353 4987 nos
3381 4946 3543 5000 Opor-

1958 5021 2106 5109 tere:
2123 5051 2256 5119 Quia
2277 5045 2421 5101 enim
2448 5042 2650 5112 primus
2677 5037 2837 5090 homo
2864 5032 2967 5087 hoc
2992 5038 3145 5099 pacto
3176 5026 3339 5081 Deum
3368 5021 3539 5075 offen-

1960 5147 2115 5202 derat
2135 5113 2315 5212 legem
2360 5143 2744 5203 transgressus,
2791 5142 2856 5181 ex
2886 5119 3181 5179 abundanti
3235 5126 3288 5171 te
3336 5113 3495 5169 docet
3524 5154 3539 5175 ,

260 5255 598 5312 crederetur.
627 5249 782 5307 Nunc
806 5247 948 5303 enim
977 5245 1195 5299 minime
1222 5239 1352 5295 illud
1375 5238 1686 5300 timendum,
1712 5232 1875 5305 quo-1
1962 5236 2169 5296 etiamsi
2193 5233 2269 5299 id,
2292 5228 2433 5303 quod
2457 5227 2544 5283 ille
2567 5224 2738 5294 jubet,
2761 5216 3118 5287 transgressio
3143 5226 3246 5267 non
3273 5210 3363 5274 sit,
3386 5222 3453 5261 ne
3468 5207 3540 5260 sit.

1964 5333 2125 5389 etiam
2155 5321 2632 5395 obtemperandum
2653 5329 2793 5371 esse.
2828 5306 3035 5380 Ecquid
3063 5304 3544 5395 transgressionem

1963 5388 2123 5480 dico?
2149 5419 2264 5476 Etsi
2285 5388 2412 5488 quid
2440 5411 2569 5466 utile
2596 5408 2776 5462 dicant
2798 5404 3102 5464 daemones,
3134 5395 3339 5464 inquit,
3372 5405 3438 5443 ne
3467 5388 3545 5488 sic

1961 5531 2174 5591 quoque
2203 5480 2595 5568 illis-attendas.
2647 5499 2737 5555 Sic
2785 5496 2928 5552 enim
2961 5493 3050 5546 ille
3064 5489 3364 5591 frementis,
3402 5480 3549 5591 loqui

1963 5573 2153 5671 vetuit.
2182 5601 2540 5677 praedicantes
2566 5595 2743 5664 ipsum
2765 5602 2886 5643 esse
2932 5584 3027 5641 Dei
3064 5580 3255 5677 Filium
3299 5573 3548 5673 (Lucra.

1964 5702 2087 5773 '55).
2144 5670 2346 5755 Paulus
2390 5691 2520 5745 item
2566 5685 2795 5754 idipsum
2866 5678 3161 5736 clamantes
3214 5670 3544 5737 increpavit,

2029 5881 2045 5913 ι
2069 5887 2211 5936 Unus,
2223 5878 2272 5925 et
2299 5869 2545 5921 sexcentos
2568 5858 2687 5912 alios
2704 5848 2966 5907 innumeris
2986 5843 3125 5898 atatis
3148 5836 3546 5896 circumdederat.
