4050 6364
484 496 696 556 etiamsi
733 493 806 558 id,
847 492 990 565 quod
1043 488 1334 552 dicebant,
1385 485 1517 541 utile
1561 491 1742 548 esset;
1793 479 1890 535 sed
1946 479 2065 534 illos

487 591 656 663 magis
716 587 987 658 magisque
1033 579 1370 649 deprimens,
1399 589 1694 642 eorumque
1722 581 1911 626 contra
1966 585 2068 624 nos

488 682 708 736 insidias
729 681 1038 738 obstruens,
1062 675 1222 731 etiam
1245 687 1368 726 cum
1396 669 1646 724 salutaria
1668 667 1912 735 dogmata
1934 679 2072 734 prm-

489 774 754 838 dicarent,
779 768 1148 841 propulsabat,
1175 779 1361 820 eorum
1392 761 1674 815 obstruens
1701 773 1817 824 ora,
1837 757 2074 828 ipsisque

489 863 765 917 silentium
793 863 1066 928 imperans
1098 857 1232 927 (Act.
1261 854 1349 910 16.
1380 852 1490 922 18).
1519 850 1735 906 Idcirco
1771 862 1942 918 neque
1986 846 2076 907 hic

489 953 735 1008 Christus
774 950 928 1006 dictis
969 947 1200 1003 annuit:
1239 945 1332 1000 sed
1355 943 1482 1014 quid
1530 941 1685 996 ait“?
1716 938 1840 993 Non
1882 939 1936 992 in
1965 937 2076 993 solo

490 1061 623 1116 pane
650 1043 775 1099 vivet
810 1041 978 1095 homo.
1002 1037 1154 1104 Quod
1176 1051 1305 1091 vero
1321 1035 1466 1097 dicit,
1497 1029 1797 1102 hujusmodi
1825 1038 1939 1084 est:
1972 1027 2077 1081 Po-

494 1146 598 1192 test
618 1136 758 1190 Deus
783 1135 943 1187 etiam
989 1129 1156 1185 verbo
1185 1126 1512 1183 esurientem
1563 1123 1727 1186 alere,
1775 1134 1846 1174 ex
1893 1118 2076 1173 Veteri

494 1230 775 1299 Scriptura
805 1223 1170 1281 testimonium
1211 1219 1462 1282 aﬁ‘erens,
1491 1231 1556 1271 ac
1589 1215 1813 1280 docens,
1835 1210 2080 1282 quamvis

468 1312 474 1327 ³
499 1324 819 1384 esuriamus,
853 1317 1097 1390 quamvis
1122 1313 1266 1370 aliud
1294 1311 1566 1383 quidpiam
1596 1308 1895 1379 patiamur,
1919 1317 2080 1358 num-

493 1430 652 1486 quam
681 1429 710 1466 a
739 1411 964 1466 Domino
989 1404 1351 1462 absistendum
1375 1416 1514 1457 esse.

473 1522 479 1550 ι
514 1484 526 1486 _
567 1507 620 1560 5.
652 1502 807 1571 Quod
845 1503 891 1556 si
935 1501 1053 1570 quis
1076 1497 1304 1560 dixerit,
1350 1493 1512 1550 Certe
1552 1487 1835 1560 oportebat
1851 1487 1903 1542 id
1928 1484 2082 1542 exhi-

491 1597 659 1658 bere:
690 1592 1028 1665 respondebo
1065 1590 1163 1659 ipsi
1187 1587 1357 1651 ,Cur,
1405 1595 1460 1639 et
1483 1598 1586 1652 qua
1611 1581 1679 1636 de
1712 1580 1917 1637 causa?
1963 1577 2083 1633 Non

496 1691 665 1754 enim,
708 1697 764 1742 ut
788 1685 1052 1748 crederet,
1095 1679 1148 1734 id
1192 1679 1283 1734 ille
1311 1675 1562 1739 dicebat;
1608 1671 1705 1728 sed
1731 1678 1790 1725 ut
1818 1678 2080 1740 quantum

497 1780 849 1850 Opinabatnr,
921 1775 991 1830 de
1054 1769 1430 1828 incredulitate
1485 1767 1659 1835 ipsum
1715 1761 2080 1817 convinceret.

498 1849 939 1940 Quandoquidem
983 1864 1187 1935 primos
1209 1859 1454 1922 homines
1484 1857 1562 1912 sic
1616 1852 1858 1922 decepit.
1901 1859 1957 1906 ct
1991 1849 2086 1904 de-

500 1961 816 2020 monstravit
845 1960 988 2028 ipsos
1011 1971 1118 2011 non
1144 1954 1374 2008 multum
1394 1950 1506 2004 Deo
1534 1946 1776 2001 credere.
1796 1943 1930 1998 Nam
1959 1957 2088 1997 con-

499 2057 662 2112 traria
693 2056 756 2108 iis
780 2068 900 2123 qua:
933 2051 1073 2106 Deus
1109 2045 1452 2114 dixeratipse
1483 2040 1788 2111 pollicitus,
1818 2036 1963 2090 inani
1987 2049 2083 2090 eos

501 2161 598 2217 Spe
628 2144 841 2206 inllans,
874 2149 1034 2209 atque
1078 2139 1129 2193 in
1160 2134 1588 2190 incredulitatem
1633 2129 1924 2196 conjiciens
1949 2167 1963 2190 ,
2009 2125 2086 2178 sic

501 2239 661 2292 etiam
689 2251 754 2290 ex
794 2235 857 2288 iis
887 2247 1005 2302 quae
1034 2227 1383 2301 possidebant
1428 2223 1584 2277 bonis
1614 2219 1834 2290 dejccit.
1887 2217 2084 2271 Verum

501 2329 748 2384 Christus
775 2341 898 2380 sese
922 2329 1204 2384 monstrat,
1227 2331 1401 2385 neque
1431 2313 1664 2376 diabolo,
1695 2325 1865 2379 neque
1883 2306 2088 2362 Judaeis

503 2421 690 2475 eadem
720 2432 838 2486 quae
859 2413 1100 2469 diabolus
1115 2407 1467 2465 sentientibus
1491 2404 1972 2472 obtemperantem,
1994 2411 2091 2452 nos

503 2511 704 2579 ubique
729 2507 952 2569 docens,
985 2499 1195 2557 etiamsi
1217 2498 1485 2570 possimus
1509 2493 1707 2564 aliquid
1735 2490 1970 2561 operari,
2003 2488 2088 2541 ni—

508 2601 582 2656 hil
609 2610 788 2655 tamen
819 2605 1022 2650 temere
1047 2602 1102 2648 et
1123 2592 1239 2646 sine
1265 2604 1423 2643 causa
1445 2584 1751 2640 faciendum
1779 2597 1901 2636 esse
1923 2621 1939 2645 ,
1981 2579 2090 2634 imo

507 2705 611 2747 nec
634 2691 678 2744 si
701 2687 993 2744 necessitas
1018 2685 1198 2746 instet,
1216 2679 1428 2735 diabolo
1448 2691 1569 2732 esse
1590 2669 2087 2742 obtemperandum.

508 2782 646 2852 Quid
670 2781 846 2849 agitur
873 2774 1236 2834 exsecrandus
1264 2773 1354 2826 ille
1370 2771 1543 2824 victus
1569 2767 1696 2822 fecit
1721 2767 1745 2820 ?
1798 2765 2088 2832 Postquam

509 2877 736 2932 suadere
763 2889 867 2928 non
901 2877 1153 2941 potuerat
1177 2875 1235 2919 ut
1258 2865 1466 2933 jussum
1493 2866 1898 2930 exsequeretur,
1929 2855 2092 2909 etiam

510 2977 656 3024 tanta
683 2968 916 3021 instanle
941 2963 1104 3024 fame,
1139 2960 1208 3014 ad
1233 2956 1376 3012 aliud
1401 2950 1880 3026 proceditdicens:
1929 2947 1982 3002 6.
2030 2946 2091 3001 Si

510 3060 680 3116 Filius
705 3057 803 3112 Dei
830 3073 902 3123 es,
925 3056 1072 3108 vmitte
1101 3062 1148 3106 te
1180 3051 1436 3105 deorsum.
1488 3045 1752 3115 Scriptum
1795 3051 1870 3096 est
1911 3040 2044 3094 enim
2069 3053 2088 3092 :

514 3149 767 3218 Quoniam
809 3144 1002 3216 angelis
1044 3141 1153 3202 suis
1197 3137 1457 3193 mandavit
1507 3134 1571 3188 de
1597 3144 1675 3199 te,
1706 3141 1752 3186 et
1779 3133 1833 3185 in
1860 3130 2093 3184 manibus

511 3240 686 3294 tollent
707 3249 755 3292 te
791 3237 955 3308 (Psal.
984 3234 1072 3290 90.
1099 3232 1213 3300 11).
1267 3231 1375 3284 Cur
1430 3226 1658 3296 singulis
1704 3222 2091 3280 tentationibus

517 3331 622 3385 hoc
646 3327 944 3402 pra-mittit,
970 3325 1030 3380 Si
1063 3322 1230 3378 Filius
1261 3321 1355 3374 Dei
1378 3319 1476 3374 es?
1520 3315 1672 3384 Quod
1699 3315 1810 3385 jam
1837 3314 1986 3384 prius
2014 3311 2093 3369 fe-

511 3401 679 3487 cerat,
699 3419 753 3474 id
777 3427 832 3474 et
850 3432 990 3473 nunc
1017 3416 1160 3476 facit.
1189 3413 1339 3468 Sicut
1365 3411 1506 3465 enim
1529 3419 1656 3463 tunc
1690 3407 1802 3462 Deo
1832 3401 2092 3461 detrahe-

513 3511 607 3569 bat
632 3511 714 3568 his
739 3509 938 3576 verbis,
984 3507 1307 3576 Quacumque
1333 3504 1414 3556 die
1461 3499 1776 3555 comederitis
1798 3539 1814 3563 ,
1865 3497 2097 3567 aperien-

516 3616 600 3662 tur
647 3603 779 3660 oculi
819 3602 966 3656 uestri
1009 3599 1164 3668 (Gen.
1191 3599 1244 3653 5.
1276 3596 1381 3665 5);
1431 3595 1516 3648 his
1573 3590 1860 3647 ostendere
1913 3588 2098 3642 volens

515 3699 663 3766 ipsos
707 3694 958 3764 deceptos
988 3706 1052 3747 ac
1075 3690 1291 3744 delusos
1337 3685 1532 3750 fuisse,
1576 3682 1814 3750 nihilque
1854 3677 2096 3734 benelicii

517 3787 826 3857 accepisse:
857 3785 928 3838 ita
980 3791 1035 3836 et
1059 3781 1148 3835 hic
1182 3779 1411 3848 idipsum
1455 3773 1799 3830 subindicans
1839 3771 1913 3825 ait
1958 3787 1974 3823 :
2023 3769 2102 3823 'l'e

519 3878 714 3935 frustra
743 3875 912 3931 ﬁlium
938 3871 1187 3934 vocavit,
1218 3883 1282 3922 ac
1326 3867 1468 3921 dono
1499 3874 1550 3919 te
1580 3863 1766 3918 fefellit
1796 3883 1809 3918 :
1861 3869 2008 3915 certe
2055 3859 2102 3914 si

426 4019 435 4027 .
519 3985 628 4024 non
661 3968 733 4024 ita
763 3981 823 4022 se
848 3980 935 4020 res
951 3963 1170 4028 habeat,
1201 3957 1456 4015 ostendas
1491 3955 1648 4011 nobis
1675 3962 1892 4025 oportet
1939 3964 1992 4008 te
2017 3962 2100 4006 ta-

520 4062 628 4118 lem
673 4058 874 4114 habere
927 4062 1268 4125 potestatem.
1299 4047 1501 4104 Deinde
1529 4089 1545 4114 ,
1567 4046 1824 4117 quoniam
1853 4060 1921 4100 ex
1950 4042 2100 4099 Scri-

521 4154 693 4225 pturis
720 4153 890 4221 ipsum
926 4148 1230 4218 alloquutus
1250 4151 1396 4211 erat,
1424 4142 1541 4212 ipse
1569 4153 1783 4210 quoque
1830 4136 2106 4207 propheta:

524 4244 882 4302 testimonium
908 4240 1086 4298 affert.

593 4337 838 4393 Diabolus
857 4352 943 4404 per
967 4332 1260 4404 patientiam
1277 4338 1650 4400 superatur.—
1667 4323 1776 4381 Cur
1800 4338 1929 4394 ergo
1952 4321 2110 4378 Chri-

525 4440 640 4484 stus
685 4443 788 4482 non
831 4425 1164 4494 indignatus,
1197 4437 1301 4474 non
1329 4426 1674 4495 exasperatus
1701 4423 1822 4482 est,
1853 4413 1948 4470 sed
1985 4417 2109 4468 cum

474 4555 479 4582 ε
527 4516 933 4576 mansuetudine
962 4514 1123 4570 multa
1156 4524 1339 4567 rursus
1361 4524 1427 4564 ex
1467 4507 1758 4577 Scripturis
1785 4505 1956 4574 ipsum
1979 4504 2110 4557 allo-

475 4603 481 4632 ¹
526 4612 728 4682 quitur,
756 4609 980 4663 dicens:
1004 4607 1057 4659 7.
1090 4603 1210 4658 Non
1239 4599 1448 4655 tentabis
1477 4597 1754 4652 Dominum
1780 4595 1941 4650 Deum
1968 4605 2109 4647 tuum

528 4702 707 4773 (Deut.
735 4701 790 4755 6.
815 4698 939 4772 l6)?
971 4697 1039 4753 Ut
1067 4712 1163 4750 nos
1197 4693 1409 4757 doceat,
1441 4705 1548 4745 non
1569 4704 1664 4760 per
1685 4689 1857 4758 signa,
1890 4685 1984 4742 sed
2017 4700 2112 4755 per

527 4792 840 4867 patientiam
869 4785 1230 4858 superandum
1257 4783 1530 4839 diabolum
1555 4795 1696 4845 esse,
1729 4779 1964 4848 nihilque
1987 4792 2108 4831 om-

527 4887 656 4942 nino
700 4883 768 4939 ad
796 4881 1206 4938 ostentationem
1236 4891 1358 4932 esse
1403 4872 1725 4930 faciendum.
1777 4869 1904 4939 Ejus
1951 4883 2114 4938 porro

528 4975 812 5032 stultitiam
839 4973 923 5028 vel
944 4972 1011 5026 ab
1035 4986 1102 5026 eo
1129 4967 1268 5039 quod
1294 4966 1470 5021 attulit
1499 4961 1804 5019 testimonio
1820 4960 2110 5030 perpende.

527 5065 659 5123 Nam
686 5062 985 5120 testimonia
1011 5076 1041 5115 a
1061 5059 1285 5115 Domino
1311 5057 1469 5112 allata
1502 5056 1659 5110 ambo
1689 5051 1978 5107 admodum
2018 5065 2118 5121 op-

528 5167 757 5230 portune
777 5154 1009 5212 adhibita
1038 5160 1194 5216 sunt;
1219 5164 1336 5224 quae
1363 5157 1540 5206 autem
1566 5147 1634 5201 ab
1653 5146 1744 5200 illo
1767 5151 2114 5214 usurpantur,

530 5260 733 5306 temere
759 5256 814 5304 et
837 5242 1404 5317 inepleproferuntur,
1434 5252 1532 5293 nec
1557 5237 1622 5292 ad
1647 5251 1762 5292 rem
1786 5234 2112 5305 propositam

533 5339 936 5399 accommodata
964 5347 1108 5394 sunt.
1133 5334 1317 5404 Neque
1341 5332 1484 5388 enim
1515 5328 1643 5384 illud
1663 5369 1680 5395 ,
1719 5327 1980 5397 Scriptum
2007 5333 2080 5379 est
2099 5365 2117 5393 ,

536 5432 744 5504 Angelis
767 5431 873 5485 suis
899 5426 1156 5482 mandauit
1197 5424 1261 5477 de
1307 5432 1375 5489 te,
1413 5419 1602 5476 suadet
1625 5431 1745 5473 sese
1788 5416 2117 5487 praecipitem

536 5525 667 5581 dare
696 5540 712 5578 :
742 5521 976 5592 alioquin
1002 5533 1131 5575 vero
1158 5533 1264 5571 non
1286 5515 1354 5570 de
1385 5513 1612 5568 Domino
1637 5510 1741 5566 hoc
1777 5509 1989 5564 dicitur.
2019 5509 2117 5562 At-

543 5630 719 5674 tamen
746 5617 848 5672 hoc
865 5615 964 5671 ille
1007 5628 1114 5668 non
1139 5608 1353 5673 refellit,
1385 5604 1487 5666 etsi
1510 5601 1895 5659 contumeliose
1937 5598 2123 5655 diabo-

545 5711 629 5767 lus
652 5709 794 5764 dicto
817 5722 945 5762 usus
961 5703 1168 5770 fuisset,
1191 5700 1451 5769 valdeque
1471 5695 1740 5751 contrario
1756 5708 1937 5757 sensu.
1955 5691 2123 5749 Nemo

602 5822 623 5856 ί
656 5828 804 5884 Unus,
825 5820 912 5872 sed
933 5817 1069 5872 illum
1086 5813 1282 5882 placide
1301 5807 1570 5875 redarguit,
1594 5805 1777 5862 dicens.

1220 374 1278 431 S.
1315 368 1598 429 JOANNIS
1633 362 2108 423 CHRYSOSTOMI
2146 362 2460 426 ARCIIIEP.
2510 358 3048 418 CONSTANTINOP.

3655 362 3767 417 212

2179 477 2321 532 enim
2351 494 2382 532 a
2415 477 2547 532 Filio
2578 477 2670 532 Dei
2707 476 2808 532 hoc
2836 477 3001 547 petit,
3029 475 3123 532 sed
3142 474 3339 532 diaboli
3373 483 3428 529 ct
3457 475 3768 534 daemonum

2176 571 2459 626 consilium
2476 577 2559 624 est
2578 585 2637 625 se
2662 569 2918 624 deorsum
2948 569 3158 622 mittere
3182 585 3195 622 :
3226 568 3318 622 Dei
3346 583 3496 635 vero,
3526 569 3772 638 iacentes

2177 664 2406 732 erigere.
2434 663 2565 717 Nam
2599 663 2642 718 si
2677 663 2964 732 potentiam
2993 660 3278 716 ostendere
3317 671 3624 731 oporteret,
3659 681 3771 719 non

2178 755 2412 823 seipsum
2443 753 2728 818 mittendo,
2748 752 2832 808 vel
2854 752 3256 828 praecipitando,
3275 752 3369 808 sed
3387 753 3524 808 alios
3548 769 3767 808 servari-

2178 846 2272 912 do,
2302 845 2352 900 id
2374 846 2608 906 fecisset.
2649 844 2896 914 Seipsum
2922 847 3065 900 enim
3099 845 3149 902 in
3191 855 3458 916 praerupta
3484 856 3537 900 ct
3579 848 3782 916 pra'cis

2180 939 2309 1008 pitia
2352 937 2583 1002 mittere,
2610 936 2677 990 ad
2705 936 2898 998 diaboli
2933 937 3250 1006 phalangem
3279 939 3528 1008 pertinet.
3555 939 3643 994 Sic
3677 940 3777 1008 igi-

2181 1035 2270 1082 tur
2323 1027 2416 1082 ille
2445 1027 2696 1082 seductor
2721 1027 2918 1096 ubique
2946 1043 3107 1097 agere
3135 1029 3286 1082 solet.
3323 1029 3429 1084 Sed
3469 1029 3552 1083 his
3591 1031 3772 1094 dictis,

2181 1119 2428 1176 Christus
2454 1135 2560 1174 non
2585 1135 2644 1174 se
2671 1130 2847 1173 tamen
2874 1120 3096 1182 revelat,
3123 1121 3216 1175 sed
3237 1123 3390 1190 quasi
3419 1122 3577 1176 homo
3606 1125 3654 1177 ei
3687 1125 3776 1176 in—

2184 1211 2338 1266 terim
2365 1212 2616 1281 loquitur.
2644 1211 2778 1266 Nam
2795 1211 2935 1280 quod
2962 1211 3114 1279 dixit,
3149 1211 3269 1266 Non
3293 1213 3345 1266 in
3363 1215 3473 1266 solo
3503 1231 3633 1284 pane
3649 1217 3778 1267 vivet

2185 1304 2357 1369 homo,
2387 1312 2545 1374 atque
2567 1303 2718 1368 illud,
2739 1302 2861 1356 Non
2885 1303 3094 1357 tentabis
3123 1302 3395 1358 Demittunt
3419 1304 3580 1358 Deum
3605 1316 3775 1368 tuum,

2185 1409 2296 1449 non
2323 1409 2445 1450 sese
2471 1395 2758 1461 admodum
2808 1394 3197 1449 manifestantis
3240 1404 3378 1459 erat,
3416 1397 3509 1450 sed
3543 1413 3664 1452 sese
3705 1414 3777 1451 ex

2185 1493 2502 1540 eteterorum
2531 1484 2806 1540 hominum
2831 1501 3054 1540 numero
3081 1485 3424 1541 declarantis.
3455 1487 3532 1541 Nc
3561 1489 3778 1543 mireris

2187 1589 2350 1645 porro
2373 1576 2420 1630 si
2448 1575 2722 1630 Christum
2751 1577 3049 1646 alloquens,
3083 1591 3142 1631 se
3167 1577 3367 1642 circum
3399 1595 3542 1648 saepe
3577 1589 3778 1634 vertat.

2187 1666 2648 1735 Quemadmodum
2681 1669 2823 1722 enim
2853 1669 3080 1738 pugiles,
3127 1683 3248 1723 cum
3282 1669 3456 1726 letalia
3506 1673 3783 1741 accipiunt

2187 1759 2413 1820 vulnera
2436 1800 2452 1824 ,
2483 1759 2798 1828 sanguinem
2858 1760 3388 1826 circumemittentes,
3421 1774 3474 1816 et
3518 1767 3783 1834 vertigine

2189 1849 2331 1919 capti
2356 1848 2806 1904 circumferuntur
2833 1864 2848 1904 :
2882 1851 2958 1904 sic
2989 1861 3043 1917 et
3072 1852 3161 1906 ille
3201 1867 3231 1905 a
3263 1855 3428 1922 prima
3461 1863 3515 1908 et
3544 1857 3782 1911 secunda

2191 1939 2344 2011 plaga
2367 1939 2768 2006 obtenebratus,
2797 1956 2916 2010 quae
2946 1942 2999 1994 in
3046 1953 3278 2008 mentem
3309 1945 3530 2000 veniunt
3575 1947 3784 2017 simpli-

2190 2037 2325 2092 citer
2354 2037 2592 2104 profert,
2619 2044 2674 2091 et
2709 2035 2775 2089 ad
2805 2036 3020 2090 tertium
3047 2052 3396 2107 congressum
3429 2041 3693 2108 procedit.
3721 2045 3782 2095 8.

2189 2127 2260 2182 Et
2276 2137 2535 2193 assumpto
2557 2143 2613 2180 eo
2639 2127 2690 2179 in
2716 2136 2934 2198 montem
2960 2128 3212 2184 excelsum
3238 2169 3252 2193 ,
3277 2130 3500 2196 ostendit
3538 2131 3584 2182 ei
3610 2132 3786 2185 omnia

2190 2236 2347 2290 regna
2369 2219 2384 2248 ¹
2406 2235 2420 2284 ;
2445 2218 2496 2272 9.
2523 2229 2568 2271 et
2585 2218 2714 2270 dixit
2743 2216 2908 2271 :Hazc
2931 2219 3101 2271 omnia
3127 2219 3213 2272 tibi
3234 2219 3364 2272 dabo
3389 2222 3431 2274 si
3453 2222 3635 2275 cadens
3655 2225 3789 2274 ado-

2191 2309 2380 2362 raveris
2409 2324 2504 2361 me.
2530 2309 2615 2362 i0.
2640 2308 2782 2361 Tunc
2805 2309 2926 2362 dicit
2957 2310 3000 2361 ei
3029 2325 3048 2362 :
3088 2308 3228 2362 Vade
3270 2321 3402 2363 retro
3443 2328 3538 2372 me,
3580 2323 3782 2365 satana.

2193 2401 2454 2467 Scriptum
2473 2411 2545 2454 est
2565 2402 2694 2454 enim
2719 2417 2738 2454 :
2764 2399 3037 2454 Dominum
3072 2401 3234 2454 Deum
3264 2412 3404 2454 tuum
3434 2405 3670 2456 adorabis
3689 2447 3704 2468 ,
3738 2416 3790 2458 et

2192 2495 2270 2548 illi
2298 2494 2392 2546 soli
2421 2493 2602 2546 seruies
2626 2491 2800 2564 (Deut.
2821 2494 2873 2547 6.
2901 2495 3008 2562 15).
3037 2493 3168 2560 Quia
3200 2495 3340 2548 enim
3363 2495 3473 2566 jam
3494 2497 3542 2549 in
3571 2497 3788 2550 Patrem

2193 2588 2366 2658 ipsum
2397 2595 2750 2656 peccaverat,
2802 2590 2978 2640 omnia
3007 2604 3127 2657 quae
3171 2587 3312 2641 illius
3341 2599 3493 2642 erant
3530 2604 3623 2642 sua
3663 2605 3791 2645 esse

2193 2680 2399 2746 dicens,
2431 2688 2486 2734 et
2522 2694 2580 2733 se
2612 2678 2770 2733 deum
2803 2678 3036 2747 proﬁteri
3063 2680 3346 2746 studebat,
3377 2689 3436 2734 ut
3481 2693 3790 2736 creatorem

2196 2774 2454 2839 universi,
2483 2786 2615 2840 tunc
2664 2774 2995 2842 increpavit;
3053 2790 3226 2844 neque
3256 2790 3376 2829 cum
3420 2776 3788 2840 vehementia,

2195 2865 2289 2922 sed
2318 2865 2632 2936 simpliciter
2657 2881 2670 2918 :
2711 2863 2851 2918 Vade
2876 2875 3008 2918 retro
3035 2882 3131 2932 me,
3176 2876 3376 2919 satana.
3397 2868 3548 2933 Quod
3577 2868 3791 2937 jussum

2195 2958 2364 3028 magis
2404 2965 2559 3020 erat,
2613 2971 2774 3026 quam
2827 2957 3142 3026 increpatio.
3186 2957 3353 3019 Simul
3385 2960 3583 3030 quippe
3629 2961 3789 3023 dixit.

2206 3048 2366 3115 Vade,
2393 3057 2448 3104 et
2475 3049 2672 3119 fugavit
2697 3049 2864 3103 illum.
2887 3048 3070 3120 Neque
3085 3049 3227 3104 enim
3249 3050 3381 3104 alias
3407 3051 3506 3121 ipsi
3539 3054 3796 3106 tentatio-

2197 3155 2295 3196 nes
2324 3141 2534 3196 obtulit.

2267 3235 2322 3289 4.
2350 3232 2615 3300 Quomodo
2643 3233 2872 3288 Christus
2895 3250 3092 3288 omnem
3117 3237 3437 3292 tentationem
3465 3253 3794 3292 consumma-

2198 3327 2342 3381 verit.
2371 3325 2560 3380 Contra
2588 3323 2804 3379 habendi
2825 3326 3244 3396 cupiditatem.—
3264 3327 3330 3382 Et
3353 3330 3656 3397 quomodo.
3706 3331 3793 3383 in-

2199 3418 2371 3488 quies,
2401 3417 2573 3472 Lucas
2598 3417 2694 3483 ait,
2721 3417 2893 3486 ipsum
2916 3434 3129 3472 omnem
3163 3420 3510 3476 tentationem
3538 3437 3796 3477 consum-

2201 3510 2433 3564 mavisse
2460 3508 2611 3578 (Luc.
2645 3509 2697 3564 4.
2730 3510 2866 3580 i5)?
2896 3509 3118 3564 Videtur
3161 3512 3292 3565 mihi
3323 3521 3379 3565 ut
3405 3514 3575 3581 capita
3617 3524 3797 3570 tenta-

2203 3603 2407 3657 tionum
2426 3600 2649 3666 diceret,
2667 3615 2854 3656 omnes
2881 3601 3100 3668 dixisse,
3124 3603 3272 3672 quasi
3296 3603 3416 3656 aliis
3439 3604 3538 3659 hoc
3567 3623 3798 3661 numero

2202 3694 2624 3764 comprehensis.
2652 3693 2784 3752 Nam
2809 3693 2920 3748 haec
2943 3694 3102 3756 mala,
3123 3695 3398 3750 innumera
3427 3697 3526 3749 alia
3555 3699 3800 3768 comple-

2203 3796 2439 3854 ctuntur,
2462 3786 2633 3841 ventri
2657 3786 2879 3849 servire,
2905 3785 2971 3839 ad
2995 3802 3182 3850 vanam
3208 3788 3429 3856 gloriam
3459 3789 3581 3857 quid
3611 3805 3795 3858 agere,

2204 3879 2406 3934 furioso
2441 3878 2782 3947 pecuniarum
2827 3891 3011 3932 amore
3057 3879 3247 3931 lcueri.
3297 3877 3447 3944 Quod
3475 3894 3596 3932 cum
3626 3880 3799 3936 sciret

2204 3971 2502 4034 sceleratus
2553 3970 2670 4035 ille,
2721 3969 2970 4027 omnibus
3011 3969 3381 4036 valentiorem,
3437 3972 3798 4028 insatiabilem

2207 4064 2437 4120 habendi
2463 4062 2832 4134 cupiditatem,
2855 4063 3094 4117 ultimam
3123 4064 3328 4132 pesuit;
3362 4064 3411 4118 id
3435 4063 3546 4133 jam
3580 4075 3706 4120 ante
3742 4077 3800 4120 et

2206 4170 2237 4211 a
2268 4155 2528 4226 principio
2566 4155 2886 4224 parturiens,
2935 4153 3028 4208 sed
3072 4165 3399 4223 postremum
3430 4170 3672 4222 servans,
3709 4166 3801 4210 ut-

2209 4255 2333 4317 pote
2361 4245 2587 4300 validius
2621 4245 2851 4300 caeteris.
2898 4243 3024 4300 Haec
3048 4245 3246 4314 quippe
3292 4245 3456 4316 ipsius
3486 4248 3802 4302 certaminis

2209 4338 2294 4393 lex
2320 4347 2425 4405 est,
2470 4347 2528 4392 ut
2553 4353 2673 4407 qua:
2693 4336 2941 4398 videntur
2975 4336 3042 4391 ad
3087 4337 3532 4406 supplantandum
3563 4341 3800 4409 aptiora,

2209 4440 2480 4502 postrema
2505 4430 2712 4485 aﬁ'erat.
2744 4429 2895 4495 Quod
2926 4429 3085 4484 etiam
3123 4430 3262 4484 circa
3293 4429 3484 4484 Jobum
3533 4430 3678 4486 fecit.
3708 4432 3805 4486 ld-

2210 4521 2355 4577 circo
2381 4521 2467 4574 hic
2496 4535 2651 4577 orsus
2670 4521 2737 4575 ab
2764 4521 2828 4574 iis
2857 4536 2974 4591 qua:
3005 4520 3318 4575 videbantur
3341 4522 3632 4578 inﬁrmiora
3653 4539 3802 4590 esse,

2212 4613 2281 4668 ad
2309 4612 2570 4668 valentius
2595 4611 2855 4682 procedit.
2903 4612 3184 4680 Quomodo
3228 4624 3406 4667 autem
3450 4615 3551 4670 hoc
3599 4618 3804 4674 malum

2213 4705 2430 4761 vincere
2458 4703 2704 4773 oportet?
2735 4703 2802 4758 Ut
2823 4703 3071 4758 Christus
3090 4704 3291 4769 docuit,
3319 4704 3382 4758 ad
3415 4705 3581 4761 Deum
3613 4709 3809 4763 confu-

2215 4797 2408 4869 giendo
2453 4812 2470 4851 :
2521 4797 2591 4851 ita
2618 4804 2803 4851 utnec
2847 4798 2984 4851 fame
3012 4796 3378 4863 concidamus,
3419 4800 3705 4857 credentes
3753 4806 3810 4858 ei

2215 4891 2305 4961 qui
2336 4897 2514 4960 potest
2539 4889 2700 4944 etiam
2729 4889 2892 4946 verbo
2914 4902 3152 4958 pascere,
3189 4905 3288 4944 nec
3320 4890 3371 4943 in
3394 4890 3549 4947 bonis
3576 4910 3696 4963 qua:
3717 4910 3814 4950 ac.

2217 4989 2479 5060 cepimus,
2505 4988 2746 5054 datorem
2772 4997 3060 5054 tentemus;
3093 4987 3188 5052 sed
3217 5003 3446 5058 superna
3475 4988 3645 5058 gloria
3674 5004 3810 5044 con-

2220 5081 2374 5148 lenti,
2406 5079 2652 5147 humana:
2674 5081 2870 5150 nullam
2905 5081 3193 5138 habeamus
3213 5082 3498 5147 rationem,
3529 5090 3584 5136 et
3612 5082 3813 5152 ubique

2219 5172 2364 5242 quod
2388 5172 2714 5242 superﬂuum
2733 5181 2836 5234 est,
2856 5172 3238 5243 despiciamus.
3261 5171 3401 5226 Nihil
3425 5171 3566 5226 enim
3591 5171 3662 5224 ita
3691 5171 3813 5226 dia-

2220 5263 2347 5322 bolo
2375 5263 2649 5320 subditum
2685 5262 2881 5329 reddit,
2911 5272 2968 5318 ut
2992 5264 3312 5322 insatiabilis
3341 5261 3570 5317 habendi
3599 5263 3812 5332 cupidi-

2223 5364 2328 5422 tas,
2362 5365 2418 5411 et
2439 5355 2684 5412 avaritia.
2719 5355 2881 5426 quue
2907 5372 2971 5410 ex
3001 5356 3066 5410 iis
3089 5372 3208 5426 quae
3238 5370 3380 5410 nunc
3403 5354 3658 5410 eveniunt
3689 5370 3814 5410 cer-

2223 5462 2357 5503 nere
2412 5456 2515 5502 est.
2555 5445 2693 5500 Sunt
2726 5447 2876 5506 enim
2909 5447 3016 5515 .qui
3070 5447 3251 5514 dicant
3279 5461 3294 5504 :
3326 5445 3453 5500 llmc
3494 5447 3676 5501 omnia
3719 5447 3815 5502 tibi

2224 5537 2509 5604 dabimus,
2564 5537 2612 5593 si
2665 5536 2864 5592 cadens
2920 5537 3544 5592 adoraveriszhon'tines
3596 5537 3815 5607 quidem

2227 5639 2439 5694 natura,
2471 5628 2566 5683 sed
2607 5629 2962 5686 instrumenta
2992 5629 3188 5685 diaboli
3214 5629 3410 5694 effecti.
3447 5628 3579 5684 Nam
3609 5639 3664 5684 et
3690 5639 3820 5685 tunc

2291 5741 2307 5772 ²
2343 5747 2454 5809 post
2475 5741 2562 5810 bas
2585 5753 2746 5800 voces.
2771 5740 3121 5805 cautior-regna,
3144 5740 3338 5804 quidam
3357 5739 3555 5804 addunt,
3579 5741 3756 5792 πεπινιαὶ
3775 5747 3820 5794 et

2229 5799 2434 5867 gloriam
2458 5802 2580 5865 ejus.
