4050 6364
489 361 596 416 il?)

485 467 516 518 6
570 466 780 530 Λουκᾶς
807 465 983 537 δηλῶν
1031 463 1235 533 ἔλεγεν,
1275 465 1358 519 ὅτι
1389 465 1549 532 Ἕως
1585 467 1798 534 καιροῦ
1840 467 2078 536 ἀπέστη

486 545 592 598 ἀπ’
622 545 841 600 αὐτοῦ’
879 543 1057 616 δηλῶν
1088 545 1170 598 ὅτι
1206 548 1345 616 μετά
1380 545 1551 599 ταῦτα
1588 546 1675 600 διά
1716 547 1824 600 τῶν
1862 548 2080 601 οἰκείων

487 622 737 692 ὀργάνων
779 624 928 695 αὐτῷ
958 624 1210 696 προσῄει.
1256 624 1369 679 Καὶ
1418 624 1548 679 ἰδοὺ
1587 626 1833 694 ἄγγελοι
1889 641 2081 695 προσ-

488 700 704 769 ῆλθον,
760 704 858 761 καὶ
893 704 1224 771 διηκόνουν
1275 703 1458 769 αὐτῷ.
1501 703 1696 757 Ἠνίκα
1745 706 1854 775 γὰρ
1880 705 1949 758 τὰ
1983 706 2082 772 τῆς

487 782 799 852 προσϐολῆς
854 781 1084 851 ἐγίνετο,
1132 784 1235 836 οὐκ
1274 783 1457 837 εἴασεν
1506 784 1705 848 αὐτοὺς
1749 783 2078 853 φαίνεσθαι,

489 861 635 914 ὥστε
670 862 745 934 μὴ
767 861 940 934 ταύτῃ
971 862 1202 931 σοϐῆσαι
1246 865 1348 933 τὴν
1375 861 1554 934 ἄγραν
1575 879 1588 894 ·
1614 863 1803 934 ἐπειδὴ
1833 863 1890 917 δὲ
1915 863 2079 917 αὐτὸν

490 943 551 996 ἐν
574 941 776 995 ἅπασιν
802 941 1018 1012 ῆλεγξε,
1050 945 1146 995 καὶ
1189 941 1555 1012 δραπετεῦσαι
1603 943 1984 1014 παρεσκεύασε
2009 944 2079 1009 ⁸⁷,

489 1021 614 1074 τότε
647 1020 929 1091 φαίνονται
959 1023 1157 1074 ἐκεῖνοι
1179 1038 1190 1050 ·
1219 1022 1310 1075 ἵνα
1341 1021 1438 1075 καὶ
1466 1020 1614 1094 [173]
1652 1024 1715 1076 σύ
1747 1023 1944 1094 μάθῃς,
1999 1024 2082 1075 ὅτι

493 1101 588 1157 καὶ
625 1101 684 1154 σέ
717 1101 855 1172 μετά
883 1101 982 1165 τάς
1014 1103 1135 1155 κατ’
1155 1102 1363 1154 ἐκεῖνον
1391 1103 1436 1134 ⁸⁸
1475 1103 1634 1167 νίκας
1660 1103 1880 1172 ἄγγελοι
1909 1101 2082 1167 δέξον-

489 1198 606 1243 ται.
645 1180 965 1252 κροτοῦντες
994 1181 1088 1234 καὶ
1120 1179 1545 1252 δορυφοροῦντες
1573 1183 1630 1236 ἐν
1670 1181 1896 1236 ἅπασιν.
1925 1179 2084 1234 Οὐτω

491 1258 625 1329 γοῦν
645 1260 740 1313 καὶ
761 1259 852 1313 τὸν
875 1260 1126 1330 Λάζαρον
1156 1259 1297 1329 μετά
1320 1261 1421 1331 τὴν
1437 1261 1668 1332 κάμινον
1687 1263 1787 1331 τῆς
1807 1259 2084 1331 πτωχείας

494 1340 592 1394 καὶ
611 1338 706 1394 τοῦ
731 1338 891 1410 λιμοῦ
918 1340 1014 1392 καὶ
1052 1341 1154 1410 τῆς
1189 1340 1553 1411 στενοχωρίας
1584 1342 1820 1410 ἀπάσης,
1859 1339 2083 1409 ἄγγελοι

494 1419 754 1483 λαϐόντες
781 1419 1044 1489 ἀπῆλθον.
1079 1420 1257 1492 Ὅπερ
1284 1419 1394 1490 γάρ
1425 1418 1596 1491 ἐφθην
1623 1419 1814 1473 είπὼκ..
1843 1420 2014 1474 πολλὰ
2055 1421 2085 1473 6

494 1498 732 1570 Χριστὸς
775 1499 1150 1552 ἐπιδείκνυται
1185 1499 1301 1565 νῦν,
1337 1493 1414 1554 ὧν
1454 1499 1551 1552 καὶ
1587 1500 1750 1571 ἡμεῖς
1786 1499 2084 1554 ἀπολαύειν

500 1577 772 1650 μέλλομεν
794 1578 862 1632 ⁸⁸.
909 1579 1064 1633 Ἐπεὶ
1102 1574 1195 1632 οὖν
1233 1579 1407 1633 ταῦτα
1437 1581 1616 1636 πάντα
1656 1580 1744 1635 διά
1776 1580 1836 1633 σέ
1865 1581 2082 1650 γέγονε,

496 1657 742 1728 ζήλωσον
788 1656 882 1710 καὶ
915 1658 1152 1728 μίμησαι
1179 1657 1279 1730 τὴν
1317 1659 1498 1732 νίκην.
1533 1658 1654 1714 Κᾶν
1685 1658 1958 1732 προσέλθῃ
2001 1656 2085 1712 σοί

494 1754 581 1801 τις
627 1737 736 1790 τῶν
768 1734 860 1790 τοῦ
908 1737 1162 1806 δαίμονος
1215 1738 1426 1792 ἐκείνου
1467 1738 1842 1810 θεραπευτῶν,
1889 1740 1985 1793 καὶ
2016 1741 2088 1796 τά

496 1816 709 1869 ἐκείνου
756 1815 1120 1886 φρονούντων,
1147 1817 1426 1881 ὀνειδίζων
1473 1820 1568 1872 καὶ
1599 1818 1772 1887 λέγων
1794 1833 1808 1847 ·
1846 1818 1912 1871 Εἰ
1954 1819 2086 1874 θαυ-

499 1897 708 1968 μαστὸς
733 1893 785 1950 εἷ
807 1897 902 1950 καὶ
932 1896 1129 1968 μέγας,
1168 1899 1513 1970 μετάστησον
1534 1897 1597 1952 τὸ
1626 1898 1753 1969 δρος
1771 1917 1786 1932 ο
1814 1899 1888 1970 μὴ
1916 1917 2088 1972 ταρα-

495 1977 653 2046 χθῇς,
706 1977 842 2047 μηδὲ
890 1975 1201 2049 θορυϐηθῇς
1232 1995 1247 2009 ε
1308 1978 1447 2032 ἀλλά
1486 1978 1532 2010 ⁸⁸
1590 1977 1729 2049 μετά
1778 1980 2089 2045 ἐπιεικείας

495 2057 811 2126 ἀπόκριναι,
829 2055 923 2108 καὶ
943 2056 1066 2109 εἱπέ
1089 2057 1225 2129 ὅπερ
1247 2058 1289 2089 ⁸³
1316 2059 1408 2113 τοῦ
1429 2058 1702 2112 Δεσπότου
1729 2077 1822 2113 σου
1845 2063 2089 2133 ῆκουσας

494 2135 746 2203 λέγοντος
764 2151 778 2165 ’
816 2137 937 2189 Οὐκ
958 2135 1342 2206 ἐκπειράσεις
1369 2138 1592 2206 Κύριον
1613 2137 1722 2192 τὸν
1760 2141 1912 2194 Θεόν
1944 2155 2085 2195 σου.

493 2214 616 2271 Κᾶν
667 2215 878 2279 ἐκεῖνος
923 2214 1080 2280 δόξαν
1127 2217 1223 2269 καὶ
1255 2216 1575 2271 δυναστείαν
1626 2217 2086 2290 προϐαλλόμενος,

495 2296 592 2349 καὶ
623 2296 927 2367 χρημάτων
958 2295 1161 2367 πλῆθος
1187 2297 1436 2368 ἄπειρον,
1457 2296 1659 2370 κελεύῃ
1670 2299 1714 2330 ⁸³
1735 2299 2087 2368 προσκυνεῖν,

497 2375 660 2446 στῆθι
682 2375 846 2430 πάλιν
875 2377 1158 2444 γενναίως.
1202 2377 1340 2430 Οὐδέ
1371 2376 1482 2447 γάρ
1513 2377 1606 2431 ἐπὶ
1631 2376 1726 2432 τοῦ
1768 2377 1951 2432 κοινοῦ
1993 2381 2091 2432 Δε-

499 2455 699 2509 σπότου
745 2456 964 2510 πάντων
1015 2455 1175 2526 ήμῶν
1217 2454 1377 2508 τοῦτο
1417 2456 1721 2527 πεποίηκεν
1765 2459 1795 2511 6
1843 2457 2092 2522 διάϐολος

501 2538 684 2608 μόνον,
719 2539 858 2592 ἀλλά
891 2539 983 2593 καὶ
1018 2537 1142 2591 καθ’
1191 2538 1432 2611 ἑκάστην
1466 2539 1684 2611 ἡμέραν
1727 2540 1815 2610 ἐφ’
1853 2540 2090 2594 ἑκάστου

495 2619 609 2672 τῶν
654 2619 866 2674 ἐκείνου
894 2617 1099 2672 δούλων
1122 2617 1330 2681 ταύτας
1357 2619 1630 2689 προσάγει
1655 2617 1755 2683 τὰς
1797 2620 2049 2690 μηχανάς
2071 2635 2088 2652 ο

497 2700 600 2753 οὐκ
621 2701 680 2753 ἐν
713 2699 864 2772 ὄρεσι
902 2698 1063 2770 μόνον
1097 2699 1194 2750 καὶ
1216 2697 1262 2728 ⁸⁸
1301 2699 1361 2750 ἐν
1388 2697 1668 2769 ἐρημίαις,
1699 2699 1822 2753 οὐδὲ
1868 2699 1933 2752 δι’
1965 2701 2092 2754 ἑαυ-

496 2778 616 2844 τοῦ,
646 2777 782 2832 ἀλλά
815 2778 911 2830 καὶ
943 2778 1001 2829 ἐν
1046 2775 1268 2841 πόλεσι,
1321 2775 1416 2830 καὶ
1466 2777 1524 2830 ἐν
1569 2778 1830 2850 ἀγοραῖς,
1891 2779 1988 2832 καὶ
2033 2781 2094 2834 ἐν

497 2855 894 2928 δικαστηρίοις,
916 2855 1011 2909 καὶ
1035 2854 1124 2908 διά
1146 2854 1258 2909 τῶν
1290 2854 1573 2923 συγγενῶν
1598 2858 1733 2927 ἡμῖν
1763 2856 2088 2928 ἀνθρώπων.

500 2935 568 2988 Τί
596 2930 690 2989 οὖν
715 2935 798 2988 δεῖ
833 2936 1045 3000 ποιεῖν;
1097 2934 1375 2988 ’Δπιστεῖν
1404 2933 1555 3006 αὐτῷ
1580 2935 1833 3004 καθόλου,
1871 2938 1964 2991 καὶ
1992 2936 2094 3001 τάς

498 3014 673 3078 ἀκοάς
690 3013 1082 3085 ἀποφράττειν,
1115 3013 1210 3067 καὶ
1239 3013 1609 3068 κολακεύοντα
1636 3018 1834 3086 μισεῖν,
1857 3016 1950 3070 καὶ
1963 3017 2095 3070 ὅταν

505 3093 730 3165 μείζονα
756 3093 1182 3163 ἐπαγγέλληται,
1198 3092 1322 3146 τότε
1345 3092 1610 3164 μειζόνως
1627 3094 2094 3168 ἀποστρέφεσθαι.

513 3172 671 3226 ’Ene}.
727 3173 824 3225 καί
873 3171 971 3244 τὴν
1006 3170 1189 3238 Εὕαν,
1240 3173 1330 3226 ὅτε
1385 3171 1623 3243 μάλιστα
1672 3175 1845 3248 ἐπῆρε
1891 3177 2013 3240 ταῖς
2049 3175 2098 3208 ⁸⁸

501 3252 708 3317 ἐλπίσι,
749 3252 869 3305 τότε
913 3251 1201 3317 κατέϐαλε,
1249 3251 1346 3306 καὶ
1399 3252 1469 3306 τά
1515 3253 1750 3322 μέγιστα
1803 3255 2098 3325 εἰργάσατο

422 3403 430 3410 _
502 3331 672 3387 κακά.
703 3331 813 3385 Καὶ
841 3330 952 3404 γάρ
987 3330 1181 3404 ἐχθρός
1225 3332 1374 3385 ἐστιν
1411 3330 1698 3398 ἄσπονδος,
1727 3333 1823 3387 καὶ
1861 3335 2099 3406 πόλεμον

502 3412 818 3483 ἀκήρυκτον
845 3410 1133 3476 ἀνεδέξατο
1169 3410 1215 3442 ⁸⁸
1250 3411 1390 3476 πρὸς
1422 3412 1595 3482 ἡμᾶς.
1639 3412 1752 3466 Καὶ
1782 3413 1881 3484 οὐχ
1925 3413 2098 3480 οὕτως

503 3493 668 3562 ἡμεῖς
714 3487 1094 3561 σπουδάζομεν
1125 3488 1269 3561 ὑπὲρ
1304 3491 1404 3562 τῆς
1439 3489 1654 3544 ἑαυτῶν
1685 3493 1985 3564 σωτηρίας.
2021 3493 2100 3558 ὡς

504 3573 716 3634 ἐκεῖνος
749 3569 892 3642 ὑπὲρ
911 3570 1012 3640 τῆς
1043 3569 1321 3633 ἀπωλείας
1343 3570 1444 3642 τῆς
1465 3570 1761 3642 ἡμετέρας.
1806 3573 2101 3645 Ἀποστρα-

504 3649 702 3721 φῶμεν
746 3649 926 3704 τοίνυν
976 3649 1162 3715 αὐτὸν,
1211 3649 1286 3720 μὴ
1337 3651 1547 3722 ῥήμασι
1597 3651 1782 3722 μόνον,
1829 3651 1968 3707 ἀλλά
2003 3652 2101 3707 καὶ

506 3730 690 3802 ἐργοις
711 3746 726 3761 ο
765 3730 840 3801 μὴ
871 3730 920 3762 ⁸⁸
950 3728 1180 3802 διανοίᾳ,
1207 3729 1344 3783 ἀλλά
1367 3730 1466 3783 καὶ
1489 3729 1753 3802 πράξεσι⁹
1796 3732 1894 3786 καὶ
1931 3733 2100 3804 μηδὲν

507 3811 757 3881 ποιῶμεν
799 3808 911 3864 τῶν
944 3810 1141 3881 ἐκείνῳ
1176 3809 1513 3864 δοκούντων
1564 3809 1709 3864 οὕτω
1756 3810 1868 3882 γὰρ
1921 3811 2101 3865 πάντα

506 3891 809 3962 ποιήσομεν
827 3889 899 3943 τά
927 3889 1006 3962 τῷ
1028 3889 1149 3961 Θεῷ
1186 3889 1470 3944 δοκοῦντα.
1507 3891 1621 3945 Καὶ
1649 3891 1756 3963 γάρ
1787 3891 1883 3944 καὶ
1928 3893 2102 3960 ἑπαγ-

508 3969 758 4040 γέλλεται
784 3968 980 4036 πολλὰ,
1001 3969 1101 4041 οὐχ
1125 3970 1213 4024 ἴνα
1236 3969 1332 4041 δῷ,
1359 3968 1476 4023 ἀλλ’
1502 3969 1590 4025 Eva
1609 3969 1772 4044 λάϐῃ.
1808 3971 2102 4043 Ἔπαγγέλ-

509 4051 660 4106 λεται
706 4050 767 4118 ἐξ
799 4049 1089 4124 ἁρπαγῆς,
1135 4050 1225 4105 ἵνα
1267 4049 1539 4120 ἀφέληται
1576 4049 1857 4120 βασιλείαν
1885 4052 1980 4105 καὶ
2022 4052 2103 4106 δι-

509 4131 832 4204 καιοσύνηνο
890 4130 986 4185 καὶ
1026 4130 1241 4202 τίθησιν
1293 4130 1484 4202 ῶσπερ
1516 4130 1670 4194 τινὰς
1723 4129 1960 4198 παγίδας
2005 4131 2102 4185 καὶ

510 4213 763 4285 θήρατρα
808 4211 1122 4283 θησαυροὺς
1161 4212 1219 4264 ἐν
1249 4213 1318 4282 τῇ
1353 4213 1448 4283 γῇ,
1492 4209 1582 4264 ἵνα
1614 4209 1710 4264 καὶ
1749 4209 1957 4265 τούτων
2007 4212 2103 4266 καὶ

509 4293 619 4346 τῶν
640 4292 698 4346 ἑν
719 4292 834 4354 τοῖς
853 4291 1104 4362 οὐρανοῖς
1119 4291 1476 4364 ἀποστερήσῃ
1499 4289 1792 4362 θησαυρῶν
1815 4307 1831 4322 ο
1860 4291 1956 4344 καὶ
1979 4289 2103 4360 βού-

509 4371 663 4425 λεται
694 4369 931 4426 ἐνταῦθα
961 4370 1235 4428 πλουτεῖν.
1276 4371 1365 4424 ἵνα
1402 4371 1478 4441 μὴ
1511 4369 1910 4442 πλουτήσωμεν
1961 4371 2098 4426 ἐκεῖ.

512 4450 632 4505 Κᾶν
661 4449 737 4520 μὴ
757 4448 959 4520 δυνηθῇ
981 4447 1071 4502 διά
1102 4447 1336 4502 πλούτου
1357 4449 1458 4516 τῆς
1495 4447 1616 4501 ἐκεῖ
1639 4445 1847 4518 λήξεως
1883 4448 2031 4518 ἡμᾶς
2055 4445 2099 4480 ⁸⁷

511 4529 785 4590 ἐκϐαλεῖν,
826 4526 1021 4597 ἑτέραν
1053 4525 1274 4598 ἔρχεται
1317 4525 1420 4598 τὴν
1459 4524 1547 4580 διὰ
1574 4525 1676 4596 τῆς
1714 4525 1907 4588 πενίας
1935 4525 2052 4578 όδόν
2081 4539 2100 4559 ο

510 4608 649 4680 δπερ
683 4607 778 4662 ἐπὶ
802 4606 896 4660 τοῦ
940 4605 1062 4659 ἰὼϐ
1090 4607 1410 4677 πεποίηκεν.
1452 4605 1670 4676 Ἐπειδὴ
1693 4604 1803 4677 γὰρ
1827 4602 1989 4671 εῐδεν,
2017 4605 2100 4660 ὅτι

511 4688 664 4744 οὐδὲν
694 4687 900 4741 αὐτδνδ
916 4685 1146 4749 πλοῦτος
1173 4681 1424 4757 ἠδίκησε,
1450 4684 1539 4738 διὰ
1564 4685 1666 4754 τῆς
1696 4685 1890 4748 πενίας
1911 4685 2102 4738 πλέκει

511 4766 583 4838 τά
625 4767 840 4830 δίκτυα,
890 4765 1102 4820 ἐκεῖθεν
1135 4765 1304 4819 αὐτοῦ
1352 4763 1710 4836 περιέσεσθαι
1743 4764 2100 4838 προσδοκῶν·

511 4837 574 4898 οὗ
612 4844 667 4898 τί
690 4843 890 4913 γένοιτ’
923 4841 991 4896 ἂν
1027 4841 1424 4913 άνοητότερον;
1466 4841 1525 4895 Ὀ
1553 4840 1664 4912 γὰρ
1684 4837 1914 4896 πλοῦτον
1940 4841 2103 4914 δυνη-

512 4925 629 4988 θεὶς
655 4924 901 4991 ἐνεγκεῖν
925 4923 1242 4994 σωφρόνως,
1285 4919 1468 4992 πολλῷ
1499 4921 1702 4992 μᾶλλον
1735 4921 1932 4975 πενίαν
1961 4922 2099 4977 οίσει

511 5003 804 5074 γενναίωςο
841 5002 936 5058 καὶ
961 5005 990 5056 6
1015 5002 1301 5074 παρόντων
1321 5002 1423 5056 οὐκ
1463 5000 1751 5073 ἐπιθυμῶν
1771 5003 2094 5072 χρημάτων,

510 5085 635 5140 οὐδὲ
656 5084 865 5139 ἀπόντα
898 5083 945 5115 ⁸⁸
970 5081 1196 5152 ζητήσει
1215 5095 1230 5109 ⁸
1263 5080 1452 5152 ῶσπερ
1481 5075 1573 5134 οὖν
1601 5081 1724 5135 οὐδὲ
1757 5082 1787 5133 ό
1827 5082 2099 5152 μακάριος

511 5167 634 5219 τότε
651 5167 880 5229 ἐκεῖνος,
895 5163 1009 5218 ἀλλ’
1033 5163 1142 5217 ἀπὸ
1160 5163 1260 5233 τῆς
1276 5161 1470 5225 πενίας
1491 5160 1874 5233 λαμπρότερος
1893 5161 2102 5228 ἐγίνετο

514 5244 698 5300 πάλιν.
731 5243 813 5297 Τά
860 5243 961 5314 μέν
1001 5243 1112 5314 γὰρ
1161 5243 1422 5314 χρήματα
1477 5242 1697 5312 ῐσχυσεν
1731 5240 2030 5310 ἀφελέσθαι
2075 5242 2104 5294 6

585 5335 633 5369 ⁸⁷
671 5335 1052 5403 παρεσκεύαζε
1083 5333 1221 5388 Edd.
1266 5349 1319 5403 p.

1178 347 1237 406 S.
1258 350 1546 408 JOANNIS
1581 351 2066 410 CHRYSOSTOMI
2104 355 2427 413 ARCHIEP.
2465 355 3018 414 CONSTANTINOP.

1351 5349 1403 5403 p.
1451 5333 1547 5385 καὶ
1599 5331 1662 5386 σύ
1708 5347 1821 5386 om.
1866 5332 1934 5387 A.
1970 5331 2134 5388 Euth.

2183 470 2420 543 πονηρὸς
2445 472 2655 542 δαίμων
2677 473 2881 535 ἐκεῖνος
2902 487 2915 500 ·
2947 470 3049 542 τὴν
3069 468 3127 523 δέ
3150 466 3370 538 ἀγάπην
3397 464 3496 537 τὴν
3523 461 3660 535 πρὸς
3677 461 3774 543 τὸν

2183 551 2318 604 Θεὸν
2334 542 2403 604 οὐ
2431 551 2581 624 [174]
2617 552 2777 622 μόνον
2825 550 3048 621 ἀφελεῖν
3073 549 3176 603 οὐκ
3200 545 3464 618 ⁴1ἰδυνήθη,
3495 544 3633 624 ἀλλά
3676 542 3774 595 καὶ

2182 621 2887 701 δυνατωτέρανδίέποίησε,
2907 629 3004 683 καὶ
3027 629 3241 683 πάντων
3263 625 3427 680 αὐτὸν
3450 621 3774 694 γυμνώσας.

2184 709 2424 762 πλείοσιν
2449 710 2672 780 ἐποίησε
2696 710 2872 780 κομᾷν
2894 708 3120 776 ἀγαθοῖς
3140 725 3153 738 ·
3177 706 3258 760 διὸ
3287 705 3383 759 καὶ
3403 707 3460 756 ἐν
3493 702 3778 773 ἀμηχανίᾳ

2182 785 2272 859 ἦν.
2298 790 2450 860 Ὅσῳ
2479 789 2588 857 γάρ
2631 788 2849 852 πλείους
2891 790 3140 858 ἐπήγαγε
3161 787 3210 818 ⁷⁸
3241 784 3480 855 πληγὰς,
3529 780 3776 850 τοσούτῳ

2182 870 2303 923 τότε
2343 869 2715 940 δυνατώτερον
2765 867 2916 940 ἐώρα
2965 867 3270 937 γινόμενον.
3327 865 3422 918 Διὸ
3473 863 3540 935 δή
3593 863 3777 916 πάντα

2183 947 2426 1003 ἐπελθὼν
2445 951 2540 1002 καὶ
2559 949 2980 1010 διακωδωνίσας,
3004 949 3102 1001 ἐπε
3111 945 3192 1017 ιδὴ
3208 945 3372 999 πλέον
3391 943 3542 998 οὐδὲν
3558 943 3776 1013 ἤνυσεν,

2184 1028 2279 1082 ἐπὶ
2334 1027 2394 1082 τὸ
2442 1027 2670 1081 παλαιὸν
2708 1026 2870 1080 ὅπλον
2924 1025 3163 1098 ἔδραμε,
3208 1024 3308 1096 τὴν
3356 1025 3628 1093 γυναῖκα,
3681 1022 3783 1074 καὶ

2183 1111 2531 1179 προσωπεῖον
2561 1105 2854 1161 ὑποδύεται
2874 1105 3222 1177 κηδεμονίας,
3245 1103 3464 1167 καὶτὰς
3487 1101 3779 1174 συμφορὰς

2186 1188 2523 1261 ἐκτραγῳδεῖ
2545 1187 2644 1250 τάς
2682 1187 2893 1240 ἐκείνου
2935 1185 3141 1257 σφόδρα
3165 1183 3435 1247 ἐλεεινῶς,
3471 1183 3567 1236 καὶ⁵
3608 1198 3783 1253 προσ-

2187 1269 2422 1320 ποιεῖται
2445 1265 2587 1337 ὐπέρ
2615 1264 2939 1333 ἀπαλλαγῆς
2957 1262 3067 1316 τῶν
3091 1263 3300 1316 ἐκείνου
3331 1261 3520 1316 κακῶν
3537 1261 3637 1331 τὴν
3661 1261 3786 1313 ὀλε-

2187 1345 2347 1416 θρίαν
2366 1345 2583 1417 ἐκείνην
2606 1346 2848 1413 εἰσάγειν
2863 1345 2906 1375 “
2931 1361 2994 1396 συ
3004 1342 3265 1414 μϐουλήν.
3304 1341 3443 1396 Ἀλλ’
3471 1341 3591 1395 οὐδέ
3607 1341 3785 1403 οὕτως

2187 1426 2461 1496 ἐκράτησε
2482 1441 2495 1455 °
2525 1425 2746 1497 καὶγὰρ
2766 1423 3003 1478 συνεῖδεν
3020 1419 3186 1476 αὐτοῦ
3213 1419 3273 1472 τὸ
3299 1420 3492 1490 δέλεαρ
3515 1421 3543 1472 6
3565 1419 3665 1472 θαυ
3675 1436 3785 1497 μα-

2189 1495 2312 1568 στὸς
2333 1495 2541 1569 ἐκεῖνος
2567 1495 2731 1576 ἀνὴρ,
2756 1504 2851 1557 καὶ
2877 1501 3015 1573 μετά
3039 1499 3239 1570 πολλῆς
3257 1498 3360 1568 τῆς
3400 1498 3668 1561 συνέσεως
3684 1495 3788 1569 τήν

2186 1584 2247 1650 ἐξ
2277 1584 2488 1638 ἐκείνου
2524 1584 2905 1655 φθεγγομένην
2933 1583 3169 1649 γυναῖκα
3207 1577 3587 1648 ἐπεστόμισεν.

2257 1663 2319 1718 ε’.
2363 1665 2428 1718 Ὃ
2460 1663 2525 1736 δὴ
2553 1665 2647 1718 καὶ
2674 1664 2824 1734 ἡμᾶς
2865 1660 2974 1734 χρὴ
3012 1662 3216 1713 ποιεῖν·
3259 1657 3366 1711 κᾶν
3395 1656 3645 1726 ἀδελφὸν,
3675 1657 3790 1736 κᾷν

2190 1743 2346 1813 φίλον
2395 1735 2641 1816 γνήσιον,
2701 1743 2804 1797 κᾶν
2849 1743 3122 1810 γυναῖκα,
3176 1737 3278 1793 κᾶν
3333 1737 3611 1791 ὁντιναοῦν
3640 1735 3790 1816 ,τῶν

2189 1814 2638 1892 ἀναγκαιοτάτων
2685 1824 2817 1893 ἡμῖν
2863 1819 3088 1882 ὑποδὺς,
3136 1815 3445 1888 φθέγγηταί
3482 1833 3536 1868 τι
3583 1814 3691 1869 τῶν
3719 1814 3789 1868 οὐ

2189 1904 2604 1976 προσηκόντων,
2633 1903 2707 1974 μὴ
2746 1898 2969 1955 ἀπὸτοῦ
3001 1897 3299 1969 προσώπου
3345 1895 3440 1948 τοῦ
3481 1895 3657 1950 ταῦτα
3684 1894 3784 1947 λέ-

2189 1999 2381 2052 γοντος
2408 1983 2662 2054 δέχεσθαι
2693 1983 2795 2053 τὴν
2834 1977 3168 2050 συμϐουλὴν,
3211 1977 3325 2030 ἀλλ’
3356 1976 3465 2031 ἀπὸ
3494 1977 3593 2046 τῆς
3645 1992 3708 2026 συ
3719 1993 3793 2044 μ-

2191 2063 2387 2135 ϐουλῆς
2435 2066 2536 2135 τῆς
2573 2062 2824 2135 ὀλεθρίας
2871 2061 2962 2114 τὸν
3003 2058 3178 2111 ταῦτα
3233 2055 3464 2125 λέγοντα
3510 2054 3792 2135 ἀποστρᾴ-

2192 2133 2409 2213 φεσθαι.
2444 2133 2558 2197 Καὶ
2607 2133 2715 2212 γὰρ
2765 2141 2860 2194 καὶ
2891 2139 2986 2194 νῦν
3017 2138 3187 2192 πολλὰ
3213 2136 3441 2190 τοιαῦτα
3481 2139 3657 2199 ποιεῖ,
3689 2133 3795 2186 καὶ

2195 2222 2540 2293 συμπαθείας
2566 2220 2936 2294 προϐάλλεται
2963 2219 3311 2290 προσωπεῖον
3331 2233 3347 2249 ο
3372 2217 3469 2270 καὶ
3493 2216 3642 2268 δοκεῖ
3681 2213 3790 2284 μὲν

2193 2297 2338 2355 εἶναι
2363 2299 2584 2365 εὐνους,
2627 2301 2696 2355 τά
2738 2299 2795 2352 δὲ
2833 2298 3056 2366 ὀλέθρια
3098 2297 3195 2350 καὶ
3243 2295 3587 2366 δηλητηρίων
3621 2294 3790 2364 χαλε-

2193 2315 2338 2355 ειναι
2363 2315 2584 2365 ευνους,
2627 2315 2696 2355 τά
2738 2315 2795 2352 οε
2833 2315 3056 2370 ολευρια
3098 2315 3195 2350 και
3243 2315 3587 2366 οηλητηριων
3621 2315 3794 2364 χαλε-

2193 2379 2420 2452 πώτερα
2461 2379 2637 2451 ἐνίησι
2687 2380 2930 2451 ῥήματα.
3001 2378 3076 2430 Τὸ
3128 2376 3228 2448 μὲν
3299 2376 3410 2448 γὰρ
3458 2374 3552 2428 ἐπὶ
3615 2373 3798 2446 βλάϐῃ

2192 2459 2510 2514 κολακεύειν
2532 2501 2547 2523 ,
2591 2459 2804 2512 ἐκείνου
2830 2473 2846 2490 ο
2876 2457 2936 2512 τὺ
2961 2457 3017 2510 δέ
3046 2458 3139 2510 ἐπὶ
3164 2456 3242 2526 τῷ
3281 2455 3615 2526 συμφέροντι
3657 2469 3796 2507 παι-

2191 2537 2390 2603 δεύειν,
2413 2539 2570 2592 Θεοῦ.
2594 2539 2685 2610 Μὴ
2708 2538 2772 2609 δὴ
2800 2555 2875 2590 πα
2885 2535 3323 2610 ραλογιζώμεθα,
3350 2534 3485 2606 μηδέ
3503 2537 3566 2586 ἐκ
3586 2533 3797 2595 παντὸς

2192 2617 2400 2690 τρόπου
2429 2618 2520 2672 τὸν
2549 2617 2740 2671 ἄνετον
2768 2616 3120 2688 ἐπιζητῶμεν
3155 2615 3288 2686 βίον.
3325 2617 3436 2668 Ὃν
3458 2614 3568 2685 γὰρ
3585 2612 3797 2682 ἀγαπᾷ

2191 2698 2448 2766 Κύριος,
2500 2695 2800 2758 παιδεύει,
2864 2695 3051 2766 φησίν.
3099 2695 3266 2747 Ὠστε
3311 2694 3439 2747 ὃταν
3487 2692 3795 2764 εὐημερίας

2197 2776 2566 2848 ἀπολαύωμεν
2594 2778 2648 2829 ἐν
2679 2774 2913 2848 πονηρίᾳ
2942 2775 3165 2839 ζῶντες,
3190 2773 3313 2826 τότε
3345 2772 3577 2843 μάλιστα
3607 2771 3798 2839 ἀλγῶ-

2197 2872 2314 2927 μεν.
2335 2854 2448 2907 Ἀεὶ
2473 2854 2571 2924 μὲν
2592 2853 2700 2925 γάρ
2719 2853 3131 2924 ἁμαρτάνοντας
3153 2853 3448 2906 δεδοικέναι
3472 2852 3602 2922 χρήο
3634 2851 3800 2922 μάλιο

2198 2951 2300 2988 στα
2321 2933 2400 2995 δέ,
2424 2935 2554 2986 ὅταν
2586 2932 2754 3004 μηδὲν
2781 2933 3082 3003 πάσχωμεν
3119 2931 3314 2985 δεινόν.
3345 2931 3514 2984 Ὅταν
3550 2930 3648 3000 μὲν
3679 2930 3796 3000 γὰρ

2197 3013 2342 3068 κατά
2373 3012 2540 3085 μέρος
2563 3013 2768 3083 ἀπαιτῇ
2791 3012 2889 3075 τὰς
2910 3011 3182 3083 τιμωρίας
3203 3011 3231 3062 6
3250 3010 3403 3074 Θεὸς,
3429 3009 3638 3080 κούφην
3657 3011 3800 3080 ἡμῖν

2199 3095 2344 3148 ποιεῖ
2367 3093 2413 3124 ⁷⁸
2437 3093 2539 3162 τὴν
2565 3091 2704 3162 ὑπὲρ
2722 3089 2929 3146 τούτων
2953 3090 3161 3145 ἔκτισιν
3185 3106 3199 3122 ⁶
3223 3092 3352 3145 ὅταν
3371 3091 3429 3145 δέ
3452 3090 3538 3160 ἐφ’
3555 3091 3796 3144 ἑκάστου

2196 3171 2307 3226 τῶν
2335 3169 2843 3242 πλημμελουμένων
2882 3171 3232 3244 μακροθυμῇ,
3265 3173 3345 3236 είς
3377 3169 3620 3243 μεγάλην
3640 3170 3798 3240 ἡμᾶς

2197 3253 2309 3314 τοῖς
2330 3248 2592 3314 τοιούτοις
2624 3249 2984 3321 ἐπιμένοντας
3020 3251 3337 3323 ταμιεύεται
3376 3251 3554 3321 δίκην.
3584 3249 3647 3302 EE
3683 3248 3801 3319 γὰρ

2198 3331 2311 3392 τοῖς
2331 3327 2689 3400 κατορθοῦσιν
2709 3328 2754 3360 ⁷³
2776 3331 3076 3399 ἀναγκαῖον
3099 3332 3133 3402 ή
3158 3329 3356 3401 θλῖψις,
3380 3327 3562 3399 πολλῷ
3588 3326 3798 3398 μᾶλλον

2197 3410 2312 3470 τοῖς
2345 3407 2773 3479 ἁμαρτάνουσιν.
2817 3409 2962 3481 ὐρα
3006 3409 3140 3478 γοῦν
3187 3409 3361 3480 πόσης
3407 3406 3800 3478 μακροθυμίας

2199 3486 2515 3550 ἀπολαύσας
2541 3486 2570 3538 6
2592 3487 2668 3539 Φα
2678 3485 2813 3558 ραὼ,
2841 3489 3078 3560 ἐσχάτην
3097 3489 3238 3560 ὐπέρ
3257 3487 3474 3542 πάντων
3494 3485 3541 3518 ⁷⁵
3561 3485 3799 3556 ὕστερον

2201 3566 2370 3620 ἔδωκε
2397 3565 2582 3636 δίκην·
2617 3566 2761 3620 πόσα
2789 3569 2818 3621 ὀ
2850 3568 3320 3639 Ναϐουχοδονόσορ
3362 3565 3797 3637 πλημμελήσας,

2203 3647 2342 3719 πρὸς
2371 3645 2451 3718 τῷ
2475 3645 2625 3700 τέλει
2649 3645 2711 3701 τὺ
2735 3649 2844 3701 πᾶν
2877 3647 3082 3713 ἐξέτισε
3102 3665 3116 3680 ·
3168 3648 3264 3702 καὶ
3291 3649 3320 3701 ὁ
3349 3646 3626 3709 πλούσιος,
3671 3647 3803 3698 ἐπεὶ

2203 3725 2371 3796 μηδὲν
2393 3724 2593 3778 ἔπαθεν
2617 3725 2853 3781 ἐνταῦθα
2878 3727 3049 3781 δεινὸν
3067 3769 3081 3792 ,
3113 3726 3180 3780 δι’
3211 3726 3344 3780 αὐτὸ
3370 3724 3530 3779 τοῦτο
3555 3725 3800 3796 μάλιστα

2199 3805 2424 3873 γέγονεν
2475 3804 2681 3870 ἄθλιος,
2727 3807 2810 3859 ὃτι
2857 3807 3145 3878 τρυφήσας
3195 3807 3254 3858 ἐν
3283 3803 3364 3875 τῷ
3398 3804 3628 3876 παρόντι
3673 3803 3800 3874 βίῳ,

2201 3882 2442 3954 ἀπῆλθεν
2465 3885 2583 3937 ἐκεῖ
2604 3884 2822 3938 πάντων
2842 3885 3050 3940 τούτων
3076 3886 3264 3939 δώσων
3295 3886 3475 3956 δίκην,
3516 3883 3646 3937 ἔνθα
3672 3883 3804 3938 οὐδὲ

2202 3963 2559 4034 παραμυθίαν
2590 3957 2659 4034 ἦν
2685 3964 2864 4036 εὐρεῖν
2913 3964 3009 4020 τοῦ
3061 3964 3258 4020 κακοῦ.
3307 3963 3447 4018 Ἀλλ’
3487 3964 3638 4034 ὅμως
3689 3965 3804 4016 εἰσί

2201 4058 2346 4106 τινες
2377 4042 2520 4096 οὕτω
2549 4041 2748 4114 ψυχροὶ
2778 4045 2874 4098 καὶ
2897 4045 3144 4116 ἀνόητοι,
3185 4044 3262 4107 ώς
3283 4044 3352 4098 τά
3389 4043 3626 4097 ἐνταῦθα
3675 4044 3805 4096 ἑπι-

2203 4120 2387 4192 ζητεῖν
2421 4121 2510 4175 ἀεὶ
2547 4121 2728 4192 μόνον,
2769 4125 2862 4176 καὶ
2889 4124 2959 4178 τά
2987 4123 3368 4192 καταγέλαστα
3407 4123 3593 4176 ἐκεῖνα
3617 4121 3806 4191 λέγειν

2205 4201 2273 4272 ρή
2283 4215 2446 4271 ματα·
2485 4201 2804 4255 Ἀπολαύσω
2825 4202 2935 4256 τῶν
2959 4204 3242 4273 παρόντων
3271 4203 3409 4266 τέως
3435 4202 3677 4268 πάντων,
3706 4203 3806 4255 καί

2202 4280 2326 4333 τότε
2379 4279 2654 4351 σκέψομαι
2713 4283 2844 4353 περὶ
2896 4282 3008 4334 τῶν
3056 4282 3268 4354 ἀδήλων
3299 4298 3315 4314 ·
3371 4283 3674 4353 χαρίσομαι
3728 4283 3801 4351 τῇ

2209 4359 2428 4432 γαστρὶ,
2452 4359 2725 4414 δουλεύσω
2751 4363 2870 4424 ταῖς
2898 4361 3132 4432 ἡδοναῖς.
3174 4363 3606 4432 παραχρήσομαι
3642 4356 3723 4430 τῷ
3751 4359 3803 4391 ⁷⁸

2208 4439 2437 4509 παρόντι
2458 4438 2557 4511 βίῳ
2575 4456 2588 4469 ο
2619 4438 2760 4492 δίδου
2786 4457 2874 4510 μοι
2901 4441 3001 4512 τήν
3031 4442 3097 4511 σή
3107 4457 3292 4512 μερον,
3323 4441 3418 4493 καὶ
3435 4439 3682 4511 λάμϐανε
3701 4436 3806 4509 τὴν

2207 4515 2418 4588 αὔριον.
2450 4519 2514 4573 Ὢ
2548 4517 2823 4589 ὑπερϐολὴ
2849 4518 3066 4582 ἀνοίαςί
3105 4519 3215 4571 Καὶ
3261 4519 3316 4571 τί
3359 4519 3582 4591 τράγων
3629 4519 3727 4571 καὶ
3753 4517 3806 4549 ⁷⁸

2205 4600 2408 4672 χοίρων
2434 4601 2483 4652 οί
2516 4600 2690 4653 ταῦτα
2726 4601 2974 4670 λέγοντες
2995 4601 3381 4672 διαφέρουσινς
3407 4602 3470 4654 Ει
3506 4599 3616 4671 γάρ
3645 4595 3801 4671 [175]

2205 4681 2331 4744 τούς
2347 4681 2439 4733 ἐπὶ
2465 4678 2562 4751 τὴν
2596 4683 2832 4749 γυναῖκα
2856 4680 2949 4734 τού
2989 4681 3220 4751 πλησίον
3246 4680 3673 4752 χρεμετίζοντας
3699 4679 3807 4731 οὐκ

2204 4758 2432 4830 ἀφίησιν
2455 4761 2484 4813 6
2512 4761 2802 4831 προφήτης
2827 4760 3152 4830 ἀνθρώπους
3171 4759 3508 4831 νομίζεσθαι,
3547 4759 3632 4822 τίς
3665 4760 3807 4828 ἡμῖν

2205 4837 2492 4906 ἐγκαλέσει
2534 4839 2760 4904 τούτους
2803 4840 3040 4913 τράγους
3093 4842 3189 4895 καὶ
3242 4842 3457 4912 χοίρους
3510 4839 3606 4895 καὶ
3662 4839 3806 4891 ὄνων

2207 4920 2597 4992 ἀνοητοτέρους
2621 4918 2762 4974 εῖναι
2781 4922 3095 4992 νομίζουσιν
3112 4921 3179 4983 ⁷⁷,
3197 4922 3334 4976 οἳτά
3364 4923 3472 4975 τῶν
3502 4917 3806 4994 δρωμένων

2206 4999 2563 5072 φανερώτερα
2602 4999 2776 5054 ταῦτα
2825 5001 2994 5072 ἄδηλα
3032 4997 3172 5056 εἶναι
3215 5001 3531 5071 νομίζουσιν
3555 5015 3571 5054 :
3595 4999 3659 5052 Εί
3690 4997 3805 5068 γάρ

2209 5080 2400 5152 μηδενὶ
2451 5078 2558 5132 τῶν
2608 5079 2782 5134 ἄλλων
2840 5080 3154 5144 πιστεύεις,
3211 5079 3530 5151 παράστηθι
3578 5079 3805 5148 δαίμοσι

2213 5159 2669 5229 μαστιζομένοις,
2716 5162 2831 5223 τοῖς
2875 5160 2970 5212 ἐπὶ
3005 5163 3073 5231 τῇ
3116 5161 3161 5191 ⁷⁸
3211 5159 3384 5232 βλάϐῃ
3431 5161 3496 5229 τῇ
3552 5158 3805 5229 ήμετέρᾳ

2213 5242 2427 5295 ἅπαντα
2462 5243 2556 5294 καὶ
2581 5241 2763 5309 λέγειν
2805 5243 2899 5294 καὶ
2927 5243 3190 5313 πράττειν
3237 5240 3689 5313 μεμελετηκόσιν.
3723 5241 3803 5293 Οὐ

2235 5334 2280 5365 ⁸⁸
2325 5335 2548 5387 ἐκείνων
2589 5335 2654 5388 Α.
2701 5335 2762 5389 Ε.
2812 5333 3022 5388 ἐκείνου
3067 5334 3128 5389 Β.
3173 5333 3270 5401 Ep.
3328 5333 3422 5388 Ge.
3458 5332 3566 5386 vid.
3610 5333 3800 5388 adnot.

514 5407 562 5440 ”
602 5403 891 5462 ΗΘΙΚΟΝ.
931 5407 1055 5460 Ὀτι
1077 5406 1144 5476 ,οὐ
1173 5405 1256 5459 δεῖ
1298 5403 1615 5476 προσώποις
1663 5403 2020 5476 ἀποϐλέπεινΔ
2043 5407 2103 5476 ἐν
2133 5404 2255 5476 ταῖς
2281 5404 2632 5476 συμϐουλαῖς
2661 5446 2676 5462 .
2737 5404 2874 5458 ἀλλά
2903 5407 3048 5476 τοὺς
3080 5405 3275 5476 λόγους
3314 5403 3424 5459 τῶν
3480 5403 3618 5476 πρὸς
3639 5405 3804 5476 ᾲήμᾷς

517 5477 823 5531 λαλούντων
864 5477 982 5530 δοκι

988 5475 1212 5548 μάζερν·⁸
1237 5476 1332 5548 καὶ
1350 5473 1506 5548 περὶ-
1534 5473 1904 5548 ἀναστάσεωῇ
1941 5473 2036 5548 καί
2080 5473 2948 5548 βασιλείας-καὶ.-κολάσεως.Α.
3023 5476 3067 5548 ⁶ξ³
3104 5473 3282 5548 ἀλλᾷά]
3331 5476 3455 5548 add.
3504 5475 3600 5548 καί
3637 5473 3802 5548 ικε.

521 5546 745 5618 ⁶¹ὃπερ]
783 5547 813 5600 ὅ
918 5543 1107 5618 ὥσπερ
1139 5544 1276 5618 Εάἀ.
1352 5546 1398 5577 ⁸³
1429 5543 1639 5618 κελεύει
1678 5543 1753 5618 B._
1778 5544 1838 5597 D.
1860 5544 1922 5598 F.
1953 5543 2149 5618 gelida

2225 5546 2286 5598 Ε.
2335 5545 2404 5617 *⁸³
2421 5543 2538 5617 καί]
2559 5545 2679 5598 οὐδέ
2704 5545 2766 5599 F.
2798 5545 2936 5598 ἀλλά
2964 5546 3058 5598 καί
3095 5545 3159 5600 C.
3191 5543 3395 5600 Dc'imle
3435 5547 3618 5617 verbis
3675 5545 3801 5599 οὐδέ

521 5619 643 5688 (καὶ
675 5603 797 5672 οὐδέ
815 5617 904 5687 C.)
930 5617 997 5672 δι’
1030 5603 1400 5688 ἑαυτοῦνιιιιηο
1432 5615 1615 5688 δειιειη
1645 5615 1930 5688 assignant
1950 5615 2022 5688 f3.
2053 5613 2093 5668 F

2197 5631 2285 5688 for.
2322 5614 2418 5671 Ge.
2442 5603 2596 5670 Αιῖιι.
2633 5616 2690 5670 ιἰι
2715 5619 2928 5672 caeteris
2958 5618 3120 5671 codd.
3145 5619 3298 5672 locus
3319 5616 3619 5688 sicilegitnr
3654 5638 3666 5671 :
3699 5617 3802 5688 οὐκ

520 5690 581 5760 ἐν
594 5688 753 5760 ίδρεσι

795 5684 987 5759 μόνον,
1011 5687 1148 5754 ἀλλά
1171 5687 1266 5759 καὶ
1294 5688 1353 5759 ἐν
1373 5685 1653 5759 ἐρημίαις,
1671 5684 1767 5759 καὶ
1805 5687 1866 5759 ἐν
1893 5685 2102 5759 πόλεσι.
2121 5687 2292 5759 καὶ-ἐν
2319 5689 2564 5759 ἀγοραῖς,
2592 5689 2685 5740 καὶ
2711 5690 2770 5739 ἐν
2797 5688 3315 5759 δικαστηρίοιςκαὶ
3333 5687 3452 5739 οὐδὲ
3483 5687 3551 5759 δι’
3578 5687 3799 5750 ἑαυτοῦ,

519 5755 665 5830 ἀλλά
686 5755 894 5830 καὶδιά
923 5758 1034 5813 τῶν
1060 5769 1111 5813 σ.
1134 5758 1274 5830 ήχά.
1301 5755 2092 5830 ﬁgamgliler_Sav.__B¢_n.406x

2209 5757 2360 5827 ὄρεσι
2388 5755 2548 5830 μόνον
2574 5759 2666 5830 καὶ
2689 5761 2746 5812 ἐν
2773 5755 3050 5830 ἐρημίαις,
3085 5757 3224 5812 ἀλλά
3248 5760 3341 5830 καξι
3363 5761 3418 5810 ἐν
3437 5757 3623 5830 πόλεσι
3656 5775 3714 5811 κ.
3743 5775 3796 5811 τ.

522 5831 572 5884 ἐ.
649 5829 696 5860 ⁸⁵
709 5828 851 5951 ταῖς)
874 5830 932 5882 ἐν
962 5833 1081 5893 ταῖς
1099 5825 1167 5883 Al
1196 5829 1256 5883 B.
1334 5828 1380 5860 ⁸³
1401 5825 1619 5912 ἐδέξατο
1646 5826 1709 5881 F.
1782 5827 1833 5858 “
1865 5828 1999 5881 ἀλλά
2047 5845 2093 5880 κε

525 5899 595 5951 Δ.
670 5898 716 5931 ⁸⁸
739 5901 818 5951 ἀπ
850 5916 988 5951 ντων
1015 5899 1076 5951 F.
1109 5900 1398 5951 ζητήσειεν
1435 5899 1566 5951 Edd.
1645 5899 1689 5932 ”
1709 5898 2086 5951 δυνατωτάτην

2204 5825 2506 5898 ργοιςσήμή]
2535 5829 2627 5882 καί
2671 5825 2918 5896 (οιιιῑεέὶε
2934 5832 3166 5899 cancris)
3199 5832 3264 5882 Α.
3297 5828 3359 5883 Β.
3436 5828 3480 5860 ⁸⁷
3504 5831 3654 5900 ἡμᾶς
3683 5845 3795 5882 0m.

2197 5899 2544 5951 τφοδοοτέοαν
2569 5900 2632 5951 A.
2667 5900 2725 5951 Β.
2753 5900 2816 5951 C.
2893 5900 2939 5931 "°
2973 5901 3146 5951 ἐπῆγε
3173 5901 3237 5951 Α.
3260 5901 3314 5951 Β.
3347 5900 3407 5951 (ἶ.
3484 5901 3526 5931 ⁷¹
3558 5901 3795 5951 εἰσάγων

525 5899 596 5986 Αἱ
739 5898 1076 5986 ἀπόντωνᾟ.
1109 5900 1399 5986 ζητήσειεν
1435 5899 1566 5953 Edd.
1595 5899 1689 5986 in”
1709 5898 2162 5986 δυνατωτάτην-ξ.
2183 5899 2544 5986 σφοδροτέραν
2837 5971 2861 5986 κ
2893 5900 2939 5931 "°
2973 5898 3153 5971 ἐπῆγε
3173 5901 3314 5986 Α..Β.
3347 5900 3424 5986 (ἶ...
3484 5898 3798 5986 [gela-avo)?

521 5969 758 6040 iidem;
789 5970 835 6000 ⁷⁸
860 5973 1098 6040 ποιεῖται
1137 5968 1274 6040 ιῂιᾱ.
1351 5968 1844 6040 ⁷ξκατωρθωκόσιν
1873 5968 2005 6040 ξόό.

2081 5970 2128 6000 ⁷⁸
2151 5966 2388 6040 πάντων]
2417 5966 2620 6022 τρύτων
2648 5970 2704 6023 Ι).
2743 5966 2802 6025 F.
2837 5966 3204 6040 ὐστερονῖηη.
3238 5972 3302 6024 Δ.

3379 5970 3424 6001 ’⁵
3445 5969 3550 6044 τῷ]
3595 5971 3690 6044 κει
3718 5969 3797 6044 ῖῷ

520 6039 660 6094 Edd.
713 6037 762 6072 "
778 6037 896 6109 καί]
921 6039 956 6109 ﬁ
984 6041 1049 6093 A.
1074 6040 1136 6095 Β.
1166 6039 1228 6094 ιτ.
1281 6041 1327 6075 ⁷⁷
1358 6034 1501 6095 εἶναι
1526 6034 1844 6113 νομίζοντας
1875 6037 1937 6095 D.
1961 6039 2022 6094 ιε’.
2055 6055 2090 6110 p

2197 6078 2201 6094 .
2229 6034 2499 6112 φανότερα
2530 6041 2591 6095 Ε.
2653 6043 2702 6075 τ’
2721 6043 2786 6113 τῇ
2809 6058 2919 6098 om.
2948 6034 3008 6097 F.
3034 6043 3128 6096 καί
3152 6051 3276 6098 ante
3305 6034 3617 6109 λέγεινόἠι.
3641 6042 3707 6095 Α.
3734 6034 3796 6094 Β.
