4050 6364
299 374 405 431 9.15

302 508 404 545 non
439 504 536 559 per
564 502 627 542 se
644 486 842 549 solum,
868 481 962 537 sed
984 495 1077 551 per
1094 481 1197 533 alia
1221 475 1462 548 quaedam
1482 477 1652 546 ipsum
1680 487 1887 543 aggres-

299 597 390 634 sus
434 589 518 633 est
548 596 565 630 :
594 578 739 647 quod
775 573 1055 629 declarans
1076 570 1249 625 Lucas
1286 568 1496 623 dicebat
1526 584 1540 621 :
1568 566 1649 620 Ad
1696 576 1892 631 tempus

300 671 529 723 discessit
559 670 622 722 ab
646 667 736 721 illo
766 664 927 736 (Luc.
950 664 1005 718 4.
1034 660 1169 733 13);
1199 660 1480 715 declarans
1506 656 1681 728 ipsum
1706 664 1890 725 postea

299 780 420 817 cum
446 762 681 831 propriis
705 759 805 814 sibi
834 756 1203 812 instrumentis
1229 752 1539 808 accessisse.
1572 752 1659 805 ll.
1692 748 1759 803 Et
1779 765 1892 802 ecce

299 854 469 923 angeli
493 860 832 913 accesserunt,
865 858 911 902 et
940 846 1295 901 ministrabant
1332 845 1396 897 ei.
1424 840 1557 896 Cum
1584 840 1727 896 enim
1770 854 1889 894 con-

300 947 477 1001 flictus
526 955 680 1008 erat,
717 958 825 997 non
876 941 1001 995 sivit
1038 939 1159 993 illos
1191 952 1450 1007 apparere
1472 976 1487 999 ,
1532 949 1601 989 ne
1626 947 1749 987 mox
1800 946 1889 987 ca-

302 1037 556 1107 piendum
592 1033 1039 1105 perterrefaeeret
1066 1046 1082 1083 :
1114 1037 1394 1098 postquam
1424 1035 1602 1081 auten.
1625 1026 1773 1080 illum
1797 1039 1893 1094 per

301 1140 491 1185 cuncta
532 1127 853 1192 confutavit,
895 1135 950 1179 et
977 1122 1196 1193 fugavit,
1232 1131 1359 1177 tunc
1383 1128 1642 1190 apparent
1678 1119 1753 1172 illi
1782 1134 1802 1172 :
1835 1127 1892 1171 ιιι

296 1216 477 1269 discas
492 1224 543 1267 te
560 1222 1094 1283 quoque,postquam
1108 1214 1171 1267 ad
1190 1214 1496 1282 exemplum
1514 1212 1633 1282 ejus
1650 1212 1894 1275 viceris’,

298 1308 365 1360 ab
376 1306 586 1373 angelis
597 1305 973 1372 excipiendum
989 1319 1110 1358 esse
1123 1304 1593 1373 plaudentibus,ae
1606 1318 1700 1372 per
1715 1302 1898 1357 omnia

299 1398 651 1467 stipantibus.
673 1396 764 1452 Sic
788 1398 933 1452 enim
956 1407 1010 1451 et
1026 1395 1292 1451 Lazarum
1322 1405 1447 1467 post
1471 1395 1746 1451 fornacem
1770 1410 1895 1464 pau-

300 1492 716 1561 pertatis,famis
729 1500 781 1545 et
793 1490 1257 1560 angustim,angeli
1274 1489 1606 1560 excipientes
1619 1489 1892 1543 abierunt.

300 1584 601 1653 Siquidem,
633 1590 692 1634 ut
707 1580 815 1650 jam
844 1578 977 1644 dixi,
1008 1577 1170 1630 multa
1195 1574 1443 1629 Christus
1467 1586 1608 1627 nunc
1635 1571 1888 1637 ostendit,

298 1677 495 1745 quibus
528 1690 631 1728 nos
662 1674 919 1727 fruemur.
957 1670 1095 1737 Quia
1124 1668 1284 1739 igitur
1312 1666 1428 1720 haec
1469 1665 1644 1719 omnia
1673 1672 1891 1733 pr0pter

300 1777 351 1819 te
373 1766 510 1820 facta
542 1774 690 1830 sunt,
723 1762 861 1816 hanc
912 1761 1121 1814 imimre
1146 1799 1162 1826 ,
1193 1767 1249 1813 et
1292 1756 1544 1810 azmulare
1588 1755 1886 1810 victoriam.

299 1856 432 1910 Etsi
473 1856 599 1926 quis
627 1870 692 1909 ex
717 1852 861 1906 illius
892 1850 1159 1905 daemonis
1189 1847 1446 1903 ministris
1490 1856 1542 1900 te
1580 1845 1757 1911 adeat,
1798 1846 1889 1915 qui

300 1947 421 1999 talia
439 1947 633 2015 sapiat,
662 1942 994 2012 exprobrans
1021 1939 1115 1994 tibi
1137 1954 1199 1994 ac
1228 1939 1412 1992 dicens
1436 1954 1449 1989 :
1474 1936 1732 1991 Mirabilis
1776 1951 1889 1990 ma-

297 2052 545 2107 gnusque
578 2050 657 2099 es,
708 2042 947 2088 montem
975 2030 1205 2086 transfer
1236 2048 1248 2083 :
1279 2043 1345 2083 ne
1373 2028 1625 2091 turberis,
1667 2042 1735 2081 ne
1774 2041 1891 2080 mo-

298 2130 504 2193 vearis;
539 2128 634 2181 sed
654 2141 773 2181 cum
794 2122 1200 2180 mansuetudine
1222 2119 1507 2190 reSponde,
1527 2128 1583 2172 ut
1606 2118 1888 2172 Dominum

296 2220 489 2274 audisti
523 2219 790 2273 dicentem
825 2235 838 2271 :
871 2216 991 2270 Non
1010 2215 1218 2269 tentabis
1242 2212 1513 2265 Dominum
1535 2209 1698 2264 Deum
1724 2219 1886 2262 tuum.

295 2312 389 2365 Sin
411 2310 501 2365 ille
531 2311 756 2379 gloriam
798 2306 1195 2376 potentiamque
1224 2303 1453 2357 offerens
1477 2310 1637 2371 atque
1660 2300 1888 2353 immen-

295 2420 410 2459 sam
437 2404 548 2457 vim
578 2402 911 2465 divitiarum,
941 2399 1169 2453 adorare
1199 2406 1249 2450 te
1288 2396 1473 2464 jubeat
1495 2436 1509 2457 ,
1542 2402 1623 2448 sta
1654 2392 1885 2447 fortiter.

296 2498 408 2553 Non
432 2497 582 2551 enim
604 2505 789 2550 contra
816 2506 1154 2549 communem
1187 2489 1465 2543 Dominum
1504 2495 1742 2541 nostrum
1772 2499 1889 2538 om-

295 2592 442 2646 nium
490 2600 696 2644 tantum
727 2589 826 2642 hoc
854 2586 979 2641 fecit
1016 2583 1297 2646 diabolus;
1345 2581 1439 2635 sed
1465 2580 1627 2634 etiam
1651 2576 1889 2647 quotidie

295 2684 347 2737 in
390 2681 635 2751 singulos
664 2678 780 2749 ejus
812 2692 996 2733 servos
1021 2675 1116 2729 has
1146 2674 1397 2728 admovet
1440 2668 1750 2733 machinas;
1779 2682 1890 2722 non

296 2786 499 2829 tantum
523 2776 575 2827 in
608 2772 898 2834 montibus,
922 2774 972 2824 in
995 2767 1245 2832 desertis,
1264 2764 1355 2819 sed
1370 2765 1529 2818 etiam
1560 2762 1614 2816 in
1643 2763 1886 2829 urbibus,

295 2871 345 2922 in
374 2867 534 2932 foris,
567 2866 617 2918 in
650 2862 1031 2924 tribunalibus;
1075 2872 1247 2927 neque
1276 2871 1374 2924 per
1401 2868 1460 2909 se
1497 2857 1669 2912 solum
1714 2856 1805 2908 sed
1834 2863 1889 2908 et

294 2975 386 3029 per
402 2958 657 3013 homines
680 2964 941 3025 cognatos
962 2962 1197 3006 nostros.
1215 2948 1349 3016 Quid
1376 2948 1530 3020 igitur
1543 2947 1843 3002 faciendum
1864 2945 1887 3000 ?

292 3050 406 3109 Non
437 3046 775 3105 credendum
804 3046 852 3101 ei
881 3086 894 3107 ,
928 3056 1189 3114 auresque
1220 3051 1345 3097 sunt
1368 3037 1730 3103 obstruendae,
1755 3036 1887 3091 adu-

293 3147 540 3215 latorque
584 3140 710 3198 odio
754 3138 1033 3194 habendus
1066 3154 1079 3190 :
1113 3145 1168 3190 et
1211 3150 1333 3190 cum
1369 3132 1570 3202 majora
1603 3132 1882 3200 promittit,

292 3249 405 3294 tum
437 3237 609 3307 magis
637 3233 878 3289 aversari
906 3246 1028 3285 eum
1058 3236 1291 3299 Oportet.
1319 3223 1593 3295 Siquidem
1625 3229 1679 3276 et
1718 3220 1883 3274 Evam

293 3347 413 3385 cum
444 3344 542 3397 spe
570 3326 776 3395 majore
801 3322 1014 3387 extulit,
1047 3329 1174 3374 tunc
1191 3317 1407 3387 dejecit,
1427 3315 1763 3383 maximaque
1785 3312 1884 3380 ipsi

292 3422 474 3478 intulit
502 3420 666 3475 mala.
700 3416 881 3472 Hostis
910 3414 1106 3484 quippe
1131 3420 1211 3465 est
1256 3407 1621 3472 inexorabilis,
1652 3405 1883 3460 bellum-

292 3532 395 3585 que
421 3522 612 3569 contra
641 3527 740 3565 nos
768 3508 1005 3577 suscepit
1027 3503 1381 3574 implacabile.
1414 3501 1525 3556 Nec
1558 3501 1628 3553 ita
1656 3514 1754 3553 nos
1798 3514 1885 3552 sa-

291 3609 385 3664 luti
416 3615 623 3661 nostrae
656 3602 957 3667 studemus,
988 3609 1045 3654 ut
1072 3599 1163 3653 ille
1191 3605 1385 3651 nostrae
1416 3593 1690 3664 perniciei.
1725 3592 1882 3644 Aver-

291 3714 472 3755 semur
511 3699 693 3766 itaque
744 3694 916 3757 illum,
971 3707 1077 3746 non
1108 3688 1286 3744 verbis
1316 3695 1521 3741 tantum
1542 3725 1557 3749 ,
1601 3682 1693 3737 sed
1721 3682 1879 3736 etiam

290 3790 579 3861 aperibus;
636 3802 741 3840 non
781 3793 962 3839 mente
1006 3781 1215 3843 solum,
1245 3776 1341 3834 sed
1385 3776 1610 3840 actibus,
1643 3772 1883 3841 nihilque

290 3881 428 3952 quod
460 3879 564 3949 ipsi
607 3878 857 3948 placitum
882 3875 953 3929 sit
983 3873 1235 3928 faciamus
1269 3887 1283 3923 :
1312 3868 1390 3923 sie
1415 3867 1595 3921 omnia
1625 3880 1743 3934 quze
1772 3863 1882 3917 Deo

291 3974 481 4044 placita
512 3979 641 4025 sunt
668 3968 945 4023 faciemus.
975 3963 1106 4018 Nam
1134 3960 1297 4015 multa
1327 3959 1414 4012 ille
1438 3957 1740 4027 pollicetur,
1774 3968 1880 4007 non

292 4080 346 4125 ut
372 4069 507 4131 det,
540 4064 639 4119 sed
670 4073 728 4116 ut
756 4060 1006 4130 accipiat.
1032 4056 1112 4111 Ex
1142 4054 1327 4123 rapina
1357 4050 1658 4121 pollicetur,
1688 4056 1746 4100 ut
1786 4061 1883 4099 au-

289 4160 424 4215 ferat
451 4170 678 4226 regnum
708 4162 760 4208 et
779 4151 1074 4221 justitiam;
1108 4146 1389 4201 thesauros
1420 4140 1473 4195 in
1503 4150 1647 4194 terra
1670 4153 1767 4193 ceu
1797 4137 1880 4190 la-

291 4265 458 4322 queos
486 4246 716 4303 tendens
745 4253 905 4312 atque
936 4252 1151 4302 casses,
1198 4244 1257 4289 ut
1293 4244 1348 4289 et
1377 4232 1460 4286 his
1498 4239 1553 4287 et
1580 4227 1881 4285 caelestibus

291 4320 464 4413 privet
518 4337 836 4394 thesauris:
870 4333 982 4387 vult
1032 4345 1131 4385 nos
1178 4328 1264 4382 hic
1316 4326 1602 4389 ditescere,
1654 4338 1723 4375 ne
1776 4320 1883 4374 illic

291 4439 640 4489 ditescauius.
675 4430 768 4485 Sin
798 4443 901 4482 non
937 4427 1105 4496 possit
1144 4436 1242 4476 nos
1286 4435 1383 4489 per
1428 4417 1641 4472 divitias
1678 4414 1746 4469 ab
1792 4414 1879 4467 illa

293 4538 437 4582 sorte
464 4526 691 4593 ejicere,
719 4522 966 4583 alteram,
997 4533 1088 4587 per
1109 4521 1476 4585 paupertatem
1501 4522 1712 4576 nempe,
1744 4506 1879 4558 viam

292 4622 384 4674 init
415 4638 429 4673 :
464 4616 608 4687 quod
644 4616 694 4667 in
724 4612 829 4668 Job
873 4610 1017 4664 fecit.
1064 4608 1199 4660 Cum
1237 4604 1427 4658 viderit
1458 4601 1600 4654 enim
1654 4596 1785 4651 nihil
1829 4595 1878 4649 ei

296 4710 542 4765 nocuisse
586 4707 799 4761 divitias
823 4743 838 4766 ,
870 4717 966 4771 per
991 4704 1357 4769 paupertatem
1387 4693 1517 4747 retia
1548 4690 1733 4751 nectit,
1783 4687 1883 4741 hac

294 4805 372 4857 \ia
428 4813 657 4871 sperans
703 4810 763 4850 se
803 4792 1083 4847 victoriam
1128 4796 1522 4858 reportaturum
1582 4796 1701 4835 esse
1733 4798 1746 4833 ε
1777 4795 1883 4849 quo

295 4895 416 4966 quid
460 4892 679 4946 stultius
704 4902 825 4942 esse
870 4883 1074 4955 possit?
1106 4882 1206 4949 Qui
1248 4878 1393 4934 enim
1438 4874 1650 4929 divitias
1680 4883 1886 4938 tempe-

299 4963 475 5041 raliter
504 4988 646 5038 ferre
675 4980 866 5051 potuit,
900 4978 1067 5033 multo
1098 4975 1264 5043 magis
1286 4978 1649 5042 paupertatem
1675 4963 1883 5019 fortiter

299 5083 425 5133 teret
449 5093 463 5131 :
493 5086 550 5131 et
569 5075 657 5144 qui
682 5078 974 5143 praesentes
994 5068 1204 5121 divitias
1222 5079 1326 5119 non
1349 5059 1672 5129 concupivit,
1692 5057 1885 5109 absen-

304 5182 378 5223 tes
407 5184 514 5221 non
548 5174 774 5233 quaeret,
805 5157 1254 5231 quemadmodum
1308 5168 1483 5222 neque
1526 5150 1712 5204 beatus
1758 5147 1881 5209 ille;

300 5265 388 5318 sed
431 5278 498 5317 ex
546 5268 858 5331 paupertate
896 5268 1109 5308 rursum
1142 5247 1469 5320 Splendidior
1515 5242 1736 5298 effectus
1778 5249 1880 5294 est.

301 5358 425 5412 Nam
452 5354 670 5410 divitias
694 5350 909 5422 quidem
936 5347 1149 5400 auferre
1169 5342 1338 5413 potuit
1363 5338 1628 5406 malignus
1658 5332 1884 5422 illegdm-

301 5466 455 5511 mon;
497 5446 775 5501 caritatem
804 5454 933 5494 vero
967 5451 1091 5506 erga
1137 5434 1301 5487 Deum
1334 5445 1438 5485 non
1483 5426 1645 5480 modo
1672 5420 1885 5476 auferre

303 5556 402 5594 non
433 5538 637 5609 potuit,
670 5535 762 5589 sed
795 5533 955 5587 etiam
988 5525 1361 5583 ferventiorem
1393 5517 1651 5579 reddidit,
1684 5514 1886 5581 ipsum-

303 5649 402 5703 que
428 5602 684 5685 nudatutu
706 5623 972 5684 onmibus,
1001 5617 1237 5690 pluribus
1262 5610 1465 5668 curavit
1489 5605 1772 5679 splendere
1792 5602 1889 5656 bo-

354 5753 370 5782 ι
401 5730 678 5808 Legeratin
690 5743 856 5790 Graeco
867 5738 972 5808 nat-gf
984 5725 1588 5808 éxaivmvblontegtlconius
1603 5720 1879 5808 Latitifqu‘e

299 5779 1247 5874 ῐθόέῖιδὲἷέίιἓδξξηῖιᾷιιιῖῖίιᾶέζρἰςςνίδ.
1290 5783 1487 5839 Videsis
1514 5795 1627 5847 qua
1666 5779 1717 5829 iu
1751 5779 1882 5828 hunc

303 5854 678 5924 hauriebat-ii
716 5854 996 5914 Fridericus
1028 5854 1187 5922 Fieid.
1298 5913 1312 5922 _
1398 5898 1514 5915 ,_,,
1579 5912 1581 5915 ι
1664 5910 1671 5915 _
1734 5904 1737 5907 _

1453 360 1518 413 ΙΝ
1557 354 1968 415 MATTHJEUM
2004 356 2235 413 liOMIL.
2276 357 2413 414 XIII.

3474 350 3581 404 2H

1995 473 2113 538 nis;
2161 473 2390 545 ideoque
2435 473 2563 545 quid
2602 471 2811 529 consilii
2855 480 3072 539 caperet
3122 468 3411 524 nesciebat.
3464 470 3585 537 Quo

1996 568 2175 638 plures
2199 567 2343 622 enim
2374 567 2647 636 indigebat
2671 565 2871 636 plagas,
2913 579 2980 619 eo
3004 563 3352 619 valentiorem
3392 579 3582 621 cerne-

1994 658 2105 713 bat.
2138 656 2371 728 ldeoque
2398 657 2647 711 omnibus
2674 654 2891 710 tentatis
2919 663 2973 708 et
3000 652 3274 724 adhibitis,
3296 654 3418 725 quia
3444 655 3579 708 nihil

1994 752 2165 821 magis
2186 750 2514 821 proficiebat,
2544 749 2615 804 ad
2637 758 2789 803 vetus
2821 747 2947 802 illud
2967 746 3129 802 telum
3147 746 3334 810 currit,
3359 762 3579 801 uxorem

1996 859 2218 915 nempe,
2261 850 2316 898 et
2344 851 2615 912 assumpta
2646 839 2995 912 providentiae
3034 838 3200 902 larva,
3249 838 3583 893 calamitates

1996 934 2113 1005 ejus
2136 932 2512 988 miserabiliter
2538 941 2592 986 et
2628 931 2827 1002 tragice
2870 928 3143 991 describit,
3182 936 3237 982 et
3277 928 3494 981 simulat
3522 942 3580 980 se

1995 1025 2358 1097 perniciosum
2405 1022 2535 1077 illud
2575 1022 2710 1077 dare
2738 1020 3057 1085 consilium,
3106 1027 3165 1074 ut
3217 1019 3307 1074 ille
3348 1035 3378 1073 a
3425 1020 3579 1073 malis

1995 1131 2216 1187 prorsus
2242 1115 2515 1169 liberetur.
2548 1112 2655 1169 Sed
2683 1127 2857 1182 neque
2884 1112 2955 1165 ita
2987 1109 3299 1181 praavaluit:
3330 1109 3409 1164 vir
3436 1111 3577 1163 enim

1996 1209 2085 1264 ille
2107 1205 2449 1261 admirandus
2471 1205 2587 1275 ejus
2606 1220 2782 1260 escam
2805 1201 3199 1266 animadvertit,
3219 1217 3283 1256 ac
3306 1216 3428 1255 cum
3450 1200 3581 1255 mul-

1997 1310 2048 1356 ta
2074 1300 2353 1370 prudentia
2376 1298 2549 1363 uxori,
2575 1298 2691 1367 ejus
2720 1310 2879 1350 suasu
2908 1296 3166 1365 loquenti,
3197 1309 3258 1349 os
3287 1292 3577 1349 obstruxit.

2068 1393 2119 1446 5.
2156 1391 2210 1445 ld
2236 1390 2377 1459 quod
2410 1389 2572 1443 etiam
2604 1405 2699 1442 nos
2724 1387 2898 1441 facere
2921 1388 3199 1450 convenit;
3229 1384 3435 1439 etiamsi
3472 1386 3576 1436 fra-

1996 1482 2111 1547 tris,
2144 1481 2352 1538 etiamsi
2394 1481 2585 1545 amici,
2617 1482 2715 1534 etsi
2760 1480 2942 1532 uxoris
2971 1478 3051 1532 vel
3080 1477 3303 1531 alterius
3326 1475 3580 1545 cujusque

1995 1588 2278 1646 personam
2302 1572 2548 1638 induens,
2577 1586 2680 1625 non
2711 1571 3052 1638 congruentia
3084 1567 3348 1638 loquatur,
3383 1582 3486 1620 non
3512 1581 3576 1621 ex

1994 1677 2223 1738 persona
2276 1666 2544 1736 loquentis
2582 1664 2865 1717 consilium
2906 1663 3182 1730 excipere,
3222 1660 3317 1715 scd
3369 1661 3574 1714 ratione

1994 1761 2279 1831 perniciosi
2305 1757 2517 1814 consilii
2564 1756 2678 1810 haec
2722 1754 2989 1809 dicentem
3032 1754 3265 1807 aversari
3298 1751 3577 1806 debemus.

1993 1852 2268 1922 Siquidem
2300 1865 2442 1905 nunc
2488 1849 2650 1903 etiam
2680 1846 2877 1901 similia
2909 1846 3069 1899 multa
3103 1844 3248 1910 facit,
3278 1853 3333 1898 et
3350 1858 3580 1900 commt-

1992 1942 2276 1998 serationis
2297 1941 2495 1995 larvam
2514 1939 2767 1999 assumit;
2796 1952 2861 1991 ac
2883 1936 3007 1990 dum
3034 1935 3328 1992 benevolus
3350 1936 3579 1999 videtur,

1996 2034 2294 2104 perniciosa
2328 2041 2383 2086 et
2427 2031 2615 2100 quovis
2642 2041 2850 2082 veneno
2874 2026 3137 2083 deteriora
3178 2028 3351 2082 fundit
3390 2026 3578 2083 verba.

1992 2126 2125 2181 Nam
2164 2124 2230 2178 ad
2283 2132 2660 2177 nocumcntum
2691 2118 2930 2184 adulari,
2984 2119 3217 2182 diaboli;
3258 2118 3325 2173 ad
3380 2119 3575 2174 bonum

1993 2214 2350 2289 praestandum
2375 2214 2668 2283 corripere,
2696 2214 2787 2267 Dei
2807 2224 2906 2267 est.
2939 2211 3014 2266 Ne
3036 2212 3212 2280 itaque
3228 2211 3575 2280 decipiamur,

1993 2322 2166 2377 neque
2197 2322 2292 2375 per
2323 2319 2538 2359 omnem
2568 2305 2784 2358 modum
2813 2302 3149 2372 tranquillam
3179 2310 3445 2356 sectemur
3486 2302 3572 2353 vi-

1992 2408 2122 2454 tam.
2155 2397 2321 2466 Quem
2347 2400 2486 2452 enim
2516 2396 2681 2465 diligit
2708 2395 2843 2449 Deus
2868 2436 2883 2461 ,
2917 2395 3126 2463 castigat
3168 2391 3346 2461 (Prov.
3374 2393 3427 2447 5.
3464 2393 3576 2461 12),

1992 2492 2182 2563 inquit.
2212 2491 2344 2547 Cum
2368 2492 2545 2560 itaque
2576 2486 2815 2557 improbe
2841 2487 3078 2539 viventes
3106 2484 3267 2538 rebus
3309 2484 3580 2553 proslieris

1988 2583 2250 2648 fruimur,
2310 2592 2437 2635 tunc
2478 2579 2707 2633 maxime
2754 2576 3074 2631 doleamus:
3108 2581 3388 2643 peccantes
3435 2576 3576 2627 enim

1993 2692 2204 2746 semper
2229 2676 2420 2729 timere
2449 2678 2695 2742 Oportet:
2724 2677 2830 2722 tum
2859 2682 2986 2723 vero
3015 2666 3246 2721 maxime
3273 2680 3395 2720 cum
3427 2665 3578 2720 triste

1992 2770 2126 2825 nihil
2162 2768 2413 2840 patimur.
2462 2762 2684 2832 Quando
2713 2761 2855 2815 enim
2885 2774 2981 2828 per
3022 2767 3198 2827 partes
3225 2756 3362 2810 Deus
3391 2770 3578 2825 ρωπος

1990 2862 2172 2932 exigit,
2200 2858 2454 2913 leviorem
2496 2863 2647 2925 parat
2670 2852 2993 2912 vindictam;
3027 2847 3238 2919 quando
3260 2858 3436 2901 autem
3462 2862 3582 2901 sce-

1990 2953 2100 3009 lera
2122 2949 2326 3021 singula
2344 2948 2447 3003 fert
2470 2947 2746 3016 patienter,
2764 2943 2813 2996 in
2839 2956 3080 3011 magnam
3105 2953 3202 2993 nos
3231 2938 3283 2992 in
3310 2938 3376 2993 iis
3397 2954 3581 3007 perse-

1989 3052 2239 3100 verantes
2268 3048 2506 3096 reservat
2536 3036 2809 3091 ultionem.
2840 3033 2971 3088 Nam
3001 3032 3043 3084 si
3076 3031 3254 3101 probis
3275 3030 3573 3085 necessaria

1988 3148 2071 3194 est
2099 3135 2316 3190 afflictio
2337 3174 2353 3199 ,
2380 3132 2548 3186 multo
2592 3129 2759 3198 magis
2790 3124 3149 3195 peccantibus.
3180 3122 3314 3177 Vide
3345 3137 3573 3189 namque

1987 3236 2240 3301 quantam
2271 3225 2360 3279 Dei
2391 3221 2699 3293 patientiam
2727 3227 2985 3287 expertus
3011 3215 3235 3279 Pharao,
3272 3223 3570 3269 extremum

1988 3322 2217 3391 denique
2246 3333 2343 3388 pro
2370 3314 2619 3370 omnibus
2649 3311 2745 3365 luit
2773 3307 3109 3377 supplicium;
3134 3313 3261 3374 quot
3288 3304 3570 3357 criminum

1987 3428 2111 3470 reus
2135 3405 2625 3466 Nabuchodonosor
2644 3443 2659 3468 ,
2714 3399 2951 3454 omnium
2981 3395 3193 3450 tandem
3223 3409 3407 3464 poenas
3438 3395 3566 3451 luit:

1986 3507 2135 3562 dives
2173 3504 2297 3557 item
2339 3499 2461 3570 quia
2507 3494 2638 3550 nihil
2682 3493 2767 3547 hic
2797 3503 3156 3544 :crumnarum
3191 3500 3376 3555 passus
3421 3494 3567 3545 erat.

1986 3598 2105 3653 ideo
2133 3593 2362 3649 maxime
2411 3590 2572 3643 miser
2599 3585 2731 3647 fuit;
2756 3581 2877 3652 quia
2904 3581 2954 3634 in
2997 3580 3093 3633 hac
3116 3578 3219 3631 vita
3256 3577 3530 3632 deliciatus
3552 3619 3565 3639 ,

1988 3689 2112 3744 illuc
2134 3685 2263 3741 abiit
2283 3681 2518 3736 omnium
2551 3692 2735 3746 punias
2759 3674 3001 3736 daturus,
3034 3670 3119 3725 ubi
3150 3670 3345 3723 nullam
3372 3669 3424 3723 in
3456 3683 3571 3722 ma-

1987 3781 2052 3834 lis
2078 3774 2494 3832 consolationem
2516 3769 2751 3839 reperire
2777 3774 2913 3821 erat.
2942 3765 3190 3818 Attamen
3216 3762 3430 3832 quidam
3446 3772 3568 3815 sunt

1986 3874 2057 3928 ita
2091 3868 2262 3939 frigidi
2293 3876 2347 3921 et
2375 3860 2544 3926 stulti,
2567 3870 2623 3914 ut
2652 3858 2930 3930 praesentia
2954 3863 3156 3909 tantum
3184 3867 3396 3922 semper
3419 3866 3562 3921 qua:-

1986 3973 2124 4023 rant,
2144 3971 2197 4017 et
2214 3960 2327 4012 haec
2352 3953 2570 4011 ridicula
2591 3950 2749 4005 verba
2778 3949 3073 4017 proferant:
3097 3945 3308 3997 Interim
3329 3957 3564 4011 prtesen-

1988 4058 2125 4112 tibus
2154 4053 2299 4108 fruar
2319 4048 2584 4110 omnibus;
2605 4052 2730 4097 tunc
2747 4040 2815 4095 de
2841 4038 3056 4093 incertis
3079 4033 3418 4104 prospiciam;
3438 4046 3541 4086 ven
3555 4062 3569 4072 ο

1986 4150 2051 4205 tri
2080 4143 2383 4215 indulgebo,
2414 4134 2770 4207 voluptatibus
2795 4130 3055 4194 serviam,
3088 4127 3276 4181 abutar
3319 4124 3566 4193 praesenti

1986 4243 2112 4295 vita.
2170 4240 2244 4293 Da
2300 4235 2428 4289 mihi
2486 4230 2800 4285 hodiermun
2831 4225 2995 4288 diem,
3043 4232 3096 4275 et
3136 4219 3317 4287 accipe
3377 4217 3568 4271 crasti-

1987 4349 2134 4388 num.
2175 4330 2219 4385 Ο
2258 4329 2525 4396 ingentem
2579 4317 2892 4376 stultitiam!
2943 4315 2997 4369 In
3039 4329 3148 4383 quo
3197 4312 3265 4365 ab
3313 4310 3475 4365 hircis
3516 4320 3571 4368 et

1987 4425 2161 4497 porcis
2200 4420 2452 4477 differunt
2485 4417 2573 4486 qui
2619 4414 2743 4467 talia
2779 4407 3103 4480 loquuntur?
3153 4406 3285 4460 Nam
3340 4403 3387 4458 si
3433 4416 3568 4469 eos,

1985 4519 2073 4589 qui
2112 4514 2177 4569 ad
2225 4525 2447 4568 uxorem
2496 4506 2720 4577 proximi
2749 4503 2827 4557 sui
2859 4500 3125 4563 hinniunt,
3157 4513 3262 4551 non
3291 4497 3417 4551 sinit
3442 4510 3571 4564 pro-

1988 4610 2146 4680 pheta
2193 4604 2438 4658 homines
2464 4597 2701 4669 reputari
2732 4593 2862 4665 (Jer.
2894 4594 2946 4648 5.
2970 4591 3024 4657 8)
3050 4633 3063 4651 .
3105 4591 3224 4660 quis
3263 4603 3362 4643 nos
3385 4589 3569 4657 culpa-

1987 4700 2063 4755 bit
2090 4700 2134 4754 si
2161 4697 2263 4752 hos
2290 4695 2489 4759 hircos,
2519 4704 2711 4758 porcos
2737 4696 2793 4741 et
2840 4685 3003 4739 asinis
3033 4680 3425 4750 insipientiores
3452 4692 3572 4733 esse

1987 4790 2373 4851 existimemus,
2422 4782 2512 4854 qui
2555 4780 2780 4836 clariora
2808 4779 2903 4839 iis,
2945 4790 3064 4845 quat
3092 4772 3261 4827 oculis
3303 4770 3569 4833 videntur,

1989 4884 2190 4938 incerta
2221 4893 2340 4933 esse
2367 4874 2593 4945 putant?
2617 4872 2674 4927 Si
2700 4871 2842 4927 enim
2875 4867 3000 4922 nulli
3033 4867 3122 4920 alii
3150 4862 3346 4928 credis,
3371 4861 3575 4916 daemo—

1987 4975 2143 5029 nibus
2177 4970 2365 5025 saltem
2393 4966 2542 5020 adsta
2577 4963 2703 5017 dum
2739 4961 3117 5019 verberantur;
3154 4956 3219 5009 iis
3242 4953 3446 5008 scilicet
3481 4950 3573 5020 qui

1988 5067 2043 5122 in
2077 5062 2363 5135 perniciem
2395 5070 2628 5112 uosuam
2669 5053 2797 5108 nihil
2826 5068 2930 5106 non
2958 5050 3142 5104 dicunt
3182 5054 3235 5102 et
3260 5052 3441 5115 agunt.
3464 5042 3575 5097 Ne-

1988 5134 2092 5229 que
2119 5154 2259 5210 euim
2290 5152 2393 5206 hoc
2432 5155 2720 5217 negaturus
2753 5159 2832 5208 es,
2860 5143 3005 5212 ipsos
3058 5152 3251 5206 nempe
3288 5134 3420 5189 nihil
3465 5147 3573 5186 non

1989 5264 2146 5321 agere
2174 5258 2230 5301 ut
2250 5242 2509 5300 desidiam
2538 5250 2773 5295 nostram
2803 5243 3050 5305 augeant,
3078 5232 3335 5302 gehennze
3371 5233 3572 5280 metum

1989 5340 2253 5401 auferant,
2287 5335 2627 5403 efﬁciamque
2655 5340 2713 5384 ut
2762 5327 2942 5383 futuro
2963 5324 3164 5396 judicio
3208 5321 3369 5375 fidem
3408 5331 3569 5384 nege-

1992 5449 2129 5488 mus.
2179 5433 2427 5485 Attauten
2457 5426 2546 5495 qui
2576 5424 2690 5477 luce
2733 5420 2972 5490 cupiunt,
3011 5417 3301 5471 clamantes
3354 5419 3409 5463 et
3452 5407 3573 5461 ulu-

1989 5525 2162 5579 lanles
2204 5532 2347 5588 saepe
2372 5559 2386 5584 ,
2418 5524 2679 5571 tormenta
2729 5512 2836 5566 illic
2881 5509 3113 5563 adhibita
3138 5502 3466 5576 praedicant(
3486 5500 3573 5569 τι).

1990 5613 2145 5671 Unde
2185 5611 2347 5681 igitur
2392 5607 2509 5662 lucc
2538 5603 2742 5671 dicunt,
2798 5610 2853 5657 et
2877 5608 3062 5655 contra
3105 5612 3267 5668 quam
3291 5594 3472 5650 volunt
3499 5593 3570 5647 lo-

2053 5747 2128 5858 (ιέ)
2160 5754 2274 5808 Quae
2305 5746 2383 5795 hic
2412 5742 2477 5793 de
2508 5737 2823 5791 daemoniaci:
2848 5735 3102 5785 dicuntur-
3143 5731 3406 5782 observata
3426 5721 3574 5787 digna

2053 5826 2084 5858 n
2113 5841 2125 5854 .

1993 5825 2125 5861 sunt.
