4050 6364
418 382 525 438 215

417 490 690 567 quuntur?
733 489 848 544 Non
898 487 1000 542 alia
1055 486 1123 540 de
1166 499 1366 550 causa,
1418 495 1577 552 quam
1623 477 1765 550 quod
1819 476 2006 546 majori

415 589 658 644 cruciatu
697 593 979 656 cogantur.
1009 581 1191 650 Neque
1221 579 1362 634 enim
1412 577 1611 631 vellent
1639 583 1830 642 sponte
1881 585 2010 624 con-

419 683 600 748 fiteri,
645 681 730 736 vel
781 695 842 734 se
892 693 922 731 a
973 674 1196 729 mortuis
1251 670 1555 726 hominibus
1605 664 1883 736 torqueri,
1923 663 2007 717 vel

415 791 476 832 sc
520 773 741 830 omnino
771 785 934 840 grave
963 765 1234 838 quidpiam
1269 767 1396 833 pati.
1425 761 1538 829 Qua
1577 772 1706 827 ergo
1751 756 1818 810 de
1848 768 2008 809 causa

417 869 533 924 ltzec
577 882 609 922 a
640 881 726 921 me
762 865 903 920 dicta
956 859 1120 916 sunt?
1159 858 1293 927 Quia
1339 855 1634 918 daemones,
1683 849 1772 920 qui
1823 847 2010 902 nolunt

415 959 563 1017 credi
609 958 931 1031 gehennam,
979 965 1155 1009 tamen
1209 950 1507 1020 gehennam
1554 944 1917 1002 confitentur:
1952 950 2009 996 tu

415 1067 545 1107 vero
590 1051 680 1121 qui
727 1059 872 1102 tanto
901 1045 1136 1116 dignaris
1184 1042 1407 1104 honore,
1439 1039 1635 1110 quique
1664 1034 2007 1092 ineﬂ’abiltnm

416 1158 641 1200 Consors
683 1156 742 1196 es
780 1139 1192 1211 mysteriorum,
1252 1148 1350 1189 nec
1419 1132 1540 1186 illos
1583 1129 1842 1193 imitaris,
1913 1123 2010 1180 sed

417 1237 580 1290 etiam
633 1233 737 1288 illis
781 1231 1018 1287 deterior
1061 1229 1230 1283 factus
1277 1241 1357 1280 es.
1407 1224 1622 1294 Ecquis,
1656 1220 1883 1291 inquies,
1941 1217 2012 1272 ab

419 1327 628 1383 inferno
670 1327 836 1387 venit,
887 1333 942 1378 et
985 1323 1102 1377 haec
1145 1317 1449 1375 nuntiavit?
1494 1313 1601 1371 Sed
1652 1323 1706 1368 et
1750 1311 1819 1366 de
1861 1311 2010 1366 crelis

417 1420 538 1490 quis
583 1418 746 1482 venit,
775 1416 1018 1485 dixitque
1066 1415 1233 1470 Deum
1269 1426 1392 1468 esse
1436 1409 1528 1480 qui
1558 1407 1736 1462 omnia
1767 1402 2011 1460 creavit?

417 1509 572 1578 Quod
622 1519 798 1562 autem
859 1507 1092 1562 animam
1144 1503 1433 1558 habeamus
1472 1499 1615 1554 unde
1657 1497 1832 1568 palam
1883 1495 2010 1550 est?

419 1603 474 1657 Si
507 1602 650 1655 enim
694 1601 780 1656 illa
831 1599 1002 1653 solum
1043 1613 1164 1666 quae
1211 1595 1312 1650 sub
1350 1602 1625 1661 aSpectutn
1656 1589 1854 1644 cadunt
1887 1602 2010 1642 cre-

419 1695 628 1748 diturus
668 1709 746 1756 es,
799 1706 862 1745 ac
885 1690 952 1745 de
984 1691 1113 1752 Deo,
1144 1687 1212 1742 de
1259 1687 1483 1757 angelis,
1537 1684 1604 1739 de
1643 1693 1822 1738 mente
1865 1692 1920 1736 et
1944 1680 2012 1734 de

419 1787 595 1841 anima
624 1785 855 1850 dubitas,
885 1784 964 1838 sic
1006 1781 1096 1836 tibi
1121 1780 1302 1836 omnia
1332 1778 1570 1833 veritatis
1610 1776 1858 1847 dogmata
1892 1791 2013 1845 pes-

419 1885 539 1924 sum
639 1869 812 1924 ibunt.
857 1866 1020 1937 Atqui
1047 1867 1092 1922 si
1139 1865 1238 1921 sub
1281 1880 1497 1920 sensum
1528 1863 1842 1918 cadentibus
1891 1873 2008 1916 tan-

422 1970 533 2016 tum
574 1961 654 2015 vis
673 1959 915 2024 credere,
944 1957 1300 2014 invisibilibus
1325 1956 1492 2026 magis
1520 1969 1679 2026 quam
1711 1953 2011 2008 visibililtus

419 2052 609 2109 credas
647 2061 877 2122 oportet.
906 2051 1059 2120 Quod
1097 2051 1141 2107 si
1173 2049 1492 2120 stupendum
1523 2049 1766 2104 videatur
1791 2049 1842 2102 id
1872 2047 2012 2118 quod

420 2143 550 2210 dixi,
579 2153 814 2199 attamen
839 2157 1024 2198 verum
1063 2151 1120 2198 et
1157 2140 1298 2212 apud
1330 2150 1510 2196 mente
1537 2140 1791 2210 prteditos
1813 2141 1864 2194 in
1884 2153 2015 2195 cono

421 2234 566 2292 fesso
580 2247 684 2291 est.
706 2235 856 2292 Oculi
875 2236 1018 2290 enint
1045 2250 1189 2305 saepe
1211 2235 1486 2299 falluntur,
1511 2249 1616 2288 non
1651 2235 1702 2296 in
1735 2233 2014 2288 invisibili-

420 2328 521 2382 bus
535 2337 740 2382 tantum
762 2326 905 2397 (haec
920 2331 1118 2398 quippe
1145 2342 1251 2382 non
1272 2328 1516 2397 norunt),
1537 2327 1634 2382 sed
1651 2327 1703 2382 in
1727 2328 1830 2381 illis
1851 2327 2011 2383 etiam

420 2435 541 2490 qua:
593 2436 819 2476 cernere
877 2420 978 2476 sibi
1031 2419 1318 2486 videntur;
1370 2419 1619 2475 obstante
1665 2418 1869 2475 scilicet
1921 2428 2015 2474 aut

419 2507 709 2573 distantia,
763 2515 855 2560 aut
902 2521 1063 2571 aere,
1119 2515 1211 2561 aut
1259 2515 1440 2561 mente
1489 2506 1599 2560 alio
1629 2507 1868 2571 intenta,
1921 2515 2015 2560 aut

420 2599 524 2663 ira,
573 2607 665 2651 aut
711 2597 1104 2663 sollicitudine,
1143 2607 1235 2650 aut
1278 2596 1544 2652 sexcentis
1592 2596 1713 2651 aliis
1771 2595 2016 2652 obicibus

420 2687 819 2743 accurationem
873 2687 1184 2742 tollentibus
1239 2704 1252 2740 :
1316 2688 1509 2741 anitum
1571 2695 1748 2741 autem
1807 2686 2015 2757 cogita-

423 2777 534 2846 tio,
577 2778 623 2833 si
674 2777 972 2832 divinarum
1023 2777 1420 2846 Scripturarum
1471 2778 1586 2831 luce
1633 2777 2012 2846 perfundatur,

421 2872 721 2927 accuratius
746 2886 810 2927 ac
853 2871 1051 2927 certius
1100 2887 1278 2926 rerum
1319 2870 1578 2941 judicium
1617 2869 1772 2927 feret.
1818 2871 1895 2927 Ne
1913 2873 2014 2928 ita-

421 2979 526 3034 que
547 2977 644 3020 nos
670 2963 816 3035 ipsos
835 2963 1028 3020 frustra
1051 2963 1398 3034 decipiamus,
1413 2979 1548 3020 neve
1569 2974 1761 3034 praeter
1779 2964 1901 3019 vita:
1931 2979 2016 3021 se-

420 3055 638 3126 gnitiem
659 3055 962 3126 hujusmodi
981 3055 1316 3127 dogmatibus
1333 3067 1563 3126 partam,
1593 3057 1752 3111 etiam
1772 3070 1868 3127 pro
1886 3057 2015 3126 ipsis

421 3147 758 3218 dogmatibus
783 3148 1086 3217 graviorem
1117 3147 1272 3202 nobis
1300 3149 1408 3203 vim
1437 3147 1573 3218 ignis
1593 3147 2012 3203 accumuletnus.

422 3241 582 3296 Certe
612 3241 659 3295 si
699 3241 958 3311 judicium
1015 3257 1122 3297 non
1163 3253 1280 3309 est,
1328 3256 1504 3312 neque
1538 3255 1728 3312 ptenas
1771 3240 2016 3296 dabimus

423 3336 709 3402 scelerum,
743 3353 916 3408 neque
943 3338 1185 3392 laborum
1203 3338 1420 3408 praemia
1441 3353 1857 3410 consequemur.
1888 3338 2018 3394 Per-

423 3427 662 3495 pendite,
690 3443 893 3498 quaeso,
917 3444 1023 3499 quo
1054 3429 1272 3484 tendant
1292 3427 1639 3499 blaSphemize
1659 3439 1870 3496 vestrae,
1895 3445 2017 3484 cum

423 3519 618 3584 dicitis,
654 3519 822 3574 Deum
849 3519 1072 3590 justum,
1097 3520 1300 3587 mitem,
1335 3530 1411 3575 tot
1448 3519 1662 3577 labores
1687 3521 2018 3590 sudoresque

423 3609 724 3680 despicere.
757 3610 827 3665 Et
849 3613 1120 3682 quomodo
1149 3612 1264 3667 luec
1292 3613 1482 3668 rationi
1513 3629 1750 3668 consona
1779 3614 2017 3670 fuerint?

500 3701 885 3755 Demonstratur
929 3704 1207 3757 mercedem
1257 3704 1428 3757 virtuti
1474 3715 1521 3758 et
1568 3707 1687 3758 vitio
1725 3724 1924 3776 pomum
1965 3709 2018 3761 in

423 3792 586 3846 altera
614 3794 713 3846 vita
741 3795 1002 3846 reservari.
1043 3824 1114 3833 —
1152 3795 1265 3848 Etsi
1294 3797 1437 3850 enim
1477 3812 1582 3850 non
1626 3797 1841 3852 aliunde
1865 3840 1878 3861 ,
1907 3798 2016 3852 sal-

425 3895 530 3940 tem
569 3900 638 3939 ex
669 3883 733 3938 iis
761 3901 879 3953 qua:
904 3885 956 3938 in
983 3885 1148 3940 domo
1174 3895 1262 3940 tua
1307 3895 1567 3956 geruntur
1614 3887 1729 3942 haec
1759 3887 1974 3958 explora
1997 3930 2015 3956 ,

425 3985 482 4032 et
508 3986 632 4032 tunc
651 3992 811 4046 quam
841 3976 1069 4032 absurda
1101 3979 1216 4033 haec
1234 3979 1341 4032 sint
1367 3977 1760 4049 deprehendes.
1793 3979 2017 4034 Etiamsi

424 4069 568 4125 enim
597 4068 888 4126 admodum
913 4068 1236 4124 inhumanus
1263 4069 1338 4124 sis
1366 4085 1429 4124 ac
1448 4069 1684 4125 crudelis
1711 4113 1725 4136 ,
1755 4071 1865 4126 imo
1889 4070 2018 4140 ipsis

425 4161 557 4218 feris
582 4162 884 4229 immanior,
915 4163 1086 4218 nolles
1109 4173 1255 4218 certe
1282 4178 1494 4218 servum
1524 4173 1672 4219 tuum
1697 4164 2017 4220 benevolum

425 4254 520 4309 tibi
544 4255 777 4310 moriens
799 4255 914 4309 sine
951 4255 1174 4324 przemio
1197 4255 1499 4326 relinquere
1517 4296 1534 4322 ,
1556 4255 1650 4310 sed
1691 4265 1745 4310 et
1773 4255 2018 4310 libertate

426 4346 596 4402 donas
616 4389 632 4415 ,
656 4357 710 4402 et
730 4349 968 4418 pecuniae
987 4363 1211 4403 munere
1235 4365 1250 4411 ;
1281 4357 1336 4402 et
1362 4348 1485 4419 quia
1510 4357 1564 4402 tu
1591 4348 1859 4404 decedens
1887 4349 2019 4402 nihil

429 4451 582 4512 potes
611 4441 747 4496 ultra
787 4442 886 4507 ipsi
913 4440 1159 4496 conferre
1179 4441 1302 4496 boni
1325 4484 1338 4507 ,
1390 4441 1442 4496 id
1468 4441 1608 4511 apud
1642 4441 1870 4496 heredes
1899 4453 2018 4497 tuos

426 4549 606 4597 curas,
633 4548 827 4603 rogans
850 4533 1089 4603 nihilque
1117 4549 1223 4589 non
1251 4547 1436 4602 agens,
1466 4541 1523 4586 ut
1541 4549 1606 4587 ne
1634 4533 1720 4589 ille
1743 4535 1858 4589 sine
1884 4551 2019 4588 mer-

426 4625 559 4680 cede
580 4634 812 4680 maneat.
836 4625 995 4695 Atqui
1021 4625 1064 4680 si
1097 4634 1150 4678 tu
1183 4640 1410 4695 nequam
1433 4626 1630 4693 homo,
1657 4627 1728 4680 ita
1757 4625 2021 4680 humanus

426 4715 872 4785 benignusqnees
899 4730 1027 4786 erga
1067 4715 1354 4781 famulum,
1383 4732 1452 4771 an
1492 4717 1752 4771 immensa
1799 4717 1893 4772 Dei
1921 4719 2017 4771 bo-

427 4807 597 4872 nitas,
644 4805 926 4864 ineffabilis
967 4807 1303 4879 benignitas,
1334 4817 1479 4862 tanta
1509 4808 1596 4864 illa
1626 4810 1978 4864 mansuetudo
2002 4853 2017 4877 ,

425 4898 657 4954 famulos
699 4912 856 4965 suos,
890 4897 1139 4966 Petrum,
1171 4898 1414 4965 Paulum,
1458 4899 1716 4955 Jacobum
1759 4911 1813 4955 et
1858 4900 2025 4955 Joan-

427 5005 590 5056 nem,
634 4989 872 5061 quotidie
916 5001 1135 5061 propter
1189 4989 1339 5046 illum
1393 4992 1726 5060 esurientes,
1771 4993 2020 5059 vinctos,

428 5083 726 5154 tlagellatos
745 5126 762 5150 ,
793 5084 1043 5140 fluctibus
1067 5085 1374 5150 demersos,
1406 5085 1534 5142 feris
1560 5086 1800 5157 objectos
1819 5129 1834 5153 ,
1864 5088 2022 5142 morti

430 5177 687 5242 traditos,
714 5178 925 5246 aliaque
955 5179 1231 5234 innumera
1260 5191 1467 5249 passos,
1491 5180 1834 5236 incoronatos
1865 5181 2025 5236 relin-

429 5272 600 5340 quet?
629 5271 961 5342 Agonotheta
992 5288 1121 5328 sane
1144 5273 1402 5328 victorem
1428 5274 1480 5329 in
1509 5274 1801 5346 Olympicis
1831 5275 2024 5343 praedi-

431 5376 519 5418 Cat
539 5373 595 5418 et
613 5372 868 5429 coronat,
902 5363 1066 5418 herus
1091 5378 1304 5420 servum
1326 5407 1342 5432 ,
1372 5380 1469 5421 rex
1507 5366 1728 5421 militem
1757 5365 2022 5431 honorat,

433 5467 489 5510 et
511 5457 739 5527 quisque
764 5457 978 5512 demum
1001 5457 1148 5512 illum
1175 5458 1268 5528 qui
1292 5458 1395 5514 sibi
1423 5459 1806 5514 ministraverit
1833 5460 2026 5528 quibus

435 5559 614 5619 potest
641 5550 796 5605 bonis
824 5560 1132 5607 remunerat
1163 5569 1176 5606 :
1207 5552 1452 5622 Deosque
1481 5553 1656 5618 solus,
1699 5562 1819 5621 post
1849 5562 2027 5607 tantos

434 5641 661 5696 sudores
688 5653 743 5696 et
783 5642 1019 5709 labores,
1065 5658 1166 5698 nec
1206 5659 1427 5713 parvum
1457 5659 1557 5700 nec
1606 5659 1854 5715 magnum
1898 5645 2026 5713 ipsis

435 5729 632 5787 bonum
675 5735 916 5801 confert,
947 5737 1039 5792 sed
1081 5736 1209 5805 justi
1253 5737 1327 5790 illi
1367 5752 1430 5792 ac
1455 5737 1528 5807 pii
1561 5737 1697 5802 viri,
1725 5739 1814 5808 qui
1866 5752 2027 5795 omne

439 5826 644 5885 virtutis
682 5842 855 5900 genus
909 5829 1152 5889 adierunt
1172 5872 1188 5900 ,
1238 5830 1429 5889 eadem
1474 5841 1632 5890 erunt
1678 5830 2024 5912 conditione,

1138 371 1194 426 S.
1235 366 1512 426 JOANNIS
1547 359 2028 423 CHRYSBSTOMI
2069 361 2387 419 ARCHIEP.
2427 359 2985 419 CONSTANTINOP.

3588 360 3694 415 alii

2113 494 2222 548 qua
2271 479 2495 541 mozchi,
2542 466 2860 547 parricidae,
2919 476 3208 532 homicidae
3250 477 3697 544 tumulorumque

2115 569 2481 624 eﬂ‘ossores'?
2513 569 2694 640 Ecqua
2726 571 2854 624 insit
2879 571 2933 624 in
2975 571 3061 624 Itis
3100 559 3271 624 ratio?
3307 571 3362 623 Si
3393 570 3541 624 enim
3562 569 3697 622 nihil

2116 665 2257 720 ultra
2274 677 2359 721 est
2381 673 2500 734 post
2533 666 2834 721 discessum
2853 677 2918 720 ex
2949 665 3052 720 hac
3081 667 3214 726 vita,
3235 665 3347 720 etsi
3385 673 3571 718 nostra
3591 665 3698 718 sint

2115 762 2402 828 prwscntis
2418 761 2542 814 vitae
2556 761 2819 814 limitibus
2837 761 3269 829 circumscripta,
3297 761 3349 813 in
3364 760 3556 813 eodem
3572 765 3704 814 sunt

2113 850 2255 894 statu
2281 851 2335 894 et
2364 839 2416 893 hi
2438 847 2493 895 et
2517 840 2630 903 illi;
2663 840 2768 895 into
2795 855 2898 894 non
2938 839 3129 894 eodem
3169 841 3220 894 itt
3247 848 3408 894 statu.
3449 839 3509 894 Si
3537 840 3707 903 enim,

2113 933 2403 989 secundum
2435 943 2487 988 te
2506 974 2520 997 ,
2575 933 2796 1003 posthac
2824 933 3014 987 eodem
3044 934 3097 987 in
3135 942 3277 987 statu
3304 933 3412 986 sint
3441 950 3454 986 :
3485 941 3540 986 at
3577 931 3662 986 hic
3689 971 3708 996 ,

2114 1027 2187 1082 illi
2219 1028 2270 1081 in
2302 1026 2703 1096 tranquillitate,
2725 1027 2775 1080 lti
2802 1027 2853 1080 iu
2883 1026 3146 1095 supplicio
3173 1033 3284 1079 tcto
3311 1034 3556 1095 tempore
3581 1041 3706 1078 ver-

2113 1119 2212 1173 sati
2237 1128 2380 1173 sunt.
2413 1119 2606 1187 Ecquis
2635 1133 2890 1190 tyrannus
2915 1118 3163 1172 immanis
3182 1159 3198 1183 ,
3243 1117 3362 1187 quis
3392 1117 3556 1172 homo
3580 1132 3708 1170 cru-

2114 1210 2250 1266 delis
2277 1220 2332 1266 et
2353 1211 2670 1264 inhumanus
2693 1224 2880 1265 servos
2908 1209 3258 1278 subditosque
3281 1223 3411 1263 suos
3437 1211 3515 1262 sic
3539 1223 3712 1264 exce-

2115 1304 2236 1374 pit?
2263 1304 2446 1359 Viden‘
2490 1304 2757 1376 ingentem
2806 1287 3226 1365 absurditatem:
3259 1311 3313 1356 et
3351 1303 3442 1371 qui
3489 1300 3612 1356 finis
3639 1302 3709 1354 sit

2117 1395 2238 1451 talis
2263 1395 2567 1451 ratiocinii?
2592 1393 2775 1465 Itaque
2795 1395 2840 1450 si
2868 1394 3014 1448 nullo
3038 1394 3164 1460 alio,
3193 1393 3298 1448 hoc
3322 1393 3514 1448 saltem
3536 1393 3707 1448 ratio-

2114 1488 2257 1543 cinio
2283 1488 2551 1551 eruditus,
2599 1487 2738 1541 hanc
2775 1487 3063 1555 pessimam
3108 1485 3418 1554 opinionem
3448 1485 3668 1553 repudia
3689 1521 3710 1549 ,

2115 1579 2237 1649 fuge
2260 1578 2513 1632 malitiam
2535 1620 2550 1643 ,
2575 1586 2628 1632 et
2652 1577 2865 1632 labores
2893 1592 2990 1646 pro
3013 1577 3208 1632 virtute
3231 1577 3442 1647 suscipe
3461 1615 3476 1640 ,
3499 1585 3553 1631 et
3582 1585 3712 1629 tunc

2114 1672 2252 1726 scies
2278 1683 2460 1725 nostra
2484 1687 2588 1724 non
2610 1685 2732 1726 esse
2759 1671 3038 1740 prtesentis
3055 1671 3178 1723 vitae
3203 1669 3460 1724 limitibus
3482 1669 3713 1723 circum-

2117 1763 2336 1831 scripta.
2390 1761 2445 1817 Si
2493 1761 2612 1831 quis
2667 1771 2844 1816 autem
2896 1771 3101 1831 quierat
3141 1777 3172 1814 a
3217 1769 3312 1815 te:
3343 1760 3539 1830 Ecquis
3583 1760 3710 1814 inde

2117 1855 2334 1909 veniens
2361 1853 2446 1908 illa
2469 1853 2770 1908 nuntiavit?
2816 1853 3080 1922 reSponde
3118 1853 3193 1907 illi
3225 1872 3238 1908 :
3272 1851 3444 1908 Homo
3489 1851 3706 1923 quidem

2116 1948 2329 2002 nullus:
2363 1962 2485 2001 nam
2523 1948 2566 2000 si
2597 1945 2758 2000 homo
2800 1953 2974 2009 esset,
3019 1959 3125 1999 non
3156 1944 3230 1998 illi
3257 1943 3518 1999 creditum
3563 1959 3711 2012 sape

2116 2039 2324 2107 fuisset,
2357 2049 2538 2110 utpote
2572 2039 2662 2110 qui
2692 2055 2779 2094 res
2804 2045 3150 2109 exaggeraret
3190 2038 3648 2107 amplificaretque
3692 2054 3706 2089 :

2117 2132 2427 2202 angelorum
2458 2147 2586 2186 vero
2614 2131 2872 2184 Dominus
2899 2131 2988 2185 illa
3009 2130 3188 2185 omnia
3213 2137 3460 2184 accurate
3489 2129 3707 2182 nuutia-

2117 2224 2212 2277 vit.
2265 2222 2403 2290 Quid
2455 2237 2583 2292 ergo
2613 2237 2747 2293 opus
2771 2221 3020 2286 homine,
3063 2235 3186 2275 cum
3235 2221 3280 2274 is
3309 2218 3399 2288 qui
3445 2234 3632 2288 poenas
3677 2234 3709 2271 a

2119 2313 2274 2368 nobis
2320 2323 2604 2368 exacmrus
2639 2321 2757 2377 est,
2787 2311 3023 2383 quotidie
3065 2311 3262 2366 clamet
3299 2325 3360 2366 se
3407 2311 3710 2380 gehennam

2117 2406 2388 2476 paravisse
2408 2445 2422 2469 ,
2453 2413 2507 2460 et
2536 2419 2756 2473 regnum
2805 2418 3184 2458 concessurum
3213 2417 3366 2468 esse,
3411 2402 3715 2471 horumque

2117 2499 2273 2554 nobis
2291 2508 2600 2566 argumenta
2627 2498 2769 2551 clara
2801 2497 3036 2566 praebeat
3055 2496 3080 2548 ?
3127 2495 3259 2550 Nam
3286 2493 3332 2549 si
3366 2509 3470 2548 non
3495 2493 3710 2562 judica-

2119 2599 2271 2646 turus
2292 2598 2453 2654 esset,
2480 2605 2547 2644 ne
2575 2589 2660 2642 hic
2686 2589 2899 2658 quidem
2924 2601 3173 2656 umquam
3204 2599 3388 2654 poenas
3417 2585 3710 2653 exegisset.

2119 2683 2328 2738 Etenim
2359 2683 2408 2736 id
2430 2696 2642 2753 quoque
2669 2681 2937 2752 quomodo
2963 2695 3083 2734 cum
3107 2683 3312 2733 ratione
3332 2688 3612 2742 consonet,
3641 2691 3712 2732 ex

2119 2777 2432 2832 facinorosis
2459 2777 2593 2832 alios
2624 2775 2831 2845 puniri,
2863 2775 2998 2828 alios
3028 2773 3291 2827 minime?
3327 2771 3458 2826 Nam
3488 2771 3532 2825 si
3570 2771 3717 2826 Deus

2117 2877 2375 2941 personas
2399 2883 2507 2922 non
2530 2867 2742 2934 accipit,
2766 2865 2909 2935 quod
2935 2879 3122 2918 verum
3148 2872 3296 2917 certe
3327 2872 3428 2929 cst,
3452 2877 3548 2916 cur
3569 2861 3714 2916 hunc

2120 2963 2260 3017 ultus
2286 2971 2367 3014 est
2392 3001 2406 3024 ,
2441 2959 2583 3014 hunc
2619 2958 2835 3027 impune
2864 2956 3012 3011 abire
3042 2954 3205 3010 sivit?
3233 2955 3344 3010 Hoc
3371 2954 3515 3010 enim
3542 2953 3716 3025 majo-

2119 3070 2234 3110 rem
2278 3069 2436 3121 quam
2482 3066 2640 3122 supra
2685 3051 2824 3105 dicta
2863 3048 3228 3105 difficultatem
3274 3055 3473 3102 rueret.
3518 3046 3623 3102 Sed
3664 3047 3716 3101 si

2119 3147 2262 3204 bono
2291 3163 2376 3202 me
2415 3147 2591 3218 animo
2622 3145 2808 3199 audire
2834 3143 3109 3199 volueritis
3129 3182 3144 3208 ,
3178 3141 3315 3197 ltanc
3343 3155 3557 3213 quoque
3601 3140 3715 3196 sol-

2119 3256 2307 3295 vetnus
2355 3239 2726 3309 qumstionem.
2759 3236 3014 3304 Qumnam
3045 3251 3174 3305 ergo
3201 3237 3396 3290 solutio
3433 3236 3558 3290 est?
3601 3234 3716 3289 Nee

2119 3335 2188 3389 ab
2237 3334 2485 3388 omnibus
2531 3333 2616 3387 Itic
2644 3347 2831 3404 ptenas
2869 3333 3070 3401 exigit,
3101 3347 3167 3385 ne
3206 3331 3270 3384 de
3316 3330 3719 3384 resurrectione

2120 3428 2373 3496 desperes
2397 3435 2451 3481 et
2475 3425 2542 3480 de
2568 3424 2746 3479 futuro
2769 3423 2990 3494 judicio,
3011 3422 3161 3492 quasi
3189 3437 3377 3476 omnes
3405 3421 3491 3475 hic
3520 3434 3712 3489 pennas

2121 3519 2365 3574 dederint
2390 3537 2403 3572 :
2435 3532 2606 3586 neque
2627 3529 2815 3570 omnes
2847 3515 3063 3584 impune
3090 3513 3218 3567 sinit
3243 3513 3425 3577 abire;
3457 3525 3529 3566 ne
3553 3521 3716 3580 putes

2120 3610 2296 3664 omnia
2345 3609 2461 3663 sine
2503 3607 2611 3662 ulla
2659 3605 2993 3677 providentia
3019 3603 3134 3676 geri
3169 3620 3181 3656 :
3221 3603 3314 3657 sed
3353 3611 3409 3657 et
3439 3603 3626 3672 punit,
3655 3611 3716 3655 et

2122 3722 2226 3759 non
2254 3706 2420 3774 punit.
2450 3705 2584 3759 Cum
2620 3703 2766 3772 punit
2791 3712 2970 3755 autem
2993 3741 3007 3764 ,
3037 3698 3308 3766 ostendit,
3343 3712 3402 3752 se
3443 3697 3604 3751 etiam
3643 3695 3721 3750 ab

2121 3799 2225 3853 illis
2249 3799 2339 3869 qui
2385 3798 2470 3854 hic
2500 3798 2641 3868 plexi
2670 3806 2792 3851 sunt
2821 3810 3006 3862 pmnas
3050 3792 3159 3847 illic
3204 3802 3514 3847 exacturum
3555 3804 3716 3854 esse;

2121 3907 2242 3948 cum
2272 3907 2400 3946 vero
2432 3907 2535 3945 non
2567 3891 2756 3964 punit,
2786 3899 2837 3943 te
2873 3887 2938 3942 ad
2969 3885 3294 3942 credendum
3337 3884 3569 3946 inducit,
3594 3899 3721 3938 esse

2122 3993 2244 4054 post
2293 3998 2572 4038 excessum
2616 3998 2680 4036 ex
2726 3981 2826 4035 hac
2851 3982 2956 4033 vita
2981 3977 3213 4033 tribunal
3257 3976 3604 4032 horrendum.
3657 3975 3718 4030 Si

2121 4091 2282 4146 porro
2309 4075 2484 4144 priora
2512 4073 2730 4127 omnino
2772 4072 3063 4142 negligeret
3083 4112 3098 4136 ,
3140 4069 3315 4124 nullos
3346 4069 3433 4122 hic
3458 4068 3673 4138 puniret
3698 4107 3718 4133 ,

2123 4166 2298 4222 nullos
2341 4166 2614 4222 beneficiis
2650 4164 2890 4219 afficeret
2921 4181 2934 4217 :
2976 4178 3116 4217 nunc
3153 4170 3332 4216 autem
3369 4161 3518 4216 vides
3565 4161 3720 4214 illum

2125 4270 2342 4328 propter
2368 4269 2418 4312 te
2443 4267 2499 4312 et
2523 4256 2712 4312 cmlum
2737 4255 3047 4312 extendisse
3065 4297 3080 4321 ,
3105 4264 3156 4310 et
3188 4255 3354 4310 solem
3383 4253 3724 4320 accendisse,

2124 4361 2180 4405 ct
2213 4361 2407 4406 terram
2439 4349 2689 4405 fundasse
2708 4391 2724 4416 ,
2753 4358 2806 4405 et
2837 4364 2982 4403 mare
3010 4348 3211 4404 fudisse
3236 4389 3250 4412 ,
3279 4358 3334 4401 et
3373 4363 3552 4402 acrem
3584 4362 3722 4416 pan-

2124 4442 2267 4496 disse
2288 4485 2301 4506 ,
2329 4454 2382 4497 et
2413 4443 2549 4496 lunae
2570 4457 2758 4497 cursus
2786 4441 3136 4510 disposuisse,
3179 4450 3232 4494 et
3274 4439 3399 4492 anni
3427 4447 3726 4506 tempesta-

2128 4536 2269 4590 tibus
2326 4537 2572 4588 immotas
2627 4534 2877 4588 statuisse
2929 4533 3108 4602 leges,
3176 4541 3478 4600 czeteraque
3536 4529 3724 4584 omnia

2127 4629 2292 4698 ipsius
2315 4636 2444 4681 nuttt
2471 4634 2717 4682 accurate
2741 4642 2959 4680 cursum
2993 4639 3145 4679 suum
3178 4625 3454 4693 perlicere.
3478 4623 3545 4676 At
3575 4623 3724 4676 enim

2125 4731 2312 4776 natura
2332 4729 2533 4785 nostra,
2559 4730 2746 4773 natura
2769 4732 2979 4788 quoque
3007 4714 3476 4780 irrationabilium,
3498 4729 3728 4784 serpen—

2127 4815 2299 4879 tium,
2360 4811 2732 4884 gradentium,
2775 4810 3104 4870 volantium,
3159 4809 3488 4872 natantium,
3533 4823 3727 4861 eorum

2127 4923 2247 4978 quae
2269 4908 2320 4960 in
2346 4906 2545 4974 stagnis
2570 4946 2584 4970 ,
2611 4905 2661 4957 in
2704 4903 2936 4958 footibus
2961 4943 2972 4966 ,
2996 4903 3052 4956 in
3088 4901 3420 4967 fluminibus,
3446 4900 3497 4954 in
3527 4901 3730 4954 monti-

2128 4999 2230 5053 bus
2250 5040 2266 5065 ,
2299 4998 2351 5052 in
2378 4997 2604 5052 saltibus
2625 5039 2639 5063 ,
2686 4996 2739 5050 in
2770 4995 3017 5050 domibus
3042 5035 3057 5060 ,
3109 4995 3161 5047 in
3199 5008 3324 5048 acre
3347 5034 3360 5056 ,
3393 4993 3444 5046 in
3482 4991 3690 5061 campis
3712 5034 3728 5056 ,

2132 5094 2326 5164 plantae
2345 5134 2360 5156 ,
2403 5093 2606 5146 semina
2624 5132 2637 5152 ,
2667 5090 2886 5144 arbores
2912 5105 3005 5143 seu
3037 5087 3313 5142 silvestres
3332 5127 3348 5152 ,
3376 5102 3471 5141 seu
3499 5087 3682 5140 sativae
3708 5125 3723 5148 ,

2131 5189 2416 5243 fructuosa:
2437 5187 2523 5240 vel
2541 5185 2904 5250 infructuosm,
2925 5184 3102 5237 omnia
3125 5182 3336 5236 demunt
3361 5181 3430 5235 ab
3452 5178 3721 5234 indefessa

2133 5281 2221 5334 illa
2251 5295 2409 5333 manu
2433 5287 2576 5333 mota
2606 5278 2766 5331 vitam
2812 5283 3048 5331 nostram
3079 5277 3288 5340 fovent,
3341 5287 3449 5328 non
3474 5272 3538 5326 ad
3572 5287 3733 5327 usum

2132 5381 2361 5438 tantum,
2390 5371 2485 5427 sed
2511 5372 2670 5425 etiam
2699 5369 2764 5425 ad
2793 5369 3166 5426 liberalitatem
3195 5367 3551 5423 exercendam
3580 5375 3630 5420 ct
3661 5367 3731 5420 ad

2135 5463 2444 5518 famulatum
2488 5463 2844 5518 ministerium
2869 5477 3023 5517 suum
3052 5461 3208 5516 nobis
3237 5461 3549 5530 praebentia.
3581 5457 3732 5513 Tau-

2135 5563 2247 5608 tum
2276 5556 2455 5624 itaque
2473 5553 2659 5609 videns
2689 5568 2866 5608 rerum
2890 5551 3130 5606 ordinem
3157 5552 3260 5606 etsi
3286 5551 3530 5620 exiguam
3554 5549 3735 5607 solum

2135 5647 2250 5716 ejus
2297 5657 2498 5716 partem
2548 5645 2842 5701 referamus
2866 5685 2883 5712 ,
2911 5645 3091 5698 dicere
3130 5643 3295 5698 audes
3320 5685 3336 5708 ,
3367 5655 3490 5696 eum
3521 5640 3614 5712 qui
3661 5649 3743 5698 tot

2139 5749 2390 5809 tantaque
2443 5748 2656 5809 propter
2688 5750 2740 5794 te
2763 5745 3014 5808 operatus
3041 5745 3140 5803 est,
3177 5737 3228 5792 in
3253 5735 3509 5793 extremis
3537 5745 3592 5791 te
3636 5751 3740 5792 ne-

2201 5842 2220 5875 ι
2257 5838 2374 5902 Alii,
2423 5853 2772 5907 murorumque
2812 5839 3086 5904 emissent.
