4050 6364
447 384 552 436 217

445 497 676 552 ἀνύοντα
715 494 937 566 δρόμον.
963 496 1075 549 Καὶ
1103 495 1213 568 γάρ
1238 499 1270 568 ή
1301 487 1466 569 φύσις
1496 498 1530 568 ή
1566 495 1830 566 ἡμετέρα,
1875 492 1972 546 καὶ
1997 494 2031 563 ἡ

445 580 554 634 τῶν
596 578 831 648 ἀλόγων,
861 578 972 632 τῶν
1019 581 1320 651 ἑρπόντων,
1376 581 1490 634 τῶν
1545 577 1890 650 βαδιζόντων,
1923 576 2034 629 τῶν

448 664 786 734 πετομένων,
813 663 924 717 τῶν
954 663 1296 737 νηχομένων,
1325 665 1433 720 τῶν
1467 667 1525 719 ἐν
1557 663 1798 734 λίμναις,
1826 661 1937 715 τῶν
1976 662 2034 713 ἐν

448 751 676 820 πηγαῖς,
705 747 818 803 τῶν
845 751 904 804 ἑν
934 752 1222 820 ποταμοῖς,
1247 748 1357 802 τῶν
1399 751 1460 802 ἐν
1503 748 1677 820 ὄρεσι,
1707 747 1816 799 τῶν
1850 747 1908 799 ἐν
1940 745 2035 800 νά·

447 851 600 898 παις,
639 833 750 887 τῶν
775 835 833 887 ἐν
861 834 1082 902 οἰκίαις,
1139 834 1250 888 τῶν
1283 835 1344 886 ἐν
1389 833 1533 905 ἀέρι,
1568 833 1678 886 τῶν
1709 832 1768 883 ἐν
1809 831 2033 895 πεδίοις,

448 919 543 971 καὶ
572 915 735 987 φυτὰ,
778 917 874 970 καὶ
917 917 1231 988 σπέρματα,
1284 915 1378 970 καὶ
1411 916 1626 986 δένδρα,
1659 913 1730 968 τά
1757 929 1818 966 τε
1843 914 2033 985 ἄγρια,

446 1001 517 1054 τά
552 1017 614 1054 τε
641 1000 676 1070 ἦ
686 1018 750 1070 με
761 1017 848 1072 ρα,
871 1001 942 1054 τά
960 1019 1019 1054 τε
1038 1001 1295 1073 ἔγκαρπα
1323 1001 1418 1054 καὶ
1439 999 1667 1071 ἄκαρπα
1687 999 1728 1064 ³,
1742 997 1837 1052 καὶ
1856 999 2036 1052 πάντα

446 1083 635 1146 ἁπλῶς
664 1083 768 1138 ὑπὸ
792 1084 890 1153 τῆς
919 1084 1204 1156 ἀκαμάτου
1235 1083 1532 1153 κινούμενα
1575 1081 1758 1153 χειρὸς
1793 1080 2033 1151 ἐκείνης,

452 1165 553 1232 τὴν
574 1166 852 1238 ἡμετέραν
880 1169 1154 1238 οἰκονομεῖ
1176 1167 1344 1238 ζωὴν,
1360 1169 1420 1220 ού
1451 1165 1587 1238 πρὸς
1625 1163 1818 1238 χρείαν
1851 1163 2036 1234 μόνον,

447 1250 584 1304 ἀλλά
607 1251 701 1304 καὶ
732 1249 869 1322 πρὸς
905 1251 1220 1321 φιλοτιμίαν
1245 1251 1346 1322 τὴν
1371 1249 1648 1304 διακονίαν
1685 1249 1818 1320 ἡμῖν
1849 1246 1909 1311 ἐξ
1936 1247 2038 1300 αύ-

447 1332 555 1386 τῶν
618 1335 991 1406 παρεχόμενα.
1066 1333 1352 1404 Τοσαύτην
1409 1333 1589 1387 τοίνυν
1663 1330 1807 1404 ὁρῶν
1876 1331 2035 1384 εὐτα-

447 1416 588 1482 ξίαν,
623 1418 870 1486 καίτοιγε
916 1417 1038 1471 οὐδὲ
1093 1417 1156 1470 τὸ
1201 1417 1494 1471 πολλοστὸν
1565 1415 1794 1484 εἴπομεν
1844 1413 2032 1484 μέρος,

445 1499 652 1571 τολμᾷς
680 1503 876 1567 εἰπεῖν,
901 1501 980 1554 ὅτι
1011 1502 1040 1554 6
1063 1500 1304 1554 τοσαῦτα
1333 1500 1429 1554 καὶ
1461 1495 1766 1570 τηλικαῦτα
1797 1495 2034 1568 ἐργασά-

449 1600 611 1651 μενος
635 1584 722 1638 διά
749 1586 830 1653 σὲ,
856 1587 915 1638 ἐν
930 1587 1044 1647 τοῖς
1061 1584 1298 1656 καιρίοις
1321 1601 1382 1637 σε
1404 1581 1732 1653 παρόψεται,
1766 1581 1862 1633 καὶ
1894 1577 2035 1649 μετά

444 1667 556 1721 τῶν
607 1668 745 1722 ὄνων
802 1670 896 1722 καὶ
941 1670 1052 1723 τῶν
1097 1670 1294 1740 χοίρων
1348 1669 1550 1738 ἀφήσει
1578 1665 2032 1736 δτελευτήσαντα

447 1753 680 1818 κεῖσθαι,
713 1755 807 1807 καῖ
829 1752 988 1825 δώρῳ
1017 1770 1078 1806 σε
1100 1755 1342 1825 τιμήσας
1365 1751 1628 1822 τοσούτῳ,
1655 1749 1734 1820 τῷ
1751 1749 1852 1814 τῆς
1875 1748 2032 1800 εύσε-

447 1838 622 1905 βείας,
715 1839 810 1892 καὶ
840 1838 950 1892 τῶν
980 1838 1229 1907 ἀγγέλων
1250 1836 1506 1908 ἐποίησεν
1534 1835 1669 1899 ἴσον,
1705 1831 2030 1904 περιόψεταί

447 1938 507 1974 σε
537 1921 676 1992 μετά
704 1922 830 1986 τοὺς
867 1922 1095 1994 μυρίους
1119 1921 1317 1984 πόνους
1349 1919 1445 1973 καὶ
1474 1919 1732 1990 ἱδρῶτας;
1763 1917 1876 1970 Καὶ
1912 1913 2029 1978 πῶς

1120 378 1177 436 S.
1217 378 1504 436 JOANNIS
1541 371 2036 435 CHRYSOSTOMI
2074 370 2401 428 ARCIHEP.
2439 368 2992 430 CONSTANTINOP.

3610 357 3720 413 τη

2135 490 2203 545 ἂν
2227 491 2340 561 ἔχοι
2366 489 2541 544 ταῦτα
2571 489 2764 560 λόγον;
2813 485 3004 542 Ταῦτα
3035 482 3164 553 γὰρ,
3227 478 3334 533 κᾶν
3371 477 3534 561 ἡμεῖς
3564 474 3727 561 σιγή-

2138 558 2341 644 σωμεν,
2362 575 2413 627 οἰ
2441 573 2580 627 λίθοι
2625 558 3018 643 κεκράξονταιο
3052 565 3198 619 οὕτω
3236 562 3388 631 σαφῆ
3422 559 3518 644 καί.
3558 558 3718 644 δῆλα.

2136 640 2232 710 καί
2249 658 2348 728 τῆς
2375 658 2592 722 ἀκτῖνος
2622 640 2796 726 αὐτῆς
2847 655 2965 707 ἐστι
3006 650 3279 720 φανότερα
3327 648 3370 700 ⁸.
3408 643 3574 728 Ταῦτ’
3624 640 3723 728 οὖν

2134 725 2355 794 ἅπαντα
2374 725 2759 810 λογισάμενοι,
2787 737 2881 791 καὶ
2913 735 3201 796 πείσαντες
3227 729 3326 802 τὴν
3361 727 3574 783 ἑαυτῶν
3610 725 3718 794 ψυο

2135 824 2259 896 χὴν,
2290 825 2374 877 ὄτι
2404 823 2542 896 μετά
2568 822 2666 895 τήν
2713 820 2962 876 ἐντεῦθεν
2996 815 3309 887 ἀποδημίαν
3362 813 3457 868 καλ⁵
3513 810 3720 896 βήματι

2137 894 2604 978 παραστησόμεθα
2627 894 2869 976 φοϐερῷ,
2900 902 2996 956 καὶ
3028 901 3184 969 λόγον
3203 897 3446 968 δώσομεν
3483 894 3591 948 τῶν
3618 910 3720 978 πεέ

2136 976 2477 1061 πραγμένων
2528 990 2804 1052 ἀπάντων,
2856 987 2952 1040 καὶ
3000 983 3232 1046 εὐθύνας
3283 981 3576 1051 ὑφέξομεν,
3627 976 3726 1029 καὶ

2134 1073 2289 1146 δίκην
2333 1073 2771 1145 ὑποστησόμεθα,
2828 1071 2894 1124 ἂν
2946 1071 3199 1140 μένωμεν
3249 1061 3722 1146 πλημμελοῦντες,

2135 1145 2251 1212 καῖ
2280 1157 2560 1229 στεφάνων
2607 1154 3031 1225 ἁπολαυσόμεθα
3077 1151 3172 1206 καὶ
3210 1148 3431 1217 ἀγαθῶν
3483 1145 3725 1229 ἀπορρή-

2133 1259 2263 1304 των,
2293 1241 2360 1296 ἀν
2388 1227 2592 1312 μικρὸν
2635 1240 2848 1302 ἑαυτοῖς
2867 1237 3154 1310 προσέχειν
3184 1231 3558 1306 βουληθῶμεν,
3593 1227 3724 1291 τούς

2132 1344 2194 1380 τε
2252 1326 2632 1396 ἀντιλέγοντας
2673 1325 2768 1378 ἐπὶ
2804 1323 3052 1384 τούτοις⁶
3103 1317 3568 1389 ἐπιστομίζωμεν,
3625 1314 3723 1367 καὶ

2133 1411 2290 1465 αὐτοὶ
2352 1412 2453 1480 τὴν
2506 1412 2601 1482 τῆς
2669 1409 2875 1480 ἀρετῆς
2928 1396 3068 1461 ὁδὸν
3102 1403 3376 1478 ἑλώμεθα,
3435 1401 3524 1454 ἵνα
3583 1397 3723 1470 μετά

2133 1494 2447 1567 παρρησίας
2477 1493 2576 1563 τῆς
2621 1491 3012 1564 προσηκούσης
3041 1492 3122 1553 εἰς
3161 1491 3341 1542 ἐκεῖνο
3367 1485 3430 1538 τὸ
3465 1483 3723 1552 δικαστή-

2136 1597 2252 1650 ριον
2271 1579 2620 1643 ἀπελθόντες,
2648 1577 2890 1648 ἐπιτύχω
2898 1594 2994 1647 μεν
3011 1574 3120 1628 τῶν
3139 1569 3569 1644 ἐπηγγελμένων
3587 1569 3721 1636 ἡμῖν

2135 1663 2286 1736 [178]
2315 1661 2558 1731 ἀγαθῶν,
2591 1661 2774 1732 χάριτι
2822 1661 2916 1713 καὶ
2946 1657 3332 1729 φιλανθρωπίᾳ.
3377 1652 3476 1707 τοῦ
3511 1651 3718 1736 Κυρίου

2134 1733 2292 1819 ήμῶν
2345 1744 2518 1816 Ἰησοῦ
2544 1744 2805 1816 Χριστοῦ.
2843 1737 2888 1811 ᾧ
2915 1745 2949 1814 ὴ
2982 1741 3111 1806 δόξα
3141 1741 3237 1795 καὶ
3264 1739 3327 1792 τὸ
3361 1737 3586 1809 κράτος,
3622 1733 3721 1816 νῦν

2135 1831 2230 1884 καὶ
2254 1830 2338 1884 ἀεὶ
2371 1831 2465 1883 καὶ
2501 1830 2582 1892 εἰς
2609 1829 2735 1891 τοὺς
2759 1827 2965 1890 αἰῶνας
2996 1826 3107 1878 τῶν
3134 1823 3370 1879 αίώνων.
3417 1821 3612 1892 Ἀμήν.

518 2015 539 2047 ⁸
564 2015 658 2069 καὶ
680 2017 1126 2086 ἀκαρπαίςιοευιιι
1145 2018 1197 2070 in
1222 2016 1380 2080 meis,
1413 2015 1550 2086 eljn
1576 2013 1721 2086 Edd._
1743 2021 1871 2086 ame
1889 2009 2023 2086 Be_n.

2137 2018 2360 2086 noscpnt
2383 2007 2620 2078 lnlerpp.
2678 2007 2698 2039 ⁸
2725 2006 2923 2077 ἀφίησι
2943 2004 3003 2057 D.
3037 2004 3287 2072 Ε.άφησι
3311 1999 3374 2054 F.
3422 1997 3444 2030 '
3473 1994 3721 2068 ἀνώτερα

445 2085 507 2139 D.
535 2080 966 2159 φανερώτέραῖ.
1002 2086 1356 2158 λαμπρότερα
1385 2085 1452 2140 Α.
1479 2085 1541 2141 Β.
1564 2085 1628 2140 C.
1705 2084 1726 2115 °
1760 2082 1853 2136 ἐπὶ⁷
1881 2080 2033 2134 τούτο

2137 2097 2220 2133 un.
2255 2081 2323 2134 Α.

473 2184 3702 2216 __,_________________________—___.______.____———

1925 2265 2171 2319 OMIAIA
2214 2265 2314 2322 IA'.

457 2337 744 2409 Ἀκούσας
775 2339 845 2396 δὲ
875 2345 908 2398 ό
943 2341 1200 2409 Ἰησοῦς,
1238 2341 1327 2394 ὅτι
1368 2340 1652 2406 Ἰωάννης
1703 2335 2026 2407 παρεδόθη,

713 2412 1104 2482 ἀνεχώρησεν
1132 2414 1221 2476 εἰς
1246 2410 1362 2476 τὴν
1389 2411 1742 2465 Γαλιλαίαν.

515 2494 586 2550 α’.
613 2496 771 2561 Τίνος
793 2497 980 2550 ἕνεκεν
996 2496 1272 2565 ἀναχωρεῖ
1292 2495 1334 2559 ⁷;
1362 2493 1532 2547 Πάλιν
1557 2491 1830 2546 παιδεύων
1858 2491 2027 2563 ἡμᾶς,

448 2581 524 2651 μὴ
579 2580 746 2652 ὁμόσε
792 2583 990 2651 χωρεῖν
1043 2581 1155 2642 τοῖς
1205 2579 1551 2648 πειρασμοῖς,
1589 2575 1704 2630 ἀλλ’
1736 2577 1904 2629 εῖκειν
1936 2575 2032 2628 καὶ

443 2665 815 2734 παραχωρεῖν.
884 2663 960 2715 Ού
995 2662 1118 2736 γάρ¹
1143 2660 1397 2730 ἔγκλημα
1437 2659 1498 2712 τὸ
1534 2658 1610 2730 μὴ
1653 2659 1866 2730 ρίπτειν
1909 2659 2033 2712 ἐαυ-

441 2749 534 2798 τὸν
567 2749 644 2810 εἰς
685 2746 949 2808 κίνδυνον,
983 2744 1120 2798 ἀλλά
1143 2744 1204 2797 :6
1233 2742 1543 2813 ἐμπεσόντα
1571 2741 1646 2813 μὴ
1682 2742 1873 2811 στῆναι
1900 2758 2029 2810 γεν-

443 2829 628 2892 ναίως.
680 2829 854 2883 Τοῦτο
909 2829 1089 2882 τοίνυν
1138 2827 1426 2893 διδάσκων,
1478 2825 1686 2880 καὶτὸν
1714 2825 1906 2895 φθόνον
1938 2825 2031 2878 τὸν

455 2912 744 2966 Ἰουδαῖκδν
763 2911 1279 2982 παραμυθούμενος,
1299 2912 1575 2982 ἀναχωρεῖ
1594 2911 1673 2973 εἰς
1691 2909 1791 2980 τὴν
1812 2911 2032 2980 Καπερ-

443 2997 641 3068 ναοὺμ,
667 2995 803 3066 ὁμοῦ
836 2996 936 3067 μὲν
964 2995 1188 3067 πληρῶν
1216 2995 1315 3065 τὴν
1357 2995 1380 3026 ⁸
1415 2994 1774 3066 προφητείαν,
1803 2993 1938 3064 όμοῦ
1973 2993 2032 3046 δέ

444 3083 539 3135 καὶ
572 3081 699 3144 τοὺς
719 3079 1072 3143 διδασκάλους
1093 3080 1193 3149 τῆς
1221 3079 1544 3148 οἰκουμένης
1571 3077 1819 3131 ἀλιεῦσαι
1862 3077 2032 3130 σπεύ-

441 3165 571 3224 δων.
613 3163 917 3233 ἐπειδήπερ
945 3164 1063 3215 ἐκεῖ
1106 3162 1377 3233 διέτριϐον
1420 3165 1488 3233 τῇ
1525 3161 1690 3233 τέχνῃ
1735 3161 2030 3233 χρώμενοι.

442 3251 516 3301 Συ
544 3247 603 3302 δέ
639 3263 728 3317 μοι
759 3246 970 3310 σκόπει,
1003 3245 1125 3309 πῶς
1151 3244 1424 3315 πανταχοῦ
1460 3245 1667 3314 μέλλων
1692 3245 1785 3297 ἐπὶ
1814 3245 1881 3298 τά
1903 3245 2032 3316 ἐθνη

442 3335 683 3396 ἀπιέναι,
720 3333 870 3404 παρά
915 3332 1184 3386 Ἰουδαίων
1218 3332 1485 3404 λαμϐάνει
1528 3333 1628 3395 τὰς
1659 3331 1860 3396 αίτίας.
1922 3333 2034 3386 Καὶ

441 3418 551 3489 γὰρ
573 3417 806 3472 ἐνταῦθα
831 3415 1314 3478 ἐπιϐουλεύσαντες
1349 3415 1425 3486 τῷ
1458 3415 1794 3487 Προδρόμῳ,
1826 3417 1920 3468 καὶ
1952 3418 2034 3480 εἰς

441 3501 814 3572 δεσμωτήριον
839 3499 1189 3571 ἐμϐαλόντες,
1239 3497 1470 3553 ὠθοῦσιν
1506 3499 1668 3553 αὑτὸν
1699 3501 1779 3562 εἰς
1804 3499 1904 3569 τὴν
1928 3500 2033 3552 Γα-

443 3585 653 3638 λιλαίαν
679 3585 787 3638 τῶν
810 3584 999 3637 ἐθνῶν.
1041 3584 1166 3638 Ὀτι
1194 3584 1306 3654 γάρ
1337 3582 1461 3636 οὕτε
1500 3583 1609 3636 ἀπὸ
1659 3583 1860 3654 μέρους
1885 3583 2032 3652 λέγει

443 3670 505 3722 τὸ
537 3668 688 3732 ἔθνος
725 3668 786 3721 :6
830 3668 1144 3734 Ἰουδαϊκὸν,
1186 3667 1310 3720 οὔτε
1368 3667 1548 3730 πάσας
1594 3669 1892 3721 αἰνίττεται
1933 3668 2034 3733 τάς

443 3751 638 3820 φυλὰς,
671 3752 862 3804 σκόπει
894 3752 1011 3813 πῶς
1056 3750 1279 3822 διορίζει
1311 3750 1370 3804 :6
1404 3751 1603 3822 χωρίον
1632 3752 1810 3804 ἐκεῖνο
1838 3753 1866 3804 6
1896 3769 2034 3823 προ-

445 3837 645 3906 φήτης,
675 3834 818 3887 οὓτω
849 3833 1054 3901 λέγων·
1088 3832 1178 3901 Γῆ
1212 3833 1554 3903 Νεφθαλείμ
1576 3835 1618 3896 ³,
1651 3833 1798 3888 ὁδὸν
1817 3835 2036 3890 θαλὰσι

443 3933 490 3973 σ
490 3936 566 3986 ης
591 3917 781 3987 πέραν
810 3918 917 3972 τοῦ
953 3916 1272 3985 Ἰορδάνου.
1315 3917 1615 3972 Γαλιλαία
1650 3917 1768 3970 τῶν
1805 3918 2028 3972 ἐθνῶν·

445 4006 479 4058 ὁ
504 4002 657 4067 λαὸς
707 4004 740 4055 ὁ
765 4003 1106 4070 καθήμενος
1156 4001 1227 4055 ἐν
1256 4002 1483 4065 σκότει,
1516 3999 1641 4069 φῶς
1683 3997 1808 4054 εἶδε
1843 4001 2030 4072 μέγα·

447 4085 638 4148 σκότος
667 4083 903 4138 ἐνταῦθα
935 4086 996 4138 ού
1018 4085 1080 4138 :6
1094 4083 1350 4154 αἰσθητὸν
1379 4083 1581 4146 καλῶν,
1610 4083 1746 4138 ἀλλά
1774 4084 1871 4154 τήν
1895 4085 2032 4140 πλάὲ

445 4187 546 4239 νην
576 4169 670 4222 καὶ
699 4167 799 4238 τὴν
833 4167 1108 4222 ἀσέϐειαν.
1157 4168 1247 4220 Διὸ
1286 4169 1381 4220 καὶ
1417 4168 1669 4237 ἐπήγαγε
1689 4184 1704 4198 '
1747 4169 1877 4235 Τοῖς
1905 4172 2038 4224 καθ·

444 4252 688 4324 ημένοις
706 4252 777 4305 ὲν
798 4251 958 4320 χώρᾳ
979 4251 1078 4305 καί
1103 4249 1247 4318 σκιᾷ
1273 4251 1555 4316 θανάτου,
1576 4251 1702 4321 φῶς
1729 4254 2037 4309 ἀνέτειλεν

446 4333 671 4401 αὐτοῖς.
700 4335 820 4390 Ἵνα
848 4335 958 4406 γὰρ
1011 4335 1190 4407 μάθῃς
1226 4335 1308 4388 ὅτι
1341 4334 1467 4388 οὔτε
1510 4335 1658 4405 φῶς,
1693 4335 1817 4390 οὔτε
1845 4337 2035 4403 σκότος

433 4419 705 4491 ἀἰσθητόν
755 4436 887 4490 φησι
917 4460 932 4482 ,
973 4421 1101 4488 περὶ
1142 4419 1241 4489 μὲν
1269 4417 1364 4472 τοῦ
1399 4421 1577 4490 φωτὸς
1609 4420 1990 4492 διαλεγόμενος
2016 4464 2032 4490 ,

445 4507 546 4575 οὐχ
572 4505 757 4568 ἁπλῶς
785 4504 901 4573 φῶς
928 4504 1208 4568 ἐκάλεσεν,
1247 4505 1384 4558 ἀλλὰ
1407 4505 1524 4574 φῶς
1553 4506 1719 4576 μέγα,
1748 4507 1777 4559 ὃ
1809 4507 1854 4537 ¹⁰
1875 4506 2035 4561 ἀλλα.

449 4587 544 4659 χοῦ
571 4587 822 4658 ἀληθινόν
850 4605 1016 4657 φησιν
1070 4589 1109 4618 ¹¹
1133 4605 1145 4618 ·
1197 4589 1259 4642 τὸ
1292 4589 1348 4642 δέ
1397 4589 1587 4652 σκότος
1634 4589 2034 4660 ἐξηγούμενος,

449 4671 608 4724 σκιὰν
638 4670 870 4724 θανάτου
901 4671 1206 4742 ὠνόμασεν.
1245 4669 1379 4724 Εἶτα
1406 4672 1620 4735 δεικνὺς
1644 4673 1725 4726 ὅτι
1751 4673 1851 4726 οὐκ
1882 4674 2037 4727 αὐτοὶ

445 4753 781 4825 ζητήσαντες
803 4749 981 4825 εὖρον,
1017 4755 1130 4806 ἀλλ’
1161 4757 1189 4808 6
1222 4756 1351 4819 Θεὸς
1384 4757 1568 4818 αὐτοῖς
1590 4755 1798 4810 ἄνωθεν
1834 4757 2040 4827 ἐπεφά-

445 4856 534 4908 νη,
563 4838 717 4908 φησὶ,
751 4837 882 4904 Φῶς
911 4836 1218 4892 ἀνέτειλεν
1236 4839 1463 4904 αὐτοῖς,
1491 4841 1790 4903 τουτέστιν,
1824 4840 1954 4893 αὐτὸ
1975 4840 2036 4894 τὸ

447 4925 564 4994 φῶς
599 4922 838 4977 ἀνέτειλε
885 4925 980 4977 καὶ
1028 4923 1306 4994 ἔλαμψενι
1337 4925 1439 4976 οὐκ
1479 4923 1634 4977 αὐτοὶ
1669 4925 1924 4996 πρότεροι
1961 4924 2040 4996 τῷ

445 5009 587 5076 φωτὶ
619 5008 1021 5079 προσέδραμον.
1051 5008 1162 5062 Καὶ
1193 5011 1303 5078 γὰρ
1343 5009 1399 5062 ἐν
1432 5008 1684 5078 ἐσχάτοις
1725 5008 1794 5061 τὰ
1823 5008 2038 5080 ἀνθρώ-

447 5109 580 5145 πινα
611 5085 680 5161 ἦν
711 5091 816 5162 πρὸ
845 5091 947 5160 τῆς
976 5091 1212 5160 Χριστοῦ
1245 5091 1564 5163 παρουσίας.
1597 5093 1733 5146 Οὐδὲ
1770 5092 1880 5166 γὰρ
1911 5094 2040 5147 ἐϐάο

447 5177 590 5243 διζον
619 5180 678 5231 ἐν
713 5177 915 5241 σκότει,
951 5178 1065 5231 ἀλλ’
1095 5179 1365 5250 ἐκάθηντο
1403 5182 1461 5234 ἐν
1494 5179 1708 5233 σκότει·
1751 5180 1888 5251 ὅπερ
1938 5198 2034 5252 ση-

451 5265 602 5332 μεῖον
638 5257 706 5332 ἦν
739 5261 836 5315 τοῦ
885 5262 1018 5332 μηδέ
1046 5263 1286 5326 ἐλπίζειν
1319 5264 1516 5326 αὐτοὺς
1562 5263 2033 5318 ἀπαλλάττεσθαι·

447 5348 637 5417 ὠσπερ
663 5346 772 5414 γάρ
799 5347 922 5400 ούδέ
953 5347 1172 5411 εἰδότες,
1197 5347 1298 5401 ποῦ
1337 5349 1418 5402 δεῖ
1446 5347 1734 5418 προϐῆναι,
1759 5347 1902 5400 οὕτω
1928 5367 2031 5404 κα·-

447 5429 814 5501 ταληφθέντες
853 5431 956 5483 ὑπὸ
982 5430 1076 5484 τοῦ
1103 5431 1326 5496 σκότους
1364 5431 1650 5503 ἐκάθηντο,
1695 5429 1773 5502 μὴ
1799 5431 2034 5504 δυνάμε-

450 5530 529 5566 νοι
562 5513 697 5584 μηδὲ
732 5514 923 5585 στῆναι
956 5514 1160 5569 λοιπόν.

535 5597 674 5652 ’Δπὸ
707 5600 842 5653 τότε
870 5600 1094 5669 ἤρξατο
1116 5603 1148 5654 d
1182 5600 1422 5668 Ἰησοῦς
1457 5602 1794 5670 κηρύσσειν
1815 5601 1910 5656 καί
1933 5601 2035 5656 λέ-

2131 2351 2289 2406 γειν·
2331 2332 2689 2389 Μετανοεῖτε
2710 2350 2721 2362 ·
2749 2331 2956 2404 ἤγγικε
3003 2329 3115 2402 γὰρ
3150 2331 3190 2361 ⁸⁸
3213 2331 3250 2397 ἠ
3283 2327 3576 2392 ,βασιλεία
3603 2323 3724 2378 τῶν

2131 2416 2422 2487 οὐρανῶν.
2463 2415 2599 2470 Ἀπὸ
2626 2417 2761 2470 τότε
2783 2431 2797 2446 ο
2836 2416 3000 2481 πότε;
3057 2413 3148 2478 Ἐξ
3179 2407 3238 2467 οὗ
3258 2411 3520 2481 ἐνεϐλήθη
3541 2409 3724 2462 Ἰωάν-

2131 2518 2250 2572 νης.
2281 2500 2394 2554 Καὶ
2425 2500 2567 2554 διατί
2596 2501 2670 2571 μὴ
2709 2500 2768 2566 ἐξ
2801 2499 2976 2571 ἀρχῆς
2995 2497 3178 2560 αὐτοῖς
3210 2495 3253 2526 ¹³
3288 2493 3549 2567 ἐκήρυξες
3585 2492 3636 2544 τί
3665 2491 3724 2544 δέ

2130 2583 2268 2646 ὂλως
2309 2583 2556 2637 Ἰωάννου
2584 2583 2712 2645 ἑδει,
2738 2583 2838 2651 τῆς
2864 2580 2974 2633 τῶν
3008 2580 3188 2650 ἔργων
3228 2577 3377 2649 [179]
3417 2575 3726 2646 μαρτυρίας

2131 2667 2295 2720 αὑτὸν
2318 2665 2729 2739 κηρυττούσης;
2765 2664 2882 2718 ’Ἰνα
2911 2661 3204 2716 κάντεῦθεν
3250 2657 3412 2714 αὑτοῦ
3439 2658 3535 2730 τὴν
3565 2657 3724 2723 ἀξίαν

2134 2751 2313 2823 μάθῃς
2333 2793 2347 2816 ,
2381 2752 2462 2803 ὅτι
2502 2749 2760 2818 καθάπερ
2789 2749 2818 2800 ό
2845 2747 3054 2816 Πατὴρ,
3089 2744 3234 2798 οὓτω
3275 2745 3370 2797 καὶ
3399 2743 3560 2804 αὐτὸς
3586 2758 3724 2812 προ-

2133 2839 2310 2906 φήτας
2350 2834 2462 2905 ἔχει
2489 2850 2503 2866 ο
2550 2835 2688 2904 ὅπερ
2736 2833 2831 2886 καὶ
2862 2832 2892 2883 ό
2925 2830 3202 2900 Ζαχαρίας
3231 2827 3385 2895 ἔλεγε
3409 2843 3424 2857 ·
3458 2827 3567 2880 Καὶ
3616 2824 3728 2889 σὺ,

2131 2918 2396 2980 παιδίον,
2435 2906 2756 2985 Προφήτης
2809 2915 3097 2982 Ὑψίστου
3136 2909 3456 2978 κληθήσῃ·
3507 2908 3601 2961 καὶ
3635 2907 3729 2960 ἵνα

2135 3002 2408 3073 μηδεμίαν
2431 3005 2544 3064 τοῖς
2563 2998 2942 3070 ἀναισχύντοις
2980 2998 3156 3051 αἰτίαν
3204 2995 3481 3066 καταλίπῃ
3510 2993 3555 3026 ιδ
3593 2993 3720 3044 ’1ου-

2131 3087 2303 3151 δαίοις
2323 3103 2337 3118 ’
2369 3087 2508 3157 ὅπερ
2536 3081 2628 3139 οὖν
2657 3085 2749 3138 καὶ
2777 3083 2943 3145 αὐτὸς
2989 3081 3204 3136 τέθεικε
3245 3080 3419 3148 λέγων
3439 3096 3452 3110 ·
3494 3073 3729 3132 ἾιλιΊεν

2146 3171 2422 3238 Ἰωάννης
2441 3169 2593 3239 μήτε
2622 3167 2864 3231 ἐσθίων,
2887 3165 3040 3235 μήτε
3063 3165 3276 3228 πίνων,
3310 3163 3405 3217 καί
3437 3163 3726 3230 λέγουσι·

2133 3254 2450 3322 Δαιμόνιον
2494 3251 2642 3322 ἔχει.
2701 3245 2924 3306 Ἦλθεν
2979 3251 3013 3303 ὀ
3061 3247 3195 3314 Υἱὸς
3245 3247 3354 3301 τοῦ
3405 3243 3728 3314 ἀνθρώπου

2133 3336 2354 3391 ἐσθίων
2375 3335 2475 3390 καὶ
2505 3335 2720 3398 πίνων,
2751 3334 2848 3388 καί
2870 3333 3162 3403 λέγουσιν
3182 3349 3195 3360 ·
3235 3330 3388 3388 Ἰδοὺ
3414 3331 3731 3398 ἄνθρωπος

2135 3420 2326 3490 φάγος
2348 3420 2445 3474 καί
2487 3421 2831 3486 οἰνοπότης,
2879 3419 3061 3487 φίλος
3095 3415 3374 3471 τελωνῶν
3407 3415 3506 3468 καί
3537 3415 3728 3482 ἀμαρ-

2135 3503 2364 3558 τωλῶν.
2397 3503 2505 3558 Καὶ
2550 3502 2866 3570 ἐδικαιώθη
2897 3503 2934 3572 ἡ
2970 3502 3159 3571 σοφία
3200 3501 3319 3556 ἀπὸ
3351 3498 3468 3554 τῶν
3499 3498 3732 3552 τέκνων

2135 3584 2344 3654 αὐτῆς.
2373 3585 2580 3649 Ἀλλως
2607 3585 2666 3639 δὲ
2690 3585 2785 3639 καὶ
2806 3586 3104 3652 ἀναγκαῖον
3128 3579 3196 3656 ἦν
3223 3583 3352 3654 παρ’
3379 3581 3566 3654 ἑτέρου
3591 3581 3734 3650 πρό-

2134 3687 2291 3743 τερον
2323 3669 2580 3742 λεχθῆναι
2603 3669 2672 3723 τὰ
2700 3670 2828 3740 περ)⁸
2849 3670 3147 3729 αὐτοῦ.καὶ
3179 3669 3254 3738 μὴ
3281 3668 3410 3738 παρ’
3441 3663 3631 3720 αὐτοῦ.
3664 3663 3731 3717 Εἰ

2134 3754 2245 3825 γάρ
2274 3754 2368 3807 κα)⁸
2395 3753 2534 3824 μετά
2561 3751 2828 3816 τοσαύτας
2854 3754 2950 3807 καὶ
2977 3751 3308 3823 τηλικαύτας
3341 3748 3645 3822 μαρτυρίας
3667 3765 3729 3800 τε

2136 3837 2230 3890 καὶ
2253 3836 2555 3904 ἀποδείξεις
2577 3835 2761 3905 ἔλεγον
2780 3852 2794 3866 °
2824 3838 2908 3890 Σὺ
2927 3835 3247 3906 μαρτυρεῖς
3275 3834 3408 3902 περὶ
3439 3830 3729 3886 σεαυτοῦ·

2133 3921 2174 3987 ἠ
2199 3921 2498 3991 μαρτυρία
2526 3937 2644 3975 σου
2669 3923 2782 3976 οὐκ
2815 3921 2994 3975 ἐστιν
3011 3919 3274 3985 ἀληθής·
3297 3919 3347 3971 εἰ
3385 3916 3551 3987 μηδὲν
3576 3917 3732 3984 εἰρη-

2136 4004 2293 4068 κότος
2338 4003 2585 4057 Ἰωάννου
2610 4003 2902 4074 παρελθὼν
2939 4006 3020 4060 εἰς
3069 4003 3270 4074 μέσους
3299 4000 3520 4074 πρῶτος
3563 3999 3730 4061 αὐτὸς

2137 4086 2511 4159 ἐμαρτύρησε,
2539 4087 2591 4140 τί
2621 4088 2722 4140 οὐκ
2749 4088 2815 4142 ἂν
2850 4086 3213 4156 ἐφθέγξαντο;
3255 4086 3355 4138 Διά
3401 4085 3560 4138 τοῦτο
3599 4082 3730 4136 οὔτε

2137 4171 2374 4243 ἐκήρυξε
2403 4172 2509 4244 πρὸ
2557 4170 2788 4236 ἐκείνου,
2841 4170 2966 4223 οὔτε
3023 4169 3562 4240 ἐθαυματούργησεν,
3622 4167 3733 4230 ἕως

2136 4255 2391 4309 ἐνέπεσεν
2430 4256 2512 4319 εἰς
2549 4255 2610 4308 :6
2642 4254 3019 4328 δεσμωτήριον
3057 4255 3285 4316 ἐκεῖνος,
3318 4253 3405 4304 ἵνα
3448 4251 3522 4321 μὴ
3553 4250 3730 4320 ταύτῃ

2135 4339 2198 4392 :6
2232 4337 2438 4408 πλῆθος
2473 4337 2748 4409 σχίζηται.
2806 4337 2906 4390 Διά
2937 4335 3096 4390 τοῦτο
3145 4335 3268 4389 ούδέ
3314 4336 3538 4406 σημεῖον
3575 4332 3732 4386 οὐδὲν

2139 4420 2398 4492 ἐποίησεν
2463 4421 2737 4490 Ἰωάννης,
2779 4420 2870 4474 ἵνα
2903 4421 3001 4472 καὶ
3048 4418 3303 4473 ἐντεῦθεν.
3327 4419 3389 4471 :6
3421 4416 3624 4488 πλῆθος
3650 4413 3734 4486 τῷ

2151 4503 2326 4574 Ἰησοῦ
2357 4503 2607 4579 παραδῷ,
2641 4505 2749 4556 τῶν
2779 4503 3076 4575 θαυμάτων
3117 4504 3255 4574 πρὸς
3299 4502 3508 4555 ἐκεῖνον
3539 4500 3734 4553 ἑλκόν-

2136 4605 2247 4642 των
2298 4588 2517 4652 αύτούς.
2554 4589 2616 4640 Εἰ
2643 4587 2751 4659 γὰρ
2785 4587 2883 4640 καὶ
2917 4587 3190 4640 τοσούτων
3239 4585 3733 4656 οἰκονομηθέντων,

2139 4675 2235 4727 καὶ
2257 4672 2364 4745 πρὸ
2393 4671 2486 4726 τοῦ
2517 4672 2920 4743 δεσμωτηρίου,
2953 4673 3050 4726 καὶ
3081 4671 3222 4743 μετά
3245 4671 3306 4724 :6
3329 4672 3730 4741 δεσμωτήριον,

2141 4755 2458 4827 ζηλοτύπως
2506 4755 2644 4826 πρὸς
2672 4756 2836 4808 αὐτὸν
2869 4751 3015 4824 εἷχον
3062 4757 3112 4807 οἰ
3153 4755 3394 4826 μαθηταὶ
3436 4754 3686 4807 Ἰωάννου
3714 4767 3731 4782 ⁸

2140 4841 2236 4893 καὶ
2279 4841 2328 4893 οἰ
2366 4839 2555 4892 πολλοὶ
2593 4839 2651 4892 δέ
2688 4840 2810 4909 οὐχὶ
2833 4839 3016 4904 αὑτὸν,
3048 4839 3186 4892 ἀλλά
3209 4839 3300 4892 τὸν
3335 4837 3589 4907 Ἰωάννην
3627 4837 3728 4890 ὑπ-

2135 4923 2381 4977 ώπτευον
2398 4918 2538 4976 εἶναι
2557 4923 2648 4976 τὸν
2667 4923 2904 4995 Χριστόν
2927 4923 2990 4954 “‘-
3012 4924 3061 4975 εἰ
3080 4921 3246 4993 μηδὲν
3268 4921 3473 4975 τούτων
3489 4921 3731 4988 ἐγένετο,

2134 5009 2188 5062 τί
2218 5009 2320 5062 οὐκ
2343 5008 2410 5062 ἂν
2449 5006 2682 5078 συνέ6η;
2713 5007 2813 5060 Διά
2842 5005 3002 5060 τοῦτο
3028 5008 3121 5060 καὶ
3161 5010 3191 5060 6
3221 5005 3500 5070 Ματθαῖος
3534 5008 3736 5075 ἐπισηο

2138 5093 2410 5165 μαίνεται,
2431 5094 2514 5146 ὅτι
2541 5093 2652 5146 ἀπὸ
2677 5091 2800 5145 τότε
2830 5090 3035 5163 ήρξατο
3076 5091 3376 5162 κηρύσσειν
3402 5108 3415 5120 ·
3453 5091 3548 5144 καὶ
3568 5089 3738 5161 ἀρξά-

2141 5194 2302 5247 μενος
2335 5178 2397 5230 τὸ
2425 5178 2688 5248 κήρυγμα
2711 5216 2728 5243 ,
2777 5175 2806 5228 ὃ
2833 5175 3040 5238 ἐκεῖνος
3071 5177 3342 5246 ἐκήρυττε
3367 5213 3384 5235 ,
3429 5172 3588 5226 τοῦτο
3636 5173 3737 5227 καὶ

2137 5260 2301 5326 αὐτὸς
2323 5260 2590 5323 ἐδίδασκε,
2622 5261 2717 5314 καὶ
2745 5260 2896 5313 οὐδὲν
2942 5259 3156 5313 οὐδέπω
3186 5260 3315 5332 περὶ
3361 5257 3558 5312 ἑαυτοῦ
3591 5258 3652 5310 τὸ
3690 5258 3737 5290 ⁸⁸

2141 5348 2405 5418 κήρυγμα
2425 5345 2454 5398 ό
2497 5345 2763 5416 ἐκήρυττε
2796 5343 2964 5414 λέγει.
3010 5344 3119 5397 Καὶ
3146 5343 3256 5414 γὰρ
3282 5345 3375 5398 καὶ
3406 5343 3565 5396 τοῦτο
3595 5343 3736 5406 τέως

2143 5432 2423 5504 ἀγαπητὸν
2446 5425 2514 5502 ἦν
2545 5429 2976 5501 παραδεχθῆναι,
3011 5429 3135 5482 ἐπεὶ
3167 5429 3393 5500 μηδέπω
3429 5428 3528 5500 τὴν
3557 5445 3736 5498 προσ-

2143 5519 2382 5589 ήκουσαν
2415 5517 2544 5586 περὶ
2568 5513 2734 5568 αὑτοῦ
2761 5513 2916 5580 δόξαν
2936 5513 3102 5584 εἶχον.

2215 5601 2282 5673 β’.
2303 5600 2404 5654 Διά
2421 5599 2579 5653 τοῦτο
2605 5599 2698 5653 καὶ
2719 5599 3021 5670 ἀρχόμενος
3043 5599 3193 5653 οὐδὲν
3209 5600 3252 5631 ¹⁷
3267 5598 3522 5670 φορτικὸν
3549 5597 3737 5667 τίθησι

528 5693 884 5770 ἶᾲγεκώρησε
921 5698 982 5770 B-
1057 5697 1080 5728 ⁸
1107 5696 1346 5770 «ww
1363 5699 1402 5751 Α
1425 5696 1598 5770 ,ηε-(λ
1617 5700 1843 5770 τήνοπη-
1881 5698 1981 5768 Ep-
1999 5714 2033 5768 ι)

2153 5699 2339 5768 ἐπειδή
2360 5697 2520 5770 [εδει.Δ
2570 5697 2592 5728 ν
2613 5695 2686 5763 γῆ
2723 5694 3012 5770 Ζαϐουλὼν
3039 5694 3136 5746 καὶ
3165 5692 3456 5770 γῆ-ἰΐε-φθ..
3471 5693 3537 5770 μ.
3567 5692 3730 5770 ᾼΓςιι.

458 5761 894 5848 ¹ξὸ1ὂεξερΕᾷιῂ
942 5769 981 5799 ¹¹
1018 5761 1394 5848 φησινῘλέγει
1409 5767 1476 5822 Α.
1510 5761 1818 5848 Βκϐτίιιοκ
1851 5761 2369 5848 ἐπὲέη-γόύμενοςβ.
2414 5767 2476 5848 ,ξ’
2493 5761 2690 5848 ᾖγγιξε
2723 5764 2856 5848 γάρξ
2886 5761 3377 5848 ὃτιῆγγικξνἘιίιΙ.
3416 5763 3489 5848 ,1³
3522 5761 3734 5848 αύτοῖς]

458 5834 618 5898 αὑτός
639 5834 734 5903 Ειί.

813 5839 856 5870 ⁸³
875 5837 1336 5912 καταλίπηται-Ι).
1354 5838 1412 5892 F.
1437 5839 1833 5912 καταλείπηται
1851 5842 1912 5896 E.
1953 5843 1996 5873 ³⁵
2013 5837 2273 5912 Χριστόν]
2289 5841 2380 5912 Sic
2499 5837 2596 5912 [ἐν.

2631 5831 2917 5906 ϐοςκςὶη.
2950 5831 3112 5906 vuiigo
3153 5833 3380 5906 Ἰησοῦνζ
3416 5835 3459 5865 ¹⁸
3485 5833 3568 5906 τό]

459 5901 935 5984 τῆμίξιρῆνςνβοηλτὸ
965 5901 1277 5984 κήρυῇμαὸ
1310 5912 1574 5984 ἐκήρυττε
1607 5901 1789 5984 λέγει]
1823 5901 2106 5984 κηρύττων
2134 5901 2282 5979 λέγει
2307 5910 2372 5967 Α.
2409 5907 2468 5963 Β.
2510 5901 2638 5964 δἰιιν.
2669 5905 2697 5960 ὃ
2725 5905 2774 5979 [ό
2787 5901 2838 5978 ἲ]
2854 5901 3137 5979 κηρύττων
3165 5901 3313 5974 λέγει
3340 5903 3403 5960 C.
3481 5905 3523 5937 ¹⁷
3551 5901 3736 5974 οὐδέν]

466 5975 588 6027 οὐδὲ
611 5973 748 6031 Edd.
784 5977 989 6046 τίθησι]
1020 5973 1198 6036 ξίοἘ.
1232 5973 1575 6051 Arn1."vulgo
1619 5973 1851 6053 τίφησι.
