4050 6364
277 355 380 416 217

268 489 565 554 glecturum
592 499 715 540 esse
737 522 754 547 ,
773 491 828 537 et
853 495 974 536 cum
1000 478 1166 534 asinis
1192 485 1246 529 et
1273 473 1448 543 porcis
1470 478 1738 525 mortuum
1767 466 1853 521 di-

263 582 552 634 missurum
597 577 864 646 jacentem
887 591 900 637 ;
934 587 996 626 ac
1024 581 1303 640 postquam
1331 575 1383 620 te
1411 571 1556 618 tanto
1583 560 1854 630 religionis

261 672 404 727 dono
434 669 739 732 honoravit,
767 684 873 737 quo
901 677 952 720 te
972 663 1175 730 angelis
1204 659 1460 729 {aqualem
1485 654 1629 719 fecit,
1657 662 1710 706 te
1736 660 1858 722 post

269 773 549 817 sexcentos
597 761 810 815 labores
856 767 909 812 et
940 756 1163 811 sudores
1203 745 1620 819 despecturnm?
1653 740 1856 811 Ecquid

272 852 460 906 rationi
490 852 670 904 minus
712 845 1050 902 Consonum?
1083 844 1207 898 Haec
1251 840 1478 910 quippe.
1505 835 1607 890 etsi
1656 847 1754 888 nos
1778 839 1858 886 ta-

269 958 516 1005 ceamus,
557 940 761 1010 lapides
791 938 1128 1001 clamabunt,
1172 935 1241 988 ita
1273 939 1396 985 sunt
1432 929 1572 983 clara
1603 933 1657 980 et
1687 922 1858 978 mani-

271 1038 422 1100 festa,
459 1033 631 1102 magis
657 1047 816 1102 quam
850 1030 948 1100 ipsi
975 1029 1177 1082 solares
1215 1023 1368 1078 radii.
1399 1020 1526 1074 Haec
1555 1017 1716 1088 igitur
1743 1029 1861 1070 omo

272 1130 356 1180 nia
382 1125 708 1194 cogitantes,
742 1130 794 1175 et
821 1123 872 1176 in
901 1120 1092 1174 animis
1119 1117 1319 1171 nostris
1347 1122 1490 1167 certa
1515 1115 1813 1164 statuentes
1835 1147 1851 1171 ,

278 1231 470 1283 nempe
503 1224 622 1282 post
647 1213 922 1267 decessum
952 1227 1019 1266 ex
1045 1209 1143 1264 hac
1179 1210 1311 1272 vita,
1347 1220 1443 1259 nos
1468 1199 1735 1256 horrendo
1762 1197 1861 1251 tri-

273 1309 456 1363 bunali
500 1307 769 1364 sistendos
792 1322 912 1360 esse
932 1346 948 1370 ,
979 1303 1240 1358 rationem
1271 1297 1574 1353 reddituros
1602 1292 1669 1348 de
1697 1290 1862 1362 gestis

1415 356 1478 410 ιΝ
1517 349 1925 409 ΜΑῘΤΗΛΕΗΜ
1964 347 2190 404 llOMlL.
2234 346 2350 402 XIV

3442 347 3546 401 2l8

1959 464 2232 529 omnibus,
2266 477 2451 534 ptenas
2473 462 2692 520 daturos
2711 505 2725 528 ,
2751 473 2808 520 et
2837 465 3092 520 ultionem
3122 476 3469 536 esperturos,
3499 470 3545 523 si

1961 557 2016 610 in
2043 556 2273 625 peccatis
2303 569 2646 620 maneamus;
2674 565 2857 610 contra
2886 571 3014 612 vero
3038 558 3253 612 coronis
3282 566 3336 612 et
3361 558 3546 612 inell'a-

1962 645 2156 700 bilibus
2186 646 2341 700 bonis
2385 645 2690 710 donandus,
2714 647 2758 700 si
2788 661 2949 716 parvo
2979 655 3219 715 tempore
3243 647 3398 702 nobis
3424 650 3553 717 ipsis

1962 738 2238 792 attendere
2266 737 2592 792 voluerimus
2611 754 2625 803 ;
2644 753 2830 792 eorum
2861 739 2948 807 qui
2974 737 3057 792 his
3081 739 3344 793 contraria
3371 738 3552 794 dicere

1963 830 2162 885 audent
2204 846 2297 884 ora
2326 830 2665 885 obstruamus
2689 872 2704 895 ,
2736 841 2792 886 et
2822 831 2920 900 ipsi
2949 833 3187 886 veritatis
3213 832 3351 889 viam
3383 832 3550 901 eliga-

1965 938 2086 977 mus
2106 965 2120 990 ,
2155 931 2211 977 ut
2234 938 2355 977 cum
2385 922 2576 976 fiducia
2597 924 2920 992 competenti
2946 923 3016 977 ad
3047 922 3278 977 tribunal
3309 923 3438 977 illud
3462 938 3552 977 ac-

1965 1015 2246 1081 cedentes,
2287 1015 2424 1068 bona
2449 1014 2603 1068 nobis
2632 1014 2902 1083 promissa
2918 1030 3307 1084 consequamur
3330 1056 3344 1080 ,
3377 1016 3547 1085 gratia

1966 1117 2022 1160 et
2049 1105 2373 1174 benignitate
2399 1104 2607 1158 Domini
2639 1105 2806 1158 nostri
2843 1103 2971 1158 Jesu
3009 1103 3239 1170 Christi,
3271 1106 3355 1158 cui
3386 1104 3555 1173 gloria

1967 1206 2022 1251 et
2051 1195 2333 1265 imperium
2354 1235 2370 1262 ,
2401 1210 2543 1248 nunc
2577 1204 2632 1250 et
2659 1210 2906 1265 semper,
2933 1203 2988 1249 et
3026 1197 3078 1248 in
3107 1195 3299 1249 saecula
3331 1195 3556 1250 sarculo-

1969 1302 2111 1342 rum.
2148 1289 2344 1341 Amen.

273 1418 3536 1452 ______________________________________—________._

1493 1481 1509 1506 ’
1621 1490 1972 1557 HOMILIA
2015 1489 2188 1550 xw.

276 1637 409 1692 Car.
444 1637 500 1691 Δ.
554 1652 608 1689 v.
643 1635 730 1689 12.
780 1633 906 1688 Cum
953 1631 1173 1684 audisset
1221 1625 1400 1688 Jesus,
1450 1620 1585 1692 quod
1639 1616 1865 1671 Joannes

486 1728 701 1780 traditus
731 1734 874 1788 esset,
904 1722 1104 1776 secessit
1129 1722 1182 1773 in
1208 1717 1506 1780 Galilamm,
1539 1722 1649 1767 etc.

349 1819 369 1871 1
441 1818 552 1871 Cur
582 1832 793 1870 rursum
821 1813 1084 1869 secessit?
1127 1811 1192 1866 Ut
1221 1825 1318 1863 nos
1347 1808 1567 1860 doceret
1587 1845 1600 1867 ,
1640 1818 1706 1857 ne
1730 1801 1868 1854 ultro

277 1889 602 1964 teuiationes
630 1909 882 1962 adeamus
903 1948 916 1972 ,
941 1905 1034 1959 sed
1063 1905 1315 1959 cedamus
1347 1900 1520 1970 potius
1546 1913 1609 1951 ac
1631 1897 1870 1951 decline-

279 2017 416 2054 mus.
447 2000 631 2070 Neque
659 2000 803 2054 enim
828 1999 1029 2053 crimen
1063 2005 1177 2060 est,
1207 2011 1312 2049 non
1341 2007 1461 2049 sese
1492 1993 1544 2045 in
1571 1988 1867 2060 periculum

277 2094 579 2161 conjicere,
631 2092 725 2146 sed
776 2093 826 2144 in
858 2090 1097 2160 periculo
1144 2105 1249 2142 non
1295 2087 1503 2142 fortiter
1545 2095 1711 2140 stare.
1760 2083 1873 2137 lloc

281 2186 436 2254 igitur
461 2184 663 2237 docens
683 2224 698 2248 ,
731 2190 784 2237 et
803 2182 1034 2236 Judaic:e
1061 2179 1270 2234 invidia:
1303 2179 1517 2248 paulum
1546 2175 1871 2238 concedens,

280 2275 482 2329 secedit
513 2275 565 2328 in
593 2275 926 2343 Capernaum
947 2314 961 2337 ,
986 2273 1141 2327 simul
1165 2271 1501 2342 prophetiam
1526 2267 1753 2338 implens
1774 2308 1788 2329 ,
1818 2275 1873 2320 et

281 2369 530 2422 doctores
561 2369 706 2421 orbis
746 2367 896 2436 quasi
933 2367 1140 2436 piscatu
1184 2379 1377 2433 capere
1414 2361 1718 2417 festinans:
1751 2360 1871 2429 quia

284 2461 354 2514 ibi
404 2460 568 2513 sedes
618 2460 884 2512 habebant
927 2473 1020 2512 sua
1064 2465 1274 2511 utentes
1298 2464 1429 2508 arte.
1463 2453 1544 2507 Tu
1573 2466 1700 2507 vero
1745 2450 1874 2504 mihi

284 2551 590 2622 perpendas
617 2553 798 2615 velim,
828 2549 1100 2621 quomodo
1126 2557 1311 2618 gentes
1337 2547 1599 2611 aditurus,
1624 2561 1653 2600 a
1677 2545 1876 2600 Judaris

285 2656 498 2710 semper
525 2642 838 2695 occasiones
865 2639 1110 2708 accipiat.
1139 2637 1275 2693 Nam
1303 2638 1388 2692 hic
1416 2636 1712 2692 Prodromo
1742 2635 1874 2689 insi-

287 2735 400 2788 dias
453 2745 724 2787 struentes
754 2775 769 2798 ,
825 2742 1144 2802 captumque
1196 2731 1396 2786 carceri
1462 2729 1826 2797 mancipantes
1856 2769 1872 2794 ,

290 2827 459 2893 ipsum
494 2825 546 2877 in
580 2823 851 2878 Galilaeam
876 2823 1113 2892 gentium
1141 2821 1487 2890 compellunt.
1518 2817 1672 2887 Quod
1696 2827 1880 2872 autem

289 2932 387 2971 nec
430 2915 711 2970 Judaicam
752 2923 964 2984 gentem
1011 2929 1075 2968 ex
1120 2922 1269 2982 parte
1316 2919 1730 2974 commemoret,
1781 2924 1882 2964 nec

291 3021 480 3061 omnes
508 3006 810 3060 subindicet
841 3004 1042 3070 tribus,
1068 3004 1186 3057 vide
1216 3004 1482 3072 quomodo
1528 3003 1700 3055 locum
1734 3001 1882 3054 illum

289 3097 583 3166 distinguat
611 3096 866 3164 prepheta
900 3096 980 3148 his
1009 3095 1183 3148 verbis
1213 3111 1226 3147 :
1261 3095 1345 3149 15.
1381 3093 1536 3147 Terra
1575 3093 1807 3146 Zabulon
1835 3101 1883 3145 et

292 3199 422 3240 terra
453 3187 815 3250 Nephthalim,
843 3187 920 3257 uia
951 3187 1105 3239 maris
1147 3196 1286 3239 trans
1329 3185 1610 3239 Iordanem
1629 3225 1642 3248 ,
1669 3184 1884 3238 Galilwa

293 3282 513 3350 gentium
549 3297 568 3333 :
604 3278 691 3335 16.
729 3280 949 3349 populus
994 3280 1078 3346 qui
1119 3278 1319 3331 sedebat
1362 3279 1415 3331 in
1459 3278 1672 3331 tenebris
1704 3319 1718 3343 ,
1760 3277 1884 3330 vidit

294 3373 452 3426 lucem
479 3389 720 3443 magnam
750 3370 907 3444 (lsai.
940 3371 994 3425 9.
1029 3371 1078 3424 1.
1097 3371 1152 3439 2)
1184 3389 1195 3423 :
1231 3369 1482 3424 tenebras
1508 3370 1594 3424 hic
1622 3384 1726 3423 non
1757 3384 1883 3423 sen-

295 3468 419 3521 siles
445 3468 565 3521 illas
595 3482 814 3531 vocans,
833 3465 929 3520 sed
946 3480 1183 3520 errorem
1214 3464 1663 3534 impietatemque.
1688 3462 1886 3529 Quam-

297 3560 480 3614 obrem
531 3558 711 3612 intulit
760 3582 772 3611 ;
822 3556 1178 3610 Habitantibus
1241 3555 1292 3608 in
1364 3555 1567 3626 regione
1609 3564 1655 3608 et
1708 3555 1887 3608 umbra

295 3652 470 3704 mortis
489 3693 506 3717 ,
530 3651 620 3704 lux
646 3660 756 3704 orta
784 3661 854 3704 est
883 3651 973 3703 eis.
999 3647 1068 3704 Ut
1092 3649 1236 3703 enim
1258 3647 1492 3702 disceres
1512 3687 1526 3711 ,
1551 3663 1674 3702 eum
1715 3661 1888 3716 neque

296 3743 361 3798 de
391 3744 511 3797 luce
531 3784 548 3806 ,
582 3757 752 3810 neque
783 3741 849 3795 de
893 3740 1122 3794 tenebris
1170 3739 1456 3793 sensilibus
1486 3739 1663 3807 loqui,
1712 3738 1885 3791 lucem

297 3849 636 3899 memorans,
659 3849 763 3886 non
797 3833 1106 3900 simpliciter
1135 3832 1308 3886 lucem
1339 3832 1565 3892 vocavit,
1589 3830 1682 3884 sed
1714 3830 1886 3884 lucem

301 3941 570 3995 magnam,
598 3939 759 3992 quam
788 3923 916 3976 alibi
949 3938 1130 3976 verum
1156 3921 1417 3990 appellat;
1449 3921 1516 3975 de
1543 3921 1776 3975 tenebris
1802 3936 1890 3974 au-

298 4025 402 4069 tem
426 4015 589 4068 verba
617 4013 818 4068 faciens
846 4055 860 4079 ,
909 4013 1151 4066 tunbram
1183 4013 1372 4066 mortis
1417 4013 1644 4066 vocavit.
1687 4011 1890 4066 Deinde

299 4107 592 4162 ostendens
617 4122 730 4160 non
751 4106 894 4175 ipsos
922 4114 1224 4175 quaerentes
1272 4104 1568 4168 invenisse,
1600 4103 1692 4158 sed
1721 4104 1890 4158 Deum

302 4199 428 4267 ipsis
470 4211 704 4266 superne
744 4196 1053 4265 apparuisse
1073 4235 1089 4260 ,
1121 4195 1194 4248 ait
1220 4211 1234 4248 :
1265 4194 1380 4248 Lux
1410 4204 1521 4247 orta
1545 4205 1620 4247 est
1647 4193 1718 4247 eis
1739 4233 1757 4259 ,
1790 4193 1891 4248 hoc

301 4298 381 4342 est
401 4329 414 4352 ,
449 4289 564 4357 ipsa
592 4287 680 4341 lux
708 4297 822 4340 orta
850 4295 932 4340 est
952 4298 1004 4341 et
1033 4286 1239 4340 refulsit
1268 4302 1281 4338 :
1313 4302 1417 4340 non
1451 4285 1549 4355 ipsi
1586 4285 1791 4354 priores
1821 4284 1889 4339 ad

305 4380 476 4436 lucem
507 4387 874 4434 accurrerunt.
907 4379 1115 4433 Etenim
1152 4389 1276 4434 ante
1298 4378 1497 4432 Christi
1521 4377 1808 4433 adventum
1838 4377 1891 4432 in

304 4474 561 4528 extremis
603 4472 719 4526 sita:
761 4486 851 4526 res
877 4471 1150 4525 hominum
1176 4482 1348 4526 erant.
1378 4469 1563 4539 Neque
1589 4471 1732 4525 enim
1774 4483 1892 4522 am-

304 4565 558 4620 bulabant
595 4565 649 4618 in
686 4563 955 4630 tenebris,
987 4564 1080 4617 sed
1105 4563 1360 4618 sedebant
1402 4562 1454 4616 in
1499 4562 1730 4616 tenebris
1764 4558 1839 4631 (a)
1875 4577 1890 4612 :

309 4655 442 4723 quod
470 4655 682 4723 signum
714 4662 828 4707 erat
853 4653 997 4720 ipsos
1022 4668 1122 4707 nec
1148 4667 1392 4721 sperasse
1414 4653 1626 4720 quidem
1669 4665 1727 4705 se
1753 4649 1890 4704 libe-

307 4746 502 4799 randos
533 4760 655 4799 esse
688 4745 881 4814 :quasi
924 4745 1069 4798 enim
1111 4745 1412 4809 nescirent,
1457 4760 1562 4814 quo
1595 4743 1886 4812 proceden-

309 4837 431 4891 dum
452 4845 619 4901 esset,
644 4836 723 4890 sic
741 4851 771 4890 a
795 4837 1029 4891 tenebris
1056 4837 1427 4907 comprehensi
1457 4837 1735 4903 sedebant,
1768 4851 1891 4892 cum

310 4944 375 4983 ne
404 4939 551 4981 stare
579 4929 793 4999 quidem
822 4938 1059 4996 possent.

378 5021 480 5074 Cur
503 5019 731 5074 Joannes
756 5029 871 5074 ante
889 5019 1141 5074 Christum
1161 5021 1469 5090 prmdicavit.
1491 5051 1563 5061 —
1584 5022 1670 5076 17.
1694 5020 1896 5076 Exinde

311 5114 455 5180 capit
497 5113 652 5166 Jesus
689 5112 967 5182 praedicare
1004 5121 1052 5165 et
1088 5112 1254 5165 dicere
1283 5128 1301 5164 :
1331 5111 1685 5167 Paenitentiam
1723 5113 1892 5184 agite,

312 5204 734 5272 appropinquavit
762 5204 895 5256 enim
931 5219 1141 5273 regnum
1174 5203 1432 5256 ctelorum.
1466 5202 1698 5269 Exinde,
1727 5218 1896 5272 quan-

314 5295 551 5349 douam?
580 5296 656 5349 Ex
680 5311 786 5366 quo
811 5295 1043 5350 Joannes
1074 5297 1127 5349 in
1153 5310 1421 5350 carcerem
1454 5303 1631 5351 trusus
1658 5305 1759 5351 est.
1787 5296 1897 5351 Cur

316 5400 488 5443 autem
519 5404 626 5443 non
656 5404 684 5442 a
713 5389 972 5460 principio
1013 5389 1318 5460 praedicavit
1357 5389 1497 5444 illis?
1526 5399 1580 5444 et
1606 5390 1731 5460 quid
1762 5406 1896 5460 opus

374 5544 446 5607 (a)
477 5543 628 5608 Atqui
652 5565 654 5567 ·
677 5547 728 5595 in
770 5545 1008 5595 Hebraieo
1051 5543 1232 5609 legitur
1275 5557 1288 5592 :
1326 5549 1496 5627 ’βω-ει
1521 5523 1894 5616 ausa-173m.

319 5643 367 5701 et
387 5635 594 5701 Vulgata
617 5641 757 5688 recte
781 5638 932 5687 vertit
956 5650 968 5686 :
990 5635 1197 5700 Populus
1215 5636 1296 5701 qui
1313 5636 1584 5688 ambulabat
1606 5637 1657 5689 in
1676 5641 1898 5692 tenebris.

319 5697 507 5748 Verum
517 5698 907 5762 Cbrysostomus,
926 5697 1315 5749 eoneionatorum
1337 5714 1492 5758 more,
1515 5702 1666 5750 verba
1690 5709 1752 5754 ut
1761 5712 1902 5754 erant

319 5765 496 5871 innuit
518 5760 744 5823 discutit,
768 5767 821 5812 et
851 5760 908 5810 ad
933 5770 1274 5824 argumentum
1298 5775 1440 5812 suum
1461 5777 1551 5828 pro
1582 5762 1735 5818 lubito
1756 5779 1900 5818 usur-

319 5837 344 5871 ν
399 5859 412 5871 .

317 5837 412 5879 νυ.

1979 1618 2094 1665 erat
2117 1609 2347 1676 Joanne,
2370 1626 2492 1666 cum
2520 1627 2744 1682 operum
2775 1613 3074 1667 testimonia
3105 1615 3277 1683 ipsum
3308 1613 3566 1684 pricdica-

1977 1701 2146 1754 rent?
2166 1699 2234 1757 Ut
2267 1700 2390 1756 inde
2415 1702 2574 1757 etiam
2604 1703 2778 1757 discas
2807 1703 2923 1772 ejus
2950 1703 3283 1772 dignitatem,
3313 1705 3565 1773 quoniam

1977 1792 2424 1864 quemadmodum
2452 1795 2628 1859 Pater,
2658 1796 2772 1864 ipse
2799 1810 3010 1865 quoque
3041 1796 3326 1866 prophetas
3367 1796 3564 1851 habet:

1978 1885 2120 1955 quod
2148 1896 2199 1940 et
2227 1885 2510 1941 Zacharias
2537 1887 2745 1942 dicebat
2777 1907 2790 1941 :
2821 1888 2885 1942 Et
2910 1899 2985 1956 tu,
3018 1894 3160 1959 puer,
3191 1889 3452 1962 PrOpheta
3477 1891 3568 1945 Al-

1979 1978 2160 2032 ti'ssimi
2183 1978 2435 2033 vocaberis
2458 1979 2607 2049 (Luc.
2641 1982 2688 2036 1.
2719 1981 2846 2051 76);
2878 1991 2930 2036 et
2970 1991 3025 2036 ut
3057 1983 3254 2036 nullam
3284 1984 3566 2054 impuden-

1981 2069 2122 2126 tibus
2153 2069 2350 2126 Judaais
2391 2087 2575 2126 ansam
2622 2074 2946 2144 relinqueret
2979 2093 2991 2127 :
3025 2075 3168 2145 quod
3209 2077 3321 2145 ipse
3357 2092 3569 2146 quoque

1981 2161 2233 2216 indicavit
2255 2162 2436 2218 dicens
2459 2180 2472 2216 :
2511 2162 2656 2218 Venit
2683 2163 2909 2220 Joannes
2937 2183 3092 2234 neque
3121 2167 3453 2231 manducans,
3483 2185 3571 2220 ne-

1980 2268 2075 2321 que
2112 2251 2280 2307 bibens
2300 2293 2314 2317 ,
2342 2263 2389 2307 et
2419 2254 2590 2307 dicunt
2619 2270 2638 2308 :
2665 2253 2984 2310 Haemonium
3023 2257 3187 2311 habet.
3228 2257 3372 2311 Venit
3404 2257 3571 2311 Filius

1982 2344 2200 2399 hominis
2218 2346 2531 2400 manducans
2554 2356 2598 2401 et
2622 2347 2808 2413 bibens,
2841 2358 2884 2402 et
2911 2348 3082 2402 dicunt
3111 2364 3129 2402 :
3154 2348 3288 2404 Ecce
3315 2352 3462 2403 homo
3485 2367 3571 2404 uo-

1981 2453 2079 2491 rax
2099 2447 2143 2492 et
2165 2439 2268 2492 vini
2293 2448 2511 2510 potator,
2541 2439 2922 2508 publicanorum
2944 2451 2991 2494 et
3015 2451 3332 2511 peccatorum
3356 2444 3568 2496 amicus.

1983 2527 2050 2581 Et
2080 2529 2365 2600 justificata
2391 2539 2464 2584 est
2491 2531 2742 2598 sapientia
2769 2548 2801 2584 a
2827 2532 2945 2598 ﬁliis
2973 2533 3078 2586 suis
3108 2531 3331 2600 (Matth.
3363 2534 3448 2587 11.
3483 2534 3572 2589 18.

1984 2619 2111 2689 19).
2159 2621 2408 2691 Alioquin
2457 2623 2816 2677 necessarium
2859 2631 3010 2688 erat,
3055 2633 3113 2678 ut
3149 2639 3209 2677 ea
3250 2639 3365 2694 qua:
3403 2625 3574 2694 ipsum

1986 2712 2296 2780 Spectabant
2316 2756 2331 2779 ,
2359 2713 2426 2770 ab
2454 2715 2557 2770 alio
2594 2715 2742 2784 prius
2780 2715 3117 2781 dicerentur,
3152 2732 3310 2787 quam
3340 2717 3406 2770 ah
3438 2718 3574 2788 ipso.

1987 2801 2044 2855 Si
2090 2801 2231 2857 enim
2279 2813 2400 2872 post
2440 2813 2516 2858 tot
2555 2813 2805 2874 tantaque
2845 2807 3147 2860 testimonia
3182 2816 3237 2862 et
3264 2819 3574 2878 argumenta

1986 2895 2236 2950 dicebant
2267 2914 2278 2949 :
2311 2895 2386 2949 Tu
2417 2898 2752 2951 testimonium
2787 2899 3014 2966 perhibes
3039 2900 3101 2951 de
3127 2900 3282 2968 teipso
3306 2941 3322 2964 ,
3353 2901 3577 2954 testimo-

1989 2987 2130 3037 nium
2155 2996 2295 3039 tuum
2321 3003 2421 3040 non
2447 2996 2523 3041 est
2548 3004 2717 3040 verum
2750 2987 2926 3059 (Joan.
2955 2988 3010 3043 8.
3040 2987 3132 3059 15)
3160 3006 3172 3042 :
3206 2990 3250 3043 si
3279 2989 3404 3044 nihil
3435 2991 3581 3060 prius

1990 3076 2213 3131 dixisset
2235 3075 2492 3142 Joannes,
2521 3086 2574 3132 et
2604 3078 2718 3147 ipse
2747 3079 2800 3132 in
2832 3078 3063 3133 medium
3105 3094 3444 3149 progressus,
3465 3082 3578 3149 pri-

1992 3183 2110 3221 mus
2137 3167 2204 3222 de
2229 3182 2288 3222 se
2314 3168 2676 3222 testimonium
2705 3169 3083 3240 perhibuisset,
3106 3170 3231 3239 quid
3257 3187 3362 3225 non
3386 3172 3580 3226 dicturi

1989 3257 2183 3312 erant?
2210 3257 2500 3328 Propterea
2530 3275 2702 3328 neque
2729 3259 3038 3329 praedicavit
3063 3268 3189 3315 ante
3214 3261 3382 3326 illum,
3409 3277 3580 3331 neque

1991 3349 2136 3418 signa
2160 3348 2347 3414 edidit,
2372 3349 2542 3404 donec
2570 3350 2620 3403 in
2647 3365 2918 3405 carcerem
2951 3351 3036 3404 ille
3063 3350 3382 3415 truderetur,
3411 3368 3479 3406 ne
3501 3354 3580 3407 sic

1992 3439 2275 3493 multitudo
2320 3439 2652 3495 scinderetur
2690 3441 2740 3494 in
2784 3452 2982 3509 partes.
3028 3441 3230 3496 Idcirco
3268 3443 3470 3496 nullum
3503 3445 3579 3498 si-

1991 3548 2152 3602 gnum
2187 3531 2311 3586 fecit
2345 3533 2578 3588 Joannes
2603 3575 2618 3599 ,
2646 3542 2706 3588 ut
2732 3532 2832 3588 hac
2859 3533 3065 3589 ratione
3094 3535 3483 3590 multitudinem
3512 3537 3578 3590 ad

1991 3625 2170 3680 Jesum
2198 3625 2468 3692 alliceret,
2497 3625 2622 3680 dum
2650 3625 2902 3680 miracula
2943 3627 3007 3680 ad
3048 3627 3217 3698 ipsum
3261 3627 3464 3682 turbam
3495 3637 3579 3681 at-

1993 3715 2283 3770 traherent.
2315 3715 2373 3771 Si
2402 3717 2544 3771 enim
2593 3726 2714 3787 post
2747 3726 2824 3770 tot
2853 3725 3221 3786 tantarumque
3248 3733 3426 3772 rerum
3468 3718 3581 3771 dis-

1995 3808 2358 3877 pensationem
2380 3849 2395 3874 ,
2425 3818 2480 3864 et
2507 3821 2631 3862 ante
2660 3816 2712 3862 et
2742 3817 3020 3877 postquam
3047 3807 3282 3863 Joannes
3310 3809 3362 3862 in
3401 3824 3583 3864 carce-

1993 3916 2107 3956 rem
2130 3909 2310 3956 trusus
2336 3910 2439 3967 est,
2467 3899 2711 3970 discipuli
2738 3899 2959 3954 Joannis
2986 3900 3177 3955 invidia
3205 3899 3431 3970 quadam
3456 3917 3581 3970 erga

1992 3990 2176 4046 Jesum
2214 3989 2344 4045 moti
2385 3990 2737 4054 videbantur;
2767 3991 2812 4044 si
2842 3990 2992 4045 multi
3023 4006 3184 4059 porro
3221 4006 3325 4045 non
3364 3990 3536 4061 ipsum
3565 4035 3580 4056 ,

2003 4073 2098 4128 sed
2124 4071 2388 4128 Joannem
2404 4073 2683 4132 Christum
2715 4093 2837 4135 esse
2861 4081 3270 4139 arbitrabantur
3302 4103 3315 4139 :
3357 4088 3401 4142 si
3433 4091 3575 4146 nihil

2003 4164 2199 4220 horum
2231 4165 2433 4222 factum
2455 4178 2620 4232 esset,
2643 4170 2773 4239 quid
2791 4187 2900 4226 non
2933 4184 3252 4231 eventurum
3269 4182 3429 4234 erat?
3455 4181 3588 4238 ldeo

2003 4259 2287 4316 Matthaeus
2304 4261 2574 4331 significat
2591 4263 2768 4333 ipsum
2796 4281 2861 4321 eo
2875 4275 3122 4337 tempore
3139 4273 3433 4339 praedicare
3461 4291 3578 4332 ete-

2001 4354 2168 4421 pisse,
2186 4362 2239 4408 et
2253 4355 2408 4409 initio
2426 4356 2661 4425 idipsum
2679 4359 2865 4413 docuit
2890 4363 3037 4430 quod
3055 4361 3294 4421 Joannes
3320 4369 3592 4436 praedicam

2002 4454 2174 4511 verat,
2200 4461 2300 4502 nec
2329 4448 2628 4519 quidquam
2663 4451 2730 4506 de
2754 4453 2936 4522 seipse
2971 4455 3024 4508 in
3064 4471 3162 4511 sua
3193 4459 3580 4526 praedicatione

2003 4535 2260 4604 loquitur.
2337 4535 2471 4592 Nam
2498 4543 2794 4609 optandum
2826 4554 2942 4599 erat
2973 4557 3031 4600 ut
3062 4547 3194 4602 illud
3234 4548 3449 4604 interim
3485 4552 3583 4605 ad-

2003 4627 2328 4693 mitteretur,
2359 4630 2798 4701 quandoquidem
2828 4636 3068 4690 nondnm
3094 4649 3484 4709 congruentem
3511 4643 3580 4697 de

2002 4717 2118 4789 ipso
2150 4720 2419 4776 habebant
2449 4723 2778 4792 opinionem.

2066 4810 2123 4864 2.
2169 4808 2399 4880 Ideoque
2440 4812 2492 4865 in
2538 4813 2797 4882 principio
2841 4813 2972 4866 nihil
3014 4814 3295 4868 molestum
3333 4823 3388 4866 et
3424 4829 3585 4884 grave

1995 4901 2129 4956 dixit
2148 4943 2164 4969 ,
2194 4911 2252 4956 ut
2277 4901 2400 4967 ille,
2430 4917 2534 4955 non
2560 4903 2788 4957 securim
2811 4945 2825 4968 ,
2859 4919 2964 4955 non
2993 4903 3190 4972 lignum
3217 4913 3449 4968 sectum,
3480 4919 3588 4958 non

1996 4993 2373 5059 ventilabrum,
2401 5008 2581 5048 aream
2605 4994 2690 5049 vel
2732 4995 2903 5063 ignem
2946 4995 3427 5064 inexstinguibilem
3469 5012 3586 5051 nte-

1996 5084 2254 5149 moravit;
2279 5084 2372 5139 sed
2393 5099 2423 5138 a
2447 5084 2598 5139 bonis
2620 5100 2794 5150 orsus,
2818 5084 2979 5138 eaalos
3001 5095 3261 5139 memorat
3285 5095 3340 5140 et
3364 5101 3587 5156 regnum

2000 5176 2106 5229 illic
2133 5184 2372 5247 paratum
2401 5175 2757 5230 audientibus.
2787 5175 2872 5230 18.
2903 5175 2968 5228 Et
2994 5176 3257 5230 ambulans
3276 5177 3430 5247 juxta
3450 5193 3595 5232 mare

2002 5265 2228 5320 Galilcew
2247 5307 2261 5330 ,
2293 5265 2416 5318 uidit
2443 5265 2570 5320 duos
2606 5265 2787 5334 fratres
2807 5307 2822 5330 ,
2861 5265 3119 5320 Simonem
3146 5268 3231 5335 qui
3257 5263 3586 5338 cognomina-

2000 5357 2149 5411 batur
2174 5357 2392 5424 Petrus,
2429 5366 2474 5410 et
2509 5358 2763 5412 Andream
2793 5363 3003 5428 fratrem
3031 5360 3172 5430 ejus,
3203 5361 3453 5414 mittentes
3485 5369 3590 5415 rete

2001 5453 2056 5504 in
2084 5467 2222 5505 mare
2249 5465 2268 5506 :
2294 5459 2435 5506 erant
2463 5451 2596 5505 enim
2624 5451 2919 5522 piscatores,
2953 5452 3040 5507 19.
3071 5462 3120 5506 et
3142 5453 3214 5506 ait
3237 5452 3342 5506 illis
3369 5469 3388 5507 :
3417 5450 3592 5508 Venite

2005 5554 2118 5614 post
2143 5560 2240 5604 me.
2274 5552 2320 5597 et
2350 5543 2535 5611 faciam
2561 5560 2648 5599 vos
2677 5545 2949 5615 piscatores
2979 5545 3254 5601 hominum.
3281 5545 3373 5601 20.
3407 5545 3478 5599 1ιὶ
3498 5561 3592 5600 au-

2006 5643 2104 5686 tem
2138 5631 2326 5687 relictis
2363 5632 2547 5686 retibus
2571 5673 2587 5699 ,
2617 5634 2812 5704 sequuti
2840 5643 2956 5688 sunt
2981 5651 3116 5689 eum.
3155 5635 3316 5705 Atqui
3354 5633 3592 5690 Joannes

2007 5728 2082 5781 ait
2119 5741 2213 5781 eos
2259 5727 2365 5781 alio
2409 5728 2570 5783 modo
2607 5728 2771 5784 fuisse
2807 5736 3023 5784 vocatos
3055 5745 3068 5781 :
3097 5728 3237 5784 unde
3268 5728 3441 5797 palam
3469 5737 3551 5785 est
3573 5769 3590 5794 ,

2009 5824 2146 5879 hanc
2168 5821 2454 5879 secundam
2492 5821 2656 5880 fuisse
2682 5823 3014 5882 vocationem
3046 5839 3062 5879 :
3089 5822 3425 5895 idipsumque
3448 5836 3606 5893 saepe;
