4056 6360
443 339 547 395 219

441 448 630 503 videre
649 455 755 504 est.
780 442 855 501 lbi
882 455 1111 513 namque
1141 441 1355 507 dicitur,
1384 455 1506 496 cum
1535 440 1768 496 nondum
1793 439 2027 496 Joannes

440 539 714 610 coniectus
753 537 942 594 fuisset
980 536 1034 590 iu
1073 549 1377 599 carcerem,
1410 535 1554 604 ipsos
1583 534 1909 599 accessisse;
1941 533 2030 589 hic

439 649 588 697 vero,
613 641 890 700 postquam
909 629 1183 696 conjectus
1204 625 1396 682 fuerat.
1416 625 1530 680 Illic
1549 625 1790 680 Andreas
1807 625 2030 682 vocabat

439 724 695 785 l’etrum;
735 721 821 775 hic
860 720 1046 774 ambos
1081 718 1256 774 Jesus.
1294 717 1362 771 Et
1397 717 1628 772 Joannes
1656 716 1869 786 quidem
1907 718 2025 773 ait:

447 813 634 868 Videas
663 812 815 867 Iesus
847 812 1107 866 Simonem
1133 811 1426 874 venientem,
1455 810 1585 864 dixit
1611 825 1629 863 :
1658 809 1734 862 Tu
1761 826 1814 864 es
1847 809 2028 864 Simon

437 909 576 976 [ilius
613 906 806 968 Jonas;
845 915 898 958 tu
934 903 1189 958 vocaberis
1225 903 1456 973 Cephas,
1496 903 1632 972 quod
1672 902 2028 971 interpretatur

438 997 622 1051 Petrus
647 995 826 1069 (Joan.
855 998 906 1051 l.
931 997 1044 1066 42).
1069 994 1348 1050 Matthteus
1370 1009 1496 1048 vero
1517 995 1611 1057 ait,
1635 995 1742 1062 jam
1766 994 1842 1047 sic
1861 991 2025 1048 fuisse

434 1097 682 1143 vocatum
713 1105 727 1142 :
767 1086 977 1151 Videas,
1008 1087 1196 1156 inquit,
1227 1085 1509 1150 Simonem,
1533 1085 1619 1152 qui
1647 1083 1903 1138 dicebatur
1923 1082 2028 1137 Pe-

439 1187 565 1233 trus.
595 1179 700 1234 Sed
723 1179 882 1233 etiam
904 1193 934 1232 a
957 1178 1096 1244 loco,
1118 1193 1183 1232 ex
1206 1192 1313 1247 quo
1332 1175 1505 1230 vocati
1526 1184 1672 1239 sunt,
1697 1174 1836 1244 quod
1861 1175 2023 1228 etiam

436 1270 558 1323 alibi
593 1285 737 1338 smpe
774 1268 957 1324 videre
981 1277 1064 1322 est
1092 1284 1105 1320 :
1136 1267 1260 1320 hinc
1288 1266 1452 1335 liquet
1477 1265 1636 1320 etiam
1656 1306 1674 1333 ,
1701 1265 1843 1334 quod
1873 1264 2024 1320 facile

434 1356 706 1420 obediant,
731 1363 785 1412 et
807 1355 984 1410 omnia
1013 1354 1318 1424 relinquant
1343 1370 1357 1417 ;
1381 1353 1492 1422 jam
1517 1351 1660 1407 enim
1686 1351 1852 1421 probe
1879 1355 2023 1421 prius

436 1449 628 1503 eruditi
671 1447 902 1502 fuerant.
942 1446 1055 1501 Illic
1084 1448 1224 1500 enim
1266 1445 1548 1501 exhibetur
1572 1443 1813 1499 Andreas
1843 1445 1894 1498 in
1921 1444 2022 1498 do-

433 1557 578 1595 mum
610 1541 850 1606 veniens,
881 1552 934 1594 et
961 1539 1126 1593 multa
1155 1537 1411 1601 audiens;
1441 1537 1526 1591 hic
1563 1545 1762 1602 autem,
1793 1551 1898 1590 uno
1923 1551 2017 1590 au-

433 1633 543 1686 dito
569 1631 752 1697 verbo,
784 1631 960 1685 statim
988 1629 1196 1699 sequuti
1225 1637 1368 1682 sunt.
1397 1627 1695 1682 Verisimile
1720 1627 1914 1697 quippe
1939 1636 2021 1682 est

432 1725 551 1778 illos
571 1739 688 1778 eum
712 1738 740 1776 a
767 1721 1028 1792 principio
1053 1719 1260 1790 sequuti
1293 1718 1538 1785 fuissent,
1562 1717 1810 1773 dimissos
1837 1727 2018 1787 postea

435 1819 634 1884 fuisse;
675 1833 796 1872 cum
843 1825 1020 1870 autem
1062 1814 1319 1869 vidissent
1356 1813 1613 1868 Joannem
1655 1813 1707 1866 in
1747 1827 2016 1868 carcerem

434 1926 638 1967 trusum
672 1911 835 1966 fuisse
859 1953 873 1976 ,
909 1911 1051 1978 ipsos
1080 1918 1204 1962 tunc
1234 1908 1520 1962 recessisse
1541 1949 1555 1971 ,
1588 1916 1746 1975 atque
1772 1905 1835 1959 ad
1869 1921 2017 1959 suam

431 2014 601 2058 artem
629 2001 869 2057 rediisse.
895 1999 984 2056 Sic
1010 2001 1188 2068 itaque
1216 1998 1333 2052 illos
1360 1998 1626 2066 piscantes
1652 1997 1874 2050 invenit.
1899 1996 2018 2066 Ipse

431 2110 559 2150 vero
589 2109 762 2163 neque
798 2093 916 2147 illos
942 2107 1062 2146 cum
1093 2091 1242 2145 abire
1280 2088 1476 2142 vellent
1521 2087 1672 2141 initio
1714 2087 2015 2155 prohibuit,

433 2186 606 2257 neque
645 2200 766 2240 cum
813 2183 1157 2237 recessissent
1197 2194 1362 2250 usque
1391 2179 1442 2232 in
1471 2178 1627 2232 finem
1653 2177 1894 2245 dimisit;
1923 2177 2016 2232 sed

430 2287 709 2348 postquam
749 2274 1005 2330 recedere
1034 2273 1279 2338 sivisset,
1311 2270 1460 2326 venit
1495 2283 1706 2324 rursum
1748 2270 1890 2341 ipsos
1929 2285 2018 2324 re-

429 2371 692 2440 petiturus
723 2391 736 2424 :
763 2369 850 2438 qui
880 2366 1123 2438 egregius
1148 2375 1230 2420 est
1259 2363 1569 2434 piscationis
1595 2363 1804 2418 modus.

500 2460 701 2518 Christo
727 2462 835 2514 sine
860 2475 1003 2512 mora
1032 2455 1494 2524 obtemperandum.
1524 2485 1597 2494 ——
1625 2453 1900 2523 Perpende
1925 2469 2013 2507 au-

430 2565 538 2609 tem
564 2555 774 2608 illorum
801 2565 856 2606 et
877 2551 1034 2606 fidem
1057 2559 1110 2604 et
1130 2547 1505 2604 obedientiam.
1535 2547 1742 2602 Etenim
1765 2547 1817 2601 in
1841 2546 2016 2601 medio

429 2660 596 2714 opere
622 2644 792 2712 (scitis
816 2653 993 2696 autem
1021 2657 1180 2711 quam
1206 2639 1356 2693 avida
1384 2654 1471 2693 res
1500 2640 1569 2693 sit
1597 2638 1844 2707 piscatio).
1869 2638 2016 2692 illum

428 2737 704 2806 iubentem
732 2734 1010 2788 audientes
1031 2774 1045 2798 ,
1071 2747 1178 2786 non
1204 2730 1526 2786 distulerunt
1545 2771 1558 2796 ,
1584 2745 1757 2800 neque
1785 2731 2016 2784 cunctati

428 2838 554 2882 sunt
575 2845 587 2880 :
614 2843 720 2881 non
742 2827 1011 2888 dixerunt,
1038 2824 1255 2878 Reversi
1282 2823 1522 2888 domum,
1549 2823 1873 2891 propinquos
1894 2823 2017 2876 allo-

427 2933 658 2986 quemur
685 2933 700 2970 :
732 2916 824 2971 sed
863 2915 1061 2970 relictis
1102 2914 1349 2968 omnibus
1391 2913 1599 2981 sequuti
1637 2922 1792 2978 sunt,
1823 2929 2013 2983 quem-

427 3008 712 3063 admodum
749 3017 801 3061 et
842 3007 1062 3061 Elisacus
1105 3005 1227 3060 fecit
1263 3020 1384 3059 cum
1427 3002 1566 3058 Elia.
1603 3003 1784 3058 Talem
1821 3004 2016 3074 quippe

427 3101 672 3155 Christus
699 3098 1054 3154 obedientiam
1080 3096 1270 3167 quaerit
1306 3111 1337 3150 a
1377 3095 1532 3150 nobis
1555 3138 1570 3162 ,
1598 3096 1666 3149 ita
1711 3109 1765 3149 ut
1798 3112 1865 3151 ne
1895 3113 2012 3150 mo-

428 3204 610 3248 mento
644 3191 859 3264 quidem
897 3192 1150 3260 temporis
1189 3188 1496 3243 differamus
1517 3231 1530 3252 ,
1561 3189 1768 3243 etiamsi
1795 3188 1922 3258 quid
1947 3205 2015 3244 ex

428 3284 714 3338 admodum
755 3281 1078 3338 necessariis
1117 3295 1305 3350 urgere
1333 3279 1593 3334 videatur.
1623 3278 1825 3334 Idcirco
1853 3279 2014 3334 alium

427 3375 730 3431 venientem
771 3386 826 3430 et
869 3381 1141 3443 rogantem
1178 3371 1276 3426 sibi
1316 3371 1501 3426 liceret
1541 3371 1769 3440 sepelire
1809 3379 2011 3441 patrem

427 3485 604 3525 suum.
633 3481 702 3520 ne
727 3465 855 3520 illud
883 3464 1095 3532 quidem
1115 3461 1291 3518 facere
1319 3462 1578 3532 permisit,
1601 3461 1908 3527 ostendens,
1932 3477 2017 3516 se-

427 3557 623 3628 quendi
669 3555 937 3610 Christum
982 3553 1214 3608 officium
1260 3569 1380 3608 esse
1423 3553 1672 3608 omnibus
1714 3552 2017 3608 anteferen—

427 3652 552 3706 dum
581 3649 790 3720 (Matth.
819 3649 874 3705 8.
904 3647 1114 3718 21.22).
1145 3647 1201 3702 Si
1229 3662 1357 3702 vero
1382 3646 1582 3702 dixeris
1613 3664 1627 3700 :
1659 3645 1883 3700 Maxima
1903 3654 2018 3700 erat

428 3743 713 3812 promissio
745 3760 758 3796 :
788 3740 910 3795 ideo
940 3741 1169 3794 maxime
1195 3738 1360 3792 miror
1386 3739 1526 3798 illos,
1552 3737 1693 3808 quod
1731 3752 1850 3792 cum
1884 3753 2016 3791 non-

428 3833 552 3886 dum
593 3833 802 3902 signum
841 3830 1134 3896 vidissent,
1165 3837 1324 3884 tantae
1361 3828 1703 3899 promissioni
1731 3827 1888 3882 fidem
1915 3828 2015 3882 ha-

427 3925 643 3979 buerint
663 3965 680 3988 ,
707 3931 761 3978 et
785 3921 963 3977 omnia
1005 3921 1400 3996 postposuerint
1427 3931 1485 3974 ut
1511 3920 1784 3975 Christum
1823 3935 2015 3991 seque-

429 4026 618 4072 rentur
646 4033 659 4069 :
686 4031 807 4070 nam
837 4014 1183 4070 crediderunt
1210 4028 1268 4068 se
1298 4027 1457 4082 posse
1486 4028 1579 4084 per
1601 4011 1788 4067 eadem
1819 4013 1975 4068 verba
1998 4055 2013 4079 ,

429 4111 583 4181 queis
617 4110 756 4180 capti
801 4109 1044 4177 fuerant,
1089 4108 1224 4164 alios
1268 4108 1480 4178 piscari.
1528 4107 1620 4164 His
1665 4109 1839 4178 itaque
1887 4109 2013 4165 illud

431 4202 676 4272 promisit
706 4221 721 4256 :
747 4200 950 4256 Jacobo
985 4209 1160 4254 autem
1187 4206 1244 4256 et
1269 4198 1464 4254 Joanni
1495 4199 1628 4254 nihil
1661 4200 1834 4256 simile
1861 4201 2012 4255 dixit.

429 4295 560 4349 Nam
592 4293 828 4363 priorum
862 4291 1208 4360 obsequentia
1239 4290 1321 4344 bis
1348 4291 1486 4344 viam
1515 4291 1740 4360 paravit.
1772 4293 2016 4362 Alioquin

430 4400 558 4440 vero
579 4385 688 4454 jam
714 4383 938 4452 plurima
963 4382 1030 4436 de
1062 4381 1177 4451 ipso
1202 4381 1498 4436 audierant.
1525 4381 1657 4437 Vide
1683 4398 1840 4454 porro
1859 4399 2015 4453 quam

431 4489 677 4534 accurate
721 4476 873 4530 nobis
913 4475 1122 4529 illorum
1163 4482 1528 4544 paupertatem
1559 4473 1774 4530 indicet.
1818 4475 2018 4529 Invenit

430 4569 575 4624 enim
605 4569 726 4622 illos
752 4566 1055 4622 reﬁcientes
1089 4567 1222 4620 retia
1263 4582 1378 4620 sua.
1409 4565 1577 4620 Tanta
1621 4576 1736 4621 erat
1773 4576 2014 4637 egestas,

429 4667 492 4714 ut
521 4667 700 4713 vetera
727 4665 1108 4722 restaurarent,
1140 4655 1280 4726 quod
1310 4671 1413 4710 non
1441 4664 1663 4726 possent
1687 4656 1786 4710 alia
1815 4672 2013 4712 emere.

430 4752 542 4807 Nec
581 4749 799 4805 minima
840 4748 1050 4803 interim
1093 4747 1207 4801 haec
1242 4755 1325 4802 est
1365 4747 1573 4801 virtutis
1602 4745 2016 4812 demonstratio,

430 4852 798 4916 paupertatem
831 4841 900 4895 ita
945 4841 1097 4895 facile
1134 4839 1273 4894 ferre
1298 4882 1313 4905 ,
1341 4855 1406 4893 ex
1444 4839 1604 4906 justis
1641 4837 1909 4894 laboribus
1939 4842 2018 4893 vi-

431 4948 575 4992 ctum
601 4949 806 5006 parare,
835 4942 1013 4986 mutua
1039 4932 1262 4986 invicem
1287 4931 1508 4985 caritate
1527 4930 1791 4994 connecti,
1815 4941 2018 5000 patrem

431 5041 612 5080 secum
641 5023 857 5090 habere,
882 5023 1085 5092 ipsique
1112 5019 1373 5074 famulari.
1403 5019 1688 5090 Postquam
1717 5019 1873 5090 igitur
1899 5021 2020 5076 illos

435 5129 669 5188 piscatus
696 5117 901 5179 fuisset,
926 5124 1050 5169 tunc
1073 5116 1236 5183 etrapit
1262 5112 1366 5166 illis
1394 5112 1746 5182 praesentibus
1766 5113 2019 5167 miracula

433 5211 597 5266 edere
620 5253 634 5277 ,
666 5225 864 5279 perque
893 5223 954 5262 ea
984 5223 1102 5276 qum
1131 5221 1160 5259 a
1187 5205 1390 5260 Joanne
1413 5203 1480 5259 de
1511 5205 1624 5273 ipso
1652 5205 1788 5260 dieta
1815 5206 2022 5261 fuerant

435 5297 806 5354 confirmabat.
838 5298 1143 5369 Synagogas
1170 5310 1330 5365 porro
1361 5295 1749 5363 frequentabat,
1781 5294 1906 5350 hinc
1929 5295 2022 5350 Ju-

437 5393 584 5446 dzeos
611 5390 810 5446 docens
834 5405 893 5445 se
921 5404 1025 5442 non
1056 5402 1176 5442 esse
1203 5387 1310 5440 Deo
1335 5385 1691 5440 adversarium
1711 5427 1725 5452 ,
1752 5387 1836 5440 vel
1865 5387 2022 5442 sedu-

437 5497 664 5550 ctorem,
686 5484 779 5540 sed
800 5500 922 5539 cum
950 5482 1108 5538 Patre
1127 5481 1548 5536 consentientem
1569 5479 1865 5545 advenisse.
1887 5483 2021 5538 Cum

437 5593 615 5632 autem
645 5577 696 5631 in
727 5575 860 5631 locis
891 5582 1219 5641 versaretur,
1241 5587 1347 5628 non
1378 5569 1537 5627 modo
1563 5568 1904 5643 prtedicabat,
1927 5573 2020 5630 sed

439 5669 602 5725 etiam
633 5669 784 5739 signa
813 5665 1021 5723 edebat.

511 5759 568 5817 5.
600 5758 804 5831 Ubique
828 5758 993 5829 enim,
1023 5757 1068 5814 si
1093 5753 1304 5830 quando
1326 5770 1413 5814 res
1442 5754 1656 5813 insolita
1675 5767 1729 5816 et
1749 5759 2016 5832 inopinata

1253 327 1312 384 S.
1339 299 1616 384 jOANNiS
1649 325 2126 384 CHRYSOSTOHI
2161 327 2478 386 ARCJHEP.
2513 332 3051 392 CONSTANTINOP.

3620 343 3734 398 2‘20

2132 441 2372 507 accidat,
2406 444 2452 499 si
2495 459 2689 500 novum
2728 447 3009 504 inducatur
3046 449 3169 505 vitae
3207 452 3503 508 institutum
3528 495 3542 517 ,
3574 455 3724 526 signa

2133 533 2270 587 solet
2299 533 2438 590 Deus
2465 535 2641 593 facere
2659 580 2675 604 ,
2707 541 2958 608 potentia:
2987 555 3100 596 sua:
3129 542 3346 612 pignora
3388 547 3632 616 praebens
3659 549 3724 602 iis

2132 623 2222 693 qui
2263 625 2406 694 leges
2435 631 2732 697 suscepturi
2763 640 2905 685 sunt.
2945 631 3034 687 Sic
3070 633 3250 702 itaque
3289 649 3409 690 cum
3451 636 3722 693 hominem

2132 713 2366 770 facturus
2393 727 2511 771 erat
2531 760 2547 784 ,
2583 720 2835 774 mundum
2873 730 3044 777 totum
3077 723 3279 778 creavit
3299 765 3314 788 ,
3345 735 3580 795 tuncque
3615 727 3722 796 ipsi

2132 805 2302 876 legem
2346 808 2487 863 illam
2513 811 2529 842 ³
2567 813 2618 865 in
2664 814 2909 880 paradiso
2945 814 3111 869 dedit.
3149 816 3216 870 Et
3252 832 3374 872 cum
3415 817 3543 874 N02
3576 820 3726 891 leges

2132 900 2398 966 positurus
2427 912 2562 967 erat,
2592 917 2780 972 magna
2810 921 3021 961 rursum
3051 907 3294 965 exhibuit
3322 911 3596 977 miracula,
3625 929 3724 983 per

2131 1005 2250 1058 quas
2279 1001 2442 1046 totam
2469 998 2787 1050 restauravit
2810 1007 3131 1066 creaturam,
3154 1011 3209 1056 et
3233 1001 3560 1059 horrendum
3589 1006 3720 1061 illud

2128 1083 2346 1152 pelagus
2377 1100 2472 1154 per
2494 1101 2692 1142 annum
2723 1098 2890 1145 totum
2927 1092 3169 1150 obtinere
3196 1098 3400 1151 curavit
3423 1141 3437 1164 ,
3471 1115 3566 1169 per
3590 1118 3711 1170 qua:

2129 1172 2291 1226 etiam
2335 1174 2537 1243 justum
2591 1179 2739 1233 illum
2795 1181 2847 1235 in
2900 1192 3044 1238 tanta
3098 1194 3415 1255 tempestate
3459 1194 3713 1249 servavit.

2129 1264 2358 1319 Abrahae
2386 1283 2598 1334 quoque
2627 1273 2794 1326 multa
2839 1275 2988 1344 signa
3031 1278 3320 1344 praestitit;
3343 1282 3490 1336 verbi
3519 1298 3677 1339 causa
3698 1325 3715 1350 ,

2131 1358 2406 1414 victoriam
2434 1361 2485 1414 in
2513 1363 2676 1430 bello,
2705 1365 2914 1436 plagam
2943 1368 3206 1424 Pharaoni
3238 1371 3550 1441 immissum,
3576 1391 3606 1430 a
3633 1393 3719 1447 pe.

2126 1449 2308 1504 riculis
2342 1453 2690 1521 ereptionem.
2722 1456 2966 1528 Cumque
3007 1459 3206 1515 Judacis
3244 1461 3388 1532 leges
3421 1474 3716 1522 statuwrus

2125 1549 2287 1604 esset,
2317 1540 2570 1596 miracula
2599 1543 2685 1597 illa
2717 1543 2862 1610 fecit,
2891 1557 2945 1600 et
2971 1550 3209 1620 prodigia
3251 1567 3462 1623 magna,
3491 1563 3716 1625 tuncque

2125 1628 2297 1700 legem
2329 1630 2494 1685 dedit.
2523 1633 2597 1687 lta
2629 1645 2681 1689 et
2707 1653 2848 1691 nunc
2875 1639 3144 1694 excelsum
3180 1643 3465 1714 quodpiam
3499 1646 3717 1701 institu-

2125 1732 2236 1776 tum
2280 1724 2594 1779 inducturus
2615 1767 2629 1790 ,
2661 1743 2830 1798 eaque
2863 1730 3102 1785 dicturus
3142 1732 3244 1788 illis
3271 1750 3390 1805 quas
3425 1753 3721 1808 numquam

2123 1817 2438 1883 audierant,
2464 1819 2781 1874 mirabilium
2803 1824 3116 1890 operatione
3134 1825 3271 1880 dicta
3293 1842 3385 1881 sua
3407 1830 3711 1887 conﬁrmat.

2124 1907 2385 1974 Quoniam
2412 1911 2553 1964 enim
2584 1926 2801 1980 regnum
2832 1913 2978 1970 illud.
3003 1914 3142 1983 quod
3173 1917 3578 1985 prwdicabatur,
3603 1937 3717 1974 non.

2122 1999 2446 2066 apparebat,
2485 2016 2552 2054 ex
2593 2002 2656 2054 iis
2694 2019 2814 2072 qua:
2860 2003 2959 2059 sub
3006 2017 3278 2076 aspectum
3326 2009 3617 2076 eadebant,
3663 2015 3720 2066 id

2122 2090 2260 2158 quod
2300 2090 2566 2145 occultum
2603 2104 2717 2147 erat
2757 2094 3090 2152 manifestum
3137 2099 3279 2154 fecit.
3313 2099 3382 2154 Et
3422 2101 3542 2156 vide
3585 2105 3720 2158 mihi

2122 2191 2379 2249 quantum
2423 2183 2691 2252 superﬂua
2729 2187 2860 2239 vitet
2897 2190 3260 2257 evangelisra»,
3298 2193 3567 2260 quomodo
3605 2211 3712 2248 non

2121 2271 2362 2340 singulos
2406 2289 2592 2328 eorum
2636 2276 2726 2344 qui
2773 2278 2942 2331 sanati
2987 2289 3111 2333 sunt
3157 2296 3577 2345 commemoret,
3619 2276 3720 2340 sed

2122 2363 2269 2417 brevi
2292 2379 2539 2419 sermone
2561 2366 2837 2421 innumera
2859 2368 3005 2436 signa
3032 2381 3430 2438 praetercurrat.
3447 2373 3577 2427 Nam
3600 2376 3716 2431 ait:

2121 2453 2212 2508 24.
2250 2453 2549 2508 Obtulerunt
2579 2457 2621 2509 ei
2652 2474 2823 2511 omnes
2852 2459 2983 2512 male
3011 2459 3242 2514 habentes
3268 2464 3418 2516 variis
3447 2465 3678 2532 languori
3689 2495 3711 2506 -

2123 2545 2213 2598 bus
2233 2587 2247 2612 ,
2273 2555 2319 2599 et
2351 2549 2608 2601 tormentis
2633 2560 2920 2618 correptos,
2951 2550 3201 2604 daemonia
3225 2553 3460 2607 habentes
3479 2597 3490 2612 .
3523 2555 3712 2609 lunati-

2120 2655 2225 2701 cos,
2245 2639 2569 2710 paralyticos,
2594 2650 2638 2693 et
2654 2643 2849 2694 sanavit
2869 2658 2972 2700 eos.
2993 2642 3190 2698 Verum
3212 2644 3278 2698 ab
3302 2645 3390 2698 ilio
3408 2647 3712 2717 inquiritur,

2120 2744 2216 2783 cur
2242 2744 2271 2782 a
2299 2729 2444 2783 nullo
2470 2745 2654 2784 eorum
2687 2732 2843 2786 fidem
2871 2735 3082 2803 exegit?
3107 2734 3291 2810 Neque
3317 2737 3456 2790 enim
3479 2738 3634 2804 dixit,
3661 2739 3719 2792 id

2120 2821 2261 2889 quod
2303 2830 2486 2889 postea
2528 2821 2727 2878 dixisse
2765 2834 3013 2878 narratur
3044 2844 3055 2878 :
3081 2826 3311 2880 Creditis
3342 2843 3434 2882 me
3470 2828 3596 2882 illud
3635 2828 3715 2883 fa-

2120 2927 2243 2965 Cere
2280 2927 2436 2980 posse
2465 2911 2690 2985 (Matth.
2721 2913 2773 2968 9.
2814 2915 2884 2969 28
2907 2915 2964 2987 )‘t
2999 2916 3120 2985 quia
3162 2919 3394 2972 nondum
3440 2921 3718 2988 potestatis

2120 3020 2229 3059 suze
2253 3007 2569 3060 docmnenta
2600 3001 2839 3062 dederat.
2867 3009 3113 3078 Alioquin
3143 3024 3269 3064 vero
3295 3026 3360 3066 ex
3389 3027 3454 3067 eo
3477 3012 3618 3082 quod
3642 3013 3719 3069 ad

2122 3113 2244 3150 eum
2275 3099 2628 3161 accederent,
2661 3099 2902 3169 aliosque
2930 3101 3274 3164 inducerent,
3307 3119 3411 3156 non
3445 3105 3710 3160 inediram

2120 3188 2445 3243 exhibe-bant
2482 3189 2660 3243 ﬁdem.
2704 3189 2834 3243 Nam
2876 3207 2941 3246 ex
2981 3191 3270 3262 longinquo
3308 3210 3479 3264 a-gros
3513 3195 3710 3252 affere-

2119 3280 2282 3343 bant,
2313 3295 2417 3333 non
2445 3280 2684 3344 allaturi,
2720 3281 2821 3334 nisi
2851 3297 3094 3351 magnam
3122 3283 3190 3338 de
3220 3284 3309 3338 illo
3337 3287 3716 3356 concepissent

2119 3371 2444 3439 Opinionem.
2473 3371 2539 3424 Et
2563 3387 2659 3426 nos
2683 3388 2892 3442 quoque
2914 3374 3058 3427 illum
3087 3391 3373 3444 sequamur
3398 3394 3411 3430 :
3437 3393 3558 3433 nam
3583 3380 3714 3433 mul-

2126 3465 2191 3517 tis
2217 3463 2379 3517 animi
2407 3463 2608 3517 morbis
2635 3465 2958 3532 laboramus,
2991 3477 3045 3520 et
3072 3465 3167 3520 hos
3195 3467 3283 3521 ille
3313 3469 3578 3538 praecipue
3601 3471 3717 3526 vult

2117 3571 2329 3610 curare.
2361 3555 2483 3611 ldeo
2508 3559 2647 3610 enim
2681 3557 2767 3611 illa
2800 3559 2934 3611 mala
2961 3569 3132 3624 curat,
3164 3569 3220 3613 ut
3246 3561 3361 3615 lucc
3387 3561 3618 3631 expellat
3646 3580 3715 3620 ex

2119 3647 2399 3701 animabus
2428 3647 2642 3701 nOstris.
2673 3648 3001 3703 Accedamus
3031 3650 3186 3719 igitur
3209 3650 3274 3705 ad
3305 3668 3448 3713 eum.
3476 3652 3718 3725 nihilque

2119 3741 2372 3794 saaculare
2403 3749 2642 3808 petamus
2663 3782 2677 3804 ,
2707 3741 2799 3794 sed
2826 3742 3191 3796 remissionem
3225 3755 3560 3812 peccatomm
3595 3757 3713 3802 :et-

2120 3835 2262 3886 enim
2289 3832 2447 3886 etiam
2477 3847 2616 3886 nunc
2638 3832 2744 3896 dat,
2771 3833 2814 3886 si
2837 3833 3116 3902 diligenter
3134 3850 3371 3903 agamus.
3395 3837 3543 3891 'l‘unc
3562 3839 3706 3892 enim

2121 3922 2174 3975 in
2217 3922 2425 3992 Syriam
2466 3921 2580 3990 ejus
2623 3923 2757 3976 fama
2789 3922 3024 3986 volat-at;
3060 3939 3199 3978 ntittc
3231 3941 3361 3979 vero
3405 3943 3499 3995 per
3540 3937 3717 3983 totum

2120 4014 2324 4069 orbem.
2360 4015 2424 4067 Et
2465 4014 2535 4068 illi
2572 4013 2783 4083 quidem
2815 4013 3090 4068 audientes
3111 4058 3127 4081 ,
3158 4015 3331 4086 ipsum
3357 4017 3715 4074 da-moniacos

2121 4106 2413 4169 curavisse,
2443 4105 2836 4160 concurrebant
2866 4122 2879 4157 :
2912 4115 2964 4159 tu
2989 4122 3116 4160 vero
3145 4108 3310 4160 multo
3337 4108 3591 4177 majorem
3617 4127 3713 4180 po-

2122 4197 2325 4252 testatis
2371 4197 2535 4264 ipsius
2574 4197 2954 4265 experientiam
2997 4207 3182 4252 nactus
3219 4215 3322 4253 non
3364 4203 3571 4272 surgis,
3605 4219 3710 4257 non

2119 4288 2326 4342 curris?
2349 4287 2454 4342 Sed
2482 4288 2555 4341 ilii
2582 4287 2793 4356 quidem
2818 4297 2870 4342 et
2898 4289 3121 4357 patriam
3154 4289 3486 4358 reliquerunt
3509 4301 3563 4347 et
3585 4294 3713 4346 ami-

2120 4393 2212 4434 cos
2243 4389 2294 4433 et
2326 4391 2612 4448 cognatos;
2643 4387 2696 4433 tu
2724 4394 2851 4433 vero
2878 4396 2943 4433 ne
2981 4380 3142 4434 domo
3180 4382 3392 4450 quidem
3418 4385 3564 4438 exire
3594 4399 3712 4439 sus-

2121 4471 2264 4526 tines
2283 4513 2296 4534 ,
2325 4480 2383 4525 ut
2409 4471 2632 4524 accedas
2656 4511 2670 4534 ,
2697 4480 2751 4524 et
2776 4471 2930 4538 longe
2956 4472 3172 4524 meliora
3197 4475 3578 4544 consequaris?
3599 4475 3717 4531 imo

2122 4578 2227 4616 non
2257 4561 2358 4616 hoc
2381 4577 2408 4614 a
2441 4573 2492 4615 te
2533 4561 2896 4630 postulamus;
2927 4561 3018 4616 sed
3058 4564 3249 4616 malam
3290 4565 3462 4618 solum
3501 4564 3714 4634 depone

2121 4649 2592 4716 consuetudinem,
2631 4659 2685 4706 et
2715 4651 2859 4706 domi
2901 4668 3124 4706 manens
3167 4670 3288 4706 cum
3337 4655 3438 4708 tuis
3482 4656 3714 4710 salutem

2123 4742 2275 4797 facile
2313 4741 2564 4810 consequi
2606 4741 2821 4810 poteris.
2850 4740 2966 4796 Jam
2998 4757 3126 4796 vero
3155 4743 3203 4796 si
3238 4744 3427 4798 morbo
3451 4761 3713 4814 corporeo

2123 4833 2462 4896 laboremus,
2494 4832 2671 4884 omnia
2711 4832 2930 4887 facimus
2950 4874 2964 4898 ,
2995 4834 3174 4888 omnia
3213 4850 3491 4890 movemus
3513 4878 3528 4900 ,
3561 4845 3618 4891 ut
3645 4837 3716 4892 ab

2124 4926 2212 4979 illa
2243 4924 2481 4978 molestia
2507 4939 2756 4979 eruamur
2779 4943 2793 4979 :
2815 4925 2991 4978 anima
3016 4941 3142 4980 vero
3165 4936 3344 4981 nostra
3376 4927 3516 4983 male
3537 4943 3596 4984 se
3622 4928 3715 4982 ha-

2123 5016 2284 5070 beate
2305 5057 2319 5081 ,
2351 5025 2666 5069 cunctamur
2701 5023 2756 5070 et
2797 5015 3106 5086 refugimus.
3145 5017 3268 5072 Ideo
3307 5034 3479 5090 neque
3509 5019 3578 5074 ab
3610 5019 3716 5074 illis

2124 5106 2451 5171 liberamur;
2499 5108 2746 5175 quoniam
2789 5123 2907 5176 quae
2947 5111 3244 5164 necessaria
3289 5121 3446 5181 sunt,
3489 5112 3715 5170 minoris

2123 5201 2378 5254 momenti
2408 5200 2646 5262 facimus,
2675 5216 2793 5270 quae
2817 5216 2946 5256 vero
2975 5202 3196 5256 minoris
3223 5205 3500 5272 momenti,
3525 5221 3714 5262 neces-

2124 5293 2264 5346 saria
2306 5292 2550 5344 ducimus
2583 5311 2594 5345 :
2629 5301 2683 5345 et
2726 5291 2987 5347 malorum
3031 5292 3177 5348 fonte
3211 5294 3434 5349 dimisso
3459 5337 3475 5360 ,
3515 5297 3715 5352 rivulos

2128 5397 2352 5453 purgare
2377 5384 2640 5438 volumus.
2665 5384 2815 5450 Quod
2845 5385 2985 5438 enim
3014 5385 3324 5442 morborum
3346 5389 3588 5458 corporis
3609 5390 3714 5444 ani~

2126 5490 2227 5528 nne
2256 5475 2554 5549 malignitas
2583 5490 2744 5529 causa
2775 5476 2863 5542 sit,
2895 5477 3220 5549 paralyticus
3246 5479 3335 5534 ille
3361 5480 3570 5551 triginta
3588 5491 3714 5536 octo

2127 5582 2389 5621 annorum
2423 5567 2616 5635 (Joan.
2649 5568 2750 5636 5),
2788 5567 2878 5624 ille
2912 5569 3049 5623 alius
3086 5584 3184 5640 per
3220 5579 3418 5626 tectum
3450 5571 3718 5629 demissus

2127 5656 2289 5726 (Luc.
2317 5658 2662 5730 5).anteillos
2693 5674 2820 5714 vero
2842 5659 2972 5715 Cain
2998 5661 3385 5716 demonstravit
3416 5678 3432 5717 :
3457 5675 3711 5734 saepeque

2193 5771 2211 5801 ι
2247 5767 2436 5828 Quidam
2454 5775 2582 5832 uss,
2608 5775 2808 5835 tuncque
2826 5770 2919 5836 ipsi
2939 5771 3173 5823 mundum
3194 5771 3352 5838 ilhnn;
3377 5777 3709 5826 minusrecte.
