4056 6360
533 282 637 337 ενι

533 388 803 464 δὲφυπῆς
851 389 1010 461 ἡμῶν
1064 393 1251 457 κακῶς
1281 394 1649 466 διακειμένης,
1701 393 1965 466 μέλλομεν
2019 401 2113 449 καὶ⁸

537 475 897 546 ἀναδυόμεθα.
930 475 1029 528 Διὰ
1049 475 1204 530 τοῦτο
1231 478 1352 531 οὐδὲ
1385 478 1606 532 ἐκείνων
1633 477 2111 548 ἀπαλλασσόμεθαο

536 559 724 631 ἐπειδὴ
757 559 826 611 τά
859 559 957 629 μὲν
987 560 1261 626 ἀναγκαῖα
1303 563 1438 631 ἡμῖν
1489 560 1741 632 πάρεργα
1773 561 2004 630 γίνεται,
2046 563 2114 617 τὰ

533 642 589 696 δὲ
617 642 867 713 πάρεργα
905 643 1208 706 ἀναγκαῖα·
1266 645 1360 696 καὶ
1405 643 1504 714 τὴν
1538 643 1719 715 πηγὴν
1766 643 1876 696 τῶν
1926 646 2113 698 κακῶν

533 726 784 796 ἀφέντες,
819 728 944 789 τοὺς
992 727 1201 796 ῥύακας
1253 728 1602 800 ἐκκαθαίρειν
1662 728 1939 798 ἐθέλομεν.
1988 730 2112 783 Ὅτι

533 814 642 880 γὰρ
666 809 773 862 τῶν
812 810 867 862 ἐν
893 809 970 880 τῷ
999 808 1210 878 σώματι
1248 811 1435 864 κακῶν
1471 813 1504 884 η
1546 812 1777 884 πονηρία
1808 815 1908 884 τῆς
1935 812 2112 884 ψυχῆς

532 894 700 957 αἰτία,
736 895 830 948 καὶ
856 895 884 946 0
913 894 1349 965 παραλελυμένος
1376 897 1670 966 τριάκοντα
1700 898 1794 950 καὶ
1812 898 1956 950 ὀκτὼ
1990 899 2107 967 ἔτη,

532 979 628 1032 καὶ
653 980 681 1031 0
700 978 788 1030 διὰ
811 978 903 1030 τοῦ
932 979 1156 1046 στέγους
1181 979 1488 1050 χαλασθεὶς,
1519 981 1612 1033 καὶ
1656 981 1763 1050 πρὸ
1799 981 2003 1034 τούτων
2052 981 2109 1034 δὲ

529 1063 559 1114 0
593 1062 735 1114 Κάῖν
765 1061 1000 1132 ἐδήλωσε
1030 1080 1044 1092 ·
1079 1066 1173 1116 καὶ
1211 1063 1538 1134 πολλαχόθεν
1565 1063 1621 1116 δὲ
1664 1063 1928 1134 ἑτέρωθεν
1951 1064 2110 1119 τοῦτο

529 1143 597 1198 ἄν
632 1162 714 1207 τις
737 1145 943 1197 κατίδοι
983 1146 1049 1204 ³⁸.
1089 1147 1394 1218 ’Λνέλωμεν
1435 1147 1612 1200 τοίνυν
1644 1147 1753 1199 τῶν
1797 1147 1982 1201 κακῶν
2009 1148 2109 1218 τὴν

529 1234 737 1303 πηγὴν,
771 1233 862 1285 καὶ
900 1233 1076 1288 πάντα
1109 1237 1361 1306 στήσεται
1386 1235 1495 1288 τῶν
1523 1236 1844 1307 νοσημάτων
1875 1235 1944 1288 τά
1983 1236 2108 1308 ῥεύ-

531 1333 700 1387 ματα.
734 1319 808 1368 υύ
839 1317 948 1388 γὰρ
979 1317 1039 1370 τὸ
1067 1318 1468 1389 παραλελύσθαι
1500 1319 1658 1388 μόνον
1689 1319 1919 1388 νόσημα,
1973 1319 2108 1372 ἀλλά

528 1401 622 1452 καὶ
651 1399 709 1453 τὸ
744 1399 1076 1470 ἁμαρτάνειν
1098 1417 1110 1430 ο
1146 1401 1240 1453 καὶ⁸
1275 1401 1433 1453 τοῦτο
1465 1401 1663 1471 μᾶλλον
1698 1401 1730 1472 ἢ
1767 1404 1963 1462 ἐκεῖνο,
1997 1403 2107 1474 δσῳ

526 1483 621 1536 καὶ
677 1484 821 1554 ψυχὴ
877 1481 1127 1554 σώματος
1173 1486 1429 1552 ἀμείνων.
1490 1485 1879 1556 Προσέλθωμεν
1927 1487 2104 1540 τοίνυν

525 1565 675 1637 αὐτῷ
708 1567 798 1620 καὶ
821 1566 936 1632 νῦν,
965 1568 1432 1638 παρακαλέσωμεν
1461 1568 1504 1598 ³⁷
1541 1569 1628 1622 ἵνα
1659 1569 1860 1642 σφίγξῃ
1886 1570 1982 1640 τὴν
2004 1571 2106 1639 ψυ-

523 1651 624 1721 χὴν
651 1651 804 1721 ἡμῶν
833 1651 1298 1721 παραλελυμένην,
1349 1651 1441 1704 καὶ
1491 1654 1559 1704 τὰ
1606 1653 1832 1722 βιωτικὰ
1873 1654 2104 1722 ἀφέντες

523 1737 702 1786 πάντα
739 1735 848 1786 τῶν
881 1735 925 1765 ³⁸
954 1735 1338 1804 πνευματικῶν
1391 1736 1547 1805 μόνον
1592 1735 1874 1805 ποιώμεθα
1924 1737 2100 1804 λόγον.

521 1818 586 1872 Εἰ
606 1818 662 1870 δὲ
690 1819 783 1870 καὶ
805 1819 1006 1872 τούτων
1027 1821 1245 1892 ἀντέχῃ,
1280 1822 1396 1890 μετ’
1423 1821 1604 1872 ἐκεῖνα
1632 1820 1809 1872 αὐτῶν
1830 1821 2098 1890 φρόντιζε.

521 1902 660 1973 Μηδ’
691 1903 735 1934 ³⁵
764 1904 844 1956 ὅτι
877 1903 975 1955 οὐκ
998 1904 1181 1971 ἀλγεῖς
1214 1905 1546 1974 ἁμαρτάνων
1584 1906 1930 1976 καταφρόνει,
1965 1906 2099 1961 ἀλλά

518 1986 589 2038 δι’
615 1987 743 2039 αὐτὸ
773 1988 871 2057 μὲν
904 1983 996 2040 οὖν
1017 1987 1175 2040 τοῦτο
1213 1988 1444 2059 μάλιστα
1486 1989 1756 2055 στέναξον,
1787 1991 1974 2062 ἐπειδὴ
2002 1992 2101 2046 οὐκ

519 2068 750 2141 αἰσθάνῃ
769 2071 883 2140 ,τῆς
928 2071 1122 2140 ὀδύνης
1162 2072 1269 2123 τῶν
1321 2071 1825 2143 πλημμελημάτων.
1868 2075 1942 2126 Οὐ
1991 2074 2100 2146 γάρ

519 2154 670 2220 παρά
711 2156 770 2206 τὸ
831 2154 905 2225 μὴ
942 2155 1158 2208 δάκνειν
1207 2156 1305 2226 τὴν
1343 2156 1618 2224 ἁμαρτίαν
1679 2155 1836 2209 τοῦτο
1868 2157 2095 2225 γίνεται,

517 2235 654 2288 ἀλλκ
687 2238 840 2308 παρά
889 2238 951 2290 τὸ
995 2238 1319 2307 ἀναίσθητον
1363 2236 1500 2290 εἶναι
1536 2241 1634 2309 τὴν
1672 2239 2097 2311 πλημμελοῦσαν

517 2318 718 2389 ψυχήν.
766 2320 1043 2390 Ἐννόησον
1085 2319 1213 2388 γοῦν
1250 2324 1373 2383 τοὺς
1422 2321 1842 2392 αἰσθανομένους
1869 2323 1976 2374 τῶν
2015 2325 2094 2375 ol-

518 2401 680 2454 κείων
708 2403 1141 2473 ἁμαρτημάτων,
1176 2405 1292 2467 πῶς
1315 2404 1422 2457 τῶν
1458 2405 1806 2475 τεμνομένων
1834 2405 1926 2458 καὶ
1943 2423 2094 2459 x010-

518 2487 694 2556 μένων
716 2489 1034 2559 πικρότερον
1066 2489 1396 2552 όλολύζουσι,
1433 2488 1572 2540 πόσα
1602 2488 1916 2560 πράττουσι,
1954 2491 2095 2543 πόσα

516 2571 802 2640 πάσχουσι.
831 2573 971 2625 πόσα
988 2571 1241 2625 πενθοῦσι
1258 2574 1351 2626 καὶ
1379 2572 1828 2644 όδύρονται,ὦστε
1849 2572 2093 2626 ἀπαλλα-

514 2657 674 2725 γῆναι
720 2654 811 2707 τοῦ
847 2658 1081 2727 πονηροῦ
1118 2657 1444 2720 συνειδότος’
1480 2659 1615 2728 ὅπερ
1656 2657 1755 2711 οὐκ
1802 2657 1867 2712 ἂν
1908 2658 2095 2731 ἐποίη-

514 2755 633 2805 σαν,
663 2740 711 2791 εἰ
749 2739 822 2810 μὴ
857 2740 1060 2812 σφόδρα
1083 2740 1280 2812 ἤλγουν
1307 2741 1445 2795 κατά
1472 2741 1670 2812 ψυχήν.

581 2889 645 2944 δ’.
675 2890 748 2942 Τὸ
783 2891 880 2960 μὲν
903 2886 996 2944 οὖν
1021 2891 1266 2963 ἄμεινον,
1299 2893 1362 2946 τὸ
1397 2894 1532 2964 μηδὲ
1569 2893 1703 2958 ὅλως
1725 2895 2087 2967 ἁμαρτάνειν·

510 2977 571 3030 τὸ
610 2976 664 3028 δέ
703 2977 818 3044 μετ’
847 2978 1023 3029 ἐκεῖνο
1043 3019 1058 3042 ,
1091 2977 1152 3030 10
1179 2979 1593 3050 ἁμαρτάνοντας
1622 2979 1970 3034 αἰσθάνεσθαι
1998 2983 2092 3036 καὶ

509 3059 868 3130 διορθοῦσθαι.
906 3061 969 3112 Ei
993 3060 1050 3113 δέ
1085 3061 1160 3130 μὴ
1186 3060 1344 3113 τοῦτο
1373 3061 1609 3132 ἔχοιμεν,
1648 3063 1764 3126 πῶς
1782 3063 2090 3136 δεησόμεθα

507 3143 602 3196 τοῦ
625 3142 780 3207 Θεοῦ,
814 3143 908 3196 καὶ
929 3143 1124 3213 ἄφεσιν
1167 3143 1504 3214 αἰτησόμεθα
1554 3146 1986 3217 ἁμαρτημάτων,
2037 3150 2088 3202 of.

507 3225 711 3278 τούτων
747 3226 949 3297 μηδένα
990 3226 1302 3296 ποιούμενοι
1331 3226 1525 3295 λόγον;
1554 3229 1722 3282 ’Ὀταν
1743 3229 1852 3300 γὰρ
1885 3232 1949 3284 σὺ
1989 3233 2091 3286 αὐ-

505 3311 598 3372 τὸς
620 3313 648 3363 0
673 3310 1152 3382 πεπλημμεληκὼς
1187 3311 1320 3382 μηδὲ
1347 3311 1476 3364 αὐτὸ
1505 3313 1683 3378 τοῦτο,
1705 3315 1788 3367 ὅτι
1812 3315 2027 3385 ἥμαρτε
2038 3335 2086 3381 ς,

507 3393 703 3446 εἰδέναι
742 3394 929 3464 ἐθέλῃς
957 3436 970 3456 ,
1004 3395 1144 3464 ὑπὲρ
1193 3395 1361 3446 ποίων
1407 3396 1810 3466 παρακαλέσεις
1833 3398 1923 3450 τὸν
1954 3398 2086 3452 θεὸν

507 3476 1025 3548 πλημμελημάτων;
1058 3479 1199 3549 ὑπὲρ
1229 3473 1302 3531 ὧν
1328 3480 1428 3533 οὐκ
1453 3477 1599 3543 οἶδας
1624 3497 1637 3544 ;
1676 3481 1771 3535 καὶ
1814 3482 1932 3547 πῶς
1963 3485 2084 3555 εἴσῃ

504 3560 604 3630 τῆς
633 3561 951 3630 εὐεργεσίας
978 3561 1037 3613 τὸ
1063 3561 1290 3631 μέγεθος
1310 3578 1324 3627 ;
1345 3563 1478 3616 Εἰπὲ
1494 3565 1672 3616 τοίνυν
1693 3581 1787 3617 σου
1810 3567 1877 3620 τὰ
1905 3565 2086 3636 πλημ-

509 3643 800 3712 μελήματα
857 3643 975 3696 κατ’
1008 3640 1167 3708 εἶδος,
1227 3645 1314 3699 ἵνα
1344 3645 1524 3718 μάθῃς
1573 3647 1736 3702 τίνων
1791 3648 2085 3719 λαμϐάνεις

507 3724 874 3796 συγχώρησιν,
909 3727 974 3778 ἵν’
995 3725 1168 3789 οὕτως
1190 3726 1485 3800 εὐγνώμων
1512 3729 1643 3800 γένῃ
1665 3747 1732 3782 πε
1742 3730 1794 3802 ρ“ι
1819 3731 1908 3784 τὸν
1931 3733 2086 3804 εὐερ-

504 3806 694 3876 γέτην.
728 3809 798 3861 Σύ
829 3808 884 3861 δὲ
933 3809 1220 3881 ἄνθρωπον
1253 3812 1350 3881 μὲν
1399 3812 1737 3883 παροξύνων,
1773 3814 1868 3867 καῖ⁹
1897 3814 2084 3882 φίλους

505 3891 599 3944 καὶ
631 3892 810 3958 γείτον
821 3909 879 3954 1;
913 3894 1006 3944 καὶ
1031 3893 1310 3965 θυρωροὺς
1335 3897 1685 3966 παρακαλεῖς,
1704 3897 1798 3950 καὶ
1825 3899 2083 3968 χρήματα

503 3975 770 4046 δαωνᾴς,
799 3975 893 4028 καὶ
919 3976 1121 4040 πολλάς
1152 3977 1461 4041 ἀναλίσκεις
1481 3980 1692 4050 ἡμέρας
1724 3980 1964 4052 προσιὼν
1988 3984 2083 4035 καὶ

503 4057 776 4127 δεόμενος.
806 4059 909 4111 κᾶν
942 4059 1110 4123 ἅπαξ,
1143 4059 1246 4113 κᾶν
1275 4061 1386 4125 δὶς,
1424 4061 1526 4114 κᾶν
1563 4064 1821 4133 μυριάκις
1870 4081 1929 4116 σε
1963 4065 2080 4116 δια-

505 4140 802 4211 κρούσηται
837 4142 865 4194 0
900 4141 1255 4212 παροξυνθεὶς
1280 4183 1294 4206 ,
1327 4145 1427 4196 οὐκ
1461 4147 1817 4212 ἁναπίπτεις,
1852 4146 1965 4200 ἀλλ’
1996 4151 2080 4200 ἐν-

502 4222 734 4292 αγώνιος
763 4225 963 4294 μᾶλλον
991 4225 1295 4295 γενόμενοςτ
1321 4227 1537 4280 πλείονα
1567 4228 1664 4299 τὴν
1696 4230 1973 4300 ἱκετηρίαν
2002 4231 2080 4283 τί-

505 4303 604 4376 θης
636 4305 681 4338 ⁸ο
699 4323 715 4338 ο
741 4307 832 4359 τοῦ
859 4307 916 4360 δὲ
940 4307 1047 4360 τῶν
1079 4306 1228 4380 [185]
1270 4308 1403 4362 δλων
1430 4310 1564 4363 Θεοῦ
1617 4313 2075 4384 παροξυνομένου,

501 4388 862 4460 χασμώμεθα,
910 4392 1003 4443 καὶ
1055 4393 1478 4462 ἀναπίπτομεν,,
1505 4395 1598 4447 καὶ
1627 4397 1940 4468 τρυφῶμεν,
1984 4399 2078 4451 καὶ

503 4471 796 4543 μεθύομεν,
835 4474 927 4526 καὶ
950 4475 1019 4526 τά
1049 4475 1189 4528 κατά
1218 4476 1501 4546 συνήθειαν
1537 4479 1714 4532 πάντα
1743 4482 2074 4551 πράττομεν.

501 4556 613 4610 Καὶ
645 4557 774 4609 πότε
805 4558 965 4611 αὐτὸν
992 4558 1332 4629 δυνησόμεθα
1375 4561 1530 4616 ἵλεων
1577 4564 1834 4633 ποιῆσαι;
1871 4565 1988 4627 πῶς
2020 4565 2077 4618 δέ

385 4641 388 4644 ’
500 4641 603 4693 οὐκ
630 4641 778 4710 αὐτῷ
818 4641 991 4712 τούτῳ
1042 4643 1301 4711 μειζόνως
1350 4645 1798 4717 παροξυνοῦμεν;
1834 4647 1938 4702 Τοῦ
1969 4651 2076 4720 γάρ

503 4724 932 4795 ἁμαρτάνειντὺ
983 4727 1117 4797 μηδέ
1167 4727 1366 4796 ἀλγεῖν
1407 4731 1821 4801 ἁμαρτάνοντας
1875 4734 2075 4804 μᾶλλον

502 4809 830 4876 ἀγανακτεῖν
859 4809 1019 4863 αὐτὸν
1071 4814 1214 4864 ποιεῖ
1241 4817 1333 4866 καὶ
1361 4814 1692 4884 ὀργίζεσθαι.
1750 4817 1949 4888 Διόπερ
1994 4820 2074 4882 εἰς

501 4891 675 4961 αὐτὴν
713 4890 894 4944 λοιπὸν
922 4892 1066 4958 ἄξιον
1096 4893 1390 4948 καταδῦναι
1422 4898 1518 4968 τὴν
1544 4902 1667 4968 γῆν,
1697 4901 1790 4954 καὶ
1819 4901 1954 4972 μηδὲ
1984 4902 2075 4954 τὸν

499 4975 651 5045 ἥλιον
699 4977 830 5045 όρᾷν
867 4975 1072 5041 τοῦτον,
1112 4978 1245 5047 μηδὲ
1293 4982 1548 5034 ἀναπνεῖν
1579 4983 1735 5046 ὅλως,
1789 4986 1870 5038 ὅτι
1902 4984 2076 5048 οὕτως

500 5059 932 5112 εὐκατάλλακτον
985 5062 1258 5130 Δεσπότην
1298 5063 1529 5134 ἔχοντες,
1595 5066 1968 5138 παροξύνομέν
2015 5087 2075 5122 τε

497 5141 683 5205 αὐτὸν,
721 5145 812 5195 καὶ
844 5144 1234 5214 παροξύνοντες
1255 5147 1374 5199 οὐδὲ
1405 5149 1766 5220 μετανοοῦμεν
1791 5166 1805 5180 ⁸
1833 5151 2074 5219 καίτοιγε

501 5224 684 5288 αὐτὸς,
734 5226 854 5278 οὐδέ
885 5227 1012 5279 ὅταν
1038 5227 1344 5298 όργίζηται,
1383 5231 1555 5300 μισῶν
1593 5233 1687 5284 καὶ
1738 5233 2075 5304 ἀποστρεφό-

503 5323 663 5381 μενος
691 5310 837 5378 ήμᾶς
864 5309 1020 5362 τοῦτο
1049 5314 1209 5377 ποιεῖ,
1247 5313 1362 5366 ἀλλ’
1397 5314 1483 5366 ἵνα
1512 5314 1612 5367 κᾶν
1646 5315 1690 5346 ⁸³
1715 5315 1890 5381 οὕτως
1929 5321 2074 5388 ἡμᾶς

501 5390 871 5460 ἐπισπάσηται
901 5393 1036 5463 πρὸς
1063 5395 1272 5449 ἑαυτόν.
1299 5396 1488 5468 Είγὰρ
1517 5397 1870 5468 ὑϐριζόμενος
1901 5401 2075 5470 διηνε-

501 5474 613 5537 κῶς
645 5475 953 5546 εὐηργέτει,
997 5477 1196 5548 μᾶλλον
1251 5479 1319 5533 ἂν
1365 5481 1795 5551 κατεφρόνησας.
1847 5482 1944 5535 Ἴν’
1980 5481 2074 5541 οὖν

1226 280 1287 339 S.
1323 277 1613 335 JOANNIS
1649 277 2144 340 CHRYSOSTOMI
2182 279 2509 338 ARCHIEP.
2549 277 3101 337 CONSTANTINOP.

3695 282 3805 339 222

2219 398 2294 468 μὴ
2323 396 2483 470 τοῦτο
2528 396 2774 468 γένηται,
2827 395 3231 467 ἀποστρέφεται
3290 391 3428 464 πρὸς
3478 391 3681 462 ὀλίγον,
3711 393 3802 446 ῐνα

2213 477 2505 541 διαπαντός
2557 495 2617 531 σε
2651 479 2751 551 ἔχῃ
2782 479 2901 550 μεθ’
2950 476 3168 533 ἑαυτοῦ.
3218 476 3594 548 Θαρρήσωμεν
3619 475 3801 528 τοίνυν

2214 560 2378 614 αὐτοῦ
2399 564 2466 633 τῇ
2498 561 2897 632 φιλανθρωπίᾳ,
2939 562 3034 614 καὶ
3074 562 3361 632 μετάνοιαν
3401 558 3801 630 ἐπιδειξώμεθα

2216 647 2724 716 μεμεριμνημένην,
2756 647 2886 716 πρὶν
2915 645 2947 717 ἢ
2996 645 3094 717 τὴν
3124 645 3337 716 ἡμέραν
3367 646 3650 713 ἐπιστῆναι
3695 641 3798 714 τὴν

2213 730 2314 781 οὐκ
2341 730 2516 782 ἐῶσαν
2541 732 2688 800 ἡμᾶς
2714 729 2972 800 κερδᾶναι
2997 731 3063 782 ἐκ
3084 728 3297 784 τούτου.
3324 726 3437 780 Νῦν
3458 725 3557 797 μὲν
3576 727 3686 797 γὰρ
3705 727 3798 796 ἐφ’

2211 816 2346 885 ἡμῖν
2376 815 2437 868 τὸ
2471 817 2578 868 πᾶν
2609 818 2818 868 κεῖται’
2873 816 2996 869 τότε
3045 814 3104 866 δὲ
3149 816 3179 866 0
3220 812 3456 877 δικάζων
3490 811 3648 882 μόνος
3690 810 3796 880 τῆς

2209 898 2392 967 ψήφου
2447 898 2654 967 γίνεται
2713 897 2921 969 κύριος.
3001 895 3445 966 Προφθάσωμεν
3488 895 3666 948 τοίνυν
3722 895 3794 946 τὸ

2209 982 2533 1048 πρόσωπον
2584 981 2771 1034 αὐτοῦ
2821 980 2892 1032 ἐν
2938 977 3394 1048 ἐξομολογήσει,
3446 977 3794 1048 κλαύσωμεν,

2211 1062 2591 1134 θρηνήσωμεν.
2628 1064 2725 1116 ’Δν
2769 1063 2876 1133 γὰρ
2920 1061 3237 1133 δυνηθῶμεν
3272 1060 3650 1131 παρακαλέσαι
3698 1058 3798 1113 τὸν

2208 1147 2465 1218 δικαστὴν
2515 1147 2622 1219 πρὸ
2672 1147 2773 1217 τῆς
2808 1146 3003 1217 κυρίας
3033 1147 3250 1214 ἀφεῖναι
3277 1147 3409 1215 ημῖν
3437 1144 3506 1196 τά
3536 1144 3789 1215 ἁμαρτήο

2211 1249 2376 1303 ματα,
2410 1232 2529 1285 οὐδὲ
2549 1232 2754 1285 εἰσόδου
2787 1231 2946 1302 χρεία
2974 1230 3160 1284 λοιπόν
3183 1245 3195 1258 ·
3229 1229 3419 1299 ὥσπερ
3447 1224 3539 1281 οὖν
3583 1228 3678 1280 ἐάν
3711 1226 3794 1298 μὴ

2205 1314 2366 1368 τοῦτο
2419 1315 2664 1387 γένηται,
2723 1315 2960 1386 δημοσίᾳ
3007 1313 3107 1383 τῆς
3154 1312 3479 1381 οἰκουμένης
3509 1309 3794 1381 παρούσης

2207 1397 2366 1469 ἡμῶν
2393 1399 2684 1452 ἀκούσεται
2711 1399 2756 1430 ⁸⁸
2779 1439 2794 1462 ,
2835 1399 2929 1452 καὶ
2981 1397 3204 1468 οὐδεμία
3255 1399 3386 1468 ἡμῖν
3417 1396 3568 1448 ἔσται
3603 1395 3792 1448 λοιπὸν

2208 1481 2535 1553 συγγνώμης
2561 1482 2739 1545 ἐλπίς.
2765 1482 2953 1545 Οὐδεὶς
2979 1482 3090 1554 γὰρ
3109 1481 3218 1534 τῶν
3246 1480 3481 1533 ἐνταῦθα
3512 1479 3586 1550 μὴ
3604 1477 3793 1531 διαλυ-

2207 1568 2458 1636 σαμένων
2489 1567 2536 1597 “
2557 1569 2626 1620 τά
2653 1567 3048 1637 ἁμαρτήματα,
3069 1566 3318 1620 ἀπελθὼν
3352 1568 3468 1618 ἐκεῖ
3498 1565 3790 1634 δυνήσεται

2202 1649 2302 1712 τὰς
2342 1650 2437 1701 ἐπὶ
2483 1649 2694 1713 τούτοις
2723 1649 2952 1714 εὐθύνας
3004 1651 3287 1720 διαφυγεῖν
3308 1670 3320 1681 υ
3370 1649 3482 1703 ἀλλ’
3514 1649 3702 1718 ὥσπερ
3733 1649 3792 1699 οἱ

2204 1732 2312 1784 ἀπὸ
2355 1734 2464 1784 τῶν
2511 1733 2900 1805 δεσμωτηρίων
2954 1735 3158 1788 τούτων
3199 1733 3338 1806 μετά
3381 1733 3488 1786 τῶν
3541 1731 3788 1785 ἁλύσεων

2204 1816 2572 1885 προσάγονται
2623 1815 2703 1878 είς
2743 1817 2805 1869 τὸ
2835 1817 3202 1888 δικαστήριον,
3256 1816 3430 1880 οὕτως
3454 1818 3510 1868 αί
3541 1815 3588 1846 ⁸⁸
3615 1814 3789 1884 ψυχαὶ

2202 1899 2398 1961 πᾶσαι,
2423 1899 2549 1952 ὅταν
2577 1899 2823 1954 ἐντεῦθεν
2859 1900 3154 1964 ἀπέλθωσι,
3208 1900 3304 1965 τὰς
3351 1899 3598 1962 ποικίλας
3629 1915 3787 1967 περι-

2202 1980 2444 2051 κείμενοι
2479 1983 2666 2053 σειράς
2724 1983 2834 2037 τῶν
2894 1985 3328 2056 ἁμαρτημάτων,
3383 1983 3475 2036 ἐπὶ
3520 1983 3582 2035 10
3631 1980 3786 2051 βῆμα

2199 2065 2423 2131 ἄγονται
2476 2067 2538 2120 10
2594 2067 2843 2140 φοϐερόν.
2894 2070 3004 2121 Καὶ
3058 2070 3164 2140 γὰρ
3205 2066 3578 2138 δεσμωτηρίου
3632 2065 3782 2118 οὐῶν

2199 2148 2420 2217 ἄμεινον
2449 2149 2478 2201 0
2508 2150 2698 2221 παρὼν
2733 2151 2847 2221 βίος
2876 2151 3184 2206 διάκειται·
3225 2151 3337 2205 ἀλλ’
3371 2151 3560 2220 ὥσπερ
3601 2151 3692 2214 εἰς.
3717 2149 3782 2201 τὸ

2198 2232 2405 2301 οἴκημα
2453 2233 2783 2298 εἰσελθόντες
2815 2237 3012 2300 ἐκεῖνο,
3054 2235 3262 2298 πάντας
3303 2235 3518 2306 ὁρῶμεν
3561 2233 3787 2296 ἁλύσεις

2198 2316 2633 2385 περικειμένους·
2658 2317 2801 2370 οὐτω
2840 2319 2935 2372 καὶ
2981 2317 3094 2382 νῦν,
3128 2317 3194 2372 ἂν
3219 2318 3318 2389 τῆς
3342 2317 3642 2387 φαντασίας
3677 2315 3782 2385 τῆς

2197 2397 2395 2460 ἔξωθεν
2440 2399 2663 2463 ἑαυτοὺς
2700 2403 3126 2472 ἀποστήσαντες,
3176 2402 3258 2465 είς
3285 2401 3376 2454 10v
3400 2403 3632 2455 ἑκάστου
3664 2399 3782 2469 βίον

2196 2480 2545 2551 εἰσέλθωμεν,
2569 2485 2648 2547 εἰς
2670 2485 2769 2556 τὴν
2801 2487 3033 2539 ἑκάστου
3060 2485 3260 2556 ψυχὴν,
3289 2482 3533 2554 ὀψόμεθα
3556 2483 3780 2555 σιδήρου

2197 2565 2554 2638 χαλεπώτερα
2583 2567 2757 2639 δεσμά
2779 2570 3171 2641 περικειμένην
3190 2586 3204 2599 ·
3233 2570 3329 2624 καὶ
3350 2569 3584 2640 μάλιστα
3607 2568 3673 2622 ἂν
3694 2570 3778 2632 είς

2193 2649 2293 2712 τάς
2316 2650 2425 2704 τῶν
2461 2652 2835 2706 πλουτούντων
2889 2654 3137 2725 εἰσέλθῃς
3176 2653 3354 2724 ψυχάς
3374 2669 3388 2684 ⁸
3424 2654 3534 2724 ὅσῳ
3565 2653 3674 2724 γὰρ
3705 2650 3777 2704 ἂν

2196 2734 2414 2789 πλείονα
2461 2730 2563 2790 ὦσι
2614 2737 3091 2808 περιϐεϐλημένοι,
3142 2737 3382 2808 τοσούτῳ
3418 2736 3617 2808 μᾶλλόν
3663 2739 3776 2790 είσι

2193 2815 2488 2887 δεδεμένοι.
2523 2819 2731 2891 ’Ὠσπερ
2755 2816 2847 2873 οὖν
2873 2821 2966 2873 τὸν
2980 2818 3264 2892 δεσμώτην
3290 2820 3511 2874 ἐπειδὰν
3539 2820 3655 2894 ἴδῃς
3678 2819 3777 2873 καὶ

2192 2902 2287 2952 ἐπὶ
2326 2901 2420 2954 τοῦ
2451 2901 2620 2955 νώτου
2650 2903 2718 2966 ⁸⁵,
2755 2904 2850 2958 καὶ
2882 2905 3107 2958 ἐπὶτῶν
3145 2906 3367 2979 χειρῶν,
3409 2905 3667 2968 πολλάκις
3707 2903 3776 2957 δὲ

2191 2985 2285 3035 καὶ
2305 2983 2399 3037 ἐπὶ
2426 2984 2534 3039 τῶν
2563 2985 2740 3039 ποδῶν
2765 2987 3216 3058 σεσιδηρωμένον,
3238 2990 3328 3044 διὰ
3353 2987 3513 3042 τοῦτο
3536 2987 3778 3059 μάλιστα.

2189 3068 2528 3134 ταλανίζεις·
2564 3070 2707 3124 οὕτω
2740 3073 2835 3126 καὶ
2865 3071 2957 3126 τόν
2990 3072 3266 3138 πλούσιον,
3302 3074 3431 3128 ὅταν
3463 3073 3634 3145 θεάσῃ
3669 3091 3774 3145 μυ-

2191 3151 2284 3221 ρία
2311 3152 2774 3224 περιϐεϐλημένον
2808 3157 3109 3227 πράγματα
3130 3195 3146 3222 ,
3183 3155 3258 3228 μὴ
3287 3156 3378 3210 διά
3399 3157 3571 3210 ταῦτα
3600 3156 3772 3210 πλού-

2191 3250 2328 3298 σιον,
2357 3236 2493 3288 ἀλλὰ
2512 3236 2578 3289 δι’
2599 3238 2736 3290 αὐτά
2763 3239 2861 3310 μὲν
2881 3234 2974 3292 οὖν
2994 3240 3167 3294 ταῦτα
3186 3241 3370 3295 ἄθλιον
3389 3236 3531 3294 εἶναι
3556 3241 3780 3311 νόμιζε*

2191 3318 2331 3390 μετὰ
2360 3319 2470 3390 γὰρ
2496 3319 2604 3373 τῶν
2637 3321 2852 3392 δεσμῶν
2882 3321 3086 3376 τούτων
3111 3324 3206 3377 καὶ
3233 3323 3618 3396 δεσμοφύλακα
3653 3324 3770 3395 ἔχει

2188 3404 2440 3475 χαλεπὸν,
2465 3404 2554 3458 τὸν
2591 3406 2825 3477 πονηρὸν
2859 3406 3035 3478 ἔρωτα
3065 3408 3175 3461 τῶν
3198 3411 3496 3481 χρημάτων
3516 3427 3530 3441 ·
3577 3410 3634 3472 ὃς
3667 3411 3772 3462 οὐκ

2188 3488 2412 3557 ἀφίησιν
2429 3489 2728 3562 ὑπερϐῆναι
2742 3490 2899 3544 τοῦτο
2919 3491 2979 3544 τὸ
2992 3493 3381 3565 δεσμωτήριον,
3405 3493 3543 3548 ἀλλά
3563 3494 3771 3565 μυρίας

2186 3571 2336 3641 αὐτῷ
2374 3573 2769 3638 κατασκευάζει
2823 3574 2990 3638 πέδας
3035 3575 3131 3629 καὶ
3173 3576 3420 3646 φύλακας
3467 3579 3562 3632 καὶ
3596 3580 3776 3651 θύρας

2185 3656 2280 3710 καὶ
2312 3655 2561 3726 μοχλοὺς.
2599 3658 2694 3711 καὶ
2718 3660 2796 3721 είς
2841 3659 2939 3730 τὴν
2977 3659 3259 3731 ἐνδοτέραν
3301 3663 3465 3716 αὐτὸν
3507 3663 3766 3734 ἐμϐαλὼν

2186 3741 2452 3813 φυλακὴν,
2483 3741 2657 3794 πείθει
2679 3744 2773 3796 καὶ
2799 3742 3025 3814 ἥδεσθαι
3051 3747 3165 3809 τοῖς
3184 3745 3404 3816 δεσμοῖς
3423 3747 3655 3812 τούτοις,
3677 3748 3766 3803 ἴνα

2187 3824 2322 3896 μηδέ
2343 3823 2533 3878 ἐλπίδα
2567 3823 2717 3898 [184]
2749 3826 2869 3879 τινὰ
2901 3826 3224 3898 ἀπαλλαγῆς
3252 3828 3387 3901 εὕρῃ
3418 3830 3528 3883 τῶν
3551 3832 3769 3886 ἐπικειο

2186 3909 2362 3978 μένων
2395 3907 2602 3965 κακῶν.
2632 3909 2748 3961 Κᾶν
2781 3909 3137 3982 ἀποκαλύψῃς
3157 3910 3236 3981 τῷ
3266 3911 3512 3984 λογισμῷ
3539 3915 3639 3985 τὴν
3666 3917 3769 3984 ψυ-

2183 3990 2283 4060 χὴν
2304 3989 2535 4052 ἐκείνου,
2563 3990 2624 4042 οὐ
2651 3989 2940 4064 δεδεμένην
2958 3994 3143 4065 μόνον,
3170 3995 3307 4048 ἀλλά
3337 3998 3430 4050 καὶ
3458 3997 3768 4067 αὐχμῶσαν

2181 4074 2276 4126 καὶ
2308 4074 2568 4144 ρυπῶσαν
2603 4075 2698 4128 καὶ
2727 4076 2962 4148 φθειρῶν
2989 4078 3262 4149 γέμουσαν
3287 4079 3430 4150 ὄψει.
3457 4081 3623 4135 Οὐδὲν
3651 4084 3767 4154 γάρ

2182 4156 2405 4210 ἐκείνων
2458 4157 2710 4226 ἀμείνους
2763 4159 2818 4212 αί
2861 4161 2962 4230 τῆς
3007 4163 3216 4233 τρυφῆς
3261 4163 3466 4234 ἡδοναὶ,
3495 4163 3632 4219 ἀλλά
3661 4165 3762 4218 καὶ

2183 4237 2483 4312 βδελυρώτε
2493 4257 2603 4310 ραι,
2619 4241 2713 4294 καὶ
2741 4242 2941 4312 μᾶλλον
2958 4243 3019 4296 τὸ
3037 4244 3195 4314 σῶμα
3218 4245 3397 4299 αὐτῶν
3413 4245 3458 4277 ⁵⁸
3478 4245 3540 4298 λυ
3549 4247 3765 4316 μαίνον-

2177 4339 2268 4374 ται
2305 4322 2444 4392 μετὰ
2477 4324 2574 4375 καὶ
2595 4325 2694 4395 τῆς
2717 4323 2917 4396 ψυχῆς,
2954 4329 3048 4380 καὶ
3079 4327 3254 4398 τούτῳ
3289 4329 3520 4402 κάκείνῃ
3554 4331 3767 4401 μυρίας

2179 4405 2500 4476 ἐπιφέρουσι
2523 4405 2566 4437 ⁸⁷
2586 4411 2910 4478 νοσημάτων
2929 4411 3162 4480 πληγάς.
3182 4413 3279 4465 Διά
3297 4411 3360 4484 δὴ
3383 4412 3556 4467 ταῦτα
3580 4416 3764 4469 πάντα

2176 4487 2268 4540 τὸν
2301 4489 2596 4560 Λυτρωτὴν
2622 4490 2729 4543 τῶν
2760 4491 2948 4562 ψυχῶν
2972 4494 3079 4548 τῶν
3116 4498 3399 4568 ἡμετέρων
3440 4499 3768 4569 παρακαλέ-

2181 4588 2385 4642 σωμεν,
2416 4571 2502 4624 ἶνα
2528 4573 2709 4628 καὶτὰ
2738 4575 2914 4645 δεσμά
2947 4577 3232 4652 διαρρήξῃ,
3267 4581 3362 4634 καὶ
3395 4581 3488 4635 τὸν
3519 4582 3768 4653 χαλεπόν

2178 4654 2335 4725 ήμῶν
2362 4654 2550 4708 τοῦτον
2587 4657 2870 4732 ἀποστήσῃ
2901 4661 3134 4731 φύλακα,
3165 4664 3372 4718 καὶτοῦ
3395 4668 3616 4738 φορτίου
3643 4669 3764 4724 τῶν

2182 4737 2414 4810 σιδηρῶν
2444 4740 2667 4794 ἐκείνων
2704 4742 2944 4797 ἁλύσεων
2962 4746 3296 4814 ἀπαλλάξας,
3326 4737 3526 4822 πτεροῦ
3553 4753 3760 4821 κουφό-

2178 4839 2334 4893 τερον
2364 4823 2493 4892 ἡμῖν
2519 4825 2721 4895 ποιήσῃ
2735 4827 2795 4878 τὸ
2809 4830 3082 4899 φρόνημα.
3105 4831 3555 4902 Παρακαλοῦντες
3579 4836 3634 4888 δὲ
3661 4838 3758 4889 αὺ-

2175 4905 2288 4968 τὸν,
2317 4906 2410 4958 καὶ
2437 4905 2508 4958 τά
2533 4910 2665 4979 παρ’
2687 4911 2894 4962 ἑαυτῶν
2929 4913 3352 4985 είσενέγκωμεν,
3395 4917 3629 4988 σπουδὴν
3658 4924 3760 4974 καὶ

2175 4987 2398 5072 γνώμην
2427 4989 2524 5043 καὶ
2570 4991 2878 5063 προθυμίαν
2931 4996 3163 5067 ἀγαθήν.
3194 4998 3349 5052 Οὐτω
3380 4999 3486 5072 γὰρ
3530 4987 3760 5072 δυνησό-

2180 5071 2332 5156 μεθα,
2361 5073 2454 5124 καὶ
2487 5075 2545 5124 ἐν
2576 5071 2770 5144 βραχεῖ
2823 5076 3000 5150 καιρῷ
3053 5079 3162 5132 τῶν
3218 5071 3557 5153 κατεχόντων
3604 5071 3758 5156 ἡμᾶς

2175 5154 2552 5227 ἀπαλλαγῆναι
2592 5159 2798 5223 κακῶν,
2833 5160 2928 5212 καὶ
2962 5162 3151 5230 μαθεῖν
3175 5165 3232 5217 ἐν
3259 5162 3341 5228 οἷς
3363 5162 3504 5236 ἦμεν
3532 5167 3592 5220 10
3614 5154 3755 5239 πρός

2175 5255 2352 5322 τερον,
2372 5239 2578 5309 καὶτῆς
2605 5243 2988 5313 προσηκούσης
3011 5244 3390 5302 ἀντιλαϐέσθαι
3415 5249 3752 5322 ἐλευθερίαςο

2173 5317 2242 5405 ἦς
2269 5321 2477 5390 γένοιτο
2500 5324 2703 5388 πάντας
2733 5327 2880 5395 ἡμᾶς
2909 5330 3204 5399 ἐπιτυχεῖν,
3228 5332 3408 5402 χάριτι
3438 5337 3532 5388 καὶ
3563 5317 3752 5405 φίλαν-

2177 5403 2392 5476 θρωπίςι⁵
2423 5405 2517 5459 τοῦ
2553 5407 2756 5478 Κυρίου
2778 5409 2934 5479 ἡμῶν
2975 5412 3148 5482 Ἰησοῦ
3181 5415 3440 5486 Χριστοῦ.
3475 5413 3518 5486 ᾧ
3621 5419 3752 5487 δόξα

2176 5488 2352 5542 καὶτὸ
2390 5492 2588 5562 κράτος
2615 5493 2695 5556 εἰς
2721 5494 2846 5557 τοὺς
2873 5493 3072 5558 αίῶνας
3096 5497 3205 5548 τῶν
3232 5500 3464 5554 αἰώνων.
3522 5488 3716 5574 Ἀμήν.

558 5690 627 5788 ³1.
636 5691 854 5788 (ie-0110.01
871 5691 1060 5788 ἸΠίδοιΩ
1080 5692 1222 5788 1⁵ξάιῖἒ
1247 5695 1408 5788 ’τικαὶ
1436 5697 2094 5788 παρεκαλέσωμεκηρλε.
2125 5699 2246 5788 εἰς..
2306 5702 2352 5783 ξ’
2379 5701 2512 5788 τῶν]
2537 5704 2678 5788 ὐπέρ
2715 5707 2832 5788 τῶν
2859 5706 2932 5788 1)ὲ
2958 5676 3029 5788 E;
3055 5709 3116 5788 F_.
3197 5712 3242 5788 ’ξ
3273 5711 3436 5788 Μηᾶ]
3474 5716 3563 5784 Μή
3593 5721 3656 5768 Α.
3683 5716 3745 5772 Β.

501 5762 548 5839 ξ’
581 5760 836 5839 τιθεῖς
877 5760 1144 5839 ὐέᾔτιθείς
1191 5765 1389 5839 A.AF._
1436 5769 1479 5839 δξ
1511 5760 1634 5839 κάν]

1674 5770 1768 5822 καί
1797 5773 1864 5856 ιε
1891 5770 1974 5856 1.1;
1998 5773 2083 5856 ιλ.
2136 5773 2182 5856 ιτ
2219 5775 2256 5856 .1

2264 5772 2397 5865 11.6121.
2419 5772 2734 5865 ἀκούσεται]
2896 5779 2960 5865 ίξ.
2992 5772 3591 5865 ήιμῶνὶείσαχθήξξεταὶ,
3623 5791 3744 5865 δίης

499 5832 726 5916 31310010;
759 5832 820 5884 C.
866 5859 868 5864 ·
896 5833 942 5863 ’³
959 5834 1048 5887 Sic
1086 5833 1147 5889 θ’.
1187 5837 1347 5905 vulgo
1371 5832 1781 5963 διαλυσάὲενος.
1817 5841 1862 5875 ⁸⁸
1887 5840 1972 5915 αἱ]
2001 5841 2093 5898 καὶ
2125 5842 2183 5898 αἱ
2214 5832 2278 5899 ΕΖ
2348 5843 2397 5876 ⁸⁸
2422 5845 2616 5920 νώτου]
2637 5832 2901 5922 τράχηλου
2922 5832 2982 5905 Ε.
3143 5832 3595 5930 δὲνῗπῖἁξῖτᾶᾲ]

503 5900 570 5956 Ιι.
621 5900 666 5932 ⁵⁷
694 5901 1032 5963 επιφέρουσιῖ
1050 5906 1399 5963 ἐπεισάγουσι
1422 5907 1485 5962 Ι).
1517 5907 1579 5963 Ε.
1650 5948 1666 5963 .

503 5900 570 5956 F.
621 5900 666 5932 "
694 5900 1032 5972 ἐπιφέρουσι]
1050 5900 1399 5975 ἐπεισάγουσι
1422 5907 1485 5962 Ι).
1517 5907 1579 5964 Ε.
