4050 6364
168 394 284 455 εει

196 517 318 572 alibi
344 517 521 587 quivis
545 514 649 570 hoc
680 515 852 584 ipsum
884 512 1081 569 videat.
1110 512 1383 567 Tollamus
1417 512 1593 581 itaque
1623 509 1790 564 malo-

196 624 311 662 rum
342 609 570 670 l’ontem,
592 618 648 663 et
670 606 975 661 morborum
1004 604 1202 661 ﬂuenta
1228 605 1407 659 statim
1428 603 1787 659 siccabuntur.

196 702 307 755 Non
340 702 605 773 paralysis
628 701 801 756 solum
828 700 1025 753 malum
1049 707 1149 763 est,
1175 697 1269 753 sed
1295 698 1456 752 etiam
1480 706 1787 766 peccatum;

197 795 300 845 imo
327 792 431 848 hoc
459 793 633 862 majus
657 809 817 863 quam
851 790 999 856 illud,
1027 801 1228 861 quanto
1252 789 1455 844 scilicet
1479 788 1654 841 anima
1679 802 1793 841 me-

194 885 289 938 lior
315 894 399 940 est
425 899 669 955 corpore.
717 884 1049 940 Accedamus
1075 882 1235 953 igitur
1256 892 1309 937 et
1337 897 1477 935 nunc
1496 879 1563 933 ad
1590 880 1786 948 ipsum,

200 993 446 1047 rogemus
476 988 535 1032 ut
564 979 853 1033 resolutam
892 976 1125 1030 animam
1157 983 1393 1029 nostram
1423 973 1785 1041 constringat,

123 1120 129 1125 .
196 1078 247 1121 et
276 1068 625 1122 smcularibus
661 1068 839 1121 missis
867 1067 1116 1121 omnibus
1140 1107 1155 1131 ,
1189 1065 1544 1135 spiritualium
1585 1073 1788 1118 tantum

203 1161 463 1213 rationem
498 1159 808 1213 habeamus.
837 1158 890 1213 Si
920 1174 1047 1213 vero
1074 1158 1190 1213 hmc
1215 1157 1459 1213 obtineas
1477 1198 1493 1219 ,
1522 1156 1608 1209 illa
1636 1168 1791 1208 cures

202 1262 400 1319 postea.
433 1251 545 1307 Nec
573 1255 696 1323 quia
729 1252 782 1306 in
812 1252 1085 1323 peccando
1116 1267 1219 1306 noo
1248 1251 1420 1315 doles,
1454 1250 1574 1304 ideo
1603 1260 1790 1303 conte-

203 1359 371 1410 mnas,
403 1344 499 1399 sed
528 1355 807 1415 propterea
837 1346 1069 1399 maxime
1098 1345 1404 1414 ingemisce,
1433 1344 1555 1414 quia
1582 1343 1788 1397 nullum

202 1434 363 1489 habes
397 1436 469 1490 de
513 1437 747 1506 peccatis
782 1435 1044 1491 dolorem.
1077 1436 1207 1490 Illud
1248 1452 1374 1490 vero
1414 1436 1537 1490 inde
1575 1435 1787 1498 evenit,

203 1541 301 1579 non
331 1525 475 1594 quod
508 1536 787 1595 peccatum
828 1543 933 1581 non
974 1527 1247 1591 mordeat,
1286 1527 1382 1582 sed
1424 1526 1564 1597 quod
1611 1526 1789 1580 anima

202 1616 489 1672 sceleribus
517 1628 730 1673 assueta
784 1634 1001 1674 sensum
1049 1634 1155 1673 non
1192 1619 1405 1675 habeat.
1437 1618 1619 1688 Cogita
1661 1632 1790 1687 ergo

204 1708 316 1761 illos
342 1708 435 1778 qui
467 1709 679 1778 propria
708 1722 920 1779 peccata
955 1712 1210 1776 sentiunt,
1242 1709 1511 1779 quomodo
1544 1708 1789 1763 acerbius

204 1801 397 1865 ejulent
421 1816 584 1869 quam
616 1802 649 1854 ii
677 1802 766 1871 qui
806 1812 1058 1857 secantur
1084 1802 1165 1855 vel
1195 1811 1454 1865 uruntur,
1485 1810 1790 1870 quantaque

207 1890 483 1956 patiantur,
515 1903 771 1961 quantum
801 1892 1016 1961 lugeant
1040 1902 1093 1947 et
1123 1894 1491 1961 ingemiscant,
1517 1903 1621 1945 uta
1650 1892 1785 1945 mala

205 1982 524 2036 conscientia
554 1984 866 2049 liberentur,
894 1984 1034 2053 quod
1066 1998 1353 2053 numquam
1381 1983 1617 2038 facerent
1638 2026 1652 2050 ,
1686 1984 1788 2037 nisi

203 2072 372 2126 animo
398 2073 689 2129 admodum
718 2074 980 2131 dolerent.

264 2164 318 2218 4.
342 2163 567 2218 Peccata
582 2168 764 2221 sentire
790 2178 836 2220 et
863 2170 1114 2237 corrigere
1133 2186 1328 2224 necesse
1351 2178 1443 2222 est.
1466 2167 1588 2222 Non
1615 2169 1787 2222 dolere

204 2256 260 2309 de
281 2268 485 2325 peccato
508 2261 670 2329 magis
698 2261 866 2313 irritat
892 2261 1081 2326 Deum,
1115 2278 1268 2331 quam
1298 2263 1464 2331 ipsum
1498 2272 1782 2331 peccatum.

201 2349 389 2403 Animi:
413 2353 711 2420 peccatricis
738 2352 1053 2421 deformitas.
1106 2382 1176 2393 -—
1205 2353 1399 2424 Utique
1429 2355 1618 2408 melius
1646 2363 1788 2409 esset

200 2457 485 2511 numquam
513 2458 768 2513 peccare;
793 2447 936 2515 quod
956 2448 1197 2517 sequitur
1227 2458 1403 2501 autent
1434 2458 1537 2510 est,
1570 2459 1787 2516 peccata

199 2535 390 2589 sentire
412 2544 470 2589 et
500 2536 792 2605 corrigere.
827 2535 882 2591 Si
924 2554 1052 2592 vero
1098 2539 1150 2592 id
1183 2555 1287 2592 non
1320 2539 1609 2592 habeamus
1632 2580 1646 2601 ,
1677 2554 1786 2608 quo

200 2636 345 2693 pacto
369 2627 485 2681 Deo
512 2631 936 2700 supplicabimus
962 2642 1018 2686 et
1048 2643 1385 2700 peccatorum
1414 2634 1783 2688 remissionem

198 2717 605 2785 postulabimus,
636 2722 722 2790 qui
746 2720 935 2775 horum
969 2723 1167 2776 nullam
1199 2724 1460 2778 rationem
1486 2724 1788 2779 habemus?

196 2807 323 2861 Cum
349 2809 498 2864 enim
530 2821 585 2864 tu
613 2813 728 2881 ipse
765 2814 854 2882 qui
898 2816 1156 2884 peccasti,
1188 2830 1257 2869 ne
1301 2815 1530 2884 idipsum
1570 2815 1785 2884 quidem

197 2898 329 2966 quod
359 2902 670 2968 peccaveris
687 2904 827 2957 scire
848 2905 995 2971 velis,
1022 2922 1118 2974 pro
1142 2905 1335 2975 quibus
1358 2906 1588 2973 peccatis
1619 2906 1786 2961 Deum

199 2989 402 3056 rogabis
425 3032 441 3054 ,
476 3006 596 3061 qua:
642 3008 710 3047 ne
737 2993 953 3063 quidem
984 2995 1165 3049 nosti?
1194 3005 1248 3051 et
1270 2997 1540 3066 quomodo
1568 2998 1785 3053 noveris

202 3080 443 3140 beneﬁcii
474 3085 944 3155 magnitudinem?
973 3089 1064 3142 Dic
1093 3088 1271 3159 itaque
1302 3100 1517 3158 peccata
1547 3101 1634 3144 tua
1665 3106 1782 3160 spe-

198 3175 368 3228 ciatim
395 3218 412 3243 ,
464 3186 519 3229 ιιι
561 3178 736 3232 discas
765 3195 1115 3249 quorumnam
1145 3182 1519 3237 remissionem
1550 3184 1783 3253 accipis,

204 3278 255 3316 nt
281 3265 350 3318 ita
378 3282 506 3336 erga
531 3268 828 3324 beneﬁcum
866 3280 1048 3341 gratus
1079 3272 1175 3326 sis.
1199 3271 1279 3326 Tu
1306 3288 1434 3327 vero
1462 3289 1583 3329 cum
1619 3275 1786 3330 homi-

206 3372 320 3411 nem
341 3357 639 3414 oﬂ'enderis
658 3402 673 3426 ,
704 3362 943 3429 amicos,
975 3362 1181 3417 vicinos
1210 3373 1265 3418 et
1292 3365 1543 3420 ostiarios
1590 3382 1748 3435 rOgas
1767 3408 1783 3433 ,

200 3450 448 3514 pecunias
489 3453 770 3520 expendis,
801 3455 1104 3524 multosque
1132 3455 1248 3511 dies
1277 3456 1501 3511 insumis
1544 3459 1595 3512 in
1627 3474 1786 3529 accc;-

196 3539 364 3594 dendo
391 3551 449 3596 et
473 3545 844 3613 supplicando,
876 3547 1085 3602 etiamsi
1111 3548 1299 3610 semel,
1330 3548 1434 3616 bis,
1459 3551 1787 3606 sexcenties-

197 3648 292 3697 que
320 3632 389 3686 ab
429 3632 639 3687 oﬂ‘enso
683 3636 950 3705 repulsam
981 3638 1164 3692 tuleris
1185 3679 1201 3704 ,
1228 3654 1334 3693 non
1368 3640 1607 3695 concidis
1627 3683 1642 3707 ,
1688 3642 1785 3696 sed

198 3723 357 3792 nugis
398 3724 701 3791 sollicitus,
734 3729 1149 3796 supplicationes
1177 3729 1410 3801 adauges
1442 3750 1455 3786 :
1488 3748 1610 3787 cum
1654 3748 1786 3788 vero

198 3814 563 3868 universorum
588 3816 725 3871 Deus
741 3818 976 3875 otl‘ensus
996 3830 1099 3889 est,
1121 3823 1429 3888 oscitamus,
1446 3825 1783 3896 negligimus,

198 3903 528 3971 deliciamur,
556 3908 901 3976 inebriamur,
930 3924 983 3967 et
1016 3929 1112 3982 pro
1140 3915 1298 3968 solito
1324 3931 1471 3970 more
1496 3918 1673 3971 omnia
1704 3917 1785 3972 fa-

200 3996 362 4050 cimus
390 4018 403 4051 :
435 4008 491 4051 et
512 4000 850 4067 quandonam
875 4003 1022 4057 illum
1050 4004 1263 4073 placare
1292 4008 1585 4074 poterimus
1605 4009 1628 4061 Ἰ
1648 4024 1785 4077 quo-

201 4089 351 4141 modo
373 4105 482 4142 non
507 4105 574 4144 eo
602 4094 717 4160 ipso
740 4093 899 4148 modo
921 4096 1087 4165 magis
1118 4096 1385 4152 irritemus
1410 4098 1434 4151 ?
1463 4100 1577 4153 Non
1602 4100 1788 4156 dolere

200 4181 334 4235 enim
360 4182 433 4238 de
457 4197 679 4253 peccato
720 4190 886 4258 magis
912 4190 979 4244 ad
1010 4191 1425 4261 indignationem
1454 4203 1507 4247 et
1537 4196 1670 4248 iram
1702 4195 1786 4265 ip-

200 4287 308 4324 sum
332 4285 624 4342 provocat,
651 4293 806 4347 quam
840 4279 1012 4349 ipsum
1043 4290 1341 4349 peccatum.
1369 4282 1704 4353 Quapropter
1732 4286 1784 4339 in

201 4361 360 4428 ipsam
407 4374 607 4419 terram
652 4383 773 4423 sese
802 4369 1092 4426 detrudere
1137 4380 1430 4441 oporteret,
1479 4389 1580 4429 nec
1616 4376 1786 4431 solem

200 4454 453 4523 aspicere,
485 4457 572 4510 vel
593 4460 1103 4529 respirare,quando
1131 4471 1236 4515 tam
1269 4463 1580 4530 placabilem
1606 4465 1787 4519 Domi-

200 4558 317 4598 num
349 4546 635 4613 habentes,
664 4549 815 4604 illum
838 4550 1131 4617 irritamus,
1155 4560 1208 4607 et
1236 4554 1506 4608 irritantes
1529 4571 1633 4608 non
1664 4572 1784 4627 pm-

202 4640 478 4693 nitentiam
503 4642 712 4710 agimus
742 4660 756 4696 :
788 4642 1000 4698 etiamsi
1024 4644 1113 4699 ille
1138 4660 1311 4714 neque
1337 4660 1458 4699 cum
1486 4646 1652 4701 iratus
1680 4657 1781 4713 est,

202 4746 290 4785 nos
312 4731 441 4784 odio
469 4731 662 4787 habeat
691 4732 773 4787 vel
818 4744 1115 4800 aversetur,
1146 4736 1241 4789 sed
1272 4736 1437 4790 iratus
1475 4736 1575 4803 sit,
1603 4746 1662 4791 ut
1688 4753 1787 4793 nos

198 4821 271 4875 vel
295 4822 371 4877 sic
404 4821 472 4877 ad
495 4836 555 4874 se
578 4823 870 4891 pertrahat.
890 4824 1020 4879 Nam
1041 4827 1085 4880 si
1110 4827 1192 4880 vel
1221 4829 1540 4883 contumelia
1568 4829 1789 4884 aﬂ‘eetus

200 4924 458 4980 perpetuo
481 4912 738 4968 beneﬁcia
779 4916 1075 4982 conferret,
1113 4918 1287 4986 ipsum
1317 4921 1486 4988 magis
1531 4919 1787 4989 despice-

204 5019 301 5056 ηις.
328 5004 407 5058 Ne
433 5010 615 5058 autem
646 5005 697 5059 id
740 5008 969 5073 eveniat,
999 5007 1068 5061 ad
1111 5018 1318 5078 tempus
1347 5011 1542 5064 avertit
1563 5011 1784 5078 faciem,

200 5108 249 5147 ut
276 5107 325 5151 te
376 5111 595 5166 semper
638 5112 819 5152 secum
864 5099 1077 5155 habeat.
1106 5101 1233 5170 Ejus
1263 5103 1440 5172 itaque
1470 5103 1788 5173 benignitati

202 5186 446 5253 ﬁdamus,
474 5198 529 5244 et
568 5190 931 5258 penitentiam
959 5191 1185 5247 sollicite
1211 5194 1586 5259 exhibeamus,
1611 5194 1789 5264 prius-

205 5294 354 5348 quam
398 5279 518 5337 dies
558 5280 650 5337 ille
679 5282 877 5352 veniat,
904 5282 958 5339 in
988 5298 1094 5354 quo
1123 5284 1256 5339 nihil
1284 5286 1438 5341 nobis
1475 5286 1787 5356 paenitentia

1246 378 1251 383 ’
1337 397 1403 453 nv
1439 393 1847 453 tumtan
1887 395 2111 453 nam.
2158 398 2295 454 XIV.

3369 379 3475 435 2'22

1899 509 2152 578 proderit.
2178 511 2329 566 Nunc
2366 511 2507 566 enim
2554 512 2605 565 in
2634 511 2789 565 nobis
2816 522 2923 566 t0ta
2957 529 3045 567 res
3074 514 3170 568 sita
3204 523 3326 570 est:
3357 522 3482 568 tunc

1895 616 2025 654 vero
2045 601 2215 657 Judex
2255 604 2399 657 solus
2426 604 2526 657 erit
2562 603 2744 672 iudicii
2771 614 2824 657 et
2853 604 3038 657 calculi
3070 604 3272 657 ferendi
3307 604 3481 658 domi-

1868 709 2018 747 ,lltls.
2046 691 2464 765 Prwoccupemus
2501 695 2662 765 igitur
2690 696 2874 766 faciem
2914 698 3023 765 ejus
3078 700 3130 750 in
3169 698 3481 767 confessione

1901 783 2071 854 (Ριαι.
2105 785 2195 841 94.
2223 787 2328 858 2.),
2358 787 2599 851 ﬂeamus,
2624 789 2914 858 lugeamus.
2948 788 3002 844 Si
3026 792 3166 842 enim
3191 791 3481 858 poterimus

1898 889 2022 933 ante
2052 879 2326 935 deﬁnitam
2358 881 2500 935 illam
2528 882 2669 937 diem
2703 882 2914 952 placare
2937 882 3206 947 Iudicem,
3239 893 3295 935 nt
3325 882 3480 937 nobis

1894 981 2111 1040 peccata
2139 974 2408 1041 remittat,
2439 990 2542 1029 non
2569 976 2710 1030 ultra
2736 977 2954 1031 introitu
2985 976 3140 1029 nobis
3170 992 3304 1044 opus
3332 978 3433 1030 erit
3464 996 3478 1032 :

1895 1072 1953 1116 ut
1976 1078 2008 1118 e
2028 1048 2307 1131 conversd,
2336 1067 2379 1120 si
2408 1081 2514 1120 non
2544 1066 2644 1123 hoc
2665 1068 2733 1122 ita
2763 1071 2871 1128 tiat,
2898 1078 3011 1123 toto
3039 1068 3169 1122 orbe
3194 1081 3478 1135 prmsente.

1899 1156 2073 1224 palam
2130 1173 2229 1211 nos
2281 1156 2585 1226 iudicabit,
2661 1167 2715 1210 et
2770 1158 2913 1208 nulla
2965 1158 3120 1209 nobis
3180 1159 3317 1208 ultra
3350 1170 3473 1221 spes

1899 1250 2070 1302 veniae
2103 1250 2386 1319 supererit.
2458 1247 2651 1302 Nullus
2688 1248 2834 1301 enim
2891 1264 3079 1300 eorum
3128 1248 3219 1315 qui
3249 1248 3470 1310 adsunt,

1899 1341 1992 1409 qui
2068 1349 2289 1409 peccata
2362 1357 2459 1395 sua
2540 1357 2645 1395 non
2713 1340 2963 1401 abluerit,
3033 1356 3157 1409 eum
3206 1340 3332 1394 illuc
3370 1339 3471 1392 ad-

1898 1433 2141 1496 venerit,
2191 1433 2394 1503 poterit
2441 1448 2631 1503 poenas
2683 1434 2751 1487 iis
2795 1433 3005 1489 debitas
3050 1431 3317 1501 cil‘ugere:
3376 1431 3474 1488 sed

1894 1521 2337 1591 quemadmodum
2369 1523 2441 1576 illi
2475 1525 2562 1591 qui
2603 1539 2669 1577 ex
2693 1524 3000 1577 carcertbus
3035 1523 3117 1577 his
3144 1522 3209 1577 ad
3245 1522 3474 1576 tribunal

1894 1614 2097 1667 catenis
2120 1615 2293 1667 onusti
2325 1614 2680 1678 adducuntur,
2707 1615 2784 1669 sic
2813 1625 2867 1669 et
2894 1615 3086 1668 anima:
3115 1628 3321 1678 omnes,
3353 1629 3475 1667 cum

1895 1702 2018 1758 hinc
2039 1704 2297 1769 abierint,
2339 1706 2499 1759 variis
2532 1716 2865 1773 peccatorum
2918 1720 3137 1759 suorum
3171 1705 3476 1759 constrictae

1892 1796 2133 1861 catenis,
2160 1796 2227 1850 ad
2257 1797 2493 1851 terribile
2525 1798 2649 1850 illud
2684 1797 2911 1850 tribunal
2959 1796 3311 1850 adducentur.
3342 1796 3476 1851 Nam

1892 1885 2009 1941 hsce
2029 1886 2135 1941 vita
2172 1902 2389 1942 carcere
2430 1888 2594 1941 nihilo
2625 1888 2813 1942 melior
2838 1897 2922 1943 est
2951 1887 3081 1952 ;sed
3113 1889 3248 1941 sicut
3271 1903 3389 1942 cum
3423 1888 3476 1941 in

1892 1977 2217 2033 domicilium
2263 1978 2389 2032 illud
2428 1979 2741 2039 introimus,
2788 1995 2977 2033 omnes
3003 1978 3245 2033 videmus
3273 1980 3477 2033 catenis

1892 2070 2282 2123 circumdatos:
2314 2071 2385 2124 ita
2418 2080 2471 2124 et
2498 2086 2639 2124 tmnc
2660 2112 2673 2132 ,
2706 2072 2751 2123 si
2777 2071 2981 2136 ahjccta
3014 2070 3101 2124 illa
3133 2079 3475 2125 externarum

1893 2175 2071 2214 rerum
2119 2161 2527 2230 imaginatiooe,
2563 2164 2613 2216 in
2643 2164 2970 2233 singulorum
2997 2165 3159 2217 vitam
3207 2165 3472 2234 ingredia-

1892 2267 2033 2319 mur,
2056 2253 2292 2323 ipsorum
2315 2255 2518 2308 animas
2544 2254 2838 2309 videbimus
2865 2255 3008 2309 ferro
3032 2254 3336 2309 durioribus
3357 2255 3475 2308 vin-

1892 2344 2025 2399 culis
2069 2346 2382 2399 constrictas
2409 2363 2422 2399 :
2452 2347 2683 2400 maxime
2706 2362 2835 2400 vero
2863 2347 2908 2402 si
2946 2347 2997 2400 in
3020 2346 3225 2401 animas
3254 2346 3474 2423 divitum
3525 2380 3535 2389 ε

1891 2437 2210 2492 intraveris:
2254 2454 2376 2492 nam
2415 2448 2613 2508 quanto
2635 2439 2873 2506 pluribus
2899 2440 3015 2493 illos
3040 2438 3236 2492 videris
3281 2438 3477 2491 divitiis

1890 2528 2275 2591 circumdatos,
2314 2539 2460 2583 tanto
2500 2531 2667 2599 magis
2710 2539 2835 2585 sunt
2875 2530 3092 2598 alligati.
3124 2528 3480 2597 Quemadmo-

1891 2619 2017 2674 dnm
2050 2620 2209 2690 igitur
2234 2621 2279 2674 si
2308 2622 2543 2676 vinctum
2570 2622 2769 2675 videris
2801 2622 3046 2675 manibus
3071 2663 3085 2686 ,
3109 2620 3269 2673 dorso
3288 2662 3303 2684 ,
3333 2634 3476 2687 saepe

1891 2714 2051 2767 etiam
2078 2714 2301 2784 pedibus
2328 2715 2596 2784 alligatum
2616 2714 2803 2769 ferreis
2828 2715 3049 2778 catenis,
3076 2714 3220 2767 illum
3246 2711 3479 2766 maxime

1890 2803 2163 2858 miseraris
2184 2822 2196 2857 :
2221 2807 2298 2859 sic
2318 2804 2537 2859 divitem
2559 2820 2680 2858 cum
2698 2804 2892 2860 videris
2906 2805 3086 2858 multis
3105 2800 3477 2857 circumﬂuen-

1892 2902 1999 2948 tem
2028 2896 2219 2962 rebus,
2245 2912 2311 2951 ne
2342 2897 2463 2951 ideo
2485 2897 2724 2960 divitem,
2754 2895 2846 2950 sed
2880 2896 3053 2965 potius
3075 2895 3193 2948 ideo
3222 2893 3476 2947 miserum

1891 2987 2195 3042 existimato
2221 3003 2236 3040 :
2269 3003 2391 3041 nam
2420 3003 2543 3043 cum
2571 2986 2654 3042 his
2680 2988 2911 3041 vinculis
2938 3002 3137 3040 sasvum
3162 2985 3325 3039 habet
3351 2998 3475 3038 car-

1890 3076 2030 3133 ceris
2059 3077 2337 3132 custodem
2364 3118 2380 3143 ,
2427 3092 2645 3146 pravum
2694 3076 3036 3153 pecuniarum
3071 3090 3307 3128 amorem
3343 3093 3356 3128 :
3385 3072 3480 3147 qui

1892 3186 1997 3225 non
2027 3171 2285 3239 permittit
2309 3171 2385 3224 illi
2410 3186 2475 3225 ex
2498 3171 2600 3225 isto
2625 3184 2841 3225 carcere
2860 3169 3075 3224 exsilire
3093 3209 3109 3231 ,
3132 3167 3226 3224 sed
3256 3181 3480 3224 sexcen-

1894 3271 1974 3316 tos
2002 3262 2099 3332 ipsi
2124 3269 2277 3332 parat
2302 3260 2595 3331 compedes
2617 3302 2634 3326 ,
2658 3259 2908 3315 custodes
2942 3301 2957 3324 ,
2996 3267 3179 3328 portas
3202 3302 3217 3323 ,
3259 3269 3439 3315 vectes
3459 3300 3476 3326 ,

1889 3366 1944 3409 et
1971 3355 2023 3408 in
2056 3354 2360 3410 interiorem
2389 3369 2659 3408 carcerem
2693 3351 2933 3417 trudens,
2963 3352 3153 3406 suadet
3181 3352 3254 3405 illi
3283 3361 3341 3406 ut
3366 3353 3480 3405 istis

1892 3447 2121 3500 vinculis
2146 3446 2458 3508 delectetur,
2495 3455 2552 3499 ut
2579 3462 2644 3499 ne
2665 3444 2879 3513 quidem
2906 3444 3167 3500 evadendi
3190 3445 3257 3500 ab
3278 3447 3482 3499 instan-

1894 3538 2032 3591 tibus
2056 3537 2210 3590 malis
2236 3552 2386 3606 spem
2416 3536 2580 3590 ullam
2610 3535 2823 3589 habeat.
2855 3537 2925 3590 Et
2949 3537 2993 3591 si
3025 3536 3351 3608 cogitatione
3390 3542 3478 3587 tua

1891 3630 2121 3682 animam
2152 3628 2295 3682 illius
2320 3627 2673 3682 denudaveris
2693 3667 2707 3689 ,
2742 3642 2848 3682 non
2876 3630 3107 3682 vinctam
3134 3627 3293 3681 modo
3325 3626 3479 3680 vide.

1890 3722 1973 3774 bis
1991 3761 2007 3785 ,
2033 3720 2127 3774 sed
2166 3722 2325 3775 etiam
2356 3719 2689 3788 squalentem
2709 3761 2725 3786 ,
2756 3720 2991 3790 putidam
3014 3761 3027 3784 ,
3053 3719 3313 3790 pediculis
3339 3736 3477 3774 onu-

1891 3822 2048 3866 stam.
2070 3812 2209 3865 Nihil
2234 3812 2376 3865 enim
2400 3811 2502 3864 illis
2527 3813 2778 3868 meliores
2791 3822 2915 3866 sunt
2942 3813 3227 3881 voluptatis
3245 3812 3474 3876 deliciae,

1892 3904 2000 3958 imo
2026 3902 2430 3965 horribiliores;
2460 3913 2621 3972 atque
2652 3904 2811 3957 etiam
2842 3918 3037 3973 corpus
3076 3919 3198 3957 cum
3228 3904 3338 3971 ipsa
3356 3903 3475 3957 ani-

1892 4012 1976 4049 ma
2008 3994 2369 4060 labefactant,
2416 4004 2471 4049 et
2507 3994 2632 4048 huic
2662 4002 2715 4047 et
2762 3993 2837 4047 illi
2878 3994 3188 4046 innumeras
3234 3992 3479 4061 infligunt

1892 4088 2200 4139 morborum
2233 4084 2434 4155 plagas.
2472 4084 2695 4153 Propter
2724 4083 2838 4137 haec
2865 4083 3044 4137 omnia
3066 4082 3479 4151 Redemptorem

1891 4178 2187 4230 animarum
2232 4187 2534 4229 nostrarmn
2581 4191 2893 4245 precemur,
2938 4183 2995 4227 ut
3020 4183 3073 4229 et
3097 4174 3304 4228 vincula
3338 4189 3481 4227 rntn-

1893 4278 2001 4339 pat,
2030 4278 2083 4323 et
2113 4284 2313 4322 saevum
2340 4268 2483 4323 hunc
2505 4267 2777 4322 custodem
2804 4281 2832 4318 a
2863 4265 3016 4320 nobis
3037 4274 3300 4330 amoveat,
3322 4273 3482 4334 atque

1893 4342 1930 4414 a'
1956 4361 2191 4430 pondere
2222 4360 2513 4416 ferrearum
2545 4371 2856 4415 catenarum
2882 4359 3119 4413 liberatis
3140 4402 3154 4425 ,
3188 4359 3286 4412 alis
3314 4358 3481 4413 levio-

1892 4470 2008 4508 rem
2057 4454 2109 4508 in
2141 4454 2295 4509 nobis
2342 4462 2577 4509 mentem
2620 4452 2885 4522 perﬁciat.
2922 4453 3054 4506 Dum
3105 4464 3285 4507 autem
3331 4451 3482 4506 illum

1893 4546 2254 4617 precabimui',
2286 4560 2405 4615 qua:
2433 4556 2613 4599 nostra
2638 4553 2764 4600 snnt
2792 4545 2952 4600 etiam
2983 4544 3301 4611 aderamus,
3332 4543 3482 4597 solli-

1893 4639 2206 4706 citudinem,
2238 4642 2497 4705 animum,
2522 4638 2872 4693 alacritatem.
2903 4638 2993 4692 Sic
3017 4638 3159 4692 enim
3189 4638 3482 4707 poterimus

1894 4731 2042 4786 brevi
2074 4741 2313 4800 tempore
2342 4746 2371 4784 a
2417 4732 2569 4784 malis
2588 4773 2604 4796 ,
2633 4732 2826 4801 quibus
2855 4730 3159 4785 detinentur
3182 4773 3198 4797 ,
3226 4731 3400 4800 eripi,
3428 4741 3484 4786 et

1894 4823 2134 4878 ediscere
2154 4837 2259 4893 quo
2290 4823 2340 4875 in
2370 4832 2514 4877 statu
2550 4823 2696 4893 prius
2721 4836 2957 4886 eramus,
2990 4831 3484 4893 congruentemque

1895 4914 2050 4968 nobis
2079 4915 2318 4983 recipere
2342 4914 2645 4967 libertatem
2677 4931 2688 4967 :
2720 4927 2879 4984 quam
2907 4912 3109 4968 utinam
3135 4928 3321 4967 omnes
3346 4928 3481 4967 con—

1894 5022 2215 5077 sequamur,
2243 5006 2411 5076 gratia
2448 5014 2502 5061 et
2535 5006 2863 5076 benignitate
2910 5006 3117 5060 Domini
3153 5008 3319 5060 nostri
3355 5005 3482 5060 Jesu

1895 5097 2091 5153 Christi
2117 5139 2133 5166 ,
2165 5098 2252 5153 cui
2272 5098 2438 5168 gloria
2461 5108 2515 5153 et
2537 5098 2820 5169 imperium
2843 5098 2896 5153 in
2919 5097 3114 5154 saecula
3134 5097 3478 5153 saaculorum.

1896 5197 2089 5251 Amen.

1353 5598 2374 5673 meam-3th
