4050 6364
1297 347 1354 404 S.
1393 347 1673 407 JOANNIS
1707 349 2542 428 CHRYSOSTOMIARCHIEP.
2571 358 3109 421 CONSTANTINOP.

1921 556 2271 621 HOMILIA
2313 561 2458 623 XV.

567 697 696 754 Car.
727 698 781 754 5.
813 699 941 752 ν.1.
975 696 1162 752 Videas
1209 709 1377 752 autent
1427 697 1577 752 Jesu-s
1627 703 1820 763 turbas,
1848 700 2074 754 ascendit
2100 702 2154 756 in

637 801 874 845 montem.
907 789 976 844 Et
1005 808 1120 844 cum
1157 791 1385 853 sedisset,
1416 803 1730 846 accesserunt
1759 793 1826 846 ad
1855 810 1968 846 eum
1994 795 2152 848 disci-

634 881 748 954 puli
771 883 915 954 ejus:
933 883 988 936 2.
1018 893 1068 936 et
1103 883 1330 952 aperiens
1352 899 1408 936 os
1437 899 1582 936 suum
1606 883 1812 938 docebat
1840 902 1924 938 eos
1941 884 2041 956 (a),
2073 887 2153 940 di—

631 991 750 1028 cens
773 991 792 1028 :
823 973 963 1026 Beati
993 991 1242 1045 pauperes
1268 975 1452 1044 spiritu
1471 1015 1488 1041 ,
1533 975 1771 1044 quoniam
1821 977 2050 1047 ipsorum
2075 987 2150 1032 est

630 1083 845 1136 regnum
872 1068 1133 1120 calorum.

630 1247 686 1301 l.
743 1246 932 1299 Christi
959 1247 1204 1302 modestia
1225 1249 1391 1317 qualis
1419 1258 1464 1302 et
1489 1249 1739 1318 quomodo
1767 1250 2035 1304 imitanda.
2066 1250 2149 1306 Et:

558 1335 743 1407 agendi
761 1338 959 1392 ratione
984 1337 1169 1391 Christi
1193 1338 1464 1394 Manichwi
1482 1340 1639 1394 obiter
1657 1342 1977 1411 refelluntur.
2001 1331 2150 1398 Chri-

556 1437 662 1481 stus
701 1427 983 1497 discipulos
1023 1431 1286 1500 alloquens
1333 1442 1493 1484 totum
1544 1433 1709 1486 orbem
1751 1433 2046 1503 alloquitur.
2075 1465 2148 1476 -—

557 1517 692 1572 Vide
716 1534 874 1588 quam
901 1535 931 1574 a
979 1520 1116 1575 fastu
1159 1531 1212 1576 et
1239 1524 1532 1577 ambitione
1573 1523 1643 1579 sit
1683 1526 1912 1579 alienus.
1959 1525 2145 1596 Neque

555 1611 698 1664 enim
722 1627 906 1666 secum
933 1613 1290 1668 circumduxit
1317 1631 1432 1682 eos,
1455 1617 1548 1671 sed
1575 1633 1698 1672 cum
1723 1619 1896 1673 morbi
1919 1621 2144 1676 curandi

555 1709 730 1766 erant,
755 1707 871 1772 ipse
898 1704 1159 1760 circuibat
1190 1707 1457 1778 undique,
1490 1715 1546 1763 et
1586 1709 1747 1764 urbes
1775 1718 1830 1765 et
1856 1710 1976 1766 loca
2011 1713 2143 1767 visi-

556 1806 710 1850 nius:
739 1797 952 1866 quando
980 1809 1158 1853 autem
1185 1800 1338 1853 turba
1382 1801 1588 1865 aderat,
1621 1818 1726 1855 uno
1764 1803 1817 1855 in
1846 1802 1966 1858 loco
1997 1819 2144 1858 cam-

554 1889 716 1954 pestri
761 1888 907 1942 sedet
934 1929 948 1951 ,
990 1905 1094 1943 non
1121 1891 1172 1943 in
1203 1891 1332 1946 urbe
1360 1902 1451 1945 aut
1481 1893 1532 1946 in
1560 1892 1739 1947 medio
1769 1894 1886 1948 foro
1909 1936 1923 1959 ,
1960 1896 2055 1951 sed
2088 1897 2141 1950 in

557 1991 760 2042 monte,
799 1980 849 2032 in
882 1980 1117 2046 deserto,
1149 1991 1206 2036 ut
1233 1981 1424 2037 doceat
1449 1998 1546 2038 nos
1574 1985 1706 2038 nihil
1733 1985 1801 2039 ad
1828 1988 2143 2042 ostentatio-

550 2089 672 2128 nem
699 2074 989 2129 faciendum
1028 2090 1165 2138 esse,
1209 2085 1262 2129 et
1309 2092 1337 2129 a
1369 2077 1560 2131 mediis
1590 2078 1909 2133 tumultibus
1950 2080 2141 2136 absce-

549 2168 779 2222 dendum
800 2210 814 2234 ,
846 2185 966 2224 cum
1020 2169 1246 2225 maxime
1275 2171 1638 2242 philosophari
1686 2180 1931 2241 oportet,
1964 2172 2140 2244 deque

548 2261 866 2317 necessariis
894 2261 1053 2317 rebus
1101 2262 1391 2318 disserere.
1425 2264 1558 2318 Cum
1594 2263 1922 2319 ascendisset
1959 2275 2138 2320 autem

546 2362 706 2421 atque
734 2352 982 2417 sedisset,
1014 2363 1357 2409 accesserunt
1374 2354 1644 2424 discipuli.
1665 2354 1850 2412 Viden‘
1871 2371 2058 2410 eorum
2083 2356 2137 2411 in

543 2445 740 2498 virtute
767 2443 1082 2512 profectum,
1106 2455 1160 2500 et
1180 2446 1450 2515 quomodo
1482 2457 1705 2517 repente
1732 2450 1986 2504 meliores
2013 2456 2139 2502 sunt

543 2534 754 2589 effecti?
775 2535 923 2590 Multi
945 2551 1172 2606 namque
1193 2537 1572 2592 miraculorum
1594 2548 1924 2609 spectatores
1944 2547 2098 2594 erant
2118 2555 2134 2605 ;

543 2627 598 2680 hi
632 2642 760 2682 vero
789 2643 1036 2698 magnum
1063 2628 1331 2699 quidpiam
1359 2637 1414 2684 et
1433 2629 1708 2686 excelsum
1732 2631 1917 2687 audire
1939 2634 2128 2702 cupie-

541 2718 708 2774 bant:
739 2719 879 2788 quod
907 2720 1071 2773 etiam
1099 2721 1245 2774 illum
1273 2720 1338 2775 ad
1371 2721 1673 2777 docendum
1703 2723 1934 2793 induxit,
1966 2735 2132 2796 utque

541 2813 641 2868 hos
678 2814 944 2869 ordiretur
971 2830 1248 2871 sermones
1275 2817 1474 2872 effecit.
1515 2816 1702 2889 Neque
1730 2821 1870 2874 enim
1902 2835 2132 2891 corpora

540 2914 742 2958 tantum
782 2907 1035 2971 curabat,
1065 2907 1157 2961 sed
1209 2909 1368 2962 etiam
1415 2910 1620 2964 animas
1659 2911 2022 2979 emendabat,
2067 2928 2130 2968 ac

538 3012 750 3051 rursum
779 2999 846 3052 ab
891 2997 990 3052 hac
1018 3014 1144 3053 cura
1174 2999 1241 3053 ad
1271 2999 1414 3053 illam
1448 3001 1680 3066 redibat,
1733 3003 1811 3058 sic
1860 3005 2010 3058 utilia
2040 3021 2131 3059 va-

537 3089 710 3156 rians,
740 3099 796 3144 et
823 3090 1105 3145 verborum
1137 3091 1392 3146 doctrina:
1419 3108 1646 3161 operum
1673 3093 1998 3150 documenta
2031 3096 2132 3150 mi-

534 3195 710 3248 scens,
734 3181 916 3252 sicque
940 3183 1266 3252 impudentia
1294 3184 1670 3240 hatreticorum
1692 3186 1980 3243 obstruens
2011 3203 2128 3259 ora,

533 3274 661 3328 dum
688 3275 964 3345 utriusque
986 3277 1301 3330 substantia:
1323 3292 1508 3331 curam
1526 3288 1760 3348 gereret,
1781 3281 2127 3337 ostenderet-

531 3381 637 3436 que
663 3380 721 3421 se
741 3366 989 3421 animalis
1017 3367 1180 3422 totius
1197 3382 1318 3423 esse
1344 3369 1676 3424 Creatorem.
1701 3371 1828 3426 Ideo
1850 3373 2129 3445 utriusque

532 3469 735 3515 natura:
765 3460 1154 3529 providentiam
1177 3461 1430 3532 gerebat,
1458 3479 1599 3518 nunc
1625 3465 1783 3532 hanc,
1812 3482 1956 3522 nunc
1982 3468 2126 3523 illam

531 3552 843 3608 emend-aus.
867 3553 1021 3620 Quod
1053 3563 1178 3609 tunc
1207 3558 1367 3609 etiam
1402 3556 1649 3611 faciebat.
1683 3558 1816 3613 Nam
1844 3560 2086 3628 Aperiens
2109 3602 2124 3627 ,

531 3645 721 3715 inquit,
741 3663 796 3699 os
814 3664 961 3700 suum
985 3648 1194 3700 docebat
1214 3665 1317 3702 eos.
1345 3649 1415 3702 Et
1433 3666 1536 3720 qua
1563 3651 1629 3706 de
1655 3666 1815 3706 causa
1840 3653 1927 3708 hic
1949 3653 2120 3720 addit,

530 3737 774 3808 Aperiens
804 3755 859 3791 os
883 3740 1072 3792 suum?
1092 3739 1161 3795 Ut
1185 3741 1360 3795 discas
1389 3757 1511 3795 eum
1538 3744 1698 3797 etiam
1727 3753 1991 3798 tacentem
2023 3745 2124 3800 do-

529 3830 726 3895 coisse,
760 3845 859 3883 nec
890 3829 1048 3884 modo
1076 3832 1411 3901 loquentem;
1441 3833 1534 3886 sed
1561 3849 1703 3888 nunc
1728 3849 1789 3888 os
1815 3837 2088 3905 aperuisse
2107 3879 2124 3902 ,

528 3934 668 3974 nunc
699 3934 791 3989 per
817 3935 978 3989 opera
1003 3921 1114 3991 ipsa
1145 3936 1330 3976 vocem
1357 3923 1618 3980 emisisse.
1648 3924 1780 3979 Cum
1803 3927 1953 3981 audis
1973 3944 2122 3997 vero,

529 4009 748 4064 Docebat
775 4029 879 4077 eos,
909 4028 976 4066 ne
998 4023 1149 4082 putes
1178 4013 1350 4084 ipsum
1375 4017 1517 4070 solos
1554 4015 1844 4086 discipulos
1881 4018 2079 4090 alloqui
2105 4037 2120 4087 ;

528 4101 622 4155 sed
655 4117 748 4172 per
776 4103 915 4166 illos,
943 4105 1076 4157 alios
1105 4119 1314 4159 omnes.
1339 4105 1472 4173 Quia
1500 4107 1644 4160 enim
1674 4107 1829 4163 turba
1853 4110 2123 4180 popularis

527 4209 644 4249 erat
667 4236 684 4262 ,
715 4213 779 4250 cx
806 4212 990 4251 eorum
1020 4213 1246 4252 numero
1275 4200 1363 4268 qui
1397 4199 1542 4253 humi
1572 4201 1863 4270 repebant,
1892 4203 2123 4274 discipu-

526 4288 699 4342 lorum
725 4288 950 4342 chorum
973 4301 1098 4344 ante
1120 4305 1180 4344 se
1200 4291 1550 4356 constituens,
1573 4292 1641 4346 ad
1662 4294 1785 4348 illos
1814 4310 2118 4351 sermonem

525 4377 725 4449 dirigit,
753 4379 914 4433 verba
945 4394 1038 4434 sua
1071 4380 1140 4432 ita
1171 4391 1496 4450 temperans.
1527 4392 1584 4436 ut
1605 4385 1816 4438 cwteris
1847 4385 2115 4454 omnibus,

525 4472 616 4541 qui
640 4471 691 4525 in
719 4471 797 4525 his
821 4471 1107 4526 admodum
1129 4472 1287 4526 rudes
1307 4483 1477 4535 erant,
1502 4473 1854 4544 philosophia:
1876 4475 2117 4532 doctrina

526 4577 631 4615 non
661 4563 883 4616 molesta
907 4574 1070 4617 esset.
1103 4563 1255 4628 Quod
1286 4562 1444 4618 etiam
1473 4564 1644 4618 Lucas
1669 4567 2013 4622 subindicans
2036 4569 2118 4623 di-

524 4655 710 4717 cebat,
738 4656 908 4724 ipsum
939 4671 1241 4710 sermonem
1274 4655 1340 4709 ad
1368 4670 1464 4709 eos
1489 4658 1818 4712 convertisse
1862 4657 2027 4730 (Luc.
2058 4660 2111 4715 6.

523 4745 636 4817 27)
675 4765 688 4799 :
719 4757 774 4801 et
804 4747 1085 4800 Mattlncus
1115 4747 1342 4816 idipsum
1373 4748 1699 4818 significans,
1728 4749 1863 4803 dixit
1893 4768 1907 4804 :
1935 4753 2116 4806 Acces-

523 4849 694 4893 serunt
731 4841 797 4892 ad
826 4856 938 4892 eum
969 4839 1204 4909 discipuli
1250 4841 1383 4909 ejus,
1422 4850 1466 4893 et
1496 4840 1703 4895 docebat
1736 4858 1839 4895 eos.
1869 4842 1942 4896 lla
1970 4843 2112 4898 enim

519 4933 698 4986 catteri
739 4931 992 4985 attentius
1029 4931 1256 4985 audituri
1284 4940 1476 4993 erant,
1522 4947 1678 5001 quant
1728 4933 1773 4987 si
1815 4933 1883 4987 ad
1926 4948 2114 4990 omnes

519 5025 680 5077 verba
717 5023 1018 5077 direxisset.
1054 5022 1201 5078 Unde
1227 5038 1357 5093 ergo
1382 5024 1560 5092 incipit
1585 5065 1600 5088 ,
1636 5034 1691 5078 et
1728 5041 1847 5095 quae
1875 5026 1996 5080 novi
2028 5026 2112 5080 in-

519 5117 688 5170 stituti
718 5115 1060 5170 fundamenta
1093 5116 1246 5169 nobis
1281 5116 1471 5185 ponit?
1501 5116 1792 5172 Audiamus
1831 5118 2114 5188 diligenter

517 5221 582 5262 ea
609 5222 728 5277 quae
755 5207 1003 5260 dicuntur
1030 5223 1043 5258 :
1078 5207 1184 5260 illis
1212 5222 1440 5276 namque
1480 5207 1622 5262 dicta
1651 5219 1769 5262 sunt
1787 5249 1803 5275 ,
1835 5221 1888 5263 ct
1915 5211 2111 5280 scripta

517 5311 642 5353 sunt
693 5315 788 5369 pro
841 5299 1090 5353 omnibus
1119 5309 1240 5369 post
1282 5298 1495 5353 futuris.
1544 5299 1746 5355 Idcirco
1788 5303 2111 5356 concionans

515 5390 730 5459 quidem
780 5389 1073 5459 discipulos
1111 5391 1432 5460 alloquitur;
1485 5407 1660 5460 neque
1700 5401 1876 5446 tamen
1910 5395 1960 5446 in
2006 5394 2111 5448 illis

515 5482 658 5535 dicta
693 5481 1125 5545 circumscribit,
1174 5481 1267 5535 sed
1300 5482 1710 5538 indcterminate
1753 5485 2108 5542 beatitudines

515 5587 704 5627 ornnes
733 5572 952 5644 profert.
997 5572 1113 5628 Non
1143 5573 1285 5627 enim
1315 5574 1450 5628 dixit
1476 5616 1492 5642 ,
1535 5574 1683 5630 Beati
1733 5577 1862 5630 estis
1892 5593 1988 5632 vos
2013 5617 2030 5643 ,
2061 5579 2108 5632 si

579 5788 654 5852 (α)
687 5789 742 5840 In
758 5791 864 5843 haec
886 5792 1054 5857 verba,
1081 5791 1282 5844 docebat
1303 5805 1401 5856 eos,
1421 5793 1591 5846 titulus
1610 5792 1796 5846 desinit
1814 5808 1938 5858 apud
1961 5795 2101 5848 savii.

2264 717 2528 776 pauperes
2553 707 2793 776 fueritis;
2836 713 2931 769 sed
2953 754 2969 780 ,
3000 714 3146 770 Beati
3169 734 3437 789 pauperes.
3468 721 3623 780 Certe
3648 726 3871 784 etiamsi

2260 795 2368 850 illis
2415 799 2694 867 speciatim
2742 802 3006 872 dixisset,
3056 813 3360 866 communia
3410 821 3586 870 tamen
3634 820 3874 876 consilia

2259 885 2432 942 futura
2462 901 2635 944 erant.
2668 891 2881 950 Etenim
2903 912 3022 951 cum
3051 897 3255 956 diceret
3288 919 3301 955 :
3336 901 3467 957 Ecce
3488 923 3580 976 ego
3601 909 3870 964 vobiscum

2255 994 2369 1030 sum
2398 981 2630 1035 omnibus
2674 985 2849 1038 diebus
2877 1003 3033 1057 usque
3063 991 3132 1042 ad
3157 997 3643 1051 consummationem
3681 1003 3866 1055 seculi

2257 1067 2483 1142 (Matth.
2515 1074 2606 1128 28.
2633 1073 2738 1146 20)
2775 1094 2788 1131 :
2822 1093 2928 1132 non
2960 1080 3081 1135 illos
3109 1084 3281 1137 solum
3322 1086 3644 1157 alloquitur,
3675 1091 3772 1145 sed
3803 1104 3870 1149 et

2257 1175 2354 1229 per
2393 1162 2514 1216 illos
2543 1173 2712 1220 totum
2741 1169 2928 1223 orbem
2962 1188 2976 1224 :
3005 1181 3060 1225 et
3086 1188 3208 1226 cum
3239 1175 3356 1229 illos
3381 1177 3568 1232 beatos
3600 1181 3864 1249 prtedicat

2253 1253 2724 1321 persequutionem
2767 1258 3030 1325 patientes
3068 1302 3083 1324 ,
3115 1264 3300 1330 pulsos
3327 1307 3342 1330 ,
3389 1277 3444 1320 et
3492 1267 3864 1327 intolerabilia

2252 1342 2613 1410 sustinentes;
2635 1361 2741 1401 non
2769 1348 2873 1404 illis
2899 1358 3125 1419 tantum,
3149 1355 3246 1410 sed
3269 1360 3427 1412 etiam
3455 1361 3704 1416 omnibus
3728 1364 3862 1418 talia

2250 1431 2466 1489 fortiter
2512 1436 2807 1494 ferentibus
2858 1456 3118 1498 coronam
3171 1449 3357 1503 nectit.
3386 1450 3649 1508 Caeterum
3699 1464 3757 1509 ut
3798 1457 3858 1510 id

2249 1523 2447 1580 clarius
2471 1527 2700 1594 evadat,
2733 1541 2787 1585 et
2814 1531 2992 1589 discas
3019 1550 3082 1590 ea
3109 1554 3228 1606 ηυδε
3253 1539 3390 1594 dicta
3414 1553 3536 1597 sunt
3574 1545 3668 1599 tibi
3693 1562 3856 1600 com-

2247 1617 2428 1671 munia
2449 1633 2593 1687 esse,
2623 1637 2830 1677 necnon
2857 1626 2952 1679 toti
2977 1627 3223 1684 humana:
3247 1643 3471 1696 naturae,
3495 1635 3539 1690 si
3566 1637 3855 1693 attendere

2247 1708 2554 1778 voluerint,
2583 1714 2706 1768 audi
2733 1718 3002 1786 quomodo
3033 1721 3174 1776 hunc
3201 1724 3497 1780 mirabilem
3539 1744 3862 1786 sermonem

2246 1798 2507 1856 ordiatur.
2539 1803 2593 1858 5.
2622 1803 2770 1859 Beati
2812 1825 3060 1880 pauperes
3097 1814 3277 1882 spiritu
3301 1856 3318 1881 ,
3347 1819 3587 1888 quoniam
3615 1826 3856 1892 ipsorum

2247 1901 2320 1944 est
2349 1907 2561 1963 regnum
2604 1897 2863 1951 caelorum.
2895 1902 2994 1969 Qui
3028 1914 3154 1958 sunt
3183 1904 3442 1977 Pauper-es
3470 1911 3648 1981 spiritu
3674 1913 3700 1968 .’
3729 1915 3847 1968 llu-

2245 1982 2440 2049 miles,
2472 1994 2526 2039 et
2573 1988 2754 2043 animo
2794 1993 3031 2047 contriti.
3076 1994 3334 2064 Spiritum
3385 2000 3528 2056 enim
3574 2002 3659 2059 hic
3709 2005 3855 2062 dicit

2245 2074 2479 2130 animam
2524 2086 2579 2132 et
2609 2080 2897 2137 voluntatis
2939 2088 3288 2155 propositum.
3322 2090 3454 2159 Quia
3498 2094 3640 2148 enim
3683 2098 3849 2152 multi

2245 2175 2370 2219 sunt
2398 2169 2649 2236 humiles,
2679 2186 2788 2226 non
2817 2185 3010 2243 sponte
3033 2192 3128 2232 sua
3149 2221 3164 2245 ,
3193 2180 3288 2234 sed
3315 2197 3495 2238 rerum
3519 2188 3855 2244 necessitate

2243 2258 2453 2322 coacti,
2485 2259 2608 2314 illos
2635 2265 2852 2319 mittens
2880 2267 3095 2338 (neque
3122 2272 3263 2326 eitim
3293 2274 3344 2327 id
3378 2275 3520 2330 laudi
3551 2276 3701 2351 est),
3742 2296 3842 2337 eos

2239 2348 2330 2416 qui
2375 2365 2441 2404 ex
2468 2353 2764 2409 voluntatis
2791 2361 3072 2428 proposito
3105 2377 3224 2416 sese
3251 2362 3535 2421 humiliant
3561 2383 3625 2424 ac
3649 2348 3843 2440 depri-

2241 2448 2425 2507 munt,
2460 2443 2664 2510 primos
2686 2447 2870 2502 beatos
2895 2452 3146 2518 appellat.
3175 2453 3245 2508 Et
3268 2471 3367 2509 cur
3394 2473 3497 2512 non
3523 2459 3689 2529 dixit,
3724 2463 3842 2518 llu-

2239 2534 2392 2589 miles
2417 2577 2433 2603 ,
2461 2537 2580 2604 sed,
2615 2539 2923 2610 Pauperes?
2948 2545 3083 2611 Quia
3111 2547 3211 2603 hoc
3239 2549 3332 2603 illo
3360 2553 3698 2622 praestantius
3726 2567 3836 2610 est.

2238 2623 2370 2678 Nam
2401 2625 2487 2682 hic
2508 2628 2641 2684 dicit
2669 2646 2786 2699 eos,
2818 2635 2908 2702 qui
2945 2636 3036 2690 Dei
3064 2649 3330 2708 praecepta
3356 2653 3598 2698 metuunt
3621 2652 3677 2700 et
3697 2659 3839 2700 con.-

2241 2719 2555 2774 tremiscunt
2584 2738 2600 2776 :
2630 2738 2765 2792 quos
2801 2737 2854 2778 et
2887 2745 2981 2796 per
3007 2728 3196 2785 Isaiam
3229 2733 3546 2804 prophetam
3575 2751 3635 2792 se
3673 2738 3846 2795 valde

2235 2819 2486 2881 acceptus
2518 2813 2715 2869 habere
2749 2817 2886 2872 Deus
2913 2819 3153 2877 declarat
3183 2841 3196 2878 :
3230 2826 3311 2879 .td
3337 2843 3482 2897 quem
3511 2830 3786 2900 respiciam
3811 2873 3842 2897 ι

2233 2905 2334 2960 nisi
2367 2907 2438 2959 ad
2459 2920 2781 2964 mansuetum
2803 2923 2850 2966 et
2870 2918 3121 2986 quietum,
3145 2928 3190 2971 et
3213 2928 3511 2976 trementem
3539 2925 3686 2978 verba
3712 2941 3831 2978 mea

2233 2997 2400 3067 (lsai.
2435 3000 2522 3054 66.
2553 3000 2588 3054 9.
2617 3003 2676 3071 )?

2303 3091 2357 3145 2.
2401 3091 2556 3147 Multi
2600 3098 2902 3154 humilitatis
2947 3103 3104 3157 modi.
3143 3135 3214 3146 --
3248 3109 3457 3166 Etenim
3501 3117 3651 3171 multi
3700 3130 3841 3176 sunt.

2233 3183 2545 3241 humilitatis
2563 3190 2707 3244 modi
2734 3212 2745 3246 :
2776 3203 2829 3245 ct
2851 3195 2986 3248 alius
3007 3197 3222 3266 quidem
3243 3211 3328 3255 est
3350 3206 3624 3264 moderate
3649 3209 3836 3268 humi-

2235 3277 2331 3339 lis,
2364 3281 2500 3332 al.us
2529 3296 2656 3335 vero
2686 3297 2846 3351 supra
2876 3287 3114 3343 modum.
3161 3291 3310 3347 Hanc
3355 3311 3518 3363 porro
3550 3299 3831 3359 humilita-

2234 3378 2339 3424 tem
2369 3372 2546 3427 laudat
2579 3377 2768 3431 beatus
2796 3380 3094 3449 propheta,
3124 3400 3230 3438 non
3262 3386 3576 3457 depressum
3614 3395 3832 3466 simpli-

2231 3463 2366 3517 citer
2408 3468 2645 3521 animum
2693 3470 3036 3541 describens,
3082 3477 3175 3531 sed
3223 3482 3445 3537 omnino
3495 3463 3830 3557 contritum,

2230 3572 2351 3609 cum
2388 3560 2497 3612 ait:
2537 3560 2862 3629 Sacriﬁcium
2904 3563 3012 3620 Deo
3051 3571 3260 3638 spiritus
3309 3577 3695 3644 contribulatus,
3739 3601 3834 3637 cor

2230 3649 2504 3703 contritum
2527 3662 2576 3704 et
2597 3653 2955 3724 Ituntilialum,
3005 3658 3173 3726 Deus,
3225 3680 3327 3717 non
3366 3667 3608 3740 despicies
3645 3673 3830 3744 (Psal.

2231 3740 2320 3794 50.
2365 3741 2478 3808 19).
2517 3743 2664 3798 I‘lanc
2703 3756 2758 3800 et
2804 3758 2912 3803 tres
2957 3753 3108 3819 pueri
3159 3770 3258 3824 pro
3310 3774 3503 3833 magno
3553 3740 3837 3823 sacriﬁcio.

2232 3833 2341 3887 Deo
2370 3836 2620 3902 oll‘erunt,
2649 3837 2889 3895 dicentes
2914 3859 2926 3894 :
2960 3842 3066 3897 Sed
3104 3846 3159 3898 in
3199 3849 3371 3902 anima
3396 3853 3632 3922 contrita,
3659 3866 3707 3911 et
3723 3862 3832 3929 spi-

2228 3927 2326 3978 ritu
2349 3928 2613 3983 fmmiliato
2633 3933 2972 4002 suscipiantur
3001 3935 3167 4007 (Dan.
3195 3939 3252 3994 5.
3281 3942 3395 4014 59).
3421 3944 3569 4002 Hanc
3590 3957 3646 4002 et
3669 3927 3832 4005 Chri-

2227 4028 2342 4071 stus
2371 4020 2581 4076 beatam
2609 4038 2750 4078 nunc
2781 4026 3052 4094 pra-dicat.
3084 4029 3218 4096 Quia
3249 4033 3392 4087 enim
3422 4038 3654 4093 maxima
3683 4042 3836 4098 mala

2226 4125 2346 4178 qua:
2398 4121 2564 4166 totum
2615 4116 2803 4171 orbem
2852 4118 3171 4177 labefactant
3218 4139 3284 4178 ex
3329 4127 3577 4196 superbia
3603 4132 3830 4200 prodie-

2226 4213 2385 4269 runt;
2427 4207 2859 4279 quandoquidem
2905 4213 3186 4283 diabolus,
3234 4218 3325 4287 qui
3375 4220 3494 4276 talis
3536 4233 3665 4280 ante
3713 4242 3834 4286 non.

2227 4296 2398 4352 fuerat
2417 4340 2432 4363 ,
2462 4301 2541 4354 sic
2573 4303 2814 4358 diabolus
2841 4305 3066 4362 effectus
3095 4320 3178 4364 est
3210 4329 3223 4364 :
3253 4311 3396 4380 quod
3430 4314 3596 4370 etiam
3625 4316 3828 4376 Paulus

2225 4391 2470 4450 dicebat:
2497 4393 2582 4449 Ne
2603 4399 2814 4466 inﬂatus
2835 4400 2885 4452 in
2900 4401 3154 4470 judicium
3177 4403 3367 4459 incidat
3387 4407 3578 4462 diaboli
3599 4411 3648 4480 (l
3663 4411 3824 4469 .Tim.

2223 4485 2279 4538 3.
2312 4485 2387 4555 6).
2419 4485 2628 4542 Primus
2655 4505 2867 4560 quoque
2893 4492 3054 4547 homo
3083 4493 3183 4549 hac
3210 4497 3466 4553 adiabolo
3492 4499 3710 4558 inﬂatus
3725 4518 3828 4576 spe

2222 4579 2586 4647 pra-cipitatus
2626 4590 2682 4634 et
2713 4583 2953 4636 mortalis
2999 4585 3167 4641 factus
3197 4597 3322 4644 est:
3353 4605 3476 4646 cum
3505 4593 3649 4648 enim
3691 4610 3825 4666 spe-

2222 4681 2395 4726 rasset
2418 4688 2477 4727 se
2507 4672 2664 4726 deum
2712 4673 2864 4742 fore,
2893 4675 3052 4732 etiam
3095 4677 3146 4732 id
3192 4679 3335 4749 quod
3381 4681 3613 4740 habebat
3639 4687 3829 4756 pendi-

2219 4762 2324 4817 dit.
2351 4763 2503 4830 Quod
2546 4775 2601 4818 et
2651 4766 2790 4820 Deus
2839 4767 2940 4838 ipsi
2972 4773 3337 4845 exprobrans,
3360 4782 3416 4828 et
3455 4775 3821 4845 insipientiam

2219 4854 2335 4924 ejus
2378 4855 2662 4911 traducens
2682 4899 2697 4922 ,
2738 4859 2950 4914 diccbat
2975 4877 2988 4913 :
3021 4859 3158 4912 Ecce
3187 4863 3353 4916 Adam
3395 4866 3560 4936 factus
3585 4876 3662 4921 est
3687 4867 3825 4922 sicut

2219 4963 2354 5001 unus
2379 4964 2442 5002 ea:
2467 4947 2611 5002 nobis
2650 4947 2807 5020 (Gen.
2849 4951 2903 5005 5.
2945 4950 3062 5022 2‘2).
3109 4949 3316 5022 Singuli
3360 4965 3539 5012 autem
3569 4958 3663 5028 qui
3698 4973 3823 5029 post

2218 5039 2466 5108 fuerunt,
2516 5040 2642 5096 hinc
2670 5043 2721 5096 in
2769 5043 3098 5114 impietatem
3144 5047 3366 5117 collapsi
3407 5057 3569 5116 sunt,
3607 5065 3671 5106 se
3705 5052 3823 5108 Deo

2217 5132 2451 5200 mquales
2493 5134 2867 5204 iinaginantes.
2912 5134 3174 5202 Quoniam
3215 5137 3377 5210 igitur
3403 5140 3521 5200 haec
3547 5143 3820 5201 malorum

2216 5238 2311 5278 arx
2357 5235 2500 5293 erat,
2537 5228 2774 5299 itemque
2816 5229 2973 5285 radix
3025 5239 3080 5285 et
3125 5231 3245 5286 fons
3290 5234 3466 5290 omnis
3513 5236 3818 5310 nequitiae:

2217 5321 2406 5370 morbo
2431 5333 2732 5389 congruens
2764 5321 3064 5376 remedium
3094 5338 3394 5393 apparans,
3425 5327 3576 5397 quasi
3603 5327 3825 5385 funda-

2216 5422 2456 5467 mentum
2488 5413 2699 5468 ﬁrmum
2723 5424 2779 5469 et
2803 5423 2974 5468 tutum
3002 5414 3142 5469 hanc
3167 5415 3398 5484 primam
3414 5421 3595 5488 posuit
3614 5420 3816 5492 legem.

2217 5504 2329 5560 Hac
2369 5506 2514 5560 enim
2557 5506 2758 5576 posita,
2794 5515 2909 5561 tuto
2935 5517 3129 5563 caetera
3157 5510 3338 5564 omnia
3365 5513 3689 5582 superponit
3723 5530 3817 5569 ar-

2214 5599 2480 5656 chitectus
2507 5617 2522 5654 :
2553 5600 2654 5655 hac
2701 5615 2830 5656 vero
2877 5601 3125 5668 sublata,
3177 5604 3225 5658 si
3274 5605 3396 5675 quis
3441 5619 3513 5660 ex
3559 5607 3824 5664 instituto.

2213 5695 2337 5749 vita
2363 5694 2447 5749 vel
2475 5693 2543 5748 ad
2567 5693 2757 5749 caelum
2788 5695 3088 5766 pertingat,
3123 5697 3304 5752 omnia
3345 5696 3503 5755 facile
3525 5710 3728 5768 ruunt,
3757 5709 3816 5758 et

2215 5784 2268 5841 in
2296 5800 2584 5856 pessunum
2610 5785 2769 5844 linem
2796 5785 3070 5844 desinunt.
3096 5788 3206 5845 Etsi
3233 5789 3494 5862 jejunium
3511 5831 3529 5861 ,
3555 5792 3658 5849 etsi
3689 5808 3825 5848 οη-
