4050 6364
257 342 359 395 225

263 461 458 512 tionem
485 498 501 522 ,
560 458 663 512 etsi
708 456 1110 529 eleemosynam
1139 498 1154 521 ,
1208 456 1308 513 etsi
1353 460 1654 512 castitatem
1746 460 1851 514 etsi

260 548 399 603 aliud
442 549 659 617 quidvis
698 549 896 603 bonum
924 548 1242 617 collegeris,
1285 548 1489 619 absque
1517 548 1851 617 humilitate,

264 640 510 694 difﬂuunt
534 641 748 705 oinnia,
782 651 837 693 et
868 649 1110 709 pereunt.
1138 638 1193 693 Id
1218 641 1379 694 etiam
1414 639 1685 694 Pbarisao
1714 641 1853 695 acci-

259 734 330 785 dit
355 731 510 801 (Luc.
540 732 668 803 i8).
696 732 828 786 Nam
860 747 983 787 cum
1025 731 1092 786 ad
1131 733 1303 802 ipsum
1346 732 1560 787 culmen
1601 733 1851 803 pertigis-

258 833 366 887 set,
398 824 655 879 omnibus
684 826 900 880 amissis
928 825 1180 895 delapsus
1211 835 1314 890 est,
1346 828 1469 897 quia
1498 837 1723 882 matrem
1752 828 1849 881 bo-

258 932 444 972 norum
492 934 600 972 non
646 917 851 973 habuit.
897 918 1359 985 Quemadmodum
1410 920 1555 975 enim
1600 920 1847 990 superbia

254 1012 368 1065 fons
409 1012 591 1066 omnis
635 1012 888 1081 nequitia
930 1022 1045 1074 est,
1092 1012 1169 1066 sic
1202 1012 1472 1066 humilitas
1501 1012 1848 1084 philosophia

250 1103 423 1157 omnis
472 1103 822 1173 principium.
867 1103 1226 1170 Quamobrem
1259 1103 1383 1159 hinc
1413 1106 1628 1174 incipit,
1658 1122 1721 1159 ex
1754 1122 1848 1160 au-

246 1198 482 1252 ditorum
522 1197 718 1252 animis
761 1198 1123 1267 arrogantiam
1166 1199 1407 1252 evellens
1438 1199 1713 1254 radicitus.
1748 1200 1849 1253 Ec-

247 1290 368 1358 quid
396 1289 503 1345 hoc
527 1289 597 1345 ad
619 1290 944 1359 discipulos,
975 1291 1183 1361 inquies
1206 1333 1219 1356 ,
1250 1292 1339 1361 qui
1363 1293 1584 1345 omnino
1613 1290 1846 1348 humiles

247 1382 440 1436 erant?
486 1381 698 1436 Nullam
741 1384 885 1437 enim
934 1384 1253 1452 arrogantia
1298 1399 1484 1438 ansam
1536 1385 1840 1451 habebant,

248 1477 540 1544 piscatores
563 1491 684 1530 cum
708 1486 887 1531 essent
912 1518 927 1541 ,
956 1491 1219 1545 pauperes
1240 1517 1255 1542 ,
1287 1476 1535 1542 obscuri,
1568 1486 1618 1533 et
1638 1478 1837 1532 idiota.

247 1567 353 1621 Etsi
385 1566 507 1621 hac
550 1568 621 1621 ad
664 1567 955 1635 discipulos
999 1583 1104 1621 non
1152 1578 1494 1636 spectarent,
1529 1568 1621 1623 sed
1652 1569 1717 1623 ad
1749 1586 1842 1625 eos

243 1659 328 1728 qui
359 1669 663 1728 praesentes
688 1668 842 1713 erant
870 1658 987 1712 hac
1015 1659 1287 1729 pertinere
1320 1668 1566 1729 poterant
1586 1701 1599 1721 ,
1632 1677 1839 1715 necnon

242 1750 305 1803 ad
325 1764 421 1805 eos
447 1751 538 1820 qui
565 1760 749 1819 postea
780 1750 925 1820 ipsos
955 1751 1231 1818 excepturi
1255 1762 1429 1814 erant,
1463 1768 1530 1806 ne
1557 1763 1837 1821 propterea

247 1841 390 1908 ipsos
420 1840 799 1910 despicerent;
833 1840 941 1894 imo
971 1856 1103 1895 vero
1132 1841 1197 1894 ad
1229 1842 1522 1912 discipulos
1554 1843 1671 1897 hac
1699 1844 1837 1897 dicta

242 1939 410 1985 erant.
444 1931 671 1985 Etiamsi
711 1932 854 1986 enim
893 1947 999 1986 non
1043 1942 1202 1998 tunc,
1232 1943 1288 1985 at
1320 1944 1499 2000 postea
1528 1950 1659 2003 opus
1689 1933 1839 1987 habi-

241 2023 341 2077 turi
380 2032 539 2078 erant
586 2024 673 2077 illa
713 2024 826 2077 utili
871 2025 1151 2082 cautione.
1202 2034 1322 2094 post
1365 2026 1515 2094 signa
1561 2043 1752 2095 nempe
1782 2038 1836 2083 et

239 2117 495 2171 miracula
517 2159 533 2181 ,
565 2127 687 2186 post
734 2129 939 2170 tantum
973 2118 1026 2171 in
1057 2119 1188 2173 urbe
1220 2119 1479 2174 honorem
1501 2160 1516 2184 ,
1547 2131 1601 2174 et
1632 2132 1831 2176 tantam

240 2211 290 2263 in
329 2211 443 2265 Deo
471 2210 744 2267 ﬁduciam.
786 2209 970 2280 Neque
1010 2213 1151 2265 enim
1180 2210 1409 2277 divitia,
1442 2228 1615 2282 neque
1647 2222 1834 2281 poten-

239 2304 343 2362 tia,
374 2317 553 2371 neque
595 2318 817 2373 regnum
872 2303 939 2357 ita
977 2306 1283 2373 quempiam
1331 2314 1579 2374 poteiant
1615 2306 1829 2371 efferre,

240 2402 294 2446 ut
335 2407 400 2447 ea
452 2394 638 2449 omnia
686 2409 806 2463 qua
849 2394 1114 2465 apostolis
1157 2396 1532 2465 suppetebant.
1582 2398 1828 2469 Alioquin

236 2495 412 2539 autem
448 2485 566 2539 fieri
597 2493 809 2556 poterat
836 2494 895 2539 ut
919 2487 1081 2540 etiam
1120 2500 1247 2541 ante
1286 2487 1542 2542 miracula
1573 2487 1832 2543 efferren-

235 2582 341 2641 tur,
390 2585 598 2628 tantam
644 2574 1039 2630 multitudinem
1090 2590 1409 2644 cernentes,
1462 2588 1517 2633 et
1563 2580 1826 2634 theatrum

234 2666 357 2721 illud
383 2667 532 2737 quod
573 2666 851 2722 doctorem
891 2683 1050 2723 suum
1096 2668 1499 2734 circumdabat;
1545 2681 1692 2725 certe
1733 2670 1827 2725 hu-

234 2774 449 2812 manum
507 2758 781 2827 quidpiam
826 2760 933 2829 pati
990 2770 1258 2829 poterant.
1304 2760 1504 2815 Idcirco
1550 2762 1669 2817 illos
1714 2774 1825 2817 sta-

232 2854 321 2904 tim
353 2850 606 2920 reprimit
643 2866 711 2905 ne
761 2850 927 2906 altum
974 2853 1204 2921 sapiant.
1232 2851 1415 2921 Neque
1444 2853 1583 2909 dicta
1610 2870 1704 2909 sua
1733 2856 1825 2909 ad-

232 2942 547 2996 monitionis
574 2942 658 2996 vel
691 2951 1084 3012 praeceptorum
1112 2958 1264 2997 more
1291 2944 1515 3012 profert,
1560 2946 1655 3000 sed
1697 2964 1821 3015 pro-

231 3035 415 3102 posita
465 3034 814 3089 beatitudinis
872 3033 1075 3100 forma,
1134 3035 1213 3090 sic
1269 3037 1559 3105 gratiorem
1604 3038 1824 3094 ordiens

229 3140 577 3190 sermonem,
621 3136 676 3180 et
713 3125 972 3181 doctrina
1012 3126 1240 3180 stadium
1280 3129 1525 3185 omnibus
1550 3136 1819 3199 aperiens.

234 3217 343 3271 Non
393 3218 543 3271 enim
573 3217 730 3283 dixit,
765 3218 861 3272 Hic
899 3218 984 3271 vel
1015 3218 1122 3284 ille,
1150 3221 1284 3287 sed,
1312 3220 1412 3286 Qui
1442 3220 1558 3276 hac
1589 3223 1817 3289 faciunt,

231 3309 369 3362 beati
393 3325 590 3364 omnes
620 3320 799 3364 erunt.
832 3308 907 3363 Ita
934 3319 991 3363 ut
1016 3311 1130 3365 sive
1156 3326 1342 3366 servus
1372 3314 1447 3368 sis
1467 3355 1481 3379 ,
1523 3317 1637 3368 sive
1672 3331 1822 3369 men-

228 3399 414 3464 dicos,
466 3401 583 3454 sive
635 3415 858 3469 pauper,
904 3400 1017 3455 sive
1064 3403 1413 3471 peregrinus,
1464 3406 1578 3459 sive
1620 3406 1817 3472 idiota,

232 3490 359 3545 nihil
391 3501 447 3545 te
476 3491 734 3560 impediat
775 3497 901 3562 quin
945 3492 1021 3546 sis
1064 3492 1283 3558 beatus,
1329 3495 1371 3547 si
1403 3494 1540 3549 hanc
1572 3497 1817 3550 virtutem

232 3583 487 3637 colueris.
519 3582 656 3637 Hinc
685 3585 863 3653 itaque
891 3598 1046 3637 orsus
1065 3624 1079 3647 ,
1112 3586 1252 3640 unde
1280 3587 1512 3640 maxime
1544 3604 1636 3657 par
1663 3598 1818 3656 erat,

233 3674 296 3726 ad
325 3674 471 3727 aliud
506 3673 814 3728 mandatum
843 3675 1113 3743 procedit,
1144 3677 1284 3743 quod
1315 3678 1525 3732 videtur
1554 3681 1711 3733 tutius
1733 3696 1820 3734 or-

226 3766 306 3821 bis
330 3782 643 3837 oppugnare
668 3769 1010 3822 sententiam.
1052 3769 1186 3823 Cum
1230 3771 1375 3824 enim
1416 3788 1604 3826 omnes
1637 3782 1822 3842 putent

226 3873 316 3912 cos
341 3860 433 3928 qui
465 3859 702 3927 gaudent
725 3871 780 3912 et
807 3858 1056 3912 laetantur
1081 3874 1201 3915 esse
1228 3860 1433 3927 beatos,
1462 3878 1553 3917 eos
1579 3880 1707 3919 vero
1728 3865 1819 3935 qui

228 3950 278 4003 in
318 3964 592 4016 maerore,
636 3961 949 4020 paupertate
979 3961 1033 4004 et
1060 3951 1203 4005 luctu
1232 3964 1538 4017 versantur,
1569 3970 1688 4010 esse
1716 3957 1819 4009 mi-

226 4056 396 4104 seros,
433 4040 534 4093 hos
568 4041 658 4094 ille
686 4056 794 4109 pra
823 4040 944 4094 aliis
973 4041 1158 4095 beatos
1190 4043 1441 4111 pradicat
1464 4085 1476 4105 ,
1512 4046 1693 4100 dicens
1719 4065 1732 4101 :

226 4130 366 4185 Beati
391 4134 481 4202 qui
512 4132 708 4201 lugent.
741 4133 898 4201 Atqui
944 4132 1013 4185 ab
1058 4134 1306 4188 omnibus
1344 4134 1395 4188 bi
1434 4134 1674 4191 infelices
1702 4153 1820 4193 esse

225 4224 515 4276 dicuntur:
550 4221 645 4276 sed
686 4221 807 4276 ideo
836 4223 924 4276 ille
949 4223 1100 4291 signa
1130 4227 1422 4293 praemisit,
1466 4238 1523 4281 ut
1563 4228 1709 4298 leges
1735 4229 1817 4284 af-

226 4314 401 4368 fet-ens
442 4315 582 4367 tales
614 4312 721 4368 ﬁde
749 4313 941 4383 dignus
970 4324 1133 4370 esset.
1167 4316 1263 4371 Hic
1287 4329 1462 4373 autem
1494 4336 1682 4376 rursus
1712 4339 1819 4376 non

226 4405 545 4474 simpliciter
570 4406 813 4473 Ingentes
857 4410 1067 4473 posuit,
1115 4406 1209 4461 sed
1255 4424 1348 4462 eos
1376 4411 1463 4479 qui
1490 4411 1558 4467 de
1586 4415 1819 4481 peccatis

228 4496 478 4567 lugerent
513 4514 527 4549 :
560 4508 614 4549 ut
644 4506 699 4550 et
729 4496 873 4549 aliud
903 4513 1115 4567 quoque
1142 4498 1315 4552 luctus
1344 4516 1513 4568 genus
1534 4502 1819 4558 admodum

229 4589 569 4657 prohibetur,
612 4604 807 4658 nempe
833 4589 901 4644 de
930 4606 1106 4645 rerum
1150 4594 1490 4648 sacularium
1537 4596 1821 4666 dispendio

228 4681 430 4749 lugere.
461 4679 617 4747 Quod
658 4680 993 4749 signiﬁcabat
1024 4692 1076 4735 et
1105 4682 1298 4737 Paulus
1320 4685 1501 4738 dicens
1530 4705 1543 4738 :
1577 4688 1707 4751 Quia
1728 4705 1822 4743 sie-

227 4774 329 4826 culi
368 4775 576 4843 quidem
624 4773 829 4826 tristitia
866 4784 1079 4827 mortem
1113 4788 1527 4846 aperatur:qua:
1550 4791 1714 4834 autent
1739 4799 1813 4836 se-

226 4864 450 4917 cundum
477 4863 645 4917 Deum
666 4874 738 4917 est
771 4866 974 4919 tristitia
994 4908 1008 4931 ,
1039 4868 1379 4933 panitcntiam
1402 4871 1455 4923 in
1478 4871 1694 4925 salutent
1713 4884 1821 4927 sta-

224 4954 374 5007 bilem
401 4965 640 5021 Operatur
661 4956 737 5023 (‘2.
761 4954 880 5008 Cor.
907 4957 959 5008 7.
985 4952 1099 5025 10).

296 5047 351 5101 5.
398 5044 587 5100 Beatos
624 5047 901 5116 pradicare
930 5048 1017 5117 qui
1046 5047 1234 5119 lugent,
1262 5050 1583 5120 philosophia
1618 5053 1823 5124 plenum

222 5151 313 5194 cst.
346 5138 641 5193 Consolatio
667 5156 699 5192 a
723 5140 829 5194 Deo
852 5143 1074 5211 profecta
1088 5152 1295 5212 quanta.
1321 5145 1510 5201 —Hos
1536 5146 1695 5217 igitur
1713 5149 1822 5216 ille,

223 5231 319 5300 qui
364 5232 444 5285 sic
472 5230 699 5301 lugent,
744 5231 931 5286 beatos
975 5233 1270 5301 pradicet:
1304 5251 1475 5306 neque
1512 5238 1825 5309 simpliciter

225 5322 471 5391 lugentes
493 5323 647 5392 punit
670 5364 684 5386 ,
729 5322 823 5376 sed
851 5323 939 5392 qui
985 5324 1224 5394 impense
1264 5325 1464 5396 lugent.
1492 5328 1827 5400 Quapropter

227 5428 336 5466 non
373 5413 549 5475 dixit,
578 5413 680 5479 Qui
709 5423 939 5468 marent
962 5456 977 5480 ,
1009 5415 1103 5469 sed
1128 5458 1143 5481 ,
1175 5416 1274 5482 Qui
1301 5417 1471 5488 lugent
1497 5435 1517 5472 :
1550 5435 1675 5474 nam
1722 5420 1825 5476 hoc

230 5515 563 5577 praceptum
610 5505 773 5559 totius
814 5515 900 5561 est
942 5507 1294 5577 philosophia
1342 5511 1728 5580 magisterium.
1770 5513 1826 5567 Si

228 5598 371 5653 enim
400 5597 494 5666 qui
525 5597 696 5662 ﬁlios,
730 5612 975 5664 uxorem,
1003 5600 1085 5654 vel
1109 5600 1274 5654 alium
1300 5604 1601 5673 quempiam
1627 5618 1826 5676 cogna-

233 5696 342 5743 tum
368 5688 680 5744 defunctum
711 5689 926 5761 lugent,
957 5706 1061 5745 non
1090 5692 1434 5762 pecuniarum
1456 5735 1471 5759 ,
1505 5710 1608 5749 non
1635 5712 1827 5765 corpo-

236 5794 352 5835 rum
376 5793 567 5835 amore
590 5787 833 5836 tenentur
852 5779 944 5837 illo
962 5779 1164 5839 doloris
1187 5792 1450 5855 tempore,
1474 5799 1579 5842 non
1601 5786 1823 5858 gloriam

1419 341 1483 397 IN
1524 341 1930 401 ΗᾹΤΤΗᾸΞΠΜ
1972 336 2202 400 IIOMIL.
2244 345 2362 400 XV.

3458 380 3563 435 226

1966 467 2226 528 appetunt
2251 501 2266 526 ,
2297 475 2406 515 non
2436 459 2647 530 injuriis
2672 472 2955 518 moventur
2977 506 2991 530 ,
3021 480 3127 521 non
3159 467 3352 525 invidia
3388 477 3562 530 corri-

1962 550 2198 618 piuntur,
2223 565 2397 621 neque
2418 552 2524 606 alio
2550 554 2799 623 quopiam
2822 555 2986 609 animi
3007 559 3197 614 morbo
3218 561 3557 620 obsidentur:

1959 640 2053 694 sed
2083 656 2304 710 prorsus
2324 642 2487 697 luctui
2515 643 2712 699 addicti
2740 656 2865 700 sunt
2893 664 2905 699 :
2935 650 3100 704 multo
3120 653 3289 721 magis
3316 670 3406 723 qui
3439 673 3557 724 pec-

1958 743 2077 787 cata
2103 747 2200 788 sua
2227 734 2430 804 lugent,
2462 734 2599 791 sicut
2626 753 2687 791 ea
2719 738 2947 808 lugenda
2975 752 3138 806 sunt,
3174 742 3273 799 hac
3301 747 3554 815 majorem

1957 822 2289 879 exhibebunt
2314 826 2727 897 philosophiam.
2758 830 2957 885 Deinde
2977 871 2992 896 ,
3024 834 3165 903 quod
3199 852 3385 891 eorum
3414 853 3547 906 pra-

1955 916 2121 969 mium
2146 917 2292 971 erit?
2339 918 2591 983 Quoniam
2620 920 2722 991 ipsi
2745 923 3145 979 consolabuntur
3168 970 3183 994 ,
3216 928 3407 998 inquit.
3451 930 3554 987 Ubi

1953 1023 2114 1073 vero,
2139 1008 2226 1065 dic
2254 1011 2417 1076 mihi,
2450 1014 2899 1069 consolabuntur?
2930 1017 2996 1070 Et
3022 1017 3141 1084 hic,
3175 1030 3228 1073 et
3260 1021 3386 1075 illic.
3418 1022 3549 1089 Quia

1952 1102 2096 1156 enim
2127 1113 2448 1172 praceptum
2480 1120 2643 1175 grave
2669 1107 2954 1161 admodum
2984 1119 3100 1162 erat
3125 1121 3177 1164 et
3208 1126 3496 1166 onermum
3522 1154 3536 1177 ,

1953 1191 2058 1247 hoc
2104 1208 2164 1249 se
2206 1197 2454 1264 promisit
2497 1195 2788 1260 daturum,
2822 1199 2962 1267 quod
2993 1199 3120 1253 illud
3161 1203 3391 1258 maxime
3434 1205 3550 1258 leve

1950 1291 2132 1351 posset
2150 1283 2382 1339 efficere.
2408 1284 2591 1356 Itaque
2615 1288 2659 1341 si
2683 1288 2814 1341 velis
2839 1290 3260 1345 consolationem
3282 1294 3544 1363 accipere,

1950 1375 2093 1447 lnge.
2135 1376 2204 1432 Et
2231 1394 2299 1434 ne
2330 1389 2485 1449 putes
2530 1382 2758 1452 anigma
2786 1397 2907 1438 esse
2934 1383 2985 1437 id
3020 1385 3163 1454 quod
3210 1386 3409 1443 dictum
3440 1400 3542 1445 est.

1948 1466 2079 1520 Cum
2105 1469 2249 1522 enim
2277 1469 2418 1524 Dens
2441 1472 2771 1537 consolatur,
2801 1475 3013 1529 etiamsi
3042 1478 3187 1532 mille
3212 1480 3377 1533 tristia
3406 1485 3547 1537 acci-

1946 1557 2093 1622 dant,
2125 1560 2375 1615 oninibus
2403 1563 2651 1632 superior
2687 1566 2817 1620 eris.
2852 1566 3063 1622 Etenim
3106 1570 3274 1625 multo
3314 1572 3544 1643 majores

1945 1649 2037 1703 dat
2066 1665 2281 1721 semper
2305 1654 2445 1709 Deus
2488 1654 2730 1709 laborum
2769 1658 3045 1713 mercedes
3073 1677 3086 1713 :
3117 1659 3167 1714 id
3211 1662 3351 1731 quod
3382 1664 3540 1717 etiam

1946 1743 2031 1796 hic
2072 1744 2194 1798 fecit
2218 1786 2233 1810 ,
2263 1760 2383 1799 cum
2411 1746 2544 1800 dixit
2570 1746 2753 1801 beatos
2784 1764 2903 1803 esse
2930 1764 3023 1803 eos
3063 1752 3154 1819 qui
3188 1752 3406 1821 lugent,
3435 1771 3544 1809 non

1944 1835 2237 1889 secundum
2270 1836 2346 1890 rei
2369 1838 2641 1903 meritum,
2672 1838 2767 1893 sed
2795 1840 3085 1895 secundum
3111 1842 3273 1910 ipsius
3295 1844 3541 1914 benigni-

1943 1933 2103 1979 tatem
2131 1942 2146 1991 ;
2179 1942 2285 1979 non
2316 1943 2380 1981 ex
2408 1928 2587 1996 operis
2613 1929 2819 1984 scilicet
2864 1930 3119 2000 dignitate
3144 1974 3157 1994 ,
3182 1934 3272 1987 scd
3315 1950 3382 1989 ex
3424 1936 3540 2004 ejus

1939 2032 2065 2087 erga
2097 2016 2344 2072 homines
2383 2033 2587 2074 amore.
2633 2020 2765 2073 Nam
2800 2022 2887 2091 qui
2918 2022 3138 2091 lugent,
3187 2038 3398 2091 pet-cata
3443 2041 3536 2079 sua

1938 2108 2159 2177 lugent;
2189 2109 2273 2164 his
2303 2126 2432 2164 vero
2457 2110 2654 2165 sufficit
2674 2115 2719 2168 si
2747 2115 2956 2167 veniam
2986 2116 3275 2184 impetrent
3297 2128 3350 2171 et
3376 2134 3539 2173 excu-

1941 2199 2228 2255 sationem.
2274 2200 2537 2267 Quoniam
2566 2212 2744 2257 autem
2774 2204 2865 2258 ille
2895 2221 3087 2275 magno
3129 2221 3253 2276 erga
3287 2208 3535 2264 homines

1935 2307 2121 2348 amore
2161 2301 2394 2360 tenetur,
2424 2310 2598 2364 neque
2622 2295 2674 2349 in
2702 2297 2949 2366 supplicii
2976 2298 3293 2353 remissione
3319 2340 3333 2364 ,
3366 2318 3537 2370 neque

1936 2383 1988 2438 in
2012 2396 2349 2454 peccatorum
2369 2389 2521 2442 venia
2552 2390 2850 2443 mercedem
2876 2391 3033 2450 sistit.
3055 2392 3146 2446 sed
3172 2395 3330 2446 etiam
3354 2395 3536 2448 beatos

1934 2476 2116 2540 efﬁcit,
2148 2488 2202 2531 et
2232 2479 2452 2532 multam
2477 2479 2632 2533 aII‘ert
2658 2481 3099 2536 consolationem.
3125 2482 3330 2554 Lugere
3357 2497 3532 2540 autem

1938 2584 2038 2623 nos
2065 2568 2238 2639 jubet,
2264 2585 2369 2625 n0n
2396 2572 2462 2625 de
2491 2573 2723 2640 peccatis
2756 2583 2955 2627 tantum
2989 2577 3211 2640 nostris,
3252 2576 3345 2631 sed
3372 2580 3532 2632 etiam

1931 2662 1999 2717 de
2027 2663 2240 2717 alienis.
2273 2663 2586 2733 ilujusmodi
2617 2680 2746 2720 vero
2782 2676 2937 2720 erant
2963 2678 3269 2722 sanctorum
3303 2670 3529 2737 anima,

1931 2766 1989 2811 ut
2011 2756 2227 2828 Moysis,
2259 2768 2317 2811 ut
2343 2757 2513 2823 Pauli,
2541 2769 2597 2813 ut
2618 2759 2831 2813 Davidis
2863 2780 2875 2814 :
2907 2778 3027 2815 nam
3059 2761 3109 2815 hi
3139 2764 3364 2817 aliorum
3388 2779 3532 2834 sa-pe

1931 2860 2143 2919 peccata
2170 2849 2443 2904 luxerunt.
2472 2852 2524 2904 4.
2554 2851 2697 2905 Beati
2721 2852 2882 2914 mites,
2917 2856 3153 2923 quoniam
3181 2855 3280 2924 ipsi
3306 2857 3531 2925 posside-

1938 2940 2061 2993 bunt
2083 2951 2293 2995 terram.
2325 2942 2421 2996 Dic
2449 2943 2598 3007 mihi,
2622 2959 2781 3012 quam
2809 2944 3044 2998 terrain?
3070 2944 3287 3000 Terram
3315 2948 3526 3015 quidem

1927 3032 2321 3103 intelligibilem
2366 3034 2568 3089 dicunt.
2617 3037 2808 3089 Verum
2854 3052 2959 3090 non
3010 3037 3078 3090 ita
3110 3052 3167 3091 se
3212 3055 3297 3092 res
3340 3038 3522 3093 habet.
3600 3050 3607 3057 '

1927 3122 2198 3194 Nusquam
2227 3126 2369 3179 enim
2412 3126 2463 3179 in
2496 3125 2765 3195 Scriptura
2806 3127 3102 3195 reperimus
3145 3139 3338 3182 terram
3366 3130 3527 3184 iuteI~

1927 3215 2181 3286 ligibilem
2212 3218 2310 3287 (τι).
2337 3218 2443 3273 Sed
2472 3219 2597 3288 quid
2626 3219 2728 3273 sibi
2758 3221 2869 3273 vult
2895 3219 3062 3274 illud?
3092 3219 3357 3275 Sensibile
3386 3238 3522 3290 pra-

1927 3309 2089 3361 mium
2139 3310 2321 3363 statuit
2351 3350 2364 3373 ,
2415 3312 2552 3364 sicut
2578 3323 2632 3366 et
2662 3311 2881 3367 Paulus.
2911 3314 3040 3367 Cum
3081 3313 3303 3367 dixisset
3330 3318 3472 3368 enim
3503 3357 3518 3380 ,

1933 3398 2148 3453 Honora
2178 3411 2371 3470 patrem
2399 3411 2543 3455 tuum
2562 3412 2609 3456 et
2634 3415 2860 3462 .ntatrem
2900 3414 3037 3456 tuam
3060 3445 3074 3466 ,
3106 3404 3396 3471 subjunxit,
3431 3406 3523 3459 Sic

1924 3493 2055 3545 enim
2080 3494 2177 3546 cris
2209 3495 2463 3563 longaevus
2507 3510 2661 3561 super
2687 3503 2870 3547 terram
2898 3494 2916 3563 (
2941 3493 3128 3563 Eplies.
3163 3494 3215 3548 6.
3247 3494 3301 3548 2.
3327 3497 3360 3549 5
3384 3503 3423 3565 ).
3456 3495 3522 3550 Et

1925 3583 2038 3653 ipse
2072 3585 2325 3638 Dominus
2355 3586 2544 3639 latroni
2576 3603 2588 3638 :
2625 3585 2794 3641 Hodie
2834 3603 3024 3639 mecum
3064 3588 3160 3640 eris
3190 3589 3241 3641 in
3284 3590 3521 3657 paradiso

1928 3674 1947 3745 (
1984 3675 2112 3729 Luc.
2144 3676 2234 3731 25.
2268 3677 2336 3730 45
2459 3677 2637 3747 Neque
2670 3679 2812 3732 enim
2845 3680 2914 3731 ob
2956 3678 3129 3732 futura
3163 3680 3335 3733 solum
3381 3680 3518 3735 b0na

1924 3766 2255 3831 cohortatur,
2284 3767 2380 3821 sed
2406 3768 2565 3821 etiam
2588 3768 2658 3821 ob
2682 3770 2958 3837 praesentia
2995 3781 3211 3838 propter
3235 3771 3351 3824 illos
3371 3771 3522 3825 audi-
3608 3791 3616 3799 '

1925 3868 2093 3923 tores,
2122 3860 2213 3928 qui
2242 3860 2535 3913 crassiores
2560 3860 2671 3913 haec
2698 3860 2844 3929 prius
2874 3876 3031 3929 quam
3063 3861 3230 3914 futura
3254 3872 3516 3931 quaerunt.

1925 3948 2049 4003 ideo
2080 3962 2133 4003 et
2164 3951 2215 4004 in
2243 3951 2589 4020 sequentibus
2610 3951 2767 4005 dicit:
2794 3950 2913 4003 Esto
2940 3952 3254 4005 consentiens
3279 3952 3529 4006 adversar

1922 4039 2000 4091 rio
2021 4048 2105 4092 tuo
2139 4039 2349 4109 (Matth.
2379 4041 2431 4095 5.
2464 4041 2533 4095 25
2552 4042 2590 4110 ).
2619 4040 2819 4095 Deinde
2843 4041 3143 4109 hujusmodi
3169 4044 3519 4112 pbiIoSOphiw

1925 4131 2200 4197 prarmium
2218 4133 2420 4195 statuit,
2437 4140 2492 4184 et
2507 4133 2579 4184 ait
2600 4150 2614 4186 :
2637 4131 2717 4184 Ne
2744 4132 2909 4185 tradat
2931 4142 2977 4185 te
2997 4134 3314 4187 adversarius
3327 4136 3515 4204 judiCt,

1924 4231 1971 4273 et
2000 4224 2166 4293 judea:
2207 4223 2455 4277 ministro.
2492 4224 2678 4277 Viden’
2706 4224 2846 4277 unde
2877 4224 3104 4277 terruit?
3153 4227 3196 4277 A
3233 4226 3516 4280 sensilibus

1925 4314 2149 4379 scilicet,
2178 4324 2231 4367 et
2256 4330 2375 4382 qua
2406 4329 2547 4381 sape
2577 4316 2911 4384 contingunt.
2943 4315 3007 4368 Et
3034 4329 3214 4368 rursus
3239 4334 3251 4369 :
3279 4317 3517 4381 Quicum-

1924 4420 2019 4472 que
2039 4403 2220 4457 dixerit
2250 4406 2397 4473 fratri
2420 4422 2532 4468 suo,
2552 4404 2714 4471 Raca,
2738 4423 2850 4459 reus
2870 4406 2961 4459 erit
2980 4407 3192 4459 concilio
3213 4405 3318 4474 (Ib.
3336 4424 3383 4460 υ.
3398 4407 3517 4477 2:2.)

1927 4492 2122 4548 Paulus
2151 4512 2363 4565 quoque
2408 4496 2839 4565 frequentissime
2883 4497 2982 4549 sub
3027 4512 3241 4550 sensum
3272 4499 3517 4553 cadentia

1927 4593 2143 4662 prannia
2179 4590 2445 4658 pr0ponit,
2473 4601 2525 4643 et
2555 4605 2583 4642 a
2620 4589 2973 4656 prasentibus
3001 4589 3278 4656 hortatur;
3310 4605 3365 4644 ut
3396 4608 3517 4645 cum

1926 4685 1994 4738 de
2023 4682 2322 4752 virginitate
2351 4679 2565 4735 disserit
2591 4699 2603 4733 :
2635 4681 2767 4734 nihil
2789 4680 2987 4750 quippe
3016 4680 3081 4734 de
3104 4682 3249 4735 ca-lis
3277 4692 3518 4737 Comme-

1929 4785 2122 4841 morat,
2149 4775 2243 4830 sed
2271 4790 2335 4828 ex
2364 4773 2724 4845 prasentibus
2753 4774 2997 4829 hortatur
3029 4775 3108 4828 his
3137 4775 3313 4829 verbis
3338 4816 3353 4842 ,
3390 4775 3521 4830 Pro-

1928 4877 2037 4937 pter
2058 4867 2327 4919 instantem
2365 4866 2708 4918 necessitatem
2752 4864 2768 4934 (
2794 4866 2843 4918 I.
2872 4864 2990 4919 Cor.
3021 4866 3073 4919 7.
3104 4864 3173 4919 26
3198 4864 3218 4937 )
3243 4884 3256 4929 ;
3284 4877 3339 4920 et
3361 4907 3374 4932 ,
3407 4866 3519 4936 Ego

1926 4970 2094 5012 autem
2113 4959 2248 5012 vobis
2271 4975 2422 5027 parco
2444 4957 2491 5029 (Ι
2500 4957 2602 5010 bid.
2628 4974 2674 5012 υ.
2694 4956 2787 5027 28)
2812 4973 2827 5022 ;
2862 4968 2935 5023 et,
2966 4957 3091 5012 Volo
3113 4969 3280 5013 autem
3303 4976 3386 5013 vos
3413 4962 3520 5015 sine

1926 5050 2264 5104 sollicitudine
2292 5065 2396 5103 esse
2436 5050 2454 5119 (
2479 5048 2611 5101 Ibid.
2645 5066 2692 5102 υ.
2719 5051 2787 5103 52
2814 5058 2851 5118 ).
2885 5051 2974 5103 Sic
3000 5051 3156 5119 igitur
3181 5061 3234 5104 et
3258 5050 3509 5104 Christus

1929 5141 2293 5211 spiritualibus
2315 5142 2588 5195 seusibilia
2618 5143 2846 5194 miscuit.
2878 5142 3011 5206 Quia
3042 5144 3183 5196 enim
3207 5144 3350 5197 mitis
3373 5144 3519 5212 quis-

1929 5248 2034 5303 que
2061 5242 2247 5301 putare
2276 5234 2443 5302 possit
2471 5247 2530 5285 se
2571 5247 2664 5285 sua
2692 5234 2869 5285 omnia
2900 5233 3123 5302 perdere
3143 5276 3157 5299 ,
3189 5235 3517 5288 contrarium

1932 5328 2021 5381 ille
2050 5326 2331 5394 pollicetur
2354 5324 2538 5379 dicens
2559 5365 2574 5389 ,
2604 5324 2745 5377 hunc
2771 5324 2943 5393 ipsqu
2984 5340 3104 5379 esse
3126 5327 3212 5392 qui
3243 5340 3335 5378 sua
3361 5327 3517 5379 tutis-

1931 5418 2064 5471 sime
2092 5415 2363 5485 possideat
2386 5457 2400 5481 ,
2428 5416 2517 5484 qui
2553 5429 2651 5469 nec
2675 5414 2846 5468 audax
2872 5455 2888 5481 ,
2934 5430 3034 5470 nec
3074 5426 3373 5470 Ostentator
3399 5418 3471 5471 sit
3498 5433 3512 5469 :

1996 5550 2069 5613 (α)
2101 5549 2270 5598 Nescio
2286 5562 2372 5598 cur
2392 5548 2522 5613 dicat
2544 5547 2927 5613 Chrysostomus,
2950 5563 3186 5612 nusquam
3209 5551 3257 5598 in
3276 5550 3516 5613 Scriptura

1932 5610 2161 5674 reperiri,
2190 5619 2372 5660 terram
2401 5610 2732 5674 spiritualem,
2760 5611 3001 5673 siquidem
3033 5610 3165 5660 terra
3187 5610 3516 5674 promissionis

1934 5671 2225 5736 intelligitur
2241 5672 2573 5736 spiritualiter,
2596 5673 2685 5722 nisi
2709 5671 2836 5722 forte
2858 5674 3132 5736 signiﬁcare
3156 5671 3274 5723 velit
3291 5674 3414 5723 hanc
3437 5688 3516 5725 vo-

1935 5748 2063 5793 cem,
2085 5735 2283 5801 terrain,
2309 5735 2463 5801 solani
2489 5748 2748 5801 numquam
2773 5736 2823 5784 in
2854 5735 3092 5801 Scriptura
3129 5748 3388 5787 occurrere
3410 5750 3517 5801 pro,

1936 5804 2119 5847 terram
2137 5794 2454 5849 sviritualem.
2478 5798 2609 5857 Quod
2622 5794 2804 5848 verum
2828 5794 3178 5849 esse'videtur.
