4050 6364
476 347 588 404 227

481 475 610 516 nam
633 455 726 530 qui
749 454 872 512 talis
899 452 1097 518 fuerit,
1129 453 1364 521 paternis
1392 451 1552 506 etiam
1577 448 1738 506 bonis
1759 461 1905 516 saepe
1929 445 2072 501 exci-

479 552 574 609 det
596 593 613 617 ,
640 559 696 607 et
719 551 888 620 ipsius
915 547 1108 602 animai
1132 545 1393 614 iacturam
1418 544 1594 597 faciet.
1625 541 1874 609 Alioquin
1897 547 2076 592 autem

480 646 602 714 quia
647 642 702 697 in
734 639 918 695 Veteri
957 637 1304 693 Testamento
1340 633 1598 703 propheta
1643 631 1896 686 dixerat:
1927 628 2077 682 Miles

480 746 647 791 autem
683 731 1030 788 Itereditabunt
1065 740 1250 784 terram
1291 727 1484 799 (Psal.
1522 727 1611 782 56.
1655 726 1713 779 ll
1741 726 1796 794 ),
1836 738 1866 777 a
1899 723 2076 776 verbis

479 827 588 897 iam
615 824 964 880 familiaribus
989 835 1293 876 sermonem
1325 819 1474 883 texit,
1507 824 1560 870 ut
1589 830 1694 870 non
1725 816 1921 883 ubique
1959 814 2078 866 inu-

481 920 654 974 sitatis
681 928 859 973 utatur
883 916 1083 970 verbis.
1116 915 1242 968 lianc
1273 927 1432 982 porro
1458 911 1604 974 dicit,
1641 925 1746 962 non
1769 908 1818 962 in
1844 921 2078 977 praesen-

482 1014 622 1068 tibus
644 1012 860 1082 pranmia
891 1008 1360 1069 circumscribens,
1391 1003 1483 1058 sed
1507 1018 1626 1056 cum
1650 1001 1734 1055 bis
1754 1001 1840 1054 illa
1863 1015 2075 1070 quoque

483 1105 845 1175 suppeditans.
875 1101 1004 1156 Nam
1033 1101 1078 1155 si
1116 1099 1384 1170 quidpiam
1437 1095 1711 1166 spiritualc
1753 1093 1934 1157 dicat,
1969 1106 2073 1144 non

481 1199 653 1253 aufert
693 1209 868 1252 tamen
899 1195 1177 1264 praesentia
1213 1209 1227 1257 ;
1273 1191 1316 1244 si
1352 1206 1478 1244 vero
1501 1187 1702 1258 aliquid
1729 1203 1780 1240 in
1828 1185 2077 1254 praesenti

483 1289 591 1342 vita
621 1289 922 1358 promittat,
956 1300 1060 1339 non
1095 1283 1176 1337 his
1216 1291 1420 1335 tantum
1454 1278 1860 1348 promissionem
1888 1277 2068 1330 sistit:

483 1394 604 1432 natu
639 1377 861 1444 Quaerite
887 1417 903 1441 ,
941 1375 1150 1444 inquit,
1178 1389 1388 1442 regnum
1416 1371 1510 1425 Dei
1532 1410 1549 1435 ,
1585 1379 1632 1423 et
1661 1369 1768 1423 huic
1792 1367 1962 1421 omnia
1980 1367 2077 1419 ad-

481 1469 716 1544 ficientur
736 1467 873 1523 vobis
894 1469 911 1537 (
940 1466 1129 1520 Matth.
1155 1465 1209 1520 6.
1229 1465 1305 1519 55
1327 1464 1369 1534 ).
1396 1464 1464 1517 Et
1486 1477 1736 1516 rursum:
1765 1459 2076 1528 Quicumque

481 1561 732 1614 dimiserit
763 1560 992 1622 domum,
1020 1566 1108 1610 aut
1135 1561 1340 1626 fratres,
1371 1564 1459 1606 aut
1480 1562 1696 1623 patrem,
1730 1560 1817 1604 aut
1839 1561 2068 1614 matrem,

480 1666 567 1706 aut
587 1669 816 1712 uxorein.
848 1661 935 1705 aut
957 1651 1113 1719 ﬁlios,
1141 1659 1230 1701 aut
1258 1665 1409 1718 agros
1455 1656 1659 1715 propter
1684 1661 1861 1697 nomen
1885 1659 2069 1702 meum,

479 1746 767 1815 centuplum
795 1744 1007 1812 accipiet
1052 1744 1103 1795 in
1135 1742 1319 1795 sa'culo
1352 1742 1447 1794 isto
1469 1782 1483 1803 ,
1532 1753 1580 1793 et
1611 1740 1661 1791 in
1704 1743 1876 1808 futuro
1919 1737 2074 1790 vitam

480 1847 718 1889 a'ternam
770 1833 1039 1904 possidebit
1087 1831 1215 1904 (Id.
1265 1831 1351 1887 l9.
1407 1831 1498 1885 9.9.
1552 1839 1597 1884 et
1646 1830 1812 1884 Marc.
1857 1828 1941 1883 i0.
1978 1827 2067 1882 29.

479 1927 550 1982 50
575 1929 611 1995 ).
645 1927 696 1982 ϐ.
732 1926 876 1980 Beati
899 1927 985 1996 qui
1020 1929 1248 1979 esuriant
1291 1935 1338 1978 et
1367 1923 1542 1978 sitiunt
1577 1924 1856 1994 justitiam.
1901 1922 2071 1990 Quam

479 2019 780 2090 iustitiam?
810 2020 916 2074 Ant
943 2018 1196 2072 virtutem
1225 2017 1368 2071 illam
1401 2016 1452 2070 in
1473 2030 1689 2085 genere,
1717 2023 1812 2068 aut
1834 2013 2070 2083 speciem

481 2111 622 2166 illam
648 2109 870 2179 iustitiae
891 2108 1085 2171 innuit,
1115 2123 1235 2178 quae
1263 2107 1505 2161 avaritiae
1533 2106 1778 2176 Opposita
1806 2114 1906 2160 est.
1931 2103 2067 2171 Quia

479 2201 622 2258 enim
640 2201 708 2256 de
723 2202 1066 2272 eleemosyna
1089 2213 1409 2270 praeceptum
1425 2198 1646 2254 daturus
1659 2197 1923 2262 est,docet
1937 2211 2072 2267 quo-

481 2292 643 2347 modo
669 2293 813 2348 illam
845 2306 1107 2348 exercere
1129 2299 1406 2361 oporteat;
1435 2289 1714 2355 videlicet,
1747 2304 1851 2344 non
1882 2305 1946 2344 ex
1988 2304 2075 2344 ra-

481 2385 626 2454 pina,
659 2399 764 2439 non
791 2399 858 2439 ex
883 2383 1103 2438 avaritia
1126 2383 1310 2438 beatos
1329 2381 1579 2452 praedicat
1605 2395 1721 2449 eos,
1744 2382 1833 2452 qui
1854 2380 2074 2452 justitiae

479 2476 610 2531 dant
637 2491 876 2546 operam.

554 2568 609 2622 4.
653 2567 779 2620 Ηιεε
807 2566 953 2620 verba
977 2607 994 2632 ,
1040 2567 1239 2620 esurire
1270 2575 1317 2620 et
1347 2566 1487 2620 sitire
1514 2566 1804 2636 justitiam,
1835 2579 2077 2630 quantam

482 2660 580 2713 t'im
606 2657 841 2712 habeant.
878 2657 976 2722 Qui
996 2655 1094 2710 sint
1121 2657 1485 2723 misericordes,
1517 2657 1706 2712 mundo
1731 2659 1902 2724 corde,
1931 2659 2077 2728 paci-

485 2750 571 2818 ﬁci
580 2766 599 2814 ;
613 2759 806 2818 quanta
821 2766 992 2802 eorunt
1014 2765 1219 2804 merces.
1238 2749 1406 2802 Virtus
1417 2759 1521 2803 tota
1531 2750 1715 2804 anima:
1731 2749 2072 2819 philosophia.

482 2843 642 2896 —Et
679 2841 1072 2896 animadvertas
1111 2843 1270 2897 velim
1331 2856 1455 2896 cum
1495 2851 1694 2910 quanta
1737 2840 2076 2896 vehementia

484 2936 537 2991 id
563 2936 910 3006 expresserit.
957 2935 1072 2990 Non
1104 2937 1243 2990 enim
1283 2935 1451 2998 dixit,
1497 2935 1642 2988 Beati
1686 2935 1776 3004 qui
1807 2934 2075 3004 justitiam

483 3035 792 3092 sectantur;
815 3025 931 3089 sed,
963 3026 1112 3081 Beati
1153 3028 1239 3095 qui
1268 3027 1493 3083 esuriunt
1521 3035 1568 3080 et
1598 3026 1774 3079 sitiunt
1789 3027 2038 3095 justitiam
2057 3066 2073 3089 ,

486 3128 545 3174 ut
567 3135 675 3175 non
702 3119 1102 3191 perfunctorie,
1131 3119 1224 3174 sed
1252 3135 1372 3174 cum
1399 3119 1544 3174 omni
1580 3118 2092 3188 cupiditate'ipsam'

483 3211 762 3267 adeamus.
787 3211 919 3278 Quia
948 3212 1093 3265 enim
1125 3210 1254 3264 illud
1280 3210 1516 3264 avaritiae
1540 3211 1776 3265 maxime
1803 3213 2076 3281 proprium

485 3313 598 3367 est,
627 3319 803 3373 neque
832 3304 902 3358 ita
940 3304 1118 3358 cibum
1149 3313 1310 3373 atque
1356 3313 1538 3372 poutm
1565 3302 1934 3358 desideramus
1956 3345 1972 3370 ,
2022 3312 2080 3358 ut

486 3394 714 3464 plurima
748 3393 1024 3464 possidere
1051 3404 1105 3450 et
1135 3395 1415 3464 acquirere
1440 3435 1455 3456 ,
1502 3393 1662 3447 talem
1701 3395 2041 3464 cupiditatem
2061 3437 2077 3462 ,

487 3485 540 3539 in
611 3486 932 3540 contrariam
988 3486 1226 3539 avaritiae
1273 3486 1520 3540 virtutem
1573 3487 1860 3542 transferre
1899 3486 2075 3556 jussit.

486 3574 690 3631 Deinde
739 3591 927 3630 rursus
975 3577 1229 3631 sensibile
1288 3577 1565 3646 praemium
1615 3577 1801 3632 deﬁnit
1849 3577 2076 3634 dicens:

492 3667 745 3734 Quoniam
791 3667 889 3736 ipsi
922 3668 1300 3723 saturabuntur.
1331 3669 1464 3734 Quia
1493 3671 1634 3724 enim
1667 3679 1884 3739 putatur
1909 3671 2081 3726 avari-

490 3761 560 3813 tia
592 3761 788 3814 multos
835 3761 1027 3815 divites
1069 3762 1242 3816 lacere
1267 3803 1282 3826 ,
1315 3761 1444 3816 dicit
1483 3764 1811 3816 contrarium
1861 3765 2081 3818 omnino

489 3866 610 3907 esse
639 3869 652 3903 :
683 3852 734 3906 id
761 3853 905 3908 enim
955 3864 1171 3922 praestat
1197 3853 1424 3921 justitia.
1457 3853 1534 3908 Ne
1576 3855 1752 3924 itaque
1779 3871 1900 3908 cum
1936 3854 2080 3924 justa

489 3942 752 4012 operaris,
784 3952 1154 4013 paupertatem
1185 3945 1374 3998 timeas
1399 3985 1414 4009 ,
1449 3960 1584 3999 neve
1614 3944 1808 4000 famem
1849 3957 2075 4000 metuas.

489 4033 623 4089 Nam
652 4034 740 4105 qui
774 4033 948 4088 aliena
981 4035 1214 4102 rapiunt,
1247 4034 1298 4086 hi
1321 4033 1553 4088 maxime
1569 4035 1637 4089 ab
1658 4036 1906 4092 omnibus
1931 4036 2082 4090 exci-

487 4129 656 4193 dunt;
685 4136 743 4182 ut
768 4127 856 4198 qui
883 4126 1142 4196 justitiam
1176 4135 1356 4193 amat,
1385 4128 1564 4182 omnia
1594 4137 1708 4182 tuto
1738 4127 1994 4197 possidet.
2023 4129 2081 4184 Si

491 4230 670 4276 autem
703 4222 736 4275 ii
764 4221 854 4291 qui
883 4221 1054 4276 aliena
1083 4235 1188 4275 non
1211 4220 1453 4291 cupiunt,
1487 4230 1563 4276 tot
1587 4221 1832 4276 fruuntur
1861 4223 2080 4289 divitiis,

491 4314 658 4367 multo
673 4312 843 4383 magis
864 4312 897 4366 ii
915 4313 1002 4381 qui
1024 4327 1118 4365 sua
1140 4311 1453 4382 largiuntur.
1474 4312 1527 4368 7.
1551 4312 1699 4368 Beati
1714 4315 2081 4370 misericordes.

495 4406 592 4462 llic
617 4421 721 4460 non
752 4415 955 4460 tantum
985 4406 1224 4475 pecuniae
1253 4407 1537 4476 largitores
1563 4407 1743 4462 dicere
1772 4408 1904 4462 mihi
1933 4408 2084 4463 vide-

495 4509 582 4552 tur
600 4538 614 4560 ,
645 4496 740 4552 sed
767 4499 928 4552 etiam
951 4512 1048 4552 eos
1073 4498 1162 4566 qui
1194 4498 1445 4568 operibus
1476 4498 1894 4554 misericordiam
1923 4515 2082 4554 exer-

494 4599 638 4645 cent.
669 4577 995 4644 Varii'enim
1022 4599 1146 4643 sunt
1186 4589 1472 4645 miserendi
1505 4591 1681 4653 modi,
1714 4601 1770 4646 et
1799 4593 1960 4645 latum
2003 4601 2088 4648 cst.

499 4691 843 4750 praeceptum.
873 4679 1023 4748 Quod
1053 4681 1211 4749 igitur
1241 4680 1451 4736 illorum
1478 4692 1562 4735 est
1592 4683 1911 4750 praemium?
1944 4683 2084 4748 Quo-

495 4777 637 4829 niam
662 4773 763 4842 ipsi
790 4774 1187 4829 misericordiam
1220 4784 1606 4844 consequentur.
1635 4775 1702 4830 Et
1729 4775 1938 4830 videtur
1961 4776 2083 4843 qui-

494 4865 618 4919 dem
651 4866 872 4935 aequalis
895 4880 1014 4920 esse
1044 4865 1356 4922 retributio:
1389 4867 1482 4922 sed
1505 4876 1587 4921 est
1610 4867 1726 4935 ipso
1753 4866 1896 4921 bono
1921 4883 2086 4936 apere

495 4959 654 5026 longe
697 4956 887 5024 major.
928 4956 1034 5025 ipsi
1071 4972 1300 5025 namque
1340 4958 1662 5024 miserentur
1707 4965 1764 5011 ut
1802 4959 2085 5021 homines,

495 5051 588 5104 sed
625 5048 1044 5103 misericordiam
1066 5059 1462 5118 consequuntur
1482 5049 1926 5103 abnniversorum
1953 5051 2084 5106 Deo.

498 5142 610 5196 Non
645 5149 770 5195 sunt
795 5149 972 5194 autem
999 5141 1232 5209 :equales
1265 5141 1489 5194 humana
1517 5141 1788 5195 miseratio
1809 5150 1862 5194 et
1885 5141 2084 5202 divina.

496 5233 590 5288 sed
625 5241 884 5303 quantum
929 5232 1067 5286 inter
1107 5231 1360 5286 malitiam
1386 5241 1440 5286 et
1479 5231 1770 5286 bonitatem
1796 5233 2085 5287 discrimen

497 5334 605 5390 est,
635 5333 838 5378 tantum
867 5323 1006 5377 inter
1033 5323 1135 5376 hoc
1159 5331 1210 5376 et
1238 5321 1386 5376 illud.
1411 5321 1465 5377 8.
1494 5320 1639 5376 Beati
1676 5324 1866 5377 mundo
1895 5325 2047 5377 corde
2068 5367 2083 5389 ,

498 5416 741 5485 quoniam
773 5415 873 5485 ipsi
909 5413 1074 5467 Deum
1117 5412 1371 5468 videbunt.
1414 5413 1552 5468 Ecce
1601 5430 1783 5469 rursus
1813 5415 2088 5483 spirituale

504 5510 806 5580 praemium.
840 5508 1063 5564 Mundus
1093 5517 1269 5562 autem
1298 5507 1386 5564 hic
1411 5519 1567 5563 vocat
1610 5526 1705 5564 eos
1731 5510 1819 5580 qui
1866 5511 2086 5581 univer-

502 5603 670 5658 salem
699 5603 946 5658 virtutem
971 5601 1264 5673 possident,
1291 5603 1592 5670 nulliusque
1620 5603 1720 5658 sibi
1743 5604 1865 5658 mali
1885 5605 2088 5660 conscii

503 5707 650 5764 sunt,
671 5697 783 5751 sive
815 5711 910 5751 eos
946 5697 1037 5766 qui
1077 5697 1131 5750 in
1174 5696 1496 5750 continentia
1521 5696 1701 5750 vivunt
1735 5714 1746 5750 :
1783 5696 1924 5752 nulla
1943 5697 2087 5753 enim

505 5786 659 5844 nobis
695 5787 768 5851 ita
795 5801 929 5859 opus
956 5797 1039 5844 est
1061 5789 1126 5844 ad
1152 5788 1315 5844 Deum
1341 5787 1650 5859 videndum,
1673 5800 1731 5846 ut
1750 5789 1844 5847 illa
1868 5791 2082 5851 virtute.

1193 339 1250 396 S.
1289 335 1569 395 JOANNIS
1591 329 2071 398 CHRYSOSTOMI
2100 328 2422 385 ARCIHEP.
2449 331 2986 392 CONSTANTINOP.

3656 336 3769 391 1.38

2189 442 2316 497 Ideo
2341 453 2396 497 et
2421 443 2616 502 Paulus
2636 446 2881 504 dicebat:
2905 451 3092 504 Pacem
3119 455 3382 509 sectamini
3400 474 3514 511 cum
3541 464 3782 518 oninibns

2181 544 2229 586 et
2241 537 2646 602 sanctimoniam,
2669 540 2778 592 sine
2795 557 2894 609 qua
2917 559 3063 595 nemo
3081 544 3265 599 uidebit
3293 546 3568 603 Dominum
3583 551 3779 624 (Hebr.

2185 625 2271 680 12.
2307 628 2373 682 14
2395 626 2436 696 ).
2473 628 2743 684 Visionem
2775 647 2936 700 porro
2968 633 3055 688 hic
3098 635 3263 700 dicit,
3305 654 3429 709 qua:
3471 641 3672 700 homini
3704 649 3785 700 sit

2181 719 2470 786 possibilis.
2503 719 2634 787 Quia
2661 723 2807 776 enim
2838 724 2991 778 multi
3019 735 3147 780 sunt
3173 729 3262 798 qui
3293 731 3645 803 miserentur,
3671 754 3786 794 nec

2180 811 2397 878 rapiunt
2425 853 2441 878 ,
2473 828 2574 868 nec
2597 815 2836 870 avaritiae
2861 817 3112 882 student,
3141 821 3235 875 sed
3267 822 3594 881 fornicamur
3619 839 3675 887 et
3713 832 3754 885 li
3772 860 3789 871 -

2182 901 2347 958 bidini
2387 919 2446 960 se
2475 905 2680 961 dedunt
2702 947 2718 973 ,
2746 909 3037 965 ostendens
3080 912 3208 967 illud
3233 915 3464 984 primum
3502 935 3611 974 non
3644 925 3790 977 satis

2180 1010 2300 1050 esse
2322 1038 2337 1058 ,
2367 997 2466 1052 hoc
2496 999 2658 1052 etiam
2687 999 2912 1055 addidit.
2940 1003 3092 1068 Quod
3123 1005 3282 1060 etiam
3311 1007 3504 1064 Paulus
3528 1011 3785 1070 Macedo-

2181 1086 2335 1140 nibus
2362 1089 2672 1146 testiticatus
2698 1101 2783 1146 est.
2807 1095 2858 1146 in
2891 1093 3127 1161 Epistula
3148 1097 3222 1171 ad
3249 1099 3557 1158 Corinthios
3581 1143 3598 1168 ,
3629 1107 3788 1174 quod

2179 1193 2284 1232 non
2313 1179 2470 1234 modo
2489 1181 2834 1254 eleemosyna
2864 1186 3054 1240 divites
3077 1201 3275 1253 essent,
3310 1195 3404 1247 sed
3449 1196 3606 1249 etiam
3648 1199 3783 1256 aliis

2179 1268 2502 1325 virtutibus:
2535 1272 2783 1342 loquutus
2823 1277 2965 1330 enim
3009 1278 3080 1332 de
3130 1278 3449 1338 liberalitate
3488 1301 3671 1343 eorum
3718 1291 3786 1344 in

2177 1363 2460 1430 crogandis
2484 1366 2740 1432 pecuniis,
2774 1367 2956 1432 addit,
2987 1369 3105 1423 illos
3130 1386 3249 1426 sese
3278 1373 3492 1430 dedisse
3521 1377 3781 1440 Domino,

2176 1451 2246 1505 Et
2289 1454 2430 1508 nobis
2481 1455 2712 1527 (‘2.Cor.
2747 1458 2798 1512 8.
2825 1459 2928 1530 5).
2956 1461 3010 1515 9.
3058 1461 3205 1516 Beati
3249 1466 3471 1533 paciﬁci.
3516 1467 3615 1524 Hic
3657 1486 3777 1525 non

2177 1548 2338 1597 modo
2372 1545 2731 1603 dissensiones
2771 1561 3017 1619 mutuas,
3049 1565 3102 1607 et
3143 1556 3448 1612 inimicitias
3478 1560 3733 1628 prohibet
3769 1602 3786 1628 ,

2176 1633 2271 1688 scd
2299 1636 2437 1690 aliud
2469 1638 2735 1707 quidpiam
2766 1639 2984 1710 insuper
3010 1645 3210 1713 exigit,
3261 1656 3318 1700 ut
3355 1660 3409 1702 et
3449 1651 3583 1704 alios
3606 1652 3782 1706 dissi-

2174 1725 2362 1781 dentes
2393 1728 2456 1782 ad
2481 1730 2818 1786 concordiam
2843 1749 3174 1803 revocmnus,
3201 1752 3264 1792 ac
3290 1754 3476 1795 rursus
3496 1743 3784 1810 spirituale

2177 1820 2453 1886 praemium
2501 1821 2680 1876 offert.
2713 1824 2878 1890 Quale
2924 1827 3054 1880 illud
3097 1831 3218 1884 est?
3248 1831 3502 1897 Quoniam
3547 1836 3644 1904 ipsi
3671 1837 3782 1905 ﬁlii

2175 1911 2274 1966 Dei
2297 1914 2624 1969 vocabuntur.
2653 1917 2925 1987 Siquidem
2969 1920 3233 1991 Unigeniti
3275 1942 3412 1993 opus
3459 1927 3590 1982 illud
3621 1929 3726 1983 fuit
3755 1972 3774 1996 ,

2177 2003 2440 2072 disjuncta
2483 2008 2736 2076 copulare
2758 2049 2774 2075 ,
2808 2014 3094 2082 pugnantia
3138 2016 3444 2072 conciliare.
3477 2020 3674 2075 Deinde
3703 2039 3783 2078 ne

2177 2107 2331 2164 putes
2375 2111 2560 2165 pacem
2611 2100 2808 2170 ubique
2859 2118 2980 2158 esse
3028 2106 3266 2173 bonum,
3315 2110 3631 2178 subjunxit:
3677 2115 3779 2169 ιιι.

2175 2184 2321 2239 Beati
2346 2189 2432 2257 qui
2479 2194 2912 2259 persequutionem
2943 2198 3206 2263 patiuntur
3235 2211 3442 2268 propter
3469 2203 3729 2272 justitiam
3760 2223 3780 2265 ;

2178 2276 2281 2332 hoc
2304 2288 2406 2346 est,
2439 2279 2652 2335 virtutis
2681 2298 2840 2338 causa
2864 2325 2880 2350 ,
2913 2301 3007 2354 pro
3033 2287 3260 2342 aliorum
3290 2291 3598 2349 defensione
3624 2337 3640 2360 ,
3669 2311 3779 2365 pro

2177 2368 2395 2437 pietate.
2442 2370 2707 2428 Virtutem
2753 2377 2896 2429 enim
2937 2393 3150 2448 semper
3177 2383 3316 2437 Solet
3360 2399 3554 2441 vocare
3604 2396 3780 2442 totam

2177 2461 2370 2516 animae
2403 2463 2812 2537 philosiiphiam.
2842 2470 2929 2524 ii.
2959 2469 3105 2524 Beati
3131 2475 3264 2536 estis,
3297 2493 3412 2529 cum
3439 2480 3782 2547 exprobrare-

2176 2557 2277 2608 rint
2302 2556 2438 2610 vobis
2461 2559 2710 2623 liomines.
2743 2571 2789 2614 et
2812 2565 3096 2633 persequuti
3119 2582 3203 2620 vos
3229 2567 3456 2636 fuerint,
3481 2581 3527 2623 et
3553 2571 3780 2626 dixerint

2179 2663 2326 2701 omne
2357 2649 2546 2702 malum
2571 2652 2774 2706 verbum
2799 2656 3067 2709 adversum
3107 2674 3193 2713 vos
3219 2661 3532 2725 mentientes,
3564 2674 3778 2733 propter

2178 2755 2278 2792 me.
2312 2741 2396 2794 l2.
2443 2741 2671 2798 Gaudete
2712 2755 2760 2798 et
2802 2748 3068 2802 exsatiate.
3113 2749 3192 2805 Ac
3229 2751 3273 2805 si
3304 2752 3506 2808 diceret
3536 2771 3552 2810 :
3580 2754 3636 2810 Si
3673 2772 3780 2811 vos

2179 2833 2593 2901 prmstigiatores
2613 2875 2628 2900 ,
2656 2836 2701 2889 si
2736 2837 3046 2894 seductores
3065 2882 3079 2906 ,
3113 2843 3157 2896 si
3187 2844 3488 2914 maleﬁcos,
3516 2849 3560 2902 si
3583 2851 3779 2918 quovis

2179 2925 2285 2979 alio
2313 2928 2531 2982 nomine
2569 2941 2802 2996 vocent,
2833 2932 2978 2988 beati
3014 2936 3166 2990 estis.
3197 2936 3336 3004 Quid
3367 2938 3451 2994 his
3491 2947 3778 3013 praeceptis

2181 3018 2497 3075 insolentius
2525 3020 2722 3086 fuerit,
2749 3038 2870 3078 cum
2915 3026 3030 3080 haec
3053 3027 3410 3086 desideranda
3452 3033 3620 3100 dicit,
3652 3053 3778 3106 qua:

2179 3111 2299 3165 aliis
2341 3111 2584 3182 fugienda
2615 3115 2901 3183 putantur?
2931 3117 3133 3188 Nempe
3174 3121 3478 3178 mendicare
3503 3165 3516 3189 ,
3547 3125 3731 3195 lugere
3758 3170 3774 3189 .

2179 3205 2644 3272 persequutionem
2679 3207 2823 3276 pati,
2857 3209 2993 3262 mala
3037 3210 3239 3267 audire.
3265 3214 3510 3269 Attamen
3537 3225 3591 3270 et
3614 3217 3774 3278 dixit.

2179 3303 2233 3348 et
2263 3296 2468 3361 suasit,
2502 3313 2607 3350 non
2633 3297 2840 3353 duobus
2863 3341 2879 3365 ,
2914 3300 3000 3355 vel
3028 3301 3212 3356 decem
3242 3345 3257 3368 ,
3288 3306 3371 3358 vel
3417 3323 3500 3376 vig
3525 3308 3600 3361 nti
3625 3350 3642 3374 ,
3686 3313 3776 3363 vel

2181 3393 2425 3449 centum,
2455 3387 2535 3440 vel
2567 3388 2712 3443 mille
2743 3389 3049 3446 hominibus
3069 3433 3086 3454 ,
3136 3393 3229 3448 sed
3260 3396 3511 3451 universo
3542 3400 3681 3455 orbi.
3709 3402 3781 3456 Et

2181 3477 2458 3533 audientes
2489 3479 2577 3532 illa
2605 3494 2854 3548 onerosa,
2882 3485 3103 3538 molesta
3129 3525 3145 3549 ,
3177 3486 3378 3557 vulgari
3404 3492 3780 3546 consuetudini

2182 3571 2468 3632 contraria,
2492 3571 2776 3640 stupebant
2796 3575 2980 3628 turbae.
3005 3575 3173 3630 Tanta
3194 3589 3315 3633 erat
3334 3579 3564 3637 dicentis
3581 3584 3779 3638 virtus.

2254 3664 2307 3718 5.
2337 3661 2389 3715 Μ
2393 3664 2472 3716 ale
2487 3666 2662 3718 audire
2677 3682 2777 3719 non
2799 3668 2978 3736 suﬁ'icit
3003 3668 3071 3721 ad
3093 3669 3263 3726 beatos
3281 3673 3594 3742 afﬁciendos;
3621 3693 3781 3730 unas»

2185 3753 2505 3822 eamdemque
2521 3759 2793 3810 mercedem
2814 3760 2965 3812 variis
2982 3759 3212 3816 Christus
3232 3765 3516 3820 nominibus
3542 3770 3780 3835 protulit-

2186 3845 2234 3898 F
2236 3847 2355 3900 ilius
2387 3847 2537 3902 Patri
2566 3853 2778 3920 aequalis
2815 3853 3022 3906 honore.
3063 3885 3135 3895 —
3171 3853 3437 3913 Caeterum
3475 3876 3541 3915 ne
3582 3873 3773 3928 putes.

2183 3939 2322 3994 male
2349 3941 2535 3997 audire
2563 3944 2734 3999 solum
2766 3944 2950 4001 beatos
2971 3947 3206 4014 efﬁcere,
3231 3950 3364 4006 duas
3393 3957 3640 4022 apposuit
3667 3958 3780 4010 dis-

2187 4031 2488 4098 tinctiones,
2513 4035 2725 4101 quando
2745 4037 2951 4093 scilicet
2971 4039 3052 4094 vel
3076 4053 3293 4110 propter
3329 4043 3500 4112 ipsum
3545 4047 3777 4115 prolata,

2185 4124 2266 4177 vel
2295 4125 2571 4180 mendacia
2603 4127 2799 4183 fuerint
2823 4129 2964 4184 dicta
2994 4131 3101 4187 illa.
3133 4132 3263 4187 Nam
3294 4135 3337 4188 si
3379 4135 3494 4190 haec
3534 4154 3638 4193 non
3670 4139 3776 4194 ad-

2185 4215 2292 4270 sint
2311 4258 2325 4279 ,
2355 4231 2459 4271 nou
2493 4218 2650 4273 modo
2694 4236 2800 4274 non
2830 4221 3015 4278 beatus
3035 4265 3051 4287 ,
3099 4225 3193 4278 sed
3222 4227 3386 4280 etiam
3430 4229 3594 4283 miser
3616 4240 3702 4284 est
3732 4233 3782 4285 is

2186 4310 2274 4380 qui
2306 4311 2443 4365 male
2467 4311 2633 4366 audit.
2668 4313 2870 4368 Deinde
2901 4316 3020 4371 vide
3059 4333 3245 4373 rursus
3277 4321 3553 4388 praemium
3579 4341 3593 4377 :
3628 4324 3778 4390 Quo-

2187 4403 2325 4454 niam
2349 4419 2534 4456 merces
2553 4414 2715 4458 vestra
2737 4406 2895 4459 multa
2922 4418 2995 4461 est
3021 4409 3071 4461 in
3099 4411 3258 4464 caelis.
3284 4411 3361 4465 Τιι
3387 4427 3514 4466 vero
3537 4415 3640 4468 etsi
3667 4432 3780 4468 non

2187 4491 2253 4546 ad
2283 4493 2521 4562 singulas
2549 4495 2900 4552 beatitudines
2928 4515 3150 4570 regnum
3177 4503 3291 4555 dari
3319 4505 3505 4558 audias
3527 4547 3541 4568 ,
3575 4523 3642 4559 ne
3662 4510 3785 4560 ani-

2188 4599 2278 4638 mo
2302 4585 2541 4640 delicias.
2589 4589 2809 4644 Etiamsi
2848 4592 2990 4645 enim
3037 4595 3253 4660 praemia
3291 4595 3507 4652 diverso
3543 4600 3785 4669 appellet

2189 4679 2432 4743 nomine,
2477 4689 2654 4736 tamen
2693 4699 2880 4740 omnes
2918 4685 2982 4739 ad
3025 4703 3245 4755 regnum
3293 4690 3598 4746 introducit.
3642 4693 3780 4748 Nam

2189 4785 2309 4824 cum
2341 4771 2462 4824 dicit
2486 4814 2499 4834 ,
2532 4771 2802 4841 Lugentes
2830 4777 3256 4832 consolationem
3277 4821 3293 4845 ,
3321 4794 3379 4835 et
3404 4784 3786 4840 misericordes

2191 4863 2610 4916 misericordiam
2642 4876 3067 4934 consequentur,
3097 4880 3153 4923 et
3183 4869 3366 4925 mundi
3404 4873 3570 4927 corde
3607 4874 3784 4930 Deum

2191 4955 2479 5019 videbunt,
2512 4966 2567 5010 et
2599 4958 2800 5024 paciﬁci
2828 4959 2920 5012 lilii
2950 4959 3041 5014 Dei
3073 4962 3438 5025 vocabuntur,
3473 4965 3604 5019 nihil
3630 4966 3786 5020 aliud

2193 5063 2287 5116 per
2312 5049 2427 5102 bmc
2467 5051 2643 5103 omnia
2671 5051 2900 5116 indicat,
2927 5067 3086 5121 quam
3118 5069 3338 5122 regnum
3369 5058 3624 5111 caelorum
3647 5075 3663 5122 ;
3690 5059 3785 5128 qui

2192 5141 2333 5195 enim
2363 5140 2443 5195 bis
2485 5140 2732 5196 fruuntur
2752 5185 2767 5209 ,
2801 5144 2852 5198 id
2883 5157 3282 5214 consequentur
3305 5149 3544 5201 omnino.
3573 5149 3654 5204 Ne
3685 5151 3788 5221 igi-

2194 5241 2280 5286 tur
2319 5234 2619 5288 mercedem
2659 5234 3000 5304 illam-pntes
3025 5235 3092 5290 ad
3118 5238 3266 5291 solos
3305 5253 3564 5309 pauperes
3589 5241 3789 5310 spiritu

2194 5327 2464 5395 pertinere
2486 5367 2499 5391 ,
2531 5327 2624 5382 sed
2655 5328 2816 5381 etiam
2847 5328 2912 5382 ad
2941 5329 3238 5384 esurientes
3258 5330 3550 5399 justitiam.
3581 5333 3648 5386 ad
3684 5335 3792 5386 mi-

2195 5428 2276 5473 tes
2301 5429 2356 5474 ct
2384 5419 2448 5474 ad
2498 5420 2633 5474 alios
2661 5435 2869 5474 omnes.
2917 5419 3038 5474 Ideo
3090 5422 3236 5476 enim
3263 5423 3314 5475 in
3342 5423 3566 5492 singulis
3615 5424 3791 5479 beati-

2197 5511 2433 5567 tudinem
2459 5513 2740 5581 apposuit.
2764 5523 2821 5566 ut
2843 5528 2910 5566 ne
2932 5512 3057 5581 quid
3081 5513 3334 5568 sensibile
3354 5526 3656 5582 exspectes.
3686 5515 3792 5570 Ne.

2194 5621 2298 5674 que
2321 5606 2465 5660 enim
2497 5607 2684 5661 beatus
2709 5607 2813 5659 erit
2837 5605 2928 5658 ille
2956 5607 3046 5672 qui
3077 5607 3143 5660 iis
3169 5607 3511 5662 coronabitur
3535 5647 3550 5672 ,
3582 5622 3710 5676 qua!
3739 5613 3791 5663 in

2196 5698 2447 5767 pnesenti
2472 5698 2574 5750 vita
2604 5696 2994 5758 dissolvuntur,
3017 5706 3071 5750 et
3101 5697 3286 5750 umbra
3307 5697 3537 5752 celerius
3561 5707 3794 5766 pramer-

2195 5800 2437 5844 currunt.
2470 5787 2603 5846 Cum
2646 5789 2868 5845 dixisset
2895 5791 3320 5857 autem,Merces
3374 5799 3539 5840 uestra
3595 5786 3792 5849 multa.
