4050 6364
219 304 317 358 ω

215 423 366 477 aliam
396 418 675 488 subjunxit
715 416 1134 472 consolationem
1182 415 1264 470 his
1297 415 1470 469 verbis
1497 433 1509 468 :
1541 414 1632 469 Sic
1662 416 1794 469 enim

217 511 502 582 persequuti
520 519 641 564 sunt
661 518 706 563 et
728 508 1000 580 prophetas
1019 550 1032 569 ,
1056 508 1140 576 qui
1167 511 1370 577 fuerunt
1395 518 1512 560 ante
1537 524 1639 560 ros.
1663 507 1791 574 Quia

212 605 352 657 enim
373 611 656 655 venturum
680 609 796 655 erat
816 615 1055 669 regnum,
1081 607 1133 653 ct
1156 598 1205 652 in
1223 612 1316 666 spe
1337 600 1624 666 repositum
1645 607 1790 651 erat;

213 695 333 748 hinc
351 693 464 746 illis
482 692 906 747 consolationem
933 689 1154 759 praebet,
1172 705 1236 743 ex
1265 689 1519 743 societate
1546 688 1792 743 nimirum

211 801 393 839 eorum
415 824 434 852 ,
459 785 694 854 quiante
716 783 861 852 ipsos
881 781 1020 837 male
1046 781 1183 851 passi
1211 780 1438 835 fuerant.
1461 779 1538 835 Ne
1567 780 1792 848 putetis,

212 877 416 946 inquit,
449 889 544 930 vos
587 875 703 928 haec
749 874 870 928 ideo
896 874 1001 944 pati
1027 914 1041 935 ,
1091 872 1214 942 quia
1242 871 1506 926 contraria
1539 870 1713 924 dicitis
1739 877 1796 924 et

209 969 322 1040 lege
367 968 650 1032 statuitis;
697 966 784 1021 vel
823 980 917 1020 vos
959 965 1108 1034 quasi
1157 978 1440 1034 pravorum
1487 962 1792 1032 dogmatum

211 1061 495 1130 magistros
523 1058 719 1113 abillis
751 1055 1023 1127 pellendos
1048 1070 1188 1111 esse.
1220 1055 1334 1109 Non
1365 1055 1506 1109 enim
1535 1068 1598 1108 ex
1627 1053 1792 1107 dicto-

207 1168 325 1207 rum
348 1151 583 1222 nequitia
600 1193 615 1217 ,
643 1149 736 1205 sed
764 1165 828 1203 ex
852 1148 1180 1219 malignitate
1202 1147 1525 1202 audientium
1545 1188 1560 1210 ,
1591 1145 1792 1199 insidiae

212 1254 264 1300 et
292 1244 529 1314 pericula
561 1241 869 1312 prodibunt.
901 1241 1075 1307 Quare
1111 1254 1216 1294 non
1245 1239 1396 1294 vobis
1425 1239 1563 1293 male
1593 1240 1793 1307 patien-

211 1338 348 1392 tibus
378 1335 730 1400 maledicent,
760 1333 854 1389 sed
899 1333 1003 1387 lllis
1031 1332 1168 1388 male
1194 1332 1491 1402 agentibus.
1525 1330 1618 1384 llis
1647 1330 1794 1384 testi-

208 1430 450 1486 monium
493 1427 699 1498 praibet
747 1436 914 1480 totum
961 1425 1286 1494 prmlerilum
1333 1432 1562 1492 tempus.
1610 1420 1793 1490 Neque

211 1523 350 1578 enim
382 1520 672 1590 prophetas
703 1517 772 1574 de
812 1518 1088 1588 iniquitate
1128 1515 1208 1570 vel
1239 1515 1306 1569 de
1352 1515 1511 1584 impia
1553 1514 1794 1568 doctrina

210 1612 571 1673 accusabant,
597 1626 718 1663 cum
765 1609 900 1663 alios
943 1605 1239 1676 lapidarent
1265 1647 1280 1671 ,
1315 1605 1449 1660 alios
1491 1605 1792 1674 pellerent,

211 1705 345 1758 alios
370 1701 641 1756 sexcentis
669 1700 788 1754 aliis
837 1699 1113 1753 afﬁcerent
1167 1697 1320 1752 malis
1364 1696 1561 1766 (Hebr.
1589 1696 1676 1750 ll.
1701 1696 1797 1750 '55—

210 1795 333 1866 37).
381 1793 462 1847 Ne
507 1794 686 1862 itaque
709 1790 814 1845 hoc
837 1805 932 1845 vos
955 1789 1249 1860 perturbet.
1275 1787 1406 1842 Nam
1455 1787 1642 1843 eodem
1683 1789 1795 1841 ani-

216 1904 302 1942 mo
331 1887 494 1940 etiam
522 1899 661 1938 nunc
690 1883 867 1937 omnia
901 1891 1224 1952 perpetrant.
1254 1881 1498 1936 Vidistin’
1527 1879 1796 1950 quomodo

208 1993 402 2034 eorum
421 1990 617 2031 sensus
641 1974 920 2038 excitarit,
953 1974 1069 2028 illos
1089 1987 1256 2043 prope
1278 1972 1489 2042 Moysen
1511 1982 1565 2027 et
1593 1971 1795 2025 lleliam

213 2070 586 2125 consumens?
617 2067 705 2122 Sic
731 2077 782 2121 et
806 2066 999 2121 Paulus
1029 2065 1095 2120 ad
1124 2064 1632 2118 'l'hessalonicenses
1659 2061 1795 2115 scri~

211 2163 349 2216 bons
386 2160 496 2214 ait:
539 2157 638 2212 Vos
666 2158 797 2211 enim
837 2157 1109 2209 imitatores
1141 2156 1267 2224 facti
1306 2155 1421 2208 estis
1455 2153 1797 2207 Ecclesiarum

208 2251 308 2306 Dei
337 2293 356 2317 ,
399 2265 513 2319 qua:
541 2258 654 2303 sunt
683 2249 737 2302 in
765 2246 969 2301 Judcea.
1014 2245 1214 2299 Etenim
1237 2256 1286 2300 et
1313 2261 1399 2299 vos
1441 2245 1618 2298 eadem
1663 2245 1796 2312 passi

209 2343 340 2396 estis
367 2359 395 2393 a
421 2341 641 2411 propriis
665 2336 1024 2392 contribulibus
1041 2378 1058 2404 ,
1088 2337 1213 2390 sicut
1236 2342 1281 2388 el
1306 2335 1381 2388 illi
1406 2352 1439 2388 a
1465 2333 1682 2399 Iudicis,
1710 2335 1797 2404 qui

206 2434 510 2488 occiderunt
548 2431 819 2485 Dominum
862 2427 1038 2482 Iesum
1065 2437 1109 2482 et
1135 2427 1371 2496 proprios
1410 2425 1678 2494 praphetas
1704 2464 1718 2488 ,
1750 2433 1798 2478 et

210 2543 309 2579 nos
373 2526 651 2594 persequuti
678 2531 829 2586 sunt,
862 2529 908 2573 et
941 2519 1044 2573 Deo
1073 2536 1174 2572 non
1216 2519 1441 2588 placeat,
1476 2527 1522 2571 et
1567 2517 1797 2572 omnibus

207 2615 506 2669 hominibus
548 2614 876 2666 adversantur
917 2610 938 2681 (
960 2611 1009 2663 l.
1060 2609 1234 2662 Thess.
1279 2608 1334 2662 2.
1368 2609 1454 2662 M.
1491 2609 1615 2676 l5).
1647 2608 1796 2675 Quod

207 2708 306 2761 hic
336 2720 543 2774 qualue
563 2703 805 2756 Christus
835 2701 1080 2754 instituit.
1125 2699 1189 2752 Et
1214 2698 1264 2751 in
1293 2699 1410 2752 aliis
1435 2697 1648 2766 quidem
1675 2698 1798 2753 bea-

207 2798 535 2854 titudinibus
555 2796 787 2861 dicebat,
809 2792 951 2847 Beati
978 2807 1239 2863 pauperes,
1267 2791 1392 2844 beati
1417 2791 1764 2846 misericordes
1787 2812 1803 2848 :

207 2890 310 2946 hic
335 2904 465 2944 vero
485 2903 588 2942 non
615 2885 882 2940 indefinite
906 2883 1112 2952 posuit;
1136 2880 1228 2934 scd
1258 2879 1323 2934 ad
1356 2880 1472 2933 illos
1496 2893 1798 2932 sermonem

208 2982 488 3036 convertit
515 2980 696 3033 dicens
721 2996 734 3030 :
764 2975 904 3030 Beati
928 2975 1043 3028 estis
1070 2990 1182 3026 cum
1212 2972 1348 3025 vobis
1371 2968 1804 3040 exprobravcrint,

207 3082 262 3128 et
289 3071 576 3144 persequuti
595 3085 680 3122 vos
700 3067 908 3138 fuerint,
933 3075 980 3118 et
1002 3064 1217 3116 dixerint
1237 3077 1380 3115 omne
1397 3061 1584 3114 malum
1599 3061 1800 3113 verbum

205 3172 405 3218 contra
427 3176 548 3214 eos:
576 3156 863 3213 ostendens
881 3154 987 3207 hoc
1015 3153 1065 3207 in
1088 3153 1193 3206 illis
1215 3166 1333 3206 esse
1359 3149 1679 3220 prmcipuum
1701 3191 1716 3216 ,
1747 3156 1802 3202 et.

211 3254 533 3312 doctoribus
554 3265 663 3320 pra:
687 3249 807 3303 aliis
826 3245 1073 3301 omnibus
1095 3243 1144 3298 id
1167 3257 1284 3298 esse
1310 3241 1607 3311 proprium.
1630 3239 1801 3295 Simul

211 3348 395 3402 etiam
419 3341 506 3397 hic
532 3337 847 3410 dignitatem
873 3351 1025 3390 suam
1041 3331 1689 3399 subindicat,eta3qnalem
1702 3329 1803 3383 sibi

213 3453 360 3493 cum
381 3435 531 3490 Patre
547 3432 823 3486 honorem.
845 3423 1301 3495 Quemadmodum
1325 3422 1470 3476 enim
1493 3420 1565 3475 illi
1589 3429 1804 3489 propter

213 3530 446 3585 Patrem
465 3567 480 3590 ,
505 3523 705 3593 inquit,
731 3520 800 3574 ita
824 3528 878 3573 et
898 3531 992 3570 vos
1012 3523 1229 3585 propter
1255 3528 1340 3567 me
1365 3512 1479 3568 hinc
1507 3509 1801 3581 patiemini.

213 3624 370 3678 Cum
390 3627 560 3673 autem
588 3615 749 3679 dicit,
779 3609 1058 3680 PrOphetas
1082 3607 1166 3676 qui
1196 3609 1399 3678 fuerunt
1424 3611 1540 3657 ante
1564 3619 1649 3657 vos
1669 3641 1685 3666 ,
1713 3600 1807 3656 de-

213 3717 404 3769 clarat
434 3709 574 3777 ipsos
597 3707 704 3775 jam
737 3701 1025 3773 prophetas
1051 3697 1218 3751 fuisse
1249 3695 1435 3750 factos.
1466 3693 1600 3748 Hinc
1627 3700 1807 3746 osten-

215 3810 370 3862 deus
393 3802 516 3858 illud
544 3798 774 3854 maxime
800 3796 929 3865 ipsis
955 3793 1084 3848 utile
1112 3806 1251 3856 esse,
1282 3799 1335 3844 et
1363 3788 1699 3860 splendorem
1725 3785 1805 3840 af-

211 3904 374 3954 ferre
393 3938 408 3962 ,
436 3909 541 3948 non
565 3890 732 3951 dixit,
766 3885 1079 3942 Maledicent
1103 3882 1254 3936 vobis
1278 3889 1330 3935 et
1356 3894 1450 3934 vos
1479 3892 1806 3948 persequen-

213 4003 313 4046 tur
341 4030 362 4054 ,
389 3985 478 4041 sed
521 3999 621 4053 ego
667 3980 796 4035 illud
827 3977 1146 4048 impediam;
1180 3988 1284 4027 non
1314 3972 1457 4026 enim
1497 3968 1639 4040 quod
1668 3968 1807 4023 male

214 4097 338 4136 non
364 4076 608 4136 audiant,
633 4070 728 4127 sed
753 4068 894 4140 quod
923 4067 1062 4122 male
1086 4063 1350 4118 audiendo
1376 4061 1584 4115 fortiter
1605 4059 1806 4122 ferant,

210 4181 273 4226 et
308 4184 408 4238 per
435 4180 596 4235 Opera
627 4165 772 4233 ipsos
796 4167 1048 4229 arguant,
1079 4155 1195 4209 vult
1218 4169 1312 4209 eos
1346 4154 1396 4207 in
1429 4160 1540 4205 tuto
1563 4147 1766 4205 versari
1794 4166 1806 4200 :

212 4266 336 4320 hoc
363 4260 555 4331 quippe
583 4256 674 4310 illo
702 4256 858 4322 longe
879 4251 1049 4321 majus
1071 4257 1153 4303 est
1177 4265 1190 4302 :
1219 4243 1665 4317 quemadmodum
1693 4255 1812 4310 per-

212 4353 367 4416 cuti,
389 4360 440 4404 et
462 4347 589 4402 nihil
613 4357 925 4414 percussum
954 4339 1097 4410 pati,
1123 4337 1288 4392 multo
1311 4335 1480 4404 majus
1501 4343 1582 4387 est
1606 4373 1621 4397 ,
1652 4345 1810 4400 quam

213 4464 341 4504 non
375 4441 595 4513 percuti.
630 4438 728 4493 Hic
758 4435 916 4507 igitur
943 4433 1073 4488 dicit
1097 4449 1110 4497 ;
1144 4429 1337 4484 Merces
1363 4437 1527 4481 vestra
1554 4425 1714 4478 multa
1739 4433 1812 4476 est

212 4543 276 4594 iis
308 4535 484 4597 culis;
513 4533 686 4588 Lucas
708 4543 835 4583 vero
862 4527 1034 4596 ipsum
1064 4534 1118 4578 et
1145 4521 1406 4576 intensius
1425 4561 1440 4585 ,
1470 4527 1524 4573 et
1548 4531 1669 4572 cum
1692 4530 1810 4569 ma-

211 4628 336 4703 jori
359 4619 743 4680 consolationis
775 4616 988 4672 cumulo
1030 4614 1132 4667 hoc
1170 4612 1368 4666 dixisse
1411 4616 1610 4663 narrat.
1633 4605 1814 4674 Neque

219 4695 382 4775 enim
407 4722 608 4768 tantum
630 4725 724 4764 eos
745 4708 833 4777 qui
859 4714 1072 4775 propter
1100 4704 1264 4757 Deum
1289 4701 1428 4754 male
1449 4697 1668 4752 audiunt
1693 4695 1818 4750 bea-

220 4826 322 4867 tos
355 4804 604 4877 praedicat
623 4843 639 4868 ,
666 4798 760 4856 sed
783 4797 940 4853 etiam
965 4810 1059 4851 eos
1078 4794 1164 4864 qui
1194 4792 1262 4846 ab
1289 4790 1537 4844 omnibus
1566 4788 1699 4842 bene
1724 4800 1818 4839 au-

221 4875 434 4963 diunt,
466 4894 693 4949 miseros
743 4889 911 4946 dicit:
943 4901 1065 4940 nam
1114 4885 1222 4947 ait,
1264 4881 1352 4936 Vw
1393 4880 1528 4933 vobis
1558 4893 1670 4931 cum
1698 4875 1820 4929 bene

221 4992 382 5049 nobis
402 4986 618 5042 dixerint
638 4997 808 5036 omnes
825 4979 1049 5032 homines
1077 4975 1239 5050 (Luc.
1263 4974 1316 5028 6.
1341 4973 1411 5026 26
1432 4974 1468 5041 ).
1499 4969 1658 5039 Atqui
1685 4981 1816 5038 apo-

222 5082 399 5141 stolis
422 5074 844 5136 benedicebant;
874 5069 969 5124 sed
997 5083 1102 5123 non
1131 5079 1336 5120 omnes.
1367 5063 1488 5116 Ideo
1516 5076 1621 5114 non
1649 5059 1819 5124 dixit,

226 5177 387 5232 Cum
412 5170 548 5225 bene
571 5166 719 5221 vobis
745 5161 984 5217 dixerint
1007 5159 1254 5214 homines
1279 5172 1293 5222 ;
1324 5154 1439 5222 sed,
1473 5153 1597 5207 Cum
1626 5165 1817 5204 omnes.

223 5268 432 5334 Neque
468 5259 608 5317 enim
655 5255 771 5310 fieri
816 5261 992 5324 potest
1029 5260 1088 5306 ut
1116 5251 1149 5304 ii
1181 5249 1268 5319 qui
1313 5247 1559 5300 virtutem
1605 5243 1820 5307 colunt,

224 5355 388 5430 apud
414 5367 600 5408 omnes
636 5351 772 5405 bene
797 5345 1030 5401 audiant.
1065 5342 1399 5410 Rursumque
1428 5340 1502 5393 ait
1528 5356 1541 5391 :
1573 5336 1699 5390 Cum
1724 5335 1825 5404 eje-

227 5429 407 5506 cerint
434 5458 610 5496 nomen
641 5449 855 5494 vestrum
885 5446 1138 5505 tamquam
1174 5430 1365 5486 malum
1385 5472 1399 5495 ,
1423 5429 1634 5499 gaudete
1659 5436 1705 5479 et
1733 5441 1823 5478 ea;-

225 5540 430 5598 sultate
445 5535 464 5600 (
482 5534 504 5586 1
512 5534 613 5587 bid.
633 5548 678 5585 ν.
696 5529 786 5585 29..
810 5529 882 5582 ‘25
900 5530 942 5598 ).
966 5526 1146 5596 Neque
1163 5524 1304 5579 enim
1328 5531 1531 5575 tantum
1552 5516 1822 5587 periculis,

226 5646 366 5704 qua:
393 5601 672 5688 subibant,
701 5622 792 5676 sed
821 5621 983 5674 etiam
1013 5615 1310 5672 maledictis
1328 5656 1344 5681 ,
1372 5624 1616 5681 magnam
1645 5608 1828 5661 statuit

227 5702 571 5778 mercedem.
595 5715 724 5773 ideo
747 5729 851 5768 non
874 5711 1042 5779 dixit,
1069 5708 1201 5766 Cum
1229 5722 1323 5764 vos
1344 5702 1642 5776 expulerint
1661 5709 1715 5756 et
1738 5713 1828 5754 oc-

1341 300 1407 354 1N
1449 296 1854 357 ΜΑΤτΗίΕὒΜ
1891 301 2126 358 HOHIL.
2169 303 2282 359 XV.

3366 315 3472 368 230

1900 417 2164 482 ciderint;
2195 420 2288 474 sed
2312 463 2324 483 ,
2373 420 2497 476 Cum
2537 423 2949 492 exprobraverint
2968 466 2983 490 ,
3010 435 3058 479 et
3085 425 3299 481 dixerint
3327 444 3470 482 omne

1901 506 2107 561 malum.
2140 508 2269 563 Nam
2298 510 2577 566 maledicta
2605 514 2850 569 acerbius
2878 514 3125 570 mordent
3147 555 3164 582 ,
3196 532 3352 585 quam
3383 533 3470 572 res

1901 598 2047 666 ipsae.
2079 598 2134 653 In
2167 601 2412 668 periculis
2441 602 2582 657 enim
2615 603 2777 658 multa
2809 614 2933 659 sunt
2969 621 3086 673 quae
3119 606 3352 661 laborem
3397 608 3473 660 la-

1899 692 2042 745 ciant
2067 692 2318 748 leviorem
2343 712 2358 758 ;
2387 695 2532 750 verbi
2559 709 2717 750 causa
2741 735 2756 760 ,
2806 711 2925 751 cum
2955 697 3022 750 ab
3051 699 3298 752 omnibus
3327 700 3471 753 exci-

1901 794 2075 838 tamur
2093 823 2112 847 ,
2143 793 2198 839 et
2224 786 2419 842 multos
2449 787 2707 843 habemus
2733 788 3046 858 plaudentes
3071 833 3083 851 .
3112 801 3428 845 coronantes
3453 832 3468 854 ,

1901 873 2272 942 praedicantes.
2308 876 2404 930 Hic
2445 892 2574 931 vero
2603 878 2653 932 in
2700 879 2996 934 maledictis
3026 879 3140 933 haec
3181 883 3474 935 consolatio

1900 975 2195 1020 amovetur.
2217 966 2329 1021 Non
2349 969 2489 1022 enim
2508 985 2695 1038 magna
2715 985 2834 1025 esse
2852 972 3018 1025 virtus
3041 981 3268 1040 putatur,
3288 973 3476 1027 etiam-

1898 1055 1943 1108 si
1970 1055 2136 1126 magis
2166 1055 2278 1112 lnec
2307 1074 2463 1127 quam
2497 1061 2728 1128 pericula
2759 1073 3053 1117 certantem
3081 1076 3471 1120 commoveant.

1898 1145 2043 1201 Multi
2073 1163 2298 1218 namque
2327 1149 2394 1203 ad
2435 1150 2680 1220 laquequ
2725 1163 3075 1210 accurrerunt
3096 1197 3110 1222 ,
3143 1156 3336 1210 malam
3370 1174 3472 1210 non

1898 1237 2131 1295 ferentes
2162 1239 2378 1296 famam.
2413 1242 2480 1296 Et
2508 1243 2634 1312 quid
2662 1243 2762 1298 hoc
2790 1245 2842 1298 in
2875 1246 2993 1300 aliis
3022 1247 3262 1301 mireris?
3290 1247 3475 1302 Prodi-

1900 1338 2068 1384 torem
2096 1331 2243 1385 illum
2272 1331 2630 1402 impudentem
2648 1343 2702 1389 et
2717 1335 3126 1403 exsecrandum,
3157 1337 3244 1406 qui
3267 1336 3335 1391 de
3356 1337 3474 1392 nul-

1901 1421 1948 1473 la
1972 1435 2028 1474 re
2057 1422 2440 1485 erubescebat,
2475 1423 2574 1478 hoc
2602 1426 2832 1479 maxime
2860 1426 2924 1480 ad
2958 1427 3202 1496 laqueum
3232 1428 3307 1481 ire
3330 1443 3474 1481 com-

1901 1513 2048 1581 pulit.
2074 1513 2175 1568 Job
2196 1531 2406 1585 quoque
2430 1517 2542 1584 ipse
2562 1517 2782 1573 adamas
2800 1560 2814 1584 ,
2837 1525 2891 1574 et
2921 1531 3067 1588 petra
3093 1520 3294 1575 firmior
3312 1561 3326 1585 ,
3352 1535 3474 1577 cum

1899 1619 2029 1674 opes
2053 1607 2230 1660 amisit
2256 1616 2310 1661 et
2339 1607 2667 1663 intoleranda
2699 1624 2885 1678 passus
2909 1619 3022 1675 est,
3047 1611 3169 1665 filiis
3191 1612 3355 1666 orbus
3383 1627 3478 1668 re-

1900 1705 2057 1765 pente
2080 1699 2248 1754 lactus
2263 1741 2276 1763 ,
2301 1714 2421 1755 cum
2444 1700 2651 1756 videret
2669 1717 2861 1771 corpus
2883 1718 3036 1757 suum
3065 1705 3336 1759 vermibus
3357 1720 3475 1760 sca-

1903 1799 2042 1854 tere,
2071 1789 2464 1860 instantemque
2485 1807 2704 1846 uxorem
2721 1833 2736 1857 ,
2759 1794 2938 1846 omnia
2965 1793 3119 1848 facile
3151 1809 3337 1863 passus
3357 1804 3472 1859 est;

1901 1894 2021 1933 cum
2059 1890 2237 1935 autem
2268 1881 2398 1935 vidit
2441 1883 2641 1936 amicos
2671 1882 2770 1936 sibi
2813 1882 3198 1952 exprobrantes
3229 1884 3478 1937 insultan-

1903 1980 2086 2039 tesque
2107 2011 2122 2036 ,
2154 1984 2480 2042 pravamque
2506 1972 2571 2026 de
2598 1987 2657 2027 se
2701 1973 3149 2029 existimationem
3178 1973 3434 2029 habentes
3457 2017 3474 2041 ,

1899 2059 2243 2131 dicentesque
2274 2062 2445 2131 ipsum
2471 2072 2689 2133 propter
2718 2073 2933 2132 peccata
2963 2080 3054 2119 sua
3085 2064 3200 2120 haec
3230 2066 3430 2135 perpeti
3458 2107 3473 2128 ,

1901 2160 1954 2204 et
1985 2153 2232 2222 nequitia:
2277 2169 2388 2208 sua:
2435 2169 2620 2224 poenas
2647 2154 2774 2210 dare
2799 2197 2814 2222 ,
2845 2164 2971 2210 tunc
3013 2156 3254 2212 turbatus
3283 2167 3364 2211 est
3398 2157 3478 2210 vir

1902 2241 1990 2295 ille
2021 2242 2168 2298 fortis
2197 2253 2251 2298 et
2278 2259 2498 2314 magnus
2525 2246 2564 2298 ¹.

1972 2339 2026 2392 ti.
2058 2335 2220 2392 David
2247 2351 2458 2408 quoque
2481 2337 2695 2393 mittens
2723 2339 2899 2393 omnia
2928 2353 3045 2408 qua“:
3071 2353 3256 2408 passus
3277 2337 3471 2403 fuerat,

1902 2440 1999 2494 pro
2039 2425 2320 2480 maledicto
2357 2427 2756 2482 retributionem
2801 2442 2832 2482 a
2880 2428 2989 2482 Deo
3026 2428 3237 2496 petebat
3268 2445 3280 2481 :
3314 2427 3439 2482 Sine
3462 2469 3478 2492 ,

1903 2518 2110 2588 inquit,
2139 2519 2282 2573 illum
2307 2520 2605 2574 maledicere
2633 2518 2820 2573 Doridi
2836 2561 2850 2584 ,
2879 2536 2998 2590 quia
3027 2519 3268 2572 Dominus
3287 2534 3480 2589 prace-

1904 2612 1976 2682 pit
2004 2610 2114 2678 illi,
2144 2620 2198 2666 ut
2225 2613 2389 2668 videat
2415 2610 2664 2665 Dominus
2686 2612 3083 2665 humiliationem
3108 2628 3268 2664 meam
3293 2652 3308 2676 ,
3339 2621 3385 2665 et
3406 2628 3482 2664 re-

1904 2702 2084 2756 tribuat
2102 2702 2227 2755 milti
2255 2702 2384 2756 bona
2409 2718 2502 2772 pro
2528 2702 2791 2755 maledicto
2821 2703 2874 2754 in
2898 2703 2980 2755 die
3004 2701 3098 2755 hac
3125 2702 3201 2772 (2.
3233 2703 3364 2772 Reg.
3393 2703 3481 2756 16.

1905 2795 1992 2850 ll.
2024 2794 2150 2864 12).
2194 2793 2260 2848 Et
2295 2793 2491 2848 Paulus
2534 2807 2638 2847 non
2684 2793 3044 2863 periclitantes
3087 2792 3275 2858 modo,
3313 2808 3483 2862 neque

1903 2886 2058 2941 bonis
2086 2885 2373 2955 spoliatos,
2402 2883 2496 2938 sed
2525 2885 2683 2937 etiam
2714 2883 2991 2938 maledicta
3021 2883 3249 2938 ferentes
3275 2898 3382 2954 prae
3398 2883 3486 2936 di~

1905 2984 1991 3029 cat
2032 2975 2115 3029 his
2141 2975 2316 3030 verbis
2346 2992 2359 3027 :
2391 2974 2747 3029 Recordamini
2773 2975 2966 3029 dierum
2997 2975 3220 3036 priorum
3245 3016 3258 3038 ,
3289 2975 3342 3028 in
3369 2975 3484 3043 qui-

1906 3065 1995 3118 bus
2018 3065 2289 3118 illuminati
2311 3081 2546 3135 magnum
2568 3075 2816 3119 certamen
2833 3065 3138 3118 sustinuistis
3159 3065 3447 3134 passionum
3473 3081 3485 3119 :

1906 3166 1951 3211 ct
1983 3157 2036 3211 in
2068 3157 2225 3211 altero
2251 3159 2450 3228 quidem
2476 3158 2756 3228 opprobriis
2782 3168 2828 3210 et
2857 3157 3258 3211 tribulationibus
3285 3167 3470 3226 specta-

1905 3250 2074 3303 culum
2108 3250 2261 3320 facti,
2290 3251 2342 3303 in
2380 3249 2539 3303 altero
2567 3260 2732 3302 autem
2763 3250 2886 3303 socii
2909 3251 3074 3303 taliter
3093 3252 3488 3304 conversantium

1907 3339 2068 3406 effecti
2109 3339 2294 3411 (Hebr.
2329 3339 2416 3395 10.
2447 3339 2534 3394 52.
2563 3340 2633 3398 55
2655 3342 2695 3408 ).
2725 3339 3008 3409 Propterea
3039 3341 3336 3394 mercedem
3367 3356 3483 3394 ma-

1907 3446 2062 3497 gnam
2095 3430 2269 3500 posuit
2291 3429 2552 3485 Christus.
2583 3429 2784 3484 Deinde
2811 3445 2880 3485 ne
2904 3431 3021 3499 quis
3048 3431 3184 3484 dicat
3206 3449 3218 3483 :
3240 3412 3334 3484 llic
3357 3445 3487 3499 ergo

1910 3538 2014 3576 non
2047 3522 2281 3576 vindicas
2301 3563 2316 3589 ,
2346 3537 2518 3592 neque
2545 3536 2729 3576 eorum
2753 3535 2844 3576 ora
2866 3521 3100 3587 eonsuis,
3132 3521 3226 3576 sed
3249 3521 3317 3575 ibi
3343 3536 3487 3575 mer-

1909 3615 2092 3668 cedem
2135 3613 2274 3668 das?
2314 3613 2602 3682 pr0phetas
2631 3613 2971 3676 memoravit,
3003 3613 3291 3667 ostendens
3317 3627 3490 3682 neque

1912 3711 2036 3758 tunc
2069 3702 2212 3772 ipsos
2243 3703 2406 3757 Deum
2439 3703 2607 3756 ultum
2634 3717 2772 3758 esse.
2799 3703 2854 3758 Si
2885 3717 3011 3757 vero
3038 3712 3162 3756 tunc
3184 3718 3302 3757 cum
3325 3717 3494 3772 prope

1912 3803 2064 3849 erant
2109 3792 2514 3858 retributiones,
2565 3807 2661 3862 spe
2710 3791 3010 3847 futurorum
3057 3792 3270 3847 fovebat
3319 3792 3487 3847 illos:

1913 3886 2080 3939 multo
2119 3884 2287 3954 magis
2330 3899 2504 3949 nunc,
2555 3883 2767 3954 quando
2808 3897 2929 3954 spes
2974 3883 3059 3936 illa
3085 3883 3279 3937 clarior
3303 3882 3489 3936 effecta

1914 3986 2014 4040 est,
2048 3987 2098 4031 et
2121 3976 2452 4046 philosophia
2480 3975 2670 4046 major.
2698 3975 2830 4030 Vide
2855 3985 3031 4030 autem
3057 3984 3176 4044 post
3195 3983 3322 4044 quot
3344 3989 3491 4026 man-

1914 4069 2035 4122 data
2069 4068 2168 4122 hoc
2203 4075 2418 4122 Statuat.
2446 4066 2562 4121 Non
2598 4067 2740 4121 enim
2769 4081 2892 4121 casu
2923 4066 3168 4136 qu0piam
3199 4066 3300 4118 hoc
3329 4063 3487 4127 fecit;

1915 4160 2008 4216 sed
2054 4171 2112 4215 ut
2154 4160 2429 4224 ostendat,
2472 4174 2578 4213 non
2625 4174 2781 4230 posse
2820 4173 2977 4224 eum,
3015 4157 3104 4228 qui
3139 4173 3242 4210 non
3283 4155 3349 4209 ad
3378 4155 3491 4210 lucc

1916 4255 2096 4309 omnia
2141 4261 2355 4324 paratus
2396 4261 2452 4306 et
2499 4253 2784 4306 instructus
2823 4251 2925 4316 sit,
2969 4251 3019 4305 in
3064 4251 3178 4304 haec
3202 4250 3493 4304 certamina

1918 4346 2149 4416 prodire.
2188 4345 2311 4399 ldeo
2352 4359 2383 4398 a
2421 4344 2584 4413 priori
2610 4358 2818 4410 semper
2842 4341 2907 4396 ad
2934 4356 3162 4410 sequens
3188 4342 3491 4394 mandatum

1919 4440 2057 4491 viam
2099 4449 2326 4506 parans,
2378 4444 2617 4490 catenam
2662 4434 2817 4488 nobis
2863 4447 3078 4487 auream
3127 4433 3314 4487 texuit.
3359 4432 3493 4485 Cum

1919 4528 2061 4582 enim
2110 4527 2230 4595 quis
2274 4525 2489 4580 humilis
2528 4525 2718 4590 fuerit,
2749 4525 2907 4579 etiam
2934 4538 3029 4579 sua
3055 4524 3274 4577 omnino
3299 4523 3497 4592 lugebit

1921 4629 2135 4692 peccata
2164 4637 2179 4685 ;
2223 4619 2311 4688 qui
2357 4617 2590 4687 lugebit,
2623 4617 2764 4671 mitis
2789 4617 2891 4670 erit
2910 4657 2924 4681 ,
2955 4615 3226 4670 modestus
3256 4624 3310 4669 et
3338 4615 3497 4669 mise-

1921 4714 2124 4776 ricors;
2166 4710 2470 4764 misericors
2509 4723 2665 4772 vero,
2698 4707 2872 4777 justus
2901 4709 3035 4774 erit,
3068 4714 3416 4776 cempunctus
3445 4715 3500 4760 et

1923 4805 2151 4859 mundus
2171 4802 2331 4858 corde
2366 4820 2378 4855 :
2409 4802 2497 4872 qui
2525 4801 2644 4856 talis
2669 4803 2769 4856 erit
2788 4841 2804 4866 ,
2835 4801 2992 4856 etiam
3022 4801 3271 4870 pacificus
3294 4800 3500 4853 futurus

1925 4906 2025 4951 e~t.
2073 4895 2170 4962 Qui
2212 4907 2372 4963 porro
2402 4892 2516 4946 haec
2541 4891 2717 4946 omnia
2746 4899 3058 4960 assequutus
3088 4890 3278 4956 fuerit,
3306 4890 3372 4944 ad
3403 4906 3498 4959 pe.

1927 4987 2088 5042 ricula
2132 4985 2293 5041 etiam
2324 4992 2536 5054 paratus
2583 4984 2719 5052 erit,
2748 4998 2919 5053 neque
2959 4982 3097 5037 male
3126 4982 3344 5037 audiens
3381 4991 3488 5034 tur-

1929 5081 2174 5146 habitur,
2224 5092 2395 5147 neque
2445 5076 2490 5132 si
2536 5076 2815 5131 innumera
2865 5077 3092 5146 patiatur
3145 5075 3300 5128 mala.
3346 5074 3498 5127 Poste

1927 5190 2085 5245 quam
2112 5187 2240 5242 ergo
2263 5186 2358 5226 eos
2382 5169 2446 5223 ad
2473 5185 2534 5223 ea
2561 5184 2677 5238 quae
2701 5176 3056 5222 consentanea
3088 5175 3240 5221 erant
3264 5165 3504 5219 hortatus

1929 5277 2009 5322 est
2028 5310 2042 5334 ,
2095 5280 2277 5319 rursus
2301 5280 2395 5318 eos
2423 5261 2664 5317 laudibus
2691 5262 2907 5315 solatur.
2936 5260 3068 5327 Quia
3093 5261 3234 5313 enim
3260 5259 3502 5312 sublimia

1933 5368 2197 5430 praecepta
2241 5365 2428 5419 erant,
2474 5354 2744 5422 multoque
2793 5353 2993 5421 majora
3046 5367 3203 5420 quam
3264 5351 3313 5403 in
3340 5351 3502 5402 veteri

1932 5454 2085 5523 lege,
2127 5466 2194 5505 ne
2237 5450 2575 5503 turbarentur
2619 5462 2680 5502 ac
2723 5446 3081 5515 trepidarent,
3115 5445 3503 5513 dicerentque:

1934 5543 2209 5613 Quomodo
2253 5542 2365 5595 hzne
2411 5539 2631 5608 implere
2671 5537 2996 5608 poterimus?
3030 5535 3149 5588 audi
3175 5534 3300 5604 quid
3328 5535 3506 5589 dicat:

2003 5704 2019 5734 ί
2055 5696 2270 5750 Nonnulli
2290 5698 2492 5758 habent,
2525 5692 2694 5746 4tltleta
2717 5691 2797 5744 ille
2825 5691 2963 5755 fortis
2980 5695 3024 5741 et
3042 5701 3259 5753 magnus.
