4050 6364
520 322 620 379 951

519 441 610 495 15.
653 435 752 491 Vos
805 435 926 490 estis
949 433 1029 489 sat
1057 441 1207 488 terra!
1226 472 1242 499 ,
1274 430 1562 488 ostendens
1583 445 1642 486 se
1665 427 1968 485 necessario
1995 426 2116 482 haec

515 535 785 602 praecepta
799 527 948 584 dare.
969 525 1086 582 Non
1106 525 1248 582 enim
1269 539 1367 596 pro
1393 532 1566 580 vestra
1595 523 1722 589 vita,
1753 520 1849 578 sed
1879 535 1974 592 pro
2000 528 2112 575 toto

521 623 671 690 orbe,
691 622 885 692 inquit,
903 620 1126 677 verbum
1138 617 1290 674 vobis
1315 617 1682 674 committitur.
1703 615 1886 686 Neque
1903 614 1958 668 in
1977 612 2111 668 duas

523 714 689 770 urbes
708 728 804 770 vos
829 712 1002 779 mitto,
1019 711 1105 767 vel
1129 711 1316 767 decem
1342 710 1428 766 vel
1442 708 1625 780 viginti
1648 722 1665 774 ;
1689 720 1861 778 neque
1885 705 1938 762 in
1953 719 2110 759 unam

520 815 630 861 vos
654 806 808 862 mitto
825 813 1060 875 gentem,
1085 805 1222 861 sicut
1241 803 1524 874 prophetas
1535 801 1686 867 olim,
1710 799 1804 856 sed
1821 800 1872 855 in
1891 807 2108 866 terram,

517 896 577 953 in
619 911 766 953 mare
792 907 847 953 et
876 898 928 951 in
950 897 1256 953 universum
1283 897 1466 952 orbem
1491 935 1507 963 ,
1533 902 1589 950 et
1611 893 1752 949 hunc
1783 892 2010 963 pessime
2034 890 2114 945 af-

518 987 742 1046 fectum.
759 989 890 1045 Cum
905 989 1040 1045 dixit
1053 989 1216 1058 enim,
1228 987 1329 1044 Vos
1339 990 1454 1044 estis
1472 987 1554 1044 sal
1569 985 1968 1055 terrc,ostendit
1989 985 2112 1040 uni-

523 1093 730 1137 versam
749 1081 1022 1137 hominum
1045 1088 1285 1136 naturam
1302 1079 1690 1146 infatuatam,et
1703 1091 1732 1132 a
1750 1077 1982 1148 peccatis
2003 1090 2117 1131 cor-

522 1181 734 1244 ruptam
762 1187 904 1228 esse.
930 1171 1056 1228 Ideo
1069 1171 1235 1226 basin
1254 1171 1357 1227 illis
1373 1171 1604 1226 maxime
1626 1170 1850 1225 virtutes
1871 1167 2112 1239 requirit,

520 1280 644 1336 quae
665 1273 792 1320 sunt
815 1264 882 1320 ad
912 1265 1199 1320 multorum
1219 1254 1624 1320 sollicitudinem
1639 1261 1924 1333 gerendam
1948 1260 2118 1331 magis

528 1355 843 1412 necessariae
879 1364 934 1411 et
976 1355 1150 1411 utiles.
1174 1354 1384 1409 Etenim
1405 1354 1492 1424 qui
1526 1353 1670 1407 mitis
1694 1361 1796 1414 est,
1818 1350 2118 1417 modestus,

527 1445 832 1502 misericors
878 1454 935 1501 et
973 1446 1168 1516 justus,
1198 1461 1303 1500 non
1347 1445 1401 1500 in
1439 1459 1499 1500 se
1542 1452 1747 1498 tantum
1777 1443 1915 1498 bona
1955 1457 2118 1513 opera

527 1537 826 1605 concludit,
859 1536 954 1593 sed
980 1538 1139 1594 etiam
1163 1535 1214 1591 id
1236 1545 1389 1592 curat
1411 1545 1470 1591 ut
1509 1535 1709 1606 egregii
1750 1534 1827 1590 illi
1854 1532 2028 1590 fontes
2053 1531 2120 1587 ad

528 1628 758 1685 aliorum
799 1638 1020 1686 manent
1059 1628 1362 1684 utilitatem.
1404 1628 1637 1684 Rursum
1665 1627 1755 1699 qui
1781 1624 2010 1682 mundus
2037 1633 2122 1681 est

529 1720 728 1788 corde,
770 1721 1023 1792 pacificus
1059 1729 1115 1776 et
1157 1735 1255 1792 pro
1280 1721 1506 1776 veritate
1531 1721 1749 1792 pulsus,
1775 1719 1940 1775 vitam
1969 1733 2122 1774 suam

531 1811 600 1867 ad
637 1826 978 1869 communem
1005 1812 1286 1868 utilitatem
1311 1811 1510 1883 dirigit.
1542 1811 1621 1867 Ne
1647 1811 1841 1883 putetis
1859 1853 1876 1879 ,
1908 1811 2076 1882 inquit
2101 1851 2119 1878 ,

529 1917 628 1959 vos
665 1903 734 1959 ad
776 1904 910 1960 levia
937 1904 1182 1974 quaedam
1210 1905 1502 1960 certamina
1529 1903 1709 1971 trahi,
1737 1918 1911 1974 neque
1934 1891 2002 1959 de
2029 1918 2119 1959 re-

529 1996 631 2052 bus
674 1995 881 2068 exiguis
912 1997 1050 2068 apud
1086 2012 1180 2052 vos
1219 1996 1304 2068 agi
1344 2015 1358 2053 :
1392 1995 1494 2052 Vos
1536 1997 1651 2051 estis
1679 1996 1757 2051 sal
1795 2005 1956 2050 teme.
1985 1994 2122 2064 Quid

532 2088 737 2158 igitur?
781 2103 910 2144 num
949 2088 1026 2144 illi
1072 2088 1283 2159 putrida
1307 2090 1722 2144 restaurarunt?
1751 2085 2118 2158 Nequaquam.

534 2179 652 2234 Non
701 2189 929 2251 possunt
968 2181 1110 2236 enim
1152 2180 1263 2250 jam
1294 2179 1588 2251 putrefacta
1615 2181 1742 2236 salis
1767 2180 2123 2251 permixtione

527 2269 737 2340 juvare.
764 2271 882 2327 Non
912 2271 1014 2329 hoc
1042 2282 1190 2329 certe
1219 2271 1458 2328 fecerunt
1489 2290 1502 2328 :
1531 2271 1626 2328 sed
1655 2282 1908 2328 renovata
1931 2273 2078 2342 prius
2103 2312 2119 2338 ,

531 2372 588 2418 et
636 2362 736 2418 sibi
786 2362 1012 2430 tradita,
1062 2371 1118 2420 et
1155 2378 1186 2420 a
1229 2362 1422 2420 ftetore
1455 2363 1549 2419 illo
1572 2364 1826 2432 liberata,
1856 2373 1979 2419 tunc
2001 2379 2122 2421 eum

533 2455 646 2510 sale
687 2455 1022 2523 miscebant,
1071 2466 1232 2528 atque
1279 2457 1332 2512 in
1376 2457 1467 2513 illa
1513 2457 1750 2513 novitate
1794 2458 2122 2524 servabant,

533 2563 691 2620 quam
733 2563 764 2604 ι
806 2549 1032 2605 Domino
1070 2559 1410 2622 acceperant.
1449 2549 1583 2606 Nam
1622 2550 1839 2606 liberari
1876 2566 1904 2606 a
1933 2551 2125 2607 fmtore

535 2651 869 2710 peccatorum
892 2683 920 2710 ν
941 2641 1141 2698 Christi
1185 2642 1397 2698 virtutis
1425 2657 1562 2714 Opus
1587 2641 1686 2698 fuit
1712 2659 1727 2709 ;
1755 2652 1811 2698 at
1838 2658 1943 2699 non
1970 2644 2035 2699 ad
2062 2645 2127 2699 il-

532 2731 645 2786 lum
674 2731 918 2789 fauorem
949 2733 1184 2802 reverti,
1211 2734 1265 2790 id
1295 2735 1507 2791 illorum
1534 2733 1823 2807 diligentiae
1850 2745 1905 2791 et
1929 2736 2126 2792 laboris

534 2838 670 2893 opus
707 2833 847 2881 erat.
888 2825 1075 2880 Viden‘
1111 2826 1382 2897 quomodo
1430 2827 1682 2898 paulatim
1724 2826 1959 2883 ostendit
1983 2829 2126 2898 ipsos

535 2915 809 2986 prOphetis
831 2932 951 2974 esse
978 2917 1271 2976 meliores?
1294 2919 1410 2975 Non
1439 2919 1583 2976 enim
1608 2919 1904 2977 Palaestinae
1930 2920 2118 2976 docto-

535 3024 624 3064 res
644 3023 764 3065 esse
783 3010 894 3077 ait,
925 3010 1021 3065 sed
1050 3011 1210 3066 totius
1235 3011 1380 3067 orbis
1404 3020 1601 3079 terrae;
1629 3028 1731 3069 nec
1759 3013 1919 3070 modo
1939 3013 2124 3070 docto-

535 3114 623 3156 res
638 3141 655 3166 ,
681 3099 777 3156 sed
799 3100 956 3155 etiam
977 3099 1225 3157 doctores
1245 3101 1568 3159 tremendos.
1589 3102 1741 3173 Quod
1761 3105 1903 3160 enim
1927 3106 2120 3160 mirum

541 3198 624 3247 est
642 3233 657 3259 ,
686 3206 790 3249 non
818 3191 1098 3248 adulantes
1116 3233 1132 3260 ,
1156 3208 1330 3263 neque
1351 3194 1646 3264 palpantes,
1669 3195 1763 3251 sed
1783 3210 1972 3267 aspere
1991 3197 2128 3252 acri-

540 3292 728 3354 terque
765 3292 985 3354 agentes
1024 3285 1162 3340 sicut
1197 3285 1310 3352 sal,
1355 3285 1433 3340 sic
1470 3285 1850 3342 desiderabiles
1880 3288 2128 3344 omnibus

536 3373 772 3431 fuerunt.
817 3373 994 3432 Nolite
1029 3390 1159 3447 ergo
1184 3376 1367 3431 mirari
1391 3417 1408 3445 ,
1440 3377 1638 3448 inquit,
1666 3375 1711 3433 si
1740 3378 1866 3433 aliis
1889 3379 2087 3434 relictis
2105 3420 2123 3447 ,

535 3483 634 3522 vos
651 3469 970 3540 alloquar,et
984 3467 1049 3524 ad
1068 3477 1211 3524 tanta
1233 3483 1326 3524 vos
1351 3468 1583 3539 pericula
1606 3470 2126 3540 pertraham.Consi-

536 3558 719 3614 dcrate
738 3561 878 3615 enim
891 3570 1017 3631 quot
1042 3561 1361 3631 quantisque
1380 3561 1706 3629 civitatibus,
1735 3562 1962 3633 populis,
1991 3577 2128 3634 gen-

538 3649 678 3704 tibus
691 3663 788 3705 vos
805 3649 1080 3720 praefectos
1098 3652 1358 3706 missurus
1379 3652 1500 3706 sim.
1515 3651 1746 3724 ideoque
1767 3668 1874 3709 non
1896 3669 1989 3710 vos
2006 3664 2126 3712 tan-

539 3749 649 3794 tum
679 3739 968 3811 prudentes
989 3756 1110 3798 esse
1135 3744 1288 3811 volo,
1318 3743 1412 3800 sed
1436 3753 1492 3798 ut
1511 3745 1646 3800 alios
1671 3744 1873 3802 similes
1896 3745 2122 3804 faciatis.

540 3829 663 3886 Illos
705 3837 884 3886 autem
918 3831 1009 3903 qui
1049 3830 1351 3903 bujusmodi
1398 3842 1551 3899 sunt,
1592 3834 1880 3891 admodum
1907 3851 2126 3908 sagaces

535 3937 658 3979 esse
686 3931 930 3993 oportet,
956 3923 1009 3979 in
1037 3925 1229 3995 quibus
1255 3940 1446 3996 nempe
1474 3935 1527 3982 et
1552 3927 1778 3984 aliorum
1808 3930 1952 3998 salus
1980 3933 2126 4002 peri-

538 4013 785 4084 clitatur,
833 4023 889 4072 et
927 4023 1128 4071 tantam
1171 4017 1226 4072 in
1269 4017 1372 4072 illis
1399 4018 1574 4074 inesse
1604 4019 1889 4086 virtutem,
1923 4031 1981 4077 ut
2004 4037 2122 4079 eam

537 4105 605 4162 ad
633 4106 863 4163 aliorum
911 4107 1193 4163 utilitatem
1247 4107 1519 4178 impertire
1563 4111 1789 4182 possint.
1829 4111 1940 4168 Nisi
1980 4114 2120 4170 enim

538 4201 670 4257 tales
691 4201 914 4270 fueritis,
938 4217 1006 4258 ne
1024 4201 1174 4258 vobis
1198 4202 1411 4274 quidem
1440 4205 1571 4274 ipsis
1593 4203 1840 4261 sufficere
1857 4208 2120 4278 poteritis.

607 4294 662 4348 'I.
709 4292 788 4348 Ne
832 4297 1010 4364 itaque
1051 4309 1194 4365 aegre
1239 4294 1454 4362 feratis,
1492 4297 1645 4366 quasi
1672 4297 1897 4354 molesta
1925 4301 2034 4356 sint
2057 4318 2119 4358 ca

535 4403 656 4458 qua:
698 4387 970 4444 dicuntur.
995 4387 1129 4444 Nam
1155 4389 1246 4444 alii
1278 4389 1490 4461 quidem
1522 4388 1794 4461 infatuati,
1821 4392 2122 4451 ministerio

535 4489 717 4537 vestro
759 4480 1074 4552 resipiscere
1117 4489 1340 4554 possunt
1392 4499 1406 4537 :
1450 4497 1546 4538 vos
1584 4492 1796 4550 autem,
1833 4485 1880 4540 si
1907 4487 1958 4540 in
1990 4485 2119 4542 illud

536 4573 732 4628 malum
757 4573 1028 4640 incidatis,
1050 4573 1182 4630 alios
1205 4574 1476 4630 vobiscum
1499 4575 1554 4630 in
1575 4577 1863 4647 perniciem
1887 4577 2115 4636 trahitis.

536 4661 719 4733 itaque
765 4673 964 4734 quanto
1011 4664 1212 4735 majora
1255 4665 1406 4721 vobis
1429 4667 1834 4724 committuntur
1858 4671 2067 4741 negotia
2097 4712 2114 4740 ,

534 4763 686 4810 tanto
723 4755 925 4826 majore
978 4755 1156 4811 studio
1210 4770 1344 4826 opus
1374 4755 1605 4814 habetis.
1631 4757 1967 4830 Quapropter
1991 4761 2065 4817 ait
2097 4779 2114 4819 :

534 4848 598 4904 Si
624 4857 792 4904 autem
820 4848 900 4904 sal
921 4849 1227 4921 infatuatum
1249 4851 1400 4922 fuerit
1423 4893 1440 4920 ,
1471 4851 1524 4906 in
1543 4866 1642 4922 quo
1665 4853 1914 4907 satietur?
1936 4854 2018 4908 Ad
2036 4855 2116 4908 ni-

532 4941 694 4996 hilum
720 4940 850 4997 ualet
877 4941 1013 4995 ultra
1030 4983 1046 5009 ,
1068 4941 1166 4996 nisi
1183 4953 1238 4996 ut
1265 4944 1495 4998 mittatur
1521 4944 1662 5014 {oras
1679 4985 1695 5010 ,
1723 4955 1769 5000 et
1794 4947 2116 5002 conculcetur

529 5035 594 5089 ab
630 5034 933 5089 hominibus.
965 5032 1097 5089 Nam
1122 5034 1213 5089 alii
1239 5031 1452 5106 quidem
1479 5035 1524 5090 si
1547 5039 1852 5094 sexcenties
1877 5038 2068 5095 cedant
2093 5080 2111 5109 ,

529 5127 740 5182 veniam
783 5126 1037 5197 consequi
1077 5134 1301 5196 possunt
1331 5145 1345 5181 :
1373 5126 1560 5183 doctor
1588 5137 1764 5185 autem
1794 5130 1839 5185 si
1866 5130 1918 5185 id
1946 5131 2114 5201 patia-

530 5227 619 5275 tur
642 5260 658 5286 ,
698 5219 844 5275 omni
874 5217 1186 5275 defensione
1212 5220 1482 5292 privatur,
1513 5231 1567 5277 et
1589 5232 1833 5279 extremo
1853 5224 2113 5280 afficietur

527 5311 808 5381 supplicio.
839 5309 918 5365 Ne
942 5311 1084 5366 enim
1111 5311 1408 5378 audientes,
1435 5310 1561 5368 Cum
1589 5317 2000 5385 exprobraverint
2024 5334 2110 5373 vos

525 5412 577 5459 et
613 5403 898 5475 persequuti
928 5417 1016 5457 vos
1043 5402 1268 5474 fuerint,
1298 5413 1346 5458 et
1367 5404 1589 5459 dixerint
1610 5422 1758 5462 omne
1785 5408 1975 5461 malum
1999 5424 2111 5462 ster-

525 5493 645 5548 bum
667 5493 933 5549 adversum
951 5509 1038 5548 nos
1061 5534 1077 5559 ,
1101 5493 1155 5548 in
1183 5492 1418 5549 medium
1440 5495 1653 5565 prodire
1680 5497 1920 5566 timeant,
1944 5497 2106 5554 dicit:

524 5584 639 5641 Nisi
674 5583 742 5640 ad
781 5583 898 5640 hanc
932 5584 1104 5655 parati
1129 5581 1365 5652 fueritis,
1407 5579 1603 5641 frustra
1626 5587 1783 5642 electi
1811 5589 1960 5642 estis.
1990 5587 2107 5644 Non

526 5675 671 5730 enim
717 5673 997 5732 maledicta
1036 5684 1161 5730 sunt
1189 5675 1424 5730 timenda
1443 5717 1460 5743 ,
1487 5686 1544 5732 at
1565 5676 1912 5733 metuendum
1939 5693 2009 5734 ne
2036 5679 2108 5733 si-

529 5763 826 5819 mulatores
859 5763 1145 5821 videamini
1194 5782 1208 5820 :
1263 5773 1388 5822 tunc
1429 5767 1573 5826 enim
1609 5766 1848 5824 infatuati
1872 5767 2024 5825 eritis
2053 5777 2106 5825 et

1263 313 1321 371 S.
1360 308 1637 372 JOANNIS
1673 303 2142 368 CHRYSOSTOMI
2182 304 2498 364 ARCHIEP.
2537 307 3071 368 CONSTANTINOP.

3685 309 3795 370 εδει

2212 423 2524 482 conculcati.
2543 425 2600 482 Si
2621 435 2798 482 autem
2815 429 3166 499 perseveretis
3188 443 3378 500 aspere
3395 443 3518 486 cum
3541 431 3648 487 illis
3671 448 3796 504 age-

2213 531 2273 573 re
2290 558 2307 584 ,
2345 518 2389 573 si
2417 529 2602 588 postea
2627 519 2770 575 male
2793 519 3021 578 audiatis
3043 561 3060 588 ,
3087 520 3333 592 gaudete.
3369 521 3504 578 illud
3531 525 3677 578 enim
3703 539 3795 579 sa-

2213 607 2280 663 lis
2325 615 2410 664 est
2453 623 2621 679 opus,
2668 619 2728 665 ut
2773 611 2964 668 molles
3002 611 3249 668 mordeat
3292 622 3346 668 et
3370 623 3588 685 pungat.
3616 614 3801 685 itaque

2222 699 2504 755 maledicta
2554 701 2860 757 necessario
2909 712 3235 779 sequuntur,
3291 718 3467 774 neque
3515 695 3801 776 in'aliquo

2233 807 2328 848 vos
2357 792 2587 859 ludunt,
2619 794 2712 850 sed
2739 803 2972 851 vestram
2997 794 3346 852 testificantur
3388 795 3714 853 firmitatem.
3741 799 3800 854 Si

2214 897 2344 938 vero
2372 883 2458 938 illa
2489 892 2787 941 metuentes
2810 928 2827 955 ,
2871 884 2942 941 ab
2980 884 3070 941 illa
3095 886 3248 943 vobis
3274 897 3604 958 congruente
3628 888 3800 944 vehe-

2215 977 2417 1032 mentia
2446 977 2760 1034 destiteritis
2789 1020 2804 1045 ,
2857 978 3028 1034 multo
3066 981 3313 1051 graviora
3365 982 3574 1051 passuri
3618 991 3753 1038 estis
3779 1023 3799 1047 ,

2215 1068 2356 1140 apud
2383 1083 2573 1126 omnes
2619 1069 2760 1126 male
2787 1069 3056 1138 audituri,
3087 1081 3143 1127 et
3186 1073 3434 1130 omnibus
3469 1074 3803 1145 contemptui

2215 1159 2367 1216 eritis
2397 1179 2411 1216 :
2438 1161 2570 1217 illud
2595 1161 2738 1218 enim
2763 1171 2846 1218 est
2864 1163 3185 1220 conculcari.
3213 1163 3416 1220 Deinde
3438 1164 3505 1220 ad
3531 1165 3677 1222 aliud
3705 1183 3804 1221 su-

2217 1251 2434 1308 blimius
2471 1254 2644 1324 pergit
2688 1255 3011 1326 exemplum.
3061 1256 3150 1312 14.
3193 1255 3291 1312 Vos
3328 1257 3444 1312 estis
3486 1257 3578 1314 tua:
3601 1259 3805 1316 mundi.

2218 1343 2414 1399 lterum
2460 1344 2681 1414 mundi,
2724 1360 2830 1401 non
2865 1347 3036 1418 gentis
3073 1351 3264 1415 unius,
3294 1349 3381 1404 vel
3405 1349 3590 1418 viginti
3614 1349 3811 1404 civita-

2219 1444 2332 1491 tum
2357 1477 2374 1505 ,
2417 1435 2512 1492 sed
2559 1437 2720 1493 totius
2744 1438 2890 1494 orbis
2915 1456 2931 1494 :
2963 1439 3057 1494 lux
3086 1439 3469 1511 intelligibilis,
3501 1440 3584 1497 his
3610 1443 3811 1497 solari-

2220 1528 2320 1585 bus
2358 1529 2525 1586 radiis
2565 1531 2934 1600 praestantior,
2976 1531 3425 1603 quemadmodum
3455 1541 3510 1588 et
3535 1533 3618 1588 sal
3646 1534 3812 1605 spiri-

2221 1619 2385 1678 tuale.
2425 1621 2608 1677 Primo
2630 1622 2744 1688 sal,
2783 1622 2976 1679 deinde
3021 1623 3110 1679 lux
3130 1665 3146 1693 ,
3173 1631 3231 1679 ut
3254 1625 3431 1680 discas
3455 1634 3714 1697 quantum
3741 1641 3813 1683 ex

2220 1712 2332 1768 acri
2375 1727 2624 1770 sermone
2649 1715 2851 1770 lucrum
2878 1716 3182 1786 proveniat,
3211 1729 3408 1788 quanta
3435 1734 3501 1773 ex
3529 1719 3675 1789 gravi
3705 1719 3809 1776 do-

2220 1803 2388 1858 ctrina
2434 1803 2654 1860 utilitas.
2695 1805 2916 1878 Stringit
2954 1807 3132 1874 enim,
3175 1822 3274 1863 nec
3301 1809 3429 1864 sinit
3452 1809 3726 1878 diffluere,
3757 1821 3816 1867 ct

2221 1893 2287 1949 ad
2315 1895 2565 1950 virtutem
2592 1895 2793 1952 ducens
2828 1898 3144 1969 respiciendi
3172 1900 3278 1954 vim
3317 1901 3468 1956 indit.
3497 1900 3619 1958 Non
3645 1915 3813 1976 potest

2221 1987 2392 2042 civitas
2411 1989 2652 2050 abscondi
2678 2007 2835 2061 supra
2863 2001 3081 2046 montem
3102 1993 3266 2064 posita
3296 2010 3317 2048 :
3343 1994 3430 2051 ‘15-
3456 2011 3612 2065 neque
3629 2013 3819 2052 accen-

2221 2081 2348 2137 dunt
2394 2080 2680 2150 lucernam,
2716 2094 2764 2138 et
2789 2095 2984 2156 ponunt
3008 2103 3117 2140 eaut
3143 2086 3233 2141 sub
3263 2068 3462 2141 modio.
3479 2087 3684 2144 Rursus
3711 2104 3820 2158 per

2223 2171 2340 2228 haec
2359 2173 2480 2230 illos
2504 2173 2571 2229 ad
2593 2183 2898 2230 accuratam
2926 2176 3048 2230 vitae
3068 2179 3329 2232 rationem
3357 2179 3585 2246 excitat,
3609 2177 3818 2237 docens

2221 2280 2316 2321 eos
2335 2307 2350 2330 ,
2380 2275 2438 2322 ut
2464 2267 2691 2323 sollicite
2715 2267 2816 2324 sibi
2839 2279 3091 2334 caveant,
3123 2278 3306 2340 utpote
3335 2270 3424 2341 qui
3452 2271 3552 2325 sub
3570 2271 3819 2326 omnium

2223 2357 2390 2412 oculis
2418 2366 2729 2426 versentur,
2759 2369 2812 2414 et
2838 2359 2890 2412 in
2923 2359 3100 2414 medio
3123 2361 3284 2416 totius
3313 2361 3461 2416 orbis
3488 2360 3698 2417 theatro
3719 2361 3819 2417 de-

2223 2460 2453 2506 certent.
2495 2449 2699 2518 Nolite,
2739 2450 2944 2522 inquit,
2977 2451 3029 2507 id
3057 2461 3302 2522 reputare
3330 2453 3545 2521 animo,
3575 2467 3674 2508 vos
3699 2453 3818 2524 jam

2226 2540 2312 2596 hic
2355 2541 2543 2598 sedere
2567 2583 2582 2608 ,
2627 2538 2687 2598 et
2726 2541 2778 2596 in
2819 2543 3006 2613 exigua
3055 2543 3231 2614 anguli
3279 2553 3430 2612 parte
3464 2546 3664 2600 versari
3695 2564 3711 2597 ς
3742 2544 3818 2601 ita

2225 2633 2366 2687 enim
2412 2632 2686 2703 conspicui
2730 2633 2976 2690 omnibus
3014 2635 3193 2703 eritis,
3237 2645 3296 2690 ιιι
3320 2637 3510 2691 civitas
3536 2636 3590 2691 in
3617 2638 3819 2694 montis

2225 2726 2498 2781 cacumine
2539 2726 2730 2796 posita,
2766 2735 2825 2783 ut
2861 2727 3077 2782 lucerna
3109 2727 3160 2782 in
3190 2726 3353 2783 domo
3376 2742 3536 2799 supra
3561 2727 3821 2784 candela-

2228 2815 2380 2872 brum
2403 2819 2609 2874 lucens.

2297 2907 2483 2964 Christi
2509 2910 2731 2981 potentia
2757 2911 3018 2966 asseritur.
3041 2941 3112 2952 —
3139 2911 3242 2969 Ubi
3271 2920 3396 2967 sunt
3437 2927 3577 2967 nunc
3617 2911 3696 2967 illi
3725 2910 3820 2979 qui

2225 2998 2422 3057 Christi
2453 3002 2706 3070 potentiae
2745 3018 2852 3058 non
2882 3003 3146 3059 credunt?
3189 3003 3316 3059 Barac
3343 3003 3594 3071 audiant,
3647 3014 3704 3059 et
3745 3005 3822 3059 de

2228 3093 2523 3164 prophetiae
2551 3094 2604 3149 vi
2644 3104 2922 3165 stupentes
2946 3137 2962 3163 ,
3005 3096 3230 3152 adorent
3273 3096 3396 3167 ejus
3423 3096 3816 3152 fortitudinem.

2229 3183 2509 3254 Perpende
2547 3185 2692 3240 enim
2719 3195 2918 3257 quanta
2950 3187 3262 3258 polliceatur
3296 3187 3361 3243 iis
3389 3188 3480 3259 qui
3518 3204 3588 3244 ne
3628 3189 3681 3243 in
3717 3203 3820 3247 sua

2225 3276 2445 3347 quidem
2475 3278 2694 3348 regione
2717 3279 2828 3333 noti
2854 3289 3042 3344 erant;
3073 3278 3322 3335 videlicet
3349 3279 3492 3350 ipsos
3521 3279 3576 3334 in
3599 3290 3741 3335 terra
3762 3291 3819 3336 et

2226 3368 2283 3423 in
2311 3368 2450 3424 mari
2490 3369 2864 3437 celebrandos,
2893 3380 2948 3426 et
2975 3370 3112 3426 fama
3142 3371 3208 3426 ad
3237 3372 3494 3428 terminos
3520 3372 3666 3428 orbis
3686 3388 3820 3442 per-

2225 3467 2481 3516 venturos
2509 3477 2663 3528 essc;
2692 3462 2800 3516 imo
2826 3477 2930 3518 non
2954 3463 3090 3518 fama
3115 3473 3344 3532 tantum,
3366 3463 3459 3520 sed
3482 3473 3538 3520 et
3567 3465 3819 3522 beneficii

2226 3553 2483 3611 efficacia.
2510 3555 2626 3611 Non
2652 3557 2795 3611 enim
2825 3556 2947 3610 illos
2988 3555 3124 3610 fama
3156 3556 3347 3611 volans
3385 3565 3540 3612 notos
3583 3557 3820 3613 reddidit

2226 3647 2447 3718 ubique,
2468 3646 2563 3706 sed
2589 3648 2702 3718 ipsa
2723 3663 2941 3719 operum
2964 3648 3268 3703 celebritas.
3291 3646 3425 3702 Nam
3447 3663 3545 3704 ceu
3567 3647 3820 3704 volucres

2225 3739 2462 3795 velocius
2486 3754 2644 3810 quam
2673 3739 2800 3794 solis
2821 3737 2955 3793 radii
2983 3747 3182 3793 terram
3200 3753 3414 3794 omnem
3438 3749 3817 3810 peragrarunt.

2225 3833 2330 3902 piae
2357 3832 2633 3902 religionis
2673 3832 2850 3888 lucem
2880 3832 3204 3887 eminentes.
3246 3831 3346 3887 llic
3370 3842 3546 3886 autem
3575 3831 3706 3886 mihi
3738 3833 3817 3887 vi-

2225 3923 2382 3980 detur
2425 3925 2545 3979 illos
2573 3923 2641 3979 ad
2687 3924 2936 3979 fiduciam
2985 3923 3300 3979 sumendam
3347 3922 3617 3978 cohortari
3645 3939 3660 3977 :
3688 3940 3822 3980 cum

2223 4016 2365 4072 enim
2399 4016 2548 4082 dicit,
2591 4015 2713 4071 Non
2741 4026 2902 4088 potest
2927 4017 3100 4070 civitas
3129 4015 3372 4070 abscondi
3393 4031 3552 4086 supra
3589 4025 3815 4070 montem

2223 4109 2408 4179 posita,
2437 4109 2731 4178 potentiam
2773 4108 3010 4164 declarat
3036 4122 3223 4174 suam;
3275 4108 3415 4162 sicut
3443 4107 3584 4162 enim
3616 4107 3704 4162 illa
3735 4107 3816 4162 ci-

2222 4201 2359 4256 vitas
2399 4200 2654 4255 abscondi
2681 4201 2885 4272 nequit,
2913 4200 2990 4255 sic
3031 4198 3337 4270 praedicatio
3368 4199 3531 4254 taceri
3560 4209 3615 4254 et
3643 4199 3816 4254 latere

2223 4307 2332 4347 non
2357 4300 2549 4362 potest.
2577 4291 2711 4360 Quia
2737 4291 2880 4347 enim
2915 4291 3168 4362 loquutus
3195 4299 3314 4346 erat
3339 4289 3407 4345 de
3435 4289 3814 4360 perseququ-

2221 4386 2402 4454 nibus,
2434 4385 2502 4442 de
2529 4385 2846 4451 maledictis,
2887 4385 2956 4440 de
2981 4383 3211 4452 insidiis,
3245 4383 3312 4439 de
3339 4383 3526 4448 bellis;
3554 4398 3626 4438 ne
3651 4392 3810 4453 puta-

2220 4487 2341 4532 rent
2362 4477 2479 4532 haec
2498 4477 2605 4532 illis
2635 4491 2792 4547 posse
2811 4491 2873 4532 os
2893 4476 3195 4541 obstruere,
3219 4473 3465 4530 fiduciam
3487 4474 3592 4530 illis
3614 4473 3814 4530 indens

2217 4569 2312 4637 ait,
2341 4569 2773 4640 przedicationem
2819 4583 2926 4624 non
2961 4569 3120 4623 modo
3154 4582 3259 4623 non
3291 4567 3456 4622 latere
3485 4581 3676 4636 posse,
3710 4567 3810 4624 scd

2217 4669 2273 4716 et
2297 4669 2464 4716 totum
2493 4659 2678 4715 orbem
2705 4659 3088 4715 illustraturam
3114 4671 3254 4715 esse.
3285 4657 3512 4728 Ideoque
3536 4657 3610 4712 illi
3641 4657 3809 4712 etiam

2217 4760 2376 4808 erunt
2418 4751 2688 4821 conspicui
2727 4759 2780 4806 et
2825 4751 3083 4820 insignes.
3129 4749 3265 4804 ilinc
3309 4750 3467 4818 igitur
3509 4749 3806 4818 potentiam

2216 4857 2366 4898 suam
2394 4842 2662 4906 ostendit;
2701 4855 2766 4898 ex
2795 4841 3142 4912 sequentibus
3166 4856 3296 4896 vero
3325 4839 3573 4896 fiduciam
3601 4839 3672 4896 ab
3697 4839 3810 4894 illis

2215 4935 2380 5006 exigit
2411 4933 2495 4989 his
2521 4934 2699 4990 verbis
2724 4952 2740 4989 :
2783 4931 2964 5003 Neque
2987 4932 3266 4988 accendunt
3296 4933 3573 4997 lucernam,
3613 4939 3662 4986 et
3702 4948 3807 5001 po-

2214 5037 2345 5082 nunt
2371 5043 2483 5082 eam
2505 5027 2596 5082 sub
2621 5025 2808 5092 modio,
2833 5025 2920 5081 sed
2944 5041 3099 5094 super
3133 5023 3510 5090 candelabrum,
3540 5031 3595 5076 ut
3634 5022 3808 5077 luceat

2214 5119 2446 5175 omnibus
2473 5120 2560 5191 qui
2597 5121 2654 5174 in
2695 5118 2844 5173 domo
2877 5126 3014 5172 sunt.
3065 5115 3152 5172 16.
3201 5114 3294 5171 Sic
3335 5115 3495 5168 luceat
3521 5114 3614 5170 ius
3635 5125 3807 5169 vestra

2212 5229 2384 5267 coram
2412 5211 2716 5279 hominibus,
2741 5219 2798 5265 ut
2823 5209 3020 5265 videant
3043 5224 3195 5278 opera
3232 5217 3394 5263 vestra
3424 5207 3575 5273 bona,
3611 5214 3659 5260 et
3685 5207 3806 5278 glo-

2210 5307 2408 5377 riﬁcent
2452 5305 2662 5361 Patrem
2709 5313 2924 5360 uestrum
2951 5303 3038 5375 qui
3079 5302 3133 5357 in
3160 5302 3297 5357 uelis
3343 5309 3435 5356 est.
3486 5299 3602 5370 Ego
3629 5299 3804 5363 enim,

2213 5400 2404 5472 inquit,
2433 5399 2606 5456 lucem
2634 5396 2852 5453 accendi
2879 5413 2894 5450 :
2926 5403 2986 5450 ut
3008 5409 3138 5452 vero
3168 5400 3476 5464 perseveret
3501 5391 3722 5458 ardens,
3749 5390 3804 5447 id

2210 5491 2279 5548 ad
2305 5500 2538 5548 vestram
2572 5489 2899 5560 diligentiam
2927 5487 3197 5558 pertinet;
3227 5499 3335 5540 non
3377 5483 3541 5540 vestri
3592 5493 3802 5538 tantum

2209 5598 2393 5652 causa,
2423 5581 2520 5638 sed
2555 5591 2612 5637 et
2650 5581 2862 5636 illorum
2899 5579 3073 5650 gratia
3101 5577 3192 5649 qui
3221 5577 3323 5634 hac
3350 5576 3624 5647 potientur
3653 5573 3803 5643 luce,

2209 5685 2266 5732 et
2303 5674 2372 5730 ad
2415 5675 2695 5731 veritatem
2724 5671 3078 5728 deducentur.
3122 5669 3309 5741 Neque
3354 5668 3499 5723 enim
3548 5675 3810 5738 poterunt

2211 5766 2492 5824 maledicta
2545 5773 2782 5822 vestrum
2830 5763 3120 5824 obscurare
3167 5760 3507 5834 splendorem
3552 5776 3568 5814 :
3615 5760 3665 5814 si
3697 5773 3801 5813 vos
