4050 6364
218 429 322 493 951

226 546 715 618 κατανενιιγμένος,
751 548 966 626 πάντως
997 549 1091 600 καὶ
1120 547 1355 620 καθαρὸς
1382 552 1448 621 τῇ
1482 554 1678 626 καρδξῆι
1716 554 1793 586 u.

223 632 253 685 δ
276 630 332 682 δὲ
359 626 623 690 τοιοῦτος.
663 621 769 679 καῖ
799 627 1155 697 είρηνοποιός.
1193 626 1253 680 Ὀ
1298 629 1356 682 δὲ
1402 621 1575 686 ταῦτα
1619 621 1799 686 πάντα

225 700 627 774 κατωρθωκὼς,
685 702 779 757 καὶ
816 702 952 772 πρὸς
989 701 1267 766 κινδύνους
1290 704 1445 760 ἔσται
1486 724 1797 779 παρατετα-

226 782 446 852 γμένος,
476 781 572 833 καὶ
617 780 679 833 οὐ
726 780 1131 851 ταραχθήσεται
1181 782 1394 838 ἀκούων
1439 786 1648 853 κακῶς,
1704 788 1800 841 καὶ

228 858 390 930 μυρία
414 858 461 891 ’⁵
479 859 706 928 πάσχων
723 858 890 913 δεινά.
915 859 1254 930 Παραινέσας
1269 860 1446 915 τοίνυν
1474 862 1510 916 ἃ
1533 864 1796 935 προσῆκε,

210 936 386 1001 ,πάλιν
413 936 685 989 ἀναπαύει
727 938 842 998 τοῖς
870 937 1166 1012 ἐγκωμίοις
1195 937 1412 1001 αὐτούς.
1446 940 1659 1012 Ἐπειδὴ
1691 942 1799 1012 γὰρ

225 1013 403 1083 ὑψηλά
434 1014 502 1067 τὰ
534 1014 881 1083 ἐπιτάγματα
910 1011 999 1084 ῆν,
1022 1014 1117 1067 καὶ
1146 1015 1326 1087 πολλῷ
1358 1016 1578 1088 μείζονα
1609 1011 1716 1072 τῶν
1741 1011 1798 1071 ἐν

224 1096 287 1161 τῇ
320 1092 556 1162 Παλαιᾷ,
587 1092 674 1145 ἵνα
703 1091 779 1163 μὴ
811 1092 1137 1163 θορυϐῶνται
1164 1095 1259 1148 καὶ
1282 1096 1673 1165 ταράττωνται,
1705 1098 1801 1152 καὶ

225 1171 444 1238 λέγωσι·
478 1169 605 1233 Πῶς
640 1169 979 1241 δυνησόμεθα
1009 1171 1181 1225 ταῦτα
1214 1174 1540 1247 κατόρθοῦνς
1572 1176 1799 1230 ἄκουσον

224 1250 273 1302 τί
311 1265 497 1319 φησιν·
536 1247 716 1316 Ὑμεῖς
755 1248 895 1301 ἐστε
941 1250 1009 1302 τὸ
1058 1250 1213 1317 ἅλας
1243 1251 1354 1319 τῆς
1392 1250 1535 1321 γῆς·
1584 1253 1799 1319 δεικνὺς

221 1333 302 1383 ὅτι
334 1328 652 1397 ἀναγκαίως
692 1327 864 1381 ταῦτα
896 1330 1192 1385 ἐπιτάττει.
1238 1333 1312 1386 Οὐ
1356 1333 1463 1404 γὰρ
1506 1334 1647 1407 ὑπὲρ
1698 1337 1798 1407 τῆς

226 1407 341 1461 καθ’
366 1409 597 1470 ἑαυτοὺς
630 1406 798 1478 ζωῆς,
830 1408 941 1462 ἀλλ’
967 1408 1108 1481 ὑπὲρ
1125 1410 1225 1481 τῆς
1247 1412 1588 1484 οἰκουμένης,
1611 1406 1796 1485 φησιν,

220 1487 436 1557 ἀπάσης
469 1489 498 1540 ὁ
519 1486 678 1553 λόγος
706 1486 857 1540 ἔσται
885 1487 1031 1557 ὑμῖν.
1072 1489 1204 1547 Οὐδὲ
1234 1488 1344 1561 γὰρ
1374 1493 1454 1555 εἰς
1477 1492 1569 1545 δύο
1592 1494 1795 1561 πόλεις,

223 1564 313 1618 καὶ
345 1566 393 1597 ³³
424 1564 582 1627 δέκα,
610 1564 705 1617 καὶ
728 1564 951 1632 εἴκοσιν,
977 1566 1097 1619 οὐδὲ
1124 1568 1205 1630 εἰς
1234 1568 1291 1620 ἒν
1314 1568 1463 1633 ἔθνος
1496 1571 1639 1642 ὐμᾶς
1670 1573 1798 1626 ἀπο-

219 1643 447 1705 στέλλω,
485 1642 739 1713 καθάπερ
772 1643 896 1708 τοὺς
950 1646 1252 1716 προφήτας,
1300 1646 1416 1699 ἀλλ’
1454 1650 1534 1711 εἰς
1566 1651 1671 1719 γῆν
1704 1653 1796 1705 καὶ

220 1722 490 1801 θάλατταν
532 1723 629 1776 καὶ
669 1720 772 1801 τὴν
806 1724 1129 1801 οἰκουμένην
1172 1724 1409 1790 ἃπασαν,
1455 1729 1550 1781 καὶ
1593 1729 1795 1801 ταύτην

218 1800 401 1862 κακῶς
431 1799 801 1870 διακειμένην.
831 1800 921 1871 Τῷ
962 1800 1071 1870 γὰρ
1118 1804 1311 1870 εἰπεῖν,
1344 1805 1528 1873 Ὑμεῖς
1553 1806 1694 1861 ἐστε
1725 1799 1795 1861 τὸ

216 1879 368 1945 ἅλας
394 1877 511 1947 τῆς
542 1878 676 1949 γῆς,
714 1878 878 1943 ἔδειξε
914 1881 1290 1952 μωρανθεῖσαν
1320 1883 1537 1938 ἅπασαν
1560 1886 1660 1955 τήν
1696 1889 1793 1941 ἀν-

219 1959 496 2029 θρωπίνην
520 1958 702 2029 φύσιν,
735 1959 828 2011 καὶ
857 1963 1262 2015 κατασαπείσαν
1288 1961 1393 2015 ὑπὸ
1416 1964 1523 2016 τῶν
1552 1965 1794 2035 ἁμαρτη-

219 2040 425 2108 μάτων.
459 2040 560 2093 Διά
600 2056 683 2091 τοι
724 2035 880 2091 τοῦτο
906 2039 1109 2102 ταύτας
1152 2040 1282 2110 παρ’
1321 2042 1500 2095 αὐτῶν
1547 2043 1797 2114 ἐπιζητεῖ

217 2119 310 2181 τὰς
345 2119 578 2190 ἀρετὰς,
617 2120 673 2173 αἶ
708 2117 942 2188 μάλιστα
974 2119 1110 2189 πρὸς
1141 2119 1240 2190 τὴν
1270 2120 1378 2175 τῶν
1421 2121 1630 2176 πολλῶν
1667 2126 1792 2177 ὲπι-

218 2198 441 2267 μέλειάν
492 2201 634 2251 εἰσιν
679 2197 967 2266 ἀναγκαῖαι
999 2199 1096 2252 καὶ
1144 2200 1423 2270 χρήσιμοι.
1457 2200 1526 2254 Ὀ
1568 2217 1629 2254 τε
1684 2202 1795 2274 γὰρ

220 2280 386 2348 πρᾶος
446 2279 546 2332 καὶ
580 2275 826 2346 ἐπιεικής
875 2275 971 2328 καὶ
1013 2276 1258 2347 ἐλεήμων
1298 2279 1394 2331 καὶ
1433 2279 1663 2345 δίκαιος,
1693 2283 1796 2336 οὐκ

214 2359 292 2420 εἰς
321 2356 489 2411 αὐτὸν
519 2354 794 2425 συγκλείει
813 2353 883 2409 τὰ
904 2353 1300 2426 κατορθώματα
1335 2357 1513 2428 μόνον,
1537 2359 1673 2414 ἀλλά
1698 2362 1797 2415 καὶ

216 2440 292 2500 εἰς
316 2437 418 2508 τήν
453 2435 658 2507 ἐτέρων
692 2434 738 2467 ⁸⁸
770 2434 1040 2504 ὠφέλειαν
1068 2435 1165 2499 τὰς
1194 2434 1369 2511 καλὰς
1394 2437 1599 2501 ταύτας
1623 2438 1795 2511 ὑπερ-

219 2515 427 2586 χεῖσθαι
457 2514 865 2586 παρασκευάζει
898 2511 1102 2585 πηγάς.
1147 2513 1205 2565 Ὀ
1246 2513 1292 2567 δ’
1315 2510 1383 2568 αὖ
1415 2515 1653 2586 καθαρὸς
1695 2510 1796 2589 τὴν

217 2594 443 2664 καρδίαν
474 2592 573 2647 καὶ
607 2591 963 2662 είρηνοποιδς,
990 2592 1084 2644 καὶ
1132 2590 1488 2663 ἐλαυνόμενος
1519 2594 1657 2665 ὑπὲρ
1696 2597 1794 2667 τῆς

219 2670 499 2741 ἀληθείας,
549 2670 710 2724 πάλιν
753 2670 888 2743 πρὸς
923 2669 985 2722 τὸ
1026 2673 1178 2741 κοινῇ
1229 2672 1506 2740 συμφέρον
1544 2673 1637 2725 τὸν
1682 2673 1796 2743 βίον

220 2749 563 2803 καθίσταται.
608 2748 701 2819 Μὴ
745 2748 925 2828 τοίνυν
963 2748 1253 2828 νομίσητε,
1295 2750 1481 2819 φησὶν,
1529 2752 1621 2804 ἐπὶ
1669 2754 1797 2828 τοὺς

220 2829 479 2898 τυχόντας
513 2828 734 2897 ἀγῶνας
766 2827 1041 2891 ἕλκεσθαι,
1070 2827 1205 2898 μηδὲ
1236 2827 1373 2899 ὑπὲρ
1402 2830 1614 2900 μικρῶν
1636 2827 1799 2884 τινων

217 2904 353 2961 εἶναι
380 2908 474 2961 τδν
497 2907 654 2976 λόγον
678 2908 826 2976 ὑμῖν*
860 2906 1045 2976 Ὑμεῖς
1071 2907 1213 2961 ἐστε
1241 2907 1307 2961 τὸ
1335 2908 1488 2975 ἅλας
1517 2908 1624 2976 τῆς
1656 2909 1793 2980 γῆς.

220 2987 279 3038 Τί
314 2982 447 3050 οὗν;
495 2983 566 3036 τὰ
616 2985 891 3054 σεσηπότα
934 2984 1085 3038 αὐτοὶ
1127 2982 1477 3054 διώρθωσαν;
1510 2986 1793 3055 υῦδαμῶςο

217 3063 349 3116 Οὔτε
377 3068 424 3099 ’⁷
458 3061 568 3132 γὰρ
608 3062 829 3115 δυνατὸν
873 3061 945 3115 τὰ
983 3061 1304 3133 διεφθορότα
1335 3063 1436 3134 ήδη
1469 3066 1801 3119 ἐπιπάσσον-

218 3159 312 3203 tu;
335 3141 473 3203 ἃλας
500 3139 749 3208 ὠφελεῖν.
776 3139 849 3192 Οὐ
873 3140 938 3210 δή
958 3140 1116 3194 τοῦτο
1145 3140 1381 3193 ἐποίουν·
1407 3141 1542 3194 ἀλλά
1571 3144 1801 3201 ἀνανεω-

216 3219 377 3271 θέντα
423 3218 689 3289 πρότερον
738 3218 833 3270 καὶ
879 3216 1254 3287 παραδοθέντα
1306 3218 1503 3281 αὐτοῖς,
1556 3221 1649 3272 καὶ
1699 3223 1801 3291 τῆς

215 3298 479 3361 δυσωδίας
529 3296 911 3365 ἀπαλλαγέντα
942 3296 1159 3368 ἐκείνης
1182 3336 1198 3361 ,
1248 3295 1371 3349 τότε
1404 3296 1609 3366 ἥλιζον,
1668 3316 1801 3352 κατ-

216 3379 433 3447 ἔχοντες
472 3377 567 3428 καί⁵
599 3374 748 3448 [194]
774 3375 1155 3445 διατηροῦντες
1183 3376 1241 3427 ὲν
1262 3377 1327 3445 τῇ
1353 3375 1633 3445 νεαρότητι
1660 3380 1797 3432 ταύ-

215 3471 305 3527 τῃ,
340 3456 411 3527 ῆν
439 3454 589 3523 παρὰ
637 3453 731 3506 τοῦ
761 3455 1026 3506 Δεσπότου
1072 3452 1397 3523 παρέλαϐον.
1439 3452 1512 3505 Τὸ
1562 3454 1658 3524 μὲν
1687 3462 1800 3522 γαρ

216 3534 596 3605 ἀπαλλαγῆναι
629 3536 727 3603 τῆς
759 3533 1046 3603 σηπεδόνος
1082 3532 1191 3584 τῶν
1225 3532 1660 3602 ἁμαρτημάτων,
1695 3534 1793 3585 τοῦ

216 3612 453 3685 Χριστοῦ
492 3612 825 3685 κατόρθωμα
866 3612 1078 3681 γέγονε·
1109 3611 1171 3665 τὸ
1213 3611 1257 3663 δ’
1291 3608 1358 3663 αὖ
1400 3612 1562 3665 πάλιν
1598 3614 1794 3684 μηκέτι

215 3694 302 3746 ἐπ’
337 3693 553 3762 ἐκείνην
586 3691 921 3757 ἐπανελθεῖν,
943 3694 1042 3762 τῆς
1068 3690 1271 3743 τούτων
1308 3692 1543 3762 σπουδῆς
1576 3694 1668 3745 καὶ
1700 3711 1795 3746 τα-

217 3772 519 3845 λαιπωρίας
551 3772 713 3843 ἔργον
736 3768 825 3844 ἦν.
842 3771 1004 3842 Ὁρᾷς
1031 3771 1147 3834 πῶς
1171 3770 1312 3825 κατὰ
1335 3771 1529 3842 μικρὸν
1555 3772 1794 3828 δείκνυσι

221 3854 317 3906 καὶ
344 3853 455 3905 τῶν
486 3850 784 3924 προφητῶν
811 3851 971 3914 ὄντας
1010 3850 1283 3920 βελτίους;
1314 3853 1390 3904 Οὐ
1416 3851 1525 3923 γὰρ
1550 3854 1651 3922 τῆς
1685 3854 1795 3906 Πα-

213 3931 495 4003 λαιστίνης
541 3930 893 3993 διδασκάλους
939 3926 1077 3984 εἷναί
1125 3948 1312 4001 φησιν,
1358 3930 1494 3985 ἀλλὰ
1544 3933 1643 4002 τῆς
1691 3933 1795 4005 γῆς

214 4012 455 4082 ἀπάσης·
488 4010 584 4063 καὶ
612 4009 713 4079 οὐχ
739 4009 928 4073 ἁπλῶς
952 4009 1328 4074 διδασκάλους,
1356 4010 1492 4065 ἀλλά
1517 4011 1614 4065 καὶ
1640 4013 1797 4081 φοϐε-

216 4091 365 4161 ρούς.
390 4089 464 4141 Τὸ
489 4087 599 4159 γὰρ
643 4087 708 4157 δή
756 4087 1063 4157 θαυμαστὸν
1090 4087 1248 4141 τοῦτό
1290 4090 1458 4155 ἐστιν,
1494 4090 1576 4143 ὅτι
1614 4090 1675 4143 οὐ
1704 4107 1795 4143 κο-

215 4167 557 4231 λακεύοντες,
617 4166 737 4221 οὐδὲ
778 4165 1194 4237 θεραπεύοντες,
1245 4166 1359 4221 ἀλλ’
1406 4168 1795 4237 ὲπιστύφοντες

212 4248 403 4318 ὥσπερ
437 4246 500 4299 τὸ
550 4245 705 4309 ἃλας,
743 4244 886 4299 οὕτω
926 4244 1165 4299 ποθεινοί
1197 4248 1330 4300 πᾶσι
1377 4249 1650 4316 γεγόνασι.
1700 4249 1793 4320 Μὴ

216 4328 396 4382 τοίνυν
424 4325 764 4396 θαυμάσητε,
796 4328 960 4396 φησὶν
979 4364 994 4390 ,
1034 4326 1084 4378 εί
1108 4324 1236 4389 τοὺς
1264 4326 1455 4389 ἀλλους
1476 4327 1635 4395 ἀφεὶς
1667 4328 1795 4398 ὑμῖν

214 4406 555 4476 διαλέγομαι,
603 4406 701 4458 καὶ
759 4406 899 4476 πρὸς
961 4404 1250 4468 τοσούτους
1314 4404 1456 4460 ἕλκω
1496 4406 1793 4472 κινδύνους.

227 4488 548 4556 Ἐννοήσατε
582 4485 693 4556 γὰρ
727 4486 882 4550 ὅσαις
911 4484 1099 4539 πόλεσι
1142 4485 1236 4539 καὶ
1262 4484 1454 4557 δήμοις
1486 4488 1581 4540 καὶ
1618 4487 1796 4542 ἔθνεσι

220 4566 401 4635 μέλλω
432 4564 669 4634 πέμπειν
703 4566 846 4635 ὑμᾶς
872 4564 1191 4629 ἐπιστάτας.
1218 4565 1317 4618 Διά
1343 4566 1501 4619 τοῦτο
1529 4568 1626 4637 οὐχ
1655 4569 1798 4639 ὑμᾶς

213 4643 357 4698 εἶναι
382 4642 646 4713 βούλομαι
676 4645 972 4715 φρονίμους
1023 4644 1205 4713 μόνον,
1259 4646 1394 4699 ἀλλὰ
1443 4647 1539 4699 καὶ
1578 4647 1798 4720 ἑτέρους

212 4722 491 4786 τοιούτους
516 4724 709 4777 ποιεῖν.
736 4723 875 4785 Τοὺς
892 4724 950 4777 δὲ
968 4723 1246 4787 τοιούτους
1279 4725 1413 4779 πολὺ
1442 4724 1524 4778 δεῖ
1542 4728 1797 4791 συνετοὺς

212 4798 375 4864 εἶναι,
407 4802 465 4853 ὲν
497 4796 577 4864 οἷς
602 4803 636 4871 ἡ
661 4800 768 4855 τῶν
810 4800 982 4855 ἀλλων
1010 4802 1374 4855 κινδυνεύεται
1410 4804 1669 4876 σωτηρία,
1703 4807 1798 4860 καὶ

213 4879 485 4948 τοσαύτην
516 4880 700 4942 αὐτοῖς
746 4878 844 4951 τήν
890 4881 1206 4951 περιουσίαν
1253 4877 1393 4934 εἶναι
1428 4884 1526 4951 τῆς
1570 4885 1792 4955 ἀρετῆς,

211 4959 294 5022 ὡς
340 4960 437 5011 καὶ
487 4957 671 5022 ἄλλοις
719 4958 1054 5029 μεταδιδόναι
1103 4960 1203 5028 τῆς
1247 4958 1537 5028 ὠφελείας.
1599 4962 1662 5015 Εἰ
1688 4962 1797 5032 γὰρ

212 5039 454 5092 τοιοῦτοι
485 5038 560 5108 μὴ
589 5037 834 5106 γένοισθε
857 5040 922 5102 ’⁸,
956 5039 1077 5092 οὐδὲ
1101 5040 1230 5108 ὑμῖν
1262 5040 1446 5102 αὐτοῖς
1477 5039 1759 5111 ἀρκέσετε.

272 5118 338 5179 ζ’.
371 5118 466 5189 Μὴ
485 5117 665 5171 τοίνυν
684 5117 1075 5189 δυσχεράνητε,
1105 5119 1182 5180 ὡς
1215 5118 1468 5189 ἐπαχθῶν
1502 5119 1673 5172 ὄντων
1689 5119 1798 5173 τῶν

212 5196 549 5268 λεγομένων.
586 5196 712 5260 Τοῖς
744 5197 844 5265 μὲν
869 5197 979 5267 γὰρ
1002 5197 1182 5260 ἄλλοις
1216 5199 1548 5268 μωρανθεῖσι
1572 5199 1798 5253 δυνατὸν

214 5276 538 5332 ἐπανελθεῖν
568 5276 635 5329 δι’
676 5276 829 5345 ὑμῶν
858 5279 940 5342 ²⁹,’
974 5277 1134 5346 ὑμεῖς
1163 5276 1240 5339 δὲ,
1273 5279 1321 5329 εἰ
1355 5276 1516 5330 τοῦτο
1548 5277 1793 5343 πάθοιτε,

216 5356 342 5428 μεθ’
374 5354 583 5409 ἑαυτῶν
633 5355 727 5409 καὶ
764 5355 983 5427 ἑτέρους
1013 5356 1432 5427 προσαπολεῖτε.
1466 5357 1628 5410 ’Ὥστε
1689 5359 1799 5428 ὅσῳ

218 5436 434 5507 μεγάλα
456 5434 827 5508 ἐγχειρίζεσθε
862 5435 1165 5508 πράγματα
1189 5435 1257 5500 ³⁸,
1291 5436 1529 5507 τοσούτῳ
1560 5436 1655 5490 καὶ
1688 5438 1811 5507 μεί-’

214 5518 377 5580 {avoc
411 5515 588 5568 δεῖσθε
624 5515 880 5585 σπουδῆς.
908 5515 999 5567 Διό
1024 5531 1188 5584 φησιν
1218 5531 1232 5546 .
1280 5515 1392 5569 Ἂν
1414 5515 1484 5568 δὲ
1537 5515 1605 5568 τὸ
1645 5516 1798 5583 ἅλας

209 5593 521 5666 μωρανθῇ.
552 5594 623 5649 ἐν
648 5594 766 5653 τίνι
801 5592 1232 5656 ἁλισθήσεταις
1259 5597 1364 5659 Εἰς
1396 5593 1577 5661 οὐδὲν
1598 5597 1795 5662 ἰσχύει

211 5676 331 5737 ἔτι,
377 5675 433 5726 εὶ
473 5671 560 5741 μὴ
605 5670 919 5742 βληθῆναι
956 5671 1103 5736 ἐξω,
1173 5672 1273 5725 καὶ
1326 5673 1794 5729 καταπατεῖσθαι

325 5785 374 5855 ξι
408 5790 503 5855 τὴν
542 5784 768 5854 καρδίαν
794 5783 933 5839 Edd.
1007 5784 1056 5816 “
1079 5784 1266 5854 μυρίαί
1289 5784 1356 5836 τὰ
1388 5784 1557 5855 μυρία
1580 5781 1717 5838 Edd-

216 5856 283 5908 Β.
312 5853 370 5908 F.
404 5853 540 5924 p.7p.
574 5853 838 5925 ἑφθορότα
865 5856 929 5908 Α.
964 5855 1024 5909 C.
1051 5853 1166 5923 Epﬁ
1228 5853 1272 5887 ’⁸
1295 5853 1474 5925 δίοᾼ.
1510 5854 1567 5905 Β.
1597 5855 1683 5907 vul

216 5998 317 6048 διε
346 5994 409 6047 D.
428 5993 523 6063 Ep.
557 5995 735 6049 caeleri
767 5993 941 6063 ὑμῶν.

1341 435 1411 490 IN
1448 435 1866 494 MATTHEUM
1898 437 2132 499 ΗΟΜΙΙ..
2180 444 2294 501 XV.

3350 451 3458 509 252

1894 559 2014 636 ὑπὸ
2052 558 2166 614 τῶν
2193 558 2538 630 ἀνθρώπων.
2585 562 2652 618 Ol
2685 561 2785 633 μὲν
2836 563 2944 636 γὰρ
2996 564 3144 620 ἀλλοι
3197 565 3461 636 μυριάκις

1898 632 2206 713 πίπτοντες,
2238 635 2492 690 δύνανται
2528 632 2713 708 τυχεῖν
2742 632 3105 713 συγγνώμης·
3159 632 3209 696 δ’
3230 632 3289 695 δέ
3314 642 3459 697 διδά-

1898 708 2119 791 σκαλος,
2279 714 2437 766 τοῦτο
2457 713 2626 787 πάθῃ,
2654 708 2835 788 πάσης
2861 708 3230 791 ἀπεστέρηται
3273 720 3462 774 ἀπολο-

1896 784 2041 870 γίας,
2068 790 2161 841 καὶ
2175 788 2544 870 τήν-ἐσχάτην
2573 784 2736 847 δώσει
2765 784 3206 866 {sumptam-"iw
3244 796 3353 867 γὰρ
3384 799 3459 870 μή

1896 863 2181 931 ἀκούοντες
2194 868 2261 933 ³³,
2283 868 2304 885 ⁸
2317 873 2472 923 Οταν
2491 863 2869 926 ὀνειδίσωσιν
2887 863 3042 943 ὑμᾶς
3061 873 3161 927 καὶ
3184 863 3459 943 διώξωσι,

1895 943 2219 999 καὶεῖπωσι
2238 945 2361 1001 πᾶν
2390 950 2657 1018 πονηρὸν
2681 949 2847 1020 ρἦα
2876 952 3004 1005 καθ’
3045 951 3231 1023 ὑμῶν,
3261 952 3462 1006 δειλιά-

1898 1036 2061 1103 σωσιν
2074 1026 2153 1087 εἰς
2168 1026 2330 1095 μέσον
2343 1027 2645 1097 προελθεῖν,
2659 1028 2826 1097 λέγει,
2841 1031 2923 1083 ὅτι
2941 1032 3037 1084 Ἂν
3054 1032 3128 1102 μὴ
3142 1031 3276 1103 πρὸς
3290 1030 3462 1085 ταῦτα

1896 1095 1993 1170 ἦτε
2011 1095 2507 1173 παρατεταγμένοι,
2525 1106 2649 1175 εἰκῆ
2661 1095 2969 1178 ἐξελέγητε.
2985 1095 3251 1179 Οὐγάρτδ
3275 1108 3461 1170 κακῶς

1897 1180 2111 1233 ἀκούειν
2123 1200 2156 1251 χ
2161 1182 2229 1254 ρή
2241 1183 2553 1250 δεδοικέναι,
2570 1184 2703 1239 ἀλλά
2713 1187 2773 1239 τὸ
2784 1189 3334 1259 συνυποκρινομένους
3345 1188 3463 1255 φαί-

1895 1261 2102 1313 νεσθαι·
2116 1264 2234 1315 τότε
2252 1265 2360 1335 γὰρ
2376 1265 2795 1337 μωρανθήσεσθε
2811 1267 2906 1320 καὶ
2920 1266 3458 1338 καταπατηθήσεσθε.

1909 1340 2033 1395 Ἐὰν
2058 1341 2112 1394 δὲ
2140 1342 2337 1413 μένητε
2359 1346 2555 1407 αὐτοὺς
2595 1345 2640 1375 ³⁸
2685 1345 3088 1413 ὲπιστύφοντες,
3116 1340 3235 1397 εἶτα
3276 1344 3462 1405 κακῶς

1895 1423 2151 1491 ἀκούητε,
2219 1424 2455 1495 χαίρετε.
2508 1423 2676 1477 Τοῦτο
2707 1424 2814 1496 γὰρ
2846 1426 2972 1488 ἀλὸς
3025 1424 3181 1496 ἔργον
3227 1424 3363 1491 ἐστὶ,
3400 1422 3462 1474 τὸ

1894 1503 2109 1557 δάκνειν
2128 1503 2222 1555 καὶ
2242 1504 2430 1557 λυπεῖν
2458 1503 2586 1567 τοὺς
2602 1502 2854 1573 χαύνους.
2880 1505 3043 1557 Ὥστε
3085 1500 3397 1570 ἀναγκαίως
3426 1501 3460 1570 ἡ

1895 1582 2203 1653 κακηγορία
2233 1583 2443 1647 ἕπεται,
2474 1584 2625 1637 οὐδὲν
2650 1583 2792 1654 ὑμᾶς
2816 1583 3146 1653 βλάπτουσα,
3187 1579 3322 1634 ἀλλά
3365 1579 3462 1634 καὶ

1897 1661 2252 1733 μαρτυροῦσα
2280 1662 2434 1732 ὑμῶν
2463 1666 2529 1734 τῇ
2567 1664 2904 1733 στερρότητι.
2933 1663 3030 1717 Ἂν
3050 1662 3108 1715 δὲ
3133 1658 3459 1730 φοϐηθέντες

1894 1742 2087 1812 αὐτήν,
2119 1741 2362 1813 προδῶτε
2416 1742 2517 1812 τὴν
2577 1744 2954 1813 προσήκουσαν
2974 1742 3101 1811 ὑμῖν
3136 1741 3182 1771 ⁸³
3240 1737 3459 1809 σφοδρόι

1897 1837 2055 1891 τητα,
2119 1820 2297 1891 πολλῷ
2356 1821 2710 1893 χαλεπώτερα
2776 1820 3051 1887 πείσεσθε,
3117 1819 3212 1873 καὶ
3276 1818 3460 1881 κακῶς

1894 1899 2184 1963 ἀκούοντες
2216 1904 2311 1954 καὶ
2333 1901 2829 1971 καταφρονούμενοι
2859 1900 3010 1973 παρὰ
3026 1899 3263 1953 πάντων.
3290 1896 3462 1951 Τοῦτο

1895 1982 2003 2051 γάρ
2026 1982 2163 2044 ἐστι,
2184 1980 2613 2034 καταπατεῖσθαι
2639 1980 2704 2036 ³⁸.
2744 1977 2880 2035 Εἶτα
2908 1982 2992 2049 ἐφ’
3024 1980 3209 2049 ἕτερον
3261 1975 3460 2047 ὑψηλό-

1893 2075 2053 2128 τερον
2082 2059 2203 2126 ἄγει
2224 2059 2572 2129 παράδειγμα
2595 2075 2609 2088 ·
2677 2059 2871 2128 Ὑμεῖς
2917 2059 3057 2112 ἐστε
3086 2057 3152 2111 τὸ
3175 2053 3302 2125 φῶς
3353 2055 3459 2107 τοῦ

1896 2141 2148 2206 κόσμου.
2178 2136 2345 2192 Πάλιν
2374 2138 2464 2191 τοῦ
2499 2138 2727 2209 κόσμου,
2782 2138 2883 2190 οὐκ
2925 2137 3109 2198 ἔθνους
3156 2135 3295 2198 ἑνὸς,
3338 2134 3459 2186 οὐδὲ

1897 2220 2067 2270 εἴκοσι
2115 2217 2343 2283 πόλεων,
2394 2216 2531 2271 ἀλλὰ
2573 2220 2671 2290 τῆς
2711 2218 3034 2287 οἰκουμένης
3082 2214 3327 2282 ἀπάσης·
3366 2214 3460 2264 καὶ

1897 2297 2045 2369 [195]
2098 2298 2211 2366 φῶς
2230 2297 2459 2369 ξνοητὸν,
2515 2297 2610 2349 καὶ
2667 2298 2767 2368 τῆς
2825 2298 3040 2357 ἀκτῖνος
3080 2291 3281 2362 ταύτης
3325 2290 3458 2343 πολὺ

1899 2378 2124 2449 βέλτιον,
2152 2377 2341 2449 ὥσπερ
2372 2374 2466 2431 οὖν
2494 2378 2588 2431 καὶ
2610 2376 2758 2441 ἅλας
2788 2375 3173 2445 πνευματικόν.
3202 2372 3310 2425 Καὶ
3337 2373 3462 2442 πρό-

1896 2475 2052 2530 τερον
2100 2458 2255 2520 ἀλας,
2291 2460 2383 2513 καί⁵
2418 2460 2540 2512 τότε
2590 2457 2737 2526 φῶς·
2774 2456 2859 2508 ἵνα
2908 2455 3085 2525 μάθῃς
3119 2453 3301 2522 ἡλίκον
3352 2450 3460 2503 τῶν

1897 2539 2357 2609 κατεστυμμένων
2389 2538 2649 2609 ῥημάτων
2672 2535 2733 2589 τὸ
2770 2534 2978 2605 κέρδος,
3020 2531 3230 2599 καὶτῆς
3258 2532 3460 2600 σεμνῆς

1896 2614 2239 2680 διδασκαλίας
2287 2618 2349 2669 τὸ
2394 2617 2602 2685 ὄφελος.
2654 2617 2763 2668 Καὶ
2809 2616 2917 2683 γάρ
2965 2611 3205 2681 σφίγγει,
3233 2626 3326 2662 και
3362 2611 3462 2662 οὐκ

1898 2697 2092 2766 ἀφίησι
2155 2695 2494 2767 διαρρεῦσαι,
2547 2695 2639 2748 καὶ
2686 2694 2967 2763 διαϐλέψαι
3000 2695 3145 2744 ποιεῖ
3164 2697 3300 2765 πρὸς
3339 2693 3462 2764 ἀρε-

1900 2782 1998 2848 τὴν
2030 2774 2463 2848 χειραγωγοῦσα.
2520 2776 2601 2827 06
2647 2772 2894 2827 δύναται
2946 2775 3123 2838 πόλις
3174 2770 3463 2841 κρυϐῆναι

1896 2860 2094 2915 ἐπάνω
2116 2861 2291 2927 ὅρους
2316 2856 2557 2926 κειμένη
2584 2875 2595 2887 ’
2627 2855 2769 2909 οὐδὲ
2801 2856 3041 2909 καίουσι
3085 2855 3320 2924 λύχνον
3363 2853 3461 2906 καὶ

1898 2942 2161 2997 τιθέασιν
2216 2939 2336 2994 ὑπὸ
2381 2939 2488 2991 τὸν
2520 2938 2751 3007 μόδιον.
2795 2937 2962 2990 Πάλιν
2996 2937 3191 3000 αὐτοὺς
3226 2936 3311 2989 διὰ
3340 2937 3463 2989 τού-

1898 3042 2004 3077 των
2044 3026 2123 3086 είς
2162 3020 2445 3093 ἀκρίϐειαν
2474 3020 2596 3087 άγει
2628 3020 2766 3087 βίου,
2822 3016 3091 3071 παιδεύων
3141 3017 3465 3086 ἐναγωνίους

1899 3101 2056 3166 εἶναι,
2097 3102 2172 3165 ὡς
2216 3102 2321 3156 ὐπὸ
2357 3103 2471 3162 τοῖς
2505 3098 2758 3151 ἁπάντων
2808 3097 3103 3167 ὀφθαλμοῖς
3155 3098 3461 3166 κειμένους,

1899 3185 1993 3237 καὶ
2024 3184 2080 3235 έν
2114 3182 2260 3251 μέσῳ
2285 3180 2364 3248 τῷ
2391 3182 2489 3250 τῆς
2525 3176 2847 3247 οἰκουμένης
2867 3177 3295 3246 ἀγωνιζομένους
3334 3174 3461 3229 θεά-

1898 3278 2030 3331 τρῳ.
2065 3262 2156 3330 Μὴ
2188 3262 2293 3330 γὰρ
2317 3260 2383 3329 δὴ
2412 3256 2569 3310 τοῦτο
2600 3256 2741 3326 ἴδητε
2777 3256 2844 3319 ³⁵,
2877 3255 3063 3325 φησὶν,
3104 3256 3185 3307 ὅτι
3228 3256 3463 3309 ἐνταῦθα

1900 3340 2185 3409 καθήμεθα
2246 3338 2361 3401 νῦν,
2390 3337 2483 3390 καὶ
2516 3338 2575 3389 ἐν
2609 3334 2789 3405 μικρῷ
2817 3336 3019 3402 γωνίας
3051 3336 3217 3405 ἐσμὲν
3268 3337 3424 3409 μέρει
3445 3355 3458 3368 ·

1896 3417 2039 3471 οὓτω
2096 3418 2201 3489 γὰρ
2258 3417 2546 3487 κατάδηλοι
2587 3416 2775 3469 ἔσεσθε
2823 3415 3009 3480 πᾶσιν,
3054 3414 3250 3469 ὡσανεὶ
3308 3417 3461 3482 πόλις

1900 3503 2038 3574 ὑπὲρ
2061 3500 2305 3571 κορυφῆς
2336 3499 2493 3568 ὅρους
2520 3498 2767 3570 κειμένη,
2789 3494 2988 3551 ὡσανεὶ
3012 3496 3201 3568 λύχνος
3227 3500 3286 3551 ὲν
3318 3502 3464 3573 οίκίᾳ

1899 3583 2039 3651 ὑπὲρ
2063 3582 2105 3612 ³³
2149 3581 2248 3649 τῆς
2286 3579 2503 3649 λυχνίας
2534 3580 2758 3648 φαίνων.

1972 3660 2080 3713 Ποῦ
2133 3660 2228 3713 νῦν
2258 3660 2301 3691 ³⁷
2357 3661 2406 3711 οί
2453 3662 2519 3729 τῇ
2568 3659 2795 3729 δυνάμει
2848 3660 2943 3714 τοῦ
2999 3661 3235 3731 Χριστοῦ
3279 3663 3461 3716 διαπι-

1899 3740 2153 3803 στοῦντες
2182 3756 2197 3805 ;
2242 3739 2610 3792 Ἀκουέτωσαν
2644 3740 2838 3803 ταῦτα,
2868 3743 2963 3793 καὶ
2998 3742 3098 3810 τῆς
3129 3745 3465 3814 προφητείας

1893 3821 1994 3892 τὴν
2048 3819 2276 3888 δύναμιν
2336 3819 2722 3888 ἐκπλαγέντες,
2779 3822 3254 3890 προσκυνείτωσαν
3297 3825 3463 3880 αὐτοῦ

1894 3901 1994 3972 τὴν
2029 3898 2203 3969 ἰσχύν.
2243 3898 2525 3969 Ἐννόησον
2548 3898 2657 3968 γὰρ
2681 3900 2846 3971 ἡλίκα
2885 3901 3152 3972 ὑπέσχετο
3182 3907 3295 3969 τοῖς
3342 3907 3464 3962 οὐδὲ

1894 3984 1954 4035 ὲν
1980 3983 2047 4051 τῇ
2080 3979 2234 4052 χώρᾳ.
2255 3980 2553 4050 γνωρίμοις
2584 3976 2702 4033 οὖσι
2760 3984 2826 4052 τῇ
2868 3982 3049 4035 αὐτῶν
3069 4000 3083 4015 ·
3139 3985 3220 4037 ὅτι
3253 3989 3322 4056 γῆ
3369 3991 3464 4040 καὶ

1895 4065 2136 4118 θάλαττα
2183 4061 2378 4124 αὐτοὺς
2417 4061 2638 4125 εἴσεται,
2686 4061 2780 4113 καὶ
2824 4061 2962 4132 πρὸς
3011 4062 3080 4115 τὰ
3112 4066 3318 4136 πέρατα
3364 4067 3464 4136 τῆς

1893 4142 2218 4214 οἰκουμένης
2266 4140 2457 4211 ἥξουσι
2512 4142 2580 4209 τῇ
2621 4140 2810 4212 φήμῃ·
2868 4140 3065 4210 μᾶλλον
3111 4141 3167 4195 δὲ
3220 4144 3339 4196 οὐδὲ
3395 4149 3460 4216 τῇ

1896 4225 2057 4296 φήμῃ
2098 4222 2166 4288 ³⁸,
2221 4220 2356 4274 ἀλλὰ
2402 4219 2498 4271 καὶ
2539 4221 2605 4290 τῇ
2664 4220 2763 4290 τῆς
2811 4219 3127 4289 εὐεργεσίας
3190 4216 3459 4295 ἐνεργείᾳ,

1896 4305 2033 4360 Οὐδὲ
2064 4302 2176 4375 γὰρ
2194 4303 2229 4372 ή
2261 4301 2421 4371 φήμη
2450 4300 2693 4370 φέρουσα
2723 4300 3000 4370 πανταχοῦ
3046 4301 3235 4372 δήλους
3265 4304 3464 4369 αὐτοὺς

1896 4385 2177 4454 ἐποίησεν,
2231 4380 2367 4434 ἀλλὰ
2392 4381 2487 4433 καὶ
2511 4380 2650 4448 αὐτὴ
2673 4379 2809 4451 ήδιὰ
2840 4380 2950 4432 τῶν
2976 4380 3151 4451 ἔργων
3183 4381 3460 4447 ἐπίδειξις.

1897 4465 2169 4535 Καθάπερ
2219 4462 2329 4533 γὰρ
2383 4461 2681 4530 ὑπόπτεροι
2729 4462 3028 4531 γενόμενοι,
3088 4463 3189 4532 τῆς
3247 4464 3464 4528 ἀκτῖνος

1899 4544 2253 4615 σφοδρότερον
2276 4542 2372 4612 τὴν
2398 4542 2500 4612 γῆν
2526 4539 2828 4609 ἐπέδραμον
2865 4539 3103 4605 ἃπασαν,
3151 4542 3462 4614 σπείροντες

1897 4626 1997 4694 τῆς
2030 4623 2313 4687 εὐσεϐείας
2341 4624 2402 4677 τὸ
2430 4621 2566 4691 φῶς.
2612 4618 2877 4672 Ἐνταῦθα
2920 4622 2976 4674 δέ
3015 4639 3106 4693 μοι
3140 4625 3337 4688 αὐτοὺς
3373 4627 3465 4677 καί

1898 4707 2035 4776 πρὸς
2063 4705 2375 4777 παρρησίαν
2408 4704 2645 4773 ἀλείφειν
2667 4703 2850 4757 δοκεῖ’
2900 4706 2961 4758 τὸ
2993 4707 3091 4776 μὲν
3120 4708 3227 4774 γὰρ
3261 4707 3462 4765 εἰπεῖν.

1900 4789 1984 4843 Οὐ
2034 4787 2285 4840 δύναται
2339 4784 2518 4849 πόλις
2551 4782 2841 4852 κρυϐῆναι
2887 4786 3087 4840 ἐπάνω
3115 4786 3294 4855 ὅρους
3331 4804 3465 4840 κει--

1891 4869 2068 4940 μένη,
2102 4866 2201 4937 τὴν
2233 4864 2398 4920 αὐτοῦ
2427 4863 2653 4934 δύναμίν
2680 4865 2827 4919 ἐστιν
2849 4865 3201 4935 ἐμφαίνοντος
3220 4884 3235 4898 ο
3269 4867 3462 4939 ὥσπερ

1897 4951 2007 5019 γὰρ
2037 4949 2251 5018 ἐκείνην
2281 4945 2550 5016 κρυϐῆναι
2589 4945 2886 5015 ἀμήχανον,
2927 4945 3069 5000 οὕτω
3112 4948 3173 5000 τὸ
3205 4950 3464 5019 κήρυγμα

1898 5030 2157 5085 ἀδύνατον
2190 5028 2235 5062 ³⁸
2281 5027 2573 5098 σιγηθῆναι
2604 5026 2916 5083 καὶλαθεῖν.
2958 5028 3173 5099 Ἐπειδὴ
3198 5030 3308 5101 γὰρ
3338 5026 3460 5082 εἷπε

1896 5110 2169 5180 διωγμοὺς
2198 5109 2292 5162 καὶ
2321 5107 2656 5178 κακηγορίας
2698 5108 2793 5162 καὶ
2826 5108 3111 5172 ἐπιϐουλὰς
3157 5111 3252 5163 καὶ
3300 5109 3462 5163 πολέ-

1902 5207 2058 5263 μους,
2090 5189 2175 5242 ἵνα
2205 5189 2280 5259 μὴ
2307 5188 2602 5259 νομίσωσιν
2633 5188 2714 5240 ὅτι
2753 5186 2928 5241 ταῦτα
2950 5188 3146 5252 αὐτοὺς
3176 5188 3462 5259 ἐπιστομί-

1900 5289 1992 5326 σαι
2015 5269 2327 5340 δυνήσεται,
2357 5266 2641 5341 θαρρύνων
2668 5268 2862 5331 αὐτούς
2892 5286 3076 5341 φησιν,
3108 5271 3269 5326 ὅτιού
3302 5272 3466 5343 μόνον

1898 5354 1957 5407 οὐ
1980 5351 2225 5422 λήσεται,
2268 5349 2403 5402 ἀλλὰ
2451 5349 2547 5402 καὶ
2603 5348 2946 5419 καταλάμψει
2991 5350 3091 5421 τὴν
3138 5353 3463 5425 οἰκουμένην

1900 5435 2151 5488 ἃπασαν·
2186 5431 2283 5484 καὶ
2329 5429 2399 5482 δι’
2423 5428 2555 5481 αὐτὸ
2600 5430 2697 5498 μὲν
2739 5425 2832 5481 οὖν
2859 5428 3019 5482 τοῦτο
3054 5430 3270 5486 ἔσονται
3320 5433 3462 5502 λαμ-

1899 5514 2029 5583 προὶ
2073 5514 2167 5566 καὶ
2198 5510 2474 5581 ἐπίσημοι.
2513 5509 2698 5579 Τούτῳ
2749 5510 2848 5577 μὲν
2880 5506 2972 5563 οὖν
2998 5511 3094 5581 τὴν
3127 5510 3321 5565 ἑαυτοῦ
3365 5512 3460 5565 δύο

1899 5611 2063 5665 ναμιν
2090 5592 2449 5646 ἐνδείκνυταιο
2474 5589 2553 5660 τῷ
2572 5588 2631 5642 δὲ
2664 5589 2789 5659 ἑξῆς
2816 5590 2912 5660 τήν
2942 5592 3252 5662 παρρησίαν
3296 5593 3461 5644 ἁπαιο

1898 5676 1983 5726 τεῖ
2033 5672 2132 5743 τὴν
2175 5672 2302 5742 παρ’
2350 5668 2552 5736 αὐτῶν,
2591 5668 2732 5722 οὓτω
2764 5668 2966 5739 λέγων’
3017 5669 3169 5726 Οὐδὲ
3219 5670 3462 5725 καίουσι

1822 5785 1867 5817 ’⁵
1897 5782 2014 5854 καί]
2041 5783 2162 5836 οὐδέ
2194 5781 2331 5837 Edd.
2397 5782 2679 5855 ³⁸ὲτέρων]
2719 5782 2827 5837 τῶν
2851 5783 3053 5855 ἐτέρων
3085 5783 3221 5839 Edd.
3261 5787 3306 5818 ³⁷
3328 5786 3461 5840 Οὐδὲ

1817 5853 2027 5909 ένησθε.
2105 5855 2149 5884 ³⁸
2171 5853 2315 5909 ὑμᾶς
2334 5851 2470 5906 Mor.
2504 5853 2635 5907 Ben.
2707 5855 2752 5885 ³⁸
2781 5853 3104 5909 πράγματα]
3124 5854 3213 5909 Sic
3240 5855 3299 5909 Ε.
3334 5856 3461 5909 Ε.οι

216 5856 283 5908 Β.
312 5853 370 5908 F.
404 5853 540 5924 p.7p.
574 5853 838 5925 ὲφθορότα
865 5856 929 5908 A.
964 5855 1024 5909 C.
1051 5853 1166 5923 Ερζ
1228 5853 1272 5887 ’⁸
1295 5853 1474 5907 δίοΑ.
1510 5854 1567 5905 Β.
1597 5855 1796 5976 νυιῧογ

213 5926 603 6005 §:.~rr:_l)_;cun|
631 5924 1285 6005 Ιιιιειπρρζπροστάγματα
1318 5927 1396 6005 Αἒ
1500 5934 1669 6005 eltpr'.‘
1735 5941 1796 6005 ,ξ

1895 5853 2027 5924 τσθε.
2105 5855 2149 5884 ³⁸
2171 5853 2315 5922 ὑμᾶς
2334 5853 2470 5906 Mor.
2504 5853 2635 5907 Ben.
2662 5853 2677 5855 ⁷
2707 5855 2752 5885 ³⁸
2781 5853 3104 5926 πράγματα]
3124 5854 3213 5910 Sic
3240 5855 3299 5909 Ε.
3334 5856 3463 5910 Β.οι

1895 5922 2198 6005 ιῖαγμειρ·
2379 5923 2708 6005 ἀκεύσαγῖξς
2735 5923 2871 6005 EQ":
3021 5925 3255 6005 ἑαυιρύς.
3281 5925 3342 6005 ξ’·
3387 5926 3462 6005 ,τ’

1018 5996 1061 6028 ³⁸
1082 5992 1601 6066 καταπατηθήσεσθε
1633 5993 1691 6045 D.
1768 5992 1815 6066 ξ’
1848 5993 2186 6066 ᾃδῆτίμβάιί.
2214 5992 2426 6066 εἰδῆται
2587 5994 2634 6026 ⁸⁸
2658 5994 2820 6066 ὑπὲρ]
2850 5995 3052 6065 ὲπίΕρ.

2310 5923 2352 5954 ³¹
2379 5923 2708 5987 ἀκούσαντες
2735 5923 2871 5980 ΕιΙιΙ.
2940 5923 2990 5956 ⁷³³
3021 5923 3243 5989 ἑαυτούς
3281 5925 3342 5979 F.
3415 5926 3462 5959 ³³

2310 5992 2421 6060 ήται
2450 5994 2510 6047 D.
2587 5994 2634 6026 ³⁸
2658 5994 2820 6063 ὑπέρ]
2850 5995 3052 6063 ὲπίΕρ.
3128 5997 3170 6028 ³⁷
3195 5994 3309 6063 νῦν]
3337 5997 3459 6052 add.

3195 6013 3309 6052 νυνΙ
3337 6013 3459 6052 arm.

211 6067 360 6121 εἰσιν
388 6063 451 6120 Β.
475 6060 547 6121 F.
616 6066 662 6097 ⁸⁸
685 6060 864 6137 φήμῃ]
893 6064 1013 6121 add.
1041 6067 1203 6139 μόνον
1232 6065 1293 6121 1“.
1329 6060 1381 6134 [ί.
1413 6060 1464 6135 ρ.
1504 6063 1594 6117 καί
1618 6078 1725 6118 om.
1752 6060 1796 6115 A

1895 6060 1964 6118 εξ
2023 6060 2070 6095 ³⁹
2095 6062 2383 6132 σιγηθῆναι
2408 6063 2660 6121 ἀδύνατον
2680 6066 2746 6122 C.
2770 6060 3029 6122 ἀδύνατον
3049 6083 3159 6123 om.
3183 6072 3247 6121 Λ.
3280 6060 3320 6122 F
3331 6106 3345 6123 .
