4050 6364
266 434 372 492 933

276 553 524 605 accurate
554 542 717 596 vitam
739 534 1050 598 instiluatis,
1070 542 1232 604 atque
1253 535 1345 592 illo
1359 532 1540 597 modo,
1576 539 1637 586 ut
1659 529 1749 600 qui
1781 537 1862 582 to-

275 651 383 695 tum
414 637 602 691 orbem
629 640 946 688 convertere
973 627 1238 683 debeatis.
1268 624 1488 693 Dignam
1520 621 1678 692 igitur
1713 625 1863 672 tanta

271 730 441 799 gratia
472 725 728 781 exhibete
773 723 958 786 vitam,
987 727 1046 773 ut
1083 718 1223 772 sicut
1252 715 1340 770 illa
1369 713 1562 783 ubique
1612 708 1868 780 praedica-

278 834 382 886 tur,
409 821 489 874 sic
508 828 566 873 et
594 819 711 872 haec
733 830 858 872 cum
890 813 976 867 illa
1004 816 1308 866 concurrat.
1350 805 1552 861 Deinde
1575 801 1716 858 aliud
1747 807 1866 870 post

279 914 558 968 hominum
583 910 810 965 salutem
839 906 1044 960 lucrum
1073 901 1244 972 ponit,
1271 898 1412 970 quod
1447 905 1628 967 posset
1657 895 1775 948 illos
1800 892 1868 948 ad

275 1005 539 1072 majorem
575 996 990 1054 sollicitudinem
1017 992 1490 1059 omnimodumque
1515 987 1747 1042 studium
1774 1000 1866 1040 ex-

273 1098 466 1151 citare.
495 1093 630 1148 Nam
658 1092 703 1146 si
745 1100 890 1145 recte
911 1087 1121 1150 vivatis,
1153 1083 1345 1155 inquit,
1371 1096 1476 1136 non
1509 1079 1670 1135 modo
1698 1087 1868 1133 totum

273 1187 464 1243 orbem
512 1182 892 1245 emendabitis,
923 1178 1016 1234 sed
1060 1177 1220 1234 etiam
1265 1175 1317 1229 id
1345 1173 1588 1228 efﬁcietis
1628 1179 1686 1225 ut
1728 1169 1869 1225 Deus

272 1279 644 1350 gloriﬁcetur:
677 1274 721 1328 si
751 1288 882 1327 vero
907 1280 1096 1326 contra
1125 1267 1380 1331 feceritis,
1400 1274 1456 1320 et
1483 1263 1728 1318 homines
1750 1276 1871 1332 per-

271 1370 437 1432 detis,
466 1368 629 1438 idque
652 1363 900 1419 efﬁcietis
930 1371 985 1416 ut
1011 1363 1149 1416 Deus
1177 1357 1596 1428 blasphemetur.

347 1461 404 1515 8.
446 1457 616 1512 Virtus
658 1457 812 1511 latere
848 1453 1052 1525 nequit;
1093 1451 1237 1504 illam
1272 1447 1488 1517 improbi
1528 1447 1627 1517 ipsi
1653 1446 1706 1499 in
1745 1461 1869 1498 cou-

275 1552 488 1606 scientia
516 1567 611 1603 sua
639 1548 869 1602 laudant.
897 1544 1065 1600 Filius
1107 1542 1318 1613 wqualis
1348 1539 1515 1594 Patri.
1544 1569 1614 1580 —
1639 1538 1704 1592 Et
1732 1552 1869 1609 quo-

276 1645 461 1710 modo,
516 1643 744 1712 inquies,
799 1653 896 1709 per
925 1651 1023 1692 nos
1070 1633 1452 1706 glorilicabitur
1506 1630 1768 1694 Christus,
1823 1630 1869 1684 si

275 1737 436 1792 nobis
463 1734 710 1788 homines
734 1728 1066 1786 maledicturi
1097 1727 1246 1781 sint?
1276 1726 1347 1779 At
1376 1738 1482 1778 non
1509 1737 1695 1777 omnes
1720 1736 1735 1783 ;
1764 1721 1870 1775 imo

280 1828 372 1896 qui
395 1826 450 1881 id
477 1826 692 1890 facient,
724 1823 775 1878 id
806 1837 875 1877 ex
902 1819 1099 1875 invidia
1128 1816 1360 1873 facient:
1386 1813 1547 1868 invidi
1579 1821 1760 1866 autem
1787 1810 1866 1866 illi

277 1923 330 1975 in
357 1919 699 1974 conscientia
740 1929 839 1971 sua
865 1928 960 1968 vos
987 1911 1322 1966 mirabuntur
1349 1917 1506 1977 atque
1533 1905 1822 1976 suspicient
1853 1922 1865 1958 :

271 2010 732 2085 quemadmodum
771 2017 825 2061 et
853 2007 889 2061 ii
925 2006 1016 2076 qui
1047 2003 1221 2074 palam
1271 1999 1528 2071 improbis
1563 1997 1868 2063 adulantur,

277 2115 462 2161 mente
495 2102 717 2158 eosdem
744 2099 1118 2155 criminantur.
1164 2094 1300 2162 Quid
1339 2108 1467 2163 ergo
1497 2090 1774 2162 praecipis?
1800 2105 1870 2144 an

276 2210 335 2254 ut
362 2198 431 2253 ad
457 2195 873 2252 ostentationem
900 2200 957 2247 et
995 2191 1214 2244 honoris
1252 2186 1536 2255 aucupium
1580 2181 1864 2238 vivamus?

277 2293 468 2354 Absit,
515 2303 624 2344 non
664 2285 720 2342 id
746 2284 885 2340 dico.
915 2282 1098 2353 Neque
1126 2278 1270 2335 enim
1297 2278 1428 2340 dixi,
1457 2275 1519 2331 ω
1550 2274 1780 2336 studete,
1813 2281 1872 2326 ut

276 2386 420 2440 bona
450 2396 619 2453 opera
646 2387 820 2435 vestra
843 2377 895 2431 in
927 2374 1159 2430 medium
1189 2370 1471 2442 proferatis
1505 2383 1714 2440 :neque
1739 2365 1871 2432 dixi,

279 2477 551 2533 Exhibete
567 2473 653 2527 illa
680 2488 696 2537 ;
720 2469 834 2534 sed,
853 2467 1038 2521 Lucem
1065 2466 1154 2519 lux
1166 2473 1367 2526 vestra;
1395 2457 1559 2515 multa
1587 2460 1658 2515 sit
1679 2460 1870 2527 virtus,

278 2569 539 2638 copiosus
561 2564 715 2635 ignis,
750 2562 842 2616 lux
866 2557 1166 2614 ineffabilia.
1192 2554 1328 2609 Cum
1360 2553 1502 2608 enim
1529 2560 1676 2606 tanta
1699 2551 1869 2604 virtus

285 2660 376 2723 sit,
411 2657 531 2712 ﬁeri
557 2670 661 2709 non
680 2659 859 2724 potest
883 2659 940 2704 ut
961 2649 1142 2712 lateat,
1171 2644 1382 2701 etiamsi
1403 2643 1448 2697 is
1470 2643 1558 2712 qui
1581 2641 1725 2697 illam
1755 2656 1878 2710 pos-

282 2750 424 2806 sidet
447 2791 463 2814 ,
495 2743 806 2802 omnimodo
827 2757 950 2797 eam
981 2739 1263 2794 obscuram
1292 2748 1413 2790 esse
1441 2733 1588 2789 velit.
1640 2732 1878 2802 lrrepre-

279 2839 605 2895 hensibilem
633 2836 794 2906 igitur
814 2833 917 2888 illis
943 2829 1192 2886 exhibete
1220 2828 1402 2892 vitam,
1442 2825 1744 2894 nullamque
1787 2839 1879 2878 ve-

284 2949 402 2987 ram
432 2931 666 2986 habeant
697 2924 979 2982 accusandi
1006 2921 1378 2985 occasionem;
1401 2918 1609 2974 etiamsi
1639 2917 1878 2973 sexcenti

287 3031 632 3079 accusatores
652 3018 850 3082 adsint,
877 3030 1038 3070 nemo
1067 3027 1162 3067 vos
1198 3011 1490 3065 obscurare
1515 3009 1725 3078 poterit.
1755 3007 1880 3062 Pul-

280 3117 414 3170 chre
438 3114 596 3176 dixit,
644 3108 778 3164 Lux.
809 3107 952 3163 Nihil
995 3106 1139 3161 enim
1194 3101 1466 3157 hominem
1490 3101 1568 3155 sic
1615 3101 1880 3156 illustrem

299 3207 488 3272 efficit,
515 3202 728 3259 etiamsi
756 3213 974 3271 prorsus
1000 3197 1166 3251 latere
1188 3195 1335 3259 velit,
1374 3203 1435 3248 ut
1457 3193 1668 3248 virtutis
1693 3191 1878 3261 splen-

284 3301 407 3354 dor.
455 3297 607 3354 Sicut
633 3294 773 3349 enim
815 3293 933 3362 ipso
971 3290 1131 3346 solari
1181 3288 1329 3342 radio
1383 3286 1761 3350 circumdatus,
1809 3286 1879 3340 ita

287 3391 452 3444 etiam
477 3388 677 3444 clarius
707 3385 951 3453 refulget,
1005 3397 1111 3436 non
1144 3381 1198 3434 in
1231 3389 1427 3435 terram
1469 3387 1671 3431 tantum
1703 3375 1881 3431 radios

289 3484 571 3545 emittens,
597 3477 690 3535 sed
714 3478 890 3548 ipsum
920 3475 1110 3529 caelum
1156 3468 1563 3526 transcendcns.
1595 3468 1727 3522 Hinc
1756 3467 1876 3522 illos

285 3573 580 3629 admodum
607 3569 934 3625 consolatur.
967 3564 1101 3620 Nam
1145 3564 1190 3617 si
1219 3563 1284 3617 de
1311 3559 1608 3616 maledictis
1627 3601 1643 3626 ,
1673 3558 1880 3628 inquit,

289 3667 516 3726 doletis.
551 3663 703 3716 multi
736 3660 897 3715 etiam
924 3664 1084 3713 erunt
1103 3655 1192 3726 qui
1217 3661 1435 3724 propter
1463 3667 1557 3706 vos
1587 3652 1752 3706 Deum
1779 3650 1876 3704 ad-

290 3760 580 3814 mirentur.
629 3752 892 3820 Utrinque
934 3762 1062 3803 vero
1090 3746 1355 3816 colligitur
1403 3757 1644 3808 merces,
1674 3752 1880 3798 etcum

290 3858 515 3918 propter
537 3859 632 3898 vos
663 3843 803 3897 Deus
830 3837 1161 3912 gloriﬁcatur
1184 3877 1200 3904 ,
1232 3842 1288 3890 et
1309 3849 1433 3889 cunt
1465 3842 1683 3904 propter
1713 3833 1882 3887 Deum

296 3955 398 3996 vos
450 3935 750 3994 maledictis
789 3930 1138 3988 incessimini.
1198 3928 1407 3983 Etenim
1435 3942 1505 3982 ne
1533 3926 1672 3981 male
1691 3925 1883 3982 audire

287 4033 604 4090 studeamus
633 4071 648 4096 ,
691 4027 830 4098 quod
858 4024 1208 4081 didicerimus
1231 4021 1361 4076 hinc
1399 4019 1675 4091 praemium
1702 4032 1886 4088 repor-

293 4128 395 4182 tari
427 4166 442 4191 ,
471 4139 580 4177 non
611 4119 741 4176 illud
770 4116 1084 4186 simpliciter
1133 4112 1326 4183 posuit,
1378 4110 1472 4164 sed
1517 4125 1637 4164 cum
1679 4108 1886 4164 duabus

291 4211 728 4274 distinctionibus
752 4226 768 4276 ;
823 4222 1020 4276 nempe
1055 4220 1177 4261 cum
1206 4204 1338 4259 falsa
1366 4202 1615 4257 dicuntur
1637 4242 1653 4267 ,
1679 4210 1736 4256 et
1762 4216 1884 4256 cum

294 4317 517 4381 propter
571 4306 739 4360 Deum
781 4297 1154 4356 maledicimur
1194 4293 1576 4363 :ostenditque
1627 4307 1731 4346 non
1756 4291 1882 4346 illud

295 4413 527 4468 tantum,
567 4399 662 4456 sed
708 4397 868 4454 etiam
911 4396 1050 4451 bene
1090 4391 1276 4447 audire
1320 4390 1546 4446 multum
1576 4386 1768 4442 afferre
1807 4385 1890 4440 lu-

289 4511 470 4562 crum,
502 4492 672 4563 gloria
696 4491 748 4544 in
780 4489 950 4543 Deum
975 4491 1331 4539 transeunte:
1363 4482 1609 4548 bonaque
1645 4477 1764 4532 illos
1793 4492 1888 4546 spe

291 4591 468 4647 fulcit.
496 4586 614 4642 Non
638 4584 785 4640 enim
811 4588 1012 4636 tantam
1043 4577 1148 4631 vim
1175 4575 1414 4638 habent,
1446 4572 1637 4642 inquit,
1665 4570 1884 4640 iniquo-

295 4698 416 4738 rum
445 4676 753 4739 maledicta,
787 4681 844 4727 ut
871 4672 1006 4725 alios
1036 4670 1105 4723 ita
1149 4665 1502 4721 obtenebrare
1533 4662 1778 4732 possint,
1830 4668 1889 4714 ut

297 4776 476 4829 luceat
508 4777 742 4824 vestram
771 4779 876 4817 non
906 4760 1138 4816 videant.
1161 4756 1295 4812 Cum
1324 4756 1465 4810 enim
1498 4753 1740 4808 iufatnati
1772 4751 1888 4806 fue-

300 4867 421 4922 ritis
447 4906 467 4932 ,
495 4871 624 4917 tunc
665 4866 875 4912 tantum
909 4868 1007 4908 vos
1032 4848 1455 4912 conculcabunt;
1485 4860 1589 4900 non
1616 4858 1743 4899 vero
1768 4858 1890 4898 cum

301 4966 447 5012 recta
479 4953 742 5007 facientes
771 4942 1114 5001 accusamini.
1156 4940 1308 4995 Tunc
1354 4938 1497 4993 enim
1528 4936 1678 4990 multi
1706 4944 1884 4998 erunt,

297 5049 391 5119 qui
424 5044 764 5101 mirabuntur
793 5053 897 5092 non
946 5051 1040 5090 vos
1085 5041 1326 5094 tantum,
1358 5029 1452 5085 sed
1475 5038 1691 5099 prepter
1718 5041 1813 5082 vos
1838 5035 1893 5082 et

304 5142 518 5198 Patrem
546 5143 808 5191 vestrum.
835 5130 946 5185 Nec
971 5128 1126 5192 dixit,
1159 5126 1349 5190 Deum,
1370 5123 1484 5187 sed,
1518 5122 1750 5186 Patrem,
1778 5121 1890 5190 jam

302 5232 511 5289 semina
550 5227 760 5297 jaciens
807 5220 1096 5277 nobilitatis
1141 5216 1283 5271 illius
1338 5214 1470 5284 ipsis
1527 5211 1889 5268 conferendae.

307 5323 508 5382 Deinde
538 5319 758 5375 honoris
783 5313 1137 5384 :equalitatem
1163 5309 1463 5373 declarans,
1493 5321 1612 5361 cum
1645 5305 1892 5374 superius

303 5420 531 5476 dixisset
563 5433 577 5468 :
606 5412 686 5468 Ne
707 5405 1096 5467 contristemini
1125 5418 1248 5460 cum
1273 5401 1412 5456 male
1439 5398 1752 5463 audieritis;
1780 5397 1890 5451 suf-

310 5511 422 5565 ﬁcit
437 5507 585 5562 enim
608 5502 760 5559 vobis
799 5498 939 5570 quod
968 5503 1186 5567 propter
1215 5509 1300 5548 me
1354 5491 1451 5546 ista
1490 5488 1718 5544 audiatis
1749 5505 1764 5543 :
1792 5487 1896 5543 hoc

308 5606 430 5660 loco
475 5601 691 5657 Patrem
737 5595 924 5666 ponit,
955 5589 1312 5662 arqualitatem
1359 5584 1553 5654 ubique.
1593 5582 1891 5637 declarans.

304 5697 447 5754 Cum
491 5692 654 5763 igitur
684 5690 917 5744 sciamus
944 5690 1200 5754 quantum
1230 5678 1362 5733 lucri
1405 5692 1471 5731 ex
1501 5676 1598 5729 hac
1626 5673 1896 5744 diligentia

308 5796 670 5859 reponemus,
697 5789 751 5836 et
778 5787 1033 5850 quantum
1059 5788 1127 5829 ex
1151 5768 1396 5827 socordia
1420 5765 1714 5838 periculum
1744 5779 1897 5820 cree-

309 5855 398 5943 tur
425 5881 636 5954 (nostra
657 5873 854 5949 quippe
879 5867 1116 5943 pernicie
1136 5864 1304 5922 multo
1330 5860 1479 5935 pejus
1499 5866 1601 5930 est,
1630 5855 1772 5930 quod
1792 5857 1897 5915 Do-

1457 415 1521 474 ΙΝ
1558 408 1960 473 ΜΑΤΤΙῘᾹΞΠΜ
1999 409 2227 467 ΗΟΜΠ..
2271 409 2384 465 XV.

3448 412 3556 470 23h

1973 525 2154 580 minus
2198 533 2381 581 noster
2407 523 2806 596 hlaSphemetur
2858 525 3250 598 prepternos)
3275 567 3291 595 ,
3318 527 3436 584 sine
3474 535 3558 586 ot-

1973 615 2219 672 fensione
2270 617 2437 672 simus
2475 625 2529 672 et
2555 614 2752 671 Judmis
2778 624 2833 670 et
2861 616 3108 687 gentibus
3133 659 3148 682 ,
3206 627 3260 673 et
3301 617 3556 675 Ecclesia:

1975 707 2094 773 Dei,
2128 708 2394 778 vitamque
2439 708 2553 763 sole
2593 708 3006 778 splendidiorem
3034 709 3402 779 exhibeamus,
3429 722 3484 768 et
3511 716 3556 768 si

1977 801 2302 856 maledicere
2347 801 2468 871 quis
2495 801 2658 867 velit,
2689 817 2758 856 ne
2797 801 3073 856 doleamus
3092 843 3106 867 ,
3137 801 3182 857 si
3213 804 3350 858 male
3376 804 3558 860 audia-

1972 907 2112 960 mus,
2141 893 2236 948 sed
2257 893 2302 949 si
2330 894 2521 949 merito
2550 894 2690 949 male
2716 893 3011 949 audiamus.
3037 894 3094 949 Si
3119 895 3261 951 enim
3289 895 3342 951 in
3367 898 3559 968 nequi-

1975 987 2048 1042 tia
2079 988 2318 1042 vivamus
2342 1027 2358 1053 ,
2388 988 2488 1043 etsi
2519 1001 2678 1042 nemo
2729 987 2800 1042 sit
2840 989 2927 1056 qui
2975 987 3254 1042 maledicat
3276 1029 3292 1053 ,
3321 990 3557 1044 omnium

1973 1077 2257 1135 miserrimi
2285 1092 2504 1145 sumus;
2534 1078 2578 1133 si
2596 1086 2773 1132 autem
2795 1078 3045 1132 virtutem
3066 1077 3324 1148 colamus,
3348 1079 3562 1135 etiamsi

1973 1177 2118 1224 totus
2145 1168 2292 1224 orbis
2330 1169 2484 1225 nobis
2509 1168 2791 1224 maledicat
2815 1210 2831 1236 ,
2862 1169 3063 1224 erimus
3090 1170 3328 1225 omnium
3358 1171 3562 1227 beatis-

1975 1264 2099 1318 simi
2128 1303 2145 1330 ,
2176 1272 2233 1320 et
2258 1278 2354 1319 eos
2383 1278 2572 1318 omnes
2600 1263 2688 1334 qui
2740 1263 2970 1318 salutem
2997 1265 3253 1335 consequi
3280 1265 3466 1332 velint,
3491 1266 3560 1322 ad

1971 1368 2072 1410 nos
2101 1354 2471 1424 pertrahemus
2504 1372 2517 1408 :
2546 1369 2654 1409 non
2691 1355 2835 1410 enim
2867 1355 3163 1411 maledictis
3190 1357 3555 1426 improborum

1972 1446 2206 1502 animum
2248 1447 2610 1515 adhibebunt,
2665 1447 2760 1504 sed
2811 1447 2932 1503 vitze
2991 1463 3111 1504 cum
3153 1450 3347 1507 virtute
3393 1459 3553 1507 actae.

1976 1539 2186 1595 Etenim
2209 1541 2330 1596 tuba
2360 1541 2586 1596 clariora
2639 1550 2764 1596 sunt
2793 1556 2954 1611 Opera
2986 1541 3148 1609 bona,
3182 1542 3295 1613 ipsa
3335 1543 3453 1599 luce
3474 1545 3558 1599 lu-

1974 1631 2146 1686 cidior
2190 1632 2296 1686 vita
2327 1647 2490 1702 pura,
2522 1632 2732 1687 etiamsi
2779 1632 3042 1688 innumeri
3086 1633 3192 1687 sint
3233 1633 3269 1688 ii
3295 1636 3384 1705 qui
3413 1636 3548 1692 oblo-

1973 1732 2223 1792 quantur.
2255 1724 2311 1779 Si
2335 1723 2479 1779 enim
2509 1725 2687 1779 omnia
2707 1725 3008 1794 supradicta
3040 1724 3352 1793 habeamus,
3381 1728 3426 1782 si
3453 1730 3561 1783 mi-

1975 1821 2076 1879 tes,
2100 1813 2330 1870 humiles
2358 1829 2421 1870 ac
2461 1814 2838 1870 misericordes
2881 1815 3050 1869 simus
3071 1855 3086 1880 ,
3138 1816 3183 1870 si
3214 1817 3341 1870 item
3367 1817 3482 1886 puri
3507 1827 3561 1873 et

1976 1907 2202 1976 pacifici,
2249 1920 2313 1961 ac
2341 1907 2481 1962 male
2526 1905 2806 1961 audientes
2834 1920 2940 1959 non
2968 1905 3262 1960 referamus
3289 1907 3558 1977 injuriam,

1976 1999 2085 2052 imo
2111 1999 2272 2053 etiam
2291 1998 2639 2069 gaudeamus,
2661 2013 2765 2054 non
2796 1999 2971 2054 minus
2997 2014 3153 2068 quam
3184 2015 3282 2069 per
3308 2001 3560 2058 miracula

1973 2099 2306 2161 spectatores
2348 2091 2414 2146 ad
2439 2106 2538 2146 nos
2568 2091 2962 2162 pertrahemus,
3013 2091 3345 2163 libenterque
3373 2109 3562 2150 omnes

1976 2182 2044 2237 ad
2074 2199 2170 2238 nos
2218 2183 2514 2249 accedent,
2542 2183 2656 2238 sive
2685 2182 2794 2238 fera
2825 2184 2943 2254 quis
2970 2182 3150 2249 fuerit,
3183 2183 3296 2240 sive
3321 2182 3555 2252 daemon,

1976 2283 2069 2328 aut
2117 2274 2326 2345 quidvis
2353 2275 2518 2329 aliud.
2564 2274 2620 2331 Si
2661 2275 2878 2344 quidam
2919 2273 3273 2339 maledicam,
3325 2289 3393 2330 ne
3440 2274 3561 2330 ideo

1977 2365 2227 2430 turbet-is,
2251 2380 2424 2436 neque
2442 2379 2600 2420 cures
2619 2366 2664 2420 si
2691 2374 2743 2420 te
2762 2365 2932 2434 palam
2946 2364 3272 2420 contumelia
3294 2363 3558 2430 afﬁciant;

1975 2455 2073 2510 sed
2131 2470 2317 2510 eorum
2364 2455 2746 2511 conscientiam
2795 2454 3040 2524 explora,
3093 2464 3150 2510 et
3193 2454 3397 2511 videbis
3441 2455 3563 2512 illos

1976 2545 2312 2616 plaudentes,
2347 2547 2602 2601 mirantes
2623 2587 2639 2612 ,
2669 2555 2724 2601 et
2747 2546 2894 2600 mille
2929 2545 3071 2600 intus
3100 2545 3344 2601 laudibus
3363 2561 3562 2602 ornan-

1981 2647 2080 2692 tes.
2134 2637 2266 2692 Vide
2308 2637 2468 2708 igitur
2509 2651 2616 2708 quo
2652 2645 2808 2707 pacto
2836 2635 3327 2692 Nabuchodonosor
3367 2650 3564 2706 pueros

1983 2729 2038 2784 in
2089 2729 2305 2784 fornace
2349 2729 2544 2794 laudet,
2593 2728 2802 2783 etiamsi
2835 2727 3003 2782 hostis
3032 2727 3380 2797 inimicusque
3422 2740 3565 2784 esset

1979 2821 2144 2892 (Dan.
2172 2821 2241 2893 3)
2272 2839 2286 2875 :
2317 2820 2412 2876 sed
2455 2821 2578 2891 quin
2607 2819 2739 2874 vidit
2785 2818 2995 2874 fortiter
3019 2827 3241 2885 stantes,
3276 2819 3395 2873 illos
3421 2834 3563 2890 prae-

1980 2912 2122 2967 dicat
2144 2921 2199 2966 et
2227 2920 2466 2978 coronat,
2501 2927 2606 2966 non
2633 2911 2735 2964 alia
2761 2910 2830 2966 de
2851 2925 3034 2972 causa,
3054 2909 3156 2964 nisi
3181 2909 3304 2980 quia
3333 2911 3429 2980 ipsi
3459 2927 3566 2967 non

1979 3001 2440 3071 obtemperantes,
2469 3002 2639 3071 legem
2669 3000 2760 3055 Dei
2785 3000 3085 3055 audierant.
3119 2999 3368 3054 Diabolus
3396 3000 3561 3066 enim,

1982 3109 2104 3148 cum
2136 3093 2282 3149 videt
2305 3109 2364 3148 se
2386 3093 2517 3148 nihil
2537 3091 2819 3162 proﬁcere,
2843 3090 3057 3146 demum
3081 3090 3342 3157 abscedit,
3373 3091 3566 3146 timens

1983 3203 2052 3241 ne
2083 3187 2261 3257 plures
2305 3187 2460 3242 nobis
2500 3199 2730 3240 coronas
2775 3184 3043 3239 conciliet.
3086 3183 3218 3237 Cum
3266 3193 3448 3239 autem
3478 3185 3567 3240 ille

1984 3277 2315 3343 discesserit,
2343 3278 2682 3347 quantumvis
2724 3274 3058 3330 facinorosns
3084 3283 3140 3329 et
3165 3275 3426 3330 scelestus
3447 3275 3568 3345 quis

1984 3370 2164 3433 fuerit,
2211 3369 2420 3424 sublata
2444 3368 2532 3422 illa
2561 3367 2788 3438 caligine
2829 3368 3080 3421 virtutem
3109 3375 3381 3435 agnoscet.
3411 3365 3569 3435 Quod

1985 3465 2030 3518 si
2057 3463 2302 3518 homines
2319 3479 2351 3516 a
2377 3470 2526 3517 recto
2557 3460 2837 3516 ratiocinio
2865 3458 3171 3525 deﬁectant,
3200 3473 3231 3513 a
3263 3457 3372 3513 Deo
3393 3460 3567 3528 majo-

1986 3571 2101 3611 rem
2127 3555 2533 3610 admirationem
2565 3552 2885 3620 laudemque
2909 3549 3131 3605 referes.

2062 3649 2125 3703 9.
2154 3645 2232 3702 Ne
2259 3645 2443 3701 doleas
2469 3645 2666 3715 itaque,
2703 3658 2876 3713 neque
2918 3642 3096 3697 animo
3124 3641 3374 3698 concidas
3402 3659 3416 3697 :
3447 3657 3571 3699 nam

1986 3748 2042 3795 ct
2062 3737 2289 3809 apostoli
2309 3736 2427 3791 aliis
2447 3735 2663 3806 quidem
2682 3743 2834 3790 erant
2861 3732 2995 3788 odor
3019 3733 3229 3796 mortis,
3252 3733 3372 3787 aliis
3391 3743 3570 3788 autem

1987 3831 2122 3888 odor
2143 3831 2268 3886 vita:
2299 3829 2374 3900 (2.
2401 3826 2522 3884 Cor.
2563 3827 2618 3881 2.
2651 3827 2719 3882 16
2745 3828 2784 3895 ).
2817 3824 2948 3880 Nam
2976 3825 3022 3879 si
3053 3833 3108 3879 tu
3139 3824 3338 3878 nullam
3379 3838 3571 3879 ansam

1988 3922 2222 3987 dederis,
2245 3920 2314 3975 ab
2333 3918 2478 3975 omni
2506 3917 2731 3972 crimine
2771 3914 3051 3979 liberaris;
3086 3914 3194 3968 imo
3220 3913 3426 3968 beatior
3446 3912 3576 3969 effe-

1988 4022 2107 4068 ctus
2135 4027 2214 4066 es.
2245 4009 2550 4080 Resplende
2576 4009 2734 4079 igitur
2757 4006 2808 4061 in
2839 4007 2966 4070 vita,
2989 4013 3043 4059 et
3077 4003 3368 4058 maledicos
3388 4018 3455 4057 ne
3481 4018 3575 4058 cu-

1990 4120 2098 4160 res.
2131 4104 2247 4160 Non
2277 4111 2455 4174 potest
2483 4102 2625 4156 enim
2645 4143 2662 4168 ,
2689 4114 2794 4155 non
2823 4107 2996 4170 potest
3031 4112 3162 4153 sane
3182 4098 3271 4168 qui
3317 4097 3569 4152 virtutem

1991 4200 2120 4255 colit
2147 4213 2257 4253 non
2301 4197 2499 4252 multos
2528 4195 2727 4250 habere
2774 4192 3038 4248 inimicos.
3068 4190 3173 4246 Sed
3224 4189 3354 4244 nihil
3383 4188 3574 4244 horum

1993 4293 2161 4362 probo
2192 4305 2389 4346 nocere
2431 4297 2610 4359 potest
2637 4304 2651 4342 :
2701 4301 2796 4356 per
2826 4285 2940 4340 haec
2978 4285 3121 4339 enim
3150 4283 3307 4353 longe
3334 4281 3576 4353 splendi-

1990 4383 2112 4438 dior
2138 4382 2261 4437 erit.
2293 4380 2419 4436 Haec
2445 4380 2624 4449 itaque
2650 4377 2966 4447 cogitantes,
2998 4388 3161 4428 unum
3213 4379 3416 4425 tantum
3447 4384 3576 4426 sco-

1991 4490 2118 4545 pum
2148 4473 2437 4527 habeamus
2458 4512 2474 4538 ,
2519 4485 2640 4526 cum
2669 4466 2939 4537 diligentia
2986 4473 3223 4518 nostram
3262 4462 3580 4530 dispensare

1994 4568 2155 4621 vitam
2184 4584 2198 4619 :
2229 4565 2305 4618 sic
2321 4562 2464 4619 enim
2489 4577 2586 4617 eos
2609 4559 2700 4630 qui
2725 4560 2776 4612 iu
2805 4556 3040 4612 tenebris
3065 4555 3274 4618 sedent,
3294 4552 3364 4607 ad
3385 4567 3580 4622 super-

1993 4675 2119 4714 nam
2142 4658 2303 4712 vitam
2333 4654 2484 4725 quasi
2512 4667 2672 4708 manu
2690 4649 2964 4705 ducemus.
2994 4647 3160 4700 Tanta
3188 4644 3391 4700 scilicet
3421 4643 3580 4713 hujus

1994 4750 2129 4805 lucis
2162 4749 2240 4803 vis
2291 4755 2403 4810 est,
2447 4754 2505 4799 ut
2547 4757 2655 4798 non
2705 4741 2793 4795 hic
2841 4747 3043 4793 tantum
3095 4735 3329 4805 fulgeat,
3385 4733 3479 4792 sed
3528 4742 3583 4788 et

1968 4851 2280 4912 .sequentes
2329 4853 2392 4893 se
2434 4835 2527 4890 illo
2561 4833 2807 4888 deducat.
2851 4830 2985 4884 Cum
3030 4828 3175 4884 enim
3217 4840 3317 4882 nos
3351 4825 3586 4880 viderint

1998 4931 2277 5004 praesentia
2321 4928 2502 4984 omnia
2555 4924 2910 4994 despicientes
2961 4929 3018 4976 et
3059 4919 3124 4975 ad
3162 4917 3334 4973 futura
3373 4932 3586 4987 praepa-

1997 5033 2141 5080 ratos
2163 5064 2180 5090 ,
2225 5020 2479 5092 operibus
2515 5017 2683 5087 magis
2717 5029 2875 5086 quam
2902 5011 3084 5069 verbis
3115 5009 3583 5079 obtemperabunt.

1997 5115 2129 5183 Quis
2151 5115 2294 5169 enim
2324 5121 2406 5168 est
2432 5111 2504 5165 ita
2529 5109 2725 5164 stultus
2748 5148 2764 5174 ,
2806 5106 2896 5176 qui
2937 5104 3121 5159 videns
3167 5103 3435 5157 hominem
3468 5100 3585 5156 heri

1998 5218 2053 5263 et
2077 5206 2270 5262 nudius
2295 5202 2482 5260 tertius
2521 5201 2860 5256 deliciantem
2885 5205 2939 5252 et
2960 5196 3202 5259 divitem,
3228 5193 3338 5263 jam
3369 5203 3587 5247 exutum

1999 5298 2248 5355 omnibus
2299 5304 2354 5351 et
2395 5309 2500 5350 ceu
2541 5292 2812 5346 volucrem
2843 5287 3091 5344 effectum
3114 5328 3129 5352 ,
3157 5285 3224 5340 ad
3271 5284 3497 5347 famem,
3532 5291 3589 5338 et

2001 5397 2388 5464 paupertatem,
2423 5385 2491 5441 ad
2518 5381 2933 5439 maccrationem
2961 5392 3199 5444 omnem,
3232 5376 3298 5430 ad
3326 5375 3584 5445 pericula,

2000 5484 2068 5538 ad
2089 5481 2399 5552 sanguinem
2431 5475 2779 5541 fundendum,
2811 5471 2881 5525 ad
2915 5484 3100 5524 necem
3131 5476 3291 5537 atque
3313 5464 3381 5520 ad
3406 5465 3586 5518 omnia

2002 5590 2123 5646 qum
2174 5573 2304 5627 dura
2358 5575 2676 5639 reputantur
2726 5570 2992 5635 paratum,
3046 5573 3152 5614 non
3204 5558 3330 5612 hinc
3381 5556 3584 5610 clarum

2003 5666 2230 5736 accipiat
2277 5664 2569 5717 futurorum
2596 5657 3002 5727 argumentum?
3043 5650 3099 5705 Si
3135 5664 3264 5705 vero
3307 5649 3590 5718 praesenti-

2006 5761 2106 5817 bus
2133 5770 2230 5813 nos
2270 5753 2627 5826 implicemus,
2657 5756 2815 5817 atque
2843 5745 2895 5799 in
2937 5743 3042 5798 illis
3070 5756 3169 5796 nos
3193 5741 3588 5810 immergamus,

2009 5849 2280 5926 quomodo
2308 5846 2529 5905 credere
2583 5850 2874 5914 poterunt,
2927 5851 3026 5894 nos
3051 5835 3117 5892 ad
3147 5835 3308 5892 aliam
3339 5833 3593 5892 festinare
