4050 6364
475 373 584 437 πε

485 511 756 584 μοιῆηῖ
801 509 941 579 Qum
983 523 1121 564 vero
1157 507 1314 564 nobis
1359 507 1577 566 demum
1619 503 1725 560 erit
1767 499 2058 563 excusatio,

474 611 604 659 eum
629 620 734 658 non
765 611 966 658 tantum
1004 601 1181 655 valeat
1207 598 1346 670 apud
1387 612 1489 653 nos
1527 596 1623 652 Dei
1667 597 1858 660 timor,
1886 608 2058 664 quan-

484 704 598 749 tum
654 693 819 746 valuit
872 690 1014 762 apud
1073 690 1384 746 Graecorum
1430 687 1778 759 philosophos
1829 688 2059 740 humana

479 784 692 855 gloria?
715 784 846 847 Nam
875 783 1093 838 illorum.
1114 782 1327 852 quidam
1363 780 1626 850 pecunias
1641 778 1949 848 abiecerunt
1970 818 1985 841 ,
2006 787 2066 832 et

481 889 713 934 mortem
752 883 1210 945 contempserunt,
1252 883 1312 929 ut
1348 889 1468 929 sese
1505 872 1810 928 hominibus
1835 879 2062 928 ostenta-

480 980 602 1027 rent
638 989 654 1026 :
683 969 909 1040 ideoque
932 985 1066 1030 vana
1109 969 1204 1022 fuit
1230 967 1446 1022 illorum
1477 981 1623 1036 spes.
1653 967 1908 1035 Quaenam
1933 979 2061 1034 ergo

480 1077 582 1120 nos
605 1062 845 1120 defensio
881 1062 1146 1129 liberabit,
1175 1077 1296 1116 cum
1326 1068 1448 1132 post
1487 1069 1633 1116 tanta
1671 1060 1826 1116 nobis
1865 1073 2062 1130 propo-

479 1155 580 1214 sita
610 1157 750 1212 bona
767 1195 791 1221 ,
817 1164 872 1210 et
897 1164 1015 1224 post
1043 1164 1242 1212 tantam
1279 1153 1436 1210 nobis
1462 1161 1702 1224 apertam
1730 1152 1798 1208 ad
1827 1151 2062 1222 philoso-

479 1247 749 1317 phandum
780 1249 948 1323 viam,
973 1262 1042 1303 ne
1077 1247 1222 1316 paria
1247 1245 1470 1317 quidem
1505 1244 1612 1299 illis
1637 1243 1858 1314 exsequi
1889 1242 2062 1312 possi-

481 1354 621 1407 mus,
645 1337 741 1393 sed
768 1347 823 1394 et
848 1353 943 1392 nos
972 1347 1027 1394 et
1053 1339 1190 1393 alios
1225 1335 1670 1408 pessumdemus?
1699 1334 1885 1406 Neque
1912 1335 2055 1390 enim

479 1429 553 1484 ita
577 1427 964 1484 noeetGrzecus
983 1429 1160 1500 inique
1181 1443 1362 1499 agens,
1391 1436 1448 1488 ut
1468 1426 1799 1482 Christianus
1829 1427 2058 1494 idipsum

481 1519 719 1575 faciens:
754 1529 808 1575 et
844 1519 964 1588 jure
1009 1518 1248 1589 quidem.
1301 1517 1515 1576 Illorum
1547 1517 1689 1572 enim
1738 1515 1948 1586 putrida
1978 1525 2068 1572 est

481 1608 721 1668 doctrina
743 1617 798 1663 et
823 1609 1001 1679 opinio
1025 1623 1050 1674 ;.
1069 1617 1252 1664 nostra
1272 1623 1400 1664 vero
1416 1623 1512 1678 per
1527 1609 1622 1664 Dei
1641 1609 1868 1679 gratiam
1891 1608 2054 1664 etiam

481 1701 622 1774 apud
677 1702 870 1772 impios
921 1701 1242 1758 venerabilis
1314 1710 1397 1760 est
1451 1710 1508 1757 et
1563 1702 1804 1758 illustris.
1856 1701 2059 1758 Idcirco

480 1794 693 1865 quando
711 1796 942 1862 maxime
969 1794 1120 1849 nobis
1135 1794 1462 1864 exprobrare
1487 1794 1674 1850 volunt
1697 1802 1751 1850 et
1778 1794 2060 1850 maledicta

480 1901 700 1957 augere,
734 1885 786 1942 id
813 1887 1148 1958 subiungunt
1174 1927 1190 1954 ,
1219 1887 1556 1946 Christianus
1601 1887 1715 1960 (a);
1745 1903 1854 1944 non
1892 1888 1944 1943 id
1973 1888 2059 1943 di-

479 1978 617 2032 cturi
647 1985 815 2046 certe,
847 1978 949 2034 uisi
977 1993 1222 2050 magnam
1247 1978 1315 2034 de
1330 1977 1570 2034 doctrina
1591 1987 1776 2034 nostra
1799 1977 2067 2034 haberent

479 2070 806 2142 opinionem.
855 2070 971 2127 Non
1022 2070 1217 2138 audisti
1259 2072 1434 2141 qualia
1475 2079 1531 2128 et
1569 2080 1767 2142 quanta
1819 2070 2061 2128 Christus

476 2161 739 2232 jusserit?
765 2161 988 2231 Quando
1014 2176 1143 2232 ergo
1167 2163 1370 2233 poteris
1399 2161 1483 2218 vel
1508 2173 1673 2220 unum
1699 2162 1814 2233 ejus
1837 2162 2060 2233 implere

480 2261 804 2324 praeceptum
826 2294 842 2321 ,
882 2269 1004 2310 cum
1031 2255 1210 2310 missis
1236 2254 1504 2320 omnibus,
1548 2256 1844 2312 circumeas
1870 2271 2060 2314 usuras

477 2344 760 2414 colligens,
784 2343 960 2400 faenus
987 2345 1178 2401 fmnori
1202 2344 1408 2401 addens
1431 2385 1448 2412 ,
1479 2346 1867 2416 negotiationes
1907 2345 2058 2402 iusti.-

480 2444 654 2502 tuens,
701 2450 976 2501 servorum
1001 2451 1192 2508 greges
1217 2451 1403 2494 emens
1425 2479 1440 2503 ,
1463 2448 1716 2510 argentea
1756 2454 1882 2495 vasa
1907 2454 2058 2495 com-

479 2542 694 2598 parans,
723 2543 902 2598 agros,
933 2527 1121 2584 domos
1145 2570 1162 2592 ,
1189 2530 1578 2600 supellectilem
1604 2531 1966 2588 immensam?
1992 2533 2060 2588 Et

479 2619 681 2684 utinam
708 2618 762 2674 id
791 2618 966 2678 solum
995 2635 1204 2690 ageres.
1229 2621 1365 2678 Cum
1393 2639 1522 2679 vero
1562 2623 1645 2678 his
1674 2624 2060 2695 intempestivis

479 2712 796 2781 iniustitiam
825 2728 1038 2783 quoque
1055 2713 1245 2783 addas,
1271 2723 1472 2772 terram
1495 2715 1734 2773 finitimis
1757 2718 2057 2786 abstrahas,

478 2804 668 2860 domos
712 2805 944 2874 spolies,
991 2821 1254 2876 pauperes
1299 2816 1532 2874 alteras,
1575 2808 1770 2865 famem
1823 2824 2056 2880 augeas,

478 2895 695 2966 quando
738 2895 938 2965 poteris
979 2897 1046 2951 ad
1100 2899 1216 2952 haec
1261 2898 1445 2954 limina
1496 2900 1796 2956 accedere?
1861 2901 2070 2957 Verum.

480 2985 794 3057 quandoque
819 3001 1109 3056 pauperum
1149 2989 1440 3044 misereris.
1463 2988 1522 3046 ld
1558 2999 1614 3046 et
1639 3007 1739 3062 ego
1767 2993 1889 3047 novi
1924 2993 2059 3048 :sed

481 3077 569 3134 hic
595 3093 809 3148 quoque
828 3078 990 3134 multa
1022 3081 1286 3148 pernicies
1315 3092 1420 3138 est.
1443 3082 1553 3138 Aut
1573 3083 1717 3139 enim
1745 3098 1877 3140 cum.
1898 3085 2057 3150 fastu,

478 3179 572 3233 aut
599 3170 668 3226 ad
711 3185 898 3229 vanam
941 3171 1172 3242 gloriam
1204 3173 1255 3229 id
1285 3175 1402 3245 agis
1421 3215 1441 3245 ,
1471 3185 1530 3232 ut
1555 3192 1656 3234 nec
1681 3179 1734 3233 in
1762 3177 1916 3234 bonis
1945 3180 2064 3250 qui-

477 3261 605 3316 dem
635 3261 886 3330 operibus
936 3262 1136 3332 aliquid
1179 3263 1405 3320 lucreris
1456 3284 1470 3321 :
1508 3282 1615 3338 quo
1661 3269 1792 3338 quid
1831 3271 2060 3326 misera-

478 3353 644 3412 bilius
669 3371 920 3426 umquam
947 3356 1129 3425 fuerit,
1153 3373 1274 3414 cum
1298 3360 1352 3415 in
1383 3371 1540 3432 portu
1578 3364 1694 3434 ipso
1723 3365 2056 3438 naufragium

477 3445 736 3516 patiaris?
761 3444 839 3502 Ne
867 3446 1027 3517 igitur
1054 3448 1108 3504 id
1135 3451 1378 3518 eveniat,
1401 3467 1525 3508 cum
1548 3453 1676 3509 boni
1700 3455 1900 3527 aliquid
1929 3472 2060 3528 ope-

477 3546 626 3591 ratus
650 3551 729 3603 es,
773 3551 842 3592 ne
870 3553 1078 3608 quaeras
1121 3555 1152 3594 a
1177 3557 1264 3596 me
1295 3545 1555 3614 gratiam,
1584 3555 1644 3601 ut
1667 3547 1834 3603 Deum
1866 3549 2063 3606 habeas

479 3632 813 3700 debitorem,
839 3633 928 3705 qui
966 3632 1041 3686 ait
1073 3648 1087 3684 :
1115 3631 1351 3688 Mutuum
1379 3634 1498 3690 date
1542 3636 1606 3692 iis
1653 3655 1686 3692 a
1730 3640 1912 3708 quibus
1958 3657 2062 3697 non

481 3732 698 3799 speratis
719 3747 806 3786 vos
825 3741 1118 3804 accepturos
1142 3733 1294 3805 (Luc.
1312 3734 1365 3792 6.
1393 3733 1508 3809 55).
1528 3735 1702 3792 Habes
1726 3737 2021 3795 debitorem
2046 3757 2070 3807 ;Δ

483 3833 580 3874 cur
609 3820 700 3874 illo
729 3822 914 3878 relicto
937 3864 952 3887 ,
978 3830 1018 3878 a.
1040 3839 1128 3880 me
1174 3827 1451 3896 exposcis,
1495 3826 1717 3884 homine
1743 3844 1975 3900 paupere
2011 3843 2068 3888 et

485 3913 728 3969 misero?
751 3913 888 3971 Num
943 3917 1248 3987 indignatur
1273 3919 1363 3975 hic
1383 3920 1625 3989 debitor,
1654 3937 1778 3978 cum
1827 3923 2063 3980 debitum

485 4008 718 4078 exigitur
732 4007 761 4062 ἓ
782 4024 908 4064 num
933 4024 1132 4080 pauper
1159 4011 1280 4066 est?
1307 4027 1433 4068 num
1454 4012 1661 4070 solvere
1680 4016 1931 4072 recusat?
1951 4015 2066 4072 Non

486 4099 641 4155 vides
660 4099 776 4169 ejus
807 4100 1100 4157 ineffabiles
1116 4102 1396 4160 thesauros
1415 4105 1448 4160 ?‘
1465 4121 1582 4162 non.
1595 4106 1748 4164 vides
1790 4109 1931 4164 illam
1956 4110 2069 4166 ine-

487 4191 815 4246 narrabilem.
860 4193 1273 4250 liberalitatem?
1320 4196 1402 4252 Ab
1452 4197 1544 4253 illo
1598 4199 1758 4269 igitur
1811 4201 1966 4272 exige
2013 4213 2069 4258 et

487 4298 742 4347 exposco.
787 4285 880 4340 Sic
927 4297 1146 4358 rogatus
1175 4288 1390 4358 gaudet.
1419 4289 1552 4345 Nam
1578 4291 1623 4348 si
1649 4292 1842 4348 viderit
1865 4295 1934 4350 ab
1957 4295 2070 4352 alio

489 4375 629 4444 exigi
659 4375 710 4430 id
732 4376 872 4446 quod
899 4378 1013 4446 ipse
1029 4378 1211 4444 debet,
1251 4382 1575 4438 contumelia
1603 4382 1850 4439 affectum
1881 4401 1942 4442 se
1967 4403 2067 4457 pu-

489 4467 643 4531 tabit,
673 4481 770 4522 nec
801 4467 894 4523 tibi
924 4479 1107 4538 postea
1133 4470 1354 4538 reddet,
1378 4473 1487 4528 imo
1515 4483 1567 4528 te
1601 4474 1745 4543 juste
1768 4477 2063 4534 accusabit.

491 4560 548 4615 In
573 4576 680 4632 quo
701 4575 790 4617 me
816 4562 1102 4632 ingratum,
1148 4565 1390 4636 inquiet,
1420 4566 1865 4637 deprehendisti?
1911 4586 2069 4627 mene

490 4665 781 4721 pauperem
806 4661 978 4720 putas,
1000 4655 1087 4724 qui
1113 4671 1200 4710 me
1220 4655 1579 4725 praetermisso
1602 4658 1736 4715 alios
1751 4659 1956 4716 adeas?
1980 4661 2070 4718 alii

488 4749 735 4796 mutuum
776 4743 990 4812 dedisti,
1041 4755 1096 4800 et
1145 4747 1213 4802 ab
1266 4747 1371 4802 alio
1419 4749 1631 4820 exigis?
1672 4750 1788 4807 Etsi
1841 4768 2074 4824 namque

488 4831 657 4888 homo
683 4841 968 4904 acceperit,
996 4836 1138 4892 Deus
1165 4838 1296 4894 dare
1318 4839 1480 4910 jussit
1513 4857 1527 4895 :
1555 4840 1669 4911 ipse
1691 4843 1898 4913 primus
1922 4844 2074 4902 debi-

487 4935 575 4982 tor
599 4936 656 4984 et
681 4942 908 4998 sponsor
947 4943 1067 4986 esse
1090 4931 1234 4996 vult,
1266 4933 1574 4990 innumeras
1602 4935 1698 4991 tibi
1741 4937 1984 5008 praebens
2004 4940 2074 4996 ab

488 5033 557 5074 eo
580 5019 796 5090 petendi
821 5022 1149 5078 occasiones.
1181 5023 1263 5079 Ne
1301 5025 1462 5096 igitur
1497 5036 1642 5082 tanta
1671 5027 1926 5087 facilitate
1955 5042 2073 5087 tan-

491 5121 652 5182 taque
672 5112 993 5169 abundantia
1023 5117 1401 5185 praetermissa,
1431 5132 1463 5174 a
1487 5135 1575 5175 me
1599 5123 1844 5194 accipere
1863 5139 2073 5196 quaeras

491 5202 582 5270 qui
610 5201 736 5256 nihil
770 5203 961 5259 habeo.
991 5205 1104 5272 Qua
1127 5206 1194 5261 de
1219 5221 1385 5264 causa
1409 5218 1464 5265 te
1497 5211 1628 5267 mihi
1649 5222 1886 5272 ostentas
1905 5257 1922 5283 ,
1949 5233 2072 5274 cum

491 5297 710 5365 pauperi
732 5299 964 5367 erogas?
988 5298 1122 5353 Num
1135 5314 1235 5371 ego
1259 5301 1368 5357 dixi
1397 5303 1511 5368 tibi,
1536 5304 1648 5359 Da?
1670 5323 1797 5362 num
1818 5322 1848 5362 a
1869 5325 1954 5365 me
1973 5325 2073 5366 au-

491 5386 639 5456 disti,
675 5399 730 5444 ut
757 5406 785 5446 a
816 5407 901 5446 me
931 5393 1154 5464 exigas?
1180 5393 1298 5464 Ipse
1325 5395 1462 5452 dixit
1490 5414 1504 5452 :
1538 5397 1637 5466 Qui
1657 5400 1918 5456 adseratur
1944 5418 2077 5472 pau-

497 5498 607 5552 per:
633 5525 648 5545 .
677 5483 950 5553 [teneretur
976 5485 1085 5541 Deo
1112 5484 1310 5558 (Prov.
1342 5487 1428 5544 l9.
1462 5488 1588 5560 l7).
1643 5491 1754 5546 Deo
1777 5491 2073 5549 foeneratus

493 5574 587 5630 es?
611 5575 695 5629 Ab
721 5576 812 5631 illo
835 5577 1009 5648 exige.
1036 5579 1106 5632 At
1129 5593 1235 5633 non
1267 5589 1437 5635 totum
1462 5596 1604 5637 nunc
1631 5583 1852 5640 reddit?
1878 5584 2080 5642 Verum.

556 5709 631 5778 (ᾳ)
663 5715 785 5771 Ergo
806 5719 1032 5778 tempore
1065 5712 1384 5778 Qhrysostomi
1410 5717 1558 5766 etiam
1603 5715 1860 5769 Christiani
1893 5734 2073 5772 nomen

494 5772 674 5847 proer
692 5772 944 5847 erat-apud
967 5772 1201 5847 gentiles,
1215 5779 1626 5847 quemadmodum
1649 5782 1925 5835 Tertulliani
1949 5797 2078 5847 aevo,

500 5839 554 5884 at
572 5837 639 5884 ait
661 5833 769 5900 ipse
794 5833 921 5887 libro
936 5833 1091 5900 primo
1111 5833 1195 5888 Ad
1213 5833 1455 5892 Nationes.

1219 371 1278 431 S.
1317 368 1595 428 JOANNIS
1631 361 2120 424 CllIlYSOSTOMII
2146 364 2461 430 ARCHlEB.
2503 367 3039 430 CONSTANTINOP;

2155 497 2226 553 .id
2250 500 2316 556 ad
2346 501 2626 560 utilitatem
2653 513 2798 560 tuam
2826 503 2974 561 facit.
3016 506 3114 562 Est
3139 506 3337 578 quippe
3369 508 3488 565 talis
3511 508 3722 568 debitor
3738 553 3760 580 ,

3653 377 3764 436 236

2167 589 2256 659 qui
2283 605 2389 646 non
2412 593 2589 649 solum
2615 594 2667 650 id
2685 596 2828 664 quod
2851 605 3037 653 mutuo
3062 599 3243 654 datum
3279 611 3379 667 est,
3412 611 3468 657 ut
3495 604 3646 658 multi
3675 607 3760 658 fa-

2151 683 2316 740 .ciunt
2336 723 2354 750 ,
2383 684 2610 742 reddere
2643 686 2888 756 festinet;
2920 690 3016 746 sed
3045 691 3206 748 etiam
3225 692 3277 748 id
3303 703 3443 765 agat,
3475 695 3599 750 utid
3617 699 3764 768 quod:

2165 773 2348 830 datum
2366 785 2468 843 est,
2501 777 2554 832 in
2581 786 2695 834 tuto
2712 779 3018 851 depositum
3045 782 3137 840 sit.
3166 784 3292 842 Ideo
3312 803 3433 857 quae
3462 787 3550 844 hic
3579 789 3754 846 debila

2165 877 2291 922 sunt
2319 869 2523 937 reddit;
2544 886 2661 942 qua:
2683 873 2813 940 illic,
2844 886 3104 932 reservat.

2152 1031 2159 1038 ‘
2238 959 2327 1015 l0.
2375 959 2502 1017 Haec
2539 978 2659 1018 cum
2683 965 2942 1033 sciamus,
2974 968 3356 1028 misericordia:
3385 989 3631 1044 magnam
3658 977 3758 1032 de-

2166 1063 2286 1105 mus
2311 1064 2530 1120 operam
2577 1052 2908 1126 multamque
2955 1054 3338 1116 humanitatem
3367 1078 3751 1132 exerceamus,

2152 1152 2222 1200 .et
2251 1143 2490 1214 pecuniis
2513 1155 2570 1200 et
2593 1148 2863 1217 operibus.
2892 1149 2960 1206 Et
2982 1151 3029 1207 si
3055 1152 3335 1210 videamus
3357 1155 3586 1227 aliquem
3614 1161 3756 1214 male

2168 1235 2478 1292 mulctatum
2508 1249 2562 1294 et
2601 1254 2798 1296 caesum
2827 1243 2878 1298 in
2906 1243 3044 1312 foro,
3081 1246 3128 1300 si
3157 1257 3434 1318 argentum
3463 1266 3751 1320 possumus

2165 1324 2438 1396 deponere
2458 1368 2474 1394 ,
2501 1327 2834 1399 deponamus
2856 1350 2873 1400 ;
2899 1335 2943 1390 si
2969 1336 3146 1393 verbis
3188 1353 3303 1395 rem
3331 1355 3616 1411 possumus
3640 1355 3751 1401 ter-

2166 1417 2394 1485 minare,
2417 1435 2485 1474 ne
2511 1421 2706 1491 pigeat.
2734 1423 2834 1479 Est
2857 1426 2997 1484 enim
3028 1428 3188 1484 etiam
3218 1447 3315 1499 pro
3339 1447 3585 1491 sermone
3609 1451 3758 1492 mer-

2166 1524 2296 1576 oes;
2347 1510 2456 1568 imo
2506 1515 2667 1570 etiam
2710 1531 2808 1585 pro
2844 1519 3170 1587 gemitibus;
3220 1521 3380 1592 idque
3421 1525 3606 1583 beatus
3647 1527 3764 1585 Job.

2165 1605 2378 1662 dicebat
2408 1625 2422 1663 :
2453 1606 2568 1680 Ego
2605 1620 2772 1664 autem
2805 1613 2988 1682 ﬂebam
3035 1631 3188 1686 super
3211 1633 3410 1673 omnem
3447 1621 3708 1689 inﬁrmum
3736 1642 3750 1678 :

2163 1700 2388 1769 ingemui
2410 1712 2579 1756 autem
2617 1705 2791 1759 uidens
2827 1706 2990 1760 uirum
3009 1712 3071 1762 in
3089 1710 3464 1766 necessitatibus
3502 1711 3624 1783 (Job
3652 1716 3748 1772 50.

2163 1788 2235 1848 25
2252 1788 2296 1862 ).
2326 1790 2381 1849 Si
2405 1800 2584 1848 autem
2614 1809 2715 1864 pro
2737 1795 2990 1867 lacrymis
3015 1809 3070 1853 et
3094 1802 3380 1869 gemitibus
3405 1818 3614 1860 merces
3631 1817 3740 1871 est,

2163 1882 2390 1952 quando
2407 1884 2570 1940 etiam
2615 1901 2895 1942 sermones
2940 1900 2994 1944 et
3017 1891 3320 1946 sollicitudo
3351 1895 3619 1966 multaque
3641 1899 3750 1952 alia

2165 1973 2505 2040 adhibentur,
2547 1977 2720 2046 cogita
2762 1987 2960 2048 quanta
2999 1980 3071 2038 sit
3114 1983 3410 2040 retributio.
3442 1983 3651 2044 Etenim
3697 1998 3761 2044 et

2163 2082 2264 2124 nos
2288 2068 2484 2140 inimici
2502 2069 2826 2127 Dei=eramus
2850 2088 2866 2138 ;
2889 2081 2946 2128 et
2973 2072 3286 2144 Unigenitus
3311 2089 3411 2132 nos
3439 2079 3757 2134 reconcilia-

2163 2159 2260 2225 vit,
2287 2173 2408 2215 sese
2437 2159 2670 2216 medium
2697 2161 3011 2229 conjiciens,
3031 2173 3087 2219 et
3112 2165 3294 2234 plagas
3313 2182 3411 2238 pro
3435 2169 3588 2224 nobis
3607 2173 3758 2226 exci-

2165 2252 2335 2322 piens,
2363 2262 2698 2324 mortemque
2725 2255 2951 2323 patiens.
2983 2256 3308 2314 Studeamus
3335 2259 3516 2332 itaque
3543 2271 3598 2322 et
3625 2277 3765 2330 nos,

2163 2344 2376 2414 eosqui
2403 2344 2457 2399 in
2489 2344 2605 2400 hare
2642 2345 2882 2401 incidunt
2907 2361 2936 2402 a
2965 2349 3121 2404 malis
3150 2349 3448 2408 innumeris
3486 2353 3714 2411 liberare
3734 2371 3760 2420 ;

2163 2447 2269 2488 non
2291 2450 2442 2500 vero,
2465 2436 2608 2505 quod
2627 2452 2768 2491 nunc
2792 2437 3036 2503 facimus,
3065 2441 3118 2495 in
3141 2441 3280 2498 mala
3307 2457 3402 2498 eos
3421 2444 3710 2502 immittere
3733 2465 3763 2502 :-

2162 2539 2284 2581 cum
2310 2527 2586 2596 quospiam
2611 2529 2855 2586 videmus
2875 2530 2928 2586 in
2948 2546 3010 2587 se
3036 2542 3224 2589 mutuo
3244 2535 3469 2602 irruere,
3489 2537 3756 2594 alterum-

2163 2631 2269 2689 que
2297 2617 2364 2672 ab
2388 2617 2558 2674 altero
2599 2620 2740 2674 male
2765 2621 2900 2676 affici
2925 2639 2941 2688 ;
2971 2622 3244 2684 adstantes
3283 2625 3428 2682 enim
3458 2628 3756 2698 gaudemus

2167 2707 2238 2762 de
2275 2707 2502 2770 aliorum
2544 2708 2812 2767 dedecore
2835 2752 2850 2777 ,
2883 2713 3255 2785 theatrumque
3283 2716 3600 2773 diabolicum
3647 2722 3759 2776 cir-

2164 2813 2287 2856 cum
2306 2800 2590 2856 statuimus
2619 2818 2632 2855 :
2665 2816 2770 2872 quo
2806 2803 2931 2872 quid
2959 2805 3243 2862 immanius
3270 2824 3522 2880 umquam
3549 2809 3713 2868 fuerit
3731 2813 3764 2867 ἲ

2164 2888 2325 2946 Vides
2349 2891 2487 2947 male
2515 2893 2813 2961 audientes,
2840 2909 2900 2952 se
2926 2906 3112 2953 mutuo
3131 2898 3518 2971 discerpentes,
3547 2913 3761 2959 vestem

2164 2982 2541 3053 discindentes,
2569 2985 2760 3042 faciem
2790 2989 3060 3047 caedentes
3079 3032 3094 3056 ,
3117 3002 3173 3048 et
3212 2994 3395 3063 quiete
3422 3005 3565 3052 stare
3590 2999 3758 3053 susti-

2165 3078 2294 3132 nes?
2314 3077 2448 3138 Num
2477 3095 2634 3137 ursus
2661 3091 2744 3138 est
2789 3082 2836 3138 is
2861 3086 2951 3152 qui
2980 3087 3221 3155 pugnat?
3245 3103 3376 3143 num
3416 3088 3525 3144 fera
3549 3089 3573 3144 ?
3619 3107 3760 3147 num.

2164 3175 2425 3244 serpens?
2482 3175 2659 3232 llomo
2707 3187 2792 3233 est
2831 3189 3006 3236 tecum
3059 3197 3275 3253 semper
3322 3187 3766 3255 communicatis,

2164 3260 2330 3318 frater
2355 3271 2458 3331 est,
2486 3266 2787 3323 membrum
2816 3277 2964 3325 tuum
2990 3283 3092 3326 est.
3123 3273 3202 3329 Nc
3224 3285 3496 3344 spectator
3519 3278 3615 3343 sis,
3645 3281 3760 3335 sed

2163 3353 2318 3410 solve
2337 3355 2540 3424 rixam;
2570 3373 2639 3414 ne
2667 3359 2868 3415 laeteris
2891 3403 2905 3427 ,
2938 3363 3033 3418 sed
3060 3365 3308 3436 corripe;
3335 3383 3404 3424 ne
3441 3368 3574 3425 alios
3599 3371 3757 3426 exci-

2166 3453 2247 3500 tes
2266 3444 2332 3500 ad
2362 3455 2564 3502 tantum
2595 3448 2828 3506 dedecus
2856 3493 2872 3516 ,
2917 3454 3013 3509 sed
3038 3456 3394 3527 conﬂigentes
3434 3475 3561 3516 arce
3591 3461 3761 3517 etdio

2166 3536 2319 3592 rime.
2372 3537 2764 3608 lmpudeutium
2805 3545 2949 3599 enim
2992 3555 3047 3600 et
3088 3549 3402 3605 otiosorum
3431 3562 3515 3606 est
3561 3553 3770 3612 talibus

2165 3629 2403 3699 gaudere
2431 3631 2829 3690 calamitatibus
2851 3677 2866 3700 ,
2913 3635 3244 3695 nefariorum
3267 3653 3322 3697 et
3367 3642 3768 3703 irrationalium

2168 3719 2465 3780 hominum.
2493 3723 2654 3780 Vides
2691 3724 2964 3783 hominem
2997 3731 3220 3801 turpiter
3238 3742 3505 3804 agentem,
3529 3753 3630 3794 nec
3657 3739 3763 3794 ad-

2169 3814 2332 3869 vertis
2359 3822 2412 3871 te
2461 3817 2621 3872 etiam
2672 3820 2901 3888 turpiter
2944 3824 3148 3892 agere?
3187 3840 3362 3896 neque
3418 3829 3476 3884 in
3518 3831 3760 3889 ancilium

2170 3906 2347 3974 irruis,
2367 3915 2425 3961 ut
2445 3907 2641 3964 diaboli
2665 3909 2978 3982 phalangem
2996 3913 3244 3986 dissipes,
3277 3928 3332 3973 et
3351 3918 3580 3976 humana
3608 3925 3760 3980 mala

2169 3997 2385 4051 solvas?
2430 3998 2518 4063 At,
2562 3999 2810 4069 inquies,
2851 4013 2911 4058 ut
2953 4013 3008 4058 et
3031 4019 3131 4076 ego
3155 4007 3336 4078 plagas
3373 4013 3654 4082 accipiam,
3682 4015 3765 4072 ita

2166 4085 2368 4155 iubes?
2394 4089 2556 4159 Atqui
2583 4089 2637 4145 id
2678 4101 2735 4146 tu
2778 4107 2885 4148 non
2913 4095 3168 4164 patieris;
3207 4099 3254 4153 si
3282 4115 3412 4157 vero
3436 4103 3677 4173 patiaris,
3706 4107 3768 4162 id

2173 4178 2266 4234 tibi
2304 4180 2543 4251 martyrii
2572 4180 2691 4236 loco
2715 4183 2863 4239 erit:
2903 4195 3122 4258 propter
3161 4189 3334 4246 Deum
3379 4194 3522 4249 enim
3566 4211 3778 4266 passus

2172 4284 2253 4328 es.
2285 4270 2343 4327 Si
2383 4288 2513 4329 vero
2562 4275 2755 4344 plagas.
2773 4277 3019 4348 accipere
3045 4284 3334 4351 cunctaris,
3364 4288 3541 4357 cogita
3567 4290 3767 4348 Domi-

2174 4373 2478 4422 numtuum
2504 4381 2719 4427 crucem
2749 4381 2968 4440 propter
3003 4379 3057 4429 te
3089 4389 3301 4444 passum
3329 4392 3470 4435 esse.
3505 4381 3584 4436 llli
3611 4385 3780 4441 enim-

2173 4455 2323 4510 velut
2349 4457 2483 4512 ebrii
2509 4467 2564 4514 et
2583 4459 2922 4518 obtenebrati
2950 4475 3095 4527 sunt.
3122 4464 3303 4522 furore
3331 4471 3465 4526 duce
3487 4483 3544 4527 et
3571 4483 3770 4545 tyran-

2175 4545 2356 4604 nidem
2381 4559 2666 4605 exercente
2688 4591 2707 4617 ,
2745 4567 2880 4623 opus
2921 4565 3100 4612 autem
3129 4557 3328 4614 habent
3375 4576 3523 4618 sana:
3564 4575 3783 4624 mentis.

2177 4636 2409 4703 homine,
2461 4641 2553 4711 qui
2595 4641 2726 4712 ipsis
2771 4646 3079 4716 auxiliatur,
3131 4658 3238 4705 tam
3293 4667 3488 4724 nempe
3529 4655 3766 4729 laadens,

2175 4744 2334 4800 quam
2365 4732 2573 4802 patiens
2599 4751 2614 4788 :
2640 4733 2728 4790 hic
2753 4735 2970 4805 quidem
2994 4779 3010 4806 ,
3050 4747 3110 4794 ut
3144 4742 3284 4798 male
3313 4744 3520 4813 patiens
3565 4749 3782 4807 libere-

2177 4831 2300 4890 tur;
2335 4823 2422 4880 ille
2441 4840 2592 4894 vero,
2619 4835 2677 4882 ut
2701 4827 2838 4884 mala
2867 4829 3068 4888 inferre
3091 4833 3318 4891 desinat.
3339 4839 3553 4898 Accede
3575 4842 3772 4913 igitur,

2176 4925 2232 4971 et
2289 4931 2504 4972 manum
2559 4921 2776 4992 porrige
2825 4923 3036 4982 sobrius
3077 4930 3394 4986 temulento.
3431 4931 3516 4989 Ira
3564 4937 3779 5007 quippe

2175 5007 2488 5066 ebrietatem
2515 5013 2696 5082 parit,
2729 5014 2838 5069 vini
2881 5018 3189 5080 temulentia
3235 5021 3583 5084 deteriorem.
3641 5029 3774 5088 Non

2177 5104 2326 5161 vides
2345 5117 2554 5172 nautas,
2577 5122 2708 5164 eum—
2725 5109 2934 5181 aliquos
2953 5125 3182 5171 cernunt
3212 5117 3448 5176 incidere
3466 5123 3518 5176 in
3545 5121 3777 5181 naufra-

2177 5197 2342 5267 gium,
2375 5200 2644 5268 quomodo
2668 5202 2785 5257 vela
2824 5204 3221 5273 expendentes,
3261 5223 3382 5265 cum
3415 5228 3608 5284 magna
3639 5215 3775 5272 dili-

2176 5291 2352 5361 gentia
2381 5303 2704 5363 properent,
2735 5305 2796 5350 ut
2822 5299 3000 5352 socios
3041 5314 3112 5354 ex
3155 5299 3406 5360 fluctibus
3442 5309 3674 5364 eruam?
3698 5309 3768 5368 Si

2179 5395 2306 5437 vero
2329 5383 2462 5438 artis
2487 5383 2728 5470 ejusdem
2754 5398 3032 5446 consortes
3061 5399 3264 5447 tantum
3293 5395 3396 5450 sibi
3417 5407 3605 5453 mutuo
3624 5415 3777 5470 prm-

2179 5482 2322 5528 stant
2340 5459 2616 5542 auxilium,
2643 5477 2810 5533 multo
2839 5480 3006 5551 magis
3031 5482 3272 5552 ejusdem
3301 5501 3508 5543 naturae
3532 5459 3769 5549 cousor-

2182 5575 2269 5623 tes
2289 5566 2405 5623 hac
2423 5568 2601 5624 omnia
2637 5568 2819 5627 facere
2865 5589 2958 5643 par
2983 5584 3084 5629 est.
3112 5575 3244 5631 Nam
3275 5576 3364 5634 hic
3385 5596 3598 5652 quoque
3627 5600 3775 5642 nau-

2181 5655 2407 5728 fragium
2459 5670 2542 5715 est
2593 5661 2685 5717 illo
2731 5665 3101 5732 perniciosius.
3159 5669 3267 5722 Aut
3294 5671 3436 5725 enim
3488 5674 3576 5728 Ille
3604 5675 3783 5736 laesus

2182 5748 2604 5821 blasphemavit,
2660 5762 2716 5808 et
2749 5757 2927 5810 omnia
2984 5755 3120 5814 bona
3177 5763 3486 5828 evacuavit;
3533 5776 3625 5819 aut
3676 5783 3792 5838 pe-

2177 5842 2407 5914 jeravit,
2439 5843 2515 5901 ira
2544 5856 2789 5918 cogente,
2831 5857 2995 5918 atque
3031 5849 3084 5907 in
3110 5849 3408 5923 gehennam
3438 5855 3662 5928 incidit;
3687 5861 3790 5918 vel
