4056 6360
276 386 383 447 365

282 525 392 576 μοις.
416 508 495 572 ὡς
523 510 600 581 μὴ
646 511 880 569 ἐνταῦθα
920 512 1082 583 μόνον
1111 512 1368 583 λάμπειν,
1412 513 1549 568 ἀλλά
1592 514 1687 568 καὶ
1732 514 1846 566 ἐκεῖ

280 586 561 657 ἐφοδηγεῖν
594 591 722 653 τοὺς
752 592 1070 661 ἑπομένους.
1107 593 1275 646 Ὅταν
1312 592 1419 663 7&9
1452 593 1601 646 ἴδωσι
1634 591 1850 646 πάντων

279 666 385 718 τῶν
412 668 697 737 παρόντων
732 670 1227 740 καταφρονοῦντας,
1257 671 1350 724 καὶ
1388 671 1523 741 πρὸς
1559 671 1621 723 τὸ
1656 670 1848 741 μέλλον

280 748 884 817 παρασκευαζομένους,
932 746 1038 815 πρὸ
1081 747 1240 815 λόγου
1272 748 1469 812 παντὸς
1512 752 1624 813 τοῖς
1667 749 1847 819 ἔργοις

278 823 432 892 ⁴ἡμῶν
454 823 861 895 πεισθήσονται.
890 826 984 890 Τίς
1014 827 1123 898 γὰρ
1144 826 1314 890 οῦτως
1338 828 1584 895 ἀνόητος,
1611 828 1685 891 ὡς
1711 828 1851 898 ὀρῶν

287 901 376 953 τὸν
396 902 525 971 χθὲς
549 905 643 957 καὶ
659 904 849 978 πρώην
871 906 1156 975 τρυφῶντα
1178 908 1272 959 καὶ
1296 907 1647 968 πλουτοῦντα,
1675 908 1852 961 πάντα

279 980 662 1051 ἀποδυόμενον,
704 986 798 1037 καὶ
826 985 1211 1054 πτερούμενον.
1247 986 1358 1051 ,καὶ
1405 986 1539 1057 πρὸς
1572 986 1727 1056 λιμὸν
1760 986 1852 1039 καὶ⁸

279 1061 489 1123 πενίαν,
524 1064 616 1115 καὶ
649 1064 784 1132 πρὸς
821 1065 1239 1134 σκληραγωγίαν
1285 1065 1526 1127 ἃπασαν,
1571 1066 1667 1119 καὶ
1715 1065 1852 1136 πρὸς

280 1140 574 1207 κινδύνους,
594 1143 688 1195 καὶ
711 1143 845 1209 πρὸς
869 1140 1031 1212 αἷμα,
1060 1144 1152 1196 καὶ
1179 1144 1311 1215 πρὸς
1334 1146 1569 1215 σφαγὴν,
1598 1143 1691 1198 καὶ
1719 1143 1853 1215 πρὸς

279 1219 451 1271 πάντα
482 1219 550 1270 τά
592 1219 851 1274 δοκοῦντα
882 1218 1020 1273 εἶναι
1059 1220 1206 1275 δεινά
1240 1222 1738 1293 παρατεταγμένον,
1779 1221 1854 1291 μὴ

281 1299 423 1367 σαφῆ
452 1297 641 1351 λαϐεῖν
668 1300 777 1352 τῶν
810 1300 1111 1370 μελλόντων
1140 1301 1389 1355 ἐντεῦθεν
1419 1302 1723 1367 ἀπόδειξινς
1756 1301 1855 1352 “Av

277 1376 332 1429 δὲ
360 1381 473 1441 τοῖς
504 1377 771 1448 παροῦσιν
800 1380 1027 1444 ἑαυτοὺς
1059 1380 1445 1452 ἐμπλέκωμεν,
1478 1382 1571 1434 καὶ
1596 1379 1855 1449 ἐνδοτέρω

276 1456 527 1527 ὠθῶμεν,
554 1458 674 1522 πῶς
693 1458 1009 1528 δυνήσονται
1032 1460 1342 1530 πεισθῆναι,
1370 1462 1452 1513 ὅτι
1487 1460 1621 1530 πρὸς
1651 1459 1854 1528 ἀποδη-

279 1538 407 1606 μίαν
429 1536 763 1606 ἐπειγόμεθα
783 1537 1009 1608 ἐτέραν;
1042 1538 1138 1601 Τίς
1158 1538 1215 1591 δέ
1243 1542 1377 1608 ἡμῖν
1408 1538 1561 1592 ἐσται
1592 1537 1856 1605 ἀπολογία

276 1614 481 1677 λοιπὸν,
512 1617 640 1669 ὅταν
669 1616 793 1669 ὅσον
832 1618 1051 1685 ῖσχυσεν
1077 1618 1110 1685 ή
1161 1616 1478 1686 ἀνθρωπίνη
1524 1617 1651 1683 δόξα
1704 1616 1856 1687 παρὰ

276 1696 385 1756 τοῖς
433 1692 703 1764 Ἑλλήνων
732 1693 1066 1762 φιλοσόφοις,
1113 1694 1189 1764 μὴ
1231 1693 1389 1765 ἰσχύῃ
1423 1695 1467 1725 ⁶⁰
1507 1696 1635 1763 παρ’
1667 1696 1798 1765 ἡμῖν
1829 1696 1857 1747 ὀ

276 1770 366 1823 τοῦ
394 1770 530 1823 Θεοῦ
560 1772 756 1841 φόϐος;
787 1772 897 1825 Καὶ
926 1772 1035 1843 7&9
1066 1772 1289 1826 ἐκείνων
1319 1772 1463 1836 τινές
1484 1775 1577 1825 καὶ
1602 1778 1705 1843 χρή
1716 1789 1858 1842 ματα

278 1849 636 1913 άπεδύσαντο,
670 1853 763 1903 καὶ
793 1851 1024 1903 θανάτου
1056 1852 1491 1923 κατεφρόνησαν,
1532 1852 1617 1904 ἵνα
1650 1850 1857 1920 ἀνθρώ.

279 1948 398 1993 ποις
428 1928 802 1994 ἐπιδείξωνται
829 1948 840 1960 ·
867 1932 945 1984 διὸ
973 1933 1066 1984 καὶ
1087 1933 1242 1984 κεναὶ
1275 1932 1563 2001 γεγόνασιν
1597 1932 1774 1985 αὐτῶν
1804 1932 1857 1983 αί

280 2012 508 2072 ἐλπίδες.
527 2011 624 2072 Τίς
651 2006 743 2063 οῦν
769 2012 918 2080 ἡμᾶς
934 2011 1285 2083 ἐξαιρήσεται
1306 2012 1482 2079 λόγος,
1512 2013 1640 2064 όταν
1666 2012 1857 2063 τοσού-

278 2109 384 2143 των
416 2090 819 2161 προκειμένων.
874 2091 966 2143 καὶ
1000 2090 1271 2159 τοσαύτης
1303 2092 1346 2122 ⁶²
1387 2090 1703 2159 φιλοσοφίας
1729 2092 1860 2160 ἡμῖν

281 2170 642 2240 ἀνοιχθείσης,
677 2169 902 2239 μηδέτά
935 2169 1075 2223 αύτά
1103 2170 1417 2242 δυνηθῶμεν
1444 2170 1692 2233 ἐκείνοις,
1724 2169 1861 2223 ἀλλά

280 2250 369 2300 καὶ
391 2249 620 2311 ἑαυτοὺς
641 2247 734 2301 καὶ
760 2248 980 2318 ἐτέρους
1006 2249 1461 2319 προσαπόλλυμεν
1480 2252 1556 2316 ⁶²;
1590 2248 1724 2302 Ούδέ
1750 2249 1860 2319 7&9

279 2326 417 2380 οὕτω
434 2327 662 2397 βλάπτει
683 2326 883 2396 Ἕλλην
902 2328 1192 2400 παράνομα
1211 2329 1491 2398 πράσσων,
1510 2328 1585 2388 ὡς
1602 2330 1861 2398 Χριστια-

280 2408 361 2469 νὸς
401 2405 577 2458 ταῦτα
622 2407 790 2458 ποιῶν
814 2422 827 2434 ·
870 2407 962 2458 καὶ
995 2407 1139 2477 μάλα
1177 2407 1421 2472 εἰκότως.
1470 2408 1721 2461 Ἐκείνων
1762 2405 1861 2476 μὲν

280 2489 385 2555 γὰρ
411 2487 787 2556 διεφθαρμένη
823 2488 855 2556 ὴ
889 2486 1016 2553 δόξα
1038 2505 1051 2519 ’
1082 2490 1114 2559 ἡ
1154 2488 1209 2541 δέ
1240 2489 1485 2559 ἡμετέρα
1516 2488 1604 2541 διά
1632 2488 1733 2557 τὴν
1766 2482 1859 2539 τοῦ

279 2565 411 2618 θεοῦ
437 2567 602 2635 χάριν
632 2566 725 2617 καὶ
749 2567 899 2634 παρά
920 2568 1033 2629 τοῖς
1063 2566 1285 2618 ἀσεϐέσι
1308 2567 1480 2637 σεμνὴ
1505 2566 1601 2619 καὶ
1630 2581 1862 2636 περιφα-

281 2648 394 2717 νής,
428 2647 520 2698 Διὸ
538 2647 666 2699 ὅταν
702 2645 936 2715 μάλιστα
964 2648 1099 2716 ἡμῖν
1132 2646 1387 2699 ὀνειδίσαι
1418 2645 1733 2716 βούλωνται,
1770 2643 1863 2695 καὶ

278 2728 375 2791 τὴν
408 2726 743 2796 κατηγορίαν
770 2726 815 2756 ⁸³
842 2726 1099 2797 αὐξῆσαι,
1131 2725 1290 2779 τοῦτο
1327 2726 1691 2793 ἐπιλέγουσιν,
1728 2718 1859 2787 οἷον,

290 2806 349 2859 Ὀ
376 2807 729 2876 Χριστιανός·
765 2806 864 2858 ούκ
892 2805 957 2859 ἂν
989 2805 1252 2869 εἰπόντες,
1282 2807 1331 2859 εί
1368 2806 1441 2877 μὴ
1475 2804 1715 2876 μεγάλην
1737 2803 1864 2874 περὶ

278 2885 370 2939 τοῦ
400 2884 667 2954 δόγματος
716 2884 873 2956 ἔσχον
917 2886 1173 2939 ὑπόνοιαν
1228 2886 1343 2939 υύκ
1391 2886 1630 2955 ἤκουσας
1664 2884 1804 2937 πόσα
1835 2884 1863 2935 6

280 2964 511 3033 Χ;.ιστὸς
542 2961 772 3026 ἐπέταξε
816 2963 911 3014 καὶ
945 2962 1141 3033 ﬂuxa;
1172 2964 1309 3015 Πότε
1338 2959 1431 3016 οὖν
1477 2963 1683 3034 δυνήσῃ
1735 2960 1863 3033 μίαν

280 3042 499 3096 ἐκείνων
528 3041 722 3094 ἀνύσαι
752 3041 862 3093 τῶν
887 3043 1135 3105 ἐντολῶν,
1167 3044 1293 3096 ὅταν
1344 3045 1520 3097 πάντα
1560 3044 1716 3111 ἀφεὶς
1762 3059 1859 3095 πε-

284 3122 473 3193 ριέρχῃ
518 3122 709 3183 τόκους
742 3122 1037 3189 συλλέγων,
1076 3123 1413 3192 δανείσματα
1447 3123 1689 3193 ράπτων,
1720 3124 1875 3191 πρά-⁵

279 3204 547 3270 γματείας
582 3200 873 3263 συντιθεὶς,
905 3202 1110 3269 ἀγέλας
1138 3201 1487 3271 ἀνδραπόδων
1530 3200 1858 3270 ὠνούμενος,

284 3281 500 3349 ἀργυρᾶ
534 3279 705 3349 σκεύη
730 3281 1181 3345 κατασκευάζων,
1212 3280 1416 3351 ἀγροὺς
1442 3280 1537 3333 καὶ
1560 3280 1739 3342 οἰκίας
1766 3278 1862 3332 καὶ

281 3359 481 3411 ἔπιπλα
498 3358 785 3429 ἀγοράζων
810 3358 1013 3429 μυρία;
1038 3360 1145 3412 Καὶ
1164 3359 1277 3412 εῖθε
1292 3360 1451 3412 τοῦτο
1478 3359 1659 3429 μόνον.
1690 3359 1861 3411 Ὅταν

280 3438 334 3491 δέ
362 3441 482 3501 ταῖς
514 3438 765 3509 ἀκαίροις
795 3439 1021 3502 ταύταις
1051 3440 1310 3503 σπουδαῖς
1342 3440 1436 3493 καὶ
1454 3438 1668 3492 ἀδικίαν
1694 3453 1862 3507 προσ-

278 3519 452 3589 τιθῇς,
484 3519 586 3587 γῆν
615 3519 1079 3587 ἀποτεμνόμενος,
1108 3520 1286 3583 οίκίας
1324 3518 1615 3580 ἀποσπῶν,
1672 3517 1861 3569 πενίαν

281 3598 597 3670 ἐπιτρίϐων,
624 3598 781 3668 λιμὸν
809 3598 1008 3662 αὔξων,
1046 3598 1177 3651 πότε
1207 3599 1413 3669 δυνήσῃ
1436 3598 1543 3650 τῶν
1575 3596 1861 3668 προθύρων

281 3679 536 3747 ἐπιϐῆναι
558 3677 763 3731 τούτων
784 3695 799 3740 ;
835 3677 975 3731 Ἀλλ’
1005 3678 1155 3731 ἐστιν
1187 3680 1274 3732 ὅτε
1296 3678 1387 3731 καὶ
1410 3677 1645 3746 πένητας
1668 3677 1857 3738 ἐλεεῖς.

282 3756 412 3813 θῖδα
445 3758 633 3827 κάγώ’
664 3758 804 3812 ἀλλά
832 3760 928 3812 καὶ
956 3759 1075 3812 ἐκεῖ
1105 3757 1277 3830 πολλὴ
1314 3756 1477 3811 πάλιν
1516 3760 1549 3829 ὴ
1586 3756 1753 3827 λύμη.
1790 3757 1860 3808 Ἢ

280 3838 389 3907 γάρ
421 3836 560 3908 μετά
584 3837 778 3906 τύφου,
808 3837 841 3907 ἢ
878 3836 1017 3906 μετά
1037 3836 1344 3900 κενοδοξίας
1366 3835 1740 3908 τοῦτοποιεῖς,
1772 3835 1860 3888 ἵνα

284 3916 430 3989 [I99]
481 3917 617 3987 μηδὲ
654 3920 712 3970 ἐν
744 3919 856 3980 τοῖς
886 3916 1110 3983 ἀγαθοῖς
1153 3915 1421 3986 κερδάνῃς
1443 3931 1455 3944 ·
1484 3907 1545 3967 οῦ
1576 3914 1627 3968 τί
1661 3915 1860 3982 γένοιτ’

282 3998 347 4057 ἂν
379 3996 709 4067 ἀθλιώτερον
742 3994 809 4059 ⁸⁸,
841 3996 971 4049 ὅταν
997 3996 1093 4049 καὶ
1139 3996 1197 4046 ἐν
1241 3994 1319 4065 τῷ
1360 3994 1540 4065 λιμένι
1584 3998 1859 4065 ναυαγῇς;

283 4075 379 4130 ⁶1ν’
406 4073 499 4130 οὖν
530 4077 604 4147 μὴ
633 4074 790 4129 τοῦτο
811 4076 1055 4147 γένηται,
1076 4076 1310 4146 ποιήσας
1326 4093 1377 4128 τι
1396 4076 1580 4141 καλὸν,
1603 4077 1676 4147 μὴ
1708 4076 1861 4146 ζήτει

282 4158 413 4227 παρ’
441 4156 575 4225 ἐμοῦ
615 4157 712 4225 τὴν
742 4156 923 4226 χάριν,
962 4156 1048 4208 ἴνα
1092 4155 1184 4207 τὸν
1217 4154 1350 4207 Θεὸν
1383 4153 1514 4225 ἔχῃς
1553 4155 1857 4225 ὀφειλέτην.

283 4235 578 4296 ,δανείζετε
596 4236 725 4305 γάρ,
764 4237 920 4305 φησὶ,
954 4235 1090 4301 παρ’
1115 4228 1202 4287 ὧν
1224 4233 1310 4302 μὴ
1353 4232 1727 4298 προσδοκᾶτε
1748 4236 1860 4302 λή-

282 4320 523 4385 ψεσθαι.
571 4316 758 4384 Ἔχεις
812 4312 1124 4384 χρεώστην·
1172 4312 1224 4365 τί
1272 4314 1480 4366 ἐκεῖνον
1525 4315 1702 4382 ἀφεὶς,
1759 4316 1861 4384 ἐμὲ

282 4400 556 4460 ἀπαιτεῖς,
589 4394 878 4466 ἄνθρωπον
913 4393 1122 4463 πένητα
1136 4392 1231 4445 καὶ
1250 4391 1625 4462 ταλαίπωρον;
1644 4392 1730 4465 Μὴ
1750 4394 1861 4465 γάρ

283 4478 585 4546 ἀγανακτεῖ
611 4476 639 4526 ὀ
668 4471 950 4543 χρεώστης
981 4470 1410 4541 ἀπαιτούμενος;
1446 4471 1520 4542 μὴ
1549 4474 1658 4543 γὰρ
1692 4475 1861 4543 πένης

283 4556 426 4621 ἐστί;
462 4554 538 4626 μὴ
576 4555 685 4624 γὰρ
709 4553 768 4605 ού
804 4550 1051 4620 βούλεται
1084 4549 1438 4614 καταθεῖναι;
1474 4551 1583 4620 Ούχ
1609 4553 1739 4622 ὁρᾷς
1768 4554 1867 4606 αὖ-

282 4634 373 4688 τοῦ
406 4637 531 4697 τοὺς
562 4634 803 4702 ἀφάτους
826 4630 1169 4701 θησαυρούς;
1199 4630 1298 4701 οὐχ
1342 4631 1476 4701 ὁρᾷς
1514 4631 1613 4702 τὴν
1656 4634 1870 4687 ἀνεκδι-

283 4715 487 4785 ήγητον
522 4711 871 4781 φιλοτιμίαν;
910 4710 1082 4764 Αὑτὸν
1109 4709 1288 4764 τοίνυν
1319 4710 1558 4781 κάτασχε
1590 4713 1685 4765 καὶ
1707 4712 1872 4767 ἀπαί-

282 4809 479 4865 τησονο
512 4792 658 4846 οῦτω
696 4793 742 4824 ⁸⁸
776 4791 885 4861 7&9
916 4792 1318 4865 ἀπαιτούμενος
1344 4790 1543 4862 χαίρει.
1571 4792 1692 4846 Ὅτι
1722 4794 1789 4846 ἂν
1825 4794 1870 4825 ⁸⁸

283 4864 469 4946 ἕτερον
518 4872 926 4940 ἀπαιτούμενον
974 4870 1059 4944 ἴδῃ
1093 4870 1212 4924 ἀνθ’
1247 4864 1324 4924 ὧν
1351 4870 1515 4935 αὐτὸς
1538 4872 1762 4941 ὀφείλει,
1794 4873 1871 4936 ὡς

284 4953 565 5024 ὑϐρισθεὶς
593 4952 736 5004 οὕτω
763 4950 1136 5004 διακείσεται·
1164 4950 1259 5003 καὶ
1280 4951 1465 5004 οὐκέτι
1487 4968 1568 5004 σοι
1603 4952 1868 5006 ἀποδίδω-

285 5050 367 5087 σιν
385 5034 453 5097 ⁸⁷,
468 5032 606 5087 ἀλλά
628 5033 724 5085 καὶ
742 5030 967 5099 ἐγκαλεῖ
991 5031 1236 5094 δικαίως.
1254 5030 1418 5084 Ποίαν
1433 5032 1542 5102 γάρ
1562 5049 1665 5101 μου
1692 5033 1870 5102 ἀγνω-

288 5113 525 5184 μοσύνην
549 5113 832 5180 κατέγνως
853 5127 868 5175 ;
889 5111 1023 5180 φησί
1044 5129 1057 5142 ε
1088 5110 1247 5165 ποίαν
1266 5128 1358 5180 μοι
1390 5112 1580 5165 πενίαν
1599 5111 1866 5179 σύνοιδας,

284 5194 364 5245 ὅτι
392 5190 773 5264 παραδραμὼν
794 5191 893 5261 ἐμὲ
916 5192 999 5258 ἐφ’
1028 5190 1248 5260 ἐτέρους
1268 5190 1434 5261 ἐρχῃς
1466 5192 1645 5264 Ἀλλῳ
1666 5193 1870 5248 ἐδάνει-

287 5289 405 5337 σας,
456 5273 552 5327 καὶ
590 5272 751 5327 ἄλλον
786 5271 1077 5335 ἀπαιτεῖς;
1112 5271 1175 5323 Εί
1205 5270 1312 5341 γὰρ
1361 5272 1454 5325 καὶ
1496 5271 1783 5343 ἄνθρωπος
1818 5274 1862 5304 es

283 5351 597 5417 ὑπεδέξατο,
629 5351 788 5404 ἀλλ’ὀ
821 5350 953 5413 Θεὸς
980 5351 1235 5403 ἐκέλευσε
1264 5351 1591 5405 καταϐαλεῖν
1612 5370 1625 5382 ·
1655 5353 1750 5406 καὶ
1768 5356 1863 5406 αὐ-

283 5430 372 5493 τὸς
417 5432 511 5483 καὶ
545 5430 901 5501 πρωτότυπος
945 5424 1227 5500 ὀφειλέτης
1260 5431 1356 5484 καὶ
1406 5430 1678 5501 ἐγγυητὴς
1721 5425 1861 5483 εἶναι

284 5508 553 5578 βούλεται,
590 5526 660 5581 μυ
671 5509 790 5580 ρίας
812 5526 894 5563 σοι
922 5510 1180 5580 παρέχων
1209 5510 1464 5581 ἀφορμὰς
1480 5509 1572 5563 τοῦ
1596 5510 1861 5564 πάντοθεν

353 5604 403 5638 ⁸⁸
428 5605 599 5674 ίσχύει
622 5605 681 5658 F.
713 5607 728 5657 ί

281 5677 547 5745 κηγορίαν
574 5675 635 5729 D.
712 5675 758 5714 “
781 5676 1038 5728 ἐλεεινότε

284 5764 435 5799 σει...
471 5746 754 5812 ἐγκαλέσει
784 5750 847 5799 Α.
874 5747 937 5800 Β.

1445 388 1514 451 ΙΝ
1547 386 1961 445 ΜΑΤἸἪΞΗΜ
1998 386 2237 447 ῐΙΟΜΙῙ...
2278 391 2395 447 XV.

735 5604 919 5674 σχύσει
952 5605 1013 5658 D.
1093 5605 1135 5637 “
1160 5605 1449 5676 τοσαύτης]
1484 5606 1607 5659 add.
1641 5606 1739 5672 τῆς
1766 5605 1900 5661 ΕιΙιΙ.

735 5683 758 5714 δ
781 5676 1136 5747 ἐλεεινότερον
1157 5678 1221 5747 Α.
1255 5677 1315 5729 Β.
1393 5678 1436 5708 ⁸⁸
1461 5674 1638 5747 Οὕτω]
1667 5670 1834 5740 Οὗτος
1861 5678 1925 5731 Α.
1956 5679 1996 5730 Β

1015 5692 1136 5745 ερον
1157 5692 1221 5730 Α.
1258 5692 1315 5729 Β.
1393 5692 1436 5708 π
1461 5692 1638 5747 υυτωι
1667 5692 1834 5740 υυτος
1861 5692 1925 5731 Α.
1958 5692 2017 5733 15.
2094 5692 2140 5709 "
2164 5692 2284 5731 ὐτι
2312 5692 2402 5749 av]
2426 5692 2518 5730 "Av
2543 5692 2598 5732 δέ
2627 5692 2686 5732 A.
2714 5692 2774 5731 Β.
2799 5692 2892 5731 "Av
2917 5692 3025 5749 γάρ
3052 5692 3184 5734 una.
3263 5692 3305 5712 ’⁷
3339 5692 3542 5734 ἀποδιὶμ

1014 5746 1066 5829 ξξ
1088 5746 1373 5829 ἀνθρωπον
1600 5748 1916 5829 ύ-πεδέξατο]
1943 5748 2184 5829 ύπεδέξω
2229 5748 2287 5802 Β.
2322 5748 2637 5829 ὑπεδείξατο
2668 5750 2755 5829 (3..
2806 5751 2861 5829 “1
2883 5749 3123 5829 maio-5;]
3157 5752 3375 5829 ἀπαίτει
3401 5751 3542 5829 Qui.

288 5835 305 5888 ι
338 5816 441 5869 Alii
464 5816 651 5888 ἐπίθες
673 5837 690 5867 ι
718 5815 941 5888 Μρηίεί.
1020 5815 1067 5888 "_°
1090 5815 1372 5888 ἐστινᾼοηι.
1408 5816 1468 5869 Ε.
1626 5818 1667 5847 ⁷¹
1700 5837 1781 5871 τοι
1815 5834 1859 5871 οι

1963 5819 2011 5872 D.
2040 5818 2099 5872 F.
2129 5834 2180 5888 ι).
2215 5834 2268 5888 p.
2307 5820 2699 5873 καταϐάλλεται
2726 5820 2788 5871 Α.
2823 5819 2880 5871 Β.

3417 388 3527 445 936

1954 512 2117 565 αὑτὸν
2157 515 2430 568 ἀπαιτεῖν.
2464 515 2557 587 Μὴ
2594 515 2657 587 δὴ
2690 512 2783 571 οῦν
2833 515 3104 584 τοσαύτην
3151 509 3404 567 εὐκολίαν
3436 512 3532 565 καὶ

1951 590 2214 661 εὐπορίαν
2248 593 2429 661 ἀφεὶς.
2479 597 2609 664 παρ’
2641 594 2777 666 ἐμοῦ
2812 596 2964 665 ζήτει
2996 593 3181 646 λαϐεῖν
3225 590 3317 643 τοῦ
3365 589 3531 659 μηδὲν

1952 667 2186 739 ἔχοντος.
2220 672 2375 734 Τίνος
2406 672 2513 743 γάρ
2563 675 2747 727 ἐνεκεν
2787 675 2911 745 ἐμοὶ
2958 672 3329 726 ἐπιδείκνυσαι
3366 669 3533 721 ἐλεῶν

1953 747 2194 818 πένητα;
2226 751 2317 820 Μὴ
2350 752 2460 821 7&9
2504 754 2614 821 ἐγώ
2645 770 2726 805 σοι
2759 749 2932 813 εἷπον,
2977 753 3108 816 Δός;
3150 750 3223 820 μὴ
3258 749 3367 819 γὰρ
3401 748 3531 818 παρ’

1953 827 2087 903 ἐμοῦ
2117 828 2377 897 ἤκουσας,
2412 831 2498 882 ἵνα
2534 831 2627 884 καὶ
2658 834 2787 903 παρ’
2816 832 2949 901 ἐμοῦ
2985 831 3331 901 ἀπαιτήσῃςς
3364 828 3535 890 Αὐτὸς

1953 898 2106 957 εἶπεν
2128 922 2141 934 ·
2170 906 2232 958 '0
2254 907 2444 960 ἐλεῶν
2471 909 2721 976 πένητα,
2740 898 2998 971 ’δακείζει
3018 910 3156 975 Θεῷ.
3181 898 3305 978 ⁷Θεῷ
3331 906 3536 959 ἐδάνει-

1956 999 2075 1046 σας·
2094 984 2243 1056 αὐτῷ
2258 985 2480 1057 περίθες
2505 989 2569 1042 ⁸⁸.
2606 990 2745 1041 Ἀλλ’
2769 991 2867 1043 οὐκ
2890 989 3183 1043 ἀποδίδωσι
3204 987 3264 1040 τὸ
3291 987 3398 1039 πᾶν
3415 985 3535 1040 νῦν.

1954 1063 2065 1115 Καὶ
2091 1063 2247 1119 τοῦτο
2267 1066 2402 1137 ὑπὲρ
2428 1067 2521 1121 σοῦ
2554 1072 2715 1121 ποιεῖ.
2742 1068 2993 1132 Τοιοῦτος
3024 1068 3132 1139 γάρ
3150 1071 3298 1120 ἐστιν
3318 1066 3364 1097 ⁷ο
3382 1065 3534 1133 ὀφει-

1955 1139 2134 1210 λέτης·
2167 1145 2263 1215 ούχ
2294 1144 2368 1208 ὡς
2396 1146 2580 1200 πολλοὶ
2603 1147 2667 1200 τὸ
2690 1147 2965 1201 δανεισθὲν
2992 1146 3380 1209 σπουδάζουσιν
3401 1146 3537 1198 ἀπο·

1954 1220 2136 1275 δοῦναι
2158 1222 2336 1293 μόνον,
2356 1224 2471 1276 ἀλλ’
2491 1224 2629 1279 ὥστε
2654 1227 2749 1280 καὶ
2765 1227 2825 1279 τὸ
2847 1225 2996 1279 δοθὲν
3013 1228 3068 1278 ἐν
3086 1224 3353 1295 ἀσφαλείᾳ
3369 1241 3538 1278 κατα-

1957 1304 2147 1369 θεῖναι,
2173 1307 2348 1361 πάντα
2375 1309 2822 1381 πραγματεύεται
2840 1311 2933 1364 καὶ
2952 1312 3111 1364 ποιεῖ.
3138 1310 3235 1362 Διά
3252 1310 3388 1361 τοι⁷¹
3416 1306 3542 1359 τοῦ·

1954 1401 2017 1437 το
2033 1386 2098 1438 τά
2123 1386 2221 1456 μέν
2248 1387 2481 1441 ἐνταῦθα
2502 1389 2852 1453 καταϐάλλει,
2880 1390 2947 1443 τὰ
2972 1390 3027 1443 δέ
3050 1392 3166 1443 ἐκεῖ
3189 1386 3535 1457 ταμιεύεται.

2029 1462 2081 1516 ι’.
2115 1464 2284 1519 Ταῦτ’
2315 1463 2407 1519 οῦν
2430 1468 2631 1531 ειδότες
2659 1470 2827 1523 πολὺν
2858 1469 3102 1538 ποιῶμεν
3123 1468 3213 1520 τὸν
3238 1466 3406 1525 ἔλεον,
3443 1465 3539 1517 καὶ

1957 1541 2156 1613 πολλὴν
2172 1544 2271 1615 τὴν
2291 1545 2706 1617 φιλανθρωπίαν
2733 1546 3150 1617 ἐπιδειξὼμεθα,
3175 1547 3268 1599 καὶ
3291 1544 3376 1597 διὰ
3399 1559 3538 1613 χρη-

1962 1622 2148 1689 μάτων
2171 1624 2239 1687 ⁷¹,
2276 1625 2374 1678 καὶ¹
2403 1625 2491 1678 διά
2522 1627 2887 1697 πραγμάτων.
2917 1627 3034 1680 Κᾶν
3069 1626 3268 1695 ἴδωμέν
3300 1641 3418 1677 τινα
3439 1640 3538 1675 κα-

1961 1700 2072 1763 κῶς
2089 1700 2365 1772 πάσχοντα
2388 1705 2481 1758 καὶ
2497 1706 2833 1776 τυπτόμενον
2845 1707 2903 1758 ἐν
2926 1706 3124 1775 ἀγορᾷ,
3151 1704 3251 1757 κᾶν
3276 1701 3539 1773 ἀργύριον

1958 1778 2178 1832 δυνατὸν
2208 1782 2559 1849 καταϐαλεῖν,
2593 1784 2837 1854 ποιῶμεν
2868 1786 2913 1815 ⁷³
2936 1803 2948 1814 ·
2981 1784 3084 1837 κᾶν
3112 1783 3291 1850 λόγοις
3315 1780 3539 1834 δυνατὸν

1958 1854 2227 1919 διαλῦσαι,
2259 1860 2332 1929 μὴ
2366 1862 2633 1932 ὀκνῶμεν.
2672 1864 2830 1916 Ἔστι
2858 1863 2968 1934 7&9
3005 1863 3098 1916 καὶ
3126 1863 3284 1930 λόγου
3326 1858 3537 1930 μισθὸς.

1963 1934 2163 2004 μᾶλλον
2188 1935 2244 1990 δὲ
2280 1938 2373 1990 καὶ
2410 1940 2730 2011 στεναγμῶν
2751 1941 2827 1973 ⁷⁸·
2871 1943 2962 1995 καὶ
3005 1941 3162 1994 τοῦτο
3200 1941 3227 1991 6
3270 1940 3540 2009 μακάριος

1972 2012 2092 2066 Ἰὼϐ
2116 2013 2302 2083 ἔλεγεν
2321 2030 2334 2044 ·
2368 2017 2516 2087 Ἐγὼ
2536 2020 2603 2071 δὲ
2626 2020 2904 2074 ἔκλαυσα
2929 2021 3023 2073 ἐπὶ
3040 2020 3217 2072 παντί
3237 2017 3538 2081 ἀδυνάτῳ,

1958 2091 2257 2158 ἐστέναξα
2272 2095 2341 2147 δὲ
2359 2095 2502 2151 ίδὼν
2517 2098 2707 2165 ἄνδρα
2724 2100 2792 2152 ἐν
2808 2099 3118 2168 ἀνάγκαις.
3135 2099 3197 2150 Εἰ
3214 2098 3270 2151 δέ
3292 2096 3541 2167 δακρύων

1960 2174 2056 2228 καλ⁸
2072 2176 2395 2245 στεναγμῶν
2417 2177 2533 2231 ἐστι
2553 2178 2765 2248 μισθὸς,
2783 2179 2911 2231 ὅταν
2929 2180 3024 2232 καὶ
3040 2179 3190 2246 λόγοι
3203 2178 3294 2231 καὶ
3316 2176 3541 2245 σπουδὴ,

1960 2254 2056 2308 καὶ
2084 2254 2258 2308 πολλά
2285 2255 2452 2325 ἕτερα
2485 2260 2685 2328 προσῇ,
2737 2257 2990 2327 ἐννόησον
3021 2258 3183 2328 ἡλίκη
3210 2260 3242 2327 ἡ
3275 2256 3547 2317 ἀντίδοσις

1960 2333 2191 2402 γίνεται.
2222 2336 2332 2389 Καὶ
2359 2336 2470 2407 γὰρ
2494 2338 2590 2390 καὶ
2618 2339 2779 2408 ἡμεῖς
2808 2334 3149 2409 ἐχθωὶῆμεν
3176 2338 3253 2407 τῷ
3277 2336 3424 2406 Θεῷ·
3450 2336 3548 2389 καὶ

1961 2414 1989 2465 ὀ
2014 2414 2323 2485 Μονογενὴς
2339 2416 2485 2487 ἡμᾶς
2514 2415 2846 2485 κατήλλαξε,
2873 2415 3035 2485 μέσον
3059 2416 3246 2468 ἐαυτὸν
3270 2413 3545 2485 ἐμϐαλὼν,

1961 2493 2057 2544 καὶ
2097 2491 2311 2563 πληγὰς
2359 2495 2498 2567 ὑπὲρ
2529 2494 2689 2565 ἡμῶν
2733 2494 3024 2565 δεξάμενος
3068 2497 3136 2560 ⁷⁸,
3174 2495 3268 2548 καὶ
3318 2494 3550 2548 θάνατον

1962 2568 2103 2640 ὑπὲρ
2133 2570 2289 2641 ἡμῶν
2307 2572 2626 2643 ὑπομείνας.
2652 2574 3051 2644 Σπουδάσωμεν
3078 2574 3258 2627 τοίνυν
3276 2574 3371 2626 καὶ
3388 2575 3549 2644 ἡμεῖς

1961 2649 2086 2711 τοὺς
2115 2650 2487 2719 ἐμπίπτοντας
2530 2652 2740 2724 μυρίων
2768 2653 3135 2707 ἀπαλλάττειν
3169 2650 3378 2708 κακῶν.
3412 2651 3549 2705 ἀλλά

1965 2725 2064 2796 μὴ,
2107 2727 2183 2790 ὡς
2210 2729 2303 2782 νῦν
2335 2730 2595 2800 ποιοῦμεν
2619 2731 2686 2793 ⁷⁵,
2719 2732 2938 2785 ἐπειδάν
2990 2732 3189 2800 ἴδωμέν
3232 2748 3383 2793 τινας
3417 2746 3550 2797 067-

1966 2806 2326 2875 κρουομένους
2352 2810 2449 2862 καὶ
2491 2811 2965 2882 συῤῥηγνυμένους
3008 2810 3277 2880 ἀλλήλοις,
3314 2811 3550 2880 ἑστήκα-

1967 2901 2068 2954 μεν
2096 2886 2139 2916 ⁷⁷
2174 2887 2594 2959 εὐφραινόμενοι
2613 2892 2733 2953 ταῖς
2756 2890 2958 2961 ἐτέρων
2986 2889 3420 2960 ἀσχημοσύναις,
3457 2897 3553 2941 και

1966 2963 2195 3034 θέατρον
2227 2966 2379 3039 [ίιξιιΟ]
2405 2985 2469 3019 πε
2481 2969 2795 3039 ριιστῶντες
2821 2968 3130 3023 διαϐολικόν
3159 2963 3249 3022 ὀῦ
3276 2968 3328 3020 τί
3354 2967 3551 3036 γένοιτ’

1968 3041 2034 3095 ἂν
2064 3043 2375 3115 ὠμότερον;
2416 3046 2577 3117 Ὁρᾷς
2600 3048 2787 3112 κακῶς
2804 3049 3120 3110 ἀκούοντας,
3146 3045 3551 3118 διαρρηγνυμέ-

1969 3140 2111 3185 νους,
2142 3126 2585 3196 κατατέμνοντας
2611 3128 2706 3198 τὴν
2735 3130 2958 3199 ἐσθῆτα,
2989 3128 3463 3196 συγκοπτομένους
3491 3125 3555 3178 τὸ

1968 3203 2282 3272 πρόσωπον,
2336 3206 2431 3257 καὶ
2486 3208 2779 3276 ὑπομένεις
2814 3208 2990 3278 ἡσυχῆ
3047 3208 3421 3278 παρεστάναι;
3458 3205 3551 3275 Μὴ

1966 3280 2077 3351 γὰρ
2117 3282 2320 3352 ἄρκτος
2362 3284 2511 3336 ἐστὶν
2534 3287 2563 3338 6
2594 3287 2935 3355 μαχόμενος;
2970 3286 3045 3356 μὴ
3077 3289 3186 3357 7&9
3222 3286 3440 3356 θηρίον;
3477 3284 3552 3354 μὴ

1968 3360 2077 3431 γὰρ
2099 3361 2252 3431 δφιςς
2282 3363 2601 3434 ⁸Ἄνθρωπός
2623 3367 2774 3421 ἐστιν
2798 3369 2826 3420 ὀ
2845 3367 3122 3436 πανταχοῦ
3156 3384 3239 3419 σοι
3256 3365 3550 3429 κοινωνῶν,

1968 3440 2195 3507 ἀδελφός
2230 3443 2369 3507 ἐστι,
2405 3444 2566 3513 μέλος
2609 3446 2750 3501 ἐστί.
2776 3447 2867 3517 Μὴ
2898 3446 3113 3517 θεώρει,
3149 3445 3287 3499 ἀλλά
3328 3445 3511 3499 διάλυε
3533 3462 3549 3477 ο

1971 3519 2048 3590 μὴ
2079 3519 2301 3591 τέρπου,
2338 3521 2477 3575 ἀλλὰ
2499 3523 2711 3593 διόρθου
2732 3541 2745 3555 ο
2786 3526 2859 3596 μὴ
2892 3525 3113 3596 ἐτέρους
3142 3526 3434 3596 παρακίνει
3460 3527 3554 3578 ἐπὶ

1967 3597 2065 3669 τὴν
2088 3599 2494 3673 ἀσχημοσύνην.
2519 3601 2655 3655 ἀλλά
2686 3604 2778 3656 καὶ
2794 3606 2923 3668 τοὺς
2953 3604 3395 3674 συνειλεγμένους
3418 3607 3553 3658 ἀπο-

1971 3677 2120 3730 σόϐει
2153 3680 2246 3732 καὶ
2271 3680 2474 3734 διάλυε.
2525 3682 2925 3752 Ἀναισχύντων
2953 3682 3064 3753 7&9
3106 3685 3198 3737 καὶ
3230 3684 3552 3755 οἰκοτρίϐων

1967 3759 2030 3810 τὸ
2051 3759 2265 3829 χαίρειν
2301 3763 2422 3822 ταῖς
2455 3761 2734 3826 τοιαύταις
2770 3765 3098 3833 συμφοραῖς,
3133 3764 3227 3815 καὶ
3263 3764 3551 3835 καθαρμά-

1968 3853 2077 3890 των
2106 3839 2201 3891 καὶ
2230 3838 2368 3893 δνων
2399 3839 2445 3870 ⁷⁸
2486 3838 2716 3907 ἀλόγων.
2774 3841 2939 3911 Ὁρᾷς
2984 3840 3273 3911 ἄνθρωπον
3305 3842 3552 3912 ἀσχημο-

1968 3917 2184 3982 νοῦντα,
2220 3919 2316 3972 καὶ
2341 3919 2438 3988 ούχ
2466 3921 2572 3989 ἡγῇ
2597 3920 2760 3983 αὐτὸς
2790 3922 3120 3990 ἀσχημονεῖν
3141 3937 3155 3985 ;
3180 3922 3301 3974 οὑδέ
3332 3922 3553 3993 είσέρχῃ

1971 3998 2158 4068 μέσος,
2185 4000 2280 4053 καὶ
2319 3998 2691 4062 διασκεδάζεις
2724 3998 2818 4052 τοῦ
2841 3998 3087 4052 διαϐόλου
3133 4000 3230 4070 τὴν
3272 4001 3549 4069 φάλαγγα,

1970 4079 2169 4133 καὶτὰ
2209 4079 2529 4151 ἀνθρώπινα
2569 4079 2809 4144 διαλύεις
2855 4080 3038 4144 κακάς
3088 4081 3206 4134 ἰνα
3251 4083 3345 4136 καὶ
3389 4082 3553 4145 αὐτὸς

1970 4158 2187 4227 πληγὰς
2209 4158 2377 4218 λάϐω.
2411 4161 2545 4231 φησί
2568 4175 2579 4187 ·
2605 4160 2700 4213 καὶ
2728 4160 2790 4213 σὺ
2817 4159 2976 4213 τοῦτο
2995 4159 3239 4225 κελεύεις
3264 4178 3277 4226 ;
3306 4161 3553 4216 Μάλιστα

1973 4238 2072 4309 μέν
2093 4237 2389 4290 οὐδὲτοῦτο
2420 4240 2580 4310 πείσῃ
2597 4255 2609 4267 ·
2639 4239 2705 4292 ἂν
2727 4239 2783 4290 δέ
2808 4238 2901 4291 καὶ
2926 4238 3084 4291 τοῦτο
3110 4239 3308 4313 πάθῃς,
3344 4240 3551 4310 μαρτύ-

1970 4316 2088 4387 ριόν
2115 4332 2199 4369 σοι
2236 4316 2299 4369 τὸ
2334 4318 2571 4388 πρᾶγμά
2597 4319 2745 4371 ἐστι’
2776 4317 2865 4371 διὰ
2903 4318 3012 4390 7&9
3042 4318 3134 4371 τὸν
3166 4319 3297 4372 Θεὸν
3326 4319 3545 4383 ἐπαθες.

1968 4396 2033 4450 Εἰ
2059 4395 2116 4449 δέ
2151 4395 2368 4465 πληγὰς
2395 4399 2574 4461 ὀκνεῖς
2602 4397 2804 4462 λαϐεῖν,
2825 4399 3078 4468 ἐννόησον
3112 4401 3192 4453 δτι
3225 4402 3253 4452 6
3272 4400 3550 4470 Δεσπότης

1968 4492 2065 4529 σου
2093 4476 2328 4546 σταυρὸν
2355 4477 2455 4530 οὐκ
2477 4476 2727 4548 ὤκνησεν
2757 4479 3049 4548 ὑπομεῖναι
3078 4478 3165 4532 διὰ
3193 4479 3274 4533 σέ.
3319 4481 3554 4534 Ἐκεῖνοι

1970 4556 2069 4626 μὲν
2094 4555 2205 4626 7&9
2232 4555 2491 4625 μεθύουσι
2512 4558 2609 4610 καὶ
2649 4557 2999 4617 ἐσκότωνται,
3030 4557 3125 4611 τοῦ
3158 4558 3331 4629 θυμοῦ
3353 4577 3558 4630 τυρανι

1966 4634 2182 4698 νοῦντος
2216 4638 2311 4689 καὶ
2347 4636 2780 4708 στρατηγοῦντος
2827 4639 3028 4700 αὐτοῖς.
3067 4638 3276 4692 δέονται
3317 4640 3375 4693 δέ
3407 4658 3561 4703 τινος

1968 4714 2302 4782 ὑγιαίνοντος
2341 4713 2436 4768 τοῦ
2484 4714 2845 4785 βοηθήσοντος
2877 4716 3082 4779 αὐτοῖς,
3127 4718 3156 4771 ὃ
3183 4735 3241 4770 τε
3269 4717 3493 4779 ἀδικῶν,
3521 4720 3561 4771 ὃ.

1966 4810 2026 4847 τε
2056 4793 2411 4864 ἀδικούμενος
2432 4810 2444 4825 ·
2470 4797 2497 4848 ὀ
2528 4794 2646 4865 μὲν,
2671 4795 2758 4849 ἴνα
2781 4794 3069 4865 ἀπαλλαγῇ
3098 4795 3321 4865 πάσχων
3339 4796 3552 4860 κακῶς,

1966 4876 1995 4927 ὀ
2027 4872 2106 4933 δὲ,
2142 4873 2228 4925 ἵνα
2259 4872 2538 4943 παύσηται
2572 4874 2741 4929 ποιῶν
2785 4875 2988 4938 κακῶς.
3028 4874 3267 4945 Πάρελθε
3300 4876 3345 4907 ⁷⁵
3369 4876 3557 4930 τοίνυν

1967 4952 2064 5006 καὶ
2093 4954 2251 5022 χεῖρα
2283 4952 2494 5023 ὄρεξον,
2540 4955 2569 5005 ὀ
2594 4955 2780 5021 νήφων
2817 4954 2897 5024 τῷ
2941 4954 3211 5024 μεθύοντι.
3246 4955 3402 5007 Ἐστι
3440 4955 3552 5027 7&9

1967 5032 2062 5085 καὶ
2086 5030 2256 5101 ὀργῆς
2305 5029 2465 5100 μέθη,
2511 5031 2607 5084 καὶ
2632 5032 2731 5101 τῆς
2764 5033 2828 5085 ἐκ
2856 5032 2952 5085 τοῦ
2978 5033 3123 5086 οἴνου
3169 5032 3546 5103 χαλεπωτέρα.
3580 5058 3585 5064 -

1967 5112 2079 5181 Οὐχ
2109 5112 2242 5181 ὁρᾷς
2278 5110 2405 5174 τοὺς
2437 5111 2661 5175 ναύτας,
2696 5111 2747 5164 οἳ
2778 5113 2907 5168 ὅταν
2934 5114 3180 5184 ναυαγίῳ
3209 5114 3363 5176 τινὰς
3392 5130 3550 5183 περι-

1968 5188 2233 5252 πεσόντας
2259 5189 2432 5252 ῖδωσι,
2468 5189 2538 5243 τά
2567 5191 2613 5222 ⁸ο
2650 5191 2793 5244 ἱστία
2822 5193 3156 5255 πετάσαντες
3184 5192 3323 5263 μετὰ
3345 5192 3552 5262 πολλῆς

1966 5275 2296 5345 ἀπέρχονται
2338 5275 2595 5345 σπουδῆς,
2629 5275 2770 5329 ὥστε
2800 5278 2927 5341 τοὺς
2953 5278 3276 5348 ὁμοτέχνους
3306 5278 3545 5350 ἐξαρπά-

1968 5372 2058 5408 σαι
2094 5353 2188 5407 τοῦ
2230 5353 2535 5423 κλύδωνοςς
2570 5356 2631 5409 Εί
2659 5356 2733 5415 ζδέ
2766 5356 2961 5427 τέχνης
3006 5361 3250 5411 κοινωνοὶ
3276 5359 3553 5428 τοσαύτην

1965 5434 2373 5487 ἐπιδείκνυνται
2400 5435 2758 5505 προστασίαν,
2789 5436 2942 5505 πόσῳ
2961 5437 3158 5507 μᾶλλον
3184 5440 3309 5502 τοὺς
3328 5438 3429 5507 τῆς
3448 5440 3548 5507 φύ-

1967 5529 2103 5575 σεως
2138 5514 2427 5568 κοινωνοὺς
2454 5513 2627 5566 ταῦτα
2669 5516 2845 5568 πάντα
2888 5517 2930 5548 ⁸¹
2963 5520 3134 5570 ποιεῖν
3163 5517 3388 5585 δίκαιον;
3437 5520 3555 5573 Καὶ

2014 5609 2058 5640 ⁸⁸
2087 5607 2585 5680 προσαπολλύωμεν
2620 5610 2679 5663 Β.
2718 5610 3199 5680 προσαπολλύομεν
3227 5613 3292 5663 Α.

2163 5680 2284 5731 ’Ότι
2312 5678 2402 5749 ἄν]
2421 5680 2521 5749 ’Λν
2543 5679 2598 5732 δέ
2627 5685 2686 5732 Α.
2714 5678 2774 5731 Β.
2795 5681 2892 5731 Ἂν
2917 5681 3025 5749 γάρ
3051 5678 3184 5734 ΕιΙιΙ.
3263 5682 3308 5712 ⁸⁷
3339 5682 3547 5734 ἀποδώο

3370 5611 3415 5642 ⁸⁸
3448 5628 3547 5664 κα-

2959 5822 3002 5891 7²
3027 5820 3285 5891 ῥημάτων
3302 5824 3367 5875 Α.
3400 5820 3459 5876 Β.
3480 5820 3543 5877 C.

279 5887 329 5961 Ἰ
353 5887 669 5961 ποιῄσωμεν
701 5886 859 5961 τοῦτο
894 5885 953 5938 F.
990 5886 1067 5961 μὴ
1092 5886 1383 5961 ναρκῶμεν
1425 5888 1487 5939 Α.
1511 5887 1579 5961 Β.
1650 5888 1702 5961 [⁸
1732 5889 2037 5961 στεναγμοῦ
2058 5885 2199 5961 Ali.
2218 5885 2322 5961 '_”
2354 5888 2532 5953 δεξ....
2563 5888 2757 5961 ὑπομ.]
2785 5891 2880 5961 καὶ
2907 5885 3132 5961 θάνατον
3156 5890 3444 5961 δεξάμενος
3473 5891 3540 5945 Α.

279 5954 343 6032 ρ.
380 5956 477 6032 καὶ
504 5954 555 6032 θζ
574 5954 1017 6032 καταδεξάμενος
1038 5954 1421 6032 Βιδεξάμενος-
1440 5959 1533 6032 καὶ
1649 5957 1708 6010 [).
1768 6029 1784 6032 _
1801 5960 1847 6032 ’ἢ

1963 5958 2120 6027 ιώμεν
2338 5970 2390 6032 ει
2419 5977 2562 6017 corr.
2590 5959 2650 6011 Ι).
2674 5954 2958 6032 ποιοῦμεν]
2999 5962 3123 6015 add.
3158 5954 3251 6013 καὶ
3277 5954 3543 6032 περιϐάλς

282 6024 399 6095 λειν
422 6025 485 6095 Α.
519 6025 578 6080 Β.
599 6026 716 6080 Non
755 6024 1058 6095 agnbscnnt
1091 6024 1270 6080 Verss'.

1377 6029 1421 6059 ⁷⁷
1444 6029 1784 6108 ἑστήκαμεν]
1819 6029 2226 6108 ίστάμενοὶκαί
2264 6030 2323 6080 Λ.
2361 6030 2417 6081 Β.
2443 6046 2492 6096 p.
2531 6046 2578 6098 p.
2628 6029 3220 6108 7:39ugzévrégiidf’in.
3297 6029 3545 6108 πόνων]

282 6093 589 6167 ἀνθρώπων
609 6095 742 6153 Mur.
773 6093 905 6153 Ben.
938 6097 1034 6155 Ge.
1083 6100 1123 6129 ⁷⁹
1149 6098 1414 6170 Πρόσελθε
1440 6098 1498 6154 C.
1560 6093 1606 6131 ⁸ο
1638 6093 1725 6171 τά]
1764 6093 1859 6161 πῶς

1963 6093 1974 6153 ι
2000 6100 2058 6152 Α.
2085 6098 2141 6155 Β.
2167 6100 2228 6155 C.
2249 6115 2297 6169 p.
2326 6116 2378 6170 ρ.
2400 6093 2493 6172 τῆς
2520 6093 2751 6169 σπουδῆς
2776 6099 2834 6156 Ε.
2856 6100 2915 6156 F.
2964 6102 3023 6181 _°'
3051 6102 3225 6157 πάντα
3248 6118 3355 6157 om.
3379 6101 3443 6155 Α.
3477 6093 3544 6162 Β,
