4050 6364
307 416 410 472 257

307 529 520 598 plagam
548 525 709 581 infert
737 533 896 594 atque
922 535 1126 582 necem,
1147 528 1200 575 et
1223 520 1324 575 hoc
1352 518 1520 588 ipsum
1547 519 1744 588 patitur
1771 530 1900 572 nau-

307 621 555 689 fragium.
588 619 760 688 Perge
809 616 987 686 igitur,
1018 615 1214 668 malum
1246 612 1375 666 illud
1417 611 1545 665 seda
1571 652 1586 675 ,
1617 611 1898 665 demersos

303 710 551 775 extrahe,
577 710 631 763 in
659 709 832 777 ipsum
858 705 1186 774 tempestatis
1215 703 1430 774 pelagus
1449 701 1805 767 descendens,
1835 715 1898 754 ac

305 803 486 857 soluto
537 799 736 856 diaboli
782 792 1030 862 theatro,
1079 798 1304 853 seorsim
1354 795 1590 866 singulos
1638 794 1902 858 admone,

306 894 583 949 ﬂammam
626 893 928 962 exstingue,
981 890 1278 958 ﬂuctusque
1314 887 1629 957 comprime.
1679 887 1735 941 Si
1775 901 1905 940 vero

307 988 488 1054 majus
517 985 673 1039 fuerit
698 984 1022 1042 incendium,
1051 981 1346 1050 fornaxquc
1372 979 1644 1034 ardentior
1667 1019 1683 1044 ,
1714 993 1782 1034 ne
1801 978 1910 1032 for-

315 1081 494 1136 mides
526 1098 539 1133 :
575 1079 727 1134 multi
757 1079 903 1132 enim
945 1075 1140 1130 adsunt
1167 1073 1259 1144 qui
1285 1073 1378 1127 tibi
1412 1072 1759 1142 opitulentur,
1789 1086 1907 1125 ma-

311 1185 568 1244 numque’
585 1172 857 1243 porrigant
881 1210 896 1235 ,
920 1171 963 1223 si
996 1168 1168 1223 solum
1194 1166 1437 1236 incipias.
1467 1175 1629 1235 atque
1653 1179 1763 1234 pra:
1793 1178 1909 1218 om-

315 1267 475 1321 nibus
501 1266 647 1320 Deus
695 1263 860 1334 pacis.
910 1262 975 1317 Et
1011 1262 1055 1315 si
1085 1260 1231 1330 prior
1256 1258 1527 1313 ﬂammam
1580 1256 1906 1322 excusseris,

315 1358 465 1414 multi
515 1357 604 1411 alii
649 1363 957 1426 sequentur,
992 1352 1175 1422 sicque
1220 1365 1427 1414 eorum,
1481 1364 1600 1420 quze
1623 1349 1720 1418 ipsi
1767 1357 1912 1402 recte

313 1451 563 1518 fecerint,
597 1457 652 1503 tu
701 1446 1005 1503 mercedem
1031 1444 1287 1514 accipies.
1341 1441 1478 1497 Audi
1515 1441 1640 1510 quid
1667 1439 1912 1496 Christus

315 1543 522 1599 ludatis
554 1541 700 1595 humi
723 1539 1034 1608 repentibus
1060 1535 1391 1607 prtcccperit.
1415 1533 1475 1589 Si
1494 1535 1697 1598 videris,
1721 1533 1909 1601 inquit,

311 1640 608 1706 jumentum
647 1632 842 1685 inimici
891 1631 962 1684 tui
1007 1629 1227 1698 lapsum,
1283 1643 1344 1679 ne
1399 1637 1779 1695 pratercurras,
1826 1625 1915 1676 sed

324 1729 459 1798 erige
517 1725 650 1779 illud
703 1722 897 1794 (Exod.
945 1721 1036 1775 25.
1069 1719 1167 1790 5).
1201 1718 1361 1788 Atqui
1397 1717 1554 1788 longe
1603 1716 1808 1771 facilius
1833 1724 1917 1769 est

319 1833 439 1874 sese
491 1825 681 1871 mutuo
729 1813 1075 1869 verberantes
1124 1810 1374 1865 homines
1427 1821 1699 1879 separare,
1751 1821 1913 1877 quam

315 1913 624 1983 jumentum
682 1908 911 1979 erigere.
966 1904 1024 1961 Si
1073 1919 1200 1960 vero
1266 1902 1602 1958 inimicorum
1653 1899 1864 1954 asinum
1895 1940 1912 1963 ,

319 2003 488 2058 multo
517 2001 688 2072 magis
717 2001 1013 2054 amicorum
1036 1997 1242 2051 animas
1271 2003 1483 2065 Oportet
1512 1994 1724 2063 erigere
1750 2011 1762 2047 :
1787 2007 1910 2046 cum

319 2097 560 2151 maxime
587 2092 823 2148 deterior
846 2099 928 2146 est
955 2090 1110 2144 ruina
1136 2105 1151 2151 ;
1186 2103 1358 2156 neque
1389 2087 1530 2140 enim
1576 2086 1629 2139 in
1678 2098 1915 2150 omnum,

327 2189 422 2244 sed
450 2188 506 2242 in
552 2186 850 2257 gehennam
880 2182 1017 2253 ignis
1064 2177 1513 2249 incidunt,quod
1566 2178 1658 2232 ira:
1709 2175 1918 2247 pondus

316 2295 478 2351 grave
499 2294 606 2333 non
626 2272 1078 2331 sustinuerint.Tu
1100 2286 1228 2326 vero
1245 2270 1429 2326 videns
1450 2268 1665 2324 fratrem
1690 2268 1790 2323 sub
1814 2282 1921 2322 sar-

317 2374 433 2426 cina
453 2372 724 2440 jaeeutem
743 2410 758 2434 ,
798 2377 852 2422 et
899 2366 1169 2422 diabolum
1191 2364 1473 2418 instantem
1496 2377 1557 2416 ac
1582 2376 1767 2432 rogum
1797 2375 1919 2415 suc-

317 2465 674 2529 cendentem,
703 2459 1060 2516 inhumaniter
1103 2456 1494 2524 crudeliterque
1533 2455 1918 2525 prmtercurris,

316 2557 458 2628 quod
504 2571 573 2610 ne
611 2570 734 2624 erga
764 2553 916 2607 bruta
941 2549 1158 2622 quidem
1199 2548 1315 2602 sine
1344 2547 1579 2616 periculo
1604 2545 1918 2601 admittitur.

398 2653 491 2706 Il.
546 2648 652 2703 Eos
695 2648 781 2718 qui
819 2643 1102 2700 rimantibus
1141 2659 1242 2696 non
1279 2640 1624 2706 intercedunt,
1657 2642 1922 2711 increpat;

319 2745 526 2804 deinde,
574 2743 711 2810 ipsos
757 2740 1028 2793 rixatores.
1058 2733 1518 2790 —Samaritauus
1569 2731 1783 2802 quidem
1833 2731 1924 2786 ille

320 2836 562 2889 saucium
608 2833 794 2910 videns
821 2831 1079 2902 ignotum,
1117 2827 1352 2895 nihilque
1387 2824 1452 2879 ad
1493 2839 1614 2879 eum
1655 2825 1925 2894 pertinen-

323 2937 455 2988 tem,
489 2933 544 2978 et
583 2923 747 2985 stetit,
795 2929 849 2974 et
867 2921 1111 2990 jumento
1139 2931 1238 2972 suo
1259 2916 1530 2986 imposuit,
1565 2916 1722 2984 inque
1750 2915 1925 2969 diver-

321 3017 526 3070 sorium
555 3013 798 3078 deduxit,
829 3027 893 3066 ac
921 3010 1186 3065 medicum
1233 3007 1479 3062 mercede
1505 3006 1794 3071 conduxit,
1839 3021 1926 3061 ar-

321 3116 650 3178 gentumque
674 3104 862 3175 partim
888 3101 1053 3167 dedit,
1078 3099 1653 3170 partimquepollicitus
1674 3105 1756 3153 est
1772 3096 1923 3166 (Luc.

325 3201 416 3257 10.
469 3200 560 3254 55.
601 3197 760 3268 sqq.).
805 3195 885 3251 Tu
927 3210 1053 3250 vero
1081 3193 1206 3248 dum
1251 3191 1520 3246 hominem
1550 3191 1698 3245 vides
1726 3189 1815 3259 qui
1842 3189 1927 3243 in-

325 3294 476 3356 cidit,
507 3308 614 3348 non
647 3292 701 3345 in
744 3290 1002 3352 latrones,
1023 3287 1118 3343 sed
1156 3287 1208 3342 in
1236 3285 1626 3340 daemoniorum
1653 3283 1924 3348 cohortes,

325 3386 528 3456 quique
557 3382 738 3436 furore
782 3389 1064 3449 correptus
1111 3386 1214 3442 est,
1266 3392 1370 3430 non
1402 3375 1456 3429 in
1481 3374 1717 3440 deserto,
1748 3372 1842 3428 sed
1871 3374 1925 3427 in

327 3478 513 3534 medio
541 3475 680 3541 foro,
701 3487 805 3529 non
826 3471 1102 3543 pecuniam
1125 3471 1486 3537 impensurus,
1508 3482 1605 3523 nec
1624 3466 1926 3536 jumentum

329 3571 719 3634 conducturus,
747 3567 829 3621 vel
858 3565 1089 3636 aliquem
1120 3561 1309 3634 procul
1336 3561 1615 3623 missurus,
1643 3557 1738 3613 sed
1767 3557 1927 3613 verba

331 3673 540 3720 tantum
587 3662 908 3732 prolaturus,
955 3656 1222 3712 cunctaris
1271 3668 1334 3708 ac
1378 3652 1593 3721 refugis,
1620 3659 1779 3720 atque
1810 3649 1928 3705 sine

329 3755 705 3813 misericordia
757 3750 1161 3823 praatercurris?
1209 3748 1277 3802 Et
1321 3745 1591 3816 quomodo
1641 3757 1828 3808 Speras
1879 3751 1929 3797 te

331 3851 503 3906 Deum
551 3861 802 3913 umquam
849 3842 1136 3913 propitium
1165 3839 1467 3894 habiturum
1503 3836 1661 3891 esse?
1685 3834 1802 3890 Jam
1833 3849 1930 3888 vos

331 3946 577 4015 alloquar
606 3942 695 4012 qui
725 3941 778 3995 in
806 3939 921 3993 foro
948 3937 1202 3992 indecore
1223 3935 1400 4006 agitis,
1423 3947 1651 4003 eumque
1671 3932 1759 4002 qui
1785 3931 1932 3986 laedit

332 4047 387 4092 et
419 4036 603 4105 inique
632 4032 760 4103 agit.
796 4030 900 4090 ,Dic
929 4027 1080 4095 mihi,
1109 4027 1289 4097 plagas
1320 4025 1534 4088 incutis,
1565 4023 1800 4078 calcibus
1826 4022 1931 4076 im-

333 4128 494 4200 petis,
524 4135 580 4181 et
608 4121 861 4178 mordes?
888 4121 1061 4176 Susne
1089 4119 1332 4173 silvester
1361 4130 1437 4182 es,
1467 4117 1550 4170 vel
1573 4113 1805 4184 onager?
1825 4112 1933 4168 Nec

335 4233 390 4280 te
415 4221 602 4293 pudet,
630 4233 732 4274 nec
757 4215 1050 4278 erubescis,
1082 4211 1152 4266 ita
1179 4211 1452 4274 efferatus,
1481 4209 1570 4278 qui
1599 4207 1932 4262 nobilitatem

339 4326 486 4370 tuam
533 4309 849 4384 prodidisti?
893 4307 950 4362 Si
999 4304 1140 4361 enim
1174 4319 1374 4374 pauper
1398 4317 1479 4368 es,
1520 4309 1574 4354 at
1604 4301 1740 4355 liber
1765 4314 1856 4366 es;
1887 4299 1934 4355 si

337 4406 530 4463 artifex
557 4417 638 4467 es,
683 4400 777 4456 sed
803 4399 1161 4456 Christianus.
1196 4395 1271 4450 Eo
1299 4394 1414 4464 ipso
1443 4390 1584 4461 quod
1623 4405 1823 4462 pauper
1850 4405 1932 4457 es,

337 4500 623 4570 quiescere
646 4495 833 4550 debes.
861 4492 991 4547 Nam
1021 4490 1242 4546 divitum
1273 4497 1355 4542 est
1385 4487 1613 4557 litigare,
1646 4501 1754 4541 non
1802 4500 1934 4555 pau-

340 4607 568 4662 perum;
609 4587 852 4648 divitum,
900 4585 1136 4654 inquam,
1172 4579 1262 4651 qui
1293 4579 1485 4633 multas
1515 4578 1710 4633 habent
1728 4577 1935 4648 jurgio-

342 4699 463 4740 rum
491 4694 700 4736 causas.
731 4677 810 4731 Tu
849 4691 975 4730 vero
1012 4673 1102 4744 qui
1147 4671 1448 4728 divitiarum
1477 4669 1800 4738 voluptatem
1831 4684 1934 4722 non

341 4775 532 4840 habes,
563 4773 698 4827 mala
728 4782 901 4824 tamen
922 4766 1220 4822 divitiarum
1249 4763 1464 4834 quaeris,
1495 4760 1798 4816 inimicitias
1821 4759 1934 4823 tibi,

341 4869 722 4932 contentiones
770 4872 823 4918 et
852 4863 994 4917 rixas
1021 4859 1316 4923 attrahens,
1349 4857 1563 4911 fratrem
1593 4857 1850 4925 praefocas
1884 4863 1939 4908 et

341 4961 519 5030 augis,
565 4966 621 5012 et
652 4956 862 5026 publice
889 4953 989 5008 sub
1017 4952 1255 5006 omnium
1282 4948 1452 5004 oculis
1483 4947 1778 5016 prosternis
1805 4967 1816 5000 :
1842 4960 1940 5000 nec

343 5063 404 5106 te
424 5060 578 5119 putas
605 5047 773 5117 magis
798 5044 1047 5098 indecore
1072 5057 1254 5112 agere,
1278 5040 1404 5094 dum
1431 5039 1657 5094 ferarum
1684 5037 1941 5107 impetum

346 5140 599 5204 imitaris,
644 5136 936 5209 quinetiam
980 5134 1086 5188 illis
1121 5131 1355 5186 deterior
1390 5129 1612 5185 effectus
1640 5144 1719 5184 es.
1751 5127 1940 5184 Omnia

344 5234 546 5302 quippe
575 5229 678 5284 illis
706 5225 1008 5282 communia
1036 5231 1179 5288 sunt,
1210 5222 1368 5276 simul
1396 5231 1806 5293 congregantur,
1832 5235 1939 5275 una

348 5325 641 5387 incedunt;
686 5320 843 5375 nobis
881 5333 1012 5374 vero
1041 5317 1173 5372 nihil
1200 5331 1484 5371 commune
1510 5323 1610 5379 est,
1643 5314 1736 5369 sed
1764 5312 1942 5368 omnia

347 5432 443 5475 sus
483 5417 657 5484 deque
700 5414 867 5482 posita
898 5417 1040 5475 sunt,
1075 5411 1222 5475 rixze,
1250 5407 1642 5473 contentiones,
1679 5405 1941 5472 convicia,

1464 403 1529 461 IN
1568 401 1971 461 MATTI-IxEIJM
2011 403 2239 460 HOMIL.
2281 402 2421 460 XVI.

1947 5497 2010 5505 ..ο-

3490 410 3598 467 958

2007 516 2316 584 inimicitiae,
2337 516 2698 575 contumeliae.
2746 517 2852 574 Sed
2882 534 3053 591 neque
3081 520 3270 576 emtum
3301 521 3471 592 ipsum
3507 541 3596 578 rc-

2007 623 2276 672 veremur,
2302 623 2408 678 quo
2435 623 2622 664 omnes
2651 608 2811 664 simul
2839 612 3015 665 vocati
3041 627 3250 678 sumus,
3281 629 3455 682 neque
3481 624 3594 669 ter-

2009 715 2122 754 ram
2165 715 2284 770 quae
2333 701 2488 755 nobis
2534 702 2784 757 omnibus
2835 703 3071 768 obvenit,
3127 720 3299 775 neque
3349 716 3595 763 naturam

2011 792 2178 860 ipsam
2211 809 2223 845 :
2251 791 2345 847 sed
2394 792 2573 847 omnia
2624 793 2784 848 simul
2840 795 2917 849 ira
2969 804 3023 849 et
3070 811 3220 849 amor
3254 798 3597 865 pecuniarum

2011 882 2307 952 dissipavit.
2339 883 2453 939 Non
2500 885 2652 940 vides
2693 887 2841 941 illum
2871 887 2958 956 qui
2989 886 3172 942 decem
3210 889 3372 943 millia
3405 891 3608 944 talenta

2011 975 2258 1040 debebat,
2291 985 2570 1046 postquam
2618 977 2704 1032 illa
2745 979 2845 1032 sibi
2876 979 3096 1034 remissa
3129 980 3354 1047 fuerant,
3380 996 3603 1035 conscr-

2013 1082 2136 1121 vum
2178 1083 2334 1122 suum
2374 1068 2724 1124 suﬂ‘ocantem
2782 1084 2878 1139 pro
2917 1082 3132 1125 centum
3177 1071 3428 1138 denariis,
3475 1079 3606 1142 quot

2014 1157 2150 1210 mala
2182 1157 2343 1212 subiit
2379 1169 2430 1212 et
2456 1159 2726 1228 quomodo
2754 1169 2956 1214 mtcrno
2986 1161 3211 1215 traditus
3240 1162 3303 1216 sit
3341 1162 3606 1231 supplicio

2015 1249 2246 1319 (Matth.
2279 1250 2368 1305 18.
2399 1249 2489 1306 28.
2531 1268 2639 1321 sqq.
2663 1250 2723 1323 )?
2765 1251 2878 1306 Non
2928 1253 3083 1307 times
3123 1254 3470 1324 exemplum?
3495 1271 3604 1310 non

2016 1345 2208 1399 metuis
2238 1361 2304 1400 ne
2331 1353 2386 1398 tu
2415 1345 2604 1399 eadem
2627 1346 2882 1415 patiaris?
2910 1346 3116 1400 Etenim
3147 1363 3243 1402 nos
3264 1364 3472 1418 quoque
3501 1348 3608 1402 Do-

2018 1438 2164 1490 mino
2193 1437 2419 1506 plurima
2449 1452 2746 1507 magnaque
2770 1437 3060 1503 debemus;
3092 1439 3180 1493 ille
3218 1449 3390 1493 tamen
3416 1455 3607 1509 exspe-

2018 1540 2128 1584 ctat
2172 1539 2226 1583 et
2267 1531 2527 1599 patienter
2575 1531 2680 1597 agit
2713 1548 2726 1583 :
2760 1546 2865 1584 non
2896 1531 3076 1596 instat,
3110 1540 3167 1585 ut
3206 1547 3305 1586 nos
3331 1533 3606 1587 conservis

2021 1621 2218 1676 nostris
2246 1638 2258 1673 :
2291 1636 2396 1674 non
2429 1637 2526 1674 nos
2555 1621 2701 1692 angit
2725 1629 2780 1676 et
2804 1621 3028 1676 suﬂ‘ocat
3059 1640 3072 1676 :
3099 1632 3245 1677 certe
3269 1624 3314 1677 si
3342 1625 3424 1678 vel
3451 1623 3609 1677 mini-

2019 1727 2159 1766 mam
2185 1721 2388 1780 partem
2417 1711 2578 1766 vellet
2597 1726 2626 1764 a
2651 1711 2802 1766 nobis
2823 1712 3058 1782 exigere,
3081 1712 3190 1782 jam
3209 1713 3334 1767 olim
3359 1714 3607 1782 periisse-

2020 1817 2160 1856 mus.
2191 1801 2315 1855 ll:ec
2351 1802 2537 1871 itaque
2563 1802 2883 1872 cogitantes,
2917 1803 3120 1868 dilecti,
3163 1804 3522 1865 humiliemur,
3553 1812 3608 1857 et

2021 1894 2354 1949 debitoribus
2399 1895 2594 1948 nostris
2641 1895 2864 1964 gratiam
2916 1895 3250 1950 habeamus:
3297 1905 3423 1950 sunt
3463 1897 3608 1950 enim

2022 1987 2196 2051 nobis,
2243 1987 2289 2042 si
2312 1986 2774 2056 phil050phemur,
2794 1988 3004 2042 occasio
3035 1990 3280 2043 maxima:
3326 1989 3607 2058 indulgen-

2022 2077 2110 2131 tiae
2139 2095 2151 2131 :
2184 2086 2240 2131 et
2269 2092 2430 2146 pauca
2455 2077 2661 2138 dantes,
2687 2076 2912 2146 plurima
2934 2077 3275 2148 accipiemus.
3296 2078 3430 2146 Quid
3455 2081 3610 2150 igitur

2025 2167 2288 2222 violenter
2327 2168 2395 2222 ab
2437 2184 2503 2222 eo
2549 2168 2738 2238 exigis,
2777 2183 2897 2222 cum
2944 2177 3233 2238 oporteret,
3261 2172 3470 2224 etiamsi
3497 2171 3611 2240 ipse

2025 2260 2235 2314 solvere
2278 2258 2466 2326 vellet,
2511 2257 2749 2313 debitum
2800 2260 3095 2325 remittere,
3143 2268 3199 2314 ut
3237 2269 3406 2315 totum
3438 2276 3469 2316 a
3502 2261 3612 2316 Deo

2025 2349 2330 2418 acciperes?
2355 2348 2507 2404 Nunc
2533 2363 2663 2404 vero
2686 2349 2815 2403 nihil
2844 2365 2949 2403 non
2971 2351 3105 2419 agis,
3135 2350 3242 2404 vim
3273 2351 3459 2416 infers,
3483 2366 3614 2406 eon-

2028 2440 2222 2507 tendis,
2256 2449 2312 2494 ut
2338 2439 2432 2496 tibi
2459 2440 2590 2494 nihil
2617 2455 2682 2494 ex
2707 2441 2902 2495 debitis
2936 2442 3038 2495 tuis
3083 2442 3413 2505 remittatur;
3447 2453 3500 2497 et
3531 2443 3614 2496 vi-

2027 2533 2173 2587 deris
2216 2531 2432 2602 quidem
2470 2532 2716 2602 proximo
2762 2541 2851 2586 tuo
2892 2531 3190 2586 molestiam
3241 2532 3460 2599 inferre,
3487 2533 3613 2588 dum

2027 2626 2260 2698 gladium
2288 2626 2383 2681 tibi
2410 2625 2684 2692 admoves,
2715 2636 2767 2681 et
2789 2624 3044 2696 gehenna:
3071 2625 3384 2696 supplicium
3416 2641 3616 2697 auges;

2029 2723 2072 2776 si
2103 2730 2280 2774 autem
2305 2719 2385 2774 vel
2410 2720 2674 2774 tantillum
2704 2719 2790 2772 hic
2836 2717 3248 2789 philosopheris,
3281 2718 3508 2773 leviores
3534 2717 3615 2772 ef-

2029 2813 2146 2866 ficis
2183 2812 2418 2866 rationes
2459 2825 2750 2880 pcenasque
2783 2819 2918 2864 tuas.
2953 2809 3162 2864 Etenim
3188 2810 3324 2864 Deus
3353 2808 3474 2864 ideo
3503 2810 3618 2864 vult

2030 2911 2086 2956 ut
2115 2900 2253 2972 apud
2281 2917 2378 2955 nos
2408 2900 2709 2971 hujusmodi
2735 2901 3026 2955 liberalitas
3054 2899 3274 2965 oriatur,
3301 2907 3357 2954 ut
3385 2901 3620 2955 occasio-

2031 3007 2153 3048 nem
2201 2992 2326 3047 hiuc
2367 3001 2547 3062 captet
2593 2991 2816 3062 plurima
2864 2991 3020 3046 nobis
3062 2989 3315 3044 donandi.
3348 2990 3621 3060 Quotquot

2031 3085 2190 3154 igitur
2235 3085 2504 3140 debitores
2547 3085 2639 3139 tibi
2683 3093 2826 3149 sunt,
2874 3084 2986 3137 sive
3028 3082 3095 3138 de
3131 3083 3388 3154 pecuniis,
3417 3084 3528 3137 sive
3551 3083 3621 3137 de

2031 3177 2250 3232 offensis
2277 3186 2483 3247 agatur,
2527 3175 2625 3230 hos
2651 3190 2840 3230 omnes
2867 3174 3075 3229 dimitte
3119 3174 3336 3241 liberos,
3368 3182 3423 3228 et
3449 3190 3480 3228 a
3509 3175 3623 3228 Deo

2033 3271 2264 3342 postula,
2309 3279 2370 3324 ut
2419 3279 2580 3324 tanta:
2627 3268 3076 3340 magnanimitatis
3120 3267 3212 3321 tibi
3252 3267 3396 3321 vices
3424 3281 3620 3336 repen-

2031 3361 2244 3416 dantur.
2290 3362 2470 3417 Donec
2511 3361 2655 3416 enim
2701 3361 2843 3431 ipsos
2887 3360 3162 3414 debitores
3185 3358 3424 3424 habebis,
3454 3358 3620 3413 Deum

2032 3455 2329 3510 debitorem
2369 3471 2474 3508 non
2519 3454 2778 3519 habebis;
2829 3453 2909 3506 sin
2942 3453 3065 3506 illos
3093 3452 3291 3507 liberos
3331 3451 3621 3518 dimiseris,

2034 3547 2233 3616 poteris
2266 3561 2297 3599 a
2349 3546 2460 3601 Deo
2503 3545 2717 3615 exigere
2755 3560 2876 3599 cum
2927 3544 3177 3598 instantia
3222 3558 3411 3613 magna
3463 3551 3623 3597 tanta:

2035 3635 2388 3707 philosophia:
2433 3635 2764 3690 mercedem.
2814 3635 2871 3689 Si
2915 3634 3057 3693 enim
3102 3634 3262 3689 homo
3291 3633 3619 3704 prmteriens,

2034 3729 2325 3799 vidensque
2347 3736 2399 3783 te
2425 3726 2720 3782 debitorem
2767 3735 2972 3793 tenere,
2996 3727 3209 3796 juberet
3246 3735 3298 3782 te
3340 3725 3510 3796 ipsum
3539 3725 3625 3780 di-

2037 3820 2274 3884 mittere,
2316 3827 2372 3874 et
2401 3819 2497 3874 abs
2534 3834 2594 3874 se
2621 3817 2860 3873 debitum
2887 3833 3190 3888 reposcere,
3220 3834 3326 3874 non
3352 3830 3497 3874 certe
3539 3821 3622 3874 inc

2036 3920 2220 3982 gratus
2265 3910 2341 3964 illi
2386 3909 2525 3964 foret
2567 3919 2689 3980 post
2731 3910 3125 3975 remissionem,
3157 3917 3340 3980 utpote
3366 3910 3533 3980 quiin
3564 3925 3627 3965 se

2038 4013 2209 4059 totum
2253 4001 2926 4070 transtuleritzquomodo
2975 4001 3116 4056 Deus
3165 4015 3271 4056 non
3325 4001 3474 4071 plura
3499 4002 3624 4068 alia,

2038 4098 2148 4153 imo
2187 4096 2384 4150 millies
2415 4095 2564 4165 plura
2594 4093 2802 4160 reddet,
2826 4109 2947 4149 cum
2977 4094 3092 4162 ejus
3129 4102 3396 4164 praecepto
3419 4094 3628 4149 obtem-

2037 4197 2308 4259 perantes,
2333 4186 2601 4242 debitores
2626 4196 2856 4252 nostros,
2882 4200 2981 4240 nec
2999 4201 3238 4254 parvum,
3259 4201 3356 4240 nec
3378 4201 3629 4256 magnum

2039 4282 2108 4338 ab
2148 4283 2226 4337 eis
2255 4280 2676 4350 expostulantes,
2724 4278 3091 4333 dimiserimus
3135 4293 3351 4348 prorsus
3392 4278 3630 4332 liberos?

2040 4374 2118 4431 Ne
2147 4384 2544 4443 temporaneam
2567 4371 2709 4426 illam
2734 4371 3057 4440 voluptatem
3079 4371 3436 4436 attendamus,
3467 4387 3627 4442 quam

2041 4468 2220 4523 debita
2254 4475 2560 4536 repetentes
2587 4464 2908 4534 accipimus;
2950 4463 3046 4520 sed
3076 4465 3327 4519 damnum
3360 4464 3486 4520 illud
3510 4477 3629 4519 tan-

2043 4569 2177 4624 tum,
2201 4557 2343 4628 quod
2371 4558 2425 4611 in
2450 4557 2626 4610 futuro
2665 4565 3055 4625 exspectamus,
3090 4555 3142 4610 in
3173 4557 3326 4610 bonis
3353 4557 3631 4611 immorta-

2045 4651 2183 4705 libus
2231 4663 2327 4702 nos
2376 4648 2520 4717 ipsos
2569 4646 2843 4701 laedentes.
2872 4645 3133 4701 Onmibus
3173 4662 3302 4716 ergo
3328 4649 3634 4717 superiores

2044 4739 2191 4806 facti,
2240 4738 2533 4809 largiamur
2577 4748 2630 4792 et
2676 4737 2926 4807 pecunias
2951 4748 3005 4792 et
3049 4737 3276 4792 oﬂ‘ensas
3306 4737 3634 4794 debitoribus

2047 4833 2263 4898 nostris,
2292 4842 2345 4886 ut
2370 4831 2596 4889 leviores
2623 4831 2776 4886 nobis
2798 4831 3030 4886 rationes
3047 4831 3343 4886 reddendas
3364 4847 3632 4900 paremus;

2047 4937 2101 4982 et
2127 4925 2270 4997 quod
2299 4941 2403 4980 non
2442 4925 2709 4995 potuimus
2738 4939 2833 4993 per
2859 4924 2988 4979 alias
3016 4924 3240 4979 virtutes
3265 4924 3504 4993 assequi,
3543 4941 3638 4993 per

2046 5021 2369 5075 oblivionem
2405 5019 2719 5090 injuriarum
2735 5027 3144 5089 consequentes,
3162 5027 3360 5073 aaterna
3378 5017 3463 5071 adi
3471 5018 3635 5086 pisca-

2047 5129 2168 5168 mur
2197 5113 2356 5172 bona.
2386 5114 2552 5181 gratia
2584 5121 2638 5165 et
2666 5110 3032 5166 misericordia
3079 5111 3285 5164 Domini
3312 5110 3477 5164 nostri
3508 5109 3634 5164 Jesu

2049 5205 2268 5268 Christi,
2311 5203 2396 5257 cui
2440 5203 2608 5273 gloria
2653 5214 2706 5257 et
2735 5202 3036 5271 imperium,
3067 5216 3208 5257 nunc
3234 5210 3288 5257 et
3316 5215 3549 5271 semper,
3588 5209 3643 5256 et

2052 5297 2107 5352 in
2133 5294 2321 5351 SiDCtlIa
2352 5294 2689 5348 saeculorum.
2720 5292 2912 5346 Amen.

1716 5572 2064 5635 HOMILIA
2108 5570 2280 5631 XVI.

356 5692 486 5747 CAP.
534 5691 589 5746 5.
631 5705 686 5744 v.
725 5689 814 5742 Π.
857 5685 1031 5740 Nolite
1071 5694 1268 5754 putare,
1312 5682 1448 5752 quod
1502 5681 1718 5736 venerim
1762 5681 1953 5735 solvere

861 5779 1017 5849 legem
1048 5785 1135 5830 aut
1161 5775 1450 5845 prophetas.

2057 5695 2148 5732 cur
2172 5693 2272 5731 non
2299 5693 2468 5730 omnia
2484 5677 2628 5746 quasi
2649 5674 2951 5727 auctoritate
2968 5689 3059 5725 sua
3081 5672 3329 5742 faciat.—-
3345 5667 3474 5736 Quis
3501 5667 3646 5723 enim

2059 5770 2110 5826 id
2137 5769 2313 5824 fuerat
2341 5767 2680 5837 suspicatus?
2709 5777 2800 5822 aut
2830 5766 2948 5836 quis
2974 5765 3264 5834 objecerat,
3306 5773 3366 5818 ut
3395 5761 3517 5815 huic
3546 5765 3647 5814 on-

438 5879 486 5934 l.
515 5875 685 5946 Quare
718 5875 945 5932 Christus
968 5890 1020 5930 se
1041 5889 1141 5927 non
1173 5871 1362 5927 solvere
1392 5869 1548 5940 legem
1575 5867 1876 5933 asserucrit;
1907 5877 1958 5923 et
2055 5863 2276 5935 lectioni
2303 5861 2644 5919 occurreret?
2674 5860 2856 5933 Neque
2881 5859 3022 5916 enim
3053 5874 3115 5915 ex
3148 5857 3303 5914 dictis
3326 5856 3445 5913 talis
3469 5852 3648 5924 suspio
