4050 6364
387 374 496 430 259

378 489 464 542 cio
490 483 762 541 oriebatur
793 499 808 538 :
843 497 965 538 nam
1008 481 1149 552 quo’d
1192 481 1405 550 iuberet
1434 479 1591 534 mites
1611 491 1753 543 esse,
1779 472 1970 529 modo-

379 593 515 645 stos,
571 576 969 643 misericordes,
1025 574 1254 629 mundos
1309 573 1472 628 corde
1522 580 1580 627 et
1625 585 1723 640 pro
1758 566 1969 639 justitia

378 675 681 736 decertare,
713 669 844 724 nihil
875 667 1050 722 simile
1081 665 1384 730 indicebat;
1416 665 1525 718 imo
1551 662 1675 717 huic
1701 662 1778 715 rei
1811 674 1978 728 oppo-

378 765 541 818 situm
565 771 699 817 erat.
723 761 836 827 Qua
857 775 984 830 ergo
1004 758 1069 814 de
1089 772 1248 812 causa
1270 756 1371 810 hoc
1390 755 1564 810 dixit?
1580 752 1694 807 Non
1713 753 1977 805 incassum

377 870 484 910 nec
512 855 740 916 frustra;
773 851 866 907 sed
913 851 1035 921 quia
1064 851 1335 905 veteribus
1365 847 1643 919 przeceptis
1669 844 1870 914 majora
1897 842 1978 896 la-

381 957 534 1000 turus
568 955 705 1009 erat,
734 944 922 1000 dicens
950 963 964 998 :
995 941 1239 1006 Audistis,
1263 941 1380 1011 quia
1420 940 1612 991 dictum
1637 946 1710 992 est
1737 933 1976 1004 antiquis,

376 1035 506 1094 Non
525 1036 750 1100 occides;
771 1051 860 1105 ego
875 1043 1040 1088 autem
1059 1033 1171 1087 dico
1187 1033 1342 1098 vobis,
1355 1030 1432 1084 Ne
1449 1028 1740 1084 irascamini
1765 1024 1978 1097 (Matth.

377 1127 438 1183 5.
460 1127 522 1183 2|
542 1169 552 1182 .
569 1127 688 1196 22);
717 1125 1022 1180 utdivinam
1037 1124 1316 1194 quamdam
1335 1121 1671 1177 acctulestem
1692 1119 1830 1172 viam
1857 1131 1982 1188 ape-

397 1220 542 1281 riret,
593 1236 660 1274 ne
703 1219 779 1273 rei
831 1217 1038 1272 novitas
1074 1216 1373 1269 auditorum
1404 1213 1612 1268 animos
1641 1210 1896 1271 turbaret,
1929 1217 1984 1263 et

379 1311 458 1368 .ad
485 1311 836 1365 dubitandum
864 1309 930 1364 de
957 1308 1115 1364 dictis
1140 1307 1448 1370 adduceret,
1477 1304 1578 1359 hac
1598 1303 1763 1357 utitur
1785 1300 1982 1370 praavia

382 1403 655 1456 .eautioue.
685 1400 902 1455 Etiamsi
945 1398 1085 1454 enim
1117 1399 1285 1468 legem
1316 1412 1424 1451 non
1453 1395 1752 1466 implerent,
1780 1405 1974 1462 magno

381 1505 572 1556 tamen
599 1507 722 1562 erga
768 1492 911 1548 illam
948 1493 1264 1546 tenebantur
1305 1489 1518 1554 affectu,
1549 1502 1612 1542 ac
1654 1487 1779 1540 licet
1815 1485 1982 1553 ipsam

383 1583 634 1655 .quotidie
681 1583 962 1648 violarent,
1014 1583 1191 1636 literas
1231 1591 1406 1635 tamen
1453 1579 1702 1634 volebant
1739 1579 1987 1632 immotas

389 1691 640 1740 manere,
693 1675 930 1745 nihilque
974 1675 1104 1744 ipsis
1149 1674 1339 1742 adjici;
1388 1674 1496 1729 imo
1523 1688 1651 1728 vero
1688 1669 1930 1742 quazdam
1957 1684 1986 1722 a

392 1767 728 1837 principibus
767 1768 880 1822 suis
909 1765 1084 1821 addita
1115 1767 1416 1832 tuebantur,
1461 1781 1579 1836 qua:
1616 1773 1762 1820 certe
1791 1778 1896 1815 non
1921 1759 1989 1816 ad

389 1859 610 1926 .melius,
637 1859 730 1914 sed
756 1859 823 1913 ad
854 1857 1005 1929 pejus
1033 1843 1344 1928 vergebant.
1371 1857 1584 1912 Etenim
1609 1856 1870 1910 honorem
1897 1867 1992 1922 pa-

401 1952 643 2008 rentibus
672 1952 912 2008 debitum
955 1951 1040 2006 his
1063 1951 1443 2006 additamentis
1469 1950 1765 2013 solverunt,
1807 1954 1864 2000 et
1887 1945 1990 1999 alia

402 2045 626 2113 plurima
689 2044 1010 2114 importunis
1068 2043 1428 2098 additionibus
1489 2039 1988 2112 pessumdederunt.

403 2136 666 2202 Quoniam
688 2151 816 2205 ergo
839 2134 1087 2192 Christus
1115 2151 1181 2191 ex
1209 2133 1526 2190 sacerdotali
1553 2131 1692 2187 tribu
1719 2147 1826 2185 non
1853 2135 1988 2193 erat,

402 2237 460 2283 et
505 2243 625 2298 quae
676 2228 793 2299 ipse
839 2229 1150 2283 inducturus
1193 2236 1346 2293 erat,
1409 2225 1827 2280 additamentum
1879 2229 1992 2277 erat

404 2319 716 2390 quodpiam,
744 2320 882 2390 quod
913 2319 1156 2374 virtutem
1180 2335 1285 2373 non
1313 2318 1598 2381 minueret,
1623 2315 1715 2371 sed
1746 2323 1991 2384 augeret:

411 2409 524 2464 lucc
548 2410 707 2464 ambo
736 2408 1055 2478 prawidens,
1084 2425 1203 2480 qua:
1229 2409 1374 2479 ipsos
1398 2409 1670 2462 turbatura
1695 2415 1868 2469 erant,
1896 2420 1994 2457 au-

411 2510 623 2570 tequam
649 2500 989 2556 admirandas
1014 2500 1131 2555 illas
1175 2500 1319 2571 leges
1357 2500 1558 2570 scripto
1588 2497 1725 2552 tradi
1760 2504 1993 2562 curaret,

412 2592 544 2646 illud
589 2593 764 2662 rejicit
805 2577 949 2662 quod
993 2592 1096 2647 illis
1145 2592 1196 2646 in
1240 2601 1472 2646 mentem
1526 2601 1810 2644 venturum
1858 2596 1996 2642 erat.

413 2682 549 2750 Quid
577 2699 702 2738 vero
730 2682 855 2738 illud
883 2692 999 2740 erat
1023 2683 1166 2755 quod
1189 2683 1503 2753 subreperet
1525 2691 1580 2737 et
1599 2681 1754 2749 objici
1776 2679 2001 2751 posset?

416 2775 682 2832 Putabant
725 2777 870 2830 illum
915 2777 1030 2832 haec
1073 2776 1255 2831 dicere
1300 2775 1368 2830 ad
1399 2775 1586 2845 legalia
1632 2783 1811 2828 vetera
1841 2773 2003 2826 abroa-

413 2865 608 2936 ganda.
635 2867 789 2922 lianc
827 2867 1012 2936 itaque
1051 2875 1200 2922 sanat
1239 2867 1566 2938 Opinionem.
1593 2864 1773 2933 Neque
1800 2863 1885 2917 hic
1910 2879 2000 2917 su-

417 2959 529 3012 lum
560 2956 662 3012 hoc
706 2943 854 3022 facit,
895 2957 990 3012 sed
1015 2966 1072 3013 et
1097 2957 1222 3013 alibi
1250 2972 1481 3028 quoque.
1520 2955 1654 3025 Quia
1683 2957 1824 3011 enim
1859 2955 2002 3008 illmn

417 3048 783 3104 adversarium
817 3048 926 3104 Deo
950 3047 1239 3103 credebant
1264 3089 1280 3114 ,
1311 3062 1380 3103 eo
1418 3048 1558 3117 quod
1589 3046 1866 3100 sabbatum
1897 3060 2000 3098 nou

419 3146 689 3204 servaret,
724 3148 783 3194 ut
805 3139 943 3194 hanc
969 3140 1180 3195 illorum
1207 3139 1564 3208 suspicionem
1591 3146 1832 3191 amovcat
1851 3178 1865 3199 ,
1899 3136 2007 3190 illic

420 3245 634 3300 quoque
654 3229 996 3285 defensiones
1020 3230 1309 3299 expromit,
1334 3229 1559 3300 illasque
1585 3229 1684 3282 sibi
1712 3242 2009 3297 congruen-

422 3333 504 3376 tes
531 3339 546 3376 :
573 3331 630 3376 ut
655 3337 775 3376 cum
805 3320 932 3376 dicit
957 3340 970 3375 :
1000 3320 1158 3376 Pater
1186 3338 1325 3376 meus
1349 3330 1604 3392 operatur,
1637 3331 1684 3374 et
1713 3337 1802 3390 ego
1831 3336 2012 3391 operor

403 3415 445 3486 ι(
469 3411 623 3470 Joan.
651 3413 705 3469 5.
731 3413 795 3469 17
817 3411 869 3484 );
901 3413 1032 3468 alias
1056 3429 1185 3468 vero
1213 3412 1528 3467 demissiore
1561 3411 1720 3466 modo
1751 3412 2003 3480 prolatas,

426 3513 484 3558 ttt
510 3518 631 3558 cum
659 3520 812 3562 ovem
842 3505 894 3558 in
931 3503 1161 3560 medium
1193 3502 1349 3560 aﬂert
1386 3504 1437 3558 iu
1485 3504 1706 3558 sabbato
1729 3502 2009 3573 perditam,

423 3602 479 3646 et
499 3593 728 3648 ostendit
747 3594 813 3649 ad
834 3594 949 3663 ejus
969 3595 1193 3649 salutem
1218 3595 1385 3665 legem
1412 3594 1577 3649 fuisse
1611 3595 1878 3661 solutam_,
1906 3595 2015 3650 cir-

426 3686 806 3740 cumcisioneut
831 3701 1043 3756 quoque
1069 3686 1295 3756 idipsum
1333 3687 1610 3743 facientem
1631 3697 2017 3743 commemorat

429 3775 672 3849 (Matth.
704 3778 791 3832 12.
823 3779 911 3838 11.
942 3777 1010 3833 12
1033 3779 1074 3849 ).
1105 3777 1231 3834 ideo
1266 3778 1468 3834 scilicet
1488 3776 1856 3834 humilioribus
1874 3794 2018 3850 saepe

435 3867 616 3923 verbis
641 3867 875 3938 loquitur
897 3909 915 3937 ,
947 3877 1007 3924 ut
1033 3869 1341 3939 opinionem
1379 3869 1525 3924 illam
1549 3911 1564 3935 ,
1595 3885 1700 3940 qua
1740 3870 2019 3939 putabatur

434 3960 548 4028 ipse
572 3959 686 4015 Deo
703 3959 996 4027 adversari,
1023 3960 1344 4017 elimiaaret.
1374 3959 1578 4016 Idcirco
1601 3960 1691 4032 qtti
1717 3961 1882 4015 verbo
1901 3962 2018 4016 solo

435 4049 746 4106 innumeros
771 4060 1015 4107 mortuos
1039 4052 1406 4115 suseitaverat,
1428 4066 1550 4105 cum
1576 4050 1836 4106 Lazarum
1858 4066 2019 4107 voca-

435 4142 532 4208 vit,
554 4151 608 4198 et
625 4143 923 4198 orationem
942 4143 1135 4214 adjecit
1152 4142 1359 4213 (Joand
1372 4144 1395 4197 1
1409 4184 1424 4198 .
1438 4143 1529 4213 bl)
1547 4159 1561 4208 ;
1580 4142 1793 4209 deinde,
1815 4159 1884 4198 ne
1899 4143 2023 4200 hinc

438 4233 595 4289 Patre
614 4249 712 4290 suo
731 4233 910 4290 minor
927 4232 1299 4291 ostenderetur
1313 4276 1329 4301 ,
1353 4243 1408 4290 et
1427 4243 1486 4290 ut
1505 4234 1642 4290 hanc
1660 4235 2020 4305 suspicionem

436 4325 787 4392 emendaret,
824 4325 1098 4396 subjunxit
1125 4343 1140 4381 :
1172 4325 1295 4381 Haec
1319 4325 1428 4381 dixi
1456 4335 1661 4396 propter
1683 4325 1881 4382 turbam
1917 4327 2022 4382 cir-

439 4425 767 4471 cnmstantent
785 4457 802 4484 ,
825 4426 878 4471 ut
897 4417 1105 4472 credant
1125 4417 1244 4488 quia
1272 4426 1327 4472 tu
1345 4432 1422 4472 me
1445 4417 1624 4472 misisti
1653 4417 1812 4491 (Ibid.
1837 4435 1886 4473 υ.
1905 4418 2020 4489 42).

437 4506 625 4578 Neque
653 4508 830 4563 omnia
851 4509 1002 4578 quasi
1027 4525 1123 4565 sua
1145 4509 1461 4565 auctoritate
1486 4509 1630 4577 facit,
1652 4519 1710 4564 ut
1731 4509 2026 4566 infirmitati

440 4614 627 4654 eorum
657 4613 716 4654 se
754 4609 1104 4670 attemperet;
1137 4615 1310 4671 neque
1335 4601 1494 4655 etiam
1525 4600 1704 4654 omnia
1735 4601 2028 4672 praemissis

444 4689 687 4758 precibus
704 4688 849 4757 facit,
868 4705 936 4746 ne
955 4691 1185 4760 posteris
1202 4691 1526 4762 relinqueret
1544 4691 1860 4761 suspicionis
1879 4706 2029 4762 argu-

444 4787 678 4835 mentum
697 4819 712 4844 ,
743 4780 895 4850 quasi
923 4779 1127 4836 scilicet
1153 4780 1396 4836 infirmus
1419 4789 1478 4837 et
1505 4781 1768 4851 impotens
1794 4781 1866 4836 sit
1883 4823 1898 4847 ,
1928 4781 2024 4835 sed

443 4873 558 4928 hazc
579 4873 680 4929 illis
703 4882 757 4928 et
773 4872 860 4928 illa
880 4873 965 4929 his
980 4872 1256 4929 admiscet.
1283 4873 1414 4928 lllud
1433 4884 1609 4928 autem
1629 4887 1734 4928 non
1757 4872 1874 4928 sine
1891 4881 2028 4928 tem-

445 4975 756 5038 peramento
780 4966 932 5034 facit,
951 4965 1045 5022 sed
1066 4981 1187 5022 cum
1208 4965 1415 5024 decenti
1437 4967 1536 5021 sibi
1558 4966 1860 5036 prudentia.
1894 4966 2028 5022 Nam

443 5070 500 5115 et
520 5059 722 5130 majora
748 5061 870 5116 facit
893 5061 1044 5132 quasi
1067 5069 1380 5131 potestatem
1406 5059 1632 5127 habens,
1652 5070 1708 5116 et
1727 5060 1781 5116 in
1809 5061 2033 5117 minori-

446 5153 546 5207 hus
567 5153 631 5206 ad
647 5153 842 5208 ctelum
858 5153 1094 5224 respicit.
1112 5151 1383 5223 Siquidem
1409 5166 1530 5207 cum
1553 5161 1765 5221 peccata
1792 5153 2032 5220 ditnittit,

445 5257 567 5298 cum
597 5253 804 5299 secreta
837 5244 1076 5312 revelat,
1103 5252 1158 5300 et
1185 5243 1484 5314 paradisum
1523 5243 1729 5314 aperit,
1761 5257 1884 5298 cum
1924 5243 2035 5298 dte—

445 5347 634 5388 monas
681 5335 860 5404 pellit,
899 5351 1021 5390 cum
1064 5336 1307 5400 leprosos
1349 5334 1607 5403 mtmdat,
1647 5351 1770 5390 cum
1808 5345 2034 5390 mortem

447 5425 623 5482 frenat
643 5468 656 5491 ,
676 5442 799 5482 cum
817 5436 1058 5483 mortuos
1078 5429 1299 5484 suscitat
1321 5428 1629 5484 innumeros
1648 5469 1663 5495 ,
1683 5429 1834 5499 jussu
1855 5430 2033 5483 omnia

450 5519 609 5584 facit;
639 5535 760 5575 cum
786 5530 962 5575 autem
984 5561 1000 5583 ,
1031 5519 1174 5592 quod
1204 5521 1370 5575 multo
1393 5522 1568 5576 minus
1594 5530 1709 5574 erat
1731 5561 1747 5586 ,
1778 5536 1942 5591 panes
1970 5536 2034 5574 ex

453 5613 636 5683 paucis
660 5614 856 5670 multos
885 5613 1030 5678 fecit,
1063 5623 1192 5670 tunc
1218 5614 1270 5669 in
1296 5613 1483 5668 etelum
1512 5614 1766 5682 respexit,
1801 5629 1894 5682 per
1922 5629 2038 5667 om-

453 5705 540 5759 nia
565 5705 858 5761 ostendens
883 5720 942 5762 se
968 5721 1077 5762 non
1108 5720 1175 5761 ex
1211 5704 1517 5760 infirmitate
1545 5704 1648 5759 hoc
1676 5704 1871 5759 facere.
1903 5703 2037 5759 Nam

462 5800 556 5872 qui
575 5797 776 5870 majora
797 5803 1009 5868 poterat
1026 5812 1148 5854 cum
1174 5805 1439 5870 potestate
1463 5795 1660 5866 facere,
1689 5794 1957 5867 quomodo
1985 5795 2039 5851 itt

1103 368 1162 425 S.
1201 367 1481 426 JOANNIS
1515 359 1988 422 CHRYSOSTOMI
2026 356 2348 416 ARCl-IIEP.
2387 354 2924 417 CONSTANTINOP.

3561 362 3672 420 2w

2080 469 2375 525 minoribus
2401 484 2560 540 prece
2581 485 2715 540 opus
2742 470 3051 527 habuisset?
3074 469 3206 540 Sed,
3233 471 3374 542 quod
3395 471 3507 543 jam
3533 474 3671 542 dixi,

2078 570 2140 617 ut
2176 563 2388 618 illorum
2428 562 2809 634 impudentiam
2836 573 3082 619 coerceat
3109 563 3212 620 hoc
3240 564 3384 620 facit.
3431 567 3674 636 ldipsunt

2079 657 2384 712 existimato
2409 697 2423 720 ,
2454 672 2577 712 cum
2612 655 2764 712 vides
2791 672 2916 712 eum
2955 656 3175 726 humilia
3207 659 3368 714 verba
3401 660 3669 730 proferre.

2053 747 2214 804 Nam
2243 759 2297 804 et
2323 749 2610 804 verborum
2648 757 2705 804 et
2739 763 2962 819 operum
2994 748 3297 820 hujusmodi
3337 752 3520 808 multa
3549 761 3683 807 sunt

2083 856 2259 896 causa:
2279 859 2292 906 ;
2315 842 2544 910 exempli
2565 842 2758 912 gratia,
2787 857 2853 896 ne
2874 857 2903 896 a
2928 842 3039 897 Deo
3067 852 3283 912 putetur
3301 859 3422 900 esse
3443 845 3678 911 alienus,

2085 933 2228 1004 quod
2254 949 2442 989 omnes
2471 934 2681 990 erudiat
2706 942 2762 989 et
2790 945 2943 989 sanet
2967 975 2982 998 ,
3018 935 3161 1004 quod
3194 935 3546 991 humilitatem
3575 935 3682 990 do-

2084 1037 2201 1080 ceat
2223 1067 2238 1090 ,
2265 1025 2404 1096 quod
2430 1042 2591 1080 carne
2619 1025 2983 1081 circumdetur
3002 1067 3017 1094 ,
3047 1025 3187 1095 quod
3215 1042 3320 1082 non
3348 1028 3554 1097 possint
3577 1025 3670 1083 Ju-

2086 1116 2186 1171 dmi
2229 1117 2408 1171 omnia
2447 1116 2730 1172 confertim
2774 1118 2996 1183 audire,
3039 1117 3181 1188 quod
3221 1109 3422 1173 doceat"
3451 1134 3519 1174 ne
3555 1120 3684 1190 quis

2087 1225 2336 1278 magnum
2363 1209 2486 1280 quid
2516 1209 2584 1266 de
2610 1209 2787 1280 seipse
2817 1210 3082 1279 loquatur.
3101 1209 3328 1280 Ideoque
3343 1226 3486 1281 saepe
3511 1211 3685 1266 multa

2089 1301 2306 1354 lunuilia
2319 1300 2388 1355 de
2408 1301 2586 1368 seipso
2605 1301 3003 1372 dieeus,magna
3024 1301 3142 1356 aliis
3162 1301 3412 1372 relinquit
3426 1301 3680 1358 dicenda.

2157 1391 2212 1446 2.
2294 1393 2425 1447 Nam
2480 1394 2595 1462 ipse
2635 1408 2758 1448 cum
2812 1393 3010 1448 Judzeis
3061 1393 3371 1464 loqueretur
3418 1394 3683 1449 dicebat:

2089 1485 2370 1556 Antequam
2410 1485 2667 1541 Abraham
2710 1489 2872 1557 fieret,
2915 1504 3008 1558 ego
3045 1505 3160 1541 sum
3186 1487 3384 1560 (Joan.
3417 1489 3472 1543 8.
3517 1489 3673 1559 58);

2091 1579 2387 1649 discipulus
2406 1590 2584 1636 autem
2614 1579 2732 1650 ejus
2760 1595 2865 1635 non
2893 1580 2986 1648 ita,
3017 1581 3134 1646 sed,
3165 1580 3233 1634 In
3275 1581 3529 1652 principio
3573 1591 3690 1635 erat

2100 1669 2338 1738 Verbum,
2360 1681 2406 1726 et
2442 1670 2656 1726 Verbum
2681 1683 2787 1726 erat
2813 1673 2952 1742 apud
2980 1671 3166 1738 Deum,
3189 1682 3235 1726 et
3265 1671 3404 1726 Deus
3425 1682 3533 1726 erat
3566 1671 3694 1726 Ver-

2097 1763 2214 1816 bum
2241 1760 2439 1832 (Joan.
2483 1763 2539 1817 1.
2585 1761 2681 1834 1).
2711 1763 2969 1827 Rursum,
3011 1763 3154 1834 quod
3197 1763 3411 1831 caelum,
3464 1773 3691 1828 terram,

2094 1867 2242 1906 mare
2291 1851 2406 1921 ipse
2451 1851 2672 1920 fecerit,
2711 1867 2810 1908 nec
2861 1868 2967 1907 non
3027 1852 3253 1907 visibilia
3301 1861 3356 1908 et
3402 1852 3691 1908 invisibilia

2093 1942 2296 2009 omnia,
2325 1942 2442 2013 ipse
2488 1959 2782 2014 numquam
2835 1944 2980 2001 clare
3025 1943 3195 2010 dixit;
3225 1944 3517 2015 discipulus
3559 1959 3696 2001 vero

2095 2049 2216 2089 eum
2243 2035 2489 2091 libertate
2509 2051 2697 2107 magna
2729 2037 2864 2092 nihil
2885 2037 3223 2108 supprimens
3243 2079 3259 2106 ,
3290 2039 3494 2103 semel,
3524 2037 3606 2092 bis
3634 2046 3698 2093 et

2093 2127 2296 2198 plurics
2322 2128 2373 2183 id
2398 2129 2472 2183 ait
2495 2128 2704 2182 :Omnia
2723 2147 2814 2199 per
2836 2131 3004 2201 ipsum
3035 2135 3170 2202 facta
3193 2141 3329 2198 sunt,
3365 2141 3410 2185 et
3431 2132 3537 2186 sine
3577 2131 3698 2202 ipso

2099 2225 2290 2291 factum
2335 2230 2409 2276 est
2454 2221 2582 2276 nihil
2610 2223 2629 2294 (
2653 2221 2790 2277 Ibid.
2831 2241 2880 2277 υ.
2930 2225 3026 2293 5);
3059 2233 3132 2288 et,
3164 2223 3231 2278 In
3251 2223 3442 2278 mundo
3471 2234 3578 2277 erat
3599 2265 3616 2291 ,
3645 2235 3700 2278 α

2099 2311 2319 2364 mundus
2357 2327 2446 2381 per
2491 2312 2659 2382 ipsum
2704 2317 2867 2385 [actus
2911 2323 2982 2369 est
3013 2313 3182 2385 (Ibid.
3233 2332 3282 2368 ν.
3334 2313 3455 2385 10).
3489 2314 3701 2385 Εαιιιίιι
3764 2355 3772 2362 -

2101 2401 2312 2455 miraris
2334 2441 2350 2467 ,
2381 2401 2427 2456 si
2467 2402 2554 2456 alii
2585 2403 2786 2474 majora
2825 2404 2894 2460 de
2939 2403 3032 2460 illo
3068 2405 3338 2470 dixerunt,
3366 2420 3525 2475 quam
3557 2407 3698 2476 ipse,

2101 2493 2316 2563 quando
2353 2494 2520 2548 multa
2568 2510 2663 2566 per
2689 2511 2850 2566 Opera
2897 2497 3176 2565 exhibens,
3208 2511 3303 2567 per
3348 2499 3512 2552 verba
3551 2497 3704 2554 clare

2105 2602 2208 2640 non
2235 2585 2475 2641 dicebat?
2495 2587 2646 2655 Quod
2674 2590 2817 2644 enim
2845 2589 3117 2646 hominem
3143 2591 3257 2662 ipse
3280 2589 3488 2655 fecerit,
3514 2601 3704 2646 esten-

2103 2676 2184 2732 dit
2227 2678 2372 2734 clare
2413 2693 2511 2749 per
2561 2695 2802 2746 caecum;
2853 2698 2973 2736 eum
3001 2692 3178 2737 autem
3205 2683 3273 2738 de
3299 2681 3617 2738 formatione
3641 2684 3702 2738 in

2108 2769 2369 2838 principio
2399 2769 2533 2826 facta
2562 2788 2740 2827 sermo
2771 2773 2869 2843 ipsi
2896 2783 3041 2842 erat,
3075 2789 3181 2830 non
3206 2774 3374 2842 dixit,
3401 2774 3518 2846 Ego
3550 2774 3655 2831 feci
3681 2792 3700 2834 :

2107 2863 2200 2918 sed
2225 2905 2241 2929 ,
2267 2865 2368 2930 Qui
2397 2865 2549 2934 fecit,
2579 2866 2859 2920 masculum
2885 2876 2932 2922 et
2958 2869 3196 2940 feminam
3217 2868 3334 2940 fecit
3357 2885 3441 2923 eos
3463 2871 3480 2938 (
3507 2867 3703 2922 Matth.

2109 2956 2198 3010 19.
2233 2956 2286 3011 4.
2335 2955 2463 3012 Gen.
2497 2959 2544 3012 1.
2567 2958 2696 3030 27).
2731 2959 2798 3014 Ει
2825 2961 2964 3030 quod
2988 2960 3240 3016 mundum
3260 2963 3543 3025 creaverit,
3561 2972 3615 3017 et
3633 2977 3703 3017 ea

2109 3064 2228 3120 quat
2253 3049 2307 3105 in
2335 3053 2450 3120 ipso
2475 3062 2618 3118 sunt,
2653 3069 2749 3123 per
2789 3055 2980 3119 pisces,
3010 3070 3106 3124 per
3142 3054 3343 3120 vinum,
3376 3071 3470 3125 per
3511 3069 3705 3126 panes,

2123 3156 2218 3211 per
2246 3144 2686 3213 tranquillitatem
2737 3145 2792 3200 in
2845 3147 3012 3211 mari,
3052 3163 3149 3217 per
3182 3150 3364 3205 radios
3386 3151 3521 3205 solis
3558 3168 3709 3222 quos

2124 3237 2319 3290 avertit
2352 3238 2405 3292 in
2445 3254 2606 3294 cruce
2631 3240 2671 3306 ¹,
2723 3255 2926 3310 perque
2961 3241 3192 3311 plurima
3208 3243 3313 3298 alia
3331 3245 3692 3312 monstravit;

2121 3329 2300 3383 verbis
2329 3339 2504 3385 tamen
2525 3348 2820 3402 numquam
2842 3335 2989 3388 clare
3010 3334 3178 3390 dixit:
3228 3336 3324 3391 sed
3352 3338 3606 3407 discipuli
3640 3339 3698 3394 id

2121 3435 2262 3490 Saepe
2299 3421 2782 3489 dicunt,Joanues,
2802 3424 3023 3491 Paulus,
3050 3424 3413 3483 Petrus.Nam
3432 3430 3480 3484 si
3498 3430 3586 3484 isti
3603 3432 3704 3500 qui

2120 3521 2277 3566 nocte
2293 3512 2487 3582 dieque
2500 3514 2674 3584 ipsum
2700 3515 3008 3585 loquentem
3025 3519 3338 3582 audiebant,
3369 3527 3424 3573 et
3437 3521 3702 3576 miracula

2119 3612 2420 3672 patrantem
2440 3606 2713 3672 videbant,
2729 3609 2928 3677 quibus
2940 3613 3168 3666 seorsim
3182 3612 3350 3665 multa
3365 3613 3628 3677 solvebat,
3647 3623 3708 3667 et

2120 3697 2320 3741 tantam
2363 3687 2585 3744 dederat
2624 3699 2972 3758 potestatem,
3012 3698 3070 3744 ut
3110 3700 3164 3745 et
3205 3700 3445 3745 mortuos
3485 3692 3714 3746 suscita-

2122 3785 2266 3844 rent,
2315 3785 2474 3846 atqne
2525 3778 2597 3832 ita
2644 3776 2909 3848 perfectos
2953 3780 3280 3850 reddiderat,
3320 3791 3381 3836 ut
3407 3783 3585 3836 omnia
3613 3797 3716 3852 pro

2125 3867 2241 3937 ipso
2269 3869 2669 3940 relinquerent:
2699 3882 2818 3941 post
2862 3879 3064 3927 tantam
3110 3874 3358 3928 virtutem
3386 3882 3441 3930 et
3467 3874 3715 3944 philoso—

2123 3960 2328 4032 phiam,
2357 3979 2461 4016 non
2485 3973 2773 4032 potuerunt
2798 3965 2976 4020 omnia
3002 3974 3240 4036 portare,
3269 3978 3553 4038 antequam
3591 3966 3721 4037 Spi-

2125 4055 2285 4109 ritum
2315 4065 2556 4110 sanetum
2595 4057 3226 4129 acciperentzquomodo
3265 4060 3490 4131 populus
3528 4059 3719 4115 Judaio

2126 4159 2259 4212 cus,
2298 4146 2658 4216 intelligentia:
2711 4163 2937 4219 expers,
2985 4150 3075 4220 qui
3102 4150 3170 4204 ad
3216 4157 3418 4206 tantam
3461 4151 3720 4206 virtutem

2128 4250 2234 4292 non
2288 4247 2628 4307 pervenerat,
2656 4238 2746 4308 qui
2795 4239 3006 4294 nonnisi
3057 4239 3278 4295 fortuito
3328 4256 3456 4297 casu
3495 4243 3612 4311 ejus
3663 4251 3722 4297 et

2129 4327 2295 4397 gestis
2321 4336 2376 4384 et
2404 4326 2560 4383 dictis
2587 4328 2794 4394 aderat,
2825 4329 2998 4401 ipsum
3026 4331 3260 4386 alienum
3291 4347 3321 4386 a
3352 4333 3462 4388 Deo
3501 4332 3724 4388 univer-

2130 4432 2312 4473 sorum
2341 4433 2460 4474 esse
2487 4433 2593 4474 non
2618 4419 2973 4488 credidisset,
3007 4421 3110 4476 nisi
3133 4431 3280 4478 tanta
3308 4423 3636 4479 demissione
3665 4433 3726 4481 et

2133 4507 2460 4580 indulgentia
2488 4525 2584 4578 per
2607 4510 2786 4566 omnia
2813 4525 2944 4568 usus
2967 4512 3147 4568 esset?
3172 4512 3296 4568 Ideo
3317 4528 3569 4584 namque,
3597 4527 3724 4568 cum

2133 4601 2413 4658 sabbatum
2437 4603 2693 4669 solveret,
2723 4619 2828 4658 non
2854 4613 3011 4660 antea
3041 4604 3212 4674 legem
3241 4603 3545 4676 hujusmodi
3570 4619 3727 4660 suam

2135 4694 2451 4760 induxerat;
2481 4695 2575 4750 sed
2605 4695 2779 4751 varias
2807 4704 2863 4751 et
2900 4697 3096 4752 multas
3125 4697 3272 4768 prius
3320 4695 3476 4753 aii‘ert
3527 4710 3726 4767 purga-

2137 4791 2332 4845 tiones.
2387 4789 2541 4857 Quod
2579 4789 2625 4844 si
2655 4789 2964 4844 maudatum
3015 4805 3176 4845 unum
3228 4790 3523 4857 soluturus,
3580 4798 3726 4845 tanta

2139 4883 2304 4936 utitur
2350 4882 2635 4936 verborum
2685 4883 2954 4951 cautione,
2984 4899 3054 4939 ne
3104 4882 3377 4938 auditores
3425 4881 3724 4953 percellat:

2139 4983 2308 5036 multo
2354 4981 2526 5051 magis
2575 4995 2697 5035 cum
2754 4980 2858 5052 legi
2920 4981 3140 5050 integra:
3192 4981 3453 5050 integram
3507 4978 3734 5032 addc-ret

2140 5073 2332 5143 legem,
2367 5071 2594 5141 plurimo
2623 5071 2814 5142 egebat
2841 5082 3095 5142 apparatu
3125 5079 3283 5140 atque
3301 5085 3451 5135 cura,
3481 5085 3548 5125 ne
3572 5067 3732 5124 audi-

2141 5173 2284 5220 tores
2333 5164 2589 5219 turbaret.

2216 5256 2320 5312 Cur
2357 5254 2586 5309 Christus
2624 5254 2898 5325 aliquando
2942 5269 3044 5307 non
3081 5268 3135 5308 se
3170 5251 3308 5306 clare
3352 5250 3519 5307 Deum
3563 5250 3724 5304 dicat.

2211 5367 2227 5398 ί
2243 5359 2647 5413 Montefaleonius
2665 5363 2885 5423 lnGrteco
2903 5360 3106 5423 legebat
3119 5360 3237 5423 _:_8_uiz
3249 5357 3735 5423 rﬁ;&xrivo;_ﬁc&uﬁ-

2149 5428 2370 5496 στρᾳψεν·
2379 5426 2424 5473 ἐν
2434 5426 2508 5496 ἑῷ
2520 5425 2713 5496 ῥαϐώρ,
2728 5419 2999 5496 Rath-temnit}
3012 5419 3315 5496 reddiderat,
3327 5433 3416 5496 per
3429 5419 3600 5496 radios
3608 5433 3739 5496 quos.

2146 5480 2310 5539 enit'st't
2352 5485 2401 5535 in
2433 5480 2816 5548 Thaboreft'lie,
2841 5480 3307 5548 inquit,act_:u_ratius
3327 5480 3598 5548 perpensa,
3621 5480 3734 5529 iec-

2152 5548 2336 5599 tionem
2356 5549 2508 5605 illam,
2521 5559 2621 5610 per,
2633 5542 2809 5610 radios:
2821 5542 2940 5610 quos
2960 5542 3119 5610 emisit
3141 5543 3189 5594 in
3211 5542 3370 5600 cruce,
3384 5542 3583 5610 omnino
3595 5548 3741 5610 stare

2146 5624 2244 5660 non
2266 5622 2410 5673 posse
2433 5604 2771 5673 animadverti.
2787 5604 2926 5673 Quod
2941 5604 3073 5654 enim
3093 5607 3142 5654 in
3163 5618 3315 5673 cruce
3330 5604 3736 5673 refulserit,_uul-

2149 5674 2226 5721 lus
2258 5663 2671 5736 evangelistarum
2695 5663 2862 5736 dixit;
2885 5669 3198 5736 Quapropter
3224 5663 3735 5736 lectionem.in_1'hao

2147 5737 2278 5790 bore,
2291 5727 2647 5792 amplectimur.
2661 5747 2677 5777 ι
2695 5727 2891 5792 Videsis
2915 5727 3026 5792 qua:
3046 5727 3106 5792 iti_
3118 5729 3250 5792 hunc
3270 5728 3432 5792 locum
3445 5727 3602 5792 simul
3611 5727 3739 5792 egit;

2150 5759 2222 5783 νυ1
2233 5759 2278 5790 15,
2291 5759 2620 5792 διιιμισυιιυιιιι
2635 5770 2647 5782 ο
2661 5759 2677 5777 ν
2707 5759 2724 5777 ν
2741 5759 2891 5780 ιυῧδιδ
2915 5759 3026 5792 qua:
3046 5759 3095 5777 ιιι
3118 5759 3250 5776 Ill-IIII:
3272 5759 3432 5777 Ιυννιυ
3445 5759 3588 5776 ῠιιιιιιι
3613 5759 3638 5774 υ
3681 5759 3730 5773 ιιι

2150 5792 2511 5847 Montefalcouii
2531 5791 2900 5844 annotationem
2920 5787 3264 5842 animadvertit
3278 5786 3555 5840 Fridericus
3567 5759 3730 5840 Fieid.
