  <div class='ocr_page' id='page_1' title='image "/cluster/home/n/w/nwhite01/storage/ocr_20150623/57/nnc1.0046980075/166.png"; bbox 0 0 4056 6360; ppageno 0'>
   <div class='ocr_carea' id='block_1_1' title="bbox 312 298 415 359">
    <p class='ocr_par' dir='ltr' id='par_1_1' title="bbox 312 298 415 359">
     <span class='ocr_line' id='line_1_1' title="bbox 312 298 415 359; baseline 0.019 -3"><span class='ocrx_word' id='word_1_1' title='bbox 312 298 415 359; x_wconf 75' lang='lat'>239</span> 
     </span>
    </p>
   </div>
   <div class='ocr_carea' id='block_1_2' title="bbox 309 414 1876 488">
    <p class='ocr_par' dir='ltr' id='par_1_2' title="bbox 309 414 1876 488">
     <span class='ocr_line' id='line_1_2' title="bbox 309 414 1876 488; baseline -0.001 -17"><span class='ocrx_word' id='word_1_2' title='bbox 309 417 415 471; x_wconf 89' lang='grc' dir='ltr'>τῶν</span> <span class='ocrx_word' id='word_1_3' title='bbox 442 416 742 488; x_wconf 71' lang='grc' dir='ltr'>εἰρημένων</span> <span class='ocrx_word' id='word_1_4' title='bbox 775 414 992 487; x_wconf 85' lang='grc' dir='ltr'>τοιαύτη</span> <span class='ocrx_word' id='word_1_5' title='bbox 1028 432 1111 480; x_wconf 87' lang='grc' dir='ltr'>τις</span> <span class='ocrx_word' id='word_1_6' title='bbox 1133 415 1344 485; x_wconf 50' lang='grc' dir='ltr'>ύποξῑὶα</span> <span class='ocrx_word' id='word_1_7' title='bbox 1373 417 1614 469; x_wconf 77' lang='grc' dir='ltr'>ἐτίκτετο</span> <span class='ocrx_word' id='word_1_8' title='bbox 1637 435 1649 448; x_wconf 90' lang='grc'>·</span> <span class='ocrx_word' id='word_1_9' title='bbox 1682 419 1741 470; x_wconf 74' lang='grc' dir='ltr'>τὸ</span> <span class='ocrx_word' id='word_1_10' title='bbox 1768 416 1876 488; x_wconf 72' lang='grc' dir='ltr'>γὰρ</span> 
     </span>
    </p>
   </div>
   <div class='ocr_carea' id='block_1_3' title="bbox 309 494 1876 570">
    <p class='ocr_par' dir='ltr' id='par_1_3' title="bbox 309 494 1876 570">
     <span class='ocr_line' id='line_1_3' title="bbox 309 494 1876 570; baseline 0 -18"><span class='ocrx_word' id='word_1_11' title='bbox 309 499 547 553; x_wconf 77' lang='grc' dir='ltr'>κελεύειν</span> <span class='ocrx_word' id='word_1_12' title='bbox 602 498 812 567; x_wconf 81' lang='grc' dir='ltr'>πράους</span> <span class='ocrx_word' id='word_1_13' title='bbox 839 494 998 561; x_wconf 79' lang='grc' dir='ltr'>εἶναι,</span> <span class='ocrx_word' id='word_1_14' title='bbox 1037 500 1131 552; x_wconf 80' lang='grc' dir='ltr'>καὶ</span> <span class='ocrx_word' id='word_1_15' title='bbox 1184 501 1465 562; x_wconf 84' lang='grc' dir='ltr'>ἐπιεικεῖς.</span> <span class='ocrx_word' id='word_1_16' title='bbox 1522 502 1613 553; x_wconf 79' lang='grc' dir='ltr'>καὶ</span> <span class='ocrx_word' id='word_1_17' title='bbox 1651 500 1876 570; x_wconf 81' lang='grc' dir='ltr'>ἐλεήμο-</span> 
     </span>
    </p>
   </div>
   <div class='ocr_carea' id='block_1_4' title="bbox 307 581 1876 654">
    <p class='ocr_par' dir='ltr' id='par_1_4' title="bbox 307 581 1876 654">
     <span class='ocr_line' id='line_1_4' title="bbox 307 581 1876 654; baseline -0.001 -18"><span class='ocrx_word' id='word_1_18' title='bbox 307 601 421 646; x_wconf 86' lang='grc' dir='ltr'>νας,</span> <span class='ocrx_word' id='word_1_19' title='bbox 458 584 550 636; x_wconf 77' lang='grc' dir='ltr'>καὶ</span> <span class='ocrx_word' id='word_1_20' title='bbox 588 582 862 654; x_wconf 78' lang='grc' dir='ltr'>καθαροὺς</span> <span class='ocrx_word' id='word_1_21' title='bbox 889 585 953 653; x_wconf 78' lang='grc' dir='ltr'>τῇ</span> <span class='ocrx_word' id='word_1_22' title='bbox 981 581 1201 653; x_wconf 80' lang='grc' dir='ltr'>καρδίᾳ,</span> <span class='ocrx_word' id='word_1_23' title='bbox 1226 584 1321 635; x_wconf 73' lang='grc' dir='ltr'>καὶ</span> <span class='ocrx_word' id='word_1_24' title='bbox 1364 581 1503 654; x_wconf 76' lang='grc' dir='ltr'>ὑπὲρ</span> <span class='ocrx_word' id='word_1_25' title='bbox 1533 583 1876 653; x_wconf 77' lang='grc' dir='ltr'>δικαιοσύνης</span> 
     </span>
    </p>
   </div>
   <div class='ocr_carea' id='block_1_5' title="bbox 308 664 1876 734">
    <p class='ocr_par' dir='ltr' id='par_1_5' title="bbox 308 664 1876 734">
     <span class='ocr_line' id='line_1_5' title="bbox 308 664 1876 734; baseline -0.002 -14"><span class='ocrx_word' id='word_1_26' title='bbox 308 665 691 734; x_wconf 74' lang='grc' dir='ltr'>ἀγωνίζεσθαι,</span> <span class='ocrx_word' id='word_1_27' title='bbox 716 665 868 719; x_wconf 86' lang='grc' dir='ltr'>ούδέν</span> <span class='ocrx_word' id='word_1_28' title='bbox 917 664 1158 717; x_wconf 79' lang='grc' dir='ltr'>τοιοῦτον</span> <span class='ocrx_word' id='word_1_29' title='bbox 1196 664 1547 729; x_wconf 85' lang='grc' dir='ltr'>ἐνεδείκνυτο,</span> <span class='ocrx_word' id='word_1_30' title='bbox 1593 665 1727 720; x_wconf 88' lang='grc' dir='ltr'>ἀλλά</span> <span class='ocrx_word' id='word_1_31' title='bbox 1783 667 1876 718; x_wconf 76' lang='grc' dir='ltr'>καὶ</span> 
     </span>
    </p>
   </div>
   <div class='ocr_carea' id='block_1_6' title="bbox 306 743 1917 819">
    <p class='ocr_par' dir='ltr' id='par_1_6' title="bbox 306 743 1917 819">
     <span class='ocr_line' id='line_1_6' title="bbox 306 743 1917 819; baseline -0.001 -18"><span class='ocrx_word' id='word_1_32' title='bbox 306 750 615 802; x_wconf 85' lang='grc' dir='ltr'>τούναντίον</span> <span class='ocrx_word' id='word_1_33' title='bbox 646 749 817 802; x_wconf 78' lang='grc' dir='ltr'>ἀπαν.</span> <span class='ocrx_word' id='word_1_34' title='bbox 840 747 905 800; x_wconf 83' lang='grc' dir='ltr'>Τί</span> <span class='ocrx_word' id='word_1_35' title='bbox 928 748 1128 817; x_wconf 85' lang='grc' dir='ltr'>δήποτε</span> <span class='ocrx_word' id='word_1_36' title='bbox 1168 743 1261 800; x_wconf 78' lang='grc' dir='ltr'>οὖν</span> <span class='ocrx_word' id='word_1_37' title='bbox 1292 746 1451 801; x_wconf 80' lang='grc' dir='ltr'>τοῦτο</span> <span class='ocrx_word' id='word_1_38' title='bbox 1476 749 1730 819; x_wconf 81' lang='grc' dir='ltr'>εἴρηκεν;</span> <span class='ocrx_word' id='word_1_39' title='bbox 1765 748 1877 818; x_wconf 83' lang='grc' dir='ltr'>Οὐχ</span> <span class='ocrx_word' id='word_1_40' title='bbox 1911 804 1917 812; x_wconf 53' lang='grc'>,</span> 
     </span>
    </p>
   </div>
   <div class='ocr_carea' id='block_1_7' title="bbox 308 830 1875 901">
    <p class='ocr_par' dir='ltr' id='par_1_7' title="bbox 308 830 1875 901">
     <span class='ocr_line' id='line_1_7' title="bbox 308 830 1875 901; baseline -0.001 -18"><span class='ocrx_word' id='word_1_41' title='bbox 308 832 514 896; x_wconf 81' lang='grc' dir='ltr'>ἀπλῶς,</span> <span class='ocrx_word' id='word_1_42' title='bbox 548 832 670 884; x_wconf 89' lang='grc' dir='ltr'>ούδέ</span> <span class='ocrx_word' id='word_1_43' title='bbox 700 833 856 901; x_wconf 87' lang='grc' dir='ltr'>είκῆ·</span> <span class='ocrx_word' id='word_1_44' title='bbox 912 831 1028 883; x_wconf 81' lang='grc' dir='ltr'>ἀλλ’</span> <span class='ocrx_word' id='word_1_45' title='bbox 1095 831 1283 901; x_wconf 81' lang='grc' dir='ltr'>ἐπειδὴ</span> <span class='ocrx_word' id='word_1_46' title='bbox 1329 830 1551 900; x_wconf 77' lang='grc' dir='ltr'>μείζονα</span> <span class='ocrx_word' id='word_1_47' title='bbox 1603 830 1713 883; x_wconf 90' lang='grc' dir='ltr'>τῶν</span> <span class='ocrx_word' id='word_1_48' title='bbox 1770 846 1875 881; x_wconf 86' lang='grc' dir='ltr'>πα-</span> 
     </span>
    </p>
   </div>
   <div class='ocr_carea' id='block_1_8' title="bbox 308 911 1873 985">
    <p class='ocr_par' dir='ltr' id='par_1_8' title="bbox 308 911 1873 985">
     <span class='ocr_line' id='line_1_8' title="bbox 308 911 1873 985; baseline -0.004 -16"><span class='ocrx_word' id='word_1_49' title='bbox 308 914 472 969; x_wconf 76' lang='grc' dir='ltr'>λαιῶν</span> <span class='ocrx_word' id='word_1_50' title='bbox 506 914 700 985; x_wconf 84' lang='grc' dir='ltr'>ἐμελλε</span> <span class='ocrx_word' id='word_1_51' title='bbox 738 914 1049 984; x_wconf 77' lang='grc' dir='ltr'>νομοθετεῖν</span> <span class='ocrx_word' id='word_1_52' title='bbox 1083 913 1563 984; x_wconf 73' lang='grc' dir='ltr'>παραγγελμάτων</span> <span class='ocrx_word' id='word_1_53' title='bbox 1595 915 1634 975; x_wconf 77' lang='grc'>⁸,</span> <span class='ocrx_word' id='word_1_54' title='bbox 1665 911 1839 980; x_wconf 85' lang='grc' dir='ltr'>λέγων</span> <span class='ocrx_word' id='word_1_55' title='bbox 1859 928 1873 943; x_wconf 94' lang='grc'>·</span> 
     </span>
    </p>
   </div>
   <div class='ocr_carea' id='block_1_9' title="bbox 320 995 1876 1065">
    <p class='ocr_par' dir='ltr' id='par_1_9' title="bbox 320 995 1876 1065">
     <span class='ocr_line' id='line_1_9' title="bbox 320 995 1876 1065; baseline -0.003 -13"><span class='ocrx_word' id='word_1_56' title='bbox 320 997 662 1059; x_wconf 81' lang='grc' dir='ltr'>Ἠκούσατε,</span> <span class='ocrx_word' id='word_1_57' title='bbox 701 996 789 1049; x_wconf 83' lang='grc' dir='ltr'>ὅτι</span> <span class='ocrx_word' id='word_1_58' title='bbox 821 996 1027 1064; x_wconf 74' lang='grc' dir='ltr'>ἐρρέθη</span> <span class='ocrx_word' id='word_1_59' title='bbox 1062 996 1186 1063; x_wconf 82' lang='grc' dir='ltr'>τοῖς</span> <span class='ocrx_word' id='word_1_60' title='bbox 1213 998 1483 1065; x_wconf 82' lang='grc' dir='ltr'>ἀρχαίοις</span> <span class='ocrx_word' id='word_1_61' title='bbox 1502 1013 1515 1026; x_wconf 89' lang='grc'>·</span> <span class='ocrx_word' id='word_1_62' title='bbox 1552 997 1633 1048; x_wconf 84' lang='grc' dir='ltr'>Οὐ</span> <span class='ocrx_word' id='word_1_63' title='bbox 1661 995 1876 1063; x_wconf 73' lang='grc' dir='ltr'>φονεύ-</span> 
     </span>
    </p>
   </div>
   <div class='ocr_carea' id='block_1_10' title="bbox 306 1076 1878 1149">
    <p class='ocr_par' dir='ltr' id='par_1_10' title="bbox 306 1076 1878 1149">
     <span class='ocr_line' id='line_1_10' title="bbox 306 1076 1878 1149; baseline -0.002 -17"><span class='ocrx_word' id='word_1_64' title='bbox 306 1095 469 1144; x_wconf 82' lang='grc' dir='ltr'>σεις·</span> <span class='ocrx_word' id='word_1_65' title='bbox 519 1079 636 1149; x_wconf 80' lang='grc' dir='ltr'>ἐγὼ</span> <span class='ocrx_word' id='word_1_66' title='bbox 680 1078 748 1131; x_wconf 84' lang='grc' dir='ltr'>δὲ</span> <span class='ocrx_word' id='word_1_67' title='bbox 780 1079 934 1148; x_wconf 72' lang='grc' dir='ltr'>λέγω</span> <span class='ocrx_word' id='word_1_68' title='bbox 974 1079 1117 1147; x_wconf 80' lang='grc' dir='ltr'>ὑμῖν</span> <span class='ocrx_word' id='word_1_69' title='bbox 1145 1095 1160 1109; x_wconf 93' lang='grc'>·</span> <span class='ocrx_word' id='word_1_70' title='bbox 1185 1077 1355 1146; x_wconf 76' lang='grc' dir='ltr'>Μηδὲ</span> <span class='ocrx_word' id='word_1_71' title='bbox 1410 1076 1735 1147; x_wconf 77' lang='grc' dir='ltr'>ὀργίζεσθε·</span> <span class='ocrx_word' id='word_1_72' title='bbox 1784 1078 1878 1130; x_wconf 78' lang='grc' dir='ltr'>καὶ</span> 
     </span>
    </p>
   </div>
   <div class='ocr_carea' id='block_1_11' title="bbox 308 1160 1873 1232">
    <p class='ocr_par' dir='ltr' id='par_1_11' title="bbox 308 1160 1873 1232">
     <span class='ocr_line' id='line_1_11' title="bbox 308 1160 1873 1232; baseline -0.002 -17"><span class='ocrx_word' id='word_1_73' title='bbox 308 1163 456 1224; x_wconf 82' lang='grc' dir='ltr'>θείας</span> <span class='ocrx_word' id='word_1_74' title='bbox 505 1162 655 1226; x_wconf 81' lang='grc' dir='ltr'>τινὸς</span> <span class='ocrx_word' id='word_1_75' title='bbox 699 1162 792 1216; x_wconf 80' lang='grc' dir='ltr'>καὶ</span> <span class='ocrx_word' id='word_1_76' title='bbox 836 1161 1090 1232; x_wconf 81' lang='grc' dir='ltr'>οὐρανίου</span> <span class='ocrx_word' id='word_1_77' title='bbox 1119 1163 1140 1193; x_wconf 79' lang='grc'>⁸</span> <span class='ocrx_word' id='word_1_78' title='bbox 1168 1161 1443 1225; x_wconf 82' lang='grc' dir='ltr'>πολιτείας</span> <span class='ocrx_word' id='word_1_79' title='bbox 1473 1161 1693 1232; x_wconf 83' lang='grc' dir='ltr'>τέμνειν</span> <span class='ocrx_word' id='word_1_80' title='bbox 1718 1160 1837 1213; x_wconf 79' lang='grc' dir='ltr'>ὁδόν</span> <span class='ocrx_word' id='word_1_81' title='bbox 1858 1175 1873 1190; x_wconf 89' lang='grc'>·</span> 
     </span>
    </p>
   </div>
   <div class='ocr_carea' id='block_1_12' title="bbox 307 1242 1876 1317">
    <p class='ocr_par' dir='ltr' id='par_1_12' title="bbox 307 1242 1876 1317">
     <span class='ocr_line' id='line_1_12' title="bbox 307 1242 1876 1317; baseline -0.001 -21"><span class='ocrx_word' id='word_1_82' title='bbox 307 1244 392 1297; x_wconf 77' lang='grc' dir='ltr'>ἴνα</span> <span class='ocrx_word' id='word_1_83' title='bbox 420 1246 498 1317; x_wconf 84' lang='grc' dir='ltr'>μὴ</span> <span class='ocrx_word' id='word_1_84' title='bbox 515 1245 578 1298; x_wconf 83' lang='grc' dir='ltr'>τὸ</span> <span class='ocrx_word' id='word_1_85' title='bbox 609 1245 757 1310; x_wconf 80' lang='grc' dir='ltr'>ξένον</span> <span class='ocrx_word' id='word_1_86' title='bbox 785 1244 997 1316; x_wconf 75' lang='grc' dir='ltr'>ταράξῃ</span> <span class='ocrx_word' id='word_1_87' title='bbox 1039 1242 1151 1297; x_wconf 92' lang='grc' dir='ltr'>τῶν</span> <span class='ocrx_word' id='word_1_88' title='bbox 1198 1244 1506 1298; x_wconf 79' lang='grc' dir='ltr'>ἀκουόντων</span> <span class='ocrx_word' id='word_1_89' title='bbox 1540 1243 1639 1307; x_wconf 76' lang='grc' dir='ltr'>τὰς</span> <span class='ocrx_word' id='word_1_90' title='bbox 1677 1243 1876 1313; x_wconf 78' lang='grc' dir='ltr'>ψυχάς,</span> 
     </span>
    </p>
   </div>
   <div class='ocr_carea' id='block_1_13' title="bbox 308 1326 1876 1400">
    <p class='ocr_par' dir='ltr' id='par_1_13' title="bbox 308 1326 1876 1400">
     <span class='ocr_line' id='line_1_13' title="bbox 308 1326 1876 1400; baseline -0.001 -19"><span class='ocrx_word' id='word_1_91' title='bbox 308 1330 395 1381; x_wconf 77' lang='grc' dir='ltr'>καὶ</span> <span class='ocrx_word' id='word_1_92' title='bbox 416 1328 818 1392; x_wconf 82' lang='grc' dir='ltr'>διαστασιάζειν</span> <span class='ocrx_word' id='word_1_93' title='bbox 843 1329 865 1360; x_wconf 90' lang='grc'><strong><em>³</em></strong></span> <span class='ocrx_word' id='word_1_94' title='bbox 896 1327 1295 1400; x_wconf 77' lang='grc' dir='ltr'>παρασκευάσῃ</span> <span class='ocrx_word' id='word_1_95' title='bbox 1324 1326 1461 1398; x_wconf 77' lang='grc' dir='ltr'>πρὸς</span> <span class='ocrx_word' id='word_1_96' title='bbox 1492 1326 1561 1379; x_wconf 83' lang='grc' dir='ltr'>τά</span> <span class='ocrx_word' id='word_1_97' title='bbox 1589 1327 1876 1398; x_wconf 86' lang='grc' dir='ltr'>λεγόμενα,</span> 
     </span>
    </p>
   </div>
   <div class='ocr_carea' id='block_1_14' title="bbox 306 1409 1878 1484">
    <p class='ocr_par' dir='ltr' id='par_1_14' title="bbox 306 1409 1878 1484">
     <span class='ocr_line' id='line_1_14' title="bbox 306 1409 1878 1484; baseline -0.001 -20"><span class='ocrx_word' id='word_1_98' title='bbox 306 1412 480 1484; x_wconf 88' lang='grc' dir='ltr'>ταύτῃ</span> <span class='ocrx_word' id='word_1_99' title='bbox 517 1411 784 1482; x_wconf 85' lang='grc' dir='ltr'>κέχρηται</span> <span class='ocrx_word' id='word_1_100' title='bbox 818 1413 882 1483; x_wconf 77' lang='grc' dir='ltr'>τῇ</span> <span class='ocrx_word' id='word_1_101' title='bbox 920 1409 1328 1482; x_wconf 81' lang='grc' dir='ltr'>προδιορθὼσει.</span> <span class='ocrx_word' id='word_1_102' title='bbox 1381 1412 1446 1465; x_wconf 83' lang='grc' dir='ltr'>Εί</span> <span class='ocrx_word' id='word_1_103' title='bbox 1491 1410 1599 1480; x_wconf 89' lang='grc' dir='ltr'>γάρ</span> <span class='ocrx_word' id='word_1_104' title='bbox 1650 1416 1744 1463; x_wconf 78' lang='grc' dir='ltr'>καὶ</span> <span class='ocrx_word' id='word_1_105' title='bbox 1802 1411 1878 1480; x_wconf 85' lang='grc' dir='ltr'>μὴ</span> 
     </span>
    </p>
   </div>
   <div class='ocr_carea' id='block_1_15' title="bbox 308 1494 1878 1567">
    <p class='ocr_par' dir='ltr' id='par_1_15' title="bbox 308 1494 1878 1567">
     <span class='ocr_line' id='line_1_15' title="bbox 308 1494 1878 1567; baseline -0.001 -20"><span class='ocrx_word' id='word_1_106' title='bbox 308 1495 579 1567; x_wconf 79' lang='grc' dir='ltr'>ἐπλήρουν</span> <span class='ocrx_word' id='word_1_107' title='bbox 625 1496 717 1548; x_wconf 88' lang='grc' dir='ltr'>τὸν</span> <span class='ocrx_word' id='word_1_108' title='bbox 765 1495 949 1565; x_wconf 89' lang='grc' dir='ltr'>νόμον,</span> <span class='ocrx_word' id='word_1_109' title='bbox 994 1494 1108 1548; x_wconf 83' lang='grc' dir='ltr'>ἀλλ’</span> <span class='ocrx_word' id='word_1_110' title='bbox 1143 1496 1294 1565; x_wconf 84' lang='grc' dir='ltr'>ὅμως</span> <span class='ocrx_word' id='word_1_111' title='bbox 1336 1494 1506 1565; x_wconf 81' lang='grc' dir='ltr'>πολλῇ</span> <span class='ocrx_word' id='word_1_112' title='bbox 1562 1495 1878 1564; x_wconf 67' lang='grc' dir='ltr'>κατείχοντῖ</span> 
     </span>
    </p>
   </div>
   <div class='ocr_carea' id='block_1_16' title="bbox 309 1576 1880 1648">
    <p class='ocr_par' dir='ltr' id='par_1_16' title="bbox 309 1576 1880 1648">
     <span class='ocr_line' id='line_1_16' title="bbox 309 1576 1880 1648; baseline -0.001 -19"><span class='ocrx_word' id='word_1_113' title='bbox 309 1579 443 1647; x_wconf 82' lang='grc' dir='ltr'>πρὸς</span> <span class='ocrx_word' id='word_1_114' title='bbox 474 1577 637 1630; x_wconf 82' lang='grc' dir='ltr'>αὐτὸν</span> <span class='ocrx_word' id='word_1_115' title='bbox 688 1578 1016 1648; x_wconf 72' lang='grc' dir='ltr'>συνειδήσει,</span> <span class='ocrx_word' id='word_1_116' title='bbox 1049 1577 1142 1630; x_wconf 73' lang='grc' dir='ltr'>καὶ</span> <span class='ocrx_word' id='word_1_117' title='bbox 1190 1578 1306 1641; x_wconf 82' lang='grc' dir='ltr'>τοῖς</span> <span class='ocrx_word' id='word_1_118' title='bbox 1352 1578 1677 1648; x_wconf 84' lang='grc' dir='ltr'>πράγμασιν</span> <span class='ocrx_word' id='word_1_119' title='bbox 1717 1576 1880 1630; x_wconf 82' lang='grc' dir='ltr'>αὐτὸν</span> 
     </span>
    </p>
   </div>
   <div class='ocr_carea' id='block_1_17' title="bbox 308 1650 1881 1733">
    <p class='ocr_par' dir='ltr' id='par_1_17' title="bbox 308 1650 1881 1733">
     <span class='ocr_line' id='line_1_17' title="bbox 308 1650 1881 1733; baseline -0.002 -18"><span class='ocrx_word' id='word_1_120' title='bbox 308 1662 428 1716; x_wconf 83' lang='grc' dir='ltr'>καθ’</span> <span class='ocrx_word' id='word_1_121' title='bbox 476 1662 715 1732; x_wconf 78' lang='grc' dir='ltr'>ἑκάστην</span> <span class='ocrx_word' id='word_1_122' title='bbox 759 1660 1130 1733; x_wconf 82' lang='grc' dir='ltr'>παραλύοντες</span> <span class='ocrx_word' id='word_1_123' title='bbox 1159 1650 1260 1731; x_wconf 74' lang='grc' dir='ltr'>⁸ιὲὴν</span> <span class='ocrx_word' id='word_1_124' title='bbox 1304 1663 1538 1733; x_wconf 80' lang='grc' dir='ltr'>ἡμέραν,</span> <span class='ocrx_word' id='word_1_125' title='bbox 1586 1660 1655 1714; x_wconf 87' lang='grc' dir='ltr'>τά</span> <span class='ocrx_word' id='word_1_126' title='bbox 1709 1659 1881 1730; x_wconf 88' lang='grc' dir='ltr'>γράμ-</span> 
     </span>
    </p>
   </div>
   <div class='ocr_carea' id='block_1_18' title="bbox 309 1743 1883 1817">
    <p class='ocr_par' dir='ltr' id='par_1_18' title="bbox 309 1743 1883 1817">
     <span class='ocr_line' id='line_1_18' title="bbox 309 1743 1883 1817; baseline -0.002 -19"><span class='ocrx_word' id='word_1_127' title='bbox 309 1762 455 1817; x_wconf 86' lang='grc' dir='ltr'>ματα</span> <span class='ocrx_word' id='word_1_128' title='bbox 493 1745 683 1816; x_wconf 80' lang='grc' dir='ltr'>ῆθελον</span> <span class='ocrx_word' id='word_1_129' title='bbox 714 1746 894 1815; x_wconf 88' lang='grc' dir='ltr'>μένειν</span> <span class='ocrx_word' id='word_1_130' title='bbox 917 1745 1170 1817; x_wconf 88' lang='grc' dir='ltr'>ἀκίνητα,</span> <span class='ocrx_word' id='word_1_131' title='bbox 1208 1744 1302 1798; x_wconf 77' lang='grc' dir='ltr'>καὶ</span> <span class='ocrx_word' id='word_1_132' title='bbox 1338 1745 1541 1815; x_wconf 80' lang='grc' dir='ltr'>μηδένα</span> <span class='ocrx_word' id='word_1_133' title='bbox 1576 1746 1599 1777; x_wconf 74' lang='grc' dir='ltr'>δ</span> <span class='ocrx_word' id='word_1_134' title='bbox 1631 1743 1883 1815; x_wconf 81' lang='grc' dir='ltr'>προσθεί-</span> 
     </span>
    </p>
   </div>
   <div class='ocr_carea' id='block_1_19' title="bbox 307 1827 1884 1903">
    <p class='ocr_par' dir='ltr' id='par_1_19' title="bbox 307 1827 1884 1903">
     <span class='ocr_line' id='line_1_19' title="bbox 307 1827 1884 1903; baseline -0.003 -20"><span class='ocrx_word' id='word_1_135' title='bbox 307 1846 395 1883; x_wconf 81' lang='grc' dir='ltr'>ναι</span> <span class='ocrx_word' id='word_1_136' title='bbox 416 1828 581 1881; x_wconf 82' lang='grc' dir='ltr'>πλέον</span> <span class='ocrx_word' id='word_1_137' title='bbox 618 1828 833 1892; x_wconf 71' lang='grc' dir='ltr'>αὐτοῖς·</span> <span class='ocrx_word' id='word_1_138' title='bbox 868 1829 1072 1899; x_wconf 79' lang='grc' dir='ltr'>μᾶλλον</span> <span class='ocrx_word' id='word_1_139' title='bbox 1098 1829 1155 1882; x_wconf 67' lang='grc' dir='ltr'>δὲ</span> <span class='ocrx_word' id='word_1_140' title='bbox 1187 1829 1587 1903; x_wconf 81' lang='grc' dir='ltr'>προστιθέντων</span> <span class='ocrx_word' id='word_1_141' title='bbox 1613 1828 1711 1899; x_wconf 73' lang='grc' dir='ltr'>μὲν</span> <span class='ocrx_word' id='word_1_142' title='bbox 1744 1827 1884 1897; x_wconf 79' lang='grc' dir='ltr'>ἠνεί-</span> 
     </span>
    </p>
   </div>
   <div class='ocr_carea' id='block_1_20' title="bbox 308 1910 1880 1983">
    <p class='ocr_par' dir='ltr' id='par_1_20' title="bbox 308 1910 1880 1983">
     <span class='ocr_line' id='line_1_20' title="bbox 308 1910 1880 1983; baseline -0.003 -19"><span class='ocrx_word' id='word_1_143' title='bbox 308 1926 466 1982; x_wconf 84' lang='grc' dir='ltr'>χοντο</span> <span class='ocrx_word' id='word_1_144' title='bbox 497 1911 608 1964; x_wconf 89' lang='grc' dir='ltr'>τῶν</span> <span class='ocrx_word' id='word_1_145' title='bbox 645 1912 944 1982; x_wconf 80' lang='grc' dir='ltr'>ἀρχόντων,</span> <span class='ocrx_word' id='word_1_146' title='bbox 979 1912 1080 1965; x_wconf 85' lang='grc' dir='ltr'>οὐκ</span> <span class='ocrx_word' id='word_1_147' title='bbox 1134 1912 1229 1965; x_wconf 71' lang='grc' dir='ltr'>ἐπὶ</span> <span class='ocrx_word' id='word_1_148' title='bbox 1272 1912 1335 1965; x_wconf 90' lang='lat' dir='ltr'>rb</span> <span class='ocrx_word' id='word_1_149' title='bbox 1376 1914 1625 1983; x_wconf 75' lang='grc' dir='ltr'>κρεῖττον</span> <span class='ocrx_word' id='word_1_150' title='bbox 1652 1910 1732 1973; x_wconf 83' lang='grc' dir='ltr'>δὲ,</span> <span class='ocrx_word' id='word_1_151' title='bbox 1763 1910 1880 1963; x_wconf 87' lang='grc' dir='ltr'>ἀλλ’</span> 
     </span>
    </p>
   </div>
   <div class='ocr_carea' id='block_1_21' title="bbox 307 1992 1884 2065">
    <p class='ocr_par' dir='ltr' id='par_1_21' title="bbox 307 1992 1884 2065">
     <span class='ocr_line' id='line_1_21' title="bbox 307 1992 1884 2065; baseline -0.001 -19"><span class='ocrx_word' id='word_1_152' title='bbox 307 1995 397 2047; x_wconf 73' lang='grc' dir='ltr'>ἐπὶ</span> <span class='ocrx_word' id='word_1_153' title='bbox 420 1992 486 2046; x_wconf 90' lang='lat' dir='ltr'>rb</span> <span class='ocrx_word' id='word_1_154' title='bbox 524 1996 726 2064; x_wconf 82' lang='grc' dir='ltr'>χεῖρον.</span> <span class='ocrx_word' id='word_1_155' title='bbox 765 1995 874 2047; x_wconf 79' lang='grc' dir='ltr'>Καὶ</span> <span class='ocrx_word' id='word_1_156' title='bbox 900 1994 1011 2064; x_wconf 83' lang='grc' dir='ltr'>γὰρ</span> <span class='ocrx_word' id='word_1_157' title='bbox 1064 1994 1164 2065; x_wconf 85' lang='grc' dir='ltr'>τὴν</span> <span class='ocrx_word' id='word_1_158' title='bbox 1191 1997 1272 2058; x_wconf 87' lang='grc' dir='ltr'>είς</span> <span class='ocrx_word' id='word_1_159' title='bbox 1320 1996 1448 2057; x_wconf 84' lang='grc' dir='ltr'>τοὺς</span> <span class='ocrx_word' id='word_1_160' title='bbox 1497 1994 1687 2062; x_wconf 82' lang='grc' dir='ltr'>γονέας</span> <span class='ocrx_word' id='word_1_161' title='bbox 1718 1992 1884 2063; x_wconf 79' lang='grc' dir='ltr'>τιμὴν</span> 
     </span>
    </p>
   </div>
   <div class='ocr_carea' id='block_1_22' title="bbox 307 2076 1885 2150">
    <p class='ocr_par' dir='ltr' id='par_1_22' title="bbox 307 2076 1885 2150">
     <span class='ocr_line' id='line_1_22' title="bbox 307 2076 1885 2150; baseline -0.001 -19"><span class='ocrx_word' id='word_1_162' title='bbox 307 2076 450 2131; x_wconf 68' lang='grc' dir='ltr'>οὕτω</span> <span class='ocrx_word' id='word_1_163' title='bbox 474 2079 747 2149; x_wconf 83' lang='grc' dir='ltr'>παρέλυον</span> <span class='ocrx_word' id='word_1_164' title='bbox 787 2080 906 2141; x_wconf 86' lang='grc' dir='ltr'>ταῖς</span> <span class='ocrx_word' id='word_1_165' title='bbox 946 2080 1154 2133; x_wconf 77' lang='grc' dir='ltr'>ἑαυτῶν</span> <span class='ocrx_word' id='word_1_166' title='bbox 1184 2078 1522 2150; x_wconf 81' lang='grc' dir='ltr'>προσθήκαις</span> <span class='ocrx_word' id='word_1_167' title='bbox 1544 2094 1558 2107; x_wconf 75' lang='grc' dir='ltr'><strong><em>ο</em></strong></span> <span class='ocrx_word' id='word_1_168' title='bbox 1596 2077 1692 2130; x_wconf 78' lang='grc' dir='ltr'>καὶ</span> <span class='ocrx_word' id='word_1_169' title='bbox 1719 2076 1885 2147; x_wconf 79' lang='grc' dir='ltr'>’ἑτέρα</span> 
     </span>
    </p>
   </div>
   <div class='ocr_carea' id='block_1_23' title="bbox 305 2160 1883 2233">
    <p class='ocr_par' dir='ltr' id='par_1_23' title="bbox 305 2160 1883 2233">
     <span class='ocr_line' id='line_1_23' title="bbox 305 2160 1883 2233; baseline -0.001 -20"><span class='ocrx_word' id='word_1_170' title='bbox 305 2160 359 2214; x_wconf 89' lang='grc' dir='ltr'>δέ</span> <span class='ocrx_word' id='word_1_171' title='bbox 394 2160 618 2215; x_wconf 83' lang='grc' dir='ltr'>πλείονα</span> <span class='ocrx_word' id='word_1_172' title='bbox 666 2161 775 2213; x_wconf 91' lang='grc' dir='ltr'>τῶν</span> <span class='ocrx_word' id='word_1_173' title='bbox 826 2164 1160 2233; x_wconf 77' lang='grc' dir='ltr'>ἐγκειμένων</span> <span class='ocrx_word' id='word_1_174' title='bbox 1214 2161 1431 2228; x_wconf 80' lang='grc' dir='ltr'>ἐξέλυον</span> <span class='ocrx_word' id='word_1_175' title='bbox 1479 2162 1592 2225; x_wconf 89' lang='grc' dir='ltr'>τοῖς</span> <span class='ocrx_word' id='word_1_176' title='bbox 1633 2161 1883 2230; x_wconf 81' lang='grc' dir='ltr'>ἀκαίροις</span> 
     </span>
    </p>
   </div>
   <div class='ocr_carea' id='block_1_24' title="bbox 305 2241 1885 2316">
    <p class='ocr_par' dir='ltr' id='par_1_24' title="bbox 305 2241 1885 2316">
     <span class='ocr_line' id='line_1_24' title="bbox 305 2241 1885 2316; baseline 0.001 -21"><span class='ocrx_word' id='word_1_177' title='bbox 305 2243 518 2305; x_wconf 78' lang='grc' dir='ltr'>τούτοις</span> <span class='ocrx_word' id='word_1_178' title='bbox 551 2245 929 2316; x_wconf 83' lang='grc' dir='ltr'>πλεονασμοῖς.</span> <span class='ocrx_word' id='word_1_179' title='bbox 989 2247 1140 2299; x_wconf 73' lang='grc' dir='ltr'>Ἐπεὶ</span> <span class='ocrx_word' id='word_1_180' title='bbox 1180 2241 1273 2298; x_wconf 76' lang='grc' dir='ltr'>οὖν</span> <span class='ocrx_word' id='word_1_181' title='bbox 1302 2246 1331 2298; x_wconf 86' lang='grc' dir='ltr'><strong>ὁ</strong></span> <span class='ocrx_word' id='word_1_182' title='bbox 1376 2245 1609 2316; x_wconf 79' lang='grc' dir='ltr'>Χριστὸς</span> <span class='ocrx_word' id='word_1_183' title='bbox 1648 2243 1771 2297; x_wconf 80' lang='grc' dir='ltr'>ούτε</span> <span class='ocrx_word' id='word_1_184' title='bbox 1824 2243 1885 2308; x_wconf 78' lang='grc' dir='ltr'>ἐξ</span> 
     </span>
    </p>
   </div>
   <div class='ocr_carea' id='block_1_25' title="bbox 308 2327 1882 2400">
    <p class='ocr_par' dir='ltr' id='par_1_25' title="bbox 308 2327 1882 2400">
     <span class='ocr_line' id='line_1_25' title="bbox 308 2327 1882 2400; baseline 0.001 -21"><span class='ocrx_word' id='word_1_185' title='bbox 308 2327 592 2399; x_wconf 70' lang='grc' dir='ltr'>ἱερατικῆς</span> <span class='ocrx_word' id='word_1_186' title='bbox 630 2328 804 2398; x_wconf 82' lang='grc' dir='ltr'>φυλῆς</span> <span class='ocrx_word' id='word_1_187' title='bbox 835 2328 1131 2400; x_wconf 82' lang='grc' dir='ltr'>ἐτύγχανεν</span> <span class='ocrx_word' id='word_1_188' title='bbox 1188 2328 1284 2395; x_wconf 86' lang='grc' dir='ltr'>ῶν,</span> <span class='ocrx_word' id='word_1_189' title='bbox 1332 2329 1425 2383; x_wconf 77' lang='grc' dir='ltr'>καὶ</span> <span class='ocrx_word' id='word_1_190' title='bbox 1463 2328 1606 2400; x_wconf 83' lang='grc' dir='ltr'>ἆπερ</span> <span class='ocrx_word' id='word_1_191' title='bbox 1661 2327 1882 2398; x_wconf 77' lang='grc' dir='ltr'>ἔμελλεν</span> 
     </span>
    </p>
   </div>
   <div class='ocr_carea' id='block_1_26' title="bbox 307 2408 1881 2485">
    <p class='ocr_par' dir='ltr' id='par_1_26' title="bbox 307 2408 1881 2485">
     <span class='ocr_line' id='line_1_26' title="bbox 307 2408 1881 2485; baseline -0.001 -22"><span class='ocrx_word' id='word_1_192' title='bbox 307 2410 670 2482; x_wconf 86' lang='grc' dir='ltr'>είσηγεῖσθαι,</span> <span class='ocrx_word' id='word_1_193' title='bbox 698 2412 981 2484; x_wconf 79' lang='grc' dir='ltr'>προσθήκη</span> <span class='ocrx_word' id='word_1_194' title='bbox 1000 2429 1083 2476; x_wconf 88' lang='grc' dir='ltr'>τις</span> <span class='ocrx_word' id='word_1_195' title='bbox 1100 2408 1187 2484; x_wconf 80' lang='grc' dir='ltr'>ἦν,</span> <span class='ocrx_word' id='word_1_196' title='bbox 1216 2413 1276 2466; x_wconf 88' lang='grc' dir='ltr'>ού</span> <span class='ocrx_word' id='word_1_197' title='bbox 1302 2413 1408 2485; x_wconf 78' lang='grc' dir='ltr'>μὴν</span> <span class='ocrx_word' id='word_1_198' title='bbox 1427 2410 1745 2472; x_wconf 80' lang='grc' dir='ltr'>ἐλαττοῦσα,</span> <span class='ocrx_word' id='word_1_199' title='bbox 1767 2408 1881 2464; x_wconf 81' lang='grc' dir='ltr'>ἀλλ’</span> 
     </span>
    </p>
   </div>
   <div class='ocr_carea' id='block_1_27' title="bbox 306 2494 1882 2567">
    <p class='ocr_par' dir='ltr' id='par_1_27' title="bbox 306 2494 1882 2567">
     <span class='ocr_line' id='line_1_27' title="bbox 306 2494 1882 2567; baseline -0.003 -19"><span class='ocrx_word' id='word_1_200' title='bbox 306 2495 648 2548; x_wconf 74' lang='grc' dir='ltr'>ἐπιτείνουσα</span> <span class='ocrx_word' id='word_1_201' title='bbox 660 2494 758 2566; x_wconf 76' lang='grc' dir='ltr'>τήν</span> <span class='ocrx_word' id='word_1_202' title='bbox 770 2496 989 2567; x_wconf 84' lang='grc' dir='ltr'>ἀρετήν·</span> <span class='ocrx_word' id='word_1_203' title='bbox 1004 2498 1265 2567; x_wconf 88' lang='grc' dir='ltr'>προειδὼς</span> <span class='ocrx_word' id='word_1_204' title='bbox 1276 2496 1560 2567; x_wconf 89' lang='grc' dir='ltr'>ἀμφότερα</span> <span class='ocrx_word' id='word_1_205' title='bbox 1571 2496 1741 2549; x_wconf 82' lang='grc' dir='ltr'>ταῦτα</span> <span class='ocrx_word' id='word_1_206' title='bbox 1756 2494 1882 2565; x_wconf 79' lang='grc' dir='ltr'>μέ).-</span> 
     </span>
    </p>
   </div>
   <div class='ocr_carea' id='block_1_28' title="bbox 306 2578 1885 2653">
    <p class='ocr_par' dir='ltr' id='par_1_28' title="bbox 306 2578 1885 2653">
     <span class='ocr_line' id='line_1_28' title="bbox 306 2578 1885 2653; baseline -0.001 -21"><span class='ocrx_word' id='word_1_207' title='bbox 306 2580 471 2634; x_wconf 78' lang='grc' dir='ltr'>λοντα</span> <span class='ocrx_word' id='word_1_208' title='bbox 488 2580 685 2643; x_wconf 80' lang='grc' dir='ltr'>αὑτοὺς</span> <span class='ocrx_word' id='word_1_209' title='bbox 699 2580 1011 2651; x_wconf 85' lang='grc' dir='ltr'>ταράττειν,</span> <span class='ocrx_word' id='word_1_210' title='bbox 1040 2581 1221 2653; x_wconf 74' lang='grc' dir='ltr'>πρὶνῆ</span> <span class='ocrx_word' id='word_1_211' title='bbox 1242 2582 1368 2645; x_wconf 83' lang='grc' dir='ltr'>τοὺς</span> <span class='ocrx_word' id='word_1_212' title='bbox 1385 2581 1730 2652; x_wconf 81' lang='grc' dir='ltr'>θαυμαστοὺς</span> <span class='ocrx_word' id='word_1_213' title='bbox 1750 2578 1885 2631; x_wconf 84' lang='grc' dir='ltr'>ἐκεί·</span> 
     </span>
    </p>
   </div>
   <div class='ocr_carea' id='block_1_29' title="bbox 306 2663 1885 2736">
    <p class='ocr_par' dir='ltr' id='par_1_29' title="bbox 306 2663 1885 2736">
     <span class='ocr_line' id='line_1_29' title="bbox 306 2663 1885 2736; baseline -0.003 -19"><span class='ocrx_word' id='word_1_214' title='bbox 306 2681 429 2727; x_wconf 88' lang='grc' dir='ltr'>νους</span> <span class='ocrx_word' id='word_1_215' title='bbox 481 2664 757 2734; x_wconf 78' lang='grc' dir='ltr'>ἐγγράψαι</span> <span class='ocrx_word' id='word_1_216' title='bbox 810 2664 1028 2734; x_wconf 88' lang='grc' dir='ltr'>νόμους,</span> <span class='ocrx_word' id='word_1_217' title='bbox 1073 2664 1322 2717; x_wconf 85' lang='grc' dir='ltr'>ἐκϐάλλει</span> <span class='ocrx_word' id='word_1_218' title='bbox 1370 2665 1428 2717; x_wconf 84' lang='grc' dir='ltr'>τὸ</span> <span class='ocrx_word' id='word_1_219' title='bbox 1468 2663 1658 2736; x_wconf 85' lang='grc' dir='ltr'>μέλλον</span> <span class='ocrx_word' id='word_1_220' title='bbox 1706 2663 1885 2716; x_wconf 77' lang='grc' dir='ltr'>αὐτῶν</span> 
     </span>
    </p>
   </div>
   <div class='ocr_carea' id='block_1_30' title="bbox 309 2743 1882 2819">
    <p class='ocr_par' dir='ltr' id='par_1_30' title="bbox 309 2743 1882 2819">
     <span class='ocr_line' id='line_1_30' title="bbox 309 2743 1882 2819; baseline -0.001 -19"><span class='ocrx_word' id='word_1_221' title='bbox 309 2749 577 2818; x_wconf 80' lang='grc' dir='ltr'>ὑφορμεϊν</span> <span class='ocrx_word' id='word_1_222' title='bbox 607 2750 674 2818; x_wconf 76' lang='grc' dir='ltr'>τῇ</span> <span class='ocrx_word' id='word_1_223' title='bbox 695 2746 921 2819; x_wconf 83' lang='grc' dir='ltr'>διανοίᾳ.</span> <span class='ocrx_word' id='word_1_224' title='bbox 954 2747 1020 2800; x_wconf 90' lang='grc' dir='ltr'>Τί</span> <span class='ocrx_word' id='word_1_225' title='bbox 1051 2747 1107 2801; x_wconf 84' lang='grc' dir='ltr'>δέ</span> <span class='ocrx_word' id='word_1_226' title='bbox 1135 2743 1203 2818; x_wconf 80' lang='grc' dir='ltr'>ἦν</span> <span class='ocrx_word' id='word_1_227' title='bbox 1221 2748 1283 2800; x_wconf 92' lang='lat' dir='ltr'>rb</span> <span class='ocrx_word' id='word_1_228' title='bbox 1302 2746 1579 2819; x_wconf 83' lang='grc' dir='ltr'>ὑφορμοῦν</span> <span class='ocrx_word' id='word_1_229' title='bbox 1612 2748 1704 2800; x_wconf 74' lang='grc' dir='ltr'>καὶ</span> <span class='ocrx_word' id='word_1_230' title='bbox 1734 2748 1882 2799; x_wconf 87' lang='grc' dir='ltr'>ἀντι-</span> 
     </span>
    </p>
   </div>
   <div class='ocr_carea' id='block_1_31' title="bbox 308 2830 1885 2903">
    <p class='ocr_par' dir='ltr' id='par_1_31' title="bbox 308 2830 1885 2903">
     <span class='ocr_line' id='line_1_31' title="bbox 308 2830 1885 2903; baseline -0.001 -19"><span class='ocrx_word' id='word_1_231' title='bbox 308 2831 543 2903; x_wconf 81' lang='grc' dir='ltr'>κροῦον;</span> <span class='ocrx_word' id='word_1_232' title='bbox 590 2830 870 2901; x_wconf 79' lang='grc' dir='ltr'>Ἐνόμιζον</span> <span class='ocrx_word' id='word_1_233' title='bbox 899 2830 1061 2883; x_wconf 76' lang='grc' dir='ltr'>αὑτὸν</span> <span class='ocrx_word' id='word_1_234' title='bbox 1088 2830 1262 2883; x_wconf 81' lang='grc' dir='ltr'>ταῦτα</span> <span class='ocrx_word' id='word_1_235' title='bbox 1298 2831 1522 2899; x_wconf 87' lang='grc' dir='ltr'>λέγοντα</span> <span class='ocrx_word' id='word_1_236' title='bbox 1560 2833 1645 2885; x_wconf 83' lang='grc' dir='ltr'>ἐπ’</span> <span class='ocrx_word' id='word_1_237' title='bbox 1666 2830 1885 2900; x_wconf 87' lang='grc' dir='ltr'>ἀναιρέ-</span> 
     </span>
    </p>
   </div>
   <div class='ocr_carea' id='block_1_32' title="bbox 311 2912 1885 2984">
    <p class='ocr_par' dir='ltr' id='par_1_32' title="bbox 311 2912 1885 2984">
     <span class='ocr_line' id='line_1_32' title="bbox 311 2912 1885 2984; baseline -0.001 -18"><span class='ocrx_word' id='word_1_238' title='bbox 311 2930 392 2966; x_wconf 90' lang='grc' dir='ltr'>σει</span> <span class='ocrx_word' id='word_1_239' title='bbox 435 2914 548 2967; x_wconf 89' lang='grc' dir='ltr'>τῶν</span> <span class='ocrx_word' id='word_1_240' title='bbox 602 2912 845 2968; x_wconf 83' lang='grc' dir='ltr'>παλαιῶν</span> <span class='ocrx_word' id='word_1_241' title='bbox 885 2914 1128 2984; x_wconf 85' lang='grc' dir='ltr'>νομίμων</span> <span class='ocrx_word' id='word_1_242' title='bbox 1166 2916 1341 2966; x_wconf 85' lang='grc' dir='ltr'>ποιεῖν</span> <span class='ocrx_word' id='word_1_243' title='bbox 1356 2915 1399 2968; x_wconf 84' lang='grc'>⁵.</span> <span class='ocrx_word' id='word_1_244' title='bbox 1451 2914 1666 2984; x_wconf 86' lang='grc' dir='ltr'>Ταύτην</span> <span class='ocrx_word' id='word_1_245' title='bbox 1705 2914 1885 2967; x_wconf 87' lang='grc' dir='ltr'>τοίνυν</span> 
     </span>
    </p>
   </div>
   <div class='ocr_carea' id='block_1_33' title="bbox 312 2996 1887 3068">
    <p class='ocr_par' dir='ltr' id='par_1_33' title="bbox 312 2996 1887 3068">
     <span class='ocr_line' id='line_1_33' title="bbox 312 2996 1887 3068; baseline 0.001 -20"><span class='ocrx_word' id='word_1_246' title='bbox 312 2998 457 3052; x_wconf 79' lang='grc' dir='ltr'>ίᾶται</span> <span class='ocrx_word' id='word_1_247' title='bbox 481 2998 577 3068; x_wconf 81' lang='grc' dir='ltr'>τὴν</span> <span class='ocrx_word' id='word_1_248' title='bbox 606 2999 881 3053; x_wconf 79' lang='grc' dir='ltr'>ὑπόνοιαν.</span> <span class='ocrx_word' id='word_1_249' title='bbox 906 2998 1016 3051; x_wconf 78' lang='grc' dir='ltr'>Καὶ</span> <span class='ocrx_word' id='word_1_250' title='bbox 1034 2999 1133 3051; x_wconf 87' lang='grc' dir='ltr'>ούκ</span> <span class='ocrx_word' id='word_1_251' title='bbox 1161 2997 1392 3051; x_wconf 84' lang='grc' dir='ltr'>ἐνταῦθα</span> <span class='ocrx_word' id='word_1_252' title='bbox 1425 2996 1582 3052; x_wconf 84' lang='grc' dir='ltr'>τοῦτο</span> <span class='ocrx_word' id='word_1_253' title='bbox 1614 2998 1760 3051; x_wconf 88' lang='grc' dir='ltr'>ποιεῖ</span> <span class='ocrx_word' id='word_1_254' title='bbox 1789 2998 1887 3068; x_wconf 88' lang='grc' dir='ltr'>μό-</span> 
     </span>
    </p>
   </div>
   <div class='ocr_carea' id='block_1_34' title="bbox 308 3080 1887 3153">
    <p class='ocr_par' dir='ltr' id='par_1_34' title="bbox 308 3080 1887 3153">
     <span class='ocr_line' id='line_1_34' title="bbox 308 3080 1887 3153; baseline -0.001 -17"><span class='ocrx_word' id='word_1_255' title='bbox 308 3098 419 3144; x_wconf 83' lang='grc' dir='ltr'>νον,</span> <span class='ocrx_word' id='word_1_256' title='bbox 451 3080 589 3134; x_wconf 89' lang='grc' dir='ltr'>ἀλλά</span> <span class='ocrx_word' id='word_1_257' title='bbox 620 3081 714 3133; x_wconf 75' lang='grc' dir='ltr'>καὶ</span> <span class='ocrx_word' id='word_1_258' title='bbox 741 3080 963 3151; x_wconf 84' lang='grc' dir='ltr'>ἐτέρωθι</span> <span class='ocrx_word' id='word_1_259' title='bbox 1007 3080 1189 3136; x_wconf 87' lang='grc' dir='ltr'>πάλιν.</span> <span class='ocrx_word' id='word_1_260' title='bbox 1239 3081 1456 3152; x_wconf 84' lang='grc' dir='ltr'>Ἐπειδὴ</span> <span class='ocrx_word' id='word_1_261' title='bbox 1502 3080 1610 3153; x_wconf 78' lang='grc' dir='ltr'>γάρ</span> <span class='ocrx_word' id='word_1_262' title='bbox 1647 3081 1887 3135; x_wconf 88' lang='grc' dir='ltr'>ἀντίθεον</span> 
     </span>
    </p>
   </div>
   <div class='ocr_carea' id='block_1_35' title="bbox 310 3160 1888 3234">
    <p class='ocr_par' dir='ltr' id='par_1_35' title="bbox 310 3160 1888 3234">
     <span class='ocr_line' id='line_1_35' title="bbox 310 3160 1888 3234; baseline 0.002 -19"><span class='ocrx_word' id='word_1_263' title='bbox 310 3161 561 3219; x_wconf 82' lang='grc' dir='ltr'>ἐντεῦθεν</span> <span class='ocrx_word' id='word_1_264' title='bbox 596 3163 757 3217; x_wconf 87' lang='grc' dir='ltr'>αύτδν</span> <span class='ocrx_word' id='word_1_265' title='bbox 802 3162 1050 3234; x_wconf 78' lang='grc' dir='ltr'>ἐνόμιζον</span> <span class='ocrx_word' id='word_1_266' title='bbox 1082 3160 1239 3225; x_wconf 75' lang='grc' dir='ltr'>εἶναι,</span> <span class='ocrx_word' id='word_1_267' title='bbox 1270 3164 1378 3217; x_wconf 85' lang='grc' dir='ltr'>ἀπὸ</span> <span class='ocrx_word' id='word_1_268' title='bbox 1405 3163 1498 3217; x_wconf 82' lang='grc' dir='ltr'>τοῦ</span> <span class='ocrx_word' id='word_1_269' title='bbox 1528 3165 1587 3218; x_wconf 86' lang='grc' dir='ltr'>τὸ</span> <span class='ocrx_word' id='word_1_270' title='bbox 1617 3164 1888 3219; x_wconf 77' lang='grc' dir='ltr'>Σάϐϐατόν</span> 
     </span>
    </p>
   </div>
   <div class='ocr_carea' id='block_1_36' title="bbox 314 3247 1883 3319">
    <p class='ocr_par' dir='ltr' id='par_1_36' title="bbox 314 3247 1883 3319">
     <span class='ocr_line' id='line_1_36' title="bbox 314 3247 1883 3319; baseline 0.003 -20"><span class='ocrx_word' id='word_1_271' title='bbox 314 3248 386 3318; x_wconf 80' lang='grc' dir='ltr'>μὴ</span> <span class='ocrx_word' id='word_1_272' title='bbox 420 3250 635 3318; x_wconf 82' lang='grc' dir='ltr'>τηρεῖν,</span> <span class='ocrx_word' id='word_1_273' title='bbox 672 3247 987 3319; x_wconf 82' lang='grc' dir='ltr'>θεραπεύων</span> <span class='ocrx_word' id='word_1_274' title='bbox 1015 3248 1193 3302; x_wconf 74' lang='grc' dir='ltr'>αὐτῶν</span> <span class='ocrx_word' id='word_1_275' title='bbox 1223 3247 1323 3319; x_wconf 85' lang='grc' dir='ltr'>τὴν</span> <span class='ocrx_word' id='word_1_276' title='bbox 1349 3248 1602 3319; x_wconf 87' lang='grc' dir='ltr'>τοιαύτην</span> <span class='ocrx_word' id='word_1_277' title='bbox 1631 3249 1883 3319; x_wconf 74' lang='grc' dir='ltr'>ὑποψίαν,</span> 
     </span>
    </p>
   </div>
   <div class='ocr_carea' id='block_1_37' title="bbox 312 3331 1889 3403">
    <p class='ocr_par' dir='ltr' id='par_1_37' title="bbox 312 3331 1889 3403">
     <span class='ocr_line' id='line_1_37' title="bbox 312 3331 1889 3403; baseline 0.001 -20"><span class='ocrx_word' id='word_1_278' title='bbox 312 3332 474 3384; x_wconf 85' lang='grc' dir='ltr'>κάκεῖ</span> <span class='ocrx_word' id='word_1_279' title='bbox 497 3331 657 3384; x_wconf 88' lang='grc' dir='ltr'>πάλιν</span> <span class='ocrx_word' id='word_1_280' title='bbox 690 3331 899 3402; x_wconf 84' lang='grc' dir='ltr'>τίθησιν</span> <span class='ocrx_word' id='word_1_281' title='bbox 927 3331 1238 3400; x_wconf 81' lang='grc' dir='ltr'>ἀπολογίας,</span> <span class='ocrx_word' id='word_1_282' title='bbox 1276 3332 1373 3396; x_wconf 79' lang='grc' dir='ltr'>τὰς</span> <span class='ocrx_word' id='word_1_283' title='bbox 1413 3332 1511 3403; x_wconf 84' lang='grc' dir='ltr'>μὲν</span> <span class='ocrx_word' id='word_1_284' title='bbox 1544 3331 1723 3403; x_wconf 84' lang='grc' dir='ltr'>ἐαυτῷ</span> <span class='ocrx_word' id='word_1_285' title='bbox 1758 3350 1889 3403; x_wconf 82' lang='grc' dir='ltr'>πρε-</span> 
     </span>
    </p>
   </div>
   <div class='ocr_carea' id='block_1_38' title="bbox 310 3413 1888 3487">
    <p class='ocr_par' dir='ltr' id='par_1_38' title="bbox 310 3413 1888 3487">
     <span class='ocr_line' id='line_1_38' title="bbox 310 3413 1888 3487; baseline 0.001 -18"><span class='ocrx_word' id='word_1_286' title='bbox 310 3414 537 3478; x_wconf 75' lang='grc' dir='ltr'>πούσας,</span> <span class='ocrx_word' id='word_1_287' title='bbox 569 3413 757 3487; x_wconf 86' lang='grc' dir='ltr'>ὥσπερ</span> <span class='ocrx_word' id='word_1_288' title='bbox 779 3416 904 3468; x_wconf 86' lang='grc' dir='ltr'>ὅταν</span> <span class='ocrx_word' id='word_1_289' title='bbox 927 3415 1082 3487; x_wconf 87' lang='grc' dir='ltr'>λέγῃ,</span> <span class='ocrx_word' id='word_1_290' title='bbox 1125 3417 1177 3467; x_wconf 87' lang='lat'>&#39;0</span> <span class='ocrx_word' id='word_1_291' title='bbox 1202 3415 1404 3485; x_wconf 84' lang='grc' dir='ltr'>Πατήρ</span> <span class='ocrx_word' id='word_1_292' title='bbox 1428 3434 1547 3486; x_wconf 82' lang='grc' dir='ltr'>μου</span> <span class='ocrx_word' id='word_1_293' title='bbox 1570 3417 1888 3487; x_wconf 74' lang='grc' dir='ltr'>ἐργάζεται,</span> 
     </span>
    </p>
   </div>
   <div class='ocr_carea' id='block_1_39' title="bbox 310 3494 1889 3568">
    <p class='ocr_par' dir='ltr' id='par_1_39' title="bbox 310 3494 1889 3568">
     <span class='ocr_line' id='line_1_39' title="bbox 310 3494 1889 3568; baseline 0.002 -17"><span class='ocrx_word' id='word_1_294' title='bbox 310 3498 476 3566; x_wconf 77' lang='grc' dir='ltr'>κάγὼ</span> <span class='ocrx_word' id='word_1_295' title='bbox 512 3494 838 3567; x_wconf 75' lang='grc' dir='ltr'>ἐργάζομαι·</span> <span class='ocrx_word' id='word_1_296' title='bbox 881 3498 979 3562; x_wconf 80' lang='grc' dir='ltr'>τὰς</span> <span class='ocrx_word' id='word_1_297' title='bbox 1028 3498 1087 3552; x_wconf 83' lang='grc' dir='ltr'>δέ</span> <span class='ocrx_word' id='word_1_298' title='bbox 1123 3498 1258 3553; x_wconf 77' lang='grc' dir='ltr'>πολὺ</span> <span class='ocrx_word' id='word_1_299' title='bbox 1308 3499 1371 3552; x_wconf 89' lang='lat' dir='ltr'>rb</span> <span class='ocrx_word' id='word_1_300' title='bbox 1419 3500 1889 3568; x_wconf 80' lang='grc' dir='ltr'>συγκαταϐατικὸν</span> 
     </span>
    </p>
   </div>
   <div class='ocr_carea' id='block_1_40' title="bbox 311 3575 1888 3655">
    <p class='ocr_par' dir='ltr' id='par_1_40' title="bbox 311 3575 1888 3655">
     <span class='ocr_line' id='line_1_40' title="bbox 311 3575 1888 3655; baseline 0.003 -23"><span class='ocrx_word' id='word_1_301' title='bbox 311 3581 562 3650; x_wconf 82' lang='grc' dir='ltr'>ἐχούσας,</span> <span class='ocrx_word' id='word_1_302' title='bbox 596 3575 708 3635; x_wconf 77' lang='grc' dir='ltr'>οἷον</span> <span class='ocrx_word' id='word_1_303' title='bbox 744 3582 818 3644; x_wconf 83' lang='grc' dir='ltr'>ὡς</span> <span class='ocrx_word' id='word_1_304' title='bbox 842 3582 969 3634; x_wconf 83' lang='grc' dir='ltr'>ὅταν</span> <span class='ocrx_word' id='word_1_305' title='bbox 1004 3584 1089 3645; x_wconf 88' lang='grc' dir='ltr'>είς</span> <span class='ocrx_word' id='word_1_306' title='bbox 1119 3581 1283 3652; x_wconf 81' lang='grc' dir='ltr'>μέσον</span> <span class='ocrx_word' id='word_1_307' title='bbox 1315 3584 1538 3655; x_wconf 86' lang='grc' dir='ltr'>παράγῃ</span> <span class='ocrx_word' id='word_1_308' title='bbox 1569 3584 1591 3615; x_wconf 78' lang='grc'><strong>⁸</strong></span> <span class='ocrx_word' id='word_1_309' title='bbox 1620 3583 1888 3655; x_wconf 82' lang='grc' dir='ltr'>πρόϐατον</span> 
     </span>
    </p>
   </div>
   <div class='ocr_carea' id='block_1_41' title="bbox 314 3664 1891 3737">
    <p class='ocr_par' dir='ltr' id='par_1_41' title="bbox 314 3664 1891 3737">
     <span class='ocr_line' id='line_1_41' title="bbox 314 3664 1891 3737; baseline 0.003 -22"><span class='ocrx_word' id='word_1_310' title='bbox 314 3664 682 3735; x_wconf 85' lang='grc' dir='ltr'>ἀπολλύμενον</span> <span class='ocrx_word' id='word_1_311' title='bbox 716 3667 772 3717; x_wconf 88' lang='grc' dir='ltr'>ἐν</span> <span class='ocrx_word' id='word_1_312' title='bbox 802 3664 1090 3735; x_wconf 85' lang='grc' dir='ltr'>Σαϐϐάτῳ,</span> <span class='ocrx_word' id='word_1_313' title='bbox 1126 3665 1222 3718; x_wconf 78' lang='grc' dir='ltr'>καὶ</span> <span class='ocrx_word' id='word_1_314' title='bbox 1244 3665 1463 3737; x_wconf 78' lang='grc' dir='ltr'>δεικνύῃ</span> <span class='ocrx_word' id='word_1_315' title='bbox 1494 3666 1583 3719; x_wconf 82' lang='grc' dir='ltr'>διὰ</span> <span class='ocrx_word' id='word_1_316' title='bbox 1614 3666 1714 3736; x_wconf 85' lang='grc' dir='ltr'>τὴν</span> <span class='ocrx_word' id='word_1_317' title='bbox 1750 3666 1891 3719; x_wconf 91' lang='grc' dir='ltr'>ἐκεί-</span> 
     </span>
    </p>
   </div>
   <div class='ocr_carea' id='block_1_42' title="bbox 312 3747 1888 3820">
    <p class='ocr_par' dir='ltr' id='par_1_42' title="bbox 312 3747 1888 3820">
     <span class='ocr_line' id='line_1_42' title="bbox 312 3747 1888 3820; baseline 0.001 -20"><span class='ocrx_word' id='word_1_318' title='bbox 312 3764 401 3800; x_wconf 87' lang='grc' dir='ltr'>νου</span> <span class='ocrx_word' id='word_1_319' title='bbox 442 3748 716 3818; x_wconf 87' lang='grc' dir='ltr'>σωτηρίαν</span> <span class='ocrx_word' id='word_1_320' title='bbox 754 3747 846 3800; x_wconf 83' lang='grc' dir='ltr'>τὸν</span> <span class='ocrx_word' id='word_1_321' title='bbox 881 3747 1040 3817; x_wconf 88' lang='grc' dir='ltr'>νόμον</span> <span class='ocrx_word' id='word_1_322' title='bbox 1084 3747 1418 3819; x_wconf 87' lang='grc' dir='ltr'>κινούμενον,</span> <span class='ocrx_word' id='word_1_323' title='bbox 1454 3750 1549 3802; x_wconf 81' lang='grc' dir='ltr'>καὶ</span> <span class='ocrx_word' id='word_1_324' title='bbox 1585 3749 1888 3820; x_wconf 83' lang='grc' dir='ltr'>περιτομῆς</span> 
     </span>
    </p>
   </div>
   <div class='ocr_carea' id='block_1_43' title="bbox 316 3829 1889 3903">
    <p class='ocr_par' dir='ltr' id='par_1_43' title="bbox 316 3829 1889 3903">
     <span class='ocr_line' id='line_1_43' title="bbox 316 3829 1889 3903; baseline 0.002 -21"><span class='ocrx_word' id='word_1_325' title='bbox 316 3830 632 3901; x_wconf 71' lang='grc' dir='ltr'>μνημονεύῃ</span> <span class='ocrx_word' id='word_1_326' title='bbox 656 3829 717 3883; x_wconf 87' lang='lat' dir='ltr'>rb</span> <span class='ocrx_word' id='word_1_327' title='bbox 749 3830 879 3883; x_wconf 81' lang='grc' dir='ltr'>αὐτὸ</span> <span class='ocrx_word' id='word_1_328' title='bbox 906 3831 1063 3883; x_wconf 82' lang='grc' dir='ltr'>τοῦτο</span> <span class='ocrx_word' id='word_1_329' title='bbox 1089 3829 1345 3899; x_wconf 79' lang='grc' dir='ltr'>ποιούσης</span> <span class='ocrx_word' id='word_1_330' title='bbox 1376 3831 1558 3886; x_wconf 86' lang='grc' dir='ltr'>πάλιν.</span> <span class='ocrx_word' id='word_1_331' title='bbox 1589 3832 1680 3885; x_wconf 86' lang='grc' dir='ltr'>Διὸ</span> <span class='ocrx_word' id='word_1_332' title='bbox 1703 3832 1769 3903; x_wconf 83' lang='grc' dir='ltr'>δὴ</span> <span class='ocrx_word' id='word_1_333' title='bbox 1794 3833 1889 3885; x_wconf 68' lang='grc' dir='ltr'>καί⁸</span> 
     </span>
    </p>
   </div>
   <div class='ocr_carea' id='block_1_44' title="bbox 310 3914 1890 3986">
    <p class='ocr_par' dir='ltr' id='par_1_44' title="bbox 310 3914 1890 3986">
     <span class='ocr_line' id='line_1_44' title="bbox 310 3914 1890 3986; baseline 0.002 -20"><span class='ocrx_word' id='word_1_334' title='bbox 310 3914 670 3986; x_wconf 83' lang='grc' dir='ltr'>ταπεινότερα</span> <span class='ocrx_word' id='word_1_335' title='bbox 700 3915 993 3983; x_wconf 78' lang='grc' dir='ltr'>φθέγγεται</span> <span class='ocrx_word' id='word_1_336' title='bbox 1035 3915 1291 3979; x_wconf 88' lang='grc' dir='ltr'>πολλάκις</span> <span class='ocrx_word' id='word_1_337' title='bbox 1321 3917 1559 3986; x_wconf 79' lang='grc' dir='ltr'>ῥήματα,</span> <span class='ocrx_word' id='word_1_338' title='bbox 1592 3916 1678 3969; x_wconf 85' lang='grc' dir='ltr'>ἵνα</span> <span class='ocrx_word' id='word_1_339' title='bbox 1712 3916 1773 3969; x_wconf 84' lang='grc' dir='ltr'>τὸ</span> <span class='ocrx_word' id='word_1_340' title='bbox 1805 3916 1890 3969; x_wconf 86' lang='grc' dir='ltr'>δο-</span> 
     </span>
    </p>
   </div>
   <div class='ocr_carea' id='block_1_45' title="bbox 314 3994 1889 4071">
    <p class='ocr_par' dir='ltr' id='par_1_45' title="bbox 314 3994 1889 4071">
     <span class='ocr_line' id='line_1_45' title="bbox 314 3994 1889 4071; baseline 0.002 -21"><span class='ocrx_word' id='word_1_341' title='bbox 314 4000 425 4050; x_wconf 88' lang='grc' dir='ltr'>κεῖν</span> <span class='ocrx_word' id='word_1_342' title='bbox 468 3994 607 4050; x_wconf 79' lang='grc' dir='ltr'>εἶναι</span> <span class='ocrx_word' id='word_1_343' title='bbox 647 3998 888 4063; x_wconf 83' lang='grc' dir='ltr'>ἀντίθεος</span> <span class='ocrx_word' id='word_1_344' title='bbox 933 3999 1116 4071; x_wconf 88' lang='grc' dir='ltr'>ἀνέλῃ.</span> <span class='ocrx_word' id='word_1_345' title='bbox 1152 4000 1251 4054; x_wconf 90' lang='grc' dir='ltr'>Διά</span> <span class='ocrx_word' id='word_1_346' title='bbox 1284 3999 1443 4054; x_wconf 79' lang='grc' dir='ltr'>τοῦτο</span> <span class='ocrx_word' id='word_1_347' title='bbox 1485 4002 1514 4055; x_wconf 85' lang='grc' dir='ltr'>ό</span> <span class='ocrx_word' id='word_1_348' title='bbox 1555 4001 1780 4071; x_wconf 86' lang='grc' dir='ltr'>μυρίους</span> <span class='ocrx_word' id='word_1_349' title='bbox 1808 4017 1889 4063; x_wconf 83' lang='grc' dir='ltr'>νε-</span> 
     </span>
    </p>
   </div>
   <div class='ocr_carea' id='block_1_46' title="bbox 314 4081 1886 4154">
    <p class='ocr_par' dir='ltr' id='par_1_46' title="bbox 314 4081 1886 4154">
     <span class='ocr_line' id='line_1_46' title="bbox 314 4081 1886 4154; baseline 0.003 -22"><span class='ocrx_word' id='word_1_350' title='bbox 314 4081 480 4150; x_wconf 79' lang='grc' dir='ltr'>κροὺς</span> <span class='ocrx_word' id='word_1_351' title='bbox 506 4081 722 4153; x_wconf 82' lang='grc' dir='ltr'>ἐγείρας</span> <span class='ocrx_word' id='word_1_352' title='bbox 742 4081 885 4153; x_wconf 86' lang='grc' dir='ltr'>λόγῳ</span> <span class='ocrx_word' id='word_1_353' title='bbox 921 4083 1064 4153; x_wconf 83' lang='grc' dir='ltr'>μόνῳ</span> <span class='ocrx_word' id='word_1_354' title='bbox 1093 4083 1135 4147; x_wconf 85' lang='grc'>⁷,</span> <span class='ocrx_word' id='word_1_355' title='bbox 1165 4083 1327 4154; x_wconf 81' lang='grc' dir='ltr'>ἡνίκα</span> <span class='ocrx_word' id='word_1_356' title='bbox 1357 4082 1448 4136; x_wconf 76' lang='grc' dir='ltr'>τὸν</span> <span class='ocrx_word' id='word_1_357' title='bbox 1475 4082 1722 4153; x_wconf 78' lang='grc' dir='ltr'>Λάζαρον</span> <span class='ocrx_word' id='word_1_358' title='bbox 1755 4084 1886 4136; x_wconf 81' lang='grc' dir='ltr'>ἐκά-</span> 
     </span>
    </p>
   </div>
   <div class='ocr_carea' id='block_1_47' title="bbox 314 4162 1886 4239">
    <p class='ocr_par' dir='ltr' id='par_1_47' title="bbox 314 4162 1886 4239">
     <span class='ocr_line' id='line_1_47' title="bbox 314 4162 1886 4239; baseline 0.003 -23"><span class='ocrx_word' id='word_1_359' title='bbox 314 4163 424 4227; x_wconf 88' lang='grc' dir='ltr'>λει,</span> <span class='ocrx_word' id='word_1_360' title='bbox 482 4168 579 4217; x_wconf 79' lang='grc' dir='ltr'>καὶ</span> <span class='ocrx_word' id='word_1_361' title='bbox 634 4165 798 4236; x_wconf 77' lang='grc' dir='ltr'>εὐχὴν</span> <span class='ocrx_word' id='word_1_362' title='bbox 847 4166 1214 4237; x_wconf 85' lang='grc' dir='ltr'>προσέθηκεν·</span> <span class='ocrx_word' id='word_1_363' title='bbox 1260 4162 1397 4233; x_wconf 84' lang='grc' dir='ltr'>είτα,</span> <span class='ocrx_word' id='word_1_364' title='bbox 1455 4166 1538 4220; x_wconf 78' lang='grc' dir='ltr'>ἵνα</span> <span class='ocrx_word' id='word_1_365' title='bbox 1599 4166 1673 4239; x_wconf 79' lang='grc' dir='ltr'>μὴ</span> <span class='ocrx_word' id='word_1_366' title='bbox 1729 4167 1886 4220; x_wconf 83' lang='grc' dir='ltr'>τοῦτο</span> 
     </span>
    </p>
   </div>
   <div class='ocr_carea' id='block_1_48' title="bbox 313 4247 1884 4322">
    <p class='ocr_par' dir='ltr' id='par_1_48' title="bbox 313 4247 1884 4322">
     <span class='ocr_line' id='line_1_48' title="bbox 313 4247 1884 4322; baseline 0.001 -22"><span class='ocrx_word' id='word_1_367' title='bbox 313 4247 567 4302; x_wconf 87' lang='grc' dir='ltr'>ἐλάττονα</span> <span class='ocrx_word' id='word_1_368' title='bbox 596 4249 757 4301; x_wconf 71' lang='grc' dir='ltr'>αὐτὸν</span> <span class='ocrx_word' id='word_1_369' title='bbox 786 4249 934 4320; x_wconf 82' lang='grc' dir='ltr'>δείξῃ</span> <span class='ocrx_word' id='word_1_370' title='bbox 955 4248 1048 4303; x_wconf 81' lang='grc' dir='ltr'>τοῦ</span> <span class='ocrx_word' id='word_1_371' title='bbox 1070 4250 1477 4321; x_wconf 83' lang='grc' dir='ltr'>γεγεννηκότος,</span> <span class='ocrx_word' id='word_1_372' title='bbox 1510 4250 1884 4322; x_wconf 89' lang='grc' dir='ltr'>διορθούμενος</span> 
     </span>
    </p>
   </div>
   <div class='ocr_carea' id='block_1_49' title="bbox 316 4330 1882 4405">
    <p class='ocr_par' dir='ltr' id='par_1_49' title="bbox 316 4330 1882 4405">
     <span class='ocr_line' id='line_1_49' title="bbox 316 4330 1882 4405; baseline -0.001 -17"><span class='ocrx_word' id='word_1_373' title='bbox 316 4332 464 4405; x_wconf 68' lang='grc'>[204]</span> <span class='ocrx_word' id='word_1_374' title='bbox 492 4332 593 4403; x_wconf 79' lang='grc' dir='ltr'>τὴν</span> <span class='ocrx_word' id='word_1_375' title='bbox 627 4333 898 4397; x_wconf 76' lang='grc' dir='ltr'>ὑπόνοιαν,</span> <span class='ocrx_word' id='word_1_376' title='bbox 929 4334 1227 4405; x_wconf 85' lang='grc' dir='ltr'>ἐπήγαγεν,</span> <span class='ocrx_word' id='word_1_377' title='bbox 1258 4335 1340 4388; x_wconf 82' lang='grc' dir='ltr'>ὅτι</span> <span class='ocrx_word' id='word_1_378' title='bbox 1378 4335 1567 4389; x_wconf 86' lang='grc' dir='ltr'>Ταῦτα</span> <span class='ocrx_word' id='word_1_379' title='bbox 1587 4330 1761 4389; x_wconf 79' lang='grc' dir='ltr'>εἷπον</span> <span class='ocrx_word' id='word_1_380' title='bbox 1786 4334 1882 4388; x_wconf 83' lang='grc' dir='ltr'>διὰ</span> 
     </span>
    </p>
   </div>
   <div class='ocr_carea' id='block_1_50' title="bbox 312 4415 1885 4484">
    <p class='ocr_par' dir='ltr' id='par_1_50' title="bbox 312 4415 1885 4484">
     <span class='ocr_line' id='line_1_50' title="bbox 312 4415 1885 4484; baseline 0.003 -16"><span class='ocrx_word' id='word_1_381' title='bbox 312 4415 418 4469; x_wconf 77' lang='grc' dir='ltr'>τὸν</span> <span class='ocrx_word' id='word_1_382' title='bbox 462 4415 654 4484; x_wconf 74' lang='grc' dir='ltr'>ὄχλον</span> <span class='ocrx_word' id='word_1_383' title='bbox 675 4418 783 4468; x_wconf 77' lang='grc' dir='ltr'>τὸν</span> <span class='ocrx_word' id='word_1_384' title='bbox 810 4416 1189 4484; x_wconf 81' lang='grc' dir='ltr'>περιεστῶτα,</span> <span class='ocrx_word' id='word_1_385' title='bbox 1217 4418 1317 4471; x_wconf 79' lang='grc' dir='ltr'>ἵνα</span> <span class='ocrx_word' id='word_1_386' title='bbox 1353 4418 1763 4472; x_wconf 78' lang='grc' dir='ltr'>πιστεύσωσιν</span> <span class='ocrx_word' id='word_1_387' title='bbox 1796 4416 1885 4472; x_wconf 85' lang='grc' dir='ltr'>ὅτι</span> 
     </span>
    </p>
   </div>
   <div class='ocr_carea' id='block_1_51' title="bbox 312 4497 1886 4567">
    <p class='ocr_par' dir='ltr' id='par_1_51' title="bbox 312 4497 1886 4567">
     <span class='ocr_line' id='line_1_51' title="bbox 312 4497 1886 4567; baseline 0.001 -16"><span class='ocrx_word' id='word_1_388' title='bbox 312 4499 392 4552; x_wconf 80' lang='grc' dir='ltr'>σύ</span> <span class='ocrx_word' id='word_1_389' title='bbox 425 4516 502 4567; x_wconf 76' lang='grc' dir='ltr'>με</span> <span class='ocrx_word' id='word_1_390' title='bbox 539 4497 923 4565; x_wconf 73' lang='grc' dir='ltr'>ἀπέστειλας.</span> <span class='ocrx_word' id='word_1_391' title='bbox 971 4501 1080 4553; x_wconf 73' lang='grc' dir='ltr'>Καὶ</span> <span class='ocrx_word' id='word_1_392' title='bbox 1117 4499 1241 4554; x_wconf 71' lang='grc' dir='ltr'>οὔτε</span> <span class='ocrx_word' id='word_1_393' title='bbox 1282 4500 1458 4553; x_wconf 88' lang='grc' dir='ltr'>πάντα</span> <span class='ocrx_word' id='word_1_394' title='bbox 1500 4501 1575 4563; x_wconf 83' lang='grc' dir='ltr'>ὡς</span> <span class='ocrx_word' id='word_1_395' title='bbox 1612 4500 1886 4554; x_wconf 82' lang='grc' dir='ltr'>αὐθεντῶν</span> 
     </span>
    </p>
   </div>
   <div class='ocr_carea' id='block_1_52' title="bbox 314 4580 1882 4654">
    <p class='ocr_par' dir='ltr' id='par_1_52' title="bbox 314 4580 1882 4654">
     <span class='ocr_line' id='line_1_52' title="bbox 314 4580 1882 4654; baseline 0.001 -21"><span class='ocrx_word' id='word_1_396' title='bbox 314 4580 624 4653; x_wconf 80' lang='grc' dir='ltr'>ἐργάζεται,</span> <span class='ocrx_word' id='word_1_397' title='bbox 673 4582 758 4635; x_wconf 85' lang='grc' dir='ltr'>ἵνα</span> <span class='ocrx_word' id='word_1_398' title='bbox 792 4582 889 4653; x_wconf 84' lang='grc' dir='ltr'>τὴν</span> <span class='ocrx_word' id='word_1_399' title='bbox 929 4583 1153 4636; x_wconf 83' lang='grc' dir='ltr'>ἐκείνων</span> <span class='ocrx_word' id='word_1_400' title='bbox 1187 4583 1468 4638; x_wconf 88' lang='grc' dir='ltr'>ἀσθένειαν</span> <span class='ocrx_word' id='word_1_401' title='bbox 1504 4583 1882 4654; x_wconf 86' lang='grc' dir='ltr'>διορθὼσηται·</span> 
     </span>
    </p>
   </div>
   <div class='ocr_carea' id='block_1_53' title="bbox 311 4662 1885 4736">
    <p class='ocr_par' dir='ltr' id='par_1_53' title="bbox 311 4662 1885 4736">
     <span class='ocr_line' id='line_1_53' title="bbox 311 4662 1885 4736; baseline 0 -18"><span class='ocrx_word' id='word_1_402' title='bbox 311 4665 432 4718; x_wconf 76' lang='grc' dir='ltr'>οὔτε</span> <span class='ocrx_word' id='word_1_403' title='bbox 466 4665 648 4719; x_wconf 85' lang='grc' dir='ltr'>πάντα</span> <span class='ocrx_word' id='word_1_404' title='bbox 674 4666 965 4735; x_wconf 82' lang='grc' dir='ltr'>εὐχόμενος</span> <span class='ocrx_word' id='word_1_405' title='bbox 986 4669 1154 4728; x_wconf 84' lang='grc' dir='ltr'>ποιεῖ,</span> <span class='ocrx_word' id='word_1_406' title='bbox 1178 4667 1263 4719; x_wconf 83' lang='grc' dir='ltr'>ἵνα</span> <span class='ocrx_word' id='word_1_407' title='bbox 1290 4666 1364 4736; x_wconf 83' lang='grc' dir='ltr'>μὴ</span> <span class='ocrx_word' id='word_1_408' title='bbox 1395 4670 1507 4730; x_wconf 77' lang='grc' dir='ltr'>τοῖς</span> <span class='ocrx_word' id='word_1_409' title='bbox 1538 4666 1675 4736; x_wconf 83' lang='grc' dir='ltr'>μετὰ</span> <span class='ocrx_word' id='word_1_410' title='bbox 1712 4662 1885 4719; x_wconf 81' lang='grc' dir='ltr'>ταῦτα</span> 
     </span>
    </p>
   </div>
   <div class='ocr_carea' id='block_1_54' title="bbox 313 4748 1886 4820">
    <p class='ocr_par' dir='ltr' id='par_1_54' title="bbox 313 4748 1886 4820">
     <span class='ocr_line' id='line_1_54' title="bbox 313 4748 1886 4820; baseline 0.001 -19"><span class='ocrx_word' id='word_1_411' title='bbox 313 4748 586 4820; x_wconf 84' lang='grc' dir='ltr'>καταλίπῃ</span> <span class='ocrx_word' id='word_1_412' title='bbox 612 4749 854 4820; x_wconf 80' lang='grc' dir='ltr'>πονηρᾶς</span> <span class='ocrx_word' id='word_1_413' title='bbox 875 4749 1109 4818; x_wconf 73' lang='grc' dir='ltr'>ὑποψίας</span> <span class='ocrx_word' id='word_1_414' title='bbox 1132 4749 1405 4811; x_wconf 83' lang='grc' dir='ltr'>ὑπόθεσιν,</span> <span class='ocrx_word' id='word_1_415' title='bbox 1427 4749 1501 4812; x_wconf 82' lang='grc' dir='ltr'>ὡς</span> <span class='ocrx_word' id='word_1_416' title='bbox 1526 4750 1766 4807; x_wconf 82' lang='grc' dir='ltr'>ἀσθενῶν</span> <span class='ocrx_word' id='word_1_417' title='bbox 1792 4751 1886 4803; x_wconf 77' lang='grc' dir='ltr'>καὶ</span> 
     </span>
    </p>
   </div>
   <div class='ocr_carea' id='block_1_55' title="bbox 312 4830 1885 4902">
    <p class='ocr_par' dir='ltr' id='par_1_55' title="bbox 312 4830 1885 4902">
     <span class='ocr_line' id='line_1_55' title="bbox 312 4830 1885 4902; baseline 0.001 -17"><span class='ocrx_word' id='word_1_418' title='bbox 312 4832 586 4894; x_wconf 82' lang='grc' dir='ltr'>ἀδυνάτως</span> <span class='ocrx_word' id='word_1_419' title='bbox 607 4831 765 4901; x_wconf 82' lang='grc' dir='ltr'>έχων·</span> <span class='ocrx_word' id='word_1_420' title='bbox 791 4830 926 4885; x_wconf 83' lang='grc' dir='ltr'>ἀλλά</span> <span class='ocrx_word' id='word_1_421' title='bbox 950 4833 1168 4902; x_wconf 87' lang='grc' dir='ltr'>μίγνυσι</span> <span class='ocrx_word' id='word_1_422' title='bbox 1187 4831 1361 4887; x_wconf 82' lang='grc' dir='ltr'>ταῦτα</span> <span class='ocrx_word' id='word_1_423' title='bbox 1382 4832 1632 4898; x_wconf 86' lang='grc' dir='ltr'>ἐκείνοις,</span> <span class='ocrx_word' id='word_1_424' title='bbox 1659 4834 1885 4887; x_wconf 81' lang='grc' dir='ltr'>κάκεῖνα</span> 
     </span>
    </p>
   </div>
   <div class='ocr_carea' id='block_1_56' title="bbox 312 4914 1885 4987">
    <p class='ocr_par' dir='ltr' id='par_1_56' title="bbox 312 4914 1885 4987">
     <span class='ocr_line' id='line_1_56' title="bbox 312 4914 1885 4987; baseline 0.004 -21"><span class='ocrx_word' id='word_1_425' title='bbox 312 4914 539 4978; x_wconf 87' lang='grc' dir='ltr'>τούτοις.</span> <span class='ocrx_word' id='word_1_426' title='bbox 573 4914 682 4967; x_wconf 79' lang='grc' dir='ltr'>Καὶ</span> <span class='ocrx_word' id='word_1_427' title='bbox 706 4914 827 4967; x_wconf 83' lang='grc' dir='ltr'>οὐδὲ</span> <span class='ocrx_word' id='word_1_428' title='bbox 851 4914 1007 4968; x_wconf 78' lang='grc' dir='ltr'>τοῦτο</span> <span class='ocrx_word' id='word_1_429' title='bbox 1036 4914 1222 4980; x_wconf 85' lang='grc' dir='ltr'>ἁπλῶς</span> <span class='ocrx_word' id='word_1_430' title='bbox 1247 4918 1407 4981; x_wconf 84' lang='grc' dir='ltr'>ποιεί,</span> <span class='ocrx_word' id='word_1_431' title='bbox 1441 4916 1577 4970; x_wconf 91' lang='grc' dir='ltr'>ἀλλά</span> <span class='ocrx_word' id='word_1_432' title='bbox 1623 4917 1760 4985; x_wconf 83' lang='grc' dir='ltr'>με.τά</span> <span class='ocrx_word' id='word_1_433' title='bbox 1788 4918 1885 4987; x_wconf 87' lang='grc' dir='ltr'>τῆς</span> 
     </span>
    </p>
   </div>
   <div class='ocr_carea' id='block_1_57' title="bbox 313 4996 1886 5072">
    <p class='ocr_par' dir='ltr' id='par_1_57' title="bbox 313 4996 1886 5072">
     <span class='ocr_line' id='line_1_57' title="bbox 313 4996 1886 5072; baseline 0.002 -21"><span class='ocrx_word' id='word_1_434' title='bbox 313 4997 461 5069; x_wconf 78' lang='grc' dir='ltr'>αὐτῷ</span> <span class='ocrx_word' id='word_1_435' title='bbox 500 4996 885 5069; x_wconf 87' lang='grc' dir='ltr'>προσηκούσης</span> <span class='ocrx_word' id='word_1_436' title='bbox 936 4999 1220 5063; x_wconf 89' lang='grc' dir='ltr'>συνέσεως.</span> <span class='ocrx_word' id='word_1_437' title='bbox 1270 5000 1351 5053; x_wconf 87' lang='grc' dir='ltr'>Τά</span> <span class='ocrx_word' id='word_1_438' title='bbox 1388 5000 1493 5072; x_wconf 86' lang='grc' dir='ltr'>γὰρ</span> <span class='ocrx_word' id='word_1_439' title='bbox 1534 5001 1754 5072; x_wconf 78' lang='grc' dir='ltr'>μείζονα</span> <span class='ocrx_word' id='word_1_440' title='bbox 1801 5002 1886 5069; x_wconf 79' lang='grc' dir='ltr'>ἐξ-</span> 
     </span>
    </p>
   </div>
   <div class='ocr_carea' id='block_1_58' title="bbox 312 5080 1887 5156">
    <p class='ocr_par' dir='ltr' id='par_1_58' title="bbox 312 5080 1887 5156">
     <span class='ocr_line' id='line_1_58' title="bbox 312 5080 1887 5156; baseline 0.004 -22"><span class='ocrx_word' id='word_1_441' title='bbox 312 5080 675 5145; x_wconf 84' lang='grc' dir='ltr'>ουσιαστικῶς</span> <span class='ocrx_word' id='word_1_442' title='bbox 713 5082 903 5148; x_wconf 88' lang='grc' dir='ltr'>ποιῶν,</span> <span class='ocrx_word' id='word_1_443' title='bbox 939 5083 998 5135; x_wconf 88' lang='grc' dir='ltr'>ἐν</span> <span class='ocrx_word' id='word_1_444' title='bbox 1029 5086 1140 5147; x_wconf 78' lang='grc' dir='ltr'>τοῖς</span> <span class='ocrx_word' id='word_1_445' title='bbox 1170 5083 1446 5138; x_wconf 84' lang='grc' dir='ltr'>ἐλάττοσιν</span> <span class='ocrx_word' id='word_1_446' title='bbox 1487 5087 1565 5150; x_wconf 88' lang='grc' dir='ltr'>είς</span> <span class='ocrx_word' id='word_1_447' title='bbox 1604 5087 1693 5140; x_wconf 85' lang='grc' dir='ltr'>τὸν</span> <span class='ocrx_word' id='word_1_448' title='bbox 1723 5088 1887 5156; x_wconf 88' lang='grc' dir='ltr'>ούρα-</span> 
     </span>
    </p>
   </div>
   <div class='ocr_carea' id='block_1_59' title="bbox 314 5165 1886 5241">
    <p class='ocr_par' dir='ltr' id='par_1_59' title="bbox 314 5165 1886 5241">
     <span class='ocr_line' id='line_1_59' title="bbox 314 5165 1886 5241; baseline 0.004 -22"><span class='ocrx_word' id='word_1_449' title='bbox 314 5168 401 5219; x_wconf 76' lang='grc' dir='ltr'>νὺν</span> <span class='ocrx_word' id='word_1_450' title='bbox 431 5165 725 5220; x_wconf 86' lang='grc' dir='ltr'>ἀναϐλέπει</span> <span class='ocrx_word' id='word_1_451' title='bbox 753 5166 793 5220; x_wconf 85' lang='grc'>⁸.</span> <span class='ocrx_word' id='word_1_452' title='bbox 838 5166 1236 5237; x_wconf 80' lang='grc' dir='ltr'>Ἀμαρτήματα</span> <span class='ocrx_word' id='word_1_453' title='bbox 1300 5169 1397 5238; x_wconf 88' lang='grc' dir='ltr'>μέν</span> <span class='ocrx_word' id='word_1_454' title='bbox 1438 5169 1544 5241; x_wconf 84' lang='grc' dir='ltr'>γὰρ</span> <span class='ocrx_word' id='word_1_455' title='bbox 1580 5170 1741 5236; x_wconf 86' lang='grc' dir='ltr'>λύων,</span> <span class='ocrx_word' id='word_1_456' title='bbox 1793 5172 1886 5226; x_wconf 75' lang='grc' dir='ltr'>καὶ</span> 
     </span>
    </p>
   </div>
   <div class='ocr_carea' id='block_1_60' title="bbox 314 5249 1882 5323">
    <p class='ocr_par' dir='ltr' id='par_1_60' title="bbox 314 5249 1882 5323">
     <span class='ocr_line' id='line_1_60' title="bbox 314 5249 1882 5323; baseline 0.005 -22"><span class='ocrx_word' id='word_1_457' title='bbox 314 5250 381 5303; x_wconf 86' lang='grc' dir='ltr'>τά</span> <span class='ocrx_word' id='word_1_458' title='bbox 399 5249 686 5321; x_wconf 80' lang='grc' dir='ltr'>ἀπόρρητα</span> <span class='ocrx_word' id='word_1_459' title='bbox 713 5250 1133 5313; x_wconf 86' lang='grc' dir='ltr'>ἀποκαλύπτων,</span> <span class='ocrx_word' id='word_1_460' title='bbox 1157 5251 1250 5304; x_wconf 72' lang='grc' dir='ltr'>καὶ</span> <span class='ocrx_word' id='word_1_461' title='bbox 1267 5251 1591 5323; x_wconf 85' lang='grc' dir='ltr'>παράδεισον</span> <span class='ocrx_word' id='word_1_462' title='bbox 1614 5255 1882 5323; x_wconf 79' lang='grc' dir='ltr'>άνοιγνὺς,</span> 
     </span>
    </p>
   </div>
   <div class='ocr_carea' id='block_1_61' title="bbox 314 5330 1883 5409">
    <p class='ocr_par' dir='ltr' id='par_1_61' title="bbox 314 5330 1883 5409">
     <span class='ocr_line' id='line_1_61' title="bbox 314 5330 1883 5409; baseline 0.003 -23"><span class='ocrx_word' id='word_1_463' title='bbox 314 5331 411 5386; x_wconf 80' lang='grc' dir='ltr'>καὶ</span> <span class='ocrx_word' id='word_1_464' title='bbox 452 5330 716 5401; x_wconf 88' lang='grc' dir='ltr'>δαίμονας</span> <span class='ocrx_word' id='word_1_465' title='bbox 764 5332 1103 5399; x_wconf 86' lang='grc' dir='ltr'>ἀπελαύνων,</span> <span class='ocrx_word' id='word_1_466' title='bbox 1147 5335 1241 5387; x_wconf 77' lang='grc' dir='ltr'>καὶ</span> <span class='ocrx_word' id='word_1_467' title='bbox 1285 5333 1518 5406; x_wconf 79' lang='grc' dir='ltr'>λεπροὺς</span> <span class='ocrx_word' id='word_1_468' title='bbox 1551 5336 1883 5409; x_wconf 82' lang='grc' dir='ltr'>καθαρίζων,</span> 
     </span>
    </p>
   </div>
   <div class='ocr_carea' id='block_1_62' title="bbox 316 5415 1885 5492">
    <p class='ocr_par' dir='ltr' id='par_1_62' title="bbox 316 5415 1885 5492">
     <span class='ocr_line' id='line_1_62' title="bbox 316 5415 1885 5492; baseline 0.003 -23"><span class='ocrx_word' id='word_1_469' title='bbox 316 5418 410 5469; x_wconf 79' lang='grc' dir='ltr'>καὶ</span> <span class='ocrx_word' id='word_1_470' title='bbox 436 5416 665 5469; x_wconf 88' lang='grc' dir='ltr'>θάνατον</span> <span class='ocrx_word' id='word_1_471' title='bbox 698 5415 950 5486; x_wconf 87' lang='grc' dir='ltr'>χαλινῶν,</span> <span class='ocrx_word' id='word_1_472' title='bbox 987 5418 1082 5471; x_wconf 77' lang='grc' dir='ltr'>καὶ</span> <span class='ocrx_word' id='word_1_473' title='bbox 1103 5419 1329 5489; x_wconf 83' lang='grc' dir='ltr'>νεκροὺς</span> <span class='ocrx_word' id='word_1_474' title='bbox 1367 5420 1595 5491; x_wconf 83' lang='grc' dir='ltr'>ἐγείρων</span> <span class='ocrx_word' id='word_1_475' title='bbox 1639 5422 1885 5492; x_wconf 86' lang='grc' dir='ltr'>μυρίους,</span> 
     </span>
    </p>
   </div>
   <div class='ocr_carea' id='block_1_63' title="bbox 316 5497 1887 5577">
    <p class='ocr_par' dir='ltr' id='par_1_63' title="bbox 316 5497 1887 5577">
     <span class='ocr_line' id='line_1_63' title="bbox 316 5497 1887 5577; baseline 0.004 -26"><span class='ocrx_word' id='word_1_476' title='bbox 316 5497 377 5562; x_wconf 81' lang='grc' dir='ltr'>ἐξ</span> <span class='ocrx_word' id='word_1_477' title='bbox 423 5498 794 5569; x_wconf 77' lang='grc' dir='ltr'>ἐπιτάγματος</span> <span class='ocrx_word' id='word_1_478' title='bbox 838 5500 1014 5554; x_wconf 86' lang='grc' dir='ltr'>πάντα</span> <span class='ocrx_word' id='word_1_479' title='bbox 1044 5501 1236 5556; x_wconf 81' lang='grc' dir='ltr'>ἐποίει.</span> <span class='ocrx_word' id='word_1_480' title='bbox 1277 5501 1472 5557; x_wconf 85' lang='grc' dir='ltr'>Ἥνίκα</span> <span class='ocrx_word' id='word_1_481' title='bbox 1508 5503 1586 5569; x_wconf 87' lang='grc' dir='ltr'>δέ,</span> <span class='ocrx_word' id='word_1_482' title='bbox 1632 5502 1662 5555; x_wconf 83' lang='grc' dir='ltr'>δ</span> <span class='ocrx_word' id='word_1_483' title='bbox 1707 5505 1887 5577; x_wconf 82' lang='grc' dir='ltr'>πολλῷ</span> 
     </span>
    </p>
   </div>
   <div class='ocr_carea' id='block_1_64' title="bbox 1448 300 2409 360">
    <p class='ocr_par' dir='ltr' id='par_1_64' title="bbox 1448 300 2409 360">
     <span class='ocr_line' id='line_1_64' title="bbox 1448 300 2409 360; baseline 0 -3"><span class='ocrx_word' id='word_1_484' title='bbox 1448 301 1514 357; x_wconf 80' lang='lat' dir='ltr'>IN</span> <span class='ocrx_word' id='word_1_485' title='bbox 1553 300 1964 358; x_wconf 68' lang='lat' dir='ltr'>MATTIIA&#39;IUM</span> <span class='ocrx_word' id='word_1_486' title='bbox 2005 300 2236 359; x_wconf 67' lang='lat' dir='ltr'>IIOSHL.</span> <span class='ocrx_word' id='word_1_487' title='bbox 2272 301 2409 360; x_wconf 73' lang='lat' dir='ltr'>XVI.</span> 
     </span>
    </p>
   </div>
   <div class='ocr_carea' id='block_1_65' title="bbox 3442 294 3552 349">
    <p class='ocr_par' dir='ltr' id='par_1_65' title="bbox 3442 294 3552 349">
     <span class='ocr_line' id='line_1_65' title="bbox 3442 294 3552 349; baseline -0.009 0"><span class='ocrx_word' id='word_1_488' title='bbox 3442 294 3552 349; x_wconf 57' lang='lat'><strong><em>2’4&quot;</em></strong></span> 
     </span>
    </p>
   </div>
   <div class='ocr_carea' id='block_1_66' title="bbox 1974 409 3553 486">
    <p class='ocr_par' dir='ltr' id='par_1_66' title="bbox 1974 409 3553 486">
     <span class='ocr_line' id='line_1_66' title="bbox 1974 409 3553 486; baseline -0.006 -16"><span class='ocrx_word' id='word_1_489' title='bbox 1974 417 2179 470; x_wconf 76' lang='grc' dir='ltr'>τούτων</span> <span class='ocrx_word' id='word_1_490' title='bbox 2211 418 2439 470; x_wconf 76' lang='grc' dir='ltr'>ἔλαττον</span> <span class='ocrx_word' id='word_1_491' title='bbox 2468 410 2557 486; x_wconf 80' lang='grc' dir='ltr'>ἦν,</span> <span class='ocrx_word' id='word_1_492' title='bbox 2584 414 2780 485; x_wconf 78' lang='grc' dir='ltr'>ἄρτους</span> <span class='ocrx_word' id='word_1_493' title='bbox 2823 413 2882 479; x_wconf 78' lang='grc' dir='ltr'>ἐξ</span> <span class='ocrx_word' id='word_1_494' title='bbox 2919 411 3113 479; x_wconf 75' lang='grc' dir='ltr'>ὀλίγων</span> <span class='ocrx_word' id='word_1_495' title='bbox 3151 409 3376 472; x_wconf 72' lang='grc' dir='ltr'>πολλοὺς</span> <span class='ocrx_word' id='word_1_496' title='bbox 3410 426 3553 479; x_wconf 86' lang='grc' dir='ltr'>παρ-</span> 
     </span>
    </p>
   </div>
   <div class='ocr_carea' id='block_1_67' title="bbox 1975 492 3549 569">
    <p class='ocr_par' dir='ltr' id='par_1_67' title="bbox 1975 492 3549 569">
     <span class='ocr_line' id='line_1_67' title="bbox 1975 492 3549 569; baseline -0.006 -16"><span class='ocrx_word' id='word_1_497' title='bbox 1975 500 2238 565; x_wconf 74' lang='grc' dir='ltr'>εσκεύαζε</span> <span class='ocrx_word' id='word_1_498' title='bbox 2270 498 2557 569; x_wconf 76' lang='grc' dir='ltr'>πηγάζειν,</span> <span class='ocrx_word' id='word_1_499' title='bbox 2586 498 2705 550; x_wconf 75' lang='grc' dir='ltr'>τότε</span> <span class='ocrx_word' id='word_1_500' title='bbox 2750 498 2828 559; x_wconf 82' lang='grc' dir='ltr'>είς</span> <span class='ocrx_word' id='word_1_501' title='bbox 2858 495 3086 566; x_wconf 74' lang='grc' dir='ltr'>οὐρανὸν</span> <span class='ocrx_word' id='word_1_502' title='bbox 3120 492 3404 556; x_wconf 84' lang='grc' dir='ltr'>ἁνέϐλεπε,</span> <span class='ocrx_word' id='word_1_503' title='bbox 3440 493 3549 545; x_wconf 70' lang='grc' dir='ltr'>δειο</span> 
     </span>
    </p>
   </div>
   <div class='ocr_carea' id='block_1_68' title="bbox 1976 576 3553 650">
    <p class='ocr_par' dir='ltr' id='par_1_68' title="bbox 1976 576 3553 650">
     <span class='ocr_line' id='line_1_68' title="bbox 1976 576 3553 650; baseline -0.006 -13"><span class='ocrx_word' id='word_1_504' title='bbox 1976 584 2106 645; x_wconf 79' lang='grc' dir='ltr'>κνὺς</span> <span class='ocrx_word' id='word_1_505' title='bbox 2147 584 2227 636; x_wconf 84' lang='grc' dir='ltr'>ὅτι</span> <span class='ocrx_word' id='word_1_506' title='bbox 2262 584 2323 635; x_wconf 82' lang='grc' dir='ltr'>ού</span> <span class='ocrx_word' id='word_1_507' title='bbox 2361 582 2427 635; x_wconf 75' lang='grc' dir='ltr'>δι’</span> <span class='ocrx_word' id='word_1_508' title='bbox 2466 580 2749 634; x_wconf 86' lang='grc' dir='ltr'>ἀσθένειαν</span> <span class='ocrx_word' id='word_1_509' title='bbox 2790 578 2947 632; x_wconf 84' lang='grc' dir='ltr'>τοῦτο</span> <span class='ocrx_word' id='word_1_510' title='bbox 2990 576 3300 650; x_wconf 77' lang='grc' dir='ltr'>ἐργάζεται.</span> <span class='ocrx_word' id='word_1_511' title='bbox 3346 578 3402 630; x_wconf 86' lang='lat'>&#39;0</span> <span class='ocrx_word' id='word_1_512' title='bbox 3444 578 3553 645; x_wconf 80' lang='grc' dir='ltr'>γὰρ</span> 
     </span>
    </p>
   </div>
   <div class='ocr_carea' id='block_1_69' title="bbox 1975 659 3554 737">
    <p class='ocr_par' dir='ltr' id='par_1_69' title="bbox 1975 659 3554 737">
     <span class='ocr_line' id='line_1_69' title="bbox 1975 659 3554 737; baseline -0.004 -18"><span class='ocrx_word' id='word_1_513' title='bbox 1975 666 2043 720; x_wconf 75' lang='grc' dir='ltr'>τὰ</span> <span class='ocrx_word' id='word_1_514' title='bbox 2081 665 2297 735; x_wconf 74' lang='grc' dir='ltr'>μείζονα</span> <span class='ocrx_word' id='word_1_515' title='bbox 2328 664 2573 737; x_wconf 72' lang='grc' dir='ltr'>δυνηθεὶς</span> <span class='ocrx_word' id='word_1_516' title='bbox 2599 664 2712 734; x_wconf 85' lang='grc' dir='ltr'>μετ’</span> <span class='ocrx_word' id='word_1_517' title='bbox 2744 662 2988 728; x_wconf 79' lang='grc' dir='ltr'>ἐξουσίας</span> <span class='ocrx_word' id='word_1_518' title='bbox 3024 662 3044 693; x_wconf 84' lang='grc'><strong>⁹</strong></span> <span class='ocrx_word' id='word_1_519' title='bbox 3073 660 3315 731; x_wconf 79' lang='grc' dir='ltr'>ποιῆσαι,</span> <span class='ocrx_word' id='word_1_520' title='bbox 3349 659 3464 723; x_wconf 86' lang='grc' dir='ltr'>πῶς</span> <span class='ocrx_word' id='word_1_521' title='bbox 3488 661 3554 713; x_wconf 84' lang='grc' dir='ltr'>ἀν</span> 
     </span>
    </p>
   </div>
   <div class='ocr_carea' id='block_1_70' title="bbox 1978 746 3553 819">
    <p class='ocr_par' dir='ltr' id='par_1_70' title="bbox 1978 746 3553 819">
     <span class='ocr_line' id='line_1_70' title="bbox 1978 746 3553 819; baseline -0.005 -15"><span class='ocrx_word' id='word_1_522' title='bbox 1978 754 2033 804; x_wconf 93' lang='grc' dir='ltr'>ἐν</span> <span class='ocrx_word' id='word_1_523' title='bbox 2061 755 2171 814; x_wconf 84' lang='grc' dir='ltr'>τοῖς</span> <span class='ocrx_word' id='word_1_524' title='bbox 2200 752 2474 805; x_wconf 85' lang='grc' dir='ltr'>ἐλάττοσιν</span> <span class='ocrx_word' id='word_1_525' title='bbox 2502 751 2665 819; x_wconf 84' lang='grc' dir='ltr'>εὐχῆς</span> <span class='ocrx_word' id='word_1_526' title='bbox 2695 748 2918 818; x_wconf 85' lang='grc' dir='ltr'>ἐδεήθη;</span> <span class='ocrx_word' id='word_1_527' title='bbox 2963 746 3125 810; x_wconf 77' lang='grc' dir='ltr'>Ἀλλ’,</span> <span class='ocrx_word' id='word_1_528' title='bbox 3154 748 3287 817; x_wconf 83' lang='grc' dir='ltr'>ὅπερ</span> <span class='ocrx_word' id='word_1_529' title='bbox 3330 746 3465 815; x_wconf 75' lang='grc' dir='ltr'>ἔφην</span> <span class='ocrx_word' id='word_1_530' title='bbox 3487 746 3553 807; x_wconf 85' lang='grc'>¹⁰,</span> 
     </span>
    </p>
   </div>
   <div class='ocr_carea' id='block_1_71' title="bbox 1978 827 3555 906">
    <p class='ocr_par' dir='ltr' id='par_1_71' title="bbox 1978 827 3555 906">
     <span class='ocr_line' id='line_1_71' title="bbox 1978 827 3555 906; baseline -0.006 -17"><span class='ocrx_word' id='word_1_531' title='bbox 1978 836 2063 889; x_wconf 77' lang='grc' dir='ltr'>ἶνα</span> <span class='ocrx_word' id='word_1_532' title='bbox 2124 837 2343 889; x_wconf 82' lang='grc' dir='ltr'>ἐκείνων</span> <span class='ocrx_word' id='word_1_533' title='bbox 2398 834 2721 906; x_wconf 79' lang='grc' dir='ltr'>ἐπιστομίσῃ</span> <span class='ocrx_word' id='word_1_534' title='bbox 2777 831 2874 902; x_wconf 83' lang='grc' dir='ltr'>τὴν</span> <span class='ocrx_word' id='word_1_535' title='bbox 2928 830 3329 900; x_wconf 85' lang='grc' dir='ltr'>ἀναισχυντίαν,</span> <span class='ocrx_word' id='word_1_536' title='bbox 3397 827 3555 881; x_wconf 76' lang='grc' dir='ltr'>τοῦτο</span> 
     </span>
    </p>
   </div>
   <div class='ocr_carea' id='block_1_72' title="bbox 1978 912 3557 984">
    <p class='ocr_par' dir='ltr' id='par_1_72' title="bbox 1978 912 3557 984">
     <span class='ocr_line' id='line_1_72' title="bbox 1978 912 3557 984; baseline -0.006 -12"><span class='ocrx_word' id='word_1_537' title='bbox 1978 922 2139 972; x_wconf 84' lang='grc' dir='ltr'>ποιεί.</span> <span class='ocrx_word' id='word_1_538' title='bbox 2194 920 2267 971; x_wconf 84' lang='lat' dir='ltr'>&#39;l‘b</span> <span class='ocrx_word' id='word_1_539' title='bbox 2320 918 2452 971; x_wconf 85' lang='grc' dir='ltr'>αύτὸ</span> <span class='ocrx_word' id='word_1_540' title='bbox 2501 917 2679 970; x_wconf 89' lang='grc' dir='ltr'>τοίνυν</span> <span class='ocrx_word' id='word_1_541' title='bbox 2737 916 2832 969; x_wconf 71' lang='grc' dir='ltr'>καὶ</span> <span class='ocrx_word' id='word_1_542' title='bbox 2873 917 2933 967; x_wconf 87' lang='grc' dir='ltr'>ἐν</span> <span class='ocrx_word' id='word_1_543' title='bbox 2975 916 3085 977; x_wconf 80' lang='grc' dir='ltr'>τοῖς</span> <span class='ocrx_word' id='word_1_544' title='bbox 3133 913 3391 984; x_wconf 78' lang='grc' dir='ltr'>ῥήμασιν,</span> <span class='ocrx_word' id='word_1_545' title='bbox 3426 912 3557 964; x_wconf 81' lang='grc' dir='ltr'>ὅταν</span> 
     </span>
    </p>
   </div>
   <div class='ocr_carea' id='block_1_73' title="bbox 1977 993 3555 1072">
    <p class='ocr_par' dir='ltr' id='par_1_73' title="bbox 1977 993 3555 1072">
     <span class='ocr_line' id='line_1_73' title="bbox 1977 993 3555 1072; baseline -0.006 -17"><span class='ocrx_word' id='word_1_546' title='bbox 1977 1001 2216 1072; x_wconf 85' lang='grc' dir='ltr'>ἀκούσῃς</span> <span class='ocrx_word' id='word_1_547' title='bbox 2260 1000 2423 1054; x_wconf 81' lang='grc' dir='ltr'>αὐτοῦ</span> <span class='ocrx_word' id='word_1_548' title='bbox 2471 999 2702 1053; x_wconf 83' lang='grc' dir='ltr'>ταπεινὰ</span> <span class='ocrx_word' id='word_1_549' title='bbox 2752 997 3140 1068; x_wconf 83' lang='grc' dir='ltr'>φθεγγομένου,</span> <span class='ocrx_word' id='word_1_550' title='bbox 3175 994 3411 1062; x_wconf 76' lang='grc' dir='ltr'>λογίζου.</span> <span class='ocrx_word' id='word_1_551' title='bbox 3451 993 3555 1046; x_wconf 72' lang='grc' dir='ltr'>Καὶ</span> 
     </span>
    </p>
   </div>
   <div class='ocr_carea' id='block_1_74' title="bbox 1978 1078 3558 1156">
    <p class='ocr_par' dir='ltr' id='par_1_74' title="bbox 1978 1078 3558 1156">
     <span class='ocr_line' id='line_1_74' title="bbox 1978 1078 3558 1156; baseline -0.004 -19"><span class='ocrx_word' id='word_1_552' title='bbox 1978 1086 2085 1156; x_wconf 75' lang='grc' dir='ltr'>γὰρ</span> <span class='ocrx_word' id='word_1_553' title='bbox 2118 1083 2310 1136; x_wconf 76' lang='grc' dir='ltr'>πολλαὶ</span> <span class='ocrx_word' id='word_1_554' title='bbox 2353 1085 2448 1137; x_wconf 75' lang='grc' dir='ltr'>καὶ</span> <span class='ocrx_word' id='word_1_555' title='bbox 2483 1082 2591 1136; x_wconf 91' lang='grc' dir='ltr'>τῶν</span> <span class='ocrx_word' id='word_1_556' title='bbox 2637 1081 2895 1152; x_wconf 77' lang='grc' dir='ltr'>ῥημάτων</span> <span class='ocrx_word' id='word_1_557' title='bbox 2937 1080 3031 1133; x_wconf 74' lang='grc' dir='ltr'>καὶ</span> <span class='ocrx_word' id='word_1_558' title='bbox 3071 1078 3179 1133; x_wconf 90' lang='grc' dir='ltr'>τῶν</span> <span class='ocrx_word' id='word_1_559' title='bbox 3216 1078 3558 1149; x_wconf 86' lang='grc' dir='ltr'>πραγμάτων</span> 
     </span>
    </p>
   </div>
   <div class='ocr_carea' id='block_1_75' title="bbox 1977 1158 3559 1233">
    <p class='ocr_par' dir='ltr' id='par_1_75' title="bbox 1977 1158 3559 1233">
     <span class='ocr_line' id='line_1_75' title="bbox 1977 1158 3559 1233; baseline -0.005 -13"><span class='ocrx_word' id='word_1_560' title='bbox 1977 1167 2088 1221; x_wconf 86' lang='grc' dir='ltr'>τῶν</span> <span class='ocrx_word' id='word_1_561' title='bbox 2114 1167 2371 1220; x_wconf 90' lang='grc' dir='ltr'>τοιούτων</span> <span class='ocrx_word' id='word_1_562' title='bbox 2398 1167 2537 1219; x_wconf 70' lang='grc' dir='ltr'>εἰσὶν</span> <span class='ocrx_word' id='word_1_563' title='bbox 2563 1164 2752 1218; x_wconf 86' lang='grc' dir='ltr'>αἰτίαι⁶</span> <span class='ocrx_word' id='word_1_564' title='bbox 2779 1158 2912 1226; x_wconf 79' lang='grc' dir='ltr'>οἷον,</span> <span class='ocrx_word' id='word_1_565' title='bbox 2939 1163 3001 1215; x_wconf 88' lang='grc' dir='ltr'>τὸ</span> <span class='ocrx_word' id='word_1_566' title='bbox 3031 1160 3103 1233; x_wconf 71' lang='grc' dir='ltr'>μὴ</span> <span class='ocrx_word' id='word_1_567' title='bbox 3131 1161 3448 1231; x_wconf 73' lang='grc' dir='ltr'>νομίζεσθαι</span> <span class='ocrx_word' id='word_1_568' title='bbox 3471 1160 3559 1213; x_wconf 80' lang='grc' dir='ltr'>ἀλ-</span> 
     </span>
    </p>
   </div>
   <div class='ocr_carea' id='block_1_76' title="bbox 1979 1243 3556 1322">
    <p class='ocr_par' dir='ltr' id='par_1_76' title="bbox 1979 1243 3556 1322">
     <span class='ocr_line' id='line_1_76' title="bbox 1979 1243 3556 1322; baseline -0.006 -17"><span class='ocrx_word' id='word_1_569' title='bbox 1979 1250 2189 1322; x_wconf 84' lang='grc' dir='ltr'>λότριον</span> <span class='ocrx_word' id='word_1_570' title='bbox 2208 1247 2343 1304; x_wconf 74' lang='grc' dir='ltr'>εἶναι</span> <span class='ocrx_word' id='word_1_571' title='bbox 2371 1250 2464 1304; x_wconf 80' lang='grc' dir='ltr'>τοῦ</span> <span class='ocrx_word' id='word_1_572' title='bbox 2487 1248 2645 1312; x_wconf 79' lang='grc' dir='ltr'>Θεοῦ,</span> <span class='ocrx_word' id='word_1_573' title='bbox 2666 1247 2727 1300; x_wconf 88' lang='lat' dir='ltr'>rb</span> <span class='ocrx_word' id='word_1_574' title='bbox 2747 1247 2953 1309; x_wconf 84' lang='grc' dir='ltr'>πάντας</span> <span class='ocrx_word' id='word_1_575' title='bbox 2969 1244 3241 1299; x_wconf 71' lang='grc' dir='ltr'>παιδεύειν</span> <span class='ocrx_word' id='word_1_576' title='bbox 3272 1244 3432 1297; x_wconf 77' lang='grc' dir='ltr'>αὑτὸν</span> <span class='ocrx_word' id='word_1_577' title='bbox 3460 1243 3556 1296; x_wconf 77' lang='grc' dir='ltr'>καὶ</span> 
     </span>
    </p>
   </div>
   <div class='ocr_carea' id='block_1_77' title="bbox 1981 1327 3559 1407">
    <p class='ocr_par' dir='ltr' id='par_1_77' title="bbox 1981 1327 3559 1407">
     <span class='ocr_line' id='line_1_77' title="bbox 1981 1327 3559 1407; baseline -0.005 -20"><span class='ocrx_word' id='word_1_578' title='bbox 1981 1334 2320 1407; x_wconf 89' lang='grc' dir='ltr'>θεραπεύειν,</span> <span class='ocrx_word' id='word_1_579' title='bbox 2354 1334 2414 1387; x_wconf 87' lang='lat' dir='ltr'>rb</span> <span class='ocrx_word' id='word_1_580' title='bbox 2454 1329 2952 1402; x_wconf 78' lang='grc' dir='ltr'>ταπεινοφροσύνην</span> <span class='ocrx_word' id='word_1_581' title='bbox 2978 1328 3266 1387; x_wconf 81' lang='grc' dir='ltr'>διδάσκει-ν,</span> <span class='ocrx_word' id='word_1_582' title='bbox 3289 1327 3351 1380; x_wconf 81' lang='grc' dir='ltr'>τὸ</span> <span class='ocrx_word' id='word_1_583' title='bbox 3378 1328 3559 1396; x_wconf 81' lang='grc' dir='ltr'>σάρκα.</span> 
     </span>
    </p>
   </div>
   <div class='ocr_carea' id='block_1_78' title="bbox 1981 1410 3557 1492">
    <p class='ocr_par' dir='ltr' id='par_1_78' title="bbox 1981 1410 3557 1492">
     <span class='ocr_line' id='line_1_78' title="bbox 1981 1410 3557 1492; baseline -0.008 -18"><span class='ocrx_word' id='word_1_584' title='bbox 1981 1419 2344 1492; x_wconf 82' lang='grc' dir='ltr'>περικεῖσθαι,</span> <span class='ocrx_word' id='word_1_585' title='bbox 2377 1418 2439 1471; x_wconf 79' lang='grc' dir='ltr'>τὸ</span> <span class='ocrx_word' id='word_1_586' title='bbox 2462 1416 2536 1488; x_wconf 81' lang='grc' dir='ltr'>μὴ</span> <span class='ocrx_word' id='word_1_587' title='bbox 2562 1415 2817 1469; x_wconf 85' lang='grc' dir='ltr'>δύνασθαι</span> <span class='ocrx_word' id='word_1_588' title='bbox 2833 1413 3111 1476; x_wconf 86' lang='grc' dir='ltr'>Ἰουδαίους</span> <span class='ocrx_word' id='word_1_589' title='bbox 3145 1413 3321 1466; x_wconf 84' lang='grc' dir='ltr'>πάντα</span> <span class='ocrx_word' id='word_1_590' title='bbox 3344 1410 3409 1463; x_wconf 87' lang='grc' dir='ltr'>ἀθ</span> <span class='ocrx_word' id='word_1_591' title='bbox 3420 1411 3557 1481; x_wconf 76' lang='grc' dir='ltr'>ρὸως</span> 
     </span>
    </p>
   </div>
   <div class='ocr_carea' id='block_1_79' title="bbox 1981 1492 3565 1569">
    <p class='ocr_par' dir='ltr' id='par_1_79' title="bbox 1981 1492 3565 1569">
     <span class='ocr_line' id='line_1_79' title="bbox 1981 1492 3565 1569; baseline -0.009 -12"><span class='ocrx_word' id='word_1_592' title='bbox 1981 1502 2216 1569; x_wconf 85' lang='grc' dir='ltr'>ἀκούειν,</span> <span class='ocrx_word' id='word_1_593' title='bbox 2232 1501 2291 1555; x_wconf 90' lang='lat' dir='ltr'>rb</span> <span class='ocrx_word' id='word_1_594' title='bbox 2305 1502 2576 1555; x_wconf 80' lang='grc' dir='ltr'>διδάσκειν</span> <span class='ocrx_word' id='word_1_595' title='bbox 2607 1498 2769 1569; x_wconf 79' lang='grc' dir='ltr'>μηδὲν</span> <span class='ocrx_word' id='word_1_596' title='bbox 2792 1496 2831 1528; x_wconf 86' lang='grc'>¹¹</span> <span class='ocrx_word' id='word_1_597' title='bbox 2860 1497 3000 1567; x_wconf 86' lang='grc' dir='ltr'>μέγα</span> <span class='ocrx_word' id='word_1_598' title='bbox 3018 1513 3081 1547; x_wconf 83' lang='grc' dir='ltr'>πε</span> <span class='ocrx_word' id='word_1_599' title='bbox 3092 1497 3145 1566; x_wconf 71' lang='grc' dir='ltr'>ρὶ</span> <span class='ocrx_word' id='word_1_600' title='bbox 3170 1494 3380 1548; x_wconf 79' lang='grc' dir='ltr'>ἑαυτῶν</span> <span class='ocrx_word' id='word_1_601' title='bbox 3404 1492 3565 1560; x_wconf 79' lang='grc' dir='ltr'>φθέγο</span> 
     </span>
    </p>
   </div>
   <div class='ocr_carea' id='block_1_80' title="bbox 1981 1573 3561 1656">
    <p class='ocr_par' dir='ltr' id='par_1_80' title="bbox 1981 1573 3561 1656">
     <span class='ocr_line' id='line_1_80' title="bbox 1981 1573 3561 1656; baseline -0.009 -16"><span class='ocrx_word' id='word_1_602' title='bbox 1981 1585 2192 1656; x_wconf 88' lang='grc' dir='ltr'>γεσθαι.</span> <span class='ocrx_word' id='word_1_603' title='bbox 2223 1585 2321 1638; x_wconf 76' lang='grc' dir='ltr'>Διά</span> <span class='ocrx_word' id='word_1_604' title='bbox 2348 1584 2503 1637; x_wconf 81' lang='grc' dir='ltr'>τοῦτο</span> <span class='ocrx_word' id='word_1_605' title='bbox 2543 1582 2712 1635; x_wconf 84' lang='grc' dir='ltr'>πολλά</span> <span class='ocrx_word' id='word_1_606' title='bbox 2741 1580 2973 1634; x_wconf 83' lang='grc' dir='ltr'>ταπεινά</span> <span class='ocrx_word' id='word_1_607' title='bbox 3004 1578 3165 1638; x_wconf 79' lang='grc' dir='ltr'>αὐτὸς</span> <span class='ocrx_word' id='word_1_608' title='bbox 3203 1577 3329 1647; x_wconf 72' lang='grc' dir='ltr'>περὶ</span> <span class='ocrx_word' id='word_1_609' title='bbox 3368 1573 3561 1627; x_wconf 79' lang='grc' dir='ltr'>ἐαυτοῦ</span> 
     </span>
    </p>
   </div>
   <div class='ocr_carea' id='block_1_81' title="bbox 1980 1658 3487 1736">
    <p class='ocr_par' dir='ltr' id='par_1_81' title="bbox 1980 1658 3487 1736">
     <span class='ocr_line' id='line_1_81' title="bbox 1980 1658 3487 1736; baseline -0.009 -12"><span class='ocrx_word' id='word_1_610' title='bbox 1980 1669 2238 1731; x_wconf 86' lang='grc' dir='ltr'>πολλάκις</span> <span class='ocrx_word' id='word_1_611' title='bbox 2264 1666 2457 1731; x_wconf 79' lang='grc' dir='ltr'>εἰπὼν,</span> <span class='ocrx_word' id='word_1_612' title='bbox 2486 1666 2554 1719; x_wconf 87' lang='grc' dir='ltr'>τά</span> <span class='ocrx_word' id='word_1_613' title='bbox 2587 1665 2797 1736; x_wconf 88' lang='grc' dir='ltr'>μεγάλα</span> <span class='ocrx_word' id='word_1_614' title='bbox 2834 1664 3041 1732; x_wconf 87' lang='grc' dir='ltr'>ἐτέροις</span> <span class='ocrx_word' id='word_1_615' title='bbox 3072 1661 3264 1729; x_wconf 89' lang='grc' dir='ltr'>ἀφίησι</span> <span class='ocrx_word' id='word_1_616' title='bbox 3293 1658 3487 1726; x_wconf 83' lang='grc' dir='ltr'>λέγειν.</span> 
     </span>
    </p>
   </div>
   <div class='ocr_carea' id='block_1_82' title="bbox 2052 1740 3561 1822">
    <p class='ocr_par' dir='ltr' id='par_1_82' title="bbox 2052 1740 3561 1822">
     <span class='ocr_line' id='line_1_82' title="bbox 2052 1740 3561 1822; baseline -0.009 -16"><span class='ocrx_word' id='word_1_617' title='bbox 2052 1753 2115 1822; x_wconf 82' lang='grc' dir='ltr'>β’.</span> <span class='ocrx_word' id='word_1_618' title='bbox 2130 1753 2297 1815; x_wconf 76' lang='grc' dir='ltr'>Αὐτὸς</span> <span class='ocrx_word' id='word_1_619' title='bbox 2318 1752 2416 1822; x_wconf 82' lang='grc' dir='ltr'>μὲν</span> <span class='ocrx_word' id='word_1_620' title='bbox 2436 1749 2544 1821; x_wconf 84' lang='grc' dir='ltr'>γάρ</span> <span class='ocrx_word' id='word_1_621' title='bbox 2560 1747 2834 1810; x_wconf 85' lang='grc' dir='ltr'>Ἰουδαίοις</span> <span class='ocrx_word' id='word_1_622' title='bbox 2847 1743 3225 1814; x_wconf 82' lang='grc' dir='ltr'>διαλεγόμενος</span> <span class='ocrx_word' id='word_1_623' title='bbox 3247 1742 3420 1809; x_wconf 72' lang='grc' dir='ltr'>ἔλεγε·</span> <span class='ocrx_word' id='word_1_624' title='bbox 3442 1740 3561 1807; x_wconf 85' lang='grc' dir='ltr'>Πρὺ</span> 
     </span>
    </p>
   </div>
   <div class='ocr_carea' id='block_1_83' title="bbox 1979 1822 3563 1903">
    <p class='ocr_par' dir='ltr' id='par_1_83' title="bbox 1979 1822 3563 1903">
     <span class='ocr_line' id='line_1_83' title="bbox 1979 1822 3563 1903; baseline -0.01 -12"><span class='ocrx_word' id='word_1_625' title='bbox 1979 1836 2086 1892; x_wconf 82' lang='grc' dir='ltr'>τοῦ</span> <span class='ocrx_word' id='word_1_626' title='bbox 2134 1837 2375 1903; x_wconf 74' lang='grc' dir='ltr'>Ἀϐραὰμ</span> <span class='ocrx_word' id='word_1_627' title='bbox 2444 1833 2751 1903; x_wconf 78' lang='grc' dir='ltr'>γενέσθαι,</span> <span class='ocrx_word' id='word_1_628' title='bbox 2802 1828 2915 1898; x_wconf 80' lang='grc' dir='ltr'>ἐγώ</span> <span class='ocrx_word' id='word_1_629' title='bbox 2958 1831 3075 1895; x_wconf 80' lang='grc' dir='ltr'>ειμι</span> <span class='ocrx_word' id='word_1_630' title='bbox 3100 1843 3113 1858; x_wconf 75' lang='grc' dir='ltr'><strong><em>ο</em></strong></span> <span class='ocrx_word' id='word_1_631' title='bbox 3146 1828 3175 1879; x_wconf 82' lang='grc' dir='ltr'><strong>ὁ</strong></span> <span class='ocrx_word' id='word_1_632' title='bbox 3213 1826 3460 1897; x_wconf 83' lang='grc' dir='ltr'>μαθητὴς</span> <span class='ocrx_word' id='word_1_633' title='bbox 3497 1822 3563 1877; x_wconf 68' lang='grc' dir='ltr'>δέ</span> 
     </span>
    </p>
   </div>
   <div class='ocr_carea' id='block_1_84' title="bbox 1981 1906 3563 1987">
    <p class='ocr_par' dir='ltr' id='par_1_84' title="bbox 1981 1906 3563 1987">
     <span class='ocr_line' id='line_1_84' title="bbox 1981 1906 3563 1987; baseline -0.009 -15"><span class='ocrx_word' id='word_1_634' title='bbox 1981 1916 2144 1973; x_wconf 79' lang='grc' dir='ltr'>αὑτοῦ</span> <span class='ocrx_word' id='word_1_635' title='bbox 2170 1918 2266 1987; x_wconf 79' lang='grc' dir='ltr'>οὐχ</span> <span class='ocrx_word' id='word_1_636' title='bbox 2292 1917 2485 1979; x_wconf 81' lang='grc' dir='ltr'>οὕτως,</span> <span class='ocrx_word' id='word_1_637' title='bbox 2514 1915 2649 1981; x_wconf 80' lang='grc' dir='ltr'>ἀλλ’,</span> <span class='ocrx_word' id='word_1_638' title='bbox 2686 1915 2783 1966; x_wconf 78' lang='grc' dir='ltr'>Ἐν</span> <span class='ocrx_word' id='word_1_639' title='bbox 2810 1910 2969 1981; x_wconf 77' lang='grc' dir='ltr'>ἀρχῇ</span> <span class='ocrx_word' id='word_1_640' title='bbox 2998 1907 3076 1978; x_wconf 79' lang='grc' dir='ltr'>ἦν</span> <span class='ocrx_word' id='word_1_641' title='bbox 3101 1912 3133 1963; x_wconf 86' lang='grc' dir='ltr'>ό</span> <span class='ocrx_word' id='word_1_642' title='bbox 3157 1910 3367 1977; x_wconf 81' lang='grc' dir='ltr'>Λόγος.</span> <span class='ocrx_word' id='word_1_643' title='bbox 3404 1906 3503 1959; x_wconf 76' lang='grc' dir='ltr'>καὶ</span> <span class='ocrx_word' id='word_1_644' title='bbox 3530 1909 3563 1959; x_wconf 84' lang='grc' dir='ltr'>ό</span> 
     </span>
    </p>
   </div>
   <div class='ocr_carea' id='block_1_85' title="bbox 1982 1986 3561 2072">
    <p class='ocr_par' dir='ltr' id='par_1_85' title="bbox 1982 1986 3561 2072">
     <span class='ocr_line' id='line_1_85' title="bbox 1982 1986 3561 2072; baseline -0.01 -14"><span class='ocrx_word' id='word_1_645' title='bbox 1982 2004 2172 2072; x_wconf 79' lang='grc' dir='ltr'>Λόγος</span> <span class='ocrx_word' id='word_1_646' title='bbox 2204 1986 2281 2072; x_wconf 57' lang='grc' dir='ltr'>ἦν·</span> <span class='ocrx_word' id='word_1_647' title='bbox 2310 2000 2459 2068; x_wconf 81' lang='grc' dir='ltr'>πρὸς</span> <span class='ocrx_word' id='word_1_648' title='bbox 2506 2000 2612 2051; x_wconf 80' lang='grc' dir='ltr'>τὸν</span> <span class='ocrx_word' id='word_1_649' title='bbox 2653 1997 2821 2061; x_wconf 81' lang='grc' dir='ltr'>Θεὸν,</span> <span class='ocrx_word' id='word_1_650' title='bbox 2863 1995 2959 2048; x_wconf 81' lang='grc' dir='ltr'>καί</span> <span class='ocrx_word' id='word_1_651' title='bbox 3002 1992 3146 2057; x_wconf 86' lang='grc' dir='ltr'>Θεὸς</span> <span class='ocrx_word' id='word_1_652' title='bbox 3171 1986 3249 2058; x_wconf 82' lang='grc' dir='ltr'>ἦν</span> <span class='ocrx_word' id='word_1_653' title='bbox 3286 1993 3317 2043; x_wconf 82' lang='grc' dir='ltr'><em>ὁ</em></span> <span class='ocrx_word' id='word_1_654' title='bbox 3350 1989 3561 2072; x_wconf 74' lang='grc' dir='ltr'>Λόγος.</span> 
     </span>
    </p>
   </div>
   <div class='ocr_carea' id='block_1_86' title="bbox 1982 2070 3564 2150">
    <p class='ocr_par' dir='ltr' id='par_1_86' title="bbox 1982 2070 3564 2150">
     <span class='ocr_line' id='line_1_86' title="bbox 1982 2070 3564 2150; baseline -0.012 -10"><span class='ocrx_word' id='word_1_655' title='bbox 1982 2070 2172 2148; x_wconf 85' lang='grc' dir='ltr'>Πάλιν,</span> <span class='ocrx_word' id='word_1_656' title='bbox 2215 2070 2297 2137; x_wconf 76' lang='grc' dir='ltr'>ὅτι</span> <span class='ocrx_word' id='word_1_657' title='bbox 2353 2081 2582 2150; x_wconf 79' lang='grc' dir='ltr'>οὐρανὸν</span> <span class='ocrx_word' id='word_1_658' title='bbox 2636 2080 2729 2132; x_wconf 70' lang='grc' dir='ltr'>καὶ</span> <span class='ocrx_word' id='word_1_659' title='bbox 2783 2078 2889 2147; x_wconf 85' lang='grc' dir='ltr'>γῆν</span> <span class='ocrx_word' id='word_1_660' title='bbox 2937 2076 3031 2129; x_wconf 76' lang='grc' dir='ltr'>καὶ</span> <span class='ocrx_word' id='word_1_661' title='bbox 3089 2072 3357 2127; x_wconf 77' lang='grc' dir='ltr'>θάλατταν</span> <span class='ocrx_word' id='word_1_662' title='bbox 3400 2070 3564 2133; x_wconf 84' lang='grc' dir='ltr'>αύτὸς</span> 
     </span>
    </p>
   </div>
   <div class='ocr_carea' id='block_1_87' title="bbox 1983 2155 3562 2240">
    <p class='ocr_par' dir='ltr' id='par_1_87' title="bbox 1983 2155 3562 2240">
     <span class='ocr_line' id='line_1_87' title="bbox 1983 2155 3562 2240; baseline -0.011 -17"><span class='ocrx_word' id='word_1_663' title='bbox 1983 2168 2224 2240; x_wconf 88' lang='grc' dir='ltr'>ἐποίησε,</span> <span class='ocrx_word' id='word_1_664' title='bbox 2258 2167 2351 2219; x_wconf 74' lang='grc' dir='ltr'>καὶ</span> <span class='ocrx_word' id='word_1_665' title='bbox 2379 2165 2446 2218; x_wconf 89' lang='grc' dir='ltr'>τά</span> <span class='ocrx_word' id='word_1_666' title='bbox 2474 2163 2727 2234; x_wconf 83' lang='grc' dir='ltr'>ὁρώμενα</span> <span class='ocrx_word' id='word_1_667' title='bbox 2766 2161 2858 2217; x_wconf 76' lang='grc' dir='ltr'>καὶ</span> <span class='ocrx_word' id='word_1_668' title='bbox 2889 2160 2959 2213; x_wconf 72' lang='grc' dir='ltr'>τά</span> <span class='ocrx_word' id='word_1_669' title='bbox 2989 2159 3194 2228; x_wconf 87' lang='grc' dir='ltr'>ἀόρατα</span> <span class='ocrx_word' id='word_1_670' title='bbox 3222 2157 3419 2217; x_wconf 88' lang='grc' dir='ltr'>πάντα,</span> <span class='ocrx_word' id='word_1_671' title='bbox 3460 2155 3562 2240; x_wconf 55' lang='lat' dir='ltr'>ab-</span> 
     </span>
    </p>
   </div>
   <div class='ocr_carea' id='block_1_88' title="bbox 1982 2237 3565 2322">
    <p class='ocr_par' dir='ltr' id='par_1_88' title="bbox 1982 2237 3565 2322">
     <span class='ocr_line' id='line_1_88' title="bbox 1982 2237 3565 2322; baseline -0.011 -17"><span class='ocrx_word' id='word_1_672' title='bbox 1982 2252 2071 2316; x_wconf 81' lang='grc' dir='ltr'>τὸς</span> <span class='ocrx_word' id='word_1_673' title='bbox 2094 2237 2193 2322; x_wconf 77' lang='grc' dir='ltr'>μὲν</span> <span class='ocrx_word' id='word_1_674' title='bbox 2220 2246 2456 2317; x_wconf 78' lang='grc' dir='ltr'>ούδαμοῦ</span> <span class='ocrx_word' id='word_1_675' title='bbox 2502 2246 2686 2314; x_wconf 87' lang='grc' dir='ltr'>σαφῶς</span> <span class='ocrx_word' id='word_1_676' title='bbox 2712 2245 2954 2315; x_wconf 77' lang='grc' dir='ltr'>εἴρηκεν·</span> <span class='ocrx_word' id='word_1_677' title='bbox 2993 2244 3021 2295; x_wconf 82' lang='grc' dir='ltr'>ὁ</span> <span class='ocrx_word' id='word_1_678' title='bbox 3045 2241 3103 2295; x_wconf 85' lang='grc' dir='ltr'>δὲ</span> <span class='ocrx_word' id='word_1_679' title='bbox 3145 2240 3390 2310; x_wconf 82' lang='grc' dir='ltr'>μαθητὴς</span> <span class='ocrx_word' id='word_1_680' title='bbox 3426 2237 3565 2322; x_wconf 88' lang='grc' dir='ltr'>μετά</span> 
     </span>
    </p>
   </div>
   <div class='ocr_carea' id='block_1_89' title="bbox 1983 2320 3566 2406">
    <p class='ocr_par' dir='ltr' id='par_1_89' title="bbox 1983 2320 3566 2406">
     <span class='ocr_line' id='line_1_89' title="bbox 1983 2320 3566 2406; baseline -0.01 -18"><span class='ocrx_word' id='word_1_681' title='bbox 1983 2320 2180 2406; x_wconf 84' lang='grc' dir='ltr'>πολλῆς</span> <span class='ocrx_word' id='word_1_682' title='bbox 2226 2333 2328 2403; x_wconf 91' lang='grc' dir='ltr'>τῆς</span> <span class='ocrx_word' id='word_1_683' title='bbox 2375 2331 2706 2404; x_wconf 75' lang='grc' dir='ltr'>παρρησίας,</span> <span class='ocrx_word' id='word_1_684' title='bbox 2752 2329 2905 2381; x_wconf 80' lang='grc' dir='ltr'>οὐδὲν</span> <span class='ocrx_word' id='word_1_685' title='bbox 2941 2324 3412 2406; x_wconf 73' lang='grc' dir='ltr'>ὑποστειλάμενος.</span> <span class='ocrx_word' id='word_1_686' title='bbox 3470 2320 3566 2406; x_wconf 75' lang='grc' dir='ltr'>καὶ</span> 
     </span>
    </p>
   </div>
   <div class='ocr_carea' id='block_1_90' title="bbox 1984 2404 3567 2481">
    <p class='ocr_par' dir='ltr' id='par_1_90' title="bbox 1984 2404 3567 2481">
     <span class='ocr_line' id='line_1_90' title="bbox 1984 2404 3567 2481; baseline -0.01 -9"><span class='ocrx_word' id='word_1_687' title='bbox 1984 2404 2146 2481; x_wconf 18' lang='grc' dir='ltr'>ἀπαξί</span> <span class='ocrx_word' id='word_1_688' title='bbox 2161 2416 2254 2470; x_wconf 72' lang='grc' dir='ltr'>καὶ</span> <span class='ocrx_word' id='word_1_689' title='bbox 2276 2416 2357 2476; x_wconf 64' lang='grc' dir='ltr'>δὶς</span> <span class='ocrx_word' id='word_1_690' title='bbox 2387 2416 2480 2468; x_wconf 74' lang='grc' dir='ltr'>καὶ</span> <span class='ocrx_word' id='word_1_691' title='bbox 2507 2413 2766 2473; x_wconf 85' lang='grc' dir='ltr'>πολλάκις</span> <span class='ocrx_word' id='word_1_692' title='bbox 2788 2411 2944 2464; x_wconf 82' lang='grc' dir='ltr'>τοῦτό</span> <span class='ocrx_word' id='word_1_693' title='bbox 2975 2426 3126 2480; x_wconf 85' lang='grc' dir='ltr'>φησι,</span> <span class='ocrx_word' id='word_1_694' title='bbox 3147 2409 3347 2461; x_wconf 80' lang='grc' dir='ltr'>Πάντα</span> <span class='ocrx_word' id='word_1_695' title='bbox 3370 2404 3442 2457; x_wconf 77' lang='grc' dir='ltr'>δι’</span> <span class='ocrx_word' id='word_1_696' title='bbox 3461 2405 3567 2456; x_wconf 77' lang='grc' dir='ltr'>αὐ·</span> 
     </span>
    </p>
   </div>
   <div class='ocr_carea' id='block_1_91' title="bbox 1982 2487 3567 2571">
    <p class='ocr_par' dir='ltr' id='par_1_91' title="bbox 1982 2487 3567 2571">
     <span class='ocr_line' id='line_1_91' title="bbox 1982 2487 3567 2571; baseline -0.011 -15"><span class='ocrx_word' id='word_1_697' title='bbox 1982 2502 2088 2556; x_wconf 84' lang='grc' dir='ltr'>τοῦ</span> <span class='ocrx_word' id='word_1_698' title='bbox 2129 2500 2384 2571; x_wconf 80' lang='grc' dir='ltr'>ἐγένετο,</span> <span class='ocrx_word' id='word_1_699' title='bbox 2433 2498 2679 2569; x_wconf 86' lang='grc' dir='ltr'>γράφων·</span> <span class='ocrx_word' id='word_1_700' title='bbox 2729 2494 2827 2549; x_wconf 79' lang='grc' dir='ltr'>καὶ</span> <span class='ocrx_word' id='word_1_701' title='bbox 2876 2496 3055 2564; x_wconf 76' lang='grc' dir='ltr'>χωρὶς</span> <span class='ocrx_word' id='word_1_702' title='bbox 3098 2490 3282 2545; x_wconf 85' lang='grc' dir='ltr'>αὑτοῦ</span> <span class='ocrx_word' id='word_1_703' title='bbox 3331 2487 3567 2571; x_wconf 73' lang='grc' dir='ltr'>ἐγένετο</span> 
     </span>
    </p>
   </div>
   <div class='ocr_carea' id='block_1_92' title="bbox 1984 2568 3567 2647">
    <p class='ocr_par' dir='ltr' id='par_1_92' title="bbox 1984 2568 3567 2647">
     <span class='ocr_line' id='line_1_92' title="bbox 1984 2568 3567 2647; baseline -0.009 -9"><span class='ocrx_word' id='word_1_704' title='bbox 1984 2583 2127 2639; x_wconf 82' lang='grc' dir='ltr'>οὐδὲ</span> <span class='ocrx_word' id='word_1_705' title='bbox 2152 2568 2240 2637; x_wconf 76' lang='grc' dir='ltr'>ἓν·</span> <span class='ocrx_word' id='word_1_706' title='bbox 2278 2568 2503 2644; x_wconf 52' lang='grc' dir='ltr'>καὶξΕῨ</span> <span class='ocrx_word' id='word_1_707' title='bbox 2535 2581 2615 2645; x_wconf 86' lang='grc' dir='ltr'>τῷ</span> <span class='ocrx_word' id='word_1_708' title='bbox 2655 2580 2859 2647; x_wconf 81' lang='grc' dir='ltr'>κόσμῳ</span> <span class='ocrx_word' id='word_1_709' title='bbox 2901 2574 2999 2646; x_wconf 78' lang='grc' dir='ltr'>ἦν,</span> <span class='ocrx_word' id='word_1_710' title='bbox 3029 2576 3125 2630; x_wconf 72' lang='grc' dir='ltr'>καὶ</span> <span class='ocrx_word' id='word_1_711' title='bbox 3169 2578 3201 2628; x_wconf 85' lang='grc' dir='ltr'>ό</span> <span class='ocrx_word' id='word_1_712' title='bbox 3235 2575 3460 2640; x_wconf 84' lang='grc' dir='ltr'>κόσμος</span> <span class='ocrx_word' id='word_1_713' title='bbox 3490 2568 3567 2623; x_wconf 81' lang='grc' dir='ltr'>δι’</span> 
     </span>
    </p>
   </div>
   <div class='ocr_carea' id='block_1_93' title="bbox 1983 2654 3569 2735">
    <p class='ocr_par' dir='ltr' id='par_1_93' title="bbox 1983 2654 3569 2735">
     <span class='ocr_line' id='line_1_93' title="bbox 1983 2654 3569 2735; baseline -0.011 -14"><span class='ocrx_word' id='word_1_714' title='bbox 1983 2667 2170 2722; x_wconf 86' lang='grc' dir='ltr'>αὐτοῦ</span> <span class='ocrx_word' id='word_1_715' title='bbox 2195 2664 2450 2735; x_wconf 77' lang='grc' dir='ltr'>ἐγένετο.</span> <span class='ocrx_word' id='word_1_716' title='bbox 2489 2664 2600 2717; x_wconf 75' lang='grc' dir='ltr'>Καὶ</span> <span class='ocrx_word' id='word_1_717' title='bbox 2625 2664 2679 2715; x_wconf 92' lang='grc' dir='ltr'>τί</span> <span class='ocrx_word' id='word_1_718' title='bbox 2717 2660 3036 2731; x_wconf 73' lang='grc' dir='ltr'>θαυμάζεις,</span> <span class='ocrx_word' id='word_1_719' title='bbox 3068 2660 3116 2712; x_wconf 88' lang='grc' dir='ltr'>εί</span> <span class='ocrx_word' id='word_1_720' title='bbox 3138 2659 3313 2727; x_wconf 87' lang='grc' dir='ltr'>ἐτεροι</span> <span class='ocrx_word' id='word_1_721' title='bbox 3347 2654 3569 2724; x_wconf 78' lang='grc' dir='ltr'>μείζονα</span> 
     </span>
    </p>
   </div>
   <div class='ocr_carea' id='block_1_94' title="bbox 1985 2738 3566 2821">
    <p class='ocr_par' dir='ltr' id='par_1_94' title="bbox 1985 2738 3566 2821">
     <span class='ocr_line' id='line_1_94' title="bbox 1985 2738 3566 2821; baseline -0.011 -17"><span class='ocrx_word' id='word_1_722' title='bbox 1985 2752 2113 2821; x_wconf 75' lang='grc' dir='ltr'>περὶ</span> <span class='ocrx_word' id='word_1_723' title='bbox 2154 2748 2317 2803; x_wconf 80' lang='grc' dir='ltr'>αὐτοῦ</span> <span class='ocrx_word' id='word_1_724' title='bbox 2365 2749 2670 2820; x_wconf 76' lang='grc' dir='ltr'>εἰρήκασιν.</span> <span class='ocrx_word' id='word_1_725' title='bbox 2716 2739 2789 2797; x_wconf 78' lang='grc' dir='ltr'>ὧν</span> <span class='ocrx_word' id='word_1_726' title='bbox 2832 2743 2995 2805; x_wconf 83' lang='grc' dir='ltr'>αὑτὸς</span> <span class='ocrx_word' id='word_1_727' title='bbox 3042 2741 3286 2812; x_wconf 71' lang='grc' dir='ltr'>εἴρηκεν,</span> <span class='ocrx_word' id='word_1_728' title='bbox 3319 2738 3455 2821; x_wconf 83' lang='grc' dir='ltr'>ὅπου</span> <span class='ocrx_word' id='word_1_729' title='bbox 3486 2751 3566 2821; x_wconf 72' lang='grc' dir='ltr'>γε</span> 
     </span>
    </p>
   </div>
   <div class='ocr_carea' id='block_1_95' title="bbox 1986 2819 3570 2901">
    <p class='ocr_par' dir='ltr' id='par_1_95' title="bbox 1986 2819 3570 2901">
     <span class='ocr_line' id='line_1_95' title="bbox 1986 2819 3570 2901; baseline -0.011 -13"><span class='ocrx_word' id='word_1_730' title='bbox 1986 2819 2156 2888; x_wconf 88' lang='grc' dir='ltr'>πολλά</span> <span class='ocrx_word' id='word_1_731' title='bbox 2192 2832 2280 2885; x_wconf 83' lang='grc' dir='ltr'>διά</span> <span class='ocrx_word' id='word_1_732' title='bbox 2310 2819 2428 2884; x_wconf 87' lang='grc' dir='ltr'>τῶν</span> <span class='ocrx_word' id='word_1_733' title='bbox 2450 2828 2794 2901; x_wconf 87' lang='grc' dir='ltr'>πραγμάτων</span> <span class='ocrx_word' id='word_1_734' title='bbox 2834 2824 3298 2894; x_wconf 84' lang='grc' dir='ltr'>ἐπιδεικνύμενος,</span> <span class='ocrx_word' id='word_1_735' title='bbox 3341 2820 3431 2874; x_wconf 83' lang='grc' dir='ltr'>διὰ</span> <span class='ocrx_word' id='word_1_736' title='bbox 3457 2819 3570 2872; x_wconf 88' lang='grc' dir='ltr'>τῶν</span> 
     </span>
    </p>
   </div>
   <div class='ocr_carea' id='block_1_96' title="bbox 1994 2903 3569 2989">
    <p class='ocr_par' dir='ltr' id='par_1_96' title="bbox 1994 2903 3569 2989">
     <span class='ocr_line' id='line_1_96' title="bbox 1994 2903 3569 2989; baseline -0.011 -18"><span class='ocrx_word' id='word_1_737' title='bbox 1994 2916 2252 2989; x_wconf 77' lang='grc' dir='ltr'>ῥημάτων</span> <span class='ocrx_word' id='word_1_738' title='bbox 2280 2914 2467 2984; x_wconf 90' lang='grc' dir='ltr'>σαφῶς</span> <span class='ocrx_word' id='word_1_739' title='bbox 2493 2914 2595 2966; x_wconf 86' lang='grc' dir='ltr'>ούκ</span> <span class='ocrx_word' id='word_1_740' title='bbox 2614 2912 2801 2979; x_wconf 71' lang='grc' dir='ltr'>ἔλεγεν</span> <span class='ocrx_word' id='word_1_741' title='bbox 2824 2927 2838 2975; x_wconf 88' lang='lat'><strong>;</strong></span> <span class='ocrx_word' id='word_1_742' title='bbox 2869 2911 2995 2963; x_wconf 88' lang='grc' dir='ltr'>Ὅτι</span> <span class='ocrx_word' id='word_1_743' title='bbox 3027 2908 3137 2978; x_wconf 85' lang='grc' dir='ltr'>γὰρ</span> <span class='ocrx_word' id='word_1_744' title='bbox 3162 2906 3251 2959; x_wconf 74' lang='grc' dir='ltr'>τὸν</span> <span class='ocrx_word' id='word_1_745' title='bbox 3277 2903 3569 2989; x_wconf 68' lang='grc' dir='ltr'>ἀνθρωπον</span> 
     </span>
    </p>
   </div>
   <div class='ocr_carea' id='block_1_97' title="bbox 1993 2985 3565 3069">
    <p class='ocr_par' dir='ltr' id='par_1_97' title="bbox 1993 2985 3565 3069">
     <span class='ocr_line' id='line_1_97' title="bbox 1993 2985 3565 3069; baseline -0.011 -15"><span class='ocrx_word' id='word_1_746' title='bbox 1993 2985 2152 3063; x_wconf 81' lang='grc' dir='ltr'>αύτὺς</span> <span class='ocrx_word' id='word_1_747' title='bbox 2195 2998 2467 3069; x_wconf 88' lang='grc' dir='ltr'>ἐποίησεν,</span> <span class='ocrx_word' id='word_1_748' title='bbox 2517 2996 2684 3058; x_wconf 76' lang='grc' dir='ltr'>ἔδειξε</span> <span class='ocrx_word' id='word_1_749' title='bbox 2732 2993 2917 3061; x_wconf 86' lang='grc' dir='ltr'>σαφῶς</span> <span class='ocrx_word' id='word_1_750' title='bbox 2958 2994 3053 3046; x_wconf 75' lang='grc' dir='ltr'>καὶ</span> <span class='ocrx_word' id='word_1_751' title='bbox 3090 2990 3178 3044; x_wconf 76' lang='grc' dir='ltr'>διὰ</span> <span class='ocrx_word' id='word_1_752' title='bbox 3208 2988 3325 3069; x_wconf 33' lang='grc' dir='ltr'>τοῦ-</span> <span class='ocrx_word' id='word_1_753' title='bbox 3340 2985 3565 3069; x_wconf 63' lang='grc' dir='ltr'>τυφλού·</span> 
     </span>
    </p>
   </div>
   <div class='ocr_carea' id='block_1_98' title="bbox 1991 3066 3567 3155">
    <p class='ocr_par' dir='ltr' id='par_1_98' title="bbox 1991 3066 3567 3155">
     <span class='ocr_line' id='line_1_98' title="bbox 1991 3066 3567 3155; baseline -0.011 -18"><span class='ocrx_word' id='word_1_754' title='bbox 1991 3083 2152 3155; x_wconf 80' lang='grc' dir='ltr'>ἡνίκα</span> <span class='ocrx_word' id='word_1_755' title='bbox 2183 3082 2240 3135; x_wconf 83' lang='grc' dir='ltr'>δὲ</span> <span class='ocrx_word' id='word_1_756' title='bbox 2262 3066 2511 3152; x_wconf 74' lang='grc' dir='ltr'>περὶτῆς</span> <span class='ocrx_word' id='word_1_757' title='bbox 2532 3082 2591 3132; x_wconf 85' lang='grc' dir='ltr'>ἐν</span> <span class='ocrx_word' id='word_1_758' title='bbox 2622 3079 2765 3150; x_wconf 82' lang='grc' dir='ltr'>ἀρχῇ</span> <span class='ocrx_word' id='word_1_759' title='bbox 2795 3077 3043 3139; x_wconf 79' lang='grc' dir='ltr'>πλάσεως</span> <span class='ocrx_word' id='word_1_760' title='bbox 3065 3077 3093 3128; x_wconf 73' lang='grc' dir='ltr'>ι</span> <span class='ocrx_word' id='word_1_761' title='bbox 3120 3073 3275 3140; x_wconf 86' lang='grc' dir='ltr'>λόγος</span> <span class='ocrx_word' id='word_1_762' title='bbox 3300 3066 3366 3141; x_wconf 79' lang='grc' dir='ltr'>ἦν</span> <span class='ocrx_word' id='word_1_763' title='bbox 3395 3066 3567 3155; x_wconf 65' lang='grc' dir='ltr'>αὐτῷ,</span> 
     </span>
    </p>
   </div>
   <div class='ocr_carea' id='block_1_99' title="bbox 1987 3151 3569 3233">
    <p class='ocr_par' dir='ltr' id='par_1_99' title="bbox 1987 3151 3569 3233">
     <span class='ocr_line' id='line_1_99' title="bbox 1987 3151 3569 3233; baseline -0.011 -10"><span class='ocrx_word' id='word_1_764' title='bbox 1987 3151 2090 3223; x_wconf 78' lang='grc' dir='ltr'>ούκ</span> <span class='ocrx_word' id='word_1_765' title='bbox 2122 3162 2293 3228; x_wconf 75' lang='grc' dir='ltr'>εἶπεν,</span> <span class='ocrx_word' id='word_1_766' title='bbox 2331 3165 2412 3218; x_wconf 83' lang='grc' dir='ltr'>ὅτι</span> <span class='ocrx_word' id='word_1_767' title='bbox 2442 3163 2579 3233; x_wconf 84' lang='grc' dir='ltr'>Ἐγὼ</span> <span class='ocrx_word' id='word_1_768' title='bbox 2610 3163 2860 3233; x_wconf 87' lang='grc' dir='ltr'>ἐποίησα,</span> <span class='ocrx_word' id='word_1_769' title='bbox 2891 3160 3025 3222; x_wconf 80' lang='grc' dir='ltr'>ἀλλ’,</span> <span class='ocrx_word' id='word_1_770' title='bbox 3063 3159 3116 3210; x_wconf 91' lang='lat'>&#39;0</span> <span class='ocrx_word' id='word_1_771' title='bbox 3147 3156 3428 3223; x_wconf 82' lang='grc' dir='ltr'>ποιήσας,</span> <span class='ocrx_word' id='word_1_772' title='bbox 3467 3151 3569 3220; x_wconf 78' lang='grc' dir='ltr'>ἆρ-</span> 
     </span>
    </p>
   </div>
   <div class='ocr_carea' id='block_1_100' title="bbox 1988 3236 3570 3318">
    <p class='ocr_par' dir='ltr' id='par_1_100' title="bbox 1988 3236 3570 3318">
     <span class='ocr_line' id='line_1_100' title="bbox 1988 3236 3570 3318; baseline -0.012 -12"><span class='ocrx_word' id='word_1_773' title='bbox 1988 3250 2224 3306; x_wconf 81' lang='grc' dir='ltr'>σεν-καί</span> <span class='ocrx_word' id='word_1_774' title='bbox 2254 3248 2411 3318; x_wconf 78' lang='grc' dir='ltr'>θῆλυ</span> <span class='ocrx_word' id='word_1_775' title='bbox 2435 3247 2724 3315; x_wconf 82' lang='grc' dir='ltr'>ἐποίησεν</span> <span class='ocrx_word' id='word_1_776' title='bbox 2747 3246 2987 3310; x_wconf 78' lang='grc' dir='ltr'>αὐτούς.</span> <span class='ocrx_word' id='word_1_777' title='bbox 3023 3242 3215 3305; x_wconf 83' lang='grc' dir='ltr'>Πάλιν,</span> <span class='ocrx_word' id='word_1_778' title='bbox 3243 3241 3324 3293; x_wconf 79' lang='grc' dir='ltr'>ὅτι</span> <span class='ocrx_word' id='word_1_779' title='bbox 3360 3238 3452 3290; x_wconf 85' lang='grc' dir='ltr'>τὸν</span> <span class='ocrx_word' id='word_1_780' title='bbox 3477 3236 3570 3288; x_wconf 85' lang='grc' dir='ltr'>κό-</span> 
     </span>
    </p>
   </div>
   <div class='ocr_carea' id='block_1_101' title="bbox 1992 3319 3563 3405">
    <p class='ocr_par' dir='ltr' id='par_1_101' title="bbox 1992 3319 3563 3405">
     <span class='ocr_line' id='line_1_101' title="bbox 1992 3319 3563 3405; baseline -0.011 -17"><span class='ocrx_word' id='word_1_781' title='bbox 1992 3351 2126 3405; x_wconf 89' lang='grc' dir='ltr'>σμον</span> <span class='ocrx_word' id='word_1_782' title='bbox 2160 3331 2558 3404; x_wconf 79' lang='grc' dir='ltr'>ἐδημιούργησε</span> <span class='ocrx_word' id='word_1_783' title='bbox 2590 3330 2687 3383; x_wconf 75' lang='grc' dir='ltr'>καὶ</span> <span class='ocrx_word' id='word_1_784' title='bbox 2717 3329 2785 3382; x_wconf 84' lang='grc' dir='ltr'>τὰ</span> <span class='ocrx_word' id='word_1_785' title='bbox 2815 3331 2871 3381; x_wconf 87' lang='grc' dir='ltr'>ἐν</span> <span class='ocrx_word' id='word_1_786' title='bbox 2898 3327 3063 3395; x_wconf 82' lang='grc' dir='ltr'>αύτῷ.</span> <span class='ocrx_word' id='word_1_787' title='bbox 3096 3325 3185 3379; x_wconf 82' lang='grc' dir='ltr'>διὰ</span> <span class='ocrx_word' id='word_1_788' title='bbox 3210 3323 3317 3377; x_wconf 80' lang='grc' dir='ltr'>τῶν</span> <span class='ocrx_word' id='word_1_789' title='bbox 3346 3319 3563 3405; x_wconf 72' lang='grc' dir='ltr'>ἰχθύων,</span> 
     </span>
    </p>
   </div>
   <div class='ocr_carea' id='block_1_102' title="bbox 1989 3402 3566 3484">
    <p class='ocr_par' dir='ltr' id='par_1_102' title="bbox 1989 3402 3566 3484">
     <span class='ocr_line' id='line_1_102' title="bbox 1989 3402 3566 3484; baseline -0.013 -12"><span class='ocrx_word' id='word_1_790' title='bbox 1989 3402 2075 3472; x_wconf 64' lang='lat' dir='ltr'>aia:</span> <span class='ocrx_word' id='word_1_791' title='bbox 2101 3417 2192 3471; x_wconf 78' lang='grc' dir='ltr'>τοῦ</span> <span class='ocrx_word' id='word_1_792' title='bbox 2223 3402 2388 3479; x_wconf 79' lang='grc' dir='ltr'>οίνου,</span> <span class='ocrx_word' id='word_1_793' title='bbox 2418 3416 2505 3469; x_wconf 87' lang='grc' dir='ltr'>διὰ</span> <span class='ocrx_word' id='word_1_794' title='bbox 2528 3414 2634 3467; x_wconf 90' lang='grc' dir='ltr'>τῶν</span> <span class='ocrx_word' id='word_1_795' title='bbox 2663 3413 2863 3484; x_wconf 84' lang='grc' dir='ltr'>ἀρτων,</span> <span class='ocrx_word' id='word_1_796' title='bbox 2893 3412 2980 3465; x_wconf 69' lang='grc' dir='ltr'>διὰ</span> <span class='ocrx_word' id='word_1_797' title='bbox 3009 3412 3105 3481; x_wconf 88' lang='grc' dir='ltr'>τῆς</span> <span class='ocrx_word' id='word_1_798' title='bbox 3136 3408 3375 3479; x_wconf 84' lang='grc' dir='ltr'>γαλήνης</span> <span class='ocrx_word' id='word_1_799' title='bbox 3413 3402 3566 3476; x_wconf 67' lang='lat'>[203]</span> 
     </span>
    </p>
   </div>
   <div class='ocr_carea' id='block_1_103' title="bbox 1989 3487 3567 3573">
    <p class='ocr_par' dir='ltr' id='par_1_103' title="bbox 1989 3487 3567 3573">
     <span class='ocr_line' id='line_1_103' title="bbox 1989 3487 3567 3573; baseline -0.011 -17"><span class='ocrx_word' id='word_1_800' title='bbox 1989 3503 2088 3573; x_wconf 86' lang='grc' dir='ltr'>τῆς</span> <span class='ocrx_word' id='word_1_801' title='bbox 2113 3503 2169 3555; x_wconf 90' lang='grc' dir='ltr'>ἐν</span> <span class='ocrx_word' id='word_1_802' title='bbox 2191 3503 2257 3572; x_wconf 79' lang='grc' dir='ltr'>τῇ</span> <span class='ocrx_word' id='word_1_803' title='bbox 2283 3499 2548 3572; x_wconf 85' lang='grc' dir='ltr'>θαλάσσῃ,</span> <span class='ocrx_word' id='word_1_804' title='bbox 2574 3497 2664 3551; x_wconf 89' lang='grc' dir='ltr'>διά</span> <span class='ocrx_word' id='word_1_805' title='bbox 2682 3497 2779 3564; x_wconf 86' lang='grc' dir='ltr'>τῆς</span> <span class='ocrx_word' id='word_1_806' title='bbox 2807 3498 3041 3558; x_wconf 80' lang='grc' dir='ltr'>ἀκτῖνος.</span> <span class='ocrx_word' id='word_1_807' title='bbox 3065 3495 3132 3564; x_wconf 77' lang='grc' dir='ltr'>ὴν</span> <span class='ocrx_word' id='word_1_808' title='bbox 3158 3495 3200 3525; x_wconf 81' lang='grc'>¹¹</span> <span class='ocrx_word' id='word_1_809' title='bbox 3226 3487 3567 3573; x_wconf 77' lang='grc' dir='ltr'>ἀπέστρεψεν</span> 
     </span>
    </p>
   </div>
   <div class='ocr_carea' id='block_1_104' title="bbox 1990 3572 3569 3655">
    <p class='ocr_par' dir='ltr' id='par_1_104' title="bbox 1990 3572 3569 3655">
     <span class='ocr_line' id='line_1_104' title="bbox 1990 3572 3569 3655; baseline -0.009 -16"><span class='ocrx_word' id='word_1_810' title='bbox 1990 3572 2054 3641; x_wconf 86' lang='grc' dir='ltr'>ἐν</span> <span class='ocrx_word' id='word_1_811' title='bbox 2096 3586 2173 3655; x_wconf 85' lang='grc' dir='ltr'>τῷ</span> <span class='ocrx_word' id='word_1_812' title='bbox 2214 3584 2453 3655; x_wconf 82' lang='grc' dir='ltr'>σταυρῷ,</span> <span class='ocrx_word' id='word_1_813' title='bbox 2487 3584 2574 3637; x_wconf 75' lang='grc' dir='ltr'>διὰ</span> <span class='ocrx_word' id='word_1_814' title='bbox 2619 3582 2882 3635; x_wconf 88' lang='grc' dir='ltr'>πλειόνων</span> <span class='ocrx_word' id='word_1_815' title='bbox 2923 3579 3122 3649; x_wconf 84' lang='grc' dir='ltr'>ἑτέρων</span> <span class='ocrx_word' id='word_1_816' title='bbox 3167 3574 3435 3639; x_wconf 79' lang='grc' dir='ltr'>ἀπέδειξε·</span> <span class='ocrx_word' id='word_1_817' title='bbox 3472 3572 3569 3645; x_wconf 77' lang='grc' dir='ltr'>ρή-</span> 
     </span>
    </p>
   </div>
   <div class='ocr_carea' id='block_1_105' title="bbox 1995 3655 3570 3742">
    <p class='ocr_par' dir='ltr' id='par_1_105' title="bbox 1995 3655 3570 3742">
     <span class='ocr_line' id='line_1_105' title="bbox 1995 3655 3570 3742; baseline -0.011 -19"><span class='ocrx_word' id='word_1_818' title='bbox 1995 3687 2125 3742; x_wconf 91' lang='grc' dir='ltr'>μασι</span> <span class='ocrx_word' id='word_1_819' title='bbox 2149 3669 2204 3721; x_wconf 82' lang='grc' dir='ltr'>δὲ</span> <span class='ocrx_word' id='word_1_820' title='bbox 2226 3667 2461 3738; x_wconf 79' lang='grc' dir='ltr'>οὐδαμοῦ</span> <span class='ocrx_word' id='word_1_821' title='bbox 2492 3665 2652 3719; x_wconf 83' lang='grc' dir='ltr'>τοῦτο</span> <span class='ocrx_word' id='word_1_822' title='bbox 2677 3663 2863 3732; x_wconf 82' lang='grc' dir='ltr'>σαφῶς</span> <span class='ocrx_word' id='word_1_823' title='bbox 2889 3658 3059 3724; x_wconf 77' lang='grc' dir='ltr'>εἶπεν,</span> <span class='ocrx_word' id='word_1_824' title='bbox 3091 3659 3205 3713; x_wconf 87' lang='grc' dir='ltr'>ἀλλ’</span> <span class='ocrx_word' id='word_1_825' title='bbox 3246 3660 3295 3713; x_wconf 80' lang='grc' dir='ltr'>οἱ</span> <span class='ocrx_word' id='word_1_826' title='bbox 3331 3655 3570 3742; x_wconf 78' lang='grc' dir='ltr'>μαθηταὶ</span> 
     </span>
    </p>
   </div>
   <div class='ocr_carea' id='block_1_106' title="bbox 1992 3739 3570 3823">
    <p class='ocr_par' dir='ltr' id='par_1_106' title="bbox 1992 3739 3570 3823">
     <span class='ocr_line' id='line_1_106' title="bbox 1992 3739 3570 3823; baseline -0.01 -16"><span class='ocrx_word' id='word_1_827' title='bbox 1992 3739 2232 3823; x_wconf 80' lang='grc' dir='ltr'>συνεχῶς</span> <span class='ocrx_word' id='word_1_828' title='bbox 2264 3750 2420 3804; x_wconf 80' lang='grc' dir='ltr'>τοῦτο</span> <span class='ocrx_word' id='word_1_829' title='bbox 2454 3750 2800 3820; x_wconf 87' lang='grc' dir='ltr'>φθέγγονται,</span> <span class='ocrx_word' id='word_1_830' title='bbox 2840 3745 2934 3800; x_wconf 71' lang='grc' dir='ltr'>καὶ</span> <span class='ocrx_word' id='word_1_831' title='bbox 2978 3746 3249 3815; x_wconf 83' lang='grc' dir='ltr'>Ἰωάννης,</span> <span class='ocrx_word' id='word_1_832' title='bbox 3290 3742 3385 3795; x_wconf 75' lang='grc' dir='ltr'>καὶ</span> <span class='ocrx_word' id='word_1_833' title='bbox 3423 3739 3570 3823; x_wconf 71' lang='grc' dir='ltr'>Παύ-</span> 
     </span>
    </p>
   </div>
   <div class='ocr_carea' id='block_1_107' title="bbox 1987 3821 3567 3905">
    <p class='ocr_par' dir='ltr' id='par_1_107' title="bbox 1987 3821 3567 3905">
     <span class='ocr_line' id='line_1_107' title="bbox 1987 3821 3567 3905; baseline -0.01 -16"><span class='ocrx_word' id='word_1_834' title='bbox 1987 3836 2078 3899; x_wconf 91' lang='grc' dir='ltr'>λος</span> <span class='ocrx_word' id='word_1_835' title='bbox 2106 3821 2198 3888; x_wconf 79' lang='grc' dir='ltr'>καὶ</span> <span class='ocrx_word' id='word_1_836' title='bbox 2236 3834 2460 3905; x_wconf 89' lang='grc' dir='ltr'>Πέτρος.</span> <span class='ocrx_word' id='word_1_837' title='bbox 2495 3834 2558 3886; x_wconf 74' lang='lat' dir='ltr'>EE</span> <span class='ocrx_word' id='word_1_838' title='bbox 2597 3831 2706 3902; x_wconf 75' lang='grc' dir='ltr'>γὰρ</span> <span class='ocrx_word' id='word_1_839' title='bbox 2737 3832 2955 3895; x_wconf 84' lang='grc' dir='ltr'>ἐκεῖνοι,</span> <span class='ocrx_word' id='word_1_840' title='bbox 2997 3831 3045 3882; x_wconf 89' lang='grc' dir='ltr'>οί</span> <span class='ocrx_word' id='word_1_841' title='bbox 3074 3826 3290 3898; x_wconf 86' lang='grc' dir='ltr'>νύκτωρ</span> <span class='ocrx_word' id='word_1_842' title='bbox 3326 3823 3420 3878; x_wconf 79' lang='grc' dir='ltr'>καὶ</span> <span class='ocrx_word' id='word_1_843' title='bbox 3449 3821 3567 3892; x_wconf 85' lang='grc' dir='ltr'>μεθ’</span> 
     </span>
    </p>
   </div>
   <div class='ocr_carea' id='block_1_108' title="bbox 1989 3909 3568 3990">
    <p class='ocr_par' dir='ltr' id='par_1_108' title="bbox 1989 3909 3568 3990">
     <span class='ocr_line' id='line_1_108' title="bbox 1989 3909 3568 3990; baseline -0.006 -19"><span class='ocrx_word' id='word_1_844' title='bbox 1989 3918 2203 3990; x_wconf 77' lang='grc' dir='ltr'>ἡμέραν</span> <span class='ocrx_word' id='word_1_845' title='bbox 2242 3916 2531 3980; x_wconf 88' lang='grc' dir='ltr'>ἀκούοντες</span> <span class='ocrx_word' id='word_1_846' title='bbox 2574 3913 2738 3970; x_wconf 83' lang='grc' dir='ltr'>αὑτοῦ</span> <span class='ocrx_word' id='word_1_847' title='bbox 2776 3910 3182 3990; x_wconf 82' lang='grc' dir='ltr'>διαλεγομένου,</span> <span class='ocrx_word' id='word_1_848' title='bbox 3228 3912 3322 3963; x_wconf 73' lang='grc' dir='ltr'>καὶ</span> <span class='ocrx_word' id='word_1_849' title='bbox 3361 3909 3568 3979; x_wconf 86' lang='grc' dir='ltr'>θαυμα-</span> 
     </span>
    </p>
   </div>
   <div class='ocr_carea' id='block_1_109' title="bbox 1988 3989 3569 4072">
    <p class='ocr_par' dir='ltr' id='par_1_109' title="bbox 1988 3989 3569 4072">
     <span class='ocr_line' id='line_1_109' title="bbox 1988 3989 3569 4072; baseline -0.007 -17"><span class='ocrx_word' id='word_1_850' title='bbox 1988 3989 2325 4072; x_wconf 85' lang='grc' dir='ltr'>τουργοῦντα</span> <span class='ocrx_word' id='word_1_851' title='bbox 2378 3997 2685 4069; x_wconf 84' lang='grc' dir='ltr'>βλέποντες.</span> <span class='ocrx_word' id='word_1_852' title='bbox 2734 3996 2827 4050; x_wconf 77' lang='grc' dir='ltr'>καὶ</span> <span class='ocrx_word' id='word_1_853' title='bbox 2872 3989 2954 4059; x_wconf 76' lang='grc' dir='ltr'>οἷς</span> <span class='ocrx_word' id='word_1_854' title='bbox 2978 3995 3021 4026; x_wconf 86' lang='grc'>¹³</span> <span class='ocrx_word' id='word_1_855' title='bbox 3054 3994 3177 4048; x_wconf 88' lang='grc' dir='ltr'>κατ’</span> <span class='ocrx_word' id='word_1_856' title='bbox 3218 3992 3353 4046; x_wconf 85' lang='grc' dir='ltr'>ίδίαν</span> <span class='ocrx_word' id='word_1_857' title='bbox 3397 3992 3569 4046; x_wconf 70' lang='grc' dir='ltr'>πολλὰ</span> 
     </span>
    </p>
   </div>
   <div class='ocr_carea' id='block_1_110' title="bbox 1987 4072 3571 4150">
    <p class='ocr_par' dir='ltr' id='par_1_110' title="bbox 1987 4072 3571 4150">
     <span class='ocr_line' id='line_1_110' title="bbox 1987 4072 3571 4150; baseline -0.005 -15"><span class='ocrx_word' id='word_1_858' title='bbox 1987 4083 2236 4145; x_wconf 87' lang='grc' dir='ltr'>ἐπέλυσε,</span> <span class='ocrx_word' id='word_1_859' title='bbox 2294 4081 2389 4136; x_wconf 70' lang='grc' dir='ltr'>καὶ</span> <span class='ocrx_word' id='word_1_860' title='bbox 2430 4079 2699 4150; x_wconf 91' lang='grc' dir='ltr'>τοσαύτην</span> <span class='ocrx_word' id='word_1_861' title='bbox 2747 4078 2914 4131; x_wconf 80' lang='grc' dir='ltr'>ἔδωκε</span> <span class='ocrx_word' id='word_1_862' title='bbox 2952 4072 3197 4146; x_wconf 87' lang='grc' dir='ltr'>δύναμιν,</span> <span class='ocrx_word' id='word_1_863' title='bbox 3233 4076 3308 4137; x_wconf 82' lang='grc' dir='ltr'>ὡς</span> <span class='ocrx_word' id='word_1_864' title='bbox 3356 4077 3451 4129; x_wconf 76' lang='grc' dir='ltr'>καὶ</span> <span class='ocrx_word' id='word_1_865' title='bbox 3489 4092 3571 4127; x_wconf 82' lang='grc' dir='ltr'>νε·</span> 
     </span>
    </p>
   </div>
   <div class='ocr_carea' id='block_1_111' title="bbox 1987 4159 3567 4237">
    <p class='ocr_par' dir='ltr' id='par_1_111' title="bbox 1987 4159 3567 4237">
     <span class='ocr_line' id='line_1_111' title="bbox 1987 4159 3567 4237; baseline -0.005 -18"><span class='ocrx_word' id='word_1_866' title='bbox 1987 4167 2152 4237; x_wconf 77' lang='grc' dir='ltr'>κροὺς</span> <span class='ocrx_word' id='word_1_867' title='bbox 2184 4165 2437 4235; x_wconf 83' lang='grc' dir='ltr'>ἐγείρειν,</span> <span class='ocrx_word' id='word_1_868' title='bbox 2469 4164 2563 4216; x_wconf 55' lang='grc' dir='ltr'>καλ¹</span> <span class='ocrx_word' id='word_1_869' title='bbox 2593 4160 2763 4225; x_wconf 76' lang='grc' dir='ltr'>οὕτως</span> <span class='ocrx_word' id='word_1_870' title='bbox 2786 4160 3226 4231; x_wconf 87' lang='grc' dir='ltr'>ἀπηρτισμένους</span> <span class='ocrx_word' id='word_1_871' title='bbox 3253 4159 3567 4229; x_wconf 76' lang='grc' dir='ltr'>εἰργάσατο,</span> 
     </span>
    </p>
   </div>
   <div class='ocr_carea' id='block_1_112' title="bbox 1982 4244 3570 4317">
    <p class='ocr_par' dir='ltr' id='par_1_112' title="bbox 1982 4244 3570 4317">
     <span class='ocr_line' id='line_1_112' title="bbox 1982 4244 3570 4317; baseline -0.005 -14"><span class='ocrx_word' id='word_1_872' title='bbox 1982 4251 2061 4313; x_wconf 76' lang='grc' dir='ltr'>ὡς</span> <span class='ocrx_word' id='word_1_873' title='bbox 2101 4250 2276 4302; x_wconf 87' lang='grc' dir='ltr'>πάντα</span> <span class='ocrx_word' id='word_1_874' title='bbox 2297 4251 2513 4317; x_wconf 82' lang='grc' dir='ltr'>ἀφεῖναι</span> <span class='ocrx_word' id='word_1_875' title='bbox 2532 4246 2598 4299; x_wconf 87' lang='grc' dir='ltr'>δι’</span> <span class='ocrx_word' id='word_1_876' title='bbox 2627 4246 2810 4307; x_wconf 81' lang='grc' dir='ltr'>αὐτὸν,</span> <span class='ocrx_word' id='word_1_877' title='bbox 2843 4244 2985 4315; x_wconf 90' lang='grc' dir='ltr'>μετά</span> <span class='ocrx_word' id='word_1_878' title='bbox 3014 4245 3113 4314; x_wconf 82' lang='grc' dir='ltr'>τὴν</span> <span class='ocrx_word' id='word_1_879' title='bbox 3140 4244 3409 4314; x_wconf 88' lang='grc' dir='ltr'>τοσαύτην</span> <span class='ocrx_word' id='word_1_880' title='bbox 3440 4244 3570 4314; x_wconf 87' lang='grc' dir='ltr'>ἀρε-</span> 
     </span>
    </p>
   </div>
   <div class='ocr_carea' id='block_1_113' title="bbox 1992 4326 3569 4404">
    <p class='ocr_par' dir='ltr' id='par_1_113' title="bbox 1992 4326 3569 4404">
     <span class='ocr_line' id='line_1_113' title="bbox 1992 4326 3569 4404; baseline -0.004 -18"><span class='ocrx_word' id='word_1_881' title='bbox 1992 4333 2090 4404; x_wconf 85' lang='grc' dir='ltr'>τὴν</span> <span class='ocrx_word' id='word_1_882' title='bbox 2124 4332 2215 4385; x_wconf 80' lang='grc' dir='ltr'>καὶ</span> <span class='ocrx_word' id='word_1_883' title='bbox 2248 4330 2562 4400; x_wconf 81' lang='grc' dir='ltr'>φιλοσοφίαν</span> <span class='ocrx_word' id='word_1_884' title='bbox 2589 4330 2687 4382; x_wconf 82' lang='grc' dir='ltr'>οὐκ</span> <span class='ocrx_word' id='word_1_885' title='bbox 2724 4328 2906 4398; x_wconf 85' lang='grc' dir='ltr'>ίσχυον</span> <span class='ocrx_word' id='word_1_886' title='bbox 2930 4326 2999 4380; x_wconf 87' lang='grc' dir='ltr'>τὰ</span> <span class='ocrx_word' id='word_1_887' title='bbox 3024 4327 3068 4358; x_wconf 72' lang='grc' dir='ltr'>¹δ</span> <span class='ocrx_word' id='word_1_888' title='bbox 3096 4327 3274 4379; x_wconf 89' lang='grc' dir='ltr'>πάντα</span> <span class='ocrx_word' id='word_1_889' title='bbox 3303 4326 3569 4396; x_wconf 82' lang='grc' dir='ltr'>βαστάσαι</span> 
     </span>
    </p>
   </div>
   <div class='ocr_carea' id='block_1_114' title="bbox 1985 4405 3570 4480">
    <p class='ocr_par' dir='ltr' id='par_1_114' title="bbox 1985 4405 3570 4480">
     <span class='ocr_line' id='line_1_114' title="bbox 1985 4405 3570 4480; baseline -0.005 -16"><span class='ocrx_word' id='word_1_890' title='bbox 1985 4412 2091 4480; x_wconf 81' lang='grc' dir='ltr'>πρὸ</span> <span class='ocrx_word' id='word_1_891' title='bbox 2114 4410 2212 4479; x_wconf 88' lang='grc' dir='ltr'>τῆς</span> <span class='ocrx_word' id='word_1_892' title='bbox 2236 4409 2327 4462; x_wconf 77' lang='grc' dir='ltr'>τοῦ</span> <span class='ocrx_word' id='word_1_893' title='bbox 2350 4408 2666 4478; x_wconf 85' lang='grc' dir='ltr'>Πνεύματος</span> <span class='ocrx_word' id='word_1_894' title='bbox 2697 4406 2976 4477; x_wconf 87' lang='grc' dir='ltr'>χορηγίας·</span> <span class='ocrx_word' id='word_1_895' title='bbox 3008 4405 3124 4468; x_wconf 87' lang='grc' dir='ltr'>πῶς</span> <span class='ocrx_word' id='word_1_896' title='bbox 3152 4405 3320 4474; x_wconf 81' lang='grc' dir='ltr'>δῆμος</span> <span class='ocrx_word' id='word_1_897' title='bbox 3357 4406 3570 4457; x_wconf 79' lang='grc' dir='ltr'>Ἰουδαῖ-</span> 
     </span>
    </p>
   </div>
   <div class='ocr_carea' id='block_1_115' title="bbox 1984 4484 3570 4556">
    <p class='ocr_par' dir='ltr' id='par_1_115' title="bbox 1984 4484 3570 4556">
     <span class='ocr_line' id='line_1_115' title="bbox 1984 4484 3570 4556; baseline -0.004 -13"><span class='ocrx_word' id='word_1_898' title='bbox 1984 4490 2103 4552; x_wconf 87' lang='grc' dir='ltr'>κός,</span> <span class='ocrx_word' id='word_1_899' title='bbox 2138 4490 2230 4541; x_wconf 78' lang='grc' dir='ltr'>καὶ</span> <span class='ocrx_word' id='word_1_900' title='bbox 2252 4487 2517 4549; x_wconf 88' lang='grc' dir='ltr'>συνέσεως</span> <span class='ocrx_word' id='word_1_901' title='bbox 2547 4485 2794 4556; x_wconf 80' lang='grc' dir='ltr'>ἄμοιρος.</span> <span class='ocrx_word' id='word_1_902' title='bbox 2836 4486 2930 4538; x_wconf 68' lang='grc' dir='ltr'>καὶ</span> <span class='ocrx_word' id='word_1_903' title='bbox 2952 4484 3053 4552; x_wconf 86' lang='grc' dir='ltr'>τῆς</span> <span class='ocrx_word' id='word_1_904' title='bbox 3076 4484 3347 4555; x_wconf 88' lang='grc' dir='ltr'>τοσαύτης</span> <span class='ocrx_word' id='word_1_905' title='bbox 3368 4484 3570 4555; x_wconf 88' lang='grc' dir='ltr'>ἀρετῆς</span> 
     </span>
    </p>
   </div>
   <div class='ocr_carea' id='block_1_116' title="bbox 1984 4563 3572 4637">
    <p class='ocr_par' dir='ltr' id='par_1_116' title="bbox 1984 4563 3572 4637">
     <span class='ocr_line' id='line_1_116' title="bbox 1984 4563 3572 4637; baseline -0.004 -17"><span class='ocrx_word' id='word_1_906' title='bbox 1984 4566 2514 4637; x_wconf 87' lang='grc' dir='ltr'>ἀπολιμπανόμενος,</span> <span class='ocrx_word' id='word_1_907' title='bbox 2542 4564 2637 4617; x_wconf 69' lang='grc' dir='ltr'>καὶ</span> <span class='ocrx_word' id='word_1_908' title='bbox 2657 4566 2721 4617; x_wconf 89' lang='grc' dir='ltr'>ἐκ</span> <span class='ocrx_word' id='word_1_909' title='bbox 2741 4563 2837 4617; x_wconf 84' lang='grc' dir='ltr'>τοῦ</span> <span class='ocrx_word' id='word_1_910' title='bbox 2859 4564 3375 4635; x_wconf 86' lang='grc' dir='ltr'>παρατυγχάνοντος</span> <span class='ocrx_word' id='word_1_911' title='bbox 3402 4578 3572 4632; x_wconf 86' lang='grc' dir='ltr'>παρα·</span> 
     </span>
    </p>
   </div>
   <div class='ocr_carea' id='block_1_117' title="bbox 1984 4641 3569 4715">
    <p class='ocr_par' dir='ltr' id='par_1_117' title="bbox 1984 4641 3569 4715">
     <span class='ocr_line' id='line_1_117' title="bbox 1984 4641 3569 4715; baseline -0.006 -14"><span class='ocrx_word' id='word_1_912' title='bbox 1984 4647 2266 4715; x_wconf 77' lang='grc' dir='ltr'>γινόμενος</span> <span class='ocrx_word' id='word_1_913' title='bbox 2289 4648 2403 4708; x_wconf 87' lang='grc' dir='ltr'>τοῖς</span> <span class='ocrx_word' id='word_1_914' title='bbox 2431 4644 2735 4714; x_wconf 89' lang='grc' dir='ltr'>γινομένοις</span> <span class='ocrx_word' id='word_1_915' title='bbox 2766 4644 2799 4714; x_wconf 83' lang='grc' dir='ltr'><strong>ἦ</strong></span> <span class='ocrx_word' id='word_1_916' title='bbox 2829 4646 2938 4706; x_wconf 82' lang='grc' dir='ltr'>τοῖς</span> <span class='ocrx_word' id='word_1_917' title='bbox 2972 4642 3289 4711; x_wconf 83' lang='grc' dir='ltr'>λεγομένοις</span> <span class='ocrx_word' id='word_1_918' title='bbox 3313 4641 3464 4707; x_wconf 84' lang='grc' dir='ltr'>ποτὲ,</span> <span class='ocrx_word' id='word_1_919' title='bbox 3494 4641 3569 4710; x_wconf 86' lang='grc' dir='ltr'>μὴ</span> 
     </span>
    </p>
   </div>
   <div class='ocr_carea' id='block_1_118' title="bbox 1986 4719 3570 4795">
    <p class='ocr_par' dir='ltr' id='par_1_118' title="bbox 1986 4719 3570 4795">
     <span class='ocr_line' id='line_1_118' title="bbox 1986 4719 3570 4795; baseline -0.006 -16"><span class='ocrx_word' id='word_1_920' title='bbox 1986 4726 2265 4795; x_wconf 88' lang='grc' dir='ltr'>ἀλλότριον</span> <span class='ocrx_word' id='word_1_921' title='bbox 2290 4723 2452 4778; x_wconf 80' lang='grc' dir='ltr'>αὐτὸν</span> <span class='ocrx_word' id='word_1_922' title='bbox 2484 4720 2622 4777; x_wconf 85' lang='grc' dir='ltr'>εἶναι</span> <span class='ocrx_word' id='word_1_923' title='bbox 2656 4721 2749 4776; x_wconf 78' lang='grc' dir='ltr'>τοῦ</span> <span class='ocrx_word' id='word_1_924' title='bbox 2779 4722 2886 4775; x_wconf 89' lang='grc' dir='ltr'>τῶν</span> <span class='ocrx_word' id='word_1_925' title='bbox 2905 4722 3041 4775; x_wconf 85' lang='grc' dir='ltr'>ὅλων</span> <span class='ocrx_word' id='word_1_926' title='bbox 3062 4722 3199 4774; x_wconf 79' lang='grc' dir='ltr'>Θεοῦ</span> <span class='ocrx_word' id='word_1_927' title='bbox 3234 4720 3489 4791; x_wconf 88' lang='grc' dir='ltr'>ἐπείσθη,</span> <span class='ocrx_word' id='word_1_928' title='bbox 3520 4719 3570 4770; x_wconf 87' lang='grc' dir='ltr'>εί</span> 
     </span>
    </p>
   </div>
   <div class='ocr_carea' id='block_1_119' title="bbox 1987 4796 3567 4876">
    <p class='ocr_par' dir='ltr' id='par_1_119' title="bbox 1987 4796 3567 4876">
     <span class='ocr_line' id='line_1_119' title="bbox 1987 4796 3567 4876; baseline -0.004 -19"><span class='ocrx_word' id='word_1_929' title='bbox 1987 4804 2065 4876; x_wconf 84' lang='grc' dir='ltr'>μὴ</span> <span class='ocrx_word' id='word_1_930' title='bbox 2086 4805 2321 4874; x_wconf 89' lang='grc' dir='ltr'>τοσαύτῃ</span> <span class='ocrx_word' id='word_1_931' title='bbox 2344 4801 2749 4871; x_wconf 86' lang='grc' dir='ltr'>συγκαταϐάσει</span> <span class='ocrx_word' id='word_1_932' title='bbox 2772 4802 2860 4854; x_wconf 85' lang='grc' dir='ltr'>διὰ</span> <span class='ocrx_word' id='word_1_933' title='bbox 2890 4800 3109 4854; x_wconf 76' lang='grc' dir='ltr'>πάντων</span> <span class='ocrx_word' id='word_1_934' title='bbox 3133 4800 3433 4871; x_wconf 83' lang='grc' dir='ltr'>ἐχρήσατο;</span> <span class='ocrx_word' id='word_1_935' title='bbox 3466 4796 3567 4851; x_wconf 68' lang='grc' dir='ltr'>Διά</span> 
     </span>
    </p>
   </div>
   <div class='ocr_carea' id='block_1_120' title="bbox 1986 4878 3573 4955">
    <p class='ocr_par' dir='ltr' id='par_1_120' title="bbox 1986 4878 3573 4955">
     <span class='ocr_line' id='line_1_120' title="bbox 1986 4878 3573 4955; baseline -0.006 -18"><span class='ocrx_word' id='word_1_936' title='bbox 1986 4885 2093 4955; x_wconf 91' lang='grc' dir='ltr'>γάρ</span> <span class='ocrx_word' id='word_1_937' title='bbox 2121 4900 2200 4936; x_wconf 92' lang='grc' dir='ltr'>τοι</span> <span class='ocrx_word' id='word_1_938' title='bbox 2240 4881 2414 4943; x_wconf 78' lang='grc' dir='ltr'>τοῦτο,</span> <span class='ocrx_word' id='word_1_939' title='bbox 2451 4882 2545 4935; x_wconf 73' lang='grc' dir='ltr'>καὶ</span> <span class='ocrx_word' id='word_1_940' title='bbox 2573 4883 2661 4934; x_wconf 84' lang='grc' dir='ltr'>ὅτε</span> <span class='ocrx_word' id='word_1_941' title='bbox 2691 4879 2751 4932; x_wconf 88' lang='lat' dir='ltr'>rb</span> <span class='ocrx_word' id='word_1_942' title='bbox 2798 4880 3076 4933; x_wconf 80' lang='grc' dir='ltr'>Σάϐϐατόν</span> <span class='ocrx_word' id='word_1_943' title='bbox 3120 4879 3296 4941; x_wconf 87' lang='grc' dir='ltr'>ἐλυεν,</span> <span class='ocrx_word' id='word_1_944' title='bbox 3336 4878 3396 4931; x_wconf 88' lang='grc' dir='ltr'>ού</span> <span class='ocrx_word' id='word_1_945' title='bbox 3436 4893 3573 4947; x_wconf 85' lang='grc' dir='ltr'>προ·</span> 
     </span>
    </p>
   </div>
   <div class='ocr_carea' id='block_1_121' title="bbox 1985 4956 3572 5035">
    <p class='ocr_par' dir='ltr' id='par_1_121' title="bbox 1985 4956 3572 5035">
     <span class='ocr_line' id='line_1_121' title="bbox 1985 4956 3572 5035; baseline -0.005 -20"><span class='ocrx_word' id='word_1_946' title='bbox 1985 4962 2301 5035; x_wconf 89' lang='grc' dir='ltr'>ηγουμένως</span> <span class='ocrx_word' id='word_1_947' title='bbox 2354 4961 2453 5032; x_wconf 80' lang='grc' dir='ltr'>τὴν</span> <span class='ocrx_word' id='word_1_948' title='bbox 2497 4962 2750 5030; x_wconf 88' lang='grc' dir='ltr'>τοιαύτην</span> <span class='ocrx_word' id='word_1_949' title='bbox 2800 4960 2985 5029; x_wconf 84' lang='grc' dir='ltr'>εἰσῆγε</span> <span class='ocrx_word' id='word_1_950' title='bbox 3034 4958 3384 5028; x_wconf 82' lang='grc' dir='ltr'>νομοθεσίαν,</span> <span class='ocrx_word' id='word_1_951' title='bbox 3436 4956 3572 5035; x_wconf 79' lang='grc' dir='ltr'>ἀλλά</span> 
     </span>
    </p>
   </div>
   <div class='ocr_carea' id='block_1_122' title="bbox 1987 5034 3572 5107">
    <p class='ocr_par' dir='ltr' id='par_1_122' title="bbox 1987 5034 3572 5107">
     <span class='ocr_line' id='line_1_122' title="bbox 1987 5034 3572 5107; baseline -0.006 -13"><span class='ocrx_word' id='word_1_952' title='bbox 1987 5034 2238 5104; x_wconf 88' lang='grc' dir='ltr'>ποικίλας</span> <span class='ocrx_word' id='word_1_953' title='bbox 2286 5040 2380 5092; x_wconf 71' lang='grc' dir='ltr'>καὶ</span> <span class='ocrx_word' id='word_1_954' title='bbox 2410 5039 2611 5102; x_wconf 87' lang='grc' dir='ltr'>πολλὰς</span> <span class='ocrx_word' id='word_1_955' title='bbox 2641 5039 2685 5071; x_wconf 71' lang='grc'>³⁵</span> <span class='ocrx_word' id='word_1_956' title='bbox 2719 5037 3029 5107; x_wconf 81' lang='grc' dir='ltr'>συντίθησιν</span> <span class='ocrx_word' id='word_1_957' title='bbox 3063 5035 3377 5104; x_wconf 86' lang='grc' dir='ltr'>ἀπολογίας.</span> <span class='ocrx_word' id='word_1_958' title='bbox 3416 5035 3477 5087; x_wconf 75' lang='lat' dir='ltr'>EE</span> <span class='ocrx_word' id='word_1_959' title='bbox 3511 5034 3572 5087; x_wconf 71' lang='grc' dir='ltr'>δέ</span> 
     </span>
    </p>
   </div>
   <div class='ocr_carea' id='block_1_123' title="bbox 1990 5115 3573 5191">
    <p class='ocr_par' dir='ltr' id='par_1_123' title="bbox 1990 5115 3573 5191">
     <span class='ocr_line' id='line_1_123' title="bbox 1990 5115 3573 5191; baseline -0.003 -21"><span class='ocrx_word' id='word_1_960' title='bbox 1990 5119 2120 5189; x_wconf 88' lang='grc' dir='ltr'>μίαν</span> <span class='ocrx_word' id='word_1_961' title='bbox 2142 5119 2360 5191; x_wconf 81' lang='grc' dir='ltr'>ἐντολὴν</span> <span class='ocrx_word' id='word_1_962' title='bbox 2385 5119 2593 5190; x_wconf 89' lang='grc' dir='ltr'>μέλλων</span> <span class='ocrx_word' id='word_1_963' title='bbox 2620 5117 2923 5172; x_wconf 89' lang='grc' dir='ltr'>ἀναπαύειν</span> <span class='ocrx_word' id='word_1_964' title='bbox 2942 5118 3007 5182; x_wconf 77' lang='grc'>⁸⁸,</span> <span class='ocrx_word' id='word_1_965' title='bbox 3037 5116 3273 5187; x_wconf 86' lang='grc' dir='ltr'>τοσαύτῃ</span> <span class='ocrx_word' id='word_1_966' title='bbox 3306 5115 3573 5186; x_wconf 69' lang='grc' dir='ltr'>κέχρηται</span> 
     </span>
    </p>
   </div>
   <div class='ocr_carea' id='block_1_124' title="bbox 1985 5193 3566 5270">
    <p class='ocr_par' dir='ltr' id='par_1_124' title="bbox 1985 5193 3566 5270">
     <span class='ocr_line' id='line_1_124' title="bbox 1985 5193 3566 5270; baseline -0.006 -18"><span class='ocrx_word' id='word_1_967' title='bbox 1985 5198 2159 5267; x_wconf 89' lang='grc' dir='ltr'>λόγων</span> <span class='ocrx_word' id='word_1_968' title='bbox 2178 5198 2477 5270; x_wconf 77' lang='grc' dir='ltr'>οἰκονομίᾳ,</span> <span class='ocrx_word' id='word_1_969' title='bbox 2491 5198 2578 5250; x_wconf 80' lang='grc' dir='ltr'>ἵνα</span> <span class='ocrx_word' id='word_1_970' title='bbox 2604 5197 2679 5268; x_wconf 85' lang='grc' dir='ltr'>μὴ</span> <span class='ocrx_word' id='word_1_971' title='bbox 2696 5196 2875 5267; x_wconf 83' lang='grc' dir='ltr'>πλήξῃ</span> <span class='ocrx_word' id='word_1_972' title='bbox 2901 5198 3024 5258; x_wconf 76' lang='grc' dir='ltr'>τοὺς</span> <span class='ocrx_word' id='word_1_973' title='bbox 3041 5195 3354 5259; x_wconf 86' lang='grc' dir='ltr'>ἀκούοντας·</span> <span class='ocrx_word' id='word_1_974' title='bbox 3380 5193 3566 5263; x_wconf 86' lang='grc' dir='ltr'>πολλῷ</span> 
     </span>
    </p>
   </div>
   <div class='ocr_carea' id='block_1_125' title="bbox 1990 5273 3573 5349">
    <p class='ocr_par' dir='ltr' id='par_1_125' title="bbox 1990 5273 3573 5349">
     <span class='ocr_line' id='line_1_125' title="bbox 1990 5273 3573 5349; baseline -0.003 -19"><span class='ocrx_word' id='word_1_975' title='bbox 1990 5276 2187 5349; x_wconf 81' lang='grc' dir='ltr'>μᾶλλον</span> <span class='ocrx_word' id='word_1_976' title='bbox 2210 5275 2463 5349; x_wconf 77' lang='grc' dir='ltr'>προσθεὶς</span> <span class='ocrx_word' id='word_1_977' title='bbox 2481 5275 2757 5347; x_wconf 83' lang='grc' dir='ltr'>ὁλοκλήρῳ</span> <span class='ocrx_word' id='word_1_978' title='bbox 2786 5274 2862 5344; x_wconf 84' lang='grc' dir='ltr'>τῷ</span> <span class='ocrx_word' id='word_1_979' title='bbox 2889 5275 3036 5345; x_wconf 86' lang='grc' dir='ltr'>νόμῳ</span> <span class='ocrx_word' id='word_1_980' title='bbox 3062 5273 3253 5345; x_wconf 88' lang='grc' dir='ltr'>όλόκλη</span> <span class='ocrx_word' id='word_1_981' title='bbox 3262 5291 3352 5345; x_wconf 89' lang='grc' dir='ltr'>ρον</span> <span class='ocrx_word' id='word_1_982' title='bbox 3375 5273 3573 5345; x_wconf 76' lang='grc' dir='ltr'>ἑτέραν</span> 
     </span>
    </p>
   </div>
   <div class='ocr_carea' id='block_1_126' title="bbox 1987 5352 3575 5426">
    <p class='ocr_par' dir='ltr' id='par_1_126' title="bbox 1987 5352 3575 5426">
     <span class='ocr_line' id='line_1_126' title="bbox 1987 5352 3575 5426; baseline -0.001 -17"><span class='ocrx_word' id='word_1_983' title='bbox 1987 5354 2330 5426; x_wconf 90' lang='grc' dir='ltr'>νομοθεσίαν,</span> <span class='ocrx_word' id='word_1_984' title='bbox 2377 5354 2582 5425; x_wconf 84' lang='grc' dir='ltr'>πολλῆς</span> <span class='ocrx_word' id='word_1_985' title='bbox 2630 5354 2799 5407; x_wconf 86' lang='grc' dir='ltr'>ἐδεῖτο</span> <span class='ocrx_word' id='word_1_986' title='bbox 2846 5354 2944 5425; x_wconf 87' lang='grc' dir='ltr'>τῆς</span> <span class='ocrx_word' id='word_1_987' title='bbox 2975 5354 3318 5420; x_wconf 85' lang='grc' dir='ltr'>κατασκευῆς</span> <span class='ocrx_word' id='word_1_988' title='bbox 3355 5352 3575 5423; x_wconf 77' lang='grc' dir='ltr'>καὶτῆς</span> 
     </span>
    </p>
   </div>
   <div class='ocr_carea' id='block_1_127' title="bbox 1988 5430 3571 5505">
    <p class='ocr_par' dir='ltr' id='par_1_127' title="bbox 1988 5430 3571 5505">
     <span class='ocr_line' id='line_1_127' title="bbox 1988 5430 3571 5505; baseline -0.001 -19"><span class='ocrx_word' id='word_1_989' title='bbox 1988 5432 2301 5505; x_wconf 88' lang='grc' dir='ltr'>θεραπείας,</span> <span class='ocrx_word' id='word_1_990' title='bbox 2314 5430 2454 5484; x_wconf 86' lang='grc' dir='ltr'>ὥστε</span> <span class='ocrx_word' id='word_1_991' title='bbox 2478 5432 2554 5502; x_wconf 81' lang='grc' dir='ltr'>μή</span> <span class='ocrx_word' id='word_1_992' title='bbox 2577 5430 2871 5503; x_wconf 86' lang='grc' dir='ltr'>θορυϐῆσαι</span> <span class='ocrx_word' id='word_1_993' title='bbox 2886 5433 3012 5495; x_wconf 75' lang='grc' dir='ltr'>τοὺς</span> <span class='ocrx_word' id='word_1_994' title='bbox 3027 5432 3407 5503; x_wconf 86' lang='grc' dir='ltr'>ἀκροωμένους</span> <span class='ocrx_word' id='word_1_995' title='bbox 3424 5430 3571 5485; x_wconf 84' lang='grc' dir='ltr'>τότε.</span> 
     </span>
    </p>
   </div>
   <div class='ocr_carea' id='block_1_128' title="bbox 2059 5508 3569 5582">
    <p class='ocr_par' dir='ltr' id='par_1_128' title="bbox 2059 5508 3569 5582">
     <span class='ocr_line' id='line_1_128' title="bbox 2059 5508 3569 5582; baseline -0.002 -19"><span class='ocrx_word' id='word_1_996' title='bbox 2059 5510 2160 5564; x_wconf 82' lang='grc' dir='ltr'>Διά</span> <span class='ocrx_word' id='word_1_997' title='bbox 2211 5510 2277 5582; x_wconf 81' lang='grc' dir='ltr'>δὴ</span> <span class='ocrx_word' id='word_1_998' title='bbox 2316 5509 2473 5563; x_wconf 81' lang='grc' dir='ltr'>τοῦτο</span> <span class='ocrx_word' id='word_1_999' title='bbox 2517 5510 2639 5564; x_wconf 88' lang='grc' dir='ltr'>ούδέ</span> <span class='ocrx_word' id='word_1_1000' title='bbox 2688 5511 2816 5582; x_wconf 79' lang='grc' dir='ltr'>περὶ</span> <span class='ocrx_word' id='word_1_1001' title='bbox 2853 5510 2954 5581; x_wconf 86' lang='grc' dir='ltr'>τῆς</span> <span class='ocrx_word' id='word_1_1002' title='bbox 2980 5510 3230 5581; x_wconf 89' lang='grc' dir='ltr'>θεότητος</span> <span class='ocrx_word' id='word_1_1003' title='bbox 3268 5510 3364 5581; x_wconf 86' lang='grc' dir='ltr'>τῆς</span> <span class='ocrx_word' id='word_1_1004' title='bbox 3402 5508 3569 5562; x_wconf 76' lang='grc' dir='ltr'>αὐτοῦ</span> 
     </span>
    </p>
   </div>
   <div class='ocr_carea' id='block_1_129' title="bbox 395 5600 1883 5687">
    <p class='ocr_par' dir='ltr' id='par_1_129' title="bbox 395 5600 1883 5687">
     <span class='ocr_line' id='line_1_129' title="bbox 395 5600 1883 5687; baseline 0.007 -34"><span class='ocrx_word' id='word_1_1005' title='bbox 395 5604 412 5635; x_wconf 80' lang='grc'>⁸</span> <span class='ocrx_word' id='word_1_1006' title='bbox 447 5600 765 5687; x_wconf 53' lang='lat' dir='ltr'>Sig&#39;omngs</span> <span class='ocrx_word' id='word_1_1007' title='bbox 791 5602 1082 5687; x_wconf 44' lang='lat' dir='ltr'>&#39;r‘nei‘gun!</span> <span class='ocrx_word' id='word_1_1008' title='bbox 1120 5604 1369 5687; x_wconf 28' lang='lat' dir='ltr'>Eutllzel</span> <span class='ocrx_word' id='word_1_1009' title='bbox 1394 5604 1527 5687; x_wconf 48' lang='lat' dir='ltr'>ge.“</span> <span class='ocrx_word' id='word_1_1010' title='bbox 1565 5610 1586 5641; x_wconf 75' lang='lat'>&#39;</span> <span class='ocrx_word' id='word_1_1011' title='bbox 1616 5610 1883 5679; x_wconf 82' lang='grc' dir='ltr'>ἐπουρανί‹</span> 
     </span>
    </p>
   </div>
   <div class='ocr_carea' id='block_1_130' title="bbox 1982 5600 3570 5687">
    <p class='ocr_par' dir='ltr' id='par_1_130' title="bbox 1982 5610 3570 5687">
     <span class='ocr_line' id='line_1_130' title="bbox 1982 5610 3570 5687; baseline 0.001 -20"><span class='ocrx_word' id='word_1_1012' title='bbox 1982 5613 2101 5687; x_wconf 58' lang='grc' dir='ltr'>Ξιιά.</span> <span class='ocrx_word' id='word_1_1013' title='bbox 2175 5614 2197 5647; x_wconf 87' lang='grc'><em>³</em></span> <span class='ocrx_word' id='word_1_1014' title='bbox 2224 5613 2672 5687; x_wconf 13' lang='grc' dir='ltr'>διστάζεινξοοττ.</span> <span class='ocrx_word' id='word_1_1015' title='bbox 2705 5614 2767 5669; x_wconf 89' lang='lat' dir='ltr'>C.</span> <span class='ocrx_word' id='word_1_1016' title='bbox 2846 5615 2887 5687; x_wconf 62' lang='lat'>‘_</span> <span class='ocrx_word' id='word_1_1017' title='bbox 2901 5614 3063 5687; x_wconf 75' lang='grc' dir='ltr'>μηδέν</span> <span class='ocrx_word' id='word_1_1018' title='bbox 3110 5614 3172 5670; x_wconf 89' lang='lat' dir='ltr'>F.</span> <span class='ocrx_word' id='word_1_1019' title='bbox 3210 5610 3570 5687; x_wconf 76' lang='grc' dir='ltr'>προσθεῖναι]</span> 
     </span>
    </p>
   </div>
   <div class='ocr_carea' id='block_1_131' title="bbox 319 5671 1856 5778">
    <p class='ocr_par' dir='ltr' id='par_1_131' title="bbox 319 5671 1856 5778">
     <span class='ocr_line' id='line_1_131' title="bbox 319 5671 1856 5747; baseline 0.007 -22"><span class='ocrx_word' id='word_1_1020' title='bbox 319 5671 660 5744; x_wconf 79' lang='grc' dir='ltr'>προστιθέναι</span> <span class='ocrx_word' id='word_1_1021' title='bbox 691 5674 758 5727; x_wconf 76' lang='grc' dir='ltr'>Α.</span> <span class='ocrx_word' id='word_1_1022' title='bbox 790 5672 850 5728; x_wconf 89' lang='grc' dir='ltr'>Β.</span> <span class='ocrx_word' id='word_1_1023' title='bbox 884 5673 1081 5747; x_wconf 86' lang='grc' dir='ltr'>πλέον]</span> <span class='ocrx_word' id='word_1_1024' title='bbox 1107 5692 1159 5728; x_wconf 93' lang='grc' dir='ltr'>τι</span> <span class='ocrx_word' id='word_1_1025' title='bbox 1202 5676 1361 5729; x_wconf 86' lang='grc' dir='ltr'>πλέον</span> <span class='ocrx_word' id='word_1_1026' title='bbox 1394 5675 1453 5730; x_wconf 91' lang='grc'>[).</span> <span class='ocrx_word' id='word_1_1027' title='bbox 1486 5676 1545 5731; x_wconf 85' lang='lat' dir='ltr'><strong>F.</strong></span> <span class='ocrx_word' id='word_1_1028' title='bbox 1638 5680 1659 5711; x_wconf 84' lang='lat'>&#39;</span> <span class='ocrx_word' id='word_1_1029' title='bbox 1686 5671 1856 5735; x_wconf 83' lang='grc' dir='ltr'>ποὶεῖν</span> 
     </span>
     <span class='ocr_line' id='line_1_132' title="bbox 320 5741 1757 5778; baseline 0.002 -3"><span class='ocrx_word' id='word_1_1030' title='bbox 320 5745 342 5775; x_wconf 66' lang='grc'><strong>4</strong></span> <span class='ocrx_word' id='word_1_1031' title='bbox 390 5742 681 5778; x_wconf 59' lang='grc' dir='ltr'>ενι-,Λιινᾶνῆ</span> <span class='ocrx_word' id='word_1_1032' title='bbox 731 5743 762 5778; x_wconf 87' lang='grc' dir='ltr'>Δ</span> <span class='ocrx_word' id='word_1_1033' title='bbox 849 5741 890 5778; x_wconf 64' lang='grc' dir='ltr'><em>Π</em></span> <span class='ocrx_word' id='word_1_1034' title='bbox 962 5744 1064 5778; x_wconf 55' lang='grc' dir='ltr'>κν*</span> <span class='ocrx_word' id='word_1_1035' title='bbox 1122 5744 1160 5778; x_wconf 64' lang='lat' dir='ltr'>lc‘</span> <span class='ocrx_word' id='word_1_1036' title='bbox 1216 5743 1255 5778; x_wconf 72' lang='lat' dir='ltr'>li‘</span> <span class='ocrx_word' id='word_1_1037' title='bbox 1375 5745 1396 5778; x_wconf 73' lang='grc'><strong>7</strong></span> <span class='ocrx_word' id='word_1_1038' title='bbox 1446 5748 1600 5778; x_wconf 61' lang='lat' dir='ltr'>“An-..</span> <span class='ocrx_word' id='word_1_1039' title='bbox 1632 5750 1657 5778; x_wconf 81' lang='grc' dir='ltr'><strong>Α</strong></span> <span class='ocrx_word' id='word_1_1040' title='bbox 1717 5749 1757 5778; x_wconf 83' lang='lat' dir='ltr'>l‘</span> 
     </span>
    </p>
   </div>
   <div class='ocr_carea' id='block_1_132' title="bbox 325 5741 1779 5885">
    <p class='ocr_par' dir='ltr' id='par_1_132' title="bbox 325 5741 1779 5885">
     <span class='ocr_line' id='line_1_133' title="bbox 325 5741 1779 5867; baseline 0.007 -73"><span class='ocrx_word' id='word_1_1041' title='bbox 325 5745 342 5775; x_wconf 82' lang='grc'>⁸</span> <span class='ocrx_word' id='word_1_1042' title='bbox 368 5741 684 5814; x_wconf 74' lang='grc' dir='ltr'>’παραγάγῃ</span> <span class='ocrx_word' id='word_1_1043' title='bbox 724 5743 788 5796; x_wconf 87' lang='lat' dir='ltr'>A.</span> <span class='ocrx_word' id='word_1_1044' title='bbox 849 5741 914 5798; x_wconf 86' lang='lat' dir='ltr'>C.</span> <span class='ocrx_word' id='word_1_1045' title='bbox 960 5741 1081 5867; x_wconf 46' lang='grc' dir='ltr'>ἀγξῃ</span> <span class='ocrx_word' id='word_1_1046' title='bbox 1121 5744 1177 5798; x_wconf 83' lang='grc' dir='ltr'>Ε.</span> <span class='ocrx_word' id='word_1_1047' title='bbox 1216 5743 1274 5800; x_wconf 81' lang='lat' dir='ltr'>F.</span> <span class='ocrx_word' id='word_1_1048' title='bbox 1375 5745 1396 5778; x_wconf 83' lang='grc'><strong>⁷</strong></span> <span class='ocrx_word' id='word_1_1049' title='bbox 1444 5748 1600 5816; x_wconf 89' lang='grc' dir='ltr'>μόνον</span> <span class='ocrx_word' id='word_1_1050' title='bbox 1624 5750 1687 5804; x_wconf 83' lang='grc' dir='ltr'>Α.</span> <span class='ocrx_word' id='word_1_1051' title='bbox 1717 5749 1779 5805; x_wconf 86' lang='lat' dir='ltr'>C.</span> 
     </span>
     <span class='ocr_line' id='line_1_134' title="bbox 325 5812 1779 5885; baseline 0.007 -20"><span class='ocrx_word' id='word_1_1052' title='bbox 325 5812 468 5885; x_wconf 75' lang='grc' dir='ltr'>σίαςι</span> <span class='ocrx_word' id='word_1_1053' title='bbox 498 5812 622 5885; x_wconf 88' lang='lat' dir='ltr'>add_.</span> <span class='ocrx_word' id='word_1_1054' title='bbox 671 5812 888 5885; x_wconf 78' lang='grc' dir='ltr'>ἀπάσης</span> <span class='ocrx_word' id='word_1_1055' title='bbox 916 5814 977 5868; x_wconf 89' lang='lat' dir='ltr'>D.</span> <span class='ocrx_word' id='word_1_1056' title='bbox 1057 5857 1069 5870; x_wconf 93' lang='lat'>.</span> <span class='ocrx_word' id='word_1_1057' title='bbox 1101 5815 1162 5869; x_wconf 86' lang='lat' dir='ltr'>F.</span> <span class='ocrx_word' id='word_1_1058' title='bbox 1240 5817 1282 5848; x_wconf 77' lang='grc'>¹⁰</span> <span class='ocrx_word' id='word_1_1059' title='bbox 1313 5816 1472 5885; x_wconf 76' lang='grc' dir='ltr'>ἔφην]</span> <span class='ocrx_word' id='word_1_1060' title='bbox 1500 5818 1668 5885; x_wconf 73' lang='grc' dir='ltr'>ἔφθην</span> <span class='ocrx_word' id='word_1_1061' title='bbox 1694 5824 1779 5877; x_wconf 80' lang='grc' dir='ltr'>είπ</span> 
     </span>
    </p>
   </div>
   <div class='ocr_carea' id='block_1_133' title="bbox 1933 5684 3567 5740">
    <p class='ocr_par' dir='ltr' id='par_1_133' title="bbox 1933 5684 3567 5740">
     <span class='ocr_line' id='line_1_135' title="bbox 1933 5684 3567 5740; baseline 0.001 -3"><span class='ocrx_word' id='word_1_1062' title='bbox 1933 5684 2091 5738; x_wconf 81' lang='grc' dir='ltr'>τοῦτο</span> <span class='ocrx_word' id='word_1_1063' title='bbox 2120 5687 2292 5738; x_wconf 89' lang='grc' dir='ltr'>ποιεῖν</span> <span class='ocrx_word' id='word_1_1064' title='bbox 2334 5684 2393 5737; x_wconf 88' lang='grc' dir='ltr'>Β.</span> <span class='ocrx_word' id='word_1_1065' title='bbox 2422 5685 2595 5739; x_wconf 82' lang='grc' dir='ltr'>ταῦτα</span> <span class='ocrx_word' id='word_1_1066' title='bbox 2647 5687 2818 5739; x_wconf 81' lang='grc' dir='ltr'>ποιεῖν</span> <span class='ocrx_word' id='word_1_1067' title='bbox 2848 5684 2911 5739; x_wconf 77' lang='grc' dir='ltr'>Ε.</span> <span class='ocrx_word' id='word_1_1068' title='bbox 2940 5685 3056 5739; x_wconf 72' lang='lat' dir='ltr'>Mox</span> <span class='ocrx_word' id='word_1_1069' title='bbox 3090 5684 3336 5739; x_wconf 82' lang='grc' dir='ltr'>ἐντεῦθεν</span> <span class='ocrx_word' id='word_1_1070' title='bbox 3366 5702 3473 5740; x_wconf 88' lang='lat' dir='ltr'>om.</span> <span class='ocrx_word' id='word_1_1071' title='bbox 3506 5684 3567 5739; x_wconf 57' lang='grc' dir='ltr'>Αἰ</span> 
     </span>
    </p>
   </div>
   <div class='ocr_carea' id='block_1_134' title="bbox 1916 5753 3571 5825">
    <p class='ocr_par' dir='ltr' id='par_1_134' title="bbox 1916 5753 3571 5825">
     <span class='ocr_line' id='line_1_136' title="bbox 1916 5753 3571 5825; baseline 0.002 -18"><span class='ocrx_word' id='word_1_1072' title='bbox 1916 5754 2290 5825; x_wconf 58' lang='grc' dir='ltr'>ἀποϐλέπεις.</span> <span class='ocrx_word' id='word_1_1073' title='bbox 2317 5753 2378 5809; x_wconf 91' lang='lat' dir='ltr'>D.</span> <span class='ocrx_word' id='word_1_1074' title='bbox 2405 5754 2465 5810; x_wconf 87' lang='lat' dir='ltr'>E.</span> <span class='ocrx_word' id='word_1_1075' title='bbox 2487 5755 2547 5825; x_wconf 68' lang='grc' dir='ltr'>Ε.</span> <span class='ocrx_word' id='word_1_1076' title='bbox 2574 5757 2734 5825; x_wconf 83' lang='lat' dir='ltr'><strong>paulo</strong></span> <span class='ocrx_word' id='word_1_1077' title='bbox 2760 5754 2900 5809; x_wconf 81' lang='lat' dir='ltr'><strong>infra</strong></span> <span class='ocrx_word' id='word_1_1078' title='bbox 2928 5756 3199 5808; x_wconf 80' lang='grc' dir='ltr'>ἀπέϐλεπε</span> <span class='ocrx_word' id='word_1_1079' title='bbox 3237 5754 3297 5810; x_wconf 85' lang='lat' dir='ltr'>F.</span> <span class='ocrx_word' id='word_1_1080' title='bbox 3338 5759 3394 5825; x_wconf 12' lang='lat'>7&quot;</span> <span class='ocrx_word' id='word_1_1081' title='bbox 3421 5757 3571 5825; x_wconf 80' lang='grc' dir='ltr'>ἐξου-</span> 
     </span>
    </p>
   </div>
   <div class='ocr_carea' id='block_1_135' title="bbox 923 5815 2260 5897">
    <p class='ocr_par' dir='ltr' id='par_1_135' title="bbox 923 5815 2260 5897">
     <span class='ocr_line' id='line_1_137' title="bbox 923 5815 2260 5897; baseline 0.007 -31"><span class='ocrx_word' id='word_1_1082' title='bbox 923 5815 977 5897; x_wconf 61' lang='lat' dir='ltr'>p:</span> <span class='ocrx_word' id='word_1_1083' title='bbox 1009 5815 1172 5897; x_wconf 19' lang='lat' dir='ltr'>ELAF.»</span> <span class='ocrx_word' id='word_1_1084' title='bbox 1240 5817 1282 5848; x_wconf 77' lang='grc'>¹⁰</span> <span class='ocrx_word' id='word_1_1085' title='bbox 1313 5815 1965 5897; x_wconf 25' lang='grc' dir='ltr'>ἐφηνίΙἐφθηνᾌείῖτὼνῐ)ἑ</span> <span class='ocrx_word' id='word_1_1086' title='bbox 2028 5826 2079 5897; x_wconf 13' lang='grc' dir='ltr'>¹¹ί</span> <span class='ocrx_word' id='word_1_1087' title='bbox 2097 5826 2260 5897; x_wconf 84' lang='grc' dir='ltr'>μηδέν</span> 
     </span>
    </p>
   </div>
   <div class='ocr_carea' id='block_1_136' title="bbox 324 5881 2057 5968">
    <p class='ocr_par' dir='ltr' id='par_1_136' title="bbox 324 5881 2057 5968">
     <span class='ocr_line' id='line_1_138' title="bbox 324 5881 2057 5968; baseline 0.009 -36"><span class='ocrx_word' id='word_1_1088' title='bbox 324 5881 860 5968; x_wconf 32' lang='grc' dir='ltr'>ἀπήστραέξιεᾪΛᾏΒζ</span> <span class='ocrx_word' id='word_1_1089' title='bbox 886 5886 994 5968; x_wconf 58' lang='lat' dir='ltr'>y_id.</span> <span class='ocrx_word' id='word_1_1090' title='bbox 1013 5890 1198 5968; x_wconf 62' lang='grc' dir='ltr'>αιίηθζ.</span> <span class='ocrx_word' id='word_1_1091' title='bbox 1230 5901 1282 5968; x_wconf 78' lang='lat' dir='ltr'>p_.</span> <span class='ocrx_word' id='word_1_1092' title='bbox 1305 5881 1368 5968; x_wconf 58' lang='lat' dir='ltr'>_p:</span> <span class='ocrx_word' id='word_1_1093' title='bbox 1399 5881 1491 5968; x_wconf 67' lang='grc' dir='ltr'>ςωζι</span> <span class='ocrx_word' id='word_1_1094' title='bbox 1519 5881 1605 5942; x_wconf 75' lang='grc' dir='ltr'>διὰ</span> <span class='ocrx_word' id='word_1_1095' title='bbox 1838 5892 1901 5968; x_wconf 82' lang='lat' dir='ltr'>l)_._</span> <span class='ocrx_word' id='word_1_1096' title='bbox 1925 5891 1984 5947; x_wconf 72' lang='grc' dir='ltr'>Ρ.</span> <span class='ocrx_word' id='word_1_1097' title='bbox 2042 5897 2057 5927; x_wconf 95' lang='grc'>¹</span> 
     </span>
    </p>
   </div>
   <div class='ocr_carea' id='block_1_137' title="bbox 2313 5822 3570 5943">
    <p class='ocr_par' dir='ltr' id='par_1_137' title="bbox 2313 5822 3570 5943">
     <span class='ocr_line' id='line_1_139' title="bbox 2313 5822 3570 5943; baseline 0.005 -67"><span class='ocrx_word' id='word_1_1098' title='bbox 2313 5825 2481 5943; x_wconf 54' lang='grc' dir='ltr'>μήτΑ.</span> <span class='ocrx_word' id='word_1_1099' title='bbox 2513 5822 2648 5894; x_wconf 62' lang='grc' dir='ltr'>Βξι).</span> <span class='ocrx_word' id='word_1_1100' title='bbox 2674 5841 2725 5895; x_wconf 91' lang='lat' dir='ltr'>p.</span> <span class='ocrx_word' id='word_1_1101' title='bbox 2750 5826 2877 5896; x_wconf 73' lang='grc' dir='ltr'>περὶ</span> <span class='ocrx_word' id='word_1_1102' title='bbox 2906 5825 3095 5909; x_wconf 75' lang='grc' dir='ltr'>ἑαυτόν</span> <span class='ocrx_word' id='word_1_1103' title='bbox 3110 5826 3187 5909; x_wconf 37' lang='lat' dir='ltr'>‘C.</span> <span class='ocrx_word' id='word_1_1104' title='bbox 3268 5822 3394 5897; x_wconf 67' lang='lat' dir='ltr'>&quot;ﬁ;</span> <span class='ocrx_word' id='word_1_1105' title='bbox 3425 5829 3465 5882; x_wconf 69' lang='grc' dir='ltr'>(ὲ</span> <span class='ocrx_word' id='word_1_1106' title='bbox 3505 5823 3570 5912; x_wconf 74' lang='grc' dir='ltr'>ἧς</span> 
     </span>
     <span class='ocr_line' id='line_1_140' title="bbox 2361 5895 3567 5943; baseline 0 0"><span class='ocrx_word' id='word_1_1107' title='bbox 2361 5912 2443 5943; x_wconf 72' lang='lat'>0-:</span> <span class='ocrx_word' id='word_1_1108' title='bbox 2472 5895 2564 5943; x_wconf 76' lang='grc' dir='ltr'>καί</span> <span class='ocrx_word' id='word_1_1109' title='bbox 2592 5896 2654 5943; x_wconf 80' lang='grc' dir='ltr'>Δ.</span> <span class='ocrx_word' id='word_1_1110' title='bbox 2680 5895 2898 5943; x_wconf 76' lang='grc' dir='ltr'>καίηιη.</span> <span class='ocrx_word' id='word_1_1111' title='bbox 2928 5895 2986 5943; x_wconf 82' lang='grc' dir='ltr'>Β-</span> <span class='ocrx_word' id='word_1_1112' title='bbox 3009 5896 3199 5943; x_wconf 78' lang='grc' dir='ltr'>επέλυε</span> <span class='ocrx_word' id='word_1_1113' title='bbox 3237 5898 3292 5943; x_wconf 60' lang='lat' dir='ltr'>k.</span> <span class='ocrx_word' id='word_1_1114' title='bbox 3317 5899 3356 5943; x_wconf 71' lang='grc' dir='ltr'><strong>Β</strong></span> <span class='ocrx_word' id='word_1_1115' title='bbox 3434 5900 3477 5928; x_wconf 73' lang='grc'>’⁸</span> <span class='ocrx_word' id='word_1_1116' title='bbox 3499 5915 3567 5943; x_wconf 73' lang='grc' dir='ltr'>τα</span> 
     </span>
    </p>
   </div>
   <div class='ocr_carea' id='block_1_138' title="bbox 2067 5822 3567 5959">
    <p class='ocr_par' dir='ltr' id='par_1_138' title="bbox 2067 5822 3567 5959">
     <span class='ocr_line' id='line_1_141' title="bbox 2097 5822 3567 5943; baseline 0.002 -64"><span class='ocrx_word' id='word_1_1117' title='bbox 2097 5822 2287 5933; x_wconf 70' lang='grc' dir='ltr'>μηδένᾷ</span> <span class='ocrx_word' id='word_1_1118' title='bbox 2313 5825 2394 5943; x_wconf 64' lang='grc' dir='ltr'>μή</span> <span class='ocrx_word' id='word_1_1119' title='bbox 2420 5830 2481 5879; x_wconf 75' lang='grc' dir='ltr'>Α.</span> <span class='ocrx_word' id='word_1_1120' title='bbox 2513 5822 2648 5894; x_wconf 62' lang='grc' dir='ltr'>Βξι).</span> <span class='ocrx_word' id='word_1_1121' title='bbox 2674 5841 2725 5895; x_wconf 91' lang='lat' dir='ltr'>p.</span> <span class='ocrx_word' id='word_1_1122' title='bbox 2750 5826 2877 5896; x_wconf 73' lang='grc' dir='ltr'>περὶ</span> <span class='ocrx_word' id='word_1_1123' title='bbox 2906 5825 3095 5878; x_wconf 82' lang='grc' dir='ltr'>ἑαυτόν</span> <span class='ocrx_word' id='word_1_1124' title='bbox 3127 5826 3187 5880; x_wconf 88' lang='lat' dir='ltr'>C.</span> <span class='ocrx_word' id='word_1_1125' title='bbox 3268 5822 3394 5897; x_wconf 78' lang='grc' dir='ltr'>¹²ἦς</span> <span class='ocrx_word' id='word_1_1126' title='bbox 3425 5829 3465 5882; x_wconf 69' lang='grc' dir='ltr'>(ὲ</span> <span class='ocrx_word' id='word_1_1127' title='bbox 3505 5823 3567 5899; x_wconf 74' lang='grc' dir='ltr'>ἧς</span> 
     </span>
     <span class='ocr_line' id='line_1_142' title="bbox 2067 5892 3567 5959; baseline 0.001 -10"><span class='ocrx_word' id='word_1_1128' title='bbox 2067 5896 2086 5926; x_wconf 89' lang='grc'>³</span> <span class='ocrx_word' id='word_1_1129' title='bbox 2110 5897 2203 5949; x_wconf 77' lang='grc' dir='ltr'>καὶ</span> <span class='ocrx_word' id='word_1_1130' title='bbox 2230 5913 2331 5959; x_wconf 56' lang='grc' dir='ltr'>ος</span> <span class='ocrx_word' id='word_1_1131' title='bbox 2361 5892 2443 5959; x_wconf 73' lang='grc' dir='ltr'>οἷς</span> <span class='ocrx_word' id='word_1_1132' title='bbox 2472 5895 2564 5949; x_wconf 86' lang='grc' dir='ltr'>καί</span> <span class='ocrx_word' id='word_1_1133' title='bbox 2592 5896 2654 5948; x_wconf 79' lang='grc' dir='ltr'>Δ.</span> <span class='ocrx_word' id='word_1_1134' title='bbox 2680 5895 2771 5948; x_wconf 86' lang='grc' dir='ltr'>καί</span> <span class='ocrx_word' id='word_1_1135' title='bbox 2788 5912 2898 5949; x_wconf 74' lang='lat' dir='ltr'>om.</span> <span class='ocrx_word' id='word_1_1136' title='bbox 2928 5895 2986 5950; x_wconf 78' lang='grc' dir='ltr'>Β.</span> <span class='ocrx_word' id='word_1_1137' title='bbox 3009 5896 3199 5948; x_wconf 84' lang='grc' dir='ltr'>ἐπέλυε</span> <span class='ocrx_word' id='word_1_1138' title='bbox 3237 5898 3292 5947; x_wconf 55' lang='grc' dir='ltr'>ὰ.</span> <span class='ocrx_word' id='word_1_1139' title='bbox 3317 5899 3356 5949; x_wconf 85' lang='lat' dir='ltr'>P-</span> <span class='ocrx_word' id='word_1_1140' title='bbox 3434 5900 3477 5928; x_wconf 77' lang='lat'><strong>&quot;</strong></span> <span class='ocrx_word' id='word_1_1141' title='bbox 3499 5905 3567 5951; x_wconf 76' lang='grc' dir='ltr'>τά</span> 
     </span>
    </p>
   </div>
   <div class='ocr_carea' id='block_1_139' title="bbox 322 5950 1883 6049">
    <p class='ocr_par' dir='ltr' id='par_1_139' title="bbox 322 5950 1883 6033">
     <span class='ocr_line' id='line_1_143' title="bbox 322 5950 1883 6033; baseline 0.004 -25"><span class='ocrx_word' id='word_1_1142' title='bbox 322 5969 432 6008; x_wconf 79' lang='lat' dir='ltr'>om.</span> <span class='ocrx_word' id='word_1_1143' title='bbox 478 5950 539 6007; x_wconf 66' lang='grc' dir='ltr'>(Ξ.</span> <span class='ocrx_word' id='word_1_1144' title='bbox 567 5953 625 6013; x_wconf 72' lang='grc' dir='ltr'>ί).</span> <span class='ocrx_word' id='word_1_1145' title='bbox 655 5950 716 6008; x_wconf 86' lang='grc' dir='ltr'>Ε.</span> <span class='ocrx_word' id='word_1_1146' title='bbox 750 5951 811 6009; x_wconf 81' lang='lat' dir='ltr'>F.</span> <span class='ocrx_word' id='word_1_1147' title='bbox 889 5957 931 5987; x_wconf 80' lang='lat'><strong>&quot;</strong></span> <span class='ocrx_word' id='word_1_1148' title='bbox 960 5955 1179 6028; x_wconf 56' lang='grc' dir='ltr'>πολλάςλ</span> <span class='ocrx_word' id='word_1_1149' title='bbox 1216 5950 1336 6014; x_wconf 60' lang='grc' dir='ltr'>ἁᾱαξ</span> <span class='ocrx_word' id='word_1_1150' title='bbox 1371 5960 1631 6033; x_wconf 79' lang='grc' dir='ltr'>πρότερον</span> <span class='ocrx_word' id='word_1_1151' title='bbox 1658 5961 1721 6016; x_wconf 89' lang='lat' dir='ltr'>A.</span> <span class='ocrx_word' id='word_1_1152' title='bbox 1756 5960 1819 6015; x_wconf 80' lang='grc' dir='ltr'>Β.</span> <span class='ocrx_word' id='word_1_1153' title='bbox 1862 5963 1883 6019; x_wconf 67' lang='grc' dir='ltr'><strong>β</strong></span> 
     </span>
    </p>
   </div>
   <div class='ocr_carea' id='block_1_140' title="bbox 1982 5950 3537 6049">
    <p class='ocr_par' dir='ltr' id='par_1_140' title="bbox 2012 5950 3537 6034">
     <span class='ocr_line' id='line_1_144' title="bbox 2012 5950 3537 6034; baseline -0.001 -10"><span class='ocrx_word' id='word_1_1154' title='bbox 2012 5950 2554 6034; x_wconf 66' lang='grc' dir='ltr'>ιθτιειυιιιίηιὲνρρ.</span> <span class='ocrx_word' id='word_1_1155' title='bbox 2636 5964 3023 6028; x_wconf 55' lang='lat' dir='ltr'>“avara-33w!</span> <span class='ocrx_word' id='word_1_1156' title='bbox 3051 5967 3303 6023; x_wconf 78' lang='grc' dir='ltr'>ἀπολύειν</span> <span class='ocrx_word' id='word_1_1157' title='bbox 3333 5967 3467 6022; x_wconf 73' lang='lat' dir='ltr'>Edd.</span> <span class='ocrx_word' id='word_1_1158' title='bbox 3529 5986 3537 5999; x_wconf 69' lang='grc' dir='ltr'>ί</span> 
     </span>
    </p>
   </div>
  </div>
