4050 6364
327 263 422 320 9M

327 380 518 434 Contra
549 375 885 430 Manichacus.
917 402 989 415 —
1014 370 1218 428 Idcirco
1245 384 1352 426 non
1388 368 1584 439 ubique
1610 367 1676 424 de
1716 366 1908 422 divini-

326 481 436 526 tate
480 486 576 527 sua
607 471 752 524 clare
792 466 1028 538 loquitur
1052 473 1108 520 et
1131 463 1308 519 docet.
1347 460 1405 518 Si
1427 461 1570 517 enim
1595 501 1610 527 ,
1635 459 1774 531 quod
1807 458 1910 529 legi

322 563 598 634 quidpiam
627 562 904 630 adjiceret,
938 559 1058 613 illos
1088 567 1290 612 tantum
1320 555 1570 621 turbavit,
1601 553 1768 608 multo
1797 567 1910 606 ma-

323 659 403 727 gis
439 656 715 711 turbasset
741 655 785 708 si
815 667 875 708 se
903 653 1068 707 Deum
1091 665 1212 706 esse
1248 648 1646 704 declaravisset.
1679 645 1909 715 Ideoque

314 749 490 803 multa
543 762 638 802 sua
678 745 956 801 divinitate
1008 744 1164 813 longe
1213 740 1465 797 inferiora
1512 738 1766 809 loquitur.
1811 736 1907 791 Hic

321 858 450 897 vero
468 841 538 896 de
558 840 830 895 additione
859 838 962 908 legi
986 835 1224 891 facienda
1260 833 1418 888 verba
1447 831 1678 886 facturus
1697 872 1713 898 ,
1743 829 1905 890 multa

319 933 681 1002 praecautione
712 931 894 986 utitur.
942 930 1124 999 Neque
1150 928 1293 982 enim
1320 926 1488 982 semel
1532 933 1735 978 tantum
1774 922 1907 977 dixit

316 1043 376 1082 se
405 1028 580 1097 legem
618 1040 722 1080 non
754 1024 982 1086 solvere,
1025 1021 1121 1076 sed
1152 1020 1203 1074 id
1242 1018 1477 1074 secundo
1502 1017 1748 1086 repetiit,
1788 1029 1903 1068 ma-

313 1121 511 1189 jusque
559 1118 702 1172 aliud
760 1131 945 1172 rursus
992 1114 1209 1184 adjecit.
1260 1111 1391 1167 Cum
1441 1110 1666 1164 dixisset
1719 1108 1900 1173 enim,

316 1209 496 1264 Nolite
544 1221 746 1277 putore,
787 1207 1026 1278 quoniam
1065 1205 1177 1258 veni
1215 1204 1405 1257 solvere
1447 1201 1626 1271 legem,
1670 1199 1899 1268 adjecit,

316 1302 439 1357 Non
470 1304 585 1356 ueni
612 1303 824 1368 solvere,
846 1301 934 1355 sed
961 1299 1259 1363 adimplere.
1291 1295 1422 1350 Illud
1451 1309 1578 1349 vero
1607 1307 1710 1348 non
1742 1291 1901 1347 modo

314 1395 624 1450 ludaeorum
671 1391 1055 1462 impudentiam
1099 1396 1340 1454 coercet,
1373 1385 1466 1440 sed
1494 1386 1652 1441 etiam
1690 1382 1900 1438 lucreti-

313 1502 501 1542 corum
547 1500 640 1540 ora
687 1483 918 1546 consult,
971 1482 1060 1552 qui
1100 1490 1336 1536 veterem
1382 1479 1552 1549 legem
1580 1493 1649 1532 ex
1685 1475 1901 1531 diabolo

309 1592 434 1634 esse
480 1576 688 1632 dicunt.
721 1574 854 1629 Nam
899 1573 944 1628 si
986 1573 1103 1642 ejus
1153 1570 1491 1642 tyrannidem
1531 1568 1899 1622 destructurus

308 1671 556 1726 Christus
578 1667 816 1734 advenit,
842 1681 949 1737 quo
968 1673 1124 1737 pacto
1145 1680 1262 1719 eam
1281 1678 1387 1718 non
1409 1661 1569 1717 modo
1589 1675 1693 1716 non
1717 1658 1896 1724 solvit,

313 1762 407 1818 sed
434 1763 598 1819 etiam
632 1761 861 1831 implet?
885 1759 1002 1814 Non
1028 1758 1172 1813 enim
1215 1765 1419 1811 tantum
1456 1754 1610 1820 dixit,
1641 1753 1756 1816 Non
1783 1752 1895 1807 sol-

307 1869 416 1919 vo;
447 1852 594 1924 quod
623 1853 756 1908 satis
777 1860 923 1907 certe
949 1850 1168 1914 luisset;
1198 1847 1292 1904 sed
1318 1857 1374 1903 et
1411 1846 1626 1916 adjecit,
1652 1845 1892 1914 Impleo;

307 1947 448 2018 quod
481 1962 590 2002 non
633 1945 794 2000 modo
822 1960 928 1999 non
956 1943 1251 1997 adversarii
1289 1941 1421 2011 legis
1448 1948 1582 2004 erat,
1613 1938 1707 1994 sed
1732 1939 1891 1992 etiam

302 2037 630 2092 defensoris.
677 2035 743 2089 Et
786 2033 1056 2105 quomodo
1104 2046 1210 2086 non
1255 2031 1441 2097 solvit,
1491 2030 1730 2100 inquies,
1762 2041 1894 2098 quo-

304 2128 468 2184 modo
513 2126 756 2196 implevit
783 2133 876 2179 aut
904 2125 1098 2195 legem,
1149 2131 1242 2177 aut
1287 2120 1622 2192 prophetas?
1651 2119 1890 2189 Prophe-

303 2230 385 2275 tas
409 2217 630 2290 quidem
650 2259 666 2284 ,
693 2217 838 2288 quod
867 2216 1044 2270 omnia
1090 2230 1208 2285 quae
1235 2214 1302 2270 de
1331 2214 1447 2284 ipso
1467 2212 1606 2267 dicta
1636 2220 1790 2266 erant
1824 2210 1891 2264 ab

303 2313 400 2378 eis,
444 2309 699 2380 operibus
736 2307 1172 2370 conﬁrmaverit;
1211 2315 1534 2376 quapropter
1567 2302 1887 2372 evangelista

303 2402 369 2457 ad
389 2401 602 2471 singula
628 2399 839 2455 dicebat
867 2415 882 2452 :
919 2397 986 2452 Ut
1005 2395 1302 2467 impleretur
1324 2395 1458 2465 quod
1487 2394 1674 2447 dictum
1703 2402 1773 2447 est
1801 2409 1890 2463 per

299 2492 647 2563 prophetam;
687 2499 888 2544 etcum
919 2497 1077 2543 natus
1105 2495 1206 2552 est,
1244 2494 1444 2540 etcum
1473 2484 1621 2553 pueri
1667 2483 1886 2537 mirabi-

300 2587 461 2642 bilem
491 2583 750 2656 hymnum
778 2582 848 2636 de
878 2582 993 2652 ipso
1037 2579 1337 2642 canebant,
1370 2587 1425 2632 et
1466 2576 1681 2647 quando
1722 2576 1886 2630 asina:

303 2677 587 2742 insidebat,
635 2688 845 2729 necnon
872 2673 1110 2729 etiamin
1144 2671 1381 2741 pluribus
1423 2669 1545 2723 aliis
1580 2667 1682 2722 hoc
1711 2669 1883 2737 ipsum

300 2768 580 2838 implevit;
609 2781 729 2835 qua:
753 2762 932 2818 omnia
973 2778 1080 2817 non
1112 2759 1377 2830 implenda
1417 2774 1666 2830 umquam
1706 2767 1880 2823 erant,

296 2860 393 2914 nisi
434 2856 760 2912 advenisset.
796 2853 994 2924 Legem
1039 2861 1218 2907 autem
1249 2865 1354 2906 non
1381 2865 1488 2905 uno
1527 2859 1755 2915 tantum,
1787 2847 1881 2903 sed

294 2949 531 3005 secundo
558 2948 719 3004 etiam
746 2961 810 3002 ac
837 2946 994 3000 tertio
1020 2945 1181 3000 modo
1207 2943 1463 3013 implevit.
1496 2942 1615 2998 Uno
1638 2941 1876 3012 quidem,

292 3042 431 3114 quod
459 3057 525 3096 ex
558 3039 818 3110 legalibus
855 3037 987 3092 nihil
1026 3034 1505 3106 transgrederetur.
1550 3033 1703 3101 Quod
1733 3031 1876 3087 enim

291 3146 452 3191 totam
482 3134 654 3202 legem
683 3131 1012 3203 impleverit,
1043 3128 1168 3184 audi
1197 3128 1322 3198 quid
1353 3127 1494 3182 dicat
1526 3126 1714 3183 Joanni
1742 3143 1754 3179 :
1788 3124 1879 3179 Sic

290 3229 421 3282 enim
446 3243 540 3280 nos
562 3226 699 3279 decet
714 3225 924 3293 implere
951 3238 1148 3277 omnem
1158 3221 1414 3291 justitiam
1443 3217 1653 3292 (Matth.
1673 3219 1728 3272 5.
1760 3217 1872 3287 15).

290 3316 355 3374 Et
374 3317 575 3374 Iudicis
608 3314 822 3371 dicebat
853 3331 867 3368 :
901 3313 1028 3380 Quis
1057 3330 1119 3367 ex
1163 3312 1300 3366 vobis
1337 3319 1513 3382 arguet
1559 3326 1639 3362 me
1663 3310 1726 3363 de
1753 3325 1871 3378 pec-

286 3420 394 3465 cato
419 3408 603 3481 (Joan.
630 3408 684 3464 8.
713 3407 806 3479 46)
832 3407 952 3462 ‘lAc
977 3406 1252 3476 discipulis
1273 3420 1480 3460 rursum
1516 3422 1529 3459 :
1567 3402 1711 3457 Venit
1733 3403 1873 3472 prin-

285 3519 402 3571 ceps
431 3502 612 3555 mundi
636 3501 812 3572 hujus,
841 3509 886 3554 et
911 3499 964 3553 in
986 3515 1064 3553 me
1100 3516 1201 3552 non
1231 3498 1376 3552 habet
1403 3497 1680 3567 quidquam
1703 3493 1865 3566 (Ibid.

287 3595 370 3650 Il.
399 3594 518 3658 30).
541 3591 810 3662 Propheta
846 3605 1061 3661 quoque
1091 3604 1253 3660 supra
1285 3589 1450 3652 dixit,
1479 3589 1651 3658 ipsum
1681 3602 1869 3658 pecca-

286 3695 391 3740 tum
413 3699 524 3740 non
567 3682 764 3738 habere
805 3680 979 3753 (lsai.
1006 3681 1096 3736 55.
1129 3681 1164 3737 9
1192 3681 1232 3751 ).
1265 3680 1378 3736 Hoc
1417 3680 1593 3751 itaque
1623 3694 1731 3734 uno
1753 3678 1867 3749 pri-

283 3789 475 3846 moque
511 3776 672 3830 modo
711 3774 882 3844 legem
914 3772 1176 3842 implevit.
1198 3770 1446 3826 Secundo
1479 3779 1655 3824 autem
1685 3768 1867 3839 imple-

285 3871 353 3923 vit
388 3867 574 3932 modo,
618 3865 761 3937 quod
800 3864 853 3919 id
903 3874 1122 3934 propter
1172 3880 1270 3919 nos
1309 3863 1512 3918 fecerit.
1552 3861 1683 3916 Nam
1721 3860 1863 3931 quod

282 3962 474 4016 mirum
500 3967 604 4024 est,
631 3974 734 4012 non
759 3957 920 4013 modo
943 3957 1058 4028 ipse
1084 3956 1344 4027 implevit,
1376 3955 1470 4011 sed
1498 3954 1630 4010 illud
1651 3969 1863 4024 quoque

280 4053 505 4122 largitus
532 4057 619 4105 est
643 4060 701 4105 ut
735 4066 833 4106 nos
865 4051 1227 4120 impleremus.
1257 4049 1407 4116 Quod
1439 4048 1638 4102 Paulus
1659 4047 1736 4102 sic
1762 4046 1861 4101 de-

275 4144 441 4198 clarat
474 4159 488 4194 :
538 4142 793 4210 Quoniam
821 4143 939 4211 ﬁnis
960 4143 1082 4212 legis
1110 4139 1341 4197 Christus
1361 4140 1428 4194 ad
1444 4139 1701 4210 justitiam
1723 4139 1862 4192 omni

273 4235 495 4290 credenti
525 4243 544 4306 (
571 4233 724 4288 Rom.
751 4233 837 4288 10.
871 4231 964 4305 4).
997 4233 1064 4287 Ει
1095 4242 1369 4302 peccatum
1401 4231 1546 4285 illum
1575 4229 1859 4286 damnasse

272 4326 401 4382 dicit
425 4327 477 4381 in
502 4340 666 4382 carne
694 4343 708 4379 :
743 4323 810 4379 Ut
823 4324 1130 4395 justiﬁcatio
1151 4325 1275 4392 legis
1294 4322 1585 4392 impleretur
1610 4322 1664 4375 in
1694 4320 1856 4384 nobis,

271 4420 358 4488 qui
410 4434 514 4472 non
559 4417 836 4472 secundum
870 4431 1072 4469 carnem
1115 4414 1434 4468 ambulamus
1461 4414 1480 4485 (
1508 4412 1625 4467 Ibid
1677 4413 1730 4469 8.
1758 4411 1855 4484 4).

270 4509 340 4564 ει
367 4522 583 4563 rursum
614 4524 628 4562 :
661 4505 845 4578 Legem
873 4522 991 4578 ergo
1017 4506 1322 4559 destruimus
1345 4521 1436 4575 per
1461 4505 1613 4574 ﬁdem
1635 4504 1662 4559 ?
1693 4504 1855 4561 Absit.

267 4601 378 4654 Sed
419 4601 584 4670 legem
627 4599 894 4654 statuimus
941 4596 1122 4669 (Ibid.
1153 4598 1206 4652 δ.
1248 4596 1308 4652 st
1341 4597 1382 4667 ).
1427 4598 1560 4664 Quia
1599 4594 1744 4652 enim
1770 4598 1854 4652 lex

265 4691 519 4746 studebat
546 4689 820 4746 hominem
848 4690 1026 4746 facere
1052 4688 1280 4759 justum,
1315 4689 1410 4746 sed
1440 4689 1808 4745 inﬁrmabatur
1836 4707 1852 4756 ;

266 4781 492 4837 veniens
513 4780 650 4852 ipse,
664 4789 721 4837 et
749 4781 965 4836 modum
985 4780 1208 4850 justitize
1237 4780 1516 4845 inducens,
1545 4795 1737 4850 nempe
1760 4795 1856 4850 per

270 4874 459 4938 ﬁdem,
485 4872 620 4942 legis
647 4873 976 4928 voluntatem
1006 4873 1230 4940 statuit;
1257 4881 1312 4929 et
1336 4873 1477 4944 quod
1503 4873 1590 4928 illa
1620 4887 1726 4927 non
1753 4887 1853 4943 po-

269 4976 451 5022 tuerat
478 4981 576 5036 per
596 4966 799 5032 literas,
832 4965 882 5020 id
903 4966 1017 5037 ipse
1037 4981 1133 5036 per
1151 4965 1310 5022 ﬁdem
1332 4965 1574 5038 perfecit.
1593 4964 1850 5038 Propter-

265 5073 328 5113 ea
353 5058 524 5128 inquit
555 5076 570 5113 :
595 5057 716 5113 Non
741 5058 854 5113 veni
878 5059 1068 5114 solvere
1091 5059 1270 5129 legem.

333 5149 393 5204 5.
434 5147 624 5204 Christi
643 5160 895 5220 praecepta
917 5159 1035 5204 sunt
1064 5149 1480 5220 complementum
1504 5148 1629 5222 legis
1652 5149 1847 5204 veteris.

261 5269 333 5283 -—
356 5240 412 5297 Si
441 5241 563 5312 quis
587 5255 716 5297 vero
739 5240 1024 5311 diligenter
1040 5243 1302 5311 exploret,
1324 5241 1485 5296 alium
1510 5255 1724 5312 quoque
1745 5249 1850 5296 ter-

260 5335 396 5388 tium
417 5334 635 5390 modum
663 5335 915 5400 inveniet,
936 5350 1044 5406 quo
1065 5334 1115 5389 id
1134 5335 1326 5390 factum
1349 5343 1449 5390 est.
1469 5335 1636 5404 Quem
1660 5334 1849 5390 illum?

259 5422 372 5478 Per
416 5434 686 5497 praecepta
733 5442 852 5496 qua:
901 5426 1124 5481 daturus
1158 5433 1291 5481 erat.
1323 5425 1507 5495 Neque
1544 5427 1690 5481 enim
1731 5433 1848 5480 erat

259 5515 539 5585 abrogatto
583 5518 842 5588 priorum,
881 5518 980 5576 sed
1023 5518 1264 5574 extensio
1301 5528 1356 5574 et
1397 5519 1844 5588 complementum

254 5616 413 5663 erant
462 5625 524 5666 ea
566 5610 686 5680 qua:
711 5609 1045 5667 dicebantur.
1092 5608 1226 5665 Nam
1257 5624 1362 5664 non
1393 5607 1670 5664 occidendi
1711 5623 1846 5679 prae-

261 5709 482 5770 ceptum
507 5718 612 5759 non
633 5702 918 5774 abrogatur
937 5717 970 5759 tt
997 5709 1266 5776 praecepto
1281 5717 1388 5760 non
1416 5699 1677 5761 irascendi
1701 5716 1717 5771 ;
1746 5698 1842 5758 sed

1463 255 1528 310 IN
1560 248 1970 310 MATTIIIEUM
2010 250 2239 310 HOIIIL.
2283 255 2423 316 XVI.

3493 272 3600 330 242

2018 370 2470 440 complementum
2499 384 2581 431 est
2604 375 2671 432 ad
2696 377 2953 449 majorem
2984 382 3281 438 cautionem
3309 399 3326 440 ι
3370 395 3424 440 et
3455 387 3595 441 idem

2014 459 2224 516 dicatur
2244 462 2312 519 de
2338 467 2548 522 caneris
2579 470 2853 526 omnibus.
2881 470 3109 543 Ideoque
3143 489 3265 528 cum
3295 473 3482 530 horum
3511 493 3597 532 sc-

2013 551 2158 606 miua
2196 555 2310 610 sine
2337 557 2512 628 aliqua
2540 561 2842 630 suspicione
2872 563 3017 632 prius
3043 566 3342 633 sparsisset,
3382 568 3598 637 quando

2011 643 2206 701 clarius
2249 664 2314 703 ex
2361 653 2761 722 comparatione
2798 660 3037 711 veterum
3078 665 3133 712 et
3159 674 3418 714 novorum
3450 660 3596 730 lega-

2012 736 2140 793 lium
2171 752 2230 793 ut
2257 740 2545 798 adversans
2576 745 2678 817 legi
2709 745 2764 801 in
2784 749 3141 818 suspicionem
3164 751 3434 805 vocandus
3455 760 3591 817 erat,

2011 833 2207 901 prmvia
2250 835 2337 889 illa
2374 838 2618 894 cautione
2646 855 2772 895 usus
2799 851 2900 896 est.
2945 842 3154 898 Etenim
3202 843 3309 913 jam
3342 845 3426 898 illa
3457 845 3591 898 mni-

2009 925 2237 993 gmatice
2282 926 2498 984 fundata
2529 943 2681 986 erant
2709 948 2806 1002 per
2840 949 2901 989 ea
2933 951 3052 1005 qua:
3092 936 3230 990 dicta
3261 935 3488 992 fuerant.
3522 937 3591 990 Il-

2011 1013 2100 1069 lud
2139 1017 2306 1081 enim,
2337 1018 2480 1074 Beati
2519 1039 2763 1092 pauperes
2803 1026 3009 1093 spiritu,
3043 1027 3270 1096 idipsum
3301 1038 3383 1083 est
3423 1028 3590 1098 quod.

2011 1104 2096 1161 Ne
2142 1110 2470 1166 irascimini:
2495 1124 2550 1168 et
2597 1115 2748 1183 illud,
2794 1114 2939 1170 Beati
2977 1119 3164 1173 mundo
3202 1120 3382 1184 corde,
3415 1121 3590 1175 simile

2009 1199 2132 1255 huic
2158 1211 2425 1273 praecepto
2450 1215 2554 1271 est,
2604 1223 2708 1262 non
2736 1209 3126 1278 respiciendam
3165 1227 3284 1266 esse
3309 1213 3586 1269 mulierem

2005 1293 2071 1346 ad
2098 1297 2585 1365 concupiscendum
2625 1316 2744 1355 eam
2773 1318 2789 1360 ;
2815 1313 2868 1357 et
2906 1303 3056 1369 illud,
3088 1321 3192 1359 non
3222 1306 3588 1362 thesaurizan-

2005 1384 2130 1439 dum
2172 1402 2292 1442 esse
2318 1387 2598 1445 thesauros
2625 1392 2676 1446 in
2706 1401 2868 1458 terra,
2899 1393 3022 1449 huic
3047 1397 3242 1450 accinit
3269 1413 3282 1450 :
3312 1397 3457 1452 Beati
3486 1399 3586 1452 mi-

2007 1477 2287 1532 sericordes
2313 1496 2334 1545 ;
2361 1490 2415 1534 et
2459 1481 2608 1548 illud,
2640 1483 2840 1554 lugere,
2871 1487 3368 1555 persequutionibus
3403 1497 3457 1543 et
3493 1505 3588 1559 op-

2006 1566 2233 1634 probriis
2263 1569 2466 1639 impeti,
2497 1573 2602 1627 tale
2635 1581 2737 1637 est,
2774 1576 2929 1644 quale
2961 1576 3158 1631 intrare
3189 1592 3285 1646 per
3305 1589 3582 1648 angustam

2004 1667 2249 1727 portam;
2295 1670 2349 1715 et
2390 1661 2519 1716 illud
2550 1704 2564 1727 ,
2597 1666 2806 1720 esurire
2850 1673 2904 1720 et
2947 1666 3096 1720 sitire
3119 1667 3416 1736 justitiam,
3452 1669 3585 1724 nihil

2000 1749 2145 1806 aliud
2183 1761 2451 1823 estquam
2493 1754 2542 1809 id
2567 1796 2582 1818 ,
2629 1757 2770 1826 quod
2814 1767 2998 1827 postea
3044 1759 3172 1814 dicit
3204 1777 3219 1814 :
3249 1759 3586 1830 Quacumque

1999 1842 2150 1896 uultis
2175 1852 2231 1895 ut
2256 1845 2444 1914 faciant
2469 1845 2605 1900 vobis
2625 1847 2869 1913 homines,
2892 1859 2938 1902 et
2959 1865 3044 1905 vos
3070 1851 3219 1921 facite
3245 1851 3347 1906 illis
3370 1851 3580 1923 (Matth.

2000 1932 2051 1987 7.
2083 1933 2192 2001 I2).
2223 1934 2289 1989 Et
2314 1950 2432 1990 cum
2455 1937 2733 2006 paciﬁcum
2759 1940 3078 2008 appellasset
3097 1942 3334 2010 beatum,
3353 1944 3579 2014 idipsum

1998 2037 2164 2093 prope
2193 2025 2360 2090 dixit,
2407 2026 2548 2096 quod
2582 2043 2704 2082 cum
2741 2029 2904 2097 jussit
2942 2031 3240 2101 relinquere
3276 2033 3496 2101 donum,
3528 2045 3584 2090 et

1997 2115 2251 2172 festinare
2295 2116 2362 2172 ad
2401 2117 2660 2174 oll‘ensum
2705 2119 2920 2175 fratrem
2949 2122 3048 2176 sibi
3089 2124 3576 2190 reconciliandum,

1996 2214 2051 2261 et
2079 2206 2392 2262 benevolum
2431 2225 2552 2264 esse
2589 2209 2919 2266 adversario.
2953 2212 3057 2267 Sed
3086 2213 3157 2269 ibi
3187 2215 3403 2285 quidem
3435 2233 3577 2287 prai-

1995 2298 2098 2351 mia
2146 2308 2293 2353 recte
2333 2301 2667 2370 operantium
2718 2304 2940 2371 posuit:
2976 2304 3060 2358 hic
3103 2320 3233 2360 vero
3279 2323 3385 2362 non
3431 2318 3578 2364 recte

1992 2391 2329 2458 operantium
2361 2393 2638 2462 supplicia.
2661 2394 2998 2464 Quapropter
3014 2396 3082 2451 ibi
3105 2398 3318 2467 quidem
3343 2399 3574 2467 dicebat,

1992 2480 2147 2536 mites
2179 2490 2376 2536 terram
2400 2497 2742 2553 possessuros
2769 2500 2888 2540 esse
2912 2503 2927 2550 ;
2958 2489 3043 2542 hic
3065 2503 3192 2542 vero
3217 2490 3309 2556 ait,
3334 2505 3456 2544 eum
3483 2491 3574 2562 qui

1991 2573 2207 2629 fratrem
2235 2591 2388 2631 suum
2427 2575 2626 2632 fatuum
2667 2580 2954 2645 vocaverit,
2983 2596 3132 2636 reum
3175 2583 3286 2637 fore
3314 2584 3573 2654 gehennae

1990 2663 2144 2738 ignis.
2176 2666 2286 2721 Illic
2307 2668 2434 2723 item
2460 2669 2594 2724 dixit
2619 2671 2847 2725 mundos
2877 2672 3039 2729 corde
3070 2673 3235 2729 Deum
3274 2691 3395 2730 esse
3423 2677 3567 2730 visu-

1987 2772 2078 2813 ros
2103 2775 2118 2823 ;
2151 2757 2240 2813 hic
2267 2775 2396 2815 vero
2423 2777 2569 2828 eum,
2596 2763 2687 2832 qui
2728 2763 3007 2833 impudicis
3048 2766 3217 2819 oculis
3246 2769 3562 2836 respexerit,

1987 2863 2108 2904 esse
2131 2865 2257 2906 vere
2301 2852 2567 2907 nicechum
2598 2871 2614 2920 ;
2643 2869 2706 2909 ac
2729 2870 2850 2910 cttm
2883 2857 2990 2911 illic
3031 2857 3278 2926 paciﬁcos
3306 2858 3442 2914 ﬁlios
3473 2859 3566 2916 Dei

1985 2949 2246 3005 vocasset,
2275 2941 2362 2997 hic
2399 2942 2499 2998 alia
2533 2945 2740 3000 ratione
2783 2946 3020 3002 deterret
3060 2948 3285 3003 dicens:
3317 2949 3402 3003 Ne
3436 2953 3566 3022 forte

1984 3030 2150 3084 tradat
2188 3042 2234 3086 te
2276 3033 2595 3090 adversarius
2617 3038 2808 3107 judici.
2840 3038 2929 3094 Sic
2957 3050 3012 3094 et
3038 3041 3280 3108 lugentes
3302 3050 3355 3096 et
3380 3057 3562 3111 perse-

1980 3124 2292 3190 quutionem
2330 3127 2591 3196 patientes
2635 3144 2757 3184 cum
2789 3130 2972 3185 beatos
2997 3133 3244 3201 superius
3272 3133 3561 3202 praedicas-

1979 3223 2095 3279 set,
2130 3217 2181 3270 in
2212 3220 2556 3289 sequentibus
2587 3221 2814 3290 idipsum
2853 3230 3106 3288 tractans,
3142 3223 3430 3292 perniciem
3475 3223 3558 3278 in-

1981 3309 2298 3364 terminatur
2344 3311 2411 3365 iis
2438 3313 2525 3382 qui
2578 3329 2685 3367 non
2734 3313 2921 3368 eadem
2973 3315 3085 3384 ipsa
3130 3316 3212 3369 via
3257 3315 3557 3371 incedunt:

1977 3416 2100 3456 nam
2139 3404 2228 3473 qui
2272 3419 2365 3472 per
2401 3406 2689 3474 Spatiosam
2732 3407 2869 3461 viam
2898 3407 3194 3475 ambulant,
3229 3406 3418 3478 inquit,
3447 3407 3558 3463 illic

1975 3503 2217 3561 pereunt.
2251 3492 2356 3548 Sed
2379 3504 2433 3550 ct
2463 3497 2611 3563 illud,
2650 3497 2768 3551 Non
2796 3498 3000 3567 potestis
3030 3498 3137 3551 Deo
3163 3499 3350 3554 servire
3375 3509 3422 3552 et
3447 3516 3557 3554 ma-

1972 3604 2136 3641 mona:
2158 3587 2370 3660 (Matth.
2401 3587 2456 3655 σ,
2479 3591 2594 3662 24),
2629 3583 2749 3646 huic
2771 3591 2915 3646 dicto
2941 3592 3117 3647 simile
3146 3593 3276 3647 mihi
3297 3592 3506 3648 videtur
3535 3611 3551 3648 :

1970 3677 2116 3733 Beati
2131 3681 2499 3747 misericordes,
2531 3692 2606 3745 ct,
2637 3683 2736 3749 Qui
2771 3685 3000 3738 esuriunt
3019 3684 3296 3755 justitiam.
3327 3685 3551 3754 Verum,

1970 3781 2028 3824 ut
2069 3773 2388 3842 prtemonui,
2439 3774 2563 3844 quia
2613 3773 2729 3830 hanc
2776 3775 2975 3832 clarius
3004 3775 3247 3832 dicturus
3296 3786 3399 3845 est,
3447 3792 3549 3834 nec

1968 3864 2164 3918 clarius
2205 3865 2364 3919 modo
2393 3865 2654 3931 dicturus,
2687 3865 2781 3922 sed
2811 3868 2973 3922 etiam
3004 3868 3155 3938 plura
3197 3867 3360 3923 dictis
3401 3868 3552 3938 adje-

1965 3966 2149 4011 cturus
2177 3956 2318 4028 (non
2358 3960 2500 4013 enim
2540 3958 2652 4028 jam
2683 3959 3086 4014 misericordem
3110 3969 3312 4014 tantum
3335 3963 3546 4031 qumrit,

1965 4051 2058 4106 sed
2086 4051 2246 4105 etiam
2279 4052 2452 4105 tunica
2499 4061 2550 4106 te
2593 4053 2713 4105 exui
2753 4051 2942 4121 jubet;
2990 4067 3089 4107 nec
3132 4053 3312 4107 mitem
3340 4053 3546 4108 solum-

1966 4142 2125 4195 modo
2146 4183 2159 4204 ,
2189 4140 2282 4197 sed
2315 4149 2369 4196 et
2401 4151 2457 4196 ut
2484 4141 2640 4195 aliam
2668 4142 2935 4196 maxillam
2960 4151 3240 4197 convertas
3270 4145 3548 4212 percutere

1963 4233 2229 4304 volenti),
2273 4234 2442 4300 illam,
2485 4249 2603 4304 qua:
2641 4234 2918 4290 videbatur
2959 4250 3100 4303 esse,
3141 4237 3545 4307 repugnantiam

1962 4333 2016 4378 et
2043 4327 2474 4380 contrarietatem
2499 4326 2644 4395 prius
2685 4327 2837 4381 tollit.
2869 4325 3118 4396 Ideoque,
3150 4336 3207 4381 ut
3231 4343 3389 4397 supra
3410 4329 3543 4395 dixi,

1964 4430 2066 4469 non
2089 4416 2251 4471 semel
2284 4425 2486 4470 tantum
2518 4416 2620 4471 hoc
2650 4417 2886 4486 protulit,
2913 4416 3005 4471 sed
3038 4416 3137 4470 bis.
3159 4417 3290 4472 Cum
3313 4416 3545 4474 dixisset

1960 4507 2123 4569 enim,
2156 4506 2330 4562 Nolite
2352 4518 2549 4577 putare,
2567 4507 2702 4579 quod
2727 4508 2940 4562 venerim
2966 4507 3156 4563 solvere
3181 4507 3359 4580 legem,
3388 4509 3543 4578 adje-

1960 4599 2032 4653 cit
2063 4616 2074 4651 :
2102 4596 2221 4652 Non
2243 4599 2352 4652 veni
2378 4599 2585 4665 solvere,
2615 4598 2704 4653 sed
2724 4598 3021 4670 adimplere.
3046 4599 3274 4655 Rursum
3302 4603 3377 4654 ait
3406 4619 3417 4653 :
3451 4601 3539 4657 l8.

1960 4691 2118 4745 Amen
2151 4692 2338 4761 quippe
2361 4691 2473 4744 dico
2503 4690 2657 4757 vobis,
2683 4690 2843 4744 donec
2867 4700 3088 4745 transeat
3113 4692 3294 4745 ctelum
3314 4700 3358 4745 et
3385 4702 3542 4758 terra,

1957 4782 2062 4835 iota
2086 4798 2244 4834 unum
2281 4791 2371 4834 aut
2411 4797 2545 4834 unus
2587 4798 2720 4852 apex
2748 4799 2849 4836 non
2879 4781 3150 4850 prwteribit
3172 4798 3205 4836 a
3231 4780 3358 4853 lege,
3381 4783 3542 4837 donec

1957 4873 2127 4926 omnia
2153 4871 2297 4940 ﬁant.
2321 4871 2472 4938 Quod
2497 4883 2672 4926 autem
2698 4872 2843 4937 dicit,
2863 4871 3164 4941 hujusmodi
3185 4881 3268 4928 est
3298 4889 3313 4927 :
3341 4872 3541 4942 Impos-

1955 4963 2112 5027 sihile
2141 4972 2222 5018 est
2267 4978 2372 5017 non
2409 4963 2678 5033 impletam
2717 4979 2969 5030 "latuere,
3001 4963 3095 5018 sed
3139 4964 3222 5019 vel
3260 4963 3538 5019 minimum

1955 5056 2200 5126 quodque
2246 5055 2363 5126 ejus
2408 5056 2615 5125 impleri
2678 5065 2904 5125 oportet.
2937 5055 3088 5122 Quod
3131 5054 3246 5125 ipse
3287 5055 3408 5112 fecit
3446 5057 3537 5126 qui

1954 5155 2202 5203 accurate
2231 5147 2407 5201 omnia
2439 5147 2699 5217 implevit.
2728 5147 2824 5204 llic
2857 5156 3036 5200 autem
3068 5146 3221 5202 nobis
3240 5146 3540 5204 subindit‘at

1955 5239 2120 5294 totius
2161 5236 2342 5292 mundi
2390 5237 2613 5307 ﬁguram
2665 5237 3048 5293 immutandam
3083 5252 3222 5294 esse.
3266 5237 3378 5295 Nec
3420 5240 3539 5295 sine

1953 5346 2112 5385 causa
2141 5329 2194 5385 id
2223 5331 2420 5401 posuit,
2461 5331 2554 5386 sed
2586 5341 2642 5385 ut
2670 5332 2902 5402 erigeret
2928 5330 3256 5398 auditorem,
3284 5331 3537 5387 ostende-

1953 5433 2144 5494 retque
2171 5437 2230 5478 se
2263 5423 2384 5493 jure
2413 5423 2573 5478 aliam
2605 5423 2857 5479 inducere
2876 5423 3212 5494 disciplinam
3241 5441 3256 5478 :
3286 5425 3332 5479 si
3356 5423 3539 5479 omnia

1952 5531 2074 5587 qua:
2101 5516 2155 5570 in
2183 5515 2383 5584 mundo
2408 5523 2532 5571 sunt
2560 5516 2814 5571 mutanda
2841 5517 2966 5582 sint,
2990 5526 3042 5572 et
3067 5516 3112 5570 si
3138 5515 3408 5571 hominum
3438 5531 3533 5587 ge-

1951 5623 2054 5662 nus
2097 5607 2166 5662 ad
2216 5609 2372 5662 aliam
2418 5609 2642 5679 patriam
2686 5609 2756 5663 sit
2794 5608 3126 5674 vocandum,
3173 5608 3534 5664 sublimiorem

1954 5699 2243 5773 praeparari
2271 5700 2454 5757 vitam.
2502 5701 2586 5758 l9.
2636 5699 2946 5774 Quicumque
2983 5715 3106 5773 ergo
3145 5700 3532 5756 solveritunum
