4050 6364
489 303 599 358 245

485 422 555 474 de
581 419 835 474 mandatis
862 419 969 475 istis
995 419 1236 486 minimis,
1268 428 1320 474 et
1355 419 1578 474 docuerit
1600 418 1673 474 sic
1699 418 1943 485 homines,
1971 434 2070 471 tnt-

483 515 657 568 nimus
683 513 943 568 vocabitur
964 513 1019 568 in
1052 529 1208 584 regno
1231 512 1490 567 calorum.
1535 512 1821 582 Postquam
1848 511 1988 566 enim
2014 523 2076 567 se

486 623 516 662 η
545 607 681 662 mala
708 607 1012 676 suspicione
1049 605 1350 671 vindicavit,
1383 614 1438 661 et
1459 620 1644 661 eorum
1677 605 1765 676 qui
1799 604 2074 660 contradi-

481 715 612 756 cere
636 699 834 754 vellent
870 713 968 754 ora
997 697 1258 761 obstruit,
1301 707 1424 752 tunc
1461 697 1674 753 demunt
1714 706 1768 752 et
1797 705 1992 762 terret,
2020 705 2075 752 et

480 790 662 846 minas
687 789 920 861 graviter
949 791 1174 844 intentat
1199 804 1362 860 super
1389 789 1564 844 futura
1585 789 1721 860 lege.
1749 788 1901 857 Quod
1929 790 2071 845 enim

478 884 540 940 ‘id
583 901 688 939 non
723 884 791 940 de
819 883 1052 953 antiquis
1077 874 1283 953 legibus
1305 882 1534 948 dixerit,
1578 883 1672 939 sed
1707 883 1775 938 de
1810 883 1912 938 illis
1943 897 2073 953 quas

478 977 601 1044 ipse
625 977 826 1031 laturus
851 984 988 1042 crat,
1008 977 1130 1031 audi
1158 976 1448 1046 sequentia.
1473 975 1563 1031 20.
1591 975 1718 1029 Dico
1740 977 1872 1030 enim
1897 975 2033 1031 vobis
2053 991 2073 1032 .‘

488 1063 608 1122 Nisi
635 1066 961 1122 abundaverit
979 1067 1182 1138 justitia
1209 1076 1372 1122 vestra
1404 1069 1520 1138 plus
1542 1084 1694 1138 quant
1718 1067 1993 1122 scribarum
2025 1077 2073 1121 et

482 1158 886 1224 vPItaristeorum,
909 1176 1010 1213 non
1035 1159 1287 1215 in'trabitis
1311 1161 1366 1213 in
1401 1177 1609 1231 regnum
1634 1160 1892 1215 ca'lorum.
1919 1161 2072 1228 Quod

476 1251 529 1304 si
557 1251 698 1306 circa
723 1260 959 1306 veterem
986 1251 1156 1320 legem
1202 1253 1515 1316 minaretur,
1547 1266 1645 1306 cur
1671 1251 1917 1318 dixisset,
1943 1250 2073 1306 'Nt'si

477 1342 854 1398 abundaverit?
879 1341 921 1398 li
942 1345 1084 1399 enim
1106 1343 1196 1414 qui
1218 1344 1405 1400 eadem
1437 1344 1549 1416 ipsa
1567 1386 1584 1411 ,
1608 1361 1728 1416 qua:
1755 1345 1828 1400 illi
1853 1388 1868 1412 ,
1906 1345 2072 1402 facie-

477 1434 629 1500 ‘baut,
656 1449 760 1490 non
787 1445 1033 1506 poterant
1059 1436 1352 1491 secundum
1377 1437 1596 1507 justitiae
1623 1437 1882 1493 rationem
1905 1439 2071 1495 abun-

475 1526 632 1582 dare.
653 1526 756 1582 Sed
782 1528 907 1598 quid
936 1537 1048 1583 erat
1078 1528 1205 1583 illud
1228 1528 1369 1598 quod
1389 1528 1733 1584 abundabat?
1753 1529 1866 1585 Non
1889 1529 2065 1600 irasci,

477 1619 761 1674 mulierem
800 1636 905 1674 non
938 1619 1205 1690 impudice
1244 1622 1535 1691 respicere.

553 1712 608 1766 4.
648 1710 758 1766 Cur
803 1727 931 1782 ergo
963 1711 1211 1766 minimas
1252 1712 1368 1766 illas
1407 1713 1615 1769 vocavit
1665 1715 1830 1785 leges,
1859 1715 2069 1775 etiarnsi

475 1810 644 1856 'tantte
690 1810 903 1874 tamque
930 1802 1185 1857 sublimes
1222 1802 1376 1858 sint?
1406 1803 1538 1872 Quia
1571 1805 1684 1875 ipse
1711 1807 1878 1877 legem
1909 1809 2068 1864 indu-

472 1903 664 1948 cturus
690 1901 823 1948 erat.
852 1892 1003 1950 Sicut
1023 1894 1164 1948 enim
1191 1909 1250 1950 se
1275 1893 1536 1962 humiliat,
1569 1907 1624 1952 et
1647 1897 1888 1954 modeste
1923 1915 2068 1970 saepe

473 1989 547 2044 de
573 1989 751 2060 seipse
780 1989 1013 2060 loquitur
1041 2007 1054 2044 :
1085 1991 1163 2044 sic
1188 1990 1348 2045 etiam
1371 1991 1511 2046 circa
1543 1991 1712 2062 legem
1742 2007 1892 2048 suam
1915 1996 2062 2066 agit;

473 2092 536 2134 nt
562 2097 660 2136 nos
685 2099 898 2152 quoque
925 2081 1010 2138 hic
1035 2081 1226 2138 doceat
1254 2083 1305 2137 itt
1331 2083 1581 2139 omnibus
1610 2085 1850 2140 modeste
1882 2101 2062 2158 agere.

480 2173 730 2244 Alioquin
763 2185 940 2229 autem
983 2174 1104 2244 quia
1145 2175 1506 2229 innovationis
1547 2177 1781 2246 suSpicio
1820 2177 2061 2248 quaadam

468 2280 597 2319 esse
636 2265 946 2332 videbatur,
993 2265 1309 2321 demissiore
1337 2265 1549 2320 interim
1581 2267 1829 2337 loquendi
1869 2285 2064 2339 genere

381 2393 386 2399 -
477 2359 663 2412 utitur.
694 2357 828 2413 Cum
866 2374 992 2413 vero
1018 2358 1170 2412 audis
1194 2358 1469 2412 minimum
1499 2360 1550 2413 in
1582 2375 1748 2430 regno
1784 2362 2058 2430 ett-lorum,

469 2465 544 2504 ne
564 2449 702 2503 aliud
726 2449 1012 2520 suspiceris
1033 2466 1189 2520 quam
1215 2451 1514 2520 gehennam
1533 2461 1700 2520 atque
1719 2453 2058 2522 supplicium.

475 2540 716 2612 Regnum
745 2542 889 2596 enim
915 2543 1051 2596 solet
1080 2543 1370 2612 appellare,
1402 2558 1506 2597 non
1533 2544 1925 2602 usuml'ructum
1947 2565 2062 2602 mo-

468 2633 579 2700 do,
623 2635 714 2690 sed
755 2635 913 2689 etiam
957 2636 1360 2690 resurrectionis
1401 2645 1644 2706 tempus.
1685 2648 1739 2693 et
1776 2639 2059 2696 adventum

475 2725 627 2781 illum
671 2726 985 2781 terribilem.
1035 2725 1168 2782 Nam
1218 2727 1488 2797 quomodo
1535 2729 1725 2783 rationi
1772 2741 2058 2786 consenta—

474 2835 632 2874 neum
668 2829 854 2886 esset,
893 2835 1016 2876 eum
1055 2823 1145 2891 qui
1173 2819 1394 2875 fratrem
1425 2820 1645 2876 Stultum
1674 2833 1850 2890 vocat,
1882 2832 1937 2878 et
1969 2825 2060 2895 qui

472 2912 777 2968 mandatum
809 2930 969 2968 unum
992 2914 1175 2981 violat,
1205 2913 1256 2968 in
1274 2913 1578 2984 gehennam
1605 2915 1839 2971 incidere
1866 2934 1880 2980 ;
1911 2917 2058 2972 illum

473 3023 602 3062 vero
646 3008 734 3077 qui
771 3007 956 3061 omnia
992 3017 1260 3078 praecepta
1287 3007 1527 3071 solverit,
1560 3017 1614 3062 et
1655 3007 1789 3063 alios
1810 3008 1876 3064 ad
1917 3009 2057 3080 idip-

470 3114 588 3154 sum
617 3100 904 3165 induxerit,
937 3100 988 3154 in
1021 3115 1184 3170 regno
1211 3099 1373 3154 locari
1401 3101 1423 3153 ?
1447 3098 1562 3154 Non
1591 3099 1750 3170 igitur
1776 3101 1876 3156 hoc
1905 3101 2055 3168 dicit,

471 3192 565 3247 sed
598 3192 747 3247 illum
767 3207 832 3246 eo
863 3201 1103 3262 tempore
1143 3191 1420 3246 minimum
1452 3191 1710 3260 futurum,
1741 3193 1794 3248 id
1824 3203 1926 3260 est,
1964 3195 2060 3250 ab-

467 3284 688 3358 joctnm,
736 3284 999 3339 ultimum.
1032 3283 1264 3341 Ultimus
1305 3293 1482 3341 autem
1513 3295 1634 3342 tunc
1665 3287 1716 3341 in
1759 3288 2056 3358 gehennam

470 3375 686 3430 incidet.
735 3375 944 3430 Etenim
989 3385 1172 3446 utpote
1202 3376 1342 3451 Deus
1370 3377 1656 3432 multorum
1681 3381 2055 3450 negligentiam

472 3465 796 3534 prmvidehat
815 3507 828 3530 ,
857 3475 912 3520 et
934 3466 1192 3538 quosdam
1219 3465 1428 3524 futuros
1451 3484 1572 3525 esse
1596 3471 1686 3540 qui
1722 3470 1810 3525 illa
1835 3488 1929 3542 per
1954 3471 2056 3545 hy-

468 3557 722 3629 perbolen
767 3559 940 3614 solum
989 3559 1131 3615 dicta
1174 3575 1296 3616 esse
1340 3571 1624 3630 putarent,
1675 3571 1730 3616 et
1781 3562 1871 3634 qui
1913 3564 2053 3620 circa

469 3653 613 3723 leges
637 3652 1078 3708 ratiocinarentur
1097 3662 1149 3709 et
1166 3653 1408 3710 dicereut
1437 3672 1451 3710 :
1476 3654 1534 3711 Si
1554 3671 1684 3724 ergo
1709 3658 1827 3727 quis
1854 3657 2053 3715 fatuum

468 3745 758 3810 vocaverit,
785 3745 1003 3815 punitur
1025 3745 1050 3798 ?
1070 3745 1113 3799 si
1145 3746 1422 3800 mulierem
1463 3747 1780 3815 simpliciter
1799 3766 2053 3820 respexe-

468 3836 559 3900 rit,
589 3835 829 3890 mtechus
855 3833 1084 3890 efllcitur
1107 3837 1131 3890 ?
1171 3836 1296 3892 Ideo
1323 3837 1464 3892 illam
1496 3838 1690 3893 tollens
1716 3841 2050 3909 socordiam,

468 3931 643 3986 minas
685 3929 910 3985 intentat
939 3928 1196 3983 maximas
1222 3929 1500 3998 utrisque,
1530 3938 1584 3984 et
1612 3931 2054 4002 transgredienti-

467 4023 590 4087 hus,
619 4031 674 4077 et
698 4022 832 4076 alios
863 4021 927 4076 ad
959 4020 1061 4075 hoc
1091 4019 1482 4075 inducentibus.
1519 4021 1687 4076 Minas
1729 4024 1904 4094 itaque
1929 4039 2054 4080 cer-

467 4125 879 4184 nentes,.neque
899 4113 994 4183 ipsi
1021 4112 1490 4183 transgrediamur,
1515 4129 1685 4182 neque
1710 4113 1822 4169 haec
1841 4131 2055 4172 servare

469 4207 706 4260 volentes
751 4213 1078 4259 avertantus.
1134 4203 1236 4271 Qui
1279 4213 1445 4256 autent
1487 4205 1661 4275 fecerit
1698 4215 1748 4259 et
1793 4205 2050 4274 docuerit,

467 4299 658 4368 inquit,
711 4315 924 4370 magnus
968 4297 1243 4351 vocabitur.
1271 4295 1390 4350 Non
1437 4296 1579 4350 enim
1622 4297 1776 4352 nobis
1822 4307 2064 4366 tantum,

467 4390 562 4446 sed
599 4400 654 4446 et
702 4390 821 4444 aliis
865 4389 1022 4444 utiles
1065 4403 1187 4443 esse
1228 4387 1507 4443 debemus.
1553 4387 1738 4459 Neque
1771 4391 1912 4446 enim
1961 4407 2056 4462 par

467 4496 675 4537 merces
713 4492 795 4536 est
837 4481 886 4537 ei
927 4483 1101 4551 quise
1129 4480 1195 4536 all
1241 4489 1387 4536 recte
1430 4479 1726 4538 faciendum
1757 4494 2050 4554 comparat,

465 4581 523 4627 et
565 4572 617 4627 ei
671 4572 761 4643 qui
822 4587 1005 4626 secum
1063 4570 1228 4625 alium
1271 4570 1339 4625 ad
1385 4570 1437 4625 id
1483 4571 1717 4628 adducit.
1770 4573 2052 4641 Quemad-

467 4665 686 4720 modum
717 4665 860 4720 enitn
895 4664 1090 4720 docere
1128 4671 1187 4719 et
1227 4679 1332 4718 non
1373 4662 1565 4728 facere,
1601 4665 1921 4720 condemnat
1947 4665 2054 4720 do-

466 4768 712 4822 cenlem,
763 4758 929 4827 (nam
972 4757 1046 4811 ait
1077 4774 1090 4812 :
1128 4757 1231 4824 Qui
1272 4757 1420 4811 doces
1449 4757 1608 4811 alium
1631 4797 1648 4822 ,
1689 4758 1903 4827 teipsttnt
1948 4775 2053 4814 non

465 4852 612 4906 doces
641 4849 830 4924 [ηοω.
868 4849 924 4905 2.
953 4849 1154 4922 21])?
1197 4850 1275 4904 sic
1321 4849 1514 4916 facere,
1560 4865 1660 4906 nec
1705 4851 1838 4905 alios
1883 4851 1950 4906 ad
1980 4851 2054 4906 ia-

466 4942 716 5000 ciendum
747 4941 1000 4998 inducere
1019 4983 1034 5008 ,
1062 4941 1363 4997 mercedem
1391 4941 1599 4995 minuit.
1639 4941 1862 5011 Oportet
1897 4941 2054 5013 igitur

466 5036 520 5091 in
566 5043 792 5106 utroque
830 5049 1138 5104 supremum
1176 5048 1316 5098 esse,
1356 5041 1412 5088 et
1456 5048 1576 5087 cum
1623 5041 1675 5087 te
1711 5033 1940 5102 priorem
1984 5032 2052 5089 ad

464 5126 902 5184 bcucfaciendum
945 5123 1216 5181 induxeris
1239 5166 1256 5192 ,
1291 5124 1355 5179 ad
1395 5123 1621 5180 aliorum
1654 5139 1836 5179 curam
1873 5133 2051 5179 trans-

461 5219 698 5278 eundum
738 5227 838 5274 est.
857 5284 861 5290 _
881 5216 1084 5274 Idcirco
1107 5215 1248 5272 enim
1276 5215 1390 5285 ipse
1415 5230 1576 5286 opera
1606 5224 1732 5270 ante
1755 5215 2052 5270 doctrinam

466 5315 666 5385 posuit,
711 5311 1004 5369 ostendens
1046 5311 1126 5367 sic
1148 5310 1351 5380 optime
1397 5307 1641 5380 quemvis
1679 5324 1738 5364 se
1764 5308 1832 5364 ad
1861 5307 2052 5364 docen-

460 5407 592 5462 du
618 5419 960 5475 comparare,
991 5417 1166 5474 neque
1191 5401 1299 5456 alio
1337 5401 1497 5456 modo
1526 5415 1796 5471 umquam.
1828 5397 2054 5455 Auditu-

463 5514 560 5555 ηε
596 5508 740 5555 esset
769 5498 913 5554 enim
935 5539 951 5565 ,
979 5495 1198 5562 Medico,
1233 5510 1360 5548 cura
1385 5493 1600 5562 teipsunt
1639 5492 1659 5561 (
1683 5489 1809 5546 Luc.
1836 5491 1892 5546 4.
1913 5490 1986 5545 25
2006 5488 2051 5558 ).

464 5593 568 5661 Qui
604 5593 748 5650 enim
785 5607 906 5648 cum
951 5591 1188 5661 seipsum
1231 5588 1426 5643 docere
1461 5601 1567 5640 non
1611 5585 1874 5655 patuerit,
1919 5583 2055 5638 alios

472 5683 766 5740 emendare
788 5690 1036 5748 conatur,
1068 5695 1099 5735 a
1133 5677 1312 5734 multis
1338 5675 1644 5733 irridebitur
1675 5693 1693 5740 ;
1721 5675 1830 5730 imo
1857 5689 1925 5729 ne
1951 5673 2052 5730 do-

461 5793 591 5834 cere
635 5777 849 5849 quidem
899 5774 987 5833 ille
1029 5773 1256 5847 poterit,
1300 5770 1430 5844 ipsis
1477 5769 1725 5842 operibus
1776 5766 2044 5824 contraria

1237 302 1293 359 S.
1334 302 1610 360 JOANNIS
1649 299 2119 363 CllltYSOSTOMl
2156 299 2478 362 ARCHIEP.
2515 305 3053 368 CONSTAN'HNOP.

3661 311 3771 376 ‘2“

2180 420 2609 480 testificantihus.
2654 422 2710 480 Si
2749 439 2879 481 vero
2923 426 2978 482 in
3019 434 3246 498 utroque
3288 425 3560 500 perfectus
3587 425 3772 492 fuerit,

2180 528 2404 584 magnus
2432 513 2711 571 vocabitur
2744 518 2796 572 in
2832 531 2999 588 regno
3022 518 3296 574 caelorum.
3337 517 3469 574 Dico
3513 521 3651 573 enim
3681 536 3772 574 vo-

2181 604 2277 672 bis,
2313 604 2433 661 Nisi
2458 607 2782 663 abundaverit
2810 611 3012 681 justitia
3047 619 3209 664 uestra
3237 611 3353 680 plus
3383 627 3538 682 quant
3574 611 3774 666 scriba-

2178 711 2294 750 rum
2317 695 2781 765 “Pharisaeorum,
2807 716 2909 754 non
2924 698 3174 754 intrabitis
3193 701 3245 754 in
3265 717 3478 772 regnum
3503 702 3769 756 caelorum.

2180 785 2277 842 llic
2313 787 2602 857 justitiam,
2646 804 2860 845 omnem
2901 801 3056 847 vocat
3092 791 3381 857 virtutem;
3422 794 3668 848 utetiam
3704 792 3776 847 de

2177 880 2314 935 .lobo
2335 897 2559 937 narrans
2583 881 2795 938 dicebat
2821 901 2834 938 :
2868 883 2938 938 Et
2964 894 3072 939 erat
3100 884 3251 939 homo
3276 884 3771 955 irrepreheusibilis,

2177 971 2343 1039 iustus
2383 972 2525 1044 (Job
2567 973 2746 1044 1.1).
2804 972 3109 1029 Secundum
3155 973 3295 1029 hanc
3327 974 3772 1045 justiﬁeationem

2174 1063 2377 1132 justum
2422 1064 2568 1120 illum
2613 1065 2808 1121 Paulus
2858 1066 3118 1132 vocabat,
3147 1067 3237 1122 cui
3271 1066 3447 1138 legem
3474 1083 3582 1122 non
3618 1068 3772 1138 posi-

2179 1163 2286 1209 tam
2338 1170 2459 1210 esse
2503 1155 2716 1212 dicebat
2761 1175 2775 1211 :
2825 1156 2976 1212 Iusto
3020 1159 3154 1212 enim
3202 1159 3289 1214 lea:
3333 1175 3438 1213 non
3479 1160 3646 1227 posita
3698 1168 3775 1214 est

2175 1246 2276 1316 (1.
2303 1246 2440 1304 Tim.
2473 1249 2524 1303 1.
2555 1249 2656 1319 9),
2703 1249 2894 1321 inquit.
2939 1250 3200 1322 Saepeque
3247 1251 3373 1306 alibi
3419 1251 3522 1306 hoc
3568 1267 3770 1306 nomen

2178 1355 2275 1409 pro
2293 1342 2529 1410 generali
2555 1343 2752 1398 virtute
2779 1344 3009 1413 positum
3036 1344 3274 1415 reperire
3290 1353 3374 1400 est
3395 1343 3499 1415 (a).
3527 1343 3606 1400 Tu
3634 1359 3764 1400 ver:

2177 1432 2306 1486 mihi
2355 1433 2626 1503 perpende
2655 1438 2842 1505 gratiae
2879 1445 3221 1505 augmentum
3243 1479 3258 1501 ,
3287 1437 3504 1508 quando
3530 1436 3769 1506 discipu-

2176 1522 2258 1576 los
2303 1522 2476 1578 adhuc
2517 1523 2679 1579 rudes
2721 1524 2836 1579 vult
2879 1527 3077 1582 veteris
3127 1526 3260 1597 legis
3293 1527 3602 1583 doctoribus
3643 1543 3771 1584 esse

2175 1615 2446 1671 meliores.
2491 1614 2707 1672 Scribas
2751 1626 2928 1673 autem
2965 1627 3021 1674 et
3057 1619 3356 1674 Pharisaeos
3403 1619 3488 1675 hic
3517 1635 3623 1676 non
3656 1620 3769 1675 im-

2176 1707 2373 1778 probos
2417 1721 2823 1776 commemorat,
2857 1710 2953 1766 sed
3005 1711 3248 1782 probos;
3291 1713 3394 1768 nisi
3431 1715 3574 1769 enim
3605 1714 3766 1784 probi

2173 1810 2386 1868 essent,
2420 1816 2755 1872 nequaquam
2779 1817 2878 1858 eos
2908 1803 3111 1860 diceret
3137 1803 3334 1860 habere
3353 1803 3633 1874 justitiam,
3667 1821 3770 1862 ne-

2169 1907 2275 1963 que
2291 1892 2550 1962 justitiam
2572 1908 2680 1948 non
2701 1894 3046 1950 exsistentcm
3075 1908 3196 1950 cum
3217 1896 3511 1952 exsistente
3534 1911 3763 1966 compa-

2169 1993 2330 2039 raret.
2363 1983 2640 2054 Perpende
2677 1991 2856 2039 autem
2883 1984 2989 2041 hoc
3013 1986 3132 2042 loco
3167 1987 3436 2058 quomodo
3472 2002 3595 2044 esse
3615 1999 3767 2045 vete-

2168 2090 2283 2131 rem
2341 2075 2513 2146 legem
2563 2075 2931 2144 commendet,
2981 2078 3110 2132 dum
3153 2092 3274 2134 eam
3317 2089 3595 2149 comparat
3635 2094 3762 2136 cum

2168 2181 2304 2221 nova
2335 2181 2351 2220 :
2395 2166 2538 2236 quod
2567 2182 2698 2222 sane
2725 2167 2963 2223 declarat
2999 2169 3143 2223 illam
3174 2168 3296 2224 huic
3329 2184 3452 2225 esse
3475 2179 3760 2241 cognatam

2167 2268 2222 2314 et
2244 2258 2457 2313 afﬁnem
2489 2277 2502 2310 :
2535 2274 2657 2313 nam
2687 2260 2805 2329 plus
2829 2268 2884 2315 et
2910 2260 3088 2315 minus
3111 2260 3351 2330 ejusdem
3377 2263 3590 2332 generis
3610 2247 3757 2318 sunt.

2165 2348 2283 2405 Non
2311 2350 2471 2420 igitur
2509 2350 2675 2406 veteri
2713 2351 2996 2417 obtrectat,
3028 2349 3126 2406 sed
3173 2351 3318 2406 illam
3357 2353 3538 2423 augeri
3563 2354 3679 2407 vult
3700 2363 3761 2409 et

2165 2442 2382 2498 extendi
2414 2461 2429 2497 :
2460 2457 2578 2513 quae
2612 2443 2658 2497 si
2701 2457 2732 2496 a
2775 2442 2917 2496 malo
2949 2443 3205 2512 prodiret,
3229 2459 3334 2498 non
3366 2444 3595 2514 amplius
3621 2445 3752 2515 quid

2163 2535 2220 2590 in
2250 2534 2335 2589 illa
2367 2543 2651 2602 quareret,
2685 2550 2858 2606 neque
2903 2535 3047 2590 illam
3089 2535 3463 2606 perfectiorem
3491 2539 3760 2595 reddidis-

2165 2637 2266 2692 set,
2299 2626 2394 2682 sed
2441 2626 2780 2696 explosisset.
2827 2627 2896 2682 Et
2935 2627 3227 2699 quomodo,
3264 2629 3497 2700 inquies,
3543 2631 3588 2685 si
3634 2632 3760 2688 talis

2165 2727 2266 2786 est,
2312 2720 2366 2774 in
2417 2734 2638 2790 regnum
2661 2719 2774 2789 jam
2806 2735 2910 2774 non
2941 2721 3194 2777 inducit?
3221 2720 3338 2776 Non
3372 2721 3570 2777 inducit
3607 2733 3761 2780 certe

2163 2828 2259 2868 eos
2303 2814 2392 2884 qui
2438 2822 2558 2883 post
2586 2813 2786 2868 Christi
2827 2812 3122 2869 adventum
3167 2815 3330 2869 vitam
3365 2814 3759 2882 instituerunt,

2165 2915 2347 2975 utpote
2397 2906 2486 2976 qui
2540 2905 2798 2976 majorem
2847 2906 3161 2976 consequuti
3208 2907 3494 2974 virtutem,
3546 2909 3763 2976 majora

2161 2999 2360 3054 debent
2402 2999 2551 3054 adire
2599 2999 2892 3055 certamina
2932 3015 2948 3054 :
2989 3014 3114 3055 nam
3139 3000 3386 3055 alumnos
3405 3015 3534 3055 suos
3564 3017 3764 3058 omnes

2162 3107 2228 3147 eo
2271 3091 2577 3146 introducit.
2611 3090 2768 3145 Multi
2810 3092 2943 3145 enim
2987 3093 3184 3146 venient
3208 3092 3272 3146 ab
3318 3093 3511 3146 oriente
3547 3102 3592 3147 et
3619 3095 3756 3148 occi-

2162 3185 2330 3248 dente,
2362 3185 2551 3254 inquit,
2576 3193 2623 3238 et
2646 3183 2933 3239 rectmrbent
2970 3185 3026 3239 in
3053 3185 3170 3240 sinu
3195 3185 3415 3240 Abrahae
3439 3185 3681 3247 etlsaaci
3706 3196 3757 3240 et

2158 3277 2340 3333 Jacobi
2363 3277 2578 3350 (Matth.
2596 3279 2648 3332 8.
2675 3276 2785 3350 11).
2815 3277 3047 3333 Lazarus
3073 3289 3238 3342 certe,
3267 3279 3356 3348 qui
3389 3280 3593 3348 magnis
3621 3277 3756 3334 frui-

2162 3379 2248 3426 tur
2272 3371 2532 3443 prmmiis,
2562 3371 2615 3425 in
2645 3370 2762 3442 ejus
2791 3372 2910 3426 sinu
2951 3386 3174 3426 versans
3199 3383 3421 3442 apparet
3459 3371 3611 3443 (Luc.
3637 3372 3754 3444 16).

2159 3463 2228 3519 Et
2272 3473 2534 3535 quotquot
2563 3465 2614 3519 in
2660 3464 2830 3521 veteri
2871 3465 2986 3537 lege
3032 3464 3319 3520 admodum
3363 3465 3644 3530 refulsere,
3698 3465 3756 3523 id

2160 3573 2257 3628 per
2298 3556 2440 3612 illam
2469 3557 2746 3629 assequuﬁ
2793 3565 2936 3612 sunt.
2982 3556 3228 3612 Christus
3271 3571 3423 3622 vero,
3455 3557 3500 3612 si
3542 3557 3628 3613 lex
3659 3557 3756 3613 illa

2159 3651 2298 3705 mala
2343 3659 2398 3705 et
2440 3650 2610 3705 aliena
2656 3649 2882 3716 fuisset,
2927 3665 3032 3704 non
3061 3649 3203 3704 illam
3233 3665 3448 3704 omnem
3474 3649 3756 3721 imptevis-

2157 3751 2260 3799 set.
2305 3742 2438 3798 Nam
2482 3743 2529 3798 si
2557 3742 2609 3798 id
2654 3742 2828 3798 solum
2862 3742 3072 3797 fecisset
3101 3751 3160 3796 ut
3191 3741 3406 3797 Judavos
3433 3741 3750 3809 attraheret,

2158 3853 2267 3895 non
2292 3846 2470 3892 autem
2507 3846 2566 3892 ut
2597 3835 2905 3892 ostenderet
2952 3849 3070 3890 eam
3099 3843 3377 3905 cognatam
3408 3849 3528 3889 esse
3554 3843 3609 3890 et
3629 3833 3756 3890 atii-

2158 3948 2280 3988 nem
2305 3946 2460 3987 novae
2485 3929 2609 4001 legi,
2637 3944 2733 3984 cur
2757 3942 2862 3983 non
2890 3926 3051 3982 etiam
3079 3925 3357 3997 gentilium
3385 3927 3534 3998 leges
3560 3935 3615 3981 et
3640 3941 3755 3982 mo-

2159 4037 2248 4078 res
2274 4021 2623 4092 implevisset,
2657 4029 2714 4073 ut
2739 4017 2970 4089 gentiles
2999 4015 3386 4088 pertraheret?

2230 4114 2284 4170 5.
2321 4113 2568 4183 Undique
2606 4125 2735 4182 ergo
2764 4111 2942 4182 palam
2972 4119 3055 4164 est
3081 4123 3201 4164 eam
3229 4123 3258 4162 a
3289 4107 3503 4163 Christo
3523 4122 3633 4162 non
3657 4108 3748 4164 in-

2157 4206 2301 4272 duci,
2339 4222 2445 4260 non
2471 4203 2614 4275 quod
2640 4203 2778 4258 mala
2805 4203 2897 4268 sit,
2929 4201 3023 4256 sed
3052 4199 3194 4271 quod
3223 4199 3483 4270 majorum
3511 4201 3582 4254 sit
3606 4216 3754 4270 pra:-

2158 4312 2434 4373 ceptorum
2453 4309 2684 4368 tempus.
2703 4296 2924 4352 Etiamsi
2951 4311 3077 4351 vero
3103 4294 3466 4363 imperfectior
3489 4295 3561 4350 sit
3586 4310 3753 4365 quam

2160 4409 2318 4459 nova,
2345 4391 2398 4447 id
2424 4400 2570 4447 certe
2590 4405 2697 4445 non
2720 4388 2909 4459 probat
2932 4387 3100 4456 ipsam
3128 4401 3248 4442 esse
3269 4387 3461 4440 malam
3480 4403 3494 4440 :
3513 4387 3756 4457 alioquin

2157 4494 2332 4541 autem
2363 4498 2498 4538 nova
2522 4484 2572 4536 in
2599 4479 2841 4535 eamdem
2871 4478 3130 4533 incideret
3157 4476 3542 4532 conditionem.
3568 4477 3758 4547 Siqui-

2157 4577 2278 4636 dem
2305 4575 2461 4646 hujus
2490 4571 2732 4635 scienlia,
2763 4571 2808 4626 si
2834 4586 2954 4626 cum
2984 4569 3174 4624 futura:
3205 4569 3324 4623 vita:
3347 4569 3570 4624 scientia
3594 4584 3757 4623 com-

2159 4678 2395 4740 paretur,
2427 4667 2622 4735 exigua
2651 4673 2704 4718 et
2731 4656 3040 4732 imperfecta
3066 4669 3171 4726 est,
3200 4669 3363 4730 atque
3390 4660 3475 4714 illa
3496 4660 3756 4716 veniente

2157 4769 2464 4818 evacuatur.
2491 4757 2625 4814 Nam
2651 4755 2780 4812 Cum
2807 4755 2995 4809 venerit
3012 4795 3027 4819 ,
3069 4753 3274 4824 inquit,
3305 4751 3442 4819 quod
3471 4751 3756 4820 perfectum

2157 4864 2250 4915 est,
2275 4863 2391 4908 tunc
2415 4849 2737 4906 evacuabitur
2755 4845 2890 4918 quod
2919 4861 2982 4899 ea:
3006 4853 3150 4916 parte
3169 4852 3242 4898 est
3267 4843 3341 4913 (1.
3359 4840 3478 4897 Cor.
3503 4842 3592 4897 15.
3618 4842 3751 4909 10);

2156 4945 2298 5020 quod
2328 4959 2424 5016 per
2449 4943 2654 4999 Novam
2681 4938 2847 4994 Vetus
2874 4950 3127 5009 perpessa
3155 4943 3256 4989 est.
3286 4933 3394 4990 Nec
3420 4942 3598 4989 tamen
3625 4949 3757 5003 pro-

2159 5047 2341 5112 pterea
2372 5036 2513 5090 illam
2541 5029 2965 5092 criminabimur,
2999 5027 3124 5082 licet
3155 5025 3244 5081 illa
3271 5033 3467 5088 cesset,
3496 5037 3621 5080 cum
3650 5037 3756 5080 non

2158 5144 2324 5201 regno
2346 5133 2614 5200 potiemur
2637 5142 2650 5178 :
2676 5121 2820 5177 Tunc
2844 5121 2986 5176 enim
3012 5117 3332 5173 evacuabitttr
3353 5116 3490 5188 quod
3517 5132 3580 5170 et:
3604 5125 3756 5187 parte

2158 5234 2252 5292 est,
2277 5221 2450 5292 inquit
2466 5237 2482 5278 :
2500 5217 2643 5274 illam
2668 5225 2845 5271 tamen
2865 5225 3112 5284 magnam
3137 5210 3384 5266 dicimus.
3405 5207 3542 5265 Cum
3568 5208 3754 5278 itaque

2161 5319 2360 5392 majora
2390 5315 2497 5374 sint
2522 5313 2763 5387 prtemia,
2793 5309 3128 5381 ampliorque
3151 5306 3382 5379 Spiritus
3408 5305 3595 5373 virtus,
3625 5302 3752 5376 jure

2225 5583 2297 5648 (a)
2319 5581 2647 5648 Jaﬁmgolimab
2679 5578 2924 5648 antiquis,
2941 5575 3153 5648 iustitia,
3196 5574 3250 5626 in
3270 5589 3473 5648 genere
3507 5589 3597 5648 pro
3609 5573 3753 5627 omni

2159 5639 2344 5698 virtute
2370 5645 2536 5696 habita
2559 5642 2673 5694 fuit'
2697 5641 2771 5692 sic
2787 5639 3117 5704 Empedocles
3156 5639 3662 5704 apudaristotelem:

2291 5707 2370 5774 ’ξίν
2385 5708 2446 5774 ,δε
2464 5705 2740 5774 dignatas-Ov}:
2767 5701 3034 5774 σμλλῆϐδην
3057 5701 3172 5774 πᾶς’
3188 5701 3342 5774 degit
3375 5701 3496 5751 ’στιν

2297 5771 2358 5821 In
2367 5765 2563 5834 justitia
2589 5765 2918 5834 0th8_virttt8
2935 5765 3378 5828 camprehendtmr.
