4050 6364
250 350 351 406 245

252 466 452 533 majora
483 464 833 536 requiruntur
891 462 1038 521 dona
1095 469 1135 521 ¹.
1192 465 1313 522 Non
1367 465 1479 538 jam
1530 474 1670 518 terra
1700 464 1837 517 lacte

245 570 301 615 et
336 559 499 614 melle
534 573 756 613 manans
794 559 1156 629 promittitur,
1199 573 1304 611 non
1350 567 1604 612 senectus
1632 556 1837 620 vivida,

249 665 353 704 non
398 649 692 705 multitudo
720 649 983 715 filiorum,
1021 664 1127 703 non
1176 649 1498 703 frumentum
1539 656 1594 702 et
1625 648 1835 712 vinum,

250 756 351 795 non
380 757 577 811 greges
605 752 658 794 et
686 749 923 795 armenta
950 757 963 803 ;
1001 740 1093 793 sed
1121 740 1309 793 ca'lum
1342 748 1394 792 (ιι
1419 739 1650 793 caelestia
1676 738 1836 801 bona,

248 834 462 902 adoptio
488 844 543 887 et
569 833 876 887 fmternitas
901 848 1021 886 cum
1046 831 1351 901 Unigenito,
1381 831 1689 886 hereditatis
1712 846 1840 885 con-

248 926 505 987 sortium,
549 924 731 993 gloriae
760 934 813 978 et
843 924 988 993 regni
1034 924 1295 988 societas,
1338 922 1723 992 innumeraque
1753 923 1837 977 illa

249 1019 491 1088 praemia.
523 1017 675 1084 Quod
716 1026 893 1070 autem
934 1016 1127 1085 majori
1172 1014 1368 1070 auxilio
1403 1016 1674 1081 fruamur,
1716 1014 1839 1068 audi

248 1110 469 1164 Paulum
498 1109 764 1163 dicentem
788 1126 802 1163 ε
826 1107 973 1161 Nihil
1010 1123 1129 1177 ergo
1169 1107 1276 1175 iam
1305 1106 1648 1160 damnationis
1675 1116 1750 1160 est
1777 1106 1839 1159 iis

246 1204 330 1271 qui
352 1211 472 1254 sunt
497 1203 549 1253 in
566 1199 771 1256 Christo
796 1199 937 1264 Iesu,
971 1201 1056 1269 qui
1083 1216 1183 1252 non
1211 1198 1483 1251 secundum
1510 1214 1711 1250 carnem
1730 1214 1839 1249 am-

248 1295 443 1358 bulant,
476 1294 565 1347 sed
590 1293 864 1346 secundum
900 1292 1151 1361 spiritum.
1186 1290 1292 1343 Lex
1325 1291 1456 1343 enim
1485 1290 1690 1358 spiritus
1724 1290 1841 1343 vitae

246 1385 475 1440 liberavit
520 1401 597 1438 me
638 1402 670 1438 a
713 1384 820 1455 lege
859 1384 1051 1453 peccati
1089 1394 1137 1435 et
1182 1384 1356 1436 mortis
1385 1382 1557 1452 (Rom.
1591 1382 1643 1436 8.
1678 1382 1727 1435 l.
1756 1380 1834 1450 2).

245 1474 616 1530 Comminatns
662 1477 839 1545 itaque
871 1474 1352 1544 transgressoribus
1376 1515 1390 1537 ,
1422 1482 1477 1527 et
1502 1488 1691 1542 magna
1716 1472 1834 1542 pol-

246 1569 422 1624 licitus
444 1569 661 1638 praemia
681 1578 827 1623 recte
847 1569 1148 1638 agentibus,
1164 1577 1223 1621 ut
1243 1566 1473 1621 ostendit
1496 1567 1612 1635 plus
1632 1581 1661 1619 a
1684 1565 1837 1620 nobis

244 1661 363 1729 jure
409 1661 546 1730 exigi
573 1701 589 1725 ,
638 1676 797 1729 quam
838 1675 1117 1715 mensuras
1164 1660 1401 1729 priores,
1448 1659 1661 1713 demum
1693 1658 1838 1726 leges

247 1762 484 1808 statuere
515 1752 722 1822 incipit,
755 1767 861 1807 non
887 1752 1229 1822 simpliciter,
1260 1752 1355 1806 sed
1384 1752 1518 1805 facta
1546 1765 1667 1805 cum
1693 1750 1836 1803 aliti.-

243 1845 363 1915 quis
393 1844 651 1913 legalibus
682 1844 1114 1912 comparatione;
1162 1843 1276 1897 lucc
1304 1842 1413 1897 duo
1437 1842 1623 1896 volens
1648 1851 1833 1895 osten-

245 1937 397 2001 dere,
425 1952 486 1992 se
510 1936 760 1992 videlicet
786 1951 891 1991 non
918 1937 1097 2006 priora
1130 1936 1525 2005 impugnantem
1547 1976 1562 2000 ,
1593 1933 1688 1988 sed
1713 1948 1836 1990 cum

245 2030 350 2084 illis
377 2028 668 2084 admodum
695 2026 1081 2084 consonantem
1104 2070 1118 2091 ,
1160 2027 1256 2081 bas
1292 2037 1527 2082 statuere
1569 2026 1747 2097 leges,
1774 2039 1837 2081 ac

244 2122 364 2190 jure
408 2132 815 2193 opportuneque
865 2121 979 2176 haec
1025 2137 1163 2176 nova
1210 2120 1479 2176 veteribus
1524 2120 1831 2191 adjungerc.

246 2214 399 2282 Quod
430 2225 487 2268 at
512 2214 708 2269 clarius
734 2213 944 2277 evadat,
974 2214 1086 2283 ipsa
1119 2212 1437 2282 legislatoris
1464 2211 1625 2267 verba
1650 2210 1837 2266 audia-

246 2323 389 2359 mus.
429 2306 571 2373 Quid
600 2306 760 2376 igitur
783 2307 854 2359 ait
882 2305 1007 2360 ille?
1033 2304 1124 2359 2f.
1157 2304 1381 2358 Audistis
1405 2304 1527 2373 quia
1551 2303 1741 2356 dictum
1764 2312 1837 2356 est

244 2399 486 2467 antiquis,
519 2396 641 2451 Non
668 2397 862 2450 occides
888 2394 1082 2466 (Exod.
1112 2395 1204 2451 20.
1235 2396 1347 2466 15).
1376 2394 1535 2465 Atqui
1560 2395 1605 2449 is
1633 2395 1721 2466 qui
1747 2395 1833 2449 illa

246 2490 413 2553 dedit,
448 2490 560 2559 ipse
580 2498 694 2555 est;
727 2490 821 2544 sed
847 2490 1058 2545 interim
1077 2488 1502 2558 impersonaliter
1523 2487 1637 2543 haec
1662 2488 1831 2558 ponit.

246 2581 303 2635 Si
334 2581 475 2635 enim
515 2580 777 2644 dixisset,
822 2580 1061 2636 Audistis
1088 2595 1173 2635 me
1200 2580 1399 2635 dixisse
1426 2580 1658 2649 antiquis
1677 2621 1692 2647 ,
1725 2595 1833 2633 non

246 2683 500 2742 acceptus
528 2673 714 2727 fuisset
742 2672 830 2728 hic
873 2687 1053 2728 sermo
1073 2712 1089 2735 ,
1140 2687 1240 2727 nec
1268 2671 1609 2727 audientibus
1634 2670 1833 2741 proba-

247 2775 362 2828 tus;
394 2765 438 2818 si
467 2780 599 2819 vero
628 2765 889 2819 dixisset:
916 2764 1153 2819 Audistis
1194 2764 1316 2834 quia
1361 2763 1561 2818 dictum
1588 2770 1671 2817 est
1695 2763 1833 2816 anti-

246 2857 367 2927 quis
390 2872 418 2909 a
445 2857 603 2911 Patre
630 2871 750 2911 meo
768 2896 783 2921 ,
822 2856 1123 2924 deindeque
1152 2854 1445 2919 intulisset,
1492 2854 1606 2925 Ego
1652 2864 1831 2908 autem

245 2949 390 3013 dico,
439 2949 611 3017 major
650 2948 949 3018 arrogantia
978 2949 1087 3003 visa
1127 2947 1330 3003 fuisset.
1369 2947 1705 3016 Quapropter
1734 2947 1835 3001 hoc

247 3041 565 3109 simpliciter
593 3041 769 3110 posuit
796 3040 862 3093 ad
892 3041 993 3095 hoc
1020 3056 1180 3094 unum
1208 3051 1479 3110 spectans,
1510 3049 1566 3093 ut
1586 3039 1835 3094 ostende-

246 3143 327 3186 ret
355 3146 415 3186 se
440 3133 551 3201 jam
577 3140 878 3202 opportuno
910 3141 1149 3201 tempore
1176 3133 1277 3187 hoc
1302 3132 1501 3187 dicere.
1529 3132 1663 3187 Cum
1689 3132 1831 3185 enim

248 3226 352 3288 ait,
405 3223 537 3290 Quia
578 3223 771 3277 dictum
800 3234 871 3278 est
900 3224 1153 3294 antiquis,
1202 3224 1423 3278 multum
1468 3223 1835 3279 intercessisse

250 3318 508 3387 temporis
534 3318 861 3381 declaravit,
890 3334 954 3373 ex
982 3333 1090 3389 quo
1117 3317 1220 3373 hoc
1249 3326 1575 3387 praeceptum
1602 3331 1829 3386 accepe-

247 3419 390 3465 rant.
422 3409 537 3465 Hoc
562 3426 691 3466 vero
732 3410 886 3472 fecit.
931 3420 991 3466 ut
1032 3411 1330 3466 auditorem
1362 3410 1733 3481 pudefaceret,
1764 3409 1832 3463 ad

251 3504 562 3560 sublimiora
593 3506 679 3561 illa
710 3506 858 3562 adire
884 3516 1150 3576 praecepta
1181 3515 1554 3571 cunctantem;
1592 3506 1667 3559 uti
1697 3503 1834 3559 solet

249 3597 501 3667 magister
524 3613 693 3668 puero
717 3598 899 3653 dicere
920 3599 1204 3669 negligcnti
1233 3616 1246 3652 :
1270 3596 1351 3652 An
1380 3598 1553 3652 nescis
1576 3604 1832 3667 quantum

251 3689 507 3757 temporis
554 3689 609 3743 in
652 3689 975 3760 syllabarum
1019 3690 1364 3744 meditatiOne
1403 3687 1834 3758 consumpseris?

252 3779 363 3835 lloc
403 3789 457 3834 et
493 3780 608 3850 ipse
635 3782 976 3852 antiquorum
1006 3784 1225 3838 nomine
1252 3780 1620 3847 subindicans,
1648 3789 1835 3836 evocat

249 3870 371 3925 illos
394 3871 459 3925 ad
482 3882 747 3943 prmeepta
775 3873 1017 3941 meliora,
1038 3889 1105 3929 ac
1124 3875 1168 3930 si
1190 3874 1393 3929 diceret
1417 3892 1431 3929 :
1452 3877 1499 3928 A
1524 3873 1654 3927 satis
1673 3872 1834 3942 longo

249 3973 491 4031 tempore
532 3963 648 4018 hinc
682 3963 1009 4020 meditamini
1037 3983 1050 4018 :
1075 3974 1286 4036 oportet
1321 3965 1535 4022 demum
1563 3964 1631 4021 ad
1664 3963 1833 4019 subli-

246 4054 413 4107 miora
436 4069 680 4125 pergere.
709 4056 854 4112 Bene
878 4067 1055 4112 autem
1081 4046 1253 4127 agitur
1273 4058 1413 4130 quod
1446 4066 1832 4129 praeceptorum

246 4147 379 4201 ordo
404 4163 512 4203 non
542 4147 919 4211 confundatur,
946 4149 1040 4203 sed
1071 4167 1100 4205 a
1130 4151 1307 4221 priore
1334 4151 1639 4222 incipiatur,
1672 4166 1702 4204 a
1727 4163 1833 4221 quo

247 4240 330 4293 lex
362 4240 558 4310 incepit
583 4258 597 4294 :
619 4241 813 4295 etenim
846 4241 974 4295 illud
1006 4242 1177 4311 ipsum
1206 4242 1548 4297 concordiam
1576 4242 1829 4297 ostendit.

246 4330 335 4384 32.
365 4330 479 4402 Ego
508 4340 678 4385 autem
711 4331 825 4385 dico
850 4330 1015 4394 vobis,
1046 4332 1285 4396 quoniam
1312 4334 1395 4403 qui
1422 4334 1657 4388 irascitur
1685 4334 1834 4404 fratri

244 4440 334 4477 suo
362 4433 567 4478 temere
586 4464 601 4489 ,
642 4438 758 4477 reus
785 4424 881 4477 erit
896 4423 1116 4493 judicio.
1156 4424 1339 4479 Vidisti
1368 4423 1658 4494 perfectam
1685 4433 1834 4493 pote-

245 4527 438 4571 statem
456 4518 481 4569 ?
498 4516 676 4571 vidisti
702 4516 923 4571 modum
943 4517 1234 4587 legislatori
1254 4516 1683 4588 competentem?
1703 4517 1833 4585 Quis

242 4610 388 4664 enim
434 4608 815 4680 prophetarum
856 4609 935 4665 sic
978 4624 1226 4679 umquam
1269 4610 1518 4679 loquutus
1561 4609 1688 4664 est?
1715 4611 1833 4679 quis

242 4702 551 4771 jnstorum?
594 4701 712 4770 quis
761 4701 1221 4771 patriarcharum?
1260 4700 1446 4755 Nullus
1491 4715 1654 4767 sane;
1698 4701 1826 4763 sed,

252 4792 376 4847 Hinc
403 4794 528 4846 dicit
553 4791 823 4847 Dominus.
852 4792 1048 4847 Verum
1078 4808 1183 4847 non
1211 4794 1281 4847 ita
1312 4793 1496 4848 Filius.
1523 4793 1605 4849 llli
1634 4794 1831 4864 quippe

249 4884 462 4939 Domini
492 4882 654 4937 verba
675 4883 1041 4953 pronuntiant,
1072 4883 1157 4938 hic
1182 4882 1374 4938 Patris.
1402 4883 1531 4939 Cum
1560 4894 1736 4938 autem
1768 4900 1830 4939 ea

243 4991 362 5045 quae
388 4976 586 5043 Patris,
612 4990 675 5030 ea
696 4990 816 5046 quae
837 4975 981 5031 illius
999 4984 1124 5029 sunt
1146 4976 1284 5031 dico.
1307 4976 1425 5031 Mea
1448 4977 1610 5041 enim,
1642 4978 1831 5047 inquit,

245 5080 332 5123 tua
355 5079 496 5135 sunt,
530 5078 578 5123 et
604 5079 692 5123 tua
711 5085 822 5123 mea
845 5078 963 5123 sunt
991 5066 1172 5140 (Joan.
1200 5071 1285 5123 17.
1316 5069 1428 5135 10).
1456 5070 1532 5124 ΙΙΙὶ
1560 5070 1833 5125 conservis

247 5163 414 5233 legem
448 5162 725 5227 ferebant,
758 5160 843 5216 hic
871 5162 1041 5216 servis
1079 5161 1209 5215 suis.
1252 5161 1646 5232 lnterrogemus
1676 5163 1835 5233 igitur

248 5270 341 5309 eos
368 5253 459 5324 qui
485 5264 722 5308 veterem
751 5253 919 5323 legem
948 5251 1260 5323 explodunt.
1291 5252 1408 5306 Non
1438 5252 1593 5308 irasci
1636 5262 1692 5308 et
1726 5270 1832 5309 non

249 5347 493 5401 occidere
521 5344 857 5400 contrariane
882 5354 1027 5409 sunt,
1054 5360 1230 5399 annon
1259 5344 1432 5414 potius
1461 5345 1561 5399 hoc
1585 5345 1729 5399 illius
1754 5356 1837 5401 est

252 5438 511 5509 perfectio
557 5448 612 5492 et
654 5435 1146 5507 complementum?
1190 5436 1370 5490 Palam
1419 5446 1502 5491 est
1547 5436 1649 5490 hoc
1692 5436 1835 5492 illius

254 5544 371 5586 esse
391 5528 871 5600 complementum,
891 5527 1119 5599 ideoque
1138 5527 1333 5599 majus.
1356 5528 1488 5583 Nam
1510 5528 1602 5600 qui
1623 5527 1678 5583 in
1700 5528 1834 5583 iram

320 5686 338 5717 ι
364 5684 522 5751 Juxta
543 5683 715 5733 Morel.
737 5685 1395 5751 _legendum_esset,majora
1416 5684 1728 5751 requiruntur
1740 5699 1845 5751 cer-

260 5745 458 5794 tamina.
488 5745 706 5811 litraque
737 5745 883 5797 lectio
903 5747 1143 5807 quadrare
1167 5745 1342 5811 posset
1366 5761 1395 5811 ;_
1420 5745 1617 5811 verum;
1633 5746 1844 5811 Sayilia-

264 5820 369 5858 nam
421 5807 570 5858 nobis
600 5812 990 5874 amplectendam
1022 5823 1135 5860 esse
1170 5807 1361 5859 ’scries
1386 5808 1489 5877 ipsa
1503 5809 1838 5862 suadetJSntr.

1372 350 1441 403 1N
1478 348 1883 406 MATTIUEUM
1924 348 2151 404 HOMIL.
2194 349 2332 403 XVI.

3423 360 3529 417 246

1955 478 2058 517 non
2080 466 2397 530 concitatur,
2422 466 2591 519 multo
2614 466 2779 537 magis
2803 482 2833 521 a
2859 468 3003 522 caede
3023 468 3305 525 abstinebit
3330 488 3342 525 :
3364 482 3418 526 et
3438 475 3527 541 qui

1943 555 2077 609 iram
2122 554 2336 622 frenat,
2386 558 2556 612 multo
2603 560 2771 629 magis
2818 574 3005 614 manus
3051 562 3321 617 retinebit.
3351 564 3527 620 Radix

1942 648 2084 701 enim
2112 648 2303 711 caedis,
2336 649 2434 703 ira.
2465 649 2565 717 Qui
2596 666 2724 720 ergo
2753 651 2989 706 radicem
3022 655 3285 708 exscindit
3310 697 3326 722 ,
3359 657 3528 712 multo

1942 739 2110 808 magis
2134 755 2313 795 ramos
2336 740 2540 796 auferet
2566 760 2578 794 :
2605 743 2713 795 imo
2738 757 2866 797 vero
2893 759 3063 813 neque
3092 746 3237 799 nasci
3269 746 3430 801 sinet.

2012 829 2066 884 6.
2093 829 2201 883 Lex
2218 842 2355 887 vetus
2377 833 2608 901 firmatur
2630 833 2924 905 Evangelia.
2952 834 3158 890 Creator
3188 839 3361 893 mundi
3380 839 3527 894 Chri-

1918 930 2016 983 ,sto
2041 921 2093 974 in
2124 919 2331 976 Patrem
2354 924 2656 978 vindicatur.
2684 924 2752 980 In
2777 926 2884 997 lege
2908 930 3057 982 veteri
3087 946 3186 983 non
3212 940 3283 983 est
3308 932 3527 985 crudeli-

1940 1020 2037 1065 tas.
2067 1010 2174 1066 Lex
2192 1029 2304 1083 qua:
2324 1014 2509 1067 scelera
2530 1015 2711 1084 plectat
2732 1020 3011 1073 necessaria
3031 1030 3122 1073 est.
3146 1052 3215 1060 —
3228 1021 3342 1076 Non
3368 1024 3528 1092 igitur

1940 1100 2005 1154 ad
2034 1100 2164 1171 legis
2191 1103 2609 1174 abrogationem,
2640 1106 2733 1161 sed
2761 1107 2826 1161 ad
2851 1109 3104 1179 majorem
3130 1110 3527 1185 facilioremque

1939 1196 2053 1261 ejus
2079 1194 2370 1249 custodiam
2392 1236 2406 1260 ,
2439 1194 2533 1250 has
2561 1198 2817 1253 afferebat
2847 1200 3007 1269 leges.
3037 1202 3170 1269 Quid
3202 1206 3343 1259 enim
3374 1210 3526 1262 vole-

1940 1284 2030 1339 bat
2058 1286 2141 1341 lex
2166 1301 2287 1341 cum
2318 1286 2432 1342 lucc
2462 1291 2808 1358 praeciperet?
2855 1295 3046 1348 Annon
3076 1304 3132 1349 ut
3161 1311 3320 1351 nemo
3349 1301 3528 1369 proxi-

1940 1390 2085 1430 mum
2131 1392 2286 1432 suum
2340 1381 2655 1436 occideret?
2722 1382 2883 1453 igitur
2928 1386 3350 1457 impugnatorem
3396 1392 3527 1462 legis

1940 1466 2221 1523 homicidia
2249 1481 2558 1539 oportuerat
2582 1474 2843 1543 imperare
2874 1494 2886 1529 :
2917 1492 3039 1531 nam
3067 1480 3314 1535 occidere
3339 1492 3393 1537 et
3419 1499 3525 1538 non

1938 1557 2183 1614 occidere
2228 1563 2493 1616 contraria
2539 1574 2694 1630 sunt;
2746 1570 2789 1621 si
2837 1583 2963 1623 vero
3005 1586 3073 1625 ne
3116 1572 3271 1627 irasci
3310 1575 3528 1643 quidem

1938 1653 2245 1719 permittat,
2282 1652 2414 1708 illud
2460 1655 2743 1724 perfectius
2771 1661 2955 1715 statuit
2996 1663 3135 1732 quod
3177 1664 3261 1717 lex
3293 1666 3523 1721 volebat.

1938 1744 2050 1800 Neu
2076 1747 2216 1800 enim
2236 1746 2459 1817 perinde
2484 1751 2769 1807 abstinebit
2789 1768 2819 1807 a
2840 1753 3005 1819 ccede,
3032 1756 3120 1825 qui
3148 1772 3252 1810 non
3280 1759 3527 1814 occidere

1938 1837 2257 1905 meditatur,
2288 1850 2448 1909 atque
2488 1842 2577 1896 ille
2616 1844 2705 1912 qui
2746 1845 2876 1898 iram
2922 1848 3169 1910 sustulit,
3204 1848 3288 1902 hic
3329 1850 3527 1920 quippe

1940 1928 2149 1998 longius
2174 1930 2323 1985 abest
2349 1949 2377 1985 τι
2406 1934 2495 1987 tali
2524 1935 2774 1991 facinore.
2806 1937 2872 1991 Ut
2898 1948 3071 1993 autem
3101 1941 3215 1995 illos
3237 1941 3341 1995 alio
3364 1942 3526 1996 modo

1937 2028 2301 2094 confutemus,
2336 2045 2395 2083 ea
2426 2047 2545 2100 qua:
2582 2032 2764 2087 dicunt
2802 2034 3132 2102 proferamus
3170 2036 3221 2089 in
3266 2037 3521 2092 medium.

1938 2122 2192 2189 Quaenam
2221 2124 2407 2181 dicunt
2432 2127 2627 2196 igitur?
2653 2128 2817 2181 Deum
2846 2129 2935 2198 qui
2966 2128 3220 2184 mundum
3251 2130 3404 2198 fecit,
3436 2132 3526 2202 qui

1938 2213 2106 2268 solem
2133 2214 2262 2269 oriri
2293 2215 2418 2269 facit
2442 2231 2603 2283 super
2632 2216 2842 2286 iniquos
2868 2228 2921 2272 et
2947 2218 3137 2285 bonos,
3166 2220 3254 2289 qui
3283 2220 3414 2290 pluit
3438 2234 3529 2275 su-

1938 2320 2035 2373 per
2070 2306 2243 2374 justos
2271 2317 2326 2361 et
2365 2308 2590 2375 injustos
2616 2313 2636 2379 (
2662 2308 2846 2362 Matth.
2877 2311 2928 2364 5.
2960 2311 3068 2380 45)
3097 2352 3111 2375 ,
3152 2326 3272 2366 esse
3302 2312 3525 2367 malum.

1937 2397 2037 2465 Qui
2065 2413 2193 2453 vero
2216 2398 2603 2454 moderatiores
2627 2400 2766 2469 apud
2791 2400 2908 2455 illos
2933 2412 3057 2456 sunt
3085 2404 3186 2459 hoc
3212 2406 3524 2476 repudiant;

1938 2488 2065 2543 dum
2093 2498 2271 2545 autem
2302 2490 2484 2545 dicunt
2514 2491 2659 2545 illum
2690 2507 2809 2547 esse
2840 2494 3042 2563 justum
3071 2539 3086 2563 ,
3118 2496 3314 2552 bonum
3348 2508 3526 2556 tamen

1938 2594 2060 2636 esse
2088 2590 2299 2650 negant.
2351 2582 2527 2636 Alium
2564 2596 2694 2637 vero
2723 2584 3006 2653 quemdam
3031 2627 3044 2647 ,
3078 2588 3167 2656 qui
3195 2604 3321 2644 vere
3351 2592 3529 2646 nullus

1940 2681 2042 2736 est,
2066 2682 2119 2726 et
2145 2672 2233 2742 qui
2254 2672 2386 2727 nihil
2407 2672 2625 2739 creavit,
2650 2672 2862 2728 Christo
2883 2675 3010 2729 dant
3031 2676 3265 2733 Patrem.
3289 2679 3358 2733 Et
3378 2680 3528 2735 illum

1937 2764 2152 2834 quidem
2181 2780 2285 2820 non
2315 2766 2513 2820 bonum
2551 2767 2603 2819 in
2632 2766 2789 2821 rebus
2820 2768 2885 2821 ad
2914 2782 2973 2822 se
3000 2770 3385 2837 pertinentibus
3416 2787 3528 2825 ma-

1938 2870 2107 2921 nere,
2150 2865 2205 2910 et
2248 2870 2341 2910 sua
2385 2870 2704 2911 conservare
2748 2856 2931 2912 dicunt
2961 2876 2975 2912 :
3002 2859 3200 2915 bonum
3249 2872 3425 2916 autem
3471 2865 3526 2920 in

1936 2949 2105 3002 aliena
2137 2949 2339 3003 irruere
2360 2992 2373 3012 ,
2405 2964 2697 3021 eorumque
2720 2992 2735 3015 ,
2763 2967 2990 3020 quorum
3029 2952 3142 3022 ipse
3177 2965 3387 3011 creator
3415 2974 3525 3014 non

1936 3048 2051 3104 est,
2085 3050 2306 3110 repente
2336 3041 2472 3097 velle
2509 3052 2837 3097 servatorem
2868 3058 3009 3099 esse.
3056 3044 3298 3102 Vidistin’
3327 3048 3526 3107 diaboli

1936 3129 2113 3197 filios,
2159 3131 2428 3201 quomodo
2471 3147 2536 3187 ex
2580 3134 2745 3202 patris
2790 3134 2872 3187 sui
2916 3134 3151 3191 fontibus
3197 3138 3523 3209 loquantur,

1935 3222 2149 3293 quando
2172 3224 2495 3280 creationem
2518 3240 2547 3279 a
2578 3225 2690 3279 Deo
2715 3226 2973 3292 alienant,
3003 3242 3125 3281 cum
3155 3239 3329 3286 tamen
3354 3231 3522 3286 Joan-

1935 3330 2032 3369 nes
2057 3316 2252 3370 elamet
2278 3334 2292 3369 :
2322 3314 2388 3369 In
2418 3318 2626 3387 propria
2665 3319 2833 3383 venit,
2877 3328 2923 3371 et
2966 3320 3187 3375 mundus
3228 3339 3319 3391 per
3354 3325 3525 3394 ipsum

1936 3412 2103 3478 factus
2130 3418 2203 3461 est
2228 3409 2246 3476 (
2267 3408 2422 3461 Joan.
2459 3410 2511 3463 l.
2542 3411 2601 3463 ll
2631 3407 2648 3476 )
2673 3409 2695 3461 ?
2728 3409 2926 3465 Deinde
2953 3411 3124 3480 legem
3154 3415 3524 3473 examinantes

1936 3510 2172 3555 veterem
2193 3538 2209 3565 ,
2234 3516 2336 3571 qua
2362 3500 2581 3570 jubelur
2603 3502 2815 3555 oculum
2846 3516 2941 3570 pro
2967 3503 3120 3556 oculo
3144 3544 3157 3567 ,
3185 3504 3398 3560 dentem
3427 3524 3524 3576 pro

1934 3591 2095 3647 dente
2124 3592 2298 3657 evelli,
2331 3593 2507 3647 statim
2541 3598 2840 3663 irrumpunt
2864 3603 2918 3647 et
2944 3595 3125 3649 dicunt
3155 3612 3169 3648 :
3203 3596 3270 3650 Et
3296 3613 3521 3667 quomo-

1934 3686 2003 3741 do
2028 3688 2196 3757 possit
2222 3687 2269 3742 is
2297 3687 2387 3758 qui
2414 3687 2527 3742 lucc
2552 3687 2699 3751 dicit,
2730 3704 2849 3743 esse
2879 3689 3085 3745 bonus?
3111 3690 3244 3758 Quid
3272 3693 3429 3763 igitur
3453 3694 3521 3749 ad

1935 3777 2052 3833 haec
2074 3777 2350 3833 dicamus?
2379 3778 2529 3833 llauc
2564 3781 2852 3834 maximam
2882 3796 3001 3835 esse
3031 3781 3367 3852 benignitatis
3394 3798 3521 3853 spe-

1934 3872 2092 3927 ciem.
2120 3870 2234 3925 Non
2263 3871 2404 3925 enim
2429 3880 2486 3924 ut
2509 3886 2608 3927 nos
2629 3873 2861 3927 vicissim
2884 3873 3066 3928 oculos
3089 3890 3357 3942 eruamus,
3384 3876 3525 3932 hanc

1934 3963 2113 4033 posuit
2154 3963 2359 4033 legem;
2400 3963 2494 4018 sed
2525 3972 2582 4016 ιιι
2610 3974 2753 4017 metu
2796 3964 2937 4033 paris
2978 3965 3278 4035 infligendre
3305 3981 3477 4037 ptenzc
3498 4008 3519 4036 ,

1934 4055 2296 4111 abstineamus
2334 4063 2388 4109 et
2425 4054 2519 4109 tali
2556 4070 2680 4125 erga
2714 4055 2847 4109 alios
2877 4056 3127 4111 facinore.
3163 4056 3521 4124 Quemadmoo

1933 4148 2060 4203 dum
2095 4149 2254 4203 etiam
2294 4147 2539 4202 Ninivitis
2569 4146 2836 4202 excidium
2862 4149 3214 4204 comminatus
3251 4158 3333 4205 est
3355 4191 3371 4215 ,
3410 4166 3520 4207 non

1935 4250 1993 4295 ut
2020 4241 2139 4296 illos
2170 4240 2415 4310 perderet
2439 4240 2583 4311 (nam
2610 4241 2652 4293 si
2682 4239 2734 4294 id
2762 4240 3035 4301 voluisset,
3067 4250 3243 4297 tacere
3268 4251 3521 4312 oportue-

1935 4334 2057 4402 rat);
2078 4331 2171 4387 sed
2196 4341 2253 4385 ut
2271 4342 2415 4387 metu
2433 4332 2681 4386 meliores
2702 4330 2870 4387 factos
2892 4332 3099 4399 videns,
3120 4336 3250 4388 iram
3272 4335 3517 4392 sedaret:

1934 4425 2012 4479 sic
2035 4424 2196 4479 etiam
2223 4423 2320 4488 iis,
2348 4422 2439 4492 qui
2465 4431 2665 4477 temere
2695 4422 2748 4476 in
2775 4422 3001 4477 aliorum
3027 4424 3210 4479 oculos
3239 4424 3516 4494 involant,

1933 4515 2248 4586 supplicium
2276 4512 2526 4577 adduxit;
2557 4524 2615 4567 ut
2636 4513 2681 4568 si
2708 4528 2769 4569 ex
2795 4513 2935 4569 bono
2958 4516 3230 4585 proposito
3253 4516 3525 4572 noluerint

1934 4622 1964 4660 a
1995 4605 2086 4660 tali
2115 4605 2430 4660 crudelitate
2459 4603 2759 4672 abstinere,
2788 4615 2934 4659 metu
2967 4617 3140 4661 tamen
3172 4618 3547 4663 coerceantur.

1935 4713 2007 4753 ne
2032 4697 2214 4753 oculos
2254 4697 2481 4766 proximi
2527 4698 2741 4753 laedant.
2785 4699 2839 4754 Si
2879 4713 3037 4768 porro
3078 4701 3203 4755 illttd
3231 4702 3521 4757 crudelitas

1934 4793 2003 4847 sit
2027 4834 2042 4858 ,
2070 4792 2287 4847 crudele
2312 4794 2435 4847 item
2463 4794 2560 4846 erit
2584 4835 2597 4859 ,
2633 4793 2948 4848 homicidam
2979 4795 3231 4851 cohibere
3252 4837 3266 4862 ,
3300 4806 3353 4850 et
3382 4812 3520 4853 mm-

1933 4886 2092 4941 chum
2120 4901 2323 4941 arcere.
2352 4887 2423 4940 At
2450 4888 2731 4941 stultorum
2763 4888 2876 4942 lucc
2904 4887 3066 4942 verba
3092 4897 3235 4954 sunt,
3265 4901 3320 4944 et
3345 4898 3525 4944 extre«

1936 4993 2024 5032 mo
2045 4977 2227 5032 furore
2246 4988 2545 5048 captorum.
2576 4978 2686 5046 Ego
2705 4979 2847 5033 enim
2873 4988 3075 5033 tantum
3097 4980 3249 5035 abest
3268 4990 3327 5034 ut
3346 4980 3520 5035 dicam

1935 5068 2050 5125 haec
2070 5083 2190 5124 esse
2210 5067 2600 5132 crudelitatem,
2621 5076 2680 5123 ut
2707 5069 2791 5124 bis
2816 5071 3079 5125 contraria
3101 5069 3393 5125 secundum
3422 5070 3523 5125 Itu-

1936 5175 2154 5214 manum
2193 5158 2528 5213 ratiocinium
2566 5158 2831 5215 affirmem
2868 5159 3046 5229 iniqua
3077 5173 3217 5216 esse.
3265 5159 3346 5214 Tu
3375 5160 3520 5215 enim

1935 5251 2069 5305 dicis
2109 5250 2230 5305 ideo
2258 5248 2528 5305 crudelem
2555 5264 2675 5305 esse
2697 5292 2712 5317 ,
2743 5251 2885 5319 quod
2920 5251 3143 5317 jusserit
3170 5252 3381 5306 oculum
3423 5266 3523 5321 pro

1936 5343 2093 5399 oculo
2119 5357 2343 5407 eruere;
2375 5358 2475 5411 ego
2500 5352 2678 5398 autem
2705 5342 2825 5397 dico
2846 5385 2861 5410 ,
2891 5344 2937 5399 si
2969 5359 3073 5397 non
3105 5343 3207 5397 hoc
3230 5343 3482 5413 jussisset
3505 5386 3521 5407 ,

1939 5449 2065 5493 tunc
2085 5435 2356 5491 videretur
2384 5436 2565 5491 multis
2592 5436 2635 5491 is
2661 5451 2802 5503 esse,
2836 5452 2993 5506 quem
3025 5448 3081 5490 tu
3110 5438 3210 5491 ais.
3240 5436 3523 5505 Suppona-

1936 5544 2056 5582 mus
2078 5526 2222 5582 enim
2244 5534 2408 5581 totam
2430 5526 2599 5596 legem
2616 5526 2924 5596 abrogatam
2949 5526 3131 5591 fuisse,
3151 5527 3524 5595 neminemque

1939 5620 2129 5674 timere
2154 5617 2470 5688 supplicium
2496 5618 2549 5672 in
2576 5617 2662 5673 illa
2690 5617 2945 5673 indictum
2975 5636 2989 5672 :
3018 5617 3110 5673 sed
3140 5618 3299 5676 licere
3322 5617 3524 5673 facmo-
3584 5608 3593 5689 μ

1939 5708 2075 5763 rosis
2094 5708 2341 5763 omnibus
2361 5723 2479 5763 cum
2507 5708 2750 5763 libertate
2770 5709 3007 5763 moribus
3028 5710 3099 5762 uti
3127 5710 3271 5775 suis;
3300 5710 3525 5765 mcecbis
3581 5714 3595 5759 ‘.

1946 5816 2156 5873 nempe,
2187 5802 2486 5871 ltomicidis,
2516 5801 2742 5867 furibus,
2770 5802 3018 5873 pcrjuris,
3049 5802 3325 5874 parricidis
3356 5822 3369 5859 :
3394 5819 3525 5860 ncnc
