4050 6364
522 357 628 419 ειη

522 495 592 535 ne
620 477 798 534 omnia
827 490 919 531 sus
943 475 1118 546 deque
1138 481 1493 539 verterentur,
1517 485 1572 528 et
1597 473 1890 527 innumeris
1919 472 2110 524 l'aeino-

521 569 674 626 ribus
701 577 862 638 atque
891 565 1126 622 caedibus
1153 564 1335 631 urbes,
1365 563 1497 629 fora,
1526 563 1741 626 domus,
1768 577 1936 628 mare,
1969 571 2108 615 terra

519 670 576 718 et
615 669 762 716 totus
805 658 951 714 orbis
988 656 1365 728 replerentur?
1407 655 1518 710 Hoc
1559 654 1760 709 nemini
1790 666 1895 708 non
1926 662 2107 706 notum

519 761 623 810 est.
669 751 726 808 Si
753 751 894 807 enim
924 749 1188 807 stantibus
1215 749 1420 820 legibus
1442 755 1497 802 et
1518 747 1708 802 timore
1729 756 1890 816 atque
1909 743 2069 800 minis
2090 783 2107 809 ,

514 845 608 901 vix
653 843 897 914 malignae
943 841 1245 898 voluntates
1287 848 1606 896 coercentur
1640 855 1654 892 :
1691 838 1738 892 si
1779 837 1895 892 haec
1933 835 2108 890 ablata

517 937 706 992 fuisset
743 935 956 999 cautio,
983 933 1107 1005 quid
1146 932 1432 1005 impediret
1459 945 1527 986 ne
1555 929 1752 985 malitia
1798 928 2106 984 dominare-

516 1030 642 1083 tur?
665 1037 859 1099 quanta
882 1041 986 1081 non
1007 1026 1171 1096 pestis
1191 1026 1242 1080 in
1264 1024 1548 1079 humanam
1565 1022 1724 1077 vitam
1739 1021 2107 1092 grassaretur?

515 1121 699 1191 Neque
720 1120 861 1175 enim
891 1119 940 1174 id
968 1118 1138 1174 solum
1163 1117 1379 1172 crudele
1405 1127 1580 1180 esset,
1607 1115 1654 1171 si
1679 1115 1960 1170 facinerosi
1987 1128 2105 1184 qua:

513 1214 714 1268 vellent
752 1227 913 1282 agere
953 1211 1422 1281 permitterentur;
1472 1207 1568 1264 sed
1603 1215 1658 1263 et
1695 1206 1838 1262 aliud
1875 1206 1966 1262 illo
1996 1223 2104 1262 non

513 1305 695 1358 minus
722 1303 1078 1374 perniciosum
1107 1301 1267 1361 foret.
1293 1302 1337 1356 si
1362 1301 1452 1372 qui
1481 1301 1614 1355 nihil
1640 1300 1884 1364 laesisset,
1912 1308 1966 1354 et
1986 1299 2103 1354 sine

511 1410 672 1450 causa
704 1396 846 1450 male
877 1409 1063 1464 passus
1087 1402 1270 1460 esset,
1301 1395 1417 1449 sine
1441 1392 1638 1447 auxilio
1666 1401 1906 1447 maneret
1929 1401 1983 1447 et
2008 1407 2102 1446 ne-

512 1489 820 1559 gligeretur.
869 1487 963 1542 Dic
999 1487 1145 1542 enim
1184 1485 1314 1541 mihi
1338 1526 1354 1552 ,
1396 1485 1440 1539 si
1480 1486 1599 1556 quis
1637 1485 1927 1540 sceleratos
1958 1484 2101 1539 viros

512 1579 746 1650 undique
773 1579 1028 1650 colligens
1057 1588 1110 1635 et
1135 1578 1326 1650 gladiis
1358 1580 1604 1634 muniens
1625 1620 1640 1643 ,
1670 1578 1883 1648 juberet
1910 1578 2098 1634 urbem

513 1681 681 1727 totam
703 1671 986 1727 circumire
1005 1679 1060 1727 et
1089 1671 1276 1726 obvios
1296 1685 1536 1742 quosque
1573 1669 1859 1736 trucidare,
1883 1685 1950 1725 an
1973 1670 2098 1741 quid

512 1775 693 1836 posset
718 1765 1000 1820 immanius
1020 1763 1309 1834 excogitari
1324 1764 1350 1817 ?
1367 1763 1565 1818 Contra
1588 1778 1715 1818 vero
1737 1763 1781 1818 si
1802 1765 1924 1834 quis
1941 1764 2094 1827 alius,

509 1870 746 1916 armatos
785 1859 907 1916 illos
948 1859 1176 1914 vinculis
1211 1857 1531 1913 constrictos
1571 1858 1625 1913 in
1665 1872 1934 1912 carcerem
1976 1871 2097 1911 cum

507 1951 843 2008 vehementia
867 1951 1127 2016 traderet,
1153 1951 1271 2006 illos
1291 1961 1466 2006 autem
1488 1951 1576 2021 qui
1598 1965 1724 2005 mox
1744 1948 2097 2006 interficiendi

507 2055 693 2109 erant,
740 2060 807 2098 ex
853 2044 1156 2114 iniquorum
1205 2043 1451 2096 manibus
1495 2041 1800 2111 abriperet,
1831 2057 1959 2095 num
2005 2041 2098 2095 illo

507 2137 796 2191 humanius
821 2135 1094 2207 quidpiam
1120 2135 1223 2190 dici
1248 2135 1452 2205 possit?
1491 2134 1616 2189 Haec
1644 2133 1804 2204 igitur
1827 2133 1893 2188 ad
1925 2133 2095 2204 legem

508 2227 736 2281 transfer
772 2227 1037 2296 exempla.
1077 2225 1211 2280 Nam
1246 2226 1335 2295 qui
1369 2225 1522 2293 jubet
1557 2225 1768 2278 oculum
1809 2239 1905 2294 pro
1940 2225 2096 2310 oc.qu

506 2332 694 2372 eruere
714 2359 728 2381 ,
759 2331 858 2371 ceu
897 2316 1166 2371 vinculum
1195 2314 1462 2385 quoddam
1492 2315 1704 2369 firmum
1732 2314 1784 2368 in
1825 2312 2094 2369 facinoro-

504 2425 686 2465 sorum
714 2409 920 2464 animos
935 2409 1180 2479 conjecit,
1195 2409 1353 2478 eique
1371 2407 1561 2462 similis
1587 2416 1686 2472 est,
1702 2406 1790 2477 qui
1803 2406 1990 2477 gladiis
2007 2422 2095 2461 ar-

504 2511 677 2554 matos
707 2501 825 2554 illos
839 2499 1074 2555 coercuit
1096 2517 1110 2553 :
1124 2499 1213 2568 qui
1224 2512 1354 2553 vero
1370 2498 1496 2551 nulli
1524 2497 1796 2552 addiceret
1809 2497 2088 2568 supplicio,

505 2591 605 2648 hac
631 2593 844 2649 licentia
872 2608 1007 2663 pene
1028 2592 1176 2646 illum
1206 2600 1459 2656 armaret,
1493 2591 1749 2660 illumque
1773 2589 2088 2656 imitaretur,

501 2685 590 2755 qui
621 2692 853 2737 armatos
880 2682 1066 2751 gladiis
1088 2682 1232 2735 viros
1275 2697 1369 2751 per
1410 2689 1572 2735 totam
1603 2680 1786 2735 urbem
1836 2681 2090 2734 mitteret.

575 2777 626 2828 7.
669 2774 794 2841 Ipsa
823 2774 1044 2844 antiqua:
1081 2773 1204 2842 legis
1233 2781 1484 2842 prcecepta
1521 2771 1735 2842 benigna
1773 2780 1912 2826 sunt.
1947 2769 2092 2825 Unus

502 2867 733 2936 idemque
758 2876 831 2920 est
858 2866 1118 2932 utriusque
1141 2863 1448 2919 Testamenti
1475 2863 1752 2934 legislator.
1792 2893 1863 2904 —
1902 2863 2091 2930 Yiden'

502 2959 771 3030 quomodo
790 2975 891 3013 non
913 2958 1248 3024 crudelitate,
1268 2957 1362 3013 scd
1381 2957 1706 3027 benignitate
1725 2971 1914 3027 magna
1933 2955 2088 3026 plena

501 3055 610 3108 sint
638 3053 940 3123 prmccpta?
981 3053 1037 3106 Si
1065 3067 1191 3106 vero
1220 3060 1500 3122 propterea
1528 3051 1884 3122 legislatorem
1915 3051 2087 3106 mole-

501 3155 642 3200 stum
673 3159 1066 3213 onerosumque
1089 3158 1268 3209 vocas,
1297 3143 1427 3214 quid
1457 3143 1731 3199 molestius
1749 3185 1763 3206 ,
1791 3158 1973 3214 quznso
1991 3185 2005 3207 ,
2034 3151 2089 3199 et

500 3239 625 3308 quid
653 3238 934 3293 onerosins
959 3237 1059 3300 sit,
1093 3251 1198 3290 non
1221 3235 1485 3300 occidere,
1515 3251 1581 3290 an
1605 3251 1712 3291 non
1739 3236 1933 3291 irasci?
1958 3235 2088 3302 Quis

501 3332 758 3395 severior,
791 3329 880 3400 qui
909 3328 1179 3384 homicidii
1210 3343 1395 3398 poenas
1422 3327 1636 3398 repetit,
1664 3342 1730 3382 an
1755 3327 1844 3398 qui
1872 3329 2087 3382 iracun-

494 3424 640 3478 dim?
667 3423 755 3494 qui
781 3420 1048 3477 moechum
1075 3429 1196 3491 post
1221 3411 1486 3490 peractam
1513 3434 1650 3486 rem,
1678 3419 1937 3489 supplicio
1961 3419 2086 3474 sub-

499 3515 612 3584 iicit
635 3555 649 3577 ,
680 3529 745 3567 an
779 3513 868 3583 qui
910 3513 1075 3582 ipsius
1101 3511 1548 3580 concupiscentiae
1569 3511 1720 3580 jubet
1747 3511 1876 3566 dare
1901 3525 2086 3581 poenas

500 3617 554 3660 et
597 3621 783 3676 pmnas
823 3603 1192 3660 immortales?
1235 3601 1464 3667 Videte,
1511 3603 1562 3656 in
1605 3603 1930 3658 contrarium
1981 3602 2087 3657 illis

500 3711 818 3752 conversum
846 3709 964 3750 esse
993 3710 1314 3748 sermonem.
1358 3694 1492 3749 Nam
1523 3696 1720 3750 veteris
1749 3694 1881 3766 legis
1907 3696 2046 3752 Deus
2066 3737 2083 3763 ,

501 3803 658 3858 quem
689 3786 788 3857 ipsi
815 3785 1000 3840 dicunt
1023 3785 1296 3839 crudelem
1325 3800 1476 3851 esse,
1509 3795 1818 3840 mansuetus
1845 3787 2084 3842 invenie-

499 3889 622 3942 tnr;
671 3893 821 3932 nova:
859 3885 1034 3931 autem
1067 3877 1198 3946 legis
1223 3878 1396 3943 Dens,
1425 3892 1585 3948 quem
1611 3892 1731 3934 esse
1757 3878 1952 3934 bonum
1985 3881 2084 3950 ipsi

501 3971 771 4033 fatentur,
821 3967 1077 4022 molestus
1125 3976 1176 4021 et
1227 3982 1485 4021 onerosus
1529 3968 1820 4023 secundum
1870 3969 2083 4024 illorum

499 4061 797 4116 stultitiam.
851 4057 958 4113 Nos
1002 4059 1199 4128 quippe
1245 4073 1408 4112 unum
1454 4058 1808 4130 eumdemque
1860 4059 2085 4116 dicimus

499 4153 774 4219 utriusque
805 4149 1129 4205 Testamenti
1161 4149 1518 4219 legislatorem
1538 4191 1553 4213 ,
1583 4149 1672 4219 qui
1701 4150 1879 4204 omnia
1909 4160 1966 4204 ut
1993 4152 2085 4206 de-

496 4242 653 4297 ccbat
677 4241 1038 4310 dispensavit,
1067 4250 1122 4296 et
1149 4250 1450 4310 temporum
1475 4239 1771 4296 discrimini
1809 4243 2086 4312 utriusque

500 4334 632 4402 legis
676 4332 1030 4388 differentiam
1075 4332 1294 4401 aptavit.
1345 4331 1506 4402 lgitur
1542 4346 1642 4387 nec
1684 4333 1772 4386 illa
1816 4344 2084 4404 praecepta

499 4425 756 4491 crudelia,
783 4441 955 4496 neque
985 4425 1098 4479 haec
1119 4440 1349 4480 onerosa
1372 4426 1455 4480 vel
1475 4425 1719 4492 molesta,
1747 4427 1838 4481 sed
1861 4437 2085 4498 utraque

498 4519 568 4572 ab
609 4533 711 4572 una
755 4518 1047 4588 eademque
1085 4517 1414 4587 providentia
1457 4518 1883 4588 proficiscuntur.
1931 4521 2084 4589 Quod

497 4606 643 4659 enim
701 4605 817 4675 ipse
870 4617 1106 4663 veterem
1153 4625 1372 4680 quoque
1421 4611 1590 4680 legem
1641 4611 1893 4677 dederit,
1949 4612 2079 4666 audi

498 4698 819 4769 pr0phelam
854 4699 1153 4765 dicentem,
1195 4701 1304 4757 imo
1337 4703 1648 4771 (dicendum
1681 4707 1805 4775 est)
1837 4715 1892 4760 et
1925 4705 2076 4760 illum

499 4799 554 4848 et
587 4791 906 4861 pr0phelam
948 4811 962 4847 :
1012 4791 1304 4862 Disponam
1347 4796 1487 4849 vobis
1535 4805 1939 4861 testamentum,
1973 4813 2078 4850 non

495 4885 786 4940 secundum
838 4894 1208 4940 testamentum
1259 4888 1396 4958 quod
1443 4888 1686 4958 disposui
1724 4891 1963 4959 patribus
1996 4907 2079 4944 vc-

500 4973 620 5026 stris
646 4970 667 5042 (
685 4972 797 5026 Jer.
825 4972 912 5027 3|.
938 4973 1026 5028 '51.
1055 4973 1124 5028 32
1145 4973 1188 5044 ).
1227 4973 1379 5042 Quod
1415 4975 1459 5029 si
1505 4977 1606 5030 hoc
1644 4992 1750 5031 non
1793 4979 2011 5048 recipiat
2041 4980 2087 5035 is

498 5065 589 5134 qui
628 5063 1037 5119 Manichaeorum
1074 5065 1262 5120 morbo
1288 5066 1494 5121 laborat
1519 5066 1629 5138 (a),
1656 5068 1835 5123 audiat
1863 5070 2084 5124 Paulum

499 5155 603 5210 hoc
628 5157 803 5227 ipsum
830 5171 1016 5212 rursus
1039 5157 1302 5213 dicentem
1329 5178 1344 5214 :
1367 5158 1622 5212 Abraham
1647 5163 1778 5215 enim
1800 5163 1927 5216 duos
1951 5165 2087 5232 ﬁlios

499 5249 672 5302 habuit
695 5265 714 5314 ;
740 5264 898 5302 unum
921 5252 984 5302 de
1002 5250 1209 5315 ancilla,
1233 5261 1278 5303 et
1303 5267 1456 5304 unum
1479 5251 1541 5304 de
1564 5251 1741 5306 libera.
1770 5251 1896 5307 Haec
1917 5264 2086 5308 autem

498 5350 616 5394 sunt
640 5341 741 5393 duo
765 5349 1059 5394 testamenta
1079 5338 1276 5409 (Galat.
1302 5342 1356 5395 4.
1376 5341 1466 5394 22.
1487 5341 1600 5413 24).
1626 5343 2086 5411 Quemadmodum

499 5446 629 5500 ergo
653 5431 763 5486 illic
787 5430 1012 5486 diversa:
1035 5440 1156 5485 sunt
1183 5431 1434 5488 mulieres
1451 5472 1468 5498 ,
1500 5448 1634 5489 unus
1659 5443 1836 5489 autem
1863 5435 1946 5490 vir
1972 5454 1984 5488 :
2009 5437 2088 5492 sic

499 5531 554 5575 et
591 5520 692 5576 hoc
731 5521 852 5576 loco
887 5520 994 5576 duo
1019 5522 1358 5578 Testamenta
1383 5563 1399 5588 ,
1430 5539 1566 5579 unus
1594 5526 1883 5596 legislator.
1937 5528 2002 5581 Et
2030 5537 2087 5582 ut

498 5612 695 5682 discas,
726 5628 884 5668 unam
907 5613 1258 5686 eamdemque
1281 5615 1447 5672 fuisse
1473 5618 1750 5688 utrobique
1779 5631 2087 5676 mansuetu-

562 5749 638 5809 (α)
674 5751 915 5801 Manichtei
954 5751 1020 5801 de
1064 5751 1246 5818 quibus
1284 5764 1401 5818 mox
1435 5747 1649 5815 loquitur
1699 5751 2084 5818 Chrysostomus,

502 5809 660 5863 Vetus
676 5820 1039 5865 Testamentum
1069 5809 1168 5864 non
1189 5809 1523 5864 admittebant}

1267 358 1320 416 S.
1360 357 1637 415 JOANNIS
1672 351 2143 413 CllllYSOSTOMl
2183 353 2496 412 ARCHIEP.
2536 353 3067 414 CONSTANTINOP.

3707 365 3806 419 218

2221 470 2400 526 dinem
2431 488 2444 526 :
2473 471 2580 527 illic
2607 472 2820 543 quidem
2845 473 2998 537 dixit,
3030 472 3249 528 Oculum
3273 491 3366 545 pro
3389 478 3576 542 oculo;
3602 477 3686 535 hic
3714 499 3810 535 an-

2218 573 2323 616 tem
2353 583 2366 617 :
2393 563 2452 618 Si
2481 563 2594 634 quis
2619 573 2666 617 te
2689 565 2986 633 percusserit
3008 565 3060 618 in
3086 567 3346 621 maxillam
3371 567 3651 636 dexteram,
3678 585 3806 627 verte

2214 653 2290 708 illi
2320 665 2370 707 et
2391 654 2622 708 alteram.
2663 656 3123 724 Quemadmodum
3149 660 3292 714 enim
3323 661 3432 716 illic
3461 663 3651 719 timore
3679 682 3805 736 sup-

2214 744 2358 814 plicii
2389 745 2670 801 laedentem
2698 748 2924 814 retinet;
2959 748 3045 803 hic
3070 765 3281 820 quoque
3306 753 3496 808 eodem
3525 755 3703 810 modo.
3741 758 3808 811 Et

2211 836 2500 906 quomodo,
2525 838 2754 907 inquies,
2774 853 2896 893 cum
2910 838 3098 909 jubeat
3120 841 3262 895 illum
3279 851 3333 898 et
3351 843 3507 898 aliam
3527 847 3765 914 pnebere
3779 851 3802 898 ἲ

2211 928 2349 995 Quid
2390 928 2493 986 hoc
2522 929 2784 986 tandem?
2823 931 2941 987 Non
2971 933 3116 988 enim
3154 943 3211 988 ut
3245 946 3445 990 metum
3485 939 3656 994 solvat
3699 939 3804 995 hoc

2210 1025 2486 1094 pmcipit,
2517 1025 2611 1081 sed
2634 1025 2787 1096 jubet
2823 1027 3053 1096 praeberi
3088 1028 3190 1097 ipsi
3227 1029 3443 1083 modum
3481 1045 3542 1086 se
3580 1047 3803 1102 prorsus

2208 1115 2470 1184 satiandi;
2501 1132 2675 1187 neque
2701 1117 2835 1172 dixit
2860 1117 3008 1172 illum
3031 1118 3247 1188 impune
3269 1118 3405 1186 fore,
3435 1136 3619 1176 verum
3649 1132 3702 1177 tu
3730 1139 3800 1178 ne

2209 1208 2437 1278 punias;
2463 1209 2616 1263 simul
2644 1224 3014 1279 percussorem
3037 1211 3081 1264 si
3105 1212 3356 1280 persistat
3377 1214 3544 1284 magis
3564 1222 3799 1282 terrens,

2207 1308 2264 1354 et
2292 1315 2602 1370 percussum
2631 1301 2935 1356 consolans.
2979 1300 3178 1356 Verum
3220 1305 3334 1358 haec
3357 1342 3374 1368 ,
3413 1312 3470 1357 ut
3505 1304 3550 1358 si
3580 1305 3698 1374 quis
3742 1306 3798 1362 in

2208 1400 2517 1448 transcursu
2553 1391 2621 1449 de
2661 1393 2912 1449 omnibus
2947 1395 3228 1464 praeceptis
3265 1394 3546 1465 loquatur,
3575 1413 3607 1451 a
3641 1397 3799 1454 nobis

2206 1483 2348 1539 dicta
2385 1496 2566 1539 sunto.
2614 1485 2732 1540 Jam
2759 1484 2828 1539 ad
2859 1486 3189 1555 propositum
3218 1486 3395 1542 redire
3420 1502 3640 1544 necesse
3666 1499 3752 1544 est
3775 1529 3796 1556 ,

2205 1591 2414 1632 necnon
2445 1576 2640 1632 seriem
2674 1576 2820 1644 prius
2847 1576 3110 1632 dictorum
3139 1587 3404 1648 repetere.
3434 1579 3538 1646 Qui
3559 1580 3799 1635 irascitur

2205 1669 2353 1739 fratri
2377 1684 2469 1722 suo
2499 1677 2701 1723 temere
2719 1708 2734 1731 ,
2770 1683 2884 1722 reus
2909 1667 3002 1721 erit
3019 1668 3221 1739 judicio
3239 1711 3254 1736 ,
3283 1669 3472 1738 inquit.
3503 1669 3618 1726 Non
3647 1671 3797 1726 enim

2203 1776 2424 1832 prorsus
2460 1776 2573 1816 rem
2616 1761 2867 1816 sustulit:
2899 1761 3075 1830 primo
3099 1803 3112 1825 ,
3137 1761 3260 1831 quia
3292 1777 3398 1816 non
3428 1771 3604 1832 potest
3630 1762 3798 1818 homo

2203 1852 2365 1906 animi
2407 1851 2686 1907 affectibus
2727 1866 2947 1923 prorsus
2989 1852 3241 1918 liberari;
3274 1851 3367 1908 sed
3398 1853 3520 1910 illos
3555 1855 3798 1910 retinere

2202 1943 2418 2014 quidem
2449 1957 2730 2013 possumus
2747 1983 2764 2010 ,
2791 1943 2993 2014 absque
3018 1943 3122 1998 illis
3147 1945 3366 1998 omnino
3389 1959 3510 2000 esse
3533 1961 3638 2001 non
3663 1962 3795 2018 pos-

2201 2050 2419 2101 sumus;
2451 2035 2645 2092 deinde
2669 2077 2684 2102 ,
2719 2037 2844 2107 quia
2885 2037 2973 2093 ille
3009 2038 3172 2092 animi
3203 2048 3380 2093 motus
3407 2039 3554 2094 utilis
3579 2049 3664 2095 est
3685 2081 3703 2108 ,
3745 2041 3798 2096 si

2201 2129 2295 2184 illo
2335 2131 2570 2184 sciamus
2611 2140 2910 2200 opportune
2948 2132 3046 2186 uti.
3093 2131 3368 2201 Perpende
3411 2133 3552 2187 enim
3591 2145 3795 2204 quanta

2200 2222 2339 2276 bona
2360 2221 2598 2278 attulerit
2617 2221 2765 2278 Pauli
2788 2223 2865 2278 ira
2886 2233 3070 2278 contra
3091 2223 3417 2279 Corinthios.
3441 2224 3569 2280 Nam
3590 2235 3645 2281 et
3671 2226 3797 2281 illos

2199 2330 2228 2369 a
2258 2329 2446 2385 magna
2486 2324 2634 2386 peste
2663 2315 2939 2382 liberavit;
2985 2315 3288 2372 Galatarum
3314 2317 3441 2372 item
3467 2326 3679 2388 gentem
3714 2319 3796 2372 la-

2199 2423 2348 2476 psam
2394 2421 2492 2476 per
2519 2405 2658 2462 hanc
2685 2407 3052 2478 recuperavit,
3092 2408 3333 2478 aliosque
3374 2409 3588 2464 multos.
3633 2410 3794 2476 Quod

2197 2514 2325 2569 ergo
2355 2507 2570 2570 tempus
2617 2501 2709 2556 ira:
2735 2511 3092 2572 opportunum
3133 2501 3258 2556 est?
3285 2501 3508 2570 Quando
3543 2518 3647 2558 non
3689 2520 3795 2561 nos

2198 2591 2344 2660 ipsos
2385 2592 2693 2648 ulciscimur
2715 2634 2729 2657 ,
2762 2593 2856 2647 sed
2892 2593 3026 2646 alios
3067 2594 3366 2662 petulantes
3405 2595 3748 2664 repriinimus
3772 2638 3790 2660 ,

2196 2680 2412 2738 desides
2437 2684 2816 2738 convertimus.
2843 2683 2995 2751 Quod
3025 2693 3232 2753 tempus
3255 2699 3360 2740 non
3385 2695 3748 2756 opportunum
3765 2689 3794 2741 ‘t

2195 2774 2420 2841 Quando
2447 2791 2548 2831 nos
2574 2775 2721 2846 ipsos
2749 2776 3064 2832 ulciscentes
3094 2777 3147 2832 id
3177 2776 3420 2832 facimus.
3451 2778 3603 2845 Quod
3641 2779 3790 2835 Pau-

2195 2865 2280 2921 lns
2319 2867 2574 2922 cohibens
2603 2867 2816 2922 dicebat
2848 2885 2862 2922 :
2898 2867 3019 2922 Non
3061 2870 3386 2938 vosmuipsos
3429 2870 3745 2924 vindicantes
3769 2911 3786 2935 ,

2194 2957 2399 3024 dilecti,
2430 2958 2520 3013 sed
2547 2958 2666 3013 date
2687 2960 2851 3012 locum
2879 2959 2971 3013 irw
2994 2959 3172 3030 (Rom.
3206 2959 3294 3014 l2.
3325 2959 3436 3032 i9).
3464 2961 3688 3028 Quando
3718 2961 3793 3018 de

2194 3051 2436 3121 pecuniis
2477 3051 2764 3122 litigamus.
2810 3051 2943 3107 Nam
2981 3061 3036 3106 et
3073 3052 3176 3106 hoc
3212 3052 3296 3106 his
3321 3053 3497 3108 verbis
3523 3053 3741 3108 sustulit
3771 3071 3788 3107 :

2197 3143 2366 3212 Quare
2393 3159 2494 3198 non
2520 3145 2682 3216 magis
2710 3144 2952 3214 injuriam
2979 3144 3245 3215 accipitis?
3286 3161 3441 3215 quare
3480 3161 3582 3199 non
3622 3147 3792 3217 magis

2192 3237 2424 3306 fraudem
2449 3237 2679 3306 patimini
2707 3237 2727 3308 (
2751 3237 2804 3291 1.
2832 3236 2949 3292 Cor.
2983 3238 3037 3293 6.
3076 3237 3110 3292 7
3132 3238 3194 3306 )7
3219 3237 3368 3292 Sicut
3389 3239 3530 3293 enim
3561 3239 3676 3292 hac
3705 3239 3788 3292 ira

2193 3342 2586 3398 supervacanea
2613 3337 2696 3383 est
2714 3368 2730 3395 ,
2761 3328 2840 3384 sic
2867 3329 2955 3383 illa
2984 3330 3284 3385 necessaria
3307 3338 3362 3384 et
3387 3330 3549 3384 utilis.
3585 3329 3788 3385 Verum

2192 3422 2344 3476 multi
2370 3436 2402 3476 e
2437 3422 2709 3477 contrario
2747 3421 2976 3489 faciunt,
3013 3421 3218 3478 efferati
3243 3463 3257 3486 ,
3283 3437 3404 3477 cum
3443 3421 3632 3492 injuria
3657 3422 3788 3476 affi-

2191 3514 2442 3574 ciuntur,
2486 3512 2706 3568 resoluti
2749 3525 2803 3567 et
2842 3513 3029 3568 molles
3053 3555 3068 3576 ,
3105 3528 3225 3566 cum
3272 3513 3457 3567 laasum
3497 3512 3659 3567 alium
3695 3512 3785 3566 vi-

2191 3602 2322 3657 dent
2361 3620 2374 3655 :
2404 3619 2523 3673 qua:
2551 3603 2709 3657 ambo
2737 3604 3001 3657 contraria
3031 3614 3154 3657 sunt
3189 3603 3510 3673 evangelicis
3549 3602 3784 3672 legibus.

2190 3693 2308 3748 Non
2333 3709 2462 3765 ergo
2489 3695 2644 3750 irasci
2676 3695 2911 3765 iniquum
2939 3706 3023 3749 est
3047 3735 3062 3761 ,
3094 3693 3186 3750 sed
3217 3696 3570 3766 inopportune
3597 3695 3784 3749 irasci.

2193 3785 2318 3842 Ideo
2343 3787 2600 3858 propheta
2626 3787 2838 3842 dicebat
2865 3805 2878 3841 :
2908 3786 3199 3840 Irascimini
3216 3827 3231 3851 ,
3271 3796 3320 3841 et
3357 3785 3513 3840 nolite
3549 3801 3784 3856 peccare.

2195 3877 2296 3943 Qui
2324 3888 2494 3932 autem
2525 3877 2709 3932 dixerit
2746 3879 2895 3948 fratri
2931 3894 3057 3942 suo,
3088 3893 3208 3930 rara
3231 3917 3246 3939 ,
3287 3893 3401 3931 reus
3437 3877 3530 3929 erit
3567 3877 3790 3930 concilio

2191 3973 2384 4046 (Psal.
2415 3975 2469 4028 4.
2503 3971 2597 4042 5).
2645 3969 2942 4025 Concilium
2971 3969 3095 4035 hic,
3133 3967 3388 4037 judicium
3433 3967 3787 4022 llebraeurum

2191 4075 2367 4123 vocat.
2411 4063 2566 4134 Quod
2607 4062 2728 4118 ideo
2757 4075 2900 4116 nunc
2927 4061 3138 4131 posuit,
3181 4075 3249 4114 ne
3290 4060 3485 4131 ubique
3509 4059 3790 4114 videretur

2192 4174 2332 4214 nova
2379 4166 2433 4212 et
2469 4154 2746 4226 peregrina
2780 4154 2978 4209 dicere.
3024 4152 3156 4208 lllud
3195 4160 3371 4208 autem
3396 4194 3413 4220 ,
3450 4151 3592 4206 Raca
3615 4193 3630 4215 ,
3670 4167 3789 4208 non

2191 4267 2397 4324 magna:
2423 4249 2762 4306 contumelia:
2787 4263 2890 4302 vox
2915 4256 3025 4310 est,
3049 4247 3144 4302 sed
3170 4249 3344 4316 potius
3367 4256 3708 4316 contemptus
3729 4257 3790 4302 et

2192 4341 2548 4414 negligentiae.
2572 4338 3032 4407 Quemadmodum
3051 4338 3193 4393 enim
3214 4353 3311 4393 nos
3329 4337 3539 4392 famulis
3557 4337 3789 4407 aliisque

2191 4435 2360 4490 infimi
2401 4432 2597 4504 gradus
2627 4433 2950 4501 imperantes
2987 4429 3216 4484 dicimus
3245 4448 3259 4483 :
3290 4429 3436 4483 Vade
3483 4438 3537 4484 tu
3559 4470 3574 4493 ,
3606 4429 3695 4483 dic
3729 4439 3788 4482 tu

2192 4527 2270 4582 illi
2301 4547 2315 4582 :
2342 4527 2420 4581 sic
2459 4526 2547 4596 qui
2578 4524 2832 4595 Syrorum
2874 4523 3048 4592 lingua
3089 4533 3341 4584 utuntur,
3369 4535 3505 4576 voce
3536 4520 3677 4575 Raca
3709 4521 3789 4574 uti

2193 4618 2386 4683 solent,
2415 4615 2492 4671 Tu
2520 4615 2903 4685 significantes.
2931 4613 3035 4668 Sed
3062 4612 3322 4682 benignus
3348 4612 3486 4667 Deus
3511 4611 3595 4666 vel
3627 4612 3791 4665 mini-

2194 4723 2278 4762 ma
2307 4705 2527 4773 evellit,
2562 4705 2756 4773 jubens
2800 4717 2899 4758 nos
2943 4711 3252 4758 reverenter
3285 4711 3469 4758 mutuo
3496 4716 3655 4772 agere
3680 4744 3695 4767 ,
3733 4711 3790 4758 ct

2194 4815 2314 4854 cum
2345 4798 2549 4853 honore
2575 4797 2808 4863 decenti,
2833 4807 2889 4851 ut
2916 4811 3009 4866 per
3030 4795 3144 4850 haec
3163 4796 3324 4849 etiam
3355 4794 3558 4864 majora
3586 4794 3789 4849 tollan-

2197 4900 2298 4944 tur.
2334 4889 2435 4955 Qui
2459 4898 2626 4944 autem
2649 4889 2869 4952 dixerit,
2904 4890 3041 4959 fatue
3059 4928 3076 4951 ,
3103 4903 3220 4940 reus
3245 4887 3337 4940 erit
3364 4887 3604 4956 gehenna:
3627 4885 3788 4956 ignis.

2195 4981 2309 5037 Hoc
2334 4989 2661 5052 pratceptum
2688 4979 2872 5034 multis
2894 4993 3056 5048 grave
3077 4986 3133 5032 et
3155 4992 3440 5033 onerosum
3467 4978 3639 5032 visum
3662 4984 3789 5031 est:

2194 5075 2237 5128 si
2279 5089 2376 5145 pro
2403 5088 2512 5130 uno
2537 5073 2762 5143 simplici
2790 5071 2960 5127 verbo
2997 5079 3204 5125 tantum
3242 5069 3536 5124 debeamus
3578 5069 3790 5138 suppli-

2193 5167 2336 5222 cium
2375 5165 2542 5220 luere.
2573 5163 2799 5232 Quidam
2825 5177 2954 5217 vero
2991 5161 3095 5216 hoc
3131 5161 3306 5231 ipsum
3334 5157 3676 5231 hyperbolice
3704 5157 3786 5212 di-

2200 5267 2341 5313 ctum
2367 5257 2690 5313 existimant.
2740 5254 2843 5311 Sed
2871 5267 3064 5310 vereor
3087 5267 3156 5308 ne
3182 5252 3363 5308 verbis
3391 5251 3477 5306 hic
3505 5265 3604 5305 nos
3631 5248 3788 5304 deci-

2195 5351 2423 5420 pientes,
2452 5350 2628 5418 reipsa
2656 5359 2958 5402 extremum
2985 5344 3270 5401 subeamus
3295 5343 3634 5413 supplicium.

2268 5444 2322 5496 8.
2361 5440 2456 5494 Ira
2483 5457 2575 5494 cur
2600 5439 2940 5510 reprimenda.
2968 5437 3285 5493 Contumelia
3320 5436 3450 5489 nihil
3486 5433 3785 5488 intolerabi-

2198 5531 2313 5588 lius.
2337 5563 2404 5574 —
2432 5531 2561 5597 Cur,
2602 5545 2807 5601 quaeso,
2856 5545 3146 5586 onerosum
3187 5527 3400 5583 videtur
3427 5540 3548 5582 esse
3574 5541 3785 5596 pmice—

2198 5629 2383 5697 ptum?
2408 5627 2490 5681 An
2515 5626 2694 5681 neseis
2718 5625 2973 5696 pleraque
3002 5624 3259 5695 supplicia
3281 5631 3336 5677 et
3359 5631 3576 5692 peccata
3602 5637 3631 5675 a
3660 5637 3783 5676 ver-

2198 5719 2280 5773 bis
2309 5719 2516 5772 initimn
2561 5717 2795 5774 dueere?
2839 5717 2943 5774 Per
2967 5717 3130 5773 verba
3169 5717 3312 5771 enim
3360 5713 3711 5786 blasphemia:
3729 5725 3786 5772 et

2199 5812 2478 5882 abnegatio
2494 5811 2619 5878 Dei;
2646 5828 2740 5883 per
2755 5811 2936 5877 verba,
2958 5809 3196 5868 convicia
3216 5820 3269 5865 et
3288 5807 3651 5876 contumeliae,
3664 5827 3755 5883 per
3772 5839 3790 5852 -
