4056 6360
527 409 634 466 ΞΜ)

524 526 632 582 Καὶ
654 527 761 598 γάρ
792 525 1129 598 βλασφημίαι
1153 527 1240 581 διὰ
1267 529 1546 599 ῥημάτων,
1590 529 1685 581 καὶ
1722 529 1977 601 ἀρνήσεις
2014 526 2104 581 διὰ

523 610 805 678 ῥημάτων,
834 610 928 662 καὶ
955 608 1230 680 λοιδορίαι,
1263 611 1356 661 καὶ
1401 607 1607 678 ὕϐρεις,
1658 608 1754 662 καὶ
1805 608 2098 678 ἐπιορκίαι,

525 689 622 742 καὶ
660 689 720 741 τὸ
759 689 1222 760 ψευδομαρτυρεῖν
1269 688 1326 759 [⁸
1350 690 1442 741 καὶ
1469 687 1756 760 ἀναιρεῖν]
1788 689 1882 758 Μὴ
1925 688 2102 741 τοίνυν
2135 757 2138 761 ι

521 767 603 820 ὅτι
634 767 786 837 ῥῆμά
813 770 930 821 ἐστι
959 767 1112 836 ψιλὸν
1136 769 1248 840 ἴδῃς
1271 787 1282 797 ·
1320 768 1434 821 ἀλλ’
1465 769 1513 821 εί
1541 767 1614 838 μὴ
1657 769 1822 822 πολὺν
1865 769 1977 838 ἔχει
2009 769 2100 822 τὸν

519 848 784 908 κίνδυνον,
812 848 968 903 τοῦτο
1000 849 1220 916 ἐξέταζε
1242 851 1282 902 ⁸.
1322 852 1387 902 Ἦ
1415 851 1647 918 ἀγνοεῖς,
1672 850 1752 902 ὅτι
1784 853 1841 904 ἐν
1877 851 1953 920 τῷ
2002 852 2101 920 τῆς

520 924 720 996 ἔχθρας
740 929 935 1000 καιρῷ,
955 929 1054 999 τῆς
1076 928 1245 999 ὀργῆς
1276 931 1659 999 ἐκκαιομένης,
1690 929 1900 998 καὶτῆς
1919 927 2098 998 ψυχῆς

521 1006 964 1080 ἐμπιπραμένης,
988 1010 1158 1064 καὶτὸ
1181 1010 1502 1080 μικρότατον
1538 1011 1679 1079 μέγα
1709 1009 1975 1078 φαίνεται,
2005 1008 2098 1060 καὶ

518 1084 579 1136 τὸ
637 1087 710 1158 μὴ
763 1088 883 1141 λίαν
929 1089 1242 1161 ὑϐριστικὸν
1299 1090 1552 1160 φορτικὸν
1591 1084 1731 1143 εἶναι
1764 1089 1940 1148 δοκεῖς
1988 1087 2097 1140 Καὶ

517 1163 778 1229 πολλάκις
807 1167 877 1220 τὰ
904 1169 1073 1239 μικρά
1106 1169 1279 1223 ταῦτα
1322 1170 1415 1222 καὶ
1469 1169 1628 1236 φόνον
1666 1167 1839 1228 ἔτεκε,
1873 1167 1967 1219 καὶ
2000 1167 2098 1219 πό-

517 1239 632 1306 λεις
677 1245 1003 1318 ὁλοκλήρους
1058 1249 1353 1319 ἀνέτρεψεν
1382 1250 1450 1302 ¹⁰.
1500 1249 1710 1319 Ὠσπερ
1743 1247 1873 1318 γὰρ,
1916 1244 2097 1316 φιλίας

515 1321 702 1394 οὔσης,
743 1327 937 1380 καὶτὰ
980 1328 1187 1397 ἐπαχθῆ
1220 1328 1432 1397 κοῦφαο
1482 1328 1673 1392 οὕτως,
1716 1328 1913 1398 ἔχθρας
1965 1327 2098 1378 ὕπο-

517 1403 796 1480 κειμένης,
822 1407 915 1459 καί
937 1407 1004 1460 τά
1031 1409 1202 1478 μικρά
1225 1411 1473 1480 ἀφόρητα
1494 1411 1764 1477 φαίνεται·
1785 1408 1890 1461 κᾶν
1908 1406 2095 1468 ἁπλῶς

516 1479 703 1554 λεχθῇ,
753 1485 890 1554 μετά
935 1491 1180 1560 πονηρᾶς
1208 1479 1460 1551 ὑπονοίας
1492 1489 1742 1562 εἰρῆσθαι
1792 1490 2091 1559 νομίζεται.

516 1563 627 1642 καὶ
659 1563 909 1638 καθάπερ
940 1569 1032 1620 ἐπὶ
1077 1570 1267 1640 πυρὸς,
1301 1570 1368 1623 ἂν
1399 1571 1495 1639 μὲν
1547 1571 1740 1642 μικρὸς
1770 1571 2005 1641 σπινθὴρ
2034 1565 2091 1642 ᾖ,

514 1641 623 1722 κᾶν
653 1645 818 1714 μυρία
842 1644 996 1718 [215]
1019 1649 1364 1719 παρακέηται
1407 1641 1558 1715 ξύλα,
1593 1651 1652 1702 06
1682 1651 1879 1722 ῥᾳδίως
1913 1641 2092 1703 αὐτῶν

514 1717 944 1792 ἐπιλαμϐάνεται
973 1717 988 1756 έ
1022 1728 1087 1781 ἂν
1112 1729 1168 1781 δὲ
1195 1717 1398 1800 σφοδρά
1438 1732 1532 1784 καὶ
1575 1717 1750 1801 ὑψηλὴ
1801 1729 2020 1802 γένηται
2056 1731 2089 1800 ἡ

515 1802 668 1872 φλὸξ,
697 1805 758 1857 οὒ
787 1804 962 1870 ξύλων
1005 1807 1185 1878 μόνον,
1213 1811 1348 1864 ἀλλά
1375 1811 1468 1866 καὶ
1497 1810 1660 1863 λίθων
1682 1812 1776 1863 καὶ
1799 1811 1978 1879 πάσης
2004 1811 2093 1862 εὑ-

512 1882 687 1947 κόλως
742 1885 842 1954 τῆς
894 1886 1240 1958 ἐμπεσούσης
1293 1889 1426 1960 ὕλης
1465 1889 1770 1958 ἀντέχεται,
1807 1891 1900 1942 καὶ
1925 1891 1990 1942 δι’
2019 1883 2094 1942 ῶν

511 1962 671 2015 εἴωθε
696 1961 1035 2029 σϐέννυσθαι,
1058 1967 1148 2020 διὰ
1179 1968 1386 2022 τούτων
1411 1969 1650 2024 ἀνάπτετ
1662 1988 1712 2022 1'.
1731 1971 1770 2000 ¹¹
1809 1971 2090 2038 μειζόνως·

514 2040 681 2112 (τινές
707 2043 815 2116 γάρ
847 2063 1032 2114 φασιν,
1063 2049 1144 2100 ὅτι
1169 2049 1230 2100 τὸ
1255 2048 1556 2118 τηνικαῦτα
1589 2050 1708 2118 ούχί
1753 2050 1884 2115 ξύλα
1937 2051 2095 2120 μόνον

510 2121 608 2174 καὶ
640 2128 939 2180 στυππεῖον
962 2128 1057 2181 καὶ
1078 2129 1146 2182 τὰ
1176 2129 1309 2182 ἄλλα
1352 2128 1422 2182 τά
1447 2129 1714 2182 καυστικά
1745 2131 1808 2192 ¹²,
1829 2129 1962 2183 ἀλλὰ
2001 2131 2096 2184 καὶ

509 2198 656 2272 ὕδωρ
689 2202 1170 2276 ἐξακοντιζόμενον
1195 2208 1394 2276 μᾶλλον
1427 2208 1597 2278 αὐτῆς
1618 2209 1966 2280 ἁναρριπίζει
1995 2209 2096 2280 τὴν

508 2281 782 2354 δύναμιν)’
807 2283 948 2338 οὕτω
968 2285 1032 2356 δὴ
1057 2287 1148 2339 καὶ
1167 2288 1257 2340 ἐπὶ
1274 2291 1370 2355 τῆς
1395 2288 1584 2359 ὀργῆς·
1609 2290 1743 2360 ὅπερ
1771 2289 1837 2342 ἂν
1860 2288 2096 2358 φθέγξη-

506 2363 601 2417 ταί
647 2381 754 2426 τις,
788 2365 961 2436 τροφὴ
1019 2366 1239 2433 γέγονεν
1292 2367 1496 2431 εὐθέως
1539 2372 1608 2441 τῇ
1655 2373 1870 2441 πονηρᾷ
1923 2371 2095 2443 ταύτῃ

505 2444 679 2512 πυρᾷ.
709 2444 890 2514 “Amp
919 2444 1134 2498 ἅπαντα
1185 2447 1635 2515 προαναστέλλων
1658 2450 1687 2502 ό
1718 2449 1971 2521 Χριστὸς,
2003 2451 2097 2503 τὸν

509 2523 612 2592 μὲν
636 2523 986 2593 ὀργιζόμενον
1011 2524 1134 2594 είκῆ
1165 2527 1491 2580 κατεδίκασε
1511 2531 1576 2599 τῇ
1603 2529 1782 2600 κρίσει
1803 2529 1911 2596 (διὰ
1936 2530 2097 2584 τοῦτο

505 2603 603 2657 καὶ
633 2605 676 2635 ’³
730 2606 970 2676 εἴρηκεν,
1020 2610 1083 2664 '0
1130 2606 1504 2676 όργιζτῗμενος
1538 2609 1756 2678 ἔνοχος
1801 2611 1972 2664 ἔσται
2019 2611 2095 2676 τῇ

505 2685 746 2751 κρίσει),
776 2686 870 2739 τὸν
888 2687 944 2741 δὲ
971 2688 1218 2756 λέγοντα,
1263 2689 1457 2753 Ῥακά,
1492 2689 1570 2759 τῷ
1612 2689 1895 2760 συνεδρίῳ.
1955 2689 2095 2743 Ἀλλ’

504 2761 660 2815 οὕπω
691 2765 863 2819 ταῦτα
896 2767 1141 2836 μεγάλα·
1175 2766 1409 2819 ἐνταῦθα
1437 2765 1546 2835 γὰρ
1583 2769 1641 2820 αἱ
1670 2768 1953 2837 τιμωρίαι.
1998 2770 2096 2822 Διά

505 2843 664 2896 τοῦτο
686 2843 764 2913 τῷ
785 2846 970 2916 μωρὸν
986 2844 1303 2917 ὀνομάζοντι
1328 2845 1389 2898 τδ
1406 2845 1508 2912 τῆς
1535 2845 1761 2914 γεέννης
1787 2845 2096 2915 προσέθηκε

505 2920 640 2991 πῦρ.
697 2923 791 2976 νῦν
839 2925 1055 2994 πρῶτον
1095 2925 1320 2994 γεέννης
1373 2923 1546 2992 ὄνομα
1587 2923 1778 2976 εἰπών.
1822 2925 2095 2995 Πρότερον

505 3002 615 3072 γὰρ
642 3003 686 3033 ¹⁶
715 3003 844 3073 περὶ
870 3003 1149 3073 βασιλείας
1167 3004 1336 3057 πολλά
1376 3001 1698 3073 διαλεχθεὶς,
1730 3003 1850 3056 τότε
1892 3004 2096 3074 ταύτης

505 3082 748 3151 ἐμνήσθη
773 3097 786 3112 ⁸
841 3081 1056 3146 δεικνὺς
1094 3084 1178 3135 ὅτι
1213 3081 1395 3152 ἐκείνη
1431 3081 1530 3150 μὲν
1578 3081 1679 3150 τῆς
1705 3081 1870 3135 αὑτοῦ
1897 3082 2090 3150 φιλαν-

505 3159 753 3230 θρωπίας
788 3163 881 3214 καὶ
913 3162 1140 3232 γνώμης
1175 3163 1346 3224 ἐστὶν,
1374 3160 1512 3231 αὕτη
1565 3160 1622 3213 δέ
1675 3159 1777 3229 τῆς
1821 3163 2090 3232 ἡμετέρας

505 3240 794 3312 ῥᾳθυμίας.
825 3242 934 3294 Καὶ
955 3242 1056 3312 ὅρα
1075 3241 1194 3303 πῶς
1224 3241 1366 3294 κατὰ
1393 3239 1592 3311 μικρὸν
1625 3241 1875 3310 πρόεισιν
1902 3243 1960 3294 ἐν
1973 3245 2093 3306 ταῖς

499 3318 818 3388 τιμωρίαις,
846 3318 1131 3388 μονονουχὶ
1156 3316 1594 3388 ἀπολογούμενός
1625 3334 1728 3383 σοι,
1758 3319 1852 3371 καί
1879 3319 2092 3384 δεικνὺς

499 3400 581 3452 ὃτι
604 3400 768 3462 αὐτὸς
796 3399 896 3468 μὲν
918 3398 1068 3451 οὐδὲν
1093 3398 1342 3468 βούλεται
1369 3398 1611 3452 τοιοῦτον
1633 3399 1894 3458 ἀπειλεῖν,
1929 3401 2090 3468 ἡμεῖς

499 3479 556 3531 δέ
585 3478 747 3532 αὑτὸν
769 3479 848 3541 εἰς
873 3477 973 3540 τὰς
998 3478 1256 3542 τοιαύτας
1285 3478 1517 3548 ἕλκομεν
1544 3478 1867 3546 ἀποφάσεις.
1890 3478 2090 3530 Σκόπει

499 3559 642 3630 γάρ·
675 3555 861 3619 Εῐπον,
906 3559 1071 3627 φησί’
1095 3557 1188 3627 Μὴ
1218 3557 1478 3629 ὀργισθῇς
1523 3555 1722 3627 μάτην,
1757 3558 1877 3610 ἐπεὶ
1909 3557 2090 3628 ἔνοχος

500 3635 612 3693 εἴη
633 3639 701 3708 τῇ
733 3637 934 3707 κρίσει.
963 3637 1390 3706 Κατεφρόνησας
1425 3635 1520 3689 τοῦ
1549 3637 1838 3708 προτέρου.
1865 3637 2008 3706 Ὅρα
2038 3637 2090 3690 τί

501 3719 688 3772 ἔτεκεν
727 3718 760 3787 ἡ
789 3717 948 3786 ὀργή·
975 3717 1051 3778 εἰς
1085 3715 1248 3784 ὕϐριν
1274 3732 1333 3768 σε
1363 3715 1566 3779 εὐθέως
1607 3716 1845 3786 ἐξήγαγε
1865 3733 1880 3747 ·
1918 3717 2091 3770 Ῥακά

501 3800 613 3869 γὰρ
635 3795 901 3856 ἐκάλεσας
929 3795 1018 3847 τὸν
1047 3795 1294 3863 ἀδελφόν.
1318 3794 1490 3848 Πάλιν
1505 3794 1677 3865 ἔθηκα
1697 3795 1891 3865 ἑτέραν
1917 3813 2091 3866 τιμω-

506 3879 649 3951 ρίαν,
669 3875 730 3927 τὸ
764 3872 1061 3943 συνέδριον.
1097 3874 1196 3926 "Av
1239 3874 1334 3926 καὶ
1365 3873 1568 3942 ταύτην
1618 3873 1860 3945 παριδὼν
1893 3876 1986 3928 ἐπὶ
2028 3875 2090 3928 τὸ

501 3955 884 4030 χαλεπώτερον
911 3951 1198 4023 προέλθῃς,
1235 3951 1417 4030 ούκέτι
1456 3969 1514 4004 σε
1540 3956 1652 4016 τοῖς
1680 3953 2015 4025 συμμέτροις
2045 3953 2088 3986 ιι

500 4029 710 4098 τούτοις
748 4031 1116 4105 τιμωροῦμαι,
1151 4029 1290 4083 ἀλλὰ
1319 4033 1384 4101 τῇ
1426 4031 1525 4100 τῆς
1577 4030 1801 4100 γεέννης
1837 4031 2090 4104 ἀθανάτῳ

501 4117 744 4178 κολάσει,
769 4115 854 4167 ἵνα
885 4113 960 4184 μὴ
995 4111 1180 4165 λοιπὸν
1203 4111 1298 4164 καὶ
1337 4111 1477 4182 πρὸς
1506 4111 1666 4180 φόνον
1706 4111 2086 4184 ἀποπηδήσης,

501 4199 578 4250 06
603 4196 712 4266 γὰρ
744 4194 913 4256 ἐστιν,
939 4193 1038 4244 οὐκ
1071 4191 1218 4244 ἐστιν
1246 4190 1397 4243 οὐδὲν
1426 4188 1638 4260 ὕϐρεως
1662 4191 2086 4262 ἀφορητότερον,

500 4277 598 4330 καὶ
644 4275 674 4327 δ
717 4273 952 4343 μάλιστα
1005 4270 1228 4324 δύναται
1277 4271 1495 4322 δάκνειν
1542 4267 1833 4339 ἀνθρώπου
1883 4270 2085 4342 ψυχήν.

503 4356 674 4406 Ὅταν
694 4352 751 4405 δὲ
779 4351 875 4404 καὶ
903 4349 1036 4402 αὐτὸ
1061 4349 1123 4401 τὸ
1163 4349 1315 4420 ῥῆμα
1345 4347 1444 4417 τῆς
1478 4346 1687 4418 ὕϐρεως
1714 4348 2088 4419 πληκτικώτε-

503 4452 597 4506 ρον
631 4430 688 4508 ᾗ,
715 4431 878 4500 διπλῆ
906 4429 1116 4498 γίνεται
1141 4431 1175 4498 ἡ
1204 4429 1371 4498 πυρά.
1394 4427 1484 4508 Μὴ
1506 4428 1684 4480 τοίνυν
1721 4428 1783 4481 τὸ
1803 4429 1964 4508 τυχδν
1996 4447 2085 4484 νο-

504 4503 672 4586 μίσῃς
700 4509 838 4565 εἶναι
879 4511 943 4562 τὸ
990 4509 1216 4562 καλέσαι
1262 4507 1462 4586 μωρόν.
1495 4509 1665 4562 Ὅταν
1688 4508 1796 4580 γὰρ
1838 4510 1876 4542 ¹⁷
1909 4503 1953 4578 ᾧ
1978 4511 2086 4563 τῶν

503 4580 717 4661 ἀλόγων
747 4589 1133 4660 διεστήκαμεν,
1158 4587 1252 4641 καὶ
1269 4580 1313 4655 ᾧ
1339 4587 1572 4656 μάλιστά
1596 4589 1764 4659 ἐσμεν
1785 4587 1880 4643 ἀνθ
1891 4607 2081 4658 ρωποι,

502 4672 583 4743 τῷ
636 4671 714 4743 νῷ
768 4669 860 4724 καὶ
902 4671 967 4739 τῇ
1023 4667 1256 4731 συνέσει,
1290 4667 1447 4720 τοῦτο
1481 4667 1658 4740 ἀφέλῃ
1707 4668 1800 4721 τὸν
1835 4669 2083 4738 ἀδελφὸν,

503 4751 687 4822 πάσης
714 4749 874 4802 αὐτὸν
896 4747 1276 4820 ἀπεστέρησας
1312 4747 1413 4818 τῆς
1437 4749 1737 4817 εὐγενείας.
1767 4749 1861 4821 Mi)
1883 4749 1946 4820 δή
1974 4752 2088 4813 τοῖς

506 4832 749 4903 ῥήμασιν
774 4827 959 4890 ἀπλῶς
1001 4827 1376 4898 προσέχωμεν,
1409 4828 1524 4882 ἀλλ’
1551 4830 1644 4883 ἐπὶ
1675 4830 1787 4883 τῶν
1828 4830 2087 4900 πραγμά.

501 4927 615 4963 των
656 4909 836 4962 αὐτῶν
882 4907 1164 4976 γενόμενοι
1211 4907 1305 4959 καὶ
1352 4907 1446 4960 τοῦ
1494 4908 1720 4974 πάθους,
1743 4909 2088 4977 λογισώμεθα

503 4991 637 5061 ὅσην
674 4988 966 5061 ἐργάζεται
991 4989 1051 5043 τὸ
1081 4991 1232 5061 ῥῆμα
1253 4986 1412 5041 τοῦτο
1439 4987 1674 5059 πληγὴν,
1703 4990 1799 5042 καὶ
1837 4991 1916 5053 εἰς
1963 4989 2089 5043 ὅσον

504 5069 720 5140 πρόεισι
743 5068 932 5123 κακόν.
955 5069 1055 5122 Διά
1077 5069 1234 5123 τοῦτο
1251 5068 1346 5122 καὶ
1364 5069 1392 5121 ὁ
1412 5066 1622 5131 Παῦλος
1637 5067 1698 5120 οὑ
1714 5067 1840 5131 τοὺς
1864 5070 2087 5138 μοιχοὺς

508 5150 669 5219 μόνον
727 5150 821 5201 καὶ
861 5150 988 5212 τοὺς
1023 5149 1318 5220 μαλακοὺς,
1361 5147 1497 5201 ἀλλά
1530 5149 1625 5201 καὶ
1661 5149 1788 5212 τοὺς
1816 5148 2085 5220 λοιδόρους

502 5229 605 5299 τῆς
644 5227 916 5298 βασιλείας
972 5228 1225 5296 ἐξέϐαλε’
1258 5228 1353 5281 καὶ
1401 5227 1544 5298 μάλα
1595 5228 1837 5292 εἰκότως.
1873 5228 1933 5282 '0
1973 5229 2083 5300 γὰρ

505 5308 769 5380 ὑϐριστὴς
789 5309 850 5360 τὸ
877 5309 975 5379 τῆς
1003 5308 1224 5378 ἀγάπης
1249 5308 1413 5361 καλὸν
1461 5307 1798 5379 λυμαίνεται,
1835 5307 1932 5362 καὶ
1977 5326 2082 5378 μυ-

511 5389 647 5460 ρίοις
671 5388 759 5440 τὸν
791 5388 1016 5459 πλησίον
1068 5389 1382 5460 περιϐάλλει
1409 5390 1635 5455 δεινοῖς,
1677 5390 1772 5442 καὶ
1817 5388 2083 5460 διηνεκεῖς

604 5497 837 5554 'Verba
896 5499 1106 5554 inclusa
1174 5498 1368 5552 desunt
1437 5497 1490 5550 in
1547 5496 1705 5552 codd.

503 5573 700 5626 ἑτασον
739 5570 801 5624 F.
909 5572 952 5603 ‘°
991 5568 1321 5638 ἀνέστρεψεν
1377 5566 1516 5638 Edd.

1237 410 1294 464 S.
1335 408 1620 464 JOANNIS
1655 408 2143 465 CHRYSO‘STOMI
2178 406 2496 464 ARCIIIEP.
2537 403 3080 463 CONSTANTINOP.

1759 5506 1954 5568 praztcr
2007 5495 2071 5550 E.
2123 5497 2285 5568 egiam
2348 5499 2400 5551 in
2451 5495 2550 5567 Ep.

1626 5568 1668 5598 “
1738 5567 1971 5621 ἅπτεται
2023 5570 2088 5621 Α.
2147 5567 2208 5622 C.
2247 5567 2309 5622 D.
2351 5568 2642 5632 ἐξάπτεται
2668 5569 2732 5624 Ε.
2802 5567 2882 5602 ’³³

3673 404 3794 460 250-

2209 526 2504 597 ἀπεχθείας
2549 524 2861 597 ἐργάζεται,
2912 525 3007 576 καὶ
3057 522 3126 576 τά
3163 523 3255 576 τοῦ
3300 520 3544 594 Χριστοῦ
3585 521 3791 592 διασπᾷ

2213 606 2369 678 μέλη,
2409 606 2503 660 καὶ
2521 606 2622 675 τὴν
2643 605 2722 674 τῷ
2750 604 2868 674 Θεῷ
2897 603 3146 672 ποθεινὴν
3164 605 3386 674 εἰρήνην
3408 603 3526 656 καθ’
3550 603 3790 672 ἐκάστην

2207 685 2500 738 ἀπελαύνει
2533 685 2630 755 τὴν
2680 683 2922 756 ἡμέραν,
2959 681 3158 752 πολλὴν
3185 682 3261 753 τῷ
3292 679 3520 752 διαϐόλῳ
3553 681 3643 734 διὰ
3677 681 3790 734 τῶν

2208 763 2418 832 ὕϐρεων
2482 763 2658 826 διδοὺς
2700 762 2798 832 τὴν
2852 760 3232 832 εὐρυχωρίαν,
3290 759 3385 813 καὶ
3442 759 3796 829 ἰσχυρότερον.

2206 847 2412 900 ἐκεῖνον
2439 844 2624 898 ποιῶν.
2655 845 2753 898 Διά
2774 843 2932 897 τοῦτο
2954 844 3046 896 καὶ
3072 845 3100 896 ὁ
3131 841 3362 912 Χριστὸς
3385 839 3451 894 τά
3481 841 3648 912 νεῦρα
3686 842 3790 910 τῆς

2207 927 2416 980 ἐκείνου
2441 927 2721 996 δυνάμεως
2756 924 2906 998 [Ξιϐ]
2938 924 3241 987 ἐκκόπτων,
3288 922 3477 975 τοῦτον
3498 922 3588 974 τὸν
3622 923 3796 992 νόμον

2207 1008 2490 1078 εἰσήγαγε.
2513 1007 2622 1060 Καὶ
2657 1008 2766 1076 γάρ
2804 1005 2970 1068 πολὺς
2998 1003 3145 1074 αὐτῷ
3165 1006 3265 1075 τῆς
3293 1002 3513 1072 ἀγάπης
3535 1002 3564 1053 ό
3605 1001 3784 1070 λόγος.

2216 1087 2277 1138 Ἦ
2301 1087 2407 1159 γὰρ
2437 1087 2547 1139 τῶν
2570 1085 2791 1155 ἀγαθῶν
2823 1085 3006 1155 μήτηρ
3031 1083 3307 1144 ἁπάντων,
3338 1082 3433 1148 καξι
3457 1081 3517 1135 τὺ
3539 1080 3648 1134 τῶν
3679 1098 3788 1151 μα-

2205 1167 2381 1236 θητῶν
2427 1165 2736 1235 γνώρισμα,
2767 1165 2862 1217 καὶ
2908 1165 2944 1234 ἡ
2975 1164 3151 1217 πάντα
3204 1161 3501 1231 συνέχουσα
3541 1159 3612 1213 τά
3658 1160 3796 1219 καθ’

2201 1247 2368 1315 ἡμᾶς,
2401 1244 2540 1316 αὕτη
2573 1243 2806 1314 μάλιστα
2849 1245 3065 1297 πάντων
3097 1243 3265 1297 ἐστίν.
3306 1241 3544 1305 Εἰκότως
3567 1236 3658 1294 οὖν
3682 1240 3787 1304 τάς

2204 1327 2356 1397 ῥίζας
2397 1327 2495 1395 τῆς
2543 1325 2945 1396 λυμαινομένης
2987 1323 3156 1394 αὐτὴν
3203 1321 3496 1393 ἀπεχθείας
3546 1321 3640 1375 καὶ
3680 1321 3785 1385 τάς

2202 1405 2384 1474 πηγάς
2419 1405 2556 1474 μετά
2606 1404 2807 1474 πολλῆς
2858 1406 3073 1473 ἀναιρεῖ
3103 1404 3203 1472 τῆς
3249 1400 3629 1472 σφοδρότητος.
3685 1399 3788 1470 Μὴ

2200 1485 2378 1538 τοίνυν
2426 1484 2732 1554 ὑπερϐολῆς
2772 1502 2916 1548 τινος
2952 1481 3092 1538 εἷναι
3131 1484 3316 1554 νόμιζε
3365 1484 3433 1537 τά
3491 1482 3781 1552 λεγόμενα,

2199 1565 2316 1616 ἀλλ’
2349 1565 2606 1635 ἐννοήσας
2631 1565 2699 1618 τά
2726 1564 2786 1631 ἐξ
2815 1564 2991 1617 αὐτῶν
3039 1563 3468 1635 κατορθούμενα,
3503 1561 3797 1632 θαύμασον

2197 1642 2305 1694 τῶν
2331 1643 2511 1714 νόμων
2553 1643 2757 1696 τούτων
2781 1644 2880 1712 τὴν
2909 1643 3240 1713 ἡμερότητα.
3290 1643 3456 1697 Οὐδὲν
3484 1640 3591 1713 γὰρ
3621 1640 3664 1670 ¹⁸
3705 1640 3786 1709 τῷ

2197 1720 2316 1790 Θεῷ
2338 1723 2820 1792 περισπούδαστον,
2849 1723 2925 1785 ὡς
2945 1723 3008 1775 τὸ
3029 1722 3270 1791 ἡνῶσθαι
3298 1723 3393 1776 καὶ
3439 1717 3785 1773 συνδεδέσθαι

2197 1802 2346 1872 ἡμᾶς
2380 1802 2653 1873 ἀλλήλοις;
2682 1803 2781 1856 Διά
2812 1801 2970 1854 τοῦτο
2997 1802 3089 1855 καὶ
3111 1801 3178 1854 δι’
3202 1801 3395 1854 ἑαυτοῦ
3431 1801 3527 1854 καὶ
3559 1798 3648 1854 διά
3673 1796 3793 1850 τῶν

2199 1882 2460 1954 μαθητῶν
2485 1884 2672 1947 αὑτοῦ,
2698 1885 2792 1939 καὶ
2819 1883 2926 1939 τῶν
2953 1885 3011 1937 ἐν
3037 1887 3103 1953 τῇ
3153 1885 3327 1955 Καινῇ
3363 1882 3459 1936 καὶ
3491 1880 3601 1934 τῶν
3630 1880 3689 1932 ἐν
3711 1879 3786 1948 τῇ

2195 1962 2428 2034 Παλαιᾷ,
2460 1966 2625 2018 πολὺν
2657 1966 2796 2036 ὑπὲρ
2815 1965 2916 2035 τῆς
2948 1965 3165 2034 ἐντολῆς
3192 1963 3396 2034 ταύτης
3429 1962 3662 2015 ποιεῖται
3689 1958 3794 2010 τὸν

2195 2045 2373 2110 λόγον,
2419 2047 2514 2097 καὶ
2558 2045 2787 2115 σφοδρός
2821 2045 2967 2098 ἐστιν
3023 2044 3236 2107 ἔκδικος
3261 2043 3357 2097 καὶ
3391 2039 3631 2112 τιμωρὸς
3672 2037 3786 2090 τῶν

2194 2125 2286 2179 τού
2313 2125 2636 2196 πράγματος
2663 2125 3163 2197 καταφρονούντων.
3185 2124 3296 2176 Καὶ
3320 2122 3429 2192 γὰρ
3456 2121 3607 2174 οὐδὲν
3639 2117 3795 2172 οὕτω

2192 2205 2292 2275 τὴν
2324 2207 2585 2276 πονηρίαν
2611 2207 2819 2272 εἰσάγει
2849 2208 3026 2258 πᾶσαν
3047 2205 3139 2258 καὶ
3170 2202 3328 2272 ριζοῖ,
3359 2203 3488 2272 ῶςὴ
3517 2200 3618 2270 τῆς
3645 2199 3790 2266 ἀγά-

2195 2302 2303 2355 πης
2332 2284 2628 2353 ἀναίρεσις.
2660 2285 2758 2337 Διά
2795 2285 2952 2338 τοῦτο
2995 2287 3089 2338 καὶ
3140 2284 3356 2353 ἔλεγεν·
3395 2284 3583 2336 Ὅταν
3629 2282 3788 2345 πλη-

2197 2363 2390 2432 θυνθῇ
2416 2365 2454 2430 ἡ
2485 2365 2724 2434 ἀνομία,
2759 2363 3099 2433 ψυγήσεται
3155 2367 3194 2432 ἡ
3231 2363 3434 2432 ἀγάπη
3464 2360 3584 2414 τῶν
3633 2363 3786 2414 πολ-

2195 2443 2338 2498 λῶν.
2385 2443 2571 2508 Οὕτως
2618 2444 2647 2495 ὁ
2681 2445 2819 2498 Κάῖν
2847 2443 3234 2512 ἀδελφοκτόνος
3263 2443 3499 2513 ἐγένετο,
3545 2441 3716 2504 οὕτως
3754 2441 3794 2493 ὁ

2209 2522 2400 2585 Ἠσαῦ,
2425 2522 2598 2586 οὕτως
2620 2523 2670 2576 οῖ
2699 2522 2793 2576 τοῦ
2836 2523 3032 2593 Ἰωσὴφ
3061 2524 3313 2594 ἀδελφοί·
3347 2521 3490 2575 οὕτω
3516 2521 3584 2574 τὰ
3612 2519 3794 2591 μυρία.

2195 2601 2536 2671 εἰσεκώμασε
2567 2601 2735 2664 κακὰ,
2757 2601 2962 2672 ταύτης
2986 2602 3390 2672 διασπωμένης.
3416 2601 3513 2654 Διά
3533 2600 3597 2669 δὴ
3625 2598 3796 2654 τοῦτο.

2197 2681 2291 2732 καὶ
2319 2681 2480 2742 αὐτὸς
2513 2680 2579 2732 τὰ
2609 2679 2981 2752 λυμαινόμενα
3003 2681 3208 2753 ταύτην
3232 2682 3370 2752 μετά
3413 2678 3614 2750 πολλῆς
3643 2679 3788 2732 πάνυ

2196 2759 2347 2812 τοοεν
2374 2761 2414 2793 ¹⁹
2437 2761 2653 2831 ἀναιρεῖ
2694 2760 2794 2829 τῆς
2824 2761 3126 2832 ἀκριϐείας.

2267 2839 2334 2892 0'.
2374 2841 2483 2892 Καὶ
2507 2840 2626 2892 ούδέ
2657 2840 2818 2910 μέχρι
2863 2839 2973 2892 τῶν
3004 2841 3306 2910 εἰρημένων
3350 2839 3564 2893 ἵσταται
3595 2837 3782 2908 μόνον,

2197 2918 2336 2972 ἀλλά
2358 2919 2452 2971 καὶ
2478 2918 2642 2988 ἕτερα
2665 2919 2772 2971 τῶν
2802 2919 3108 2990 εἰρημένων
3134 2921 3179 2951 ¹⁰
3211 2920 3406 2988 ἐπάγει
3445 2917 3687 2982 πλείονα,
3711 2918 3785 2970 δι’

2197 2993 2272 3053 ὧν
2288 3000 2556 3052 δείκνυσιν
2569 3000 2691 3051 ὅσον
2707 2998 2877 3068 αὐτῆς
2893 3002 3125 3052 ποιεῖται
3141 2998 3317 3069 λόγον.
3333 3000 3461 3052 Ἀπε
3470 3000 3552 3070 ιλὴ
3561 3015 3656 3062 σας
3672 2998 3792 3071 γὰρ

2196 3081 2284 3134 διὰ
2312 3080 2403 3134 τοῦ
2427 3081 2703 3150 συνεδρίου
2733 3083 2828 3135 καὶ
2857 3083 2958 3152 τῆς
3007 3081 3240 3151 κρίσεως
3279 3083 3374 3134 καὶ
3407 3080 3507 3149 τῆς
3530 3081 3785 3150 γεέννης,

2196 3159 2443 3230 ἐπήγαγε
2475 3160 2636 3214 πάλιν
2667 3162 2828 3231 ἕτερα
2865 3161 3075 3233 συνῳδά
3114 3164 3226 3226 τοῖς
3272 3161 3594 3231 προτέροις,
3635 3159 3796 3214 οὕτω.

2192 3237 2367 3306 λέγων
2386 3255 2398 3268 ’
2436 3240 2570 3293 Ἐὰν
2601 3241 2948 3310 προσφέρῃς
2978 3241 3045 3294 τὸ
3072 3239 3267 3307 δῶρόν
3293 3255 3410 3294 σου
3444 3239 3543 3292 ἐπὶ
3572 3239 3636 3292 τὸ
3677 3240 3786 3292 θυ-

2191 3318 2572 3388 σιαστήριον,
2617 3320 2789 3374 κάκεῖ
2813 3319 3098 3389 μνησθῇς
3147 3319 3238 3374 ὅτι
3285 3323 3319 3375 ὁ
3356 3321 3620 3389 ἁδελφός
3661 3335 3791 3376 σου

2190 3398 2312 3466 ἔχει
2336 3415 2388 3452 τι
2417 3401 2566 3454 κατὰ
2604 3399 2741 3463 σοῦ,
2772 3401 2923 3470 ἄφες
2959 3399 3025 3453 τὸ
3070 3397 3263 3466 δῶρόν
3292 3415 3409 3453 σου
3438 3401 3794 3468 ἔμπροσθεν-

2189 3477 2296 3528 τοῦ
2331 3479 2785 3544 θυσιαστηρίου,
2818 3478 2916 3532 καὶ
2951 3477 3235 3533 ἀπελθὼν
3257 3479 3298 3508 ’¹
3330 3478 3566 3547 πρῶτον
3608 3479 3783 3533 διαλ-

2189 3555 2406 3623 λάγηθι
2431 3555 2511 3621 τῷ
2533 3556 2776 3624 ἀδελφῷ
2808 3574 2946 3621 σου,
2968 3559 3065 3611 καί
3096 3557 3230 3611 τότε
3255 3557 3447 3612 ἐλθὼν
3473 3559 3784 3626 πρόσφερε

2188 3634 2253 3688 τὸ
2283 3635 2476 3702 δῶρόν
2495 3650 2632 3688 σου.
2661 3637 2723 3687 Ὢ
2749 3638 2846 3705 τῆς
2875 3635 3239 3706 ἀγαθότητοςι
3275 3635 3322 3689 ὣ
3346 3636 3449 3706 τῆς
3475 3636 3786 3706 φιλανθρω-

2189 3713 2320 3776 πίας
2345 3713 2442 3784 τῆς
2464 3715 2507 3744 ⁸³
2530 3712 2992 3782 ὑπερϐαλλούσηςί
3024 3714 3136 3784 Τῆς
3158 3716 3238 3778 εἰς
3260 3715 3422 3768 αὐτὸν
3448 3717 3786 3786 καταφρονεῖ

2187 3795 2354 3862 τιμῆς
2386 3793 2524 3863 ὑπὲρ
2550 3794 2647 3862 τῆς
2680 3793 2760 3855 εἰς
2785 3793 2874 3845 τὸν
2903 3794 3129 3864 πλησίον
3168 3796 3391 3868 ἀγάπης
3412 3813 3426 3826 ’
3458 3797 3674 3858 δεικνὺς
3695 3797 3783 3850 ὅτι

2188 3871 2308 3925 οὐδὲ
2325 3871 2395 3925 τά
2411 3873 2673 3942 πρότερα,
2703 3875 2844 3946 άπερ
2868 3875 3182 3945 ἠπείλησεν,
3201 3875 3260 3942 ἐξ
3287 3877 3584 3947 ἀπεχθείας
3607 3877 3778 3942 τινὸς,

2187 3953 2310 4006 οὐδὲ
2339 3952 2604 4025 ἐπιθυμίᾳ
2630 3954 2903 4018 κολάσεως
2935 3955 3232 4026 ἠπείλησεν
3251 3997 3265 4021 ,
3311 3957 3428 4010 ἀλλ’
3459 3958 3524 4011 ἐκ
3550 3958 3596 3988 ’³
3620 3957 3779 4026 φιλο-

2189 4033 2445 4103 στοργίας
2472 4033 2695 4104 πολλῆς.
2727 4035 2792 4087 Τί
2814 4035 2923 4106 γὰρ
2950 4035 3015 4088 ἂν
3038 4034 3249 4103 γένοιτο
3267 4036 3473 4090 τούτων
3501 4037 3787 4108 ἡμερώτεα

2191 4131 2284 4184 ρον
2316 4113 2425 4167 τῶν
2464 4117 2764 4186 ρημάτωνς
2808 4121 3191 4188 Ἐγκοπτέσθω
3227 4121 3312 4185 ’⁵,
3354 4119 3555 4190 φησὶν,
3591 4121 3625 4190 ἡ
3665 4119 3778 4190 ἐμὴ

2187 4194 2444 4267 λατρεία,
2509 4198 2594 4249 ἴνα
2623 4200 2656 4268 ἡ
2707 4199 2772 4269 σὴ
2822 4200 3008 4270 ἀγάπη
3045 4199 3180 4270 μένῃ
3213 4201 3292 4231 ’⁸⁸
3328 4200 3452 4252 ἐπεὶ
3481 4199 3576 4252 καὶ
3611 4197 3780 4253 τοῦτο

2189 4271 2372 4336 θυσία,
2403 4277 2436 4344 ἡ
2465 4275 2600 4344 πρὸς
2630 4277 2722 4330 τὸν
2744 4279 2972 4348 ἀδελφὸν
2991 4279 3328 4348 καταλλαγὴ.
3351 4279 3450 4332 Διά
3478 4279 3586 4349 γάρ
3615 4278 3784 4332 τοῦτο

2187 4353 2287 4406 οὐκ
2329 4350 2471 4417 εἶπε,
2507 4355 2663 4410 Μετά
2700 4357 2762 4410 τὸ
2799 4361 3183 4426 προσενεγκεῖν
3205 4399 3219 4424 ,
3267 4359 3301 4428 ἢ
3353 4359 3489 4430 Πρὶν
3525 4359 3559 4429 ἡ
3605 4376 3777 4430 προσ-

2192 4436 2464 4502 ενεγκεῖν·
2502 4434 2615 4487 ἀλλ’
2658 4435 2823 4489 αὑτοῦ
2860 4435 2953 4490 τοῦ
2992 4435 3166 4508 δώρου
3210 4438 3498 4508 κειμένου,
3536 4439 3631 4491 καὶ
3669 4438 3776 4508 τῆς

2193 4513 2384 4578 θυσίας
2421 4514 2594 4586 ἀρχὴν
2634 4516 2862 4586 ἐχούσης
2882 4557 2897 4579 ,
2939 4517 3146 4587 πέμπει
3177 4517 3672 4588 διαλλαγησόμενον
3695 4516 3785 4586 τῷ

2193 4592 2404 4663 ἀδελφῷ
2427 4610 2442 4625 ·
2498 4594 2593 4647 καὶ
2621 4593 2744 4647 οὕτε
2785 4595 3072 4648 συνελόντα
3101 4595 3171 4649 τά
3219 4598 3556 4668 προκείμενα
3578 4635 3594 4656 ,
3646 4596 3773 4650 οὔτε

2194 4673 2325 4743 πρὶν
2362 4673 2396 4742 ἦ
2423 4671 2725 4744 προθεῖναι,
2758 4673 2872 4726 ἀλλ’
2899 4675 2958 4726 ἐν
2989 4675 3066 4746 τῷ
3102 4676 3252 4746 μέσῳ
3280 4675 3537 4745 κειμένης
3560 4675 3774 4730 κελεύει

2191 4752 2406 4823 τρέχειν
2437 4752 2634 4804 ἐκεῖσε.
2667 4752 2823 4816 Τίνος
2851 4753 2898 4785 ’⁸
2920 4754 3104 4807 ἕνεκεν
3125 4755 3267 4808 οὕτω
3291 4756 3334 4786 ⁸⁷
3371 4755 3584 4807 κελεύει
3613 4755 3775 4808 τοῦτο

2195 4833 2367 4885 ποιεῖν
2392 4869 2407 4894 ,
2455 4831 2550 4885 καὶ
2596 4831 2768 4898 διατί;
2805 4831 2910 4886 Δύο
2938 4833 3145 4898 ταῦτα,
3189 4834 3265 4897 ὼς
3302 4836 3426 4904 ἐμοὶ
3463 4834 3646 4894 δοκεῖ,
3679 4834 3776 4888 διά

2191 4911 2397 4965 τούτων
2445 4911 2814 4981 αἰνιττόμενος
2870 4912 2964 4966 καὶ
3014 4915 3436 4978 κατασκευάζων
3459 4931 3474 4946 ο
3531 4912 3592 4965 ἓν
3646 4914 3772 4984 μὲν.

2187 4991 2324 5063 ὅπερ
2361 4991 2518 5062 έφην,
2560 4990 2730 5056 δεῖξαι
2788 4991 2977 5056 θέλων,
3023 4995 3104 5047 ὅτι
3154 4994 3350 5048 πολλοῦ
3401 4995 3625 5064 τιμᾶται
3669 4994 3775 5066 τὴν

2188 5071 2432 5142 ἀγάπην,
2467 5073 2564 5126 καὶ
2613 5072 2818 5144 ταύτην
2853 5075 3117 5145 μεγίστην
3155 5076 3369 5145 ἡγεῖται
3411 5071 3549 5128 εἶναι
3601 5074 3701 5146 τὴν
3725 5076 3774 5106 ’⁸

2189 5149 2400 5214 θυσίαν,
2444 5153 2541 5205 καὶ
2573 5151 2776 5223 ταύτης
2808 5153 2935 5207 ἀνευ
2975 5153 3097 5207 οὐδὲ
3131 5153 3346 5225 ἐκείνην
3374 5153 3770 5224 προσδέχεται·

2186 5229 2372 5301 ἕτερον
2395 5229 2473 5294 δὲ,
2498 5231 2742 5304 ἀνάγκην
2763 5233 3026 5298 ἐπιτιθεὶς
3050 5235 3426 5306 ἀπαραίτητον
3445 5236 3544 5305 τῆς
3560 5237 3773 5288 καταλ-

2189 5310 2380 5381 λαγῆς.
2421 5311 2478 5365 '0
2503 5312 2612 5382 γάρ
2646 5312 2956 5376 κελευσθεὶς
2986 5315 3059 5386 μὴ
3077 5316 3342 5386 πρότερον
3362 5319 3772 5388 προσενεγκεῖν,

2190 5389 2295 5454 ἐως
2329 5393 2394 5444 ἂν
2422 5392 2758 5464 καταλλαγῇ,
2789 5393 2894 5448 κᾶν
2919 5395 2963 5426 ⁸⁸
3001 5396 3076 5466 μὴ
3109 5395 3198 5449 διὰ
3224 5397 3323 5467 τὴν
3357 5398 3490 5467 πρὸς
3517 5398 3613 5452 τὸν
3635 5397 3775 5468 πλη.

2597 5499 2708 5573 sed_
2747 5499 2943 5571 legisse
2990 5501 3247 5573 videnlqu
3291 5501 3524 5573 lnterpp.
3626 5507 3648 5537 '
3679 5507 3771 5571 ἐξ-

2937 5573 3210 5645 καυστικά
3232 5572 3250 5645 ]
3311 5572 3662 5629 ὑπαναπτικά
3694 5579 3767 5633 Δ.

512 5645 555 5715 ξ’
584 5644 675 5696 καί
701 5641 984 5715 οηιᾲΕιΙό.
1011 5637 1187 5715 Υεῐςὴα
1205 5640 1293 5692 διὰ
1323 5637 1756 5715 τοῦτοκκκρίσει
1778 5639 2093 5715 ρισιισηηίι]

2196 5648 2207 5691 L
2246 5640 2308 5715 Α.
2349 5639 2411 5694 C.
2460 5639 2660 5715 λ”γάρ
2681 5653 2736 5715 οι
2763 5657 2886 5696 mox
2911 5637 3262 5715 τότε-ταύτης
3294 5645 3539 5715 ἐμνήσθη
3565 5662 3674 5699 om.
3693 5647 3769 5702 A.

509 5714 609 5781 Ep.
687 5714 730 5743 ”
763 5709 838 5783 εἷ]
873 5714 970 5785 ἔσῃ
1009 5711 1143 5766 Edd.
1178 5709 1468 5781 προτέρου]
1502 5709 1628 5764 add.
1663 5709 1970 5832 66R£ca;A.
2051 5709 2093 5740 ¹⁶

509 5786 620 5832 γὰο
646 5782 808 5832 αὐτόν
844 5783 902 5832 Β.
983 5783 1024 5813 ¹⁸
1063 5781 1193 5832 γάοΙ
1224 5779 1511 5832 add.06=m
1539 5781 1607 5832 A.
1634 5779 1697 5832 D.
1782 5797 1851 5832 on
1888 5781 2047 5832 habet
2076 5781 2093 5832 l

2196 5711 2435 5780 ντρόφοις
2460 5709 2521 5763 F.
2605 5711 2644 5742 "
2671 5712 2780 5784 γάρ
2801 5729 2914 5767 om.
2945 5712 3004 5766 Β.
3041 5713 3099 5767 F.
3143 5709 3307 5782 et'pr.
3328 5709 3553 5789 ὐβΜοὲ
3586 5717 3772 5785 πάσης

2253 5783 2294 5813 ¹⁹
2325 5780 2610 5832 πάντοθεν]
2640 5783 2922 5832 ἆνωθενΑ.
3000 5785 3048 5816 ²⁰
3073 5786 3180 5832 τῶν
3204 5785 3530 5832 εξοῇιιένωνι
3561 5787 3772 5832 τούτων

504 5779 620 5852 ’γάρ
646 5779 902 5836 αὐτόν’Β.
943 5779 1024 5813 ”¹⁸
1063 5781 1193 5905 γάρ]
1224 5779 1511 5834 ειάιίζοῦτω
1539 5781 1607 5836 Α.
1634 5779 1697 5832 D.

509 5858 575 5905 Α.
653 5853 696 5882 ²¹
730 5853 930 5905 ἄπελθε
953 5852 1014 5905 Β.
1052 5851 1116 5904 D.
1168 5851 1200 5904 '.
1242 5850 1305 5905 Ε.
1343 5852 1380 5905 Ι.
1415 5849 1590 5905 Mosa.
1669 5852 1697 5881 "

509 5849 602 5907 Ᾱ.’
653 5853 696 5882 ¹¹
730 5853 930 5906 ἄπελθε
953 5852 1014 5906 Β.
1052 5851 1116 5904 Ι).
1141 5849 1200 5905 ΕΖ
1242 5850 1305 5905 F.
1343 5852 1380 5906 Ι.
1415 5849 1590 5920 Mosq.

510 5921 956 5994 ὑπερϐαλλούσης
983 5923 1389 5994 φιλανθρωπίας
1412 5923 1474 5977 Ε.
1490 5991 1535 5994 __
1549 5923 1596 5952 ⁸³
1613 5920 1728 5975 ἀλλ’
1751 5920 1962 5994 ἐκ]’5ιο
1983 5922 2045 5994 IL.
2064 5923 2178 5994 ἀλλ’
2199 5923 2306 5976 ἀπό
2333 5923 2429 5993 Ep.

507 5991 631 6049 Pro?
652 5993 822 6046 altero
847 5991 1004 6064 stam;
1030 5993 1127 6063 Ep.
1151 5991 1312 6064 ΕιιιΙι.
1342 6009 1466 6046 cum
1490 5991 1692 6064 νοτες.
1757 5995 1803 6024 ³⁵
1821 5991 1990 6064 μείνῃ
2006 5991 2140 6064 ΕΜ.

1669 5787 1697 5832 ι.
1735 5781 1851 5834 Νοη
1888 5781 2093 5835 habet]

1669 5851 2019 5926 ’,ἴτῆςῌάεὲ-
2060 5869 2093 5926 π

2253 5783 2294 5813 ¹⁹
2325 5781 2610 5852 πάντοθεν]
2640 5781 2922 5838 ἀνωθενΑ.
3000 5785 3048 5816 ²⁰
3073 5786 3180 5839 τῶν
3204 5781 3530 5857 εἰρημένων]
3561 5789 3640 5840 τοί

2196 5869 2236 5926 τα
2264 5851 2420 5926 λόγον
2449 5855 2512 5906 A.
2559 5852 2654 5926 Sic
2682 5853 2816 5926 Euld.
2841 5855 2936 5910 sed
2970 5871 3077 5909 non
3111 5865 3416 5926 agnoscunt
3443 5856 3562 5910 Inu.
3594 5855 3640 5909 ὣ

2253 5783 2294 5857 ¹ᾳ⁹
2311 5780 2610 5857 πάντοθεν]
2640 5780 2933 5857 ἀνωίθενΑ.
3000 5785 3048 5816 ¹⁰
3073 5786 3180 5839 τῶν
3204 5780 3530 5857 εἰρημένων]
3561 5780 3777 5857 τούτων

2479 5877 2512 5906 ιο
2563 5875 2654 5909 DIC
2682 5875 2816 5908 nua.
2841 5875 2936 5910 seu
2970 5875 3077 5909 [1οη
3111 5875 3416 5926 agnoscunt
3443 5875 3562 5910 ιιιιι.
3594 5876 3640 5909 ω
3741 5876 3773 5921 ς

2479 5925 2642 5994 vulgo
2677 5924 2832 5994 deest
2861 5928 2944 5979 ἐκ.
3023 5927 3067 5957 ’⁸
3098 5927 3479 5980 Ἐκκοπτέσθω
3501 5928 3563 5983 Α.

2218 5995 2274 6068 ’.⁸.
2295 5991 2474 6068 Τίνος]
2493 5991 2627 6068 ιιάᾶ.
2645 5991 2738 6068 οὕν
2773 5998 2832 6051 Β.
2867 5997 2993 6054 add.
3017 5997 3074 6052 δέ
3104 5998 3165 6055 Ο
3189 5999 3315 6055 add.
3341 5998 3449 6068 γάρ
3472 5998 3532 6052 F.
3607 5998 3654 6032 ³⁷
3674 5995 3770 6053 οὗ·

510 6082 668 6116 τω...
691 6065 888 6134 ποιεῖν]
914 6051 1492 6119 τοῦτο’κελεύειποιεῖν
1523 6065 1580 6119 Δ.
1653 6063 1697 6094 ³³
1721 6051 2061 6136 τήνόωΪΒ.
2097 6061 2156 6118 F.
2235 6065 2278 6095 ’9
2314 6051 2505 6137 κάν]ἒί
2535 6065 2628 6120 καί
2663 6066 2723 6123 Β.
