4050 6364
222 419 337 477 tio

226 537 389 603 iniria,
433 531 569 588 falsa
612 529 937 596 testimonia,
969 528 1081 599 ipsa
1112 526 1419 583 homicidia.
1469 525 1546 580 Ne
1575 525 1733 594 igitur
1766 522 1818 576 id

229 623 504 688 attendas,
531 622 673 692 quod
702 637 865 676 unum
892 624 961 675 sit
983 620 1243 686 verbum;
1274 618 1370 674 sed
1398 632 1464 672 an
1482 617 1706 671 multum
1726 616 1822 670 ha-

231 718 357 771 beat
383 714 628 786 periculi,
653 714 755 769 hoc
779 714 1046 769 examina.
1070 714 1151 768 An
1174 713 1405 783 ignoras,
1429 708 1821 764 inimicitiarum

231 818 501 875 tempore,
524 821 646 861 cum
672 806 749 860 ira
773 804 1113 861 succenditur
1134 804 1344 858 animus
1367 811 1421 858 et
1444 800 1822 867 inflammatur,

238 913 349 950 rem
370 898 647 951 minimam
665 912 911 967 magnam
934 896 1123 960 videri,
1149 904 1203 950 et
1229 893 1494 949 modicum
1524 892 1823 947 convicium

232 989 524 1043 molestum
548 988 703 1042 esse?
727 988 984 1059 Smpeque
1015 987 1129 1042 haec
1158 1001 1317 1056 parva
1344 994 1398 1041 et
1420 984 1825 1039 homicidiornm

231 1094 393 1134 causa
424 1078 598 1143 fuere,
625 1086 680 1133 et
708 1079 954 1133 civitates
993 1078 1229 1147 integras
1256 1076 1650 1132 subverterunt.
1681 1074 1828 1129 Sicut

232 1173 380 1227 enim
410 1172 554 1227 inter
579 1172 783 1225 amicos
812 1170 972 1225 etiam
999 1186 1118 1240 quae
1146 1170 1369 1225 molesta
1390 1177 1536 1233 sunt,
1562 1168 1695 1223 levia
1724 1168 1825 1222 du-

233 1274 463 1317 cuntur:
486 1263 584 1327 sic,
613 1262 887 1317 inimicitia
909 1262 1149 1327 subortu,
1174 1262 1254 1317 vel
1278 1261 1494 1315 minima
1522 1259 1830 1315 intolerabi-

235 1353 309 1408 lia
335 1353 603 1409 videntur.
635 1353 860 1409 Etiamsi
886 1352 1201 1423 simpliciter
1229 1353 1370 1407 dicta
1400 1353 1526 1416 sint,
1554 1351 1695 1405 malo
1715 1352 1830 1405 ani-

236 1463 329 1502 mo
352 1448 561 1517 prolata
601 1447 993 1501 existimantur.
1024 1446 1101 1500 Ac
1128 1436 1575 1516 quemadmodum
1605 1444 1658 1497 in
1684 1428 1839 1513 igne,

236 1540 286 1592 si
314 1554 476 1609 parva
505 1538 737 1594 scintilla
785 1538 875 1603 sit,
925 1538 1135 1593 etiamsi
1183 1538 1460 1592 innumera
1514 1536 1649 1606 ligna
1681 1534 1831 1604 adja-

238 1640 418 1697 crant,
450 1646 557 1686 non
588 1629 743 1686 facile
771 1630 1199 1694 inflammantur;
1234 1629 1279 1685 si
1305 1643 1434 1683 vero
1460 1629 1568 1697 jam
1594 1628 1646 1682 in
1665 1627 1830 1681 altum

240 1723 455 1777 ﬂamma
479 1730 788 1792 consurgat,
814 1737 921 1775 non
953 1721 1092 1791 ligna
1118 1720 1298 1785 modo,
1322 1719 1416 1775 sed
1441 1720 1600 1775 etiam
1630 1718 1835 1788 lapides

241 1814 510 1884 aliamque
532 1812 857 1868 incidentem
888 1812 1167 1867 materiam
1196 1810 1353 1867 facile
1378 1811 1628 1881 corripit;
1654 1820 1710 1866 et
1739 1825 1837 1880 per

240 1921 358 1975 qua:
386 1906 647 1976 restingui
670 1906 830 1971 solet,
859 1920 955 1974 per
978 1905 1091 1960 haec
1110 1904 1396 1960 violentius
1421 1903 1572 1959 ardet
1600 1902 1834 1978 (quidam

240 2000 385 2052 enim
412 1998 601 2053 dicunt
629 2013 735 2052 non
768 1998 967 2068 lignum
998 1997 1177 2063 modo,
1204 2006 1451 2068 stuppam
1478 1997 1685 2067 aliaque
1703 1994 1838 2066 ignis

242 2090 522 2154 alimenta,
548 2089 645 2144 sed
672 2090 831 2143 etiam
860 2088 1151 2144 immissant
1174 2102 1362 2158 aquam
1385 2088 1553 2159 magis
1573 2088 1679 2141 vim
1701 2087 1838 2157 ignis

242 2180 535 2249 excitare):
560 2181 639 2235 sic
662 2190 716 2234 et
745 2181 901 2235 inira
948 2180 1173 2235 accidit:
1198 2178 1452 2250 quidquid
1488 2179 1709 2243 dixeris,
1738 2178 1838 2233 ali-

246 2279 491 2325 mentum
520 2270 740 2339 tnaligni
774 2268 1003 2325 incendii
1027 2269 1208 2324 statim
1228 2268 1481 2325 efﬁcitur.
1507 2269 1636 2337 Quae
1662 2268 1839 2322 omnia

245 2359 495 2416 Christus
523 2368 647 2415 ante
674 2361 1057 2430 comprimens,
1084 2375 1207 2415 eum
1232 2360 1321 2431 qui
1351 2369 1552 2416 temere
1572 2360 1837 2426 irascitur,

241 2450 445 2519 judicio
471 2449 847 2505 condemnavit
871 2449 1016 2520 (ideo
1043 2450 1198 2519 dixit,
1226 2451 1325 2517 Qui
1344 2451 1597 2517 irascitur,
1620 2468 1735 2505 reus
1748 2452 1843 2504 erit

239 2544 485 2615 judicio),
513 2544 780 2599 dicentem
805 2559 957 2612 vero,
983 2559 1131 2612 raca,
1161 2559 1315 2601 reum
1343 2559 1464 2600 esse
1490 2545 1569 2599 ait
1590 2544 1838 2600 concilio.

244 2634 351 2691 Sed
392 2633 511 2689 hrec
538 2634 778 2690 nondum
808 2650 999 2706 magna
1030 2643 1189 2690 sunt:
1222 2636 1275 2689 in
1305 2635 1408 2690 hoc
1449 2636 1590 2691 enim
1640 2635 1840 2691 saeculo

245 2725 563 2793 puniuntur.
584 2725 816 2795 Ideoque
843 2726 892 2781 ei
915 2725 1006 2796 qui
1036 2726 1236 2780 fatuum
1255 2726 1620 2797 appellaverit,
1644 2726 1844 2797 gehen-

246 2834 330 2872 na:
353 2818 531 2886 ignem
557 2817 785 2888 adjecit;
818 2833 1065 2889 uuncque
1108 2817 1336 2887 primum
1364 2817 1625 2889 gehennae
1654 2833 1842 2873 vocem

248 2908 493 2978 protulit.
524 2908 681 2964 Prius
707 2907 851 2964 enim
893 2909 1059 2964 multa
1089 2909 1156 2963 de
1200 2924 1365 2979 regno
1402 2910 1669 2980 loquutus,
1716 2916 1844 2965 tunc

249 3016 370 3055 eam
395 3001 744 3067 memoravit;
774 3000 1065 3056 ostendens
1096 3001 1227 3056 illud
1256 3001 1471 3072 quidem
1502 3002 1844 3073 benignitatis

250 3100 306 3146 et
330 3091 625 3147 voluntatis
654 3106 767 3147 suae
793 3107 934 3159 esse,
977 3092 1117 3147 hanc
1159 3108 1292 3149 vero
1320 3103 1518 3149 nostra:
1557 3095 1840 3151 socordiae.

251 3185 329 3237 Ac
354 3181 478 3238 vide
505 3183 779 3254 quomodo
831 3185 1085 3254 paulatim
1135 3185 1392 3255 procedat
1441 3188 1498 3243 in
1545 3190 1840 3260 suppliciis,

252 3276 404 3346 quasi
434 3277 549 3332 fere
578 3292 699 3333 sese
725 3278 865 3347 apud
897 3286 948 3332 te
977 3288 1249 3349 purgaret,
1280 3280 1593 3346 ostendens,
1633 3298 1693 3337 se
1722 3283 1844 3353 qui-

252 3369 375 3424 dem
418 3370 592 3425 nullas
618 3369 821 3425 similes
861 3371 1036 3426 minas
1062 3372 1325 3427 intentare
1354 3373 1510 3438 velle,
1542 3388 1639 3429 nos
1667 3385 1842 3430 autem

252 3461 405 3517 illum
427 3461 494 3517 ad
512 3462 646 3518 tales
660 3462 1091 3518 denuntiationes
1106 3464 1450 3536 compellere.
1467 3465 1846 3521 Animadverte

251 3555 416 3609 enim.
450 3553 593 3621 Dixi,
624 3568 695 3608 ne
738 3552 934 3609 frustra
964 3554 1231 3620 irascaris,
1262 3570 1384 3609 nam
1415 3571 1542 3611 reus
1568 3557 1676 3612 eris
1697 3557 1844 3627 judi-

251 3644 368 3710 cio;
392 3645 623 3713 primum
650 3643 784 3699 illud
817 3645 1209 3715 contempsisti.
1238 3645 1374 3701 Vide
1414 3646 1546 3716 quid
1578 3648 1849 3717 pepererit

254 3738 365 3791 ira:
394 3736 461 3791 ad
488 3737 872 3793 contumeliam
902 3735 1237 3793 inferendam
1264 3746 1318 3793 te
1346 3738 1524 3793 statim
1564 3741 1844 3809 pertraxit.

252 3827 396 3883 Raca
426 3830 572 3884 enim
599 3830 804 3885 vocasti
834 3828 1055 3886 fratrem
1086 3838 1268 3897 tuum;
1302 3845 1487 3886 rursus
1513 3831 1673 3886 aliam
1715 3847 1846 3888 con-

253 3921 399 3975 stitui
429 3936 669 3991 prenam,
698 3936 892 3992 nempe
919 3922 1153 3978 concilii.
1176 3922 1233 3978 Si
1261 3922 1362 3978 hac
1384 3926 1547 3978 etiam
1571 3923 1843 3995 despecta,

256 4012 320 4066 ad
335 4012 479 4067 aliud
502 4014 760 4082 procedas
774 4013 1010 4084 gravius,
1034 4029 1139 4069 non
1161 4014 1299 4069 ultra
1317 4022 1367 4069 te
1388 4013 1678 4071 moderatis
1699 4016 1847 4072 hisce

254 4105 427 4172 pinnis
456 4105 708 4172 ulciscar,
737 4105 833 4161 sed
864 4106 1148 4162 immortali
1180 4106 1442 4177 gehennae
1470 4107 1753 4178 supplicio,
1777 4123 1846 4164 ne

254 4196 479 4252 demum
497 4196 563 4251 ad
596 4198 801 4254 caedem
826 4199 985 4253 etiam
1008 4199 1277 4269 prosilias.
1303 4199 1448 4255 Nihil
1472 4210 1553 4256 est
1575 4200 1739 4267 enim,
1765 4202 1847 4257 ni-

254 4286 328 4343 hil
350 4297 436 4344 est
464 4290 652 4359 utique
678 4291 999 4347 contumelia
1016 4291 1423 4359 intolerabilius,
1450 4308 1549 4349 nec
1571 4292 1713 4364 quod
1734 4308 1849 4349 ma-

253 4381 331 4450 gis
347 4381 518 4450 possit
543 4380 836 4438 humanum
852 4383 1103 4440 mordere
1127 4384 1385 4439 animum.
1403 4384 1555 4450 Quod
1580 4384 1624 4439 si
1644 4384 1845 4440 dictum

253 4471 382 4526 illud
412 4473 860 4529 contumeliosius
888 4483 943 4529 et
973 4476 1149 4529 acrius
1192 4474 1372 4541 fuerit,
1417 4483 1525 4529 tum
1566 4474 1759 4546 duplex
1789 4476 1849 4531 fit

255 4560 587 4617 incendium.
621 4563 697 4618 Ne
721 4563 889 4634 igitur
902 4564 1018 4620 leve
1043 4565 1317 4620 existimes
1346 4580 1467 4621 esse
1492 4564 1725 4635 aliquem
1749 4581 1846 4618 vo-

254 4668 377 4709 care
406 4654 632 4710 fatuum.
674 4656 904 4725 Quando
924 4658 1065 4712 enim
1108 4658 1220 4723 illo,
1251 4672 1358 4728 quo
1383 4673 1415 4712 a
1444 4658 1612 4713 brutis
1640 4658 1847 4714 differi-

255 4762 392 4810 mus,
419 4757 475 4803 et
500 4762 609 4818 quo
646 4750 884 4804 maxime
904 4748 1148 4805 homines
1177 4764 1385 4814 sumus,
1427 4758 1607 4805 mente
1642 4750 1848 4805 scilicet

254 4848 411 4908 atque
434 4839 719 4908 prudentia
735 4839 954 4897 fratrem
981 4842 1201 4911 spolias,
1224 4842 1368 4897 omni
1394 4842 1543 4896 illum
1567 4842 1846 4898 nobilitate

252 4931 497 4996 privasti.
528 4928 605 4984 Ne
629 4930 807 5001 itaque
830 4932 1010 4987 verbis
1029 4932 1202 4988 solum
1233 4933 1589 5001 attendamus,
1632 4933 1725 4989 sed
1756 4949 1846 4989 res

250 5019 397 5090 ipsas
435 5030 489 5074 et
518 5019 766 5077 affectum
802 5023 1227 5093 considerantes,
1268 5026 1563 5095 cogitemus
1592 5035 1843 5097 quantam

254 5110 356 5168 hoc
382 5114 607 5167 verbum
639 5115 847 5185 plagam
882 5115 1092 5179 inferat,
1143 5125 1197 5172 et
1238 5118 1293 5172 in
1337 5128 1595 5188 quantum
1646 5118 1843 5173 malum

251 5208 553 5276 perveniat.
587 5209 710 5263 Ideo
733 5210 926 5264 Paulus
956 5225 1062 5266 non
1093 5211 1333 5268 moechos
1362 5222 1564 5267 tantum
1604 5220 1661 5268 et
1702 5213 1844 5267 mol-

253 5297 353 5364 les,
383 5315 572 5353 verum
598 5301 762 5355 etiam
791 5301 1079 5357 maledicos
1106 5318 1138 5358 a
1165 5318 1333 5373 regno
1361 5303 1586 5359 exclusit
1614 5304 1689 5375 (l.
1718 5301 1840 5358 Cor.

253 5389 307 5445 6.
332 5390 423 5461 l0)
451 5408 467 5446 :
491 5400 547 5447 et
567 5391 690 5461 jure
717 5393 955 5463 quidem.
984 5393 1119 5449 Nam
1146 5395 1569 5450 contumeliosus
1606 5395 1843 5450 caritatis

248 5483 451 5539 bonum
497 5485 829 5556 pessumdat,
875 5501 939 5541 ac
981 5489 1247 5542 sexcentis
1278 5488 1579 5557 proximum
1610 5486 1840 5542 involvit

255 5578 434 5644 malis,
482 5587 772 5649 perpetuas
803 5578 946 5635 fovet
990 5579 1315 5646 inimicitias,
1363 5578 1556 5635 Christi
1602 5577 1843 5634 membra

254 5667 534 5737 discerpit,
566 5683 751 5738 pacem
777 5669 919 5723 illam
948 5670 1062 5725 Deo
1086 5670 1377 5740 optabilem
1403 5669 1639 5739 quotidie
1670 5670 1837 5740 pellit,

258 5755 416 5815 latam
436 5759 653 5816 diabolo
681 5775 776 5831 per
798 5762 1155 5817 contumelias
1180 5775 1376 5831 parans
1394 5760 1557 5827 viam,
1588 5761 1844 5832 illumque

253 5851 495 5909 efﬁciens
522 5851 815 5908 fortiorem.
844 5851 970 5909 idco
996 5852 1240 5911 Christus
1267 5866 1462 5911 nervos
1487 5852 1631 5911 illius
1656 5860 1847 5923 poten-

1331 412 1396 467 lN
1432 407 1837 465 MATTHA'JUM
1878 407 2107 463 llOMlL.
2150 408 2287 465 XVI.

3410 409 3516 466 950

1932 522 2020 578 tiae
2046 523 2384 589 exscindens,
2417 521 2553 577 hanc
2595 520 2764 593 legem
2814 521 3038 577 induxit.
3091 522 3274 593 Magna
3320 524 3520 595 quippe

1930 625 2012 670 est
2041 616 2115 670 illi
2141 616 2376 671 caritatis
2402 630 2549 671 cura.
2585 615 2709 670 Haec
2744 615 2940 686 quippe
2973 623 3055 670 est
3081 617 3321 671 omnium
3348 627 3518 673 mater

1930 707 2215 774 bonorum,
2243 718 2391 763 certa
2420 707 2807 777 discipulorum
2831 716 2973 771 nota,
3000 722 3118 778 quae
3135 708 3311 762 omnia
3337 717 3518 764 nostra

1930 798 2186 853 continet.
2209 798 2337 854 iure
2359 813 2487 868 ergo
2516 797 2723 853 radices
2762 805 2817 853 et
2861 797 3036 854 fontes
3081 799 3370 855 inimicitiae
3400 816 3520 871 quae

1931 891 2073 945 illam
2105 889 2411 960 pessumdat
2436 905 2556 945 cum
2583 888 2918 945 vehementia
2945 890 3109 945 multa
3134 890 3380 947 Christus
3405 907 3518 947 am-

1932 990 2081 1051 putat
2108 990 2164 1037 et
2192 982 2348 1037 tollit.
2376 981 2454 1037 Ne
2482 982 2639 1052 igitur
2664 981 2779 1036 hmc
2799 998 2894 1052 per
2912 982 3236 1053 hyperbolen
3259 985 3401 1040 dicta
3423 1000 3521 1054 pu-

1934 1084 2035 1140 tes,
2067 1074 2160 1129 sed
2187 1076 2429 1145 cogitans
2451 1084 2648 1147 quanta
2675 1076 2814 1131 bona
2846 1092 3037 1146 parere
3066 1079 3291 1147 possint,
3329 1079 3518 1134 harum

1932 1166 2396 1221 mansuetudinem
2437 1167 2611 1236 legum
2658 1167 2873 1223 mirare.
2902 1167 3047 1223 Nihil
3091 1170 3233 1223 enim
3276 1170 3342 1223 ita
3370 1184 3521 1227 curat

1933 1254 2097 1323 Deus,
2126 1266 2186 1310 ut
2216 1273 2313 1313 nos
2335 1260 2530 1313 mutuis
2551 1259 2776 1314 vinculis
2796 1260 3053 1331 colligari.
3078 1261 3202 1318 Ideo
3222 1274 3274 1318 et
3300 1278 3396 1334 per
3414 1265 3522 1319 sei-

1935 1365 2086 1418 psum
2126 1360 2181 1405 et
2222 1366 2320 1421 per
2346 1352 2636 1422 discipulos
2679 1368 2827 1420 suos,
2875 1363 2979 1409 tam
3023 1356 3075 1410 in
3102 1355 3250 1411 Novo
3278 1373 3436 1427 quam
3468 1359 3522 1413 in

1936 1439 2114 1495 Veteri
2146 1441 2512 1510 Testamento,
2564 1443 2732 1498 multo
2775 1444 2877 1499 hoc
2921 1457 3244 1517 przeceptum
3273 1465 3525 1508 sermone

1934 1534 2293 1601 commendat,
2339 1543 2394 1589 et
2432 1535 2722 1590 vehemens
2752 1537 2944 1591 vindex
2974 1549 3054 1592 est
3079 1555 3263 1595 eorum
3291 1544 3379 1612 qui
3410 1543 3527 1598 haec

1936 1626 2254 1697 despiciunt.
2283 1627 2492 1683 Etenim
2524 1628 2655 1684 nihil
2688 1630 2757 1684 ita
2787 1632 3042 1686 malitiam
3071 1648 3285 1689 omnem
3318 1634 3541 1690 inducit:

1937 1729 1989 1775 et
2010 1720 2212 1788 fundat,
2239 1722 2546 1777 utcaritatis
2566 1724 2813 1780 remotio.
2834 1724 2959 1781 Ideo
2974 1725 3203 1794 dicebat,
3226 1727 3349 1782 Cum
3371 1729 3524 1783 abun-

1938 1812 2127 1864 daverit
2149 1812 2406 1883 iniquitas,
2452 1814 2739 1884 refrigescet
2764 1816 2950 1869 caritas
2994 1816 3269 1871 multorum
3307 1818 3522 1887 (Matth.

1937 1903 2028 1959 24.
2061 1904 2170 1975 12).
2210 1905 2301 1961 Sic
2335 1906 2466 1961 Cain
2500 1906 2767 1963 fratricida
2813 1908 2981 1964 factus
3011 1918 3115 1977 est,
3145 1912 3223 1968 sic
3257 1913 3418 1979 Esau,
3449 1914 3526 1971 sio

1941 1996 2130 2052 fratres
2150 1996 2367 2069 J’osephi
2383 2015 2397 2060 ;
2416 1999 2493 2054 sic
2508 1998 2781 2055 innumera
2804 2010 2987 2056 exorta
3009 2011 3136 2057 sunt
3160 2004 3321 2069 mala,
3344 2006 3523 2059 avulsa

1941 2092 2183 2145 caritate.
2208 2089 2330 2145 Ideo
2356 2091 2446 2145 ille
2474 2106 2557 2156 ea,
2584 2108 2700 2162 qua:
2723 2093 2891 2164 ipsam
2920 2095 3263 2165 pessumdare
3284 2109 3531 2169 possunt,

1941 2194 2062 2235 cum
2086 2196 2273 2251 magna
2300 2182 2641 2237 accuratione
2661 2194 2917 2239 removet.

2014 2273 2067 2328 9.
2107 2272 2235 2328 Cum
2272 2284 2463 2343 quanta
2498 2274 2718 2329 bonitate
2757 2278 3209 2333 reconciliationem
3240 2283 3533 2352 praeceperit

1944 2365 2191 2420 Christus.
2226 2364 2591 2421 Reconciliatio
2618 2384 2733 2421 cum
2770 2368 2931 2437 fratre
2959 2385 3071 2423 vere
3098 2373 3405 2440 sacriﬁcium
3430 2382 3524 2427 est.

1945 2454 2190 2509 Nondum
2214 2457 2527 2511 initiatorum
2546 2458 2797 2526 sacriﬁcia
2823 2475 2956 2527 qua.
2978 2490 3047 2500 —
3070 2460 3252 2533 Neque
3270 2464 3321 2518 in
3343 2478 3530 2534 supra-

1944 2546 2103 2602 dictis
2129 2547 2353 2617 gradum
2398 2549 2558 2614 sistit,
2603 2550 2696 2604 sed
2740 2550 2841 2605 alia
2891 2552 3041 2621 plura
3092 2553 3339 2618 adhibet,
3378 2558 3532 2626 queis

1944 2637 2175 2692 ostendit
2195 2648 2445 2708 quantam
2477 2640 2593 2708 ejus
2620 2639 2811 2695 habeat
2838 2641 3121 2698 rationem.
3142 2643 3275 2699 Nam
3297 2662 3415 2700 cum
3438 2662 3531 2718 per

1944 2730 2249 2793 concilium,
2280 2745 2379 2799 per
2402 2730 2657 2799 judicium
2683 2742 2736 2785 et
2767 2747 2863 2801 per
2886 2732 3185 2802 gehennam
3218 2736 3353 2807 ignis
3379 2752 3529 2792 com-

1945 2820 2176 2874 minatus
2220 2830 2381 2885 esset,
2432 2823 2531 2875 alia
2574 2823 2769 2892 adjecit
2815 2825 3235 2893 praecedentibus
3274 2844 3535 2898 consona,

1944 2925 2172 2980 nempe:
2202 2910 2293 2966 25.
2324 2911 2385 2966 Si
2404 2910 2565 2978 offers
2582 2929 2762 2967 munus
2792 2923 2935 2968 tuum
2959 2916 3031 2969 ad
3055 2917 3236 2983 altare,
3274 2929 3319 2973 et
3352 2921 3420 2974 ibi
3446 2938 3531 2975 re-

1946 3003 2184 3056 cordatus
2207 3003 2363 3073 fueris
2381 3004 2499 3073 quia
2525 3004 2681 3072 frater
2716 3013 2833 3060 tuus
2874 3006 3022 3060 habet
3055 3008 3249 3080 aliquid
3272 3011 3534 3065 adversum

1947 3102 2012 3157 te,
2043 3093 2132 3148 24.
2162 3093 2389 3163 relinque
2417 3111 2601 3149 munus
2625 3104 2766 3149 tuum
2788 3106 2905 3151 ante
2923 3099 3103 3165 altare,
3149 3111 3195 3155 et
3219 3103 3363 3167 vade,
3392 3105 3533 3171 prius

1945 3185 2272 3238 reconciliare
2296 3186 2448 3255 fratri
2467 3195 2569 3251 tuo,
2595 3196 2642 3240 et
2666 3196 2785 3242 tunc
2799 3190 3000 3245 veniens
3022 3191 3150 3258 offer
3170 3209 3350 3248 munus
3370 3204 3532 3249 tuum.

1946 3277 1991 3333 0
2014 3278 2324 3344 bonitatem,
2353 3294 2386 3333 o
2413 3278 2808 3349 benignitatem,
2840 3297 2959 3351 qua:
2986 3297 3198 3339 omnem
3229 3300 3533 3342 sermonem

1947 3370 2193 3439 superat!
2227 3369 2493 3425 Honorem
2537 3386 2690 3424 suum
2735 3372 2961 3441 despicit
3004 3390 3101 3444 pro
3146 3378 3369 3434 caritate
3409 3395 3534 3450 erga

1950 3462 2247 3533 proximum
2267 3478 2281 3527 ;
2299 3462 2606 3528 ostendens,
2633 3478 2690 3520 se
2706 3466 2851 3534 prius
2866 3467 3244 3523 comminatum
3269 3485 3409 3536 esse,
3428 3487 3533 3528 non

1947 3568 2012 3605 ex
2029 3552 2301 3607 inimicitia
2327 3552 2574 3623 quadam,
2602 3556 2686 3610 vel
2712 3570 2776 3610 ex
2806 3555 3095 3623 cupiditate
3122 3557 3383 3614 inferendi
3411 3575 3536 3631 sup-

1948 3643 2112 3711 plicii,
2136 3642 2230 3699 sed
2259 3658 2326 3699 ex
2354 3659 2538 3699 amore
2568 3646 2816 3702 ferventi.
2843 3647 2980 3715 Quid
3002 3649 3145 3703 enim
3179 3650 3327 3707 hisce
3354 3653 3539 3710 verbis

1947 3733 2277 3789 mansuetius
2298 3734 2422 3803 fingi
2448 3736 2656 3805 possit?
2677 3735 3113 3807 Intct‘rttmpalttt‘,
3146 3742 3334 3812 inquit,
3361 3744 3537 3801 cultns

1949 3841 2121 3893 meus,
2162 3836 2219 3882 ut
2256 3828 2450 3883 caritas
2497 3838 2582 3883 tua
2624 3839 2856 3885 maneat.
2901 3831 3032 3886 Nam
3063 3850 3188 3890 vere
3216 3836 3536 3894 sacrificium

1948 3927 2032 3973 est
2054 3918 2414 3973 reconciliatio
2439 3934 2561 3974 cum
2579 3919 2767 3976 fratre.
2795 3920 2918 3977 Ideo
2944 3940 3048 3978 non
3077 3924 3229 3993 dixit,
3251 3926 3535 3998 Postquam

1955 4010 2246 4076 obtuleris,
2280 4012 2387 4077 vel,
2413 4012 2719 4084 Antequam
2744 4012 2941 4068 offeras
2968 4030 2982 4080 ;
3026 4012 3118 4067 sed
3150 4014 3269 4082 ipso
3305 4026 3533 4065 munere

1958 4112 2248 4173 praesente,
2280 4112 2335 4159 et
2353 4104 2466 4174 jam
2491 4103 2763 4160 sacrificio
2788 4104 3081 4175 incipiente
3110 4104 3275 4158 mittit
3291 4119 3439 4166 eum,
3474 4112 3534 4156 ut

1953 4210 2011 4250 se
2027 4211 2149 4250 cum
2169 4194 2338 4252 fratre
2359 4197 2690 4260 reconciliet,
2706 4209 2807 4251 nec
2822 4210 3049 4266 propere
3059 4194 3249 4251 confec
3257 4203 3310 4247 to
3323 4194 3534 4249 sacriﬁ-

1954 4285 2062 4351 cio,
2090 4301 2190 4341 nec
2208 4296 2502 4357 antequam
2527 4303 2728 4343 munus
2751 4287 3015 4353 attulerit,
3037 4286 3134 4341 sed
3154 4287 3245 4340 illo
3265 4286 3317 4340 in
3348 4285 3531 4340 medio

1948 4378 2163 4445 jacente
2169 4377 2324 4445 jubet
2342 4378 2471 4433 illuc
2486 4377 2907 4434 accurrere.Cur
2921 4393 3051 4448 ergo
3074 4378 3318 4448 sicjubet
3338 4377 3391 4431 id
3411 4390 3538 4446 age-

1948 4480 2030 4532 re,
2061 4473 2115 4519 et
2140 4478 2244 4535 qua
2275 4464 2343 4521 de
2369 4465 2569 4521 causa?
2606 4465 2732 4521 Hau:
2762 4466 2942 4529 ambo,
2971 4477 3027 4520 ut
3054 4466 3182 4520 mihi
3211 4466 3426 4536 quidem
3457 4467 3539 4521 vi-

1948 4555 2127 4624 detur,
2155 4555 2520 4622 subindicans,
2562 4566 2617 4611 et
2655 4572 2850 4627 agens:
2876 4573 3038 4611 unum
3077 4558 3312 4628 quidem,
3343 4568 3402 4612 ut
3426 4557 3537 4628 jam

1950 4649 2084 4717 dixi,
2127 4658 2186 4705 ut
2209 4650 2458 4706 ostendat
2493 4664 2553 4705 se
2580 4650 2855 4706 caritatem
2885 4651 3061 4722 magni
3089 4650 3285 4716 facere,
3312 4661 3368 4707 et
3391 4651 3538 4707 illam

1949 4757 2069 4799 esse
2091 4752 2277 4813 putare
2297 4743 2585 4798 maximum
2613 4742 2852 4797 omnium
2872 4742 3212 4808 sacrificium,
3239 4756 3403 4813 seque
3422 4745 3539 4798 sine

1949 4836 2171 4891 caritate
2196 4836 2515 4892 sacrificium
2542 4850 2646 4891 non
2671 4835 2984 4903 admittere;
3012 4836 3307 4892 secundum
3334 4846 3537 4902 autem,

1951 4936 2012 4985 ut
2035 4928 2484 4985 reconciliationis
2512 4929 2872 4985 inevitabilem
2912 4930 3286 4986 necessitatem
3328 4930 3537 4985 afferat.

1949 5020 2085 5076 Nam
2114 5021 2205 5091 qui
2230 5021 2413 5090 jussus
2438 5030 2521 5076 est
2548 5036 2654 5076 non
2685 5022 2833 5092 prius
2859 5021 3072 5087 oﬂ‘erre,
3106 5038 3265 5093 quam
3295 5024 3541 5077 reconci-

1952 5112 2193 5179 liaretur,
2223 5112 2433 5169 etiamsi
2464 5127 2570 5170 non
2591 5128 2657 5169 ex
2677 5128 2860 5168 amore
2877 5113 3126 5183 proximi,
3151 5113 3344 5169 saltem
3370 5128 3439 5169 ne
3456 5128 3543 5168 sa~

1950 5203 2211 5259 criﬁcinm
2240 5203 2608 5273 imperfectum
2639 5212 2871 5271 maneat,
2918 5203 3226 5275 properabit
3262 5204 3328 5259 ad
3371 5203 3541 5259 offen-

1952 5312 2070 5353 sum
2100 5296 2338 5364 fratrem,
2374 5307 2433 5352 ut
2473 5297 2805 5353 inimicitiam
2852 5299 3042 5353 solvat.
3088 5297 3319 5368 Ideoque
3360 5297 3539 5354 omnia

1951 5390 2266 5463 emphaticis
2280 5392 2545 5462 expressit
2565 5393 2761 5459 verbis,
2783 5400 2991 5447 terrens
3009 5392 3156 5446 illum
3174 5392 3540 5462 excitansque.

1952 5481 2086 5539 Cum
2106 5481 2330 5538 dixisset
2348 5482 2512 5549 enim,
2536 5481 2785 5553 Relinque
2804 5499 2985 5536 munus
3005 5491 3165 5545 tuum,
3191 5498 3296 5536 non
3321 5480 3395 5537 ibi
3415 5480 3543 5535 sub-

1952 5576 2108 5642 stitit,
2136 5575 2229 5631 sed
2256 5575 2549 5645 subjunxit,
2573 5576 2700 5630 Ante
2725 5574 2913 5641 altare,
2939 5583 2993 5629 et
3022 5584 3303 5645 postquam
3329 5587 3395 5635 ex
3419 5573 3541 5634 loco

1954 5667 2009 5724 in
2031 5667 2311 5723 horrorem
2343 5667 2626 5737 quemdam
2653 5665 2903 5735 conjecit,
2932 5664 3000 5719 Et
3025 5666 3170 5720 vade.
3200 5664 3310 5722 Nec
3335 5674 3539 5720 tantum

1953 5757 2108 5822 dixit,
2146 5756 2309 5825 Vade,
2341 5755 2435 5813 sed
2464 5756 2726 5826 adjunxit,
2760 5755 2937 5821 Prius,
2966 5766 3011 5811 et
3036 5766 3155 5811 tunc
3181 5758 3387 5812 ueniens
3414 5756 3542 5823 offer

1957 5866 2140 5907 manus
2169 5860 2343 5916 tuum;
2385 5864 2482 5921 per
2520 5848 2639 5907 haec
2683 5850 2867 5907 omnia
2890 5848 3190 5920 declarans,
3222 5849 3358 5907 hanc
3387 5865 3536 5906 inea-
