4050 6364
540 385 643 444 25i

543 516 658 556 sam
681 513 787 553 non
807 496 1093 552 admittere
1109 509 1202 550 eos
1220 496 1309 565 qui
1331 494 1632 548 inimicitias
1652 501 1834 548 mutuo
1853 500 2122 549 exercent.

1225 379 1282 435 S.
1323 378 1599 435 JOANNIS
1632 377 2102 435 CilRYSOSTOMl
2139 379 2456 437 ARCHIEP»
2497 383 3033 445 CNSTANTINUP.

3708 399 3826 469 es:

2237 493 2583 563 ciliationem,
2607 499 2659 555 id
2685 501 2924 565 morbos.
2956 506 3044 574 qui
3072 515 3191 574 post
3217 507 3547 566 inimicitiam
3583 513 3820 578 suboriri.

543 593 781 649 Audiant
801 590 1016 656 initiati,
1041 589 1130 660 qui
1150 603 1270 645 cum
1297 588 1582 642 inimicitiis
1602 586 2129 652 accedunt;audiant
2232 591 2438 656 solent,
2497 593 2755 661 praecidit.
2823 597 2956 652 Vide
3013 609 3190 655 autem
3249 616 3408 672 quam
3467 602 3817 662 vehementer

545 695 603 740 et
629 685 719 756 qui
746 682 982 738 nondum
1008 689 1134 736 sunt
1157 680 1382 735 initiati:
1409 695 1533 734 nam
1558 678 1622 733 ad
1654 678 1753 733 hos
1775 693 1987 748 quoque
2015 693 2127 731 ser-

547 790 638 831 mo
663 773 1060 847 quodammodo
1086 773 1334 844 pertinet.
1361 771 1602 828 Oli'erunt
1631 772 1771 837 enim
1801 779 1856 826 et
1884 771 1982 840 ipsi
2023 770 2123 824 do,-

543 883 670 921 num
701 877 756 922 et
791 865 1129 930 sacrificium,
1161 865 1456 919 orationem
1485 862 1604 918 dico
1628 872 1683 917 et
1705 863 2121 934 eleemosynam.

542 957 694 1025 Quod
734 957 876 1012 enim
907 956 1019 1010 haec
1044 954 1362 1010 sacrificium
1389 953 1516 1016 sint,
1545 952 1667 1007 audi
1698 951 2008 1023 prophetam
2038 952 2122 1007 di-

541 1057 752 1103 ccntem
775 1065 788 1100 :
813 1046 1136 1116 Sacri/icium
1161 1045 1327 1100 laudis
1353 1044 1704 1114 honoriﬁcabit
1732 1060 1811 1099 me
1834 1043 2006 1112 (Psal.
2028 1044 2119 1098 49.

537 1141 662 1212 25).
689 1148 745 1196 et
772 1155 1003 1206 rursum,
1033 1138 1256 1202 Immola
1277 1138 1386 1193 Deo
1415 1138 1721 1208 sacriﬁcia»:
1763 1138 1930 1192 laudis
1957 1136 2114 1208 (Ibid.

537 1249 589 1286 υ.
620 1232 689 1295 14
709 1239 758 1302 );
799 1242 853 1287 et
876 1274 891 1300 ,
927 1231 1159 1287 Elevatio.
1182 1247 1422 1293 manuum
1448 1247 1674 1286 mearum
1701 1230 2006 1299 sacriﬁcium
2034 1247 2118 1284 ve-

535 1322 813 1390 spertinum
843 1322 1010 1394 (Psat.
1035 1321 1157 1378 NO.
1179 1321 1260 1391 9.).
1289 1321 1470 1391 itaque
1495 1321 1539 1375 si
1567 1323 1862 1377 orationem
1885 1336 2006 1376 cum
2029 1321 2123 1384 tali

538 1414 730 1469 all'ectu
759 1415 1017 1484 proferas,
1048 1414 1240 1470 melius
1267 1422 1348 1469 est
1377 1413 1680 1484 relinquere
1712 1414 2031 1478 orationem,
2063 1422 2118 1468 et

537 1508 605 1564 ad
636 1519 687 1564 te
711 1524 831 1563 cum
864 1507 1028 1564 fratre
1051 1507 1502 1564 reconciliandum
1532 1522 1842 1578 properare,
1887 1517 2118 1577 tuncque

534 1602 831 1655 orationem
848 1599 1061 1656 offerre.
1083 1599 1305 1670 Propter
1321 1599 1421 1653 hoc
1441 1599 1605 1667 enim,
1625 1601 1802 1654 omnia
1820 1598 1955 1662 facta
1972 1610 2114 1656 sunt:

535 1701 753 1762 propter
775 1691 878 1756 hoc
903 1692 1043 1746 Deus
1068 1691 1230 1746 homo
1272 1690 1441 1752 factus
1481 1699 1586 1756 est,
1628 1699 1684 1746 et
1709 1693 1888 1746 omnia
1916 1691 2005 1746 illa
2033 1703 2118 1747 est

533 1791 804 1852 operatus,
835 1792 891 1836 ut
915 1795 1018 1842 nos.
1037 1792 1404 1853 congregaret.
1433 1781 1530 1836 Hic
1551 1782 1708 1852 igitur
1733 1781 2017 1839 laedentem
2047 1784 2113 1836 ad

534 1875 716 1928 laesum
739 1873 914 1939 misit;
943 1874 996 1928 in
1023 1873 1262 1929 oratione
1293 1888 1422 1928 vero
1449 1873 1631 1928 laesum
1654 1873 1798 1930 ducit
1823 1873 1892 1928 ad
1917 1873 2114 1928 laeden-

533 1974 660 2028 tem,
685 1973 738 2018 et
764 1965 1092 2019 reconciliat.
1112 1964 1221 2020 Illic
1235 1965 1376 2020 enim
1401 1965 1506 2020 ait:
1531 1965 1788 2020 Dimittite
1807 1965 2114 2024 hominibus

527 2056 705 2112 debita
732 2055 938 2126 (Matth.
957 2056 1012 2111 6.
1041 2055 1131 2128 14)
1148 2074 1162 2122 ;
1182 2056 1268 2112 hic
1284 2072 1410 2112 vero
1431 2074 1444 2111 :
1467 2057 1521 2112 Si
1539 2057 1698 2116 habet
1716 2057 1911 2128 aliquid
1927 2069 2111 2114 contra

531 2159 617 2210 te,
654 2149 790 2203 vade
827 2147 895 2213 ad
937 2163 1080 2203 eum.
1131 2148 1244 2202 [mo
1265 2163 1391 2204 vero
1428 2147 1514 2203 hic
1536 2148 1669 2202 mihi
1695 2137 1903 2204 videtur
1925 2149 2114 2211 la:sun1

527 2241 774 2311 mittere;
818 2249 1142 2319 quapropter
1179 2255 1287 2294 non
1329 2239 1479 2304 dicit,
1527 2239 1834 2298 Reconcilia
1881 2241 2107 2310 teipsnm

525 2329 677 2385 fratri
705 2340 818 2396 tuo,
851 2331 963 2396 sed,
995 2331 1452 2388 Reconciliare:et
1493 2331 1704 2386 videtur
1747 2331 1964 2402 quidem
2010 2332 2110 2387 hoc

525 2423 594 2479 dc
617 2423 846 2480 laedente
869 2424 1005 2489 dici;
1034 2424 1130 2480 sed
1160 2432 1329 2478 totum
1359 2439 1426 2479 ex
1468 2439 1695 2494 persona
1737 2425 1849 2479 laesi
1893 2425 2105 2482 dicitur.

525 2515 580 2570 Si
609 2515 751 2570 enim
779 2515 855 2569 illi
883 2515 1256 2581 reconciliatus
1279 2515 1461 2582 fueris,
1481 2515 1670 2586 inquit,
1701 2531 1792 2585 per
1818 2523 1959 2570 tuam
1983 2533 2105 2587 erga

525 2621 648 2660 eum
677 2605 975 2673 caritatem,
1007 2621 1095 2661 me
1121 2607 1282 2662 etiam
1323 2606 1543 2666 habebis
1569 2607 1876 2676 prOpitium,
1905 2616 1962 2666 et
1984 2623 2104 2672 cum

523 2699 689 2754 multa
713 2699 906 2755 ﬁducia
922 2699 1122 2768 poteris
1141 2699 1458 2755 sacriﬁcium
1477 2700 1692 2756 oll'erre.
1711 2700 1768 2756 Si
1785 2716 1913 2757 vero
1933 2701 2108 2765 adhuc

523 2788 834 2860 indignaris,
862 2790 1146 2858 considera
1173 2806 1260 2846 me
1300 2791 1532 2846 libenter
1572 2792 1842 2847 contemni
1874 2808 1991 2847 mea
2014 2793 2105 2862 ju-

521 2882 672 2948 bere,
701 2891 761 2937 ut
789 2896 884 2937 vos
909 2883 1064 2936 amici
1089 2881 1350 2939 evadatis.
1379 2881 1446 2935 Et
1465 2881 1581 2938 haec
1599 2881 1690 2938 tibi
1713 2883 1782 2937 sit
1801 2883 1852 2936 in
1877 2883 1953 2938 ira
1977 2899 2106 2941 con-

521 2971 730 3026 solatio.
761 2971 877 3027 Non
904 2973 1058 3038 dixit,
1085 2972 1218 3032 Cum
1243 2974 1474 3042 graviter
1497 2973 1736 3034 oﬂ'ensus
1759 2989 1839 3037 es,
1875 2983 1982 3032 tum
2012 2990 2103 3031 re-

520 3067 837 3129 conciliare;
867 3067 986 3130 sed,
1015 3067 1240 3122 Etiamsi
1265 3067 1383 3125 leve
1408 3066 1685 3138 quidpiam
1706 3077 1892 3122 contra
1920 3077 1972 3124 te
2008 3068 2103 3123 ha-

517 3158 716 3214 buerit.
747 3158 932 3229 Neque
958 3159 1174 3227 adjecit,
1221 3157 1346 3214 Sive
1386 3158 1557 3232 juste,
1597 3159 1712 3214 sive
1748 3159 1974 3232 injuste;
2007 3160 2101 3215 sed

513 3252 852 3322 simpliciter,
881 3252 936 3308 Si
963 3251 1209 3313 habuerit
1235 3251 1435 3321 aliquid
1458 3251 1740 3307 adversum
1772 3261 1845 3306 te.
1879 3251 2102 3307 Etiamsi

515 3344 660 3400 enim
682 3344 846 3415 juste,
878 3360 1050 3415 neque
1077 3346 1155 3406 sic
1183 3344 1338 3400 decet
1358 3344 1688 3400 inimicitiam
1722 3343 1921 3398 diutius
1948 3341 2099 3399 fove-

513 3451 575 3492 re
595 3454 609 3492 :
633 3434 1063 3507 quandoquidem
1083 3443 1140 3491 et
1154 3435 1401 3502 Christus
1413 3434 1557 3505 juste
1576 3434 1731 3490 nobis
1748 3433 2096 3498 irascebatur,

512 3534 747 3583 attamen
777 3528 1010 3597 seipsum
1043 3542 1140 3596 pro
1182 3527 1336 3582 nobis
1379 3526 1527 3582 dedit
1569 3525 1948 3599 occidendum,
1990 3541 2098 3580 non

510 3618 779 3689 imputans
808 3619 962 3674 nobis
991 3619 1078 3680 illa
1113 3629 1346 3689 peccata.

588 3712 672 3766 10.
713 3710 816 3767 Cur
845 3711 1041 3766 Paulus
1073 3722 1188 3765 ante
1216 3721 1430 3777 noctem,
1459 3721 1504 3766 et
1532 3711 1760 3782 Christus
1784 3721 1904 3766 ante
1930 3713 2098 3767 sacri-

515 3803 689 3872 ﬁcium
712 3803 1026 3864 reconciliari
1053 3803 1319 3874 jusserint.
1351 3803 1578 3859 Christus
1611 3815 1852 3872 quantum
1881 3807 1935 3859 in
1958 3806 2097 3873 peri-

512 3895 708 3950 ntendis
734 3895 1007 3949 inimicitiis
1035 3895 1260 3952 studium
1298 3895 1600 3956 adhibuerit.
1648 3895 1714 3950 In
1753 3895 1869 3950 boni
1908 3913 2096 3966 opera—

512 3985 648 4039 tione
682 4001 784 4039 non
825 3986 1269 4046 cunctandum—
1289 3984 1418 4040 Ideo.
1442 3985 1637 4040 Paulus
1665 3985 1772 4040 alio
1801 3985 1958 4040 modo
1998 4000 2095 4041 nos

511 4076 578 4132 ad
622 4077 1111 4142 reconciliationem
1135 4090 1319 4145 agens,
1351 4075 1562 4140 dicebat
1592 4093 1606 4128 ε
1651 4075 1748 4136 Sol
1775 4093 1875 4130 non
1901 4077 2096 4138 occidat

506 4185 659 4239 super
685 4167 1010 4225 iracundiam
1030 4177 1251 4234 uestram
1272 4165 1492 4238 (Ephes.
1515 4167 1568 4222 4.
1587 4165 1704 4238 26).
1731 4165 2095 4234 Quemadmo-

510 4260 637 4314 dum
661 4260 802 4314 enim
833 4259 918 4314 hic
944 4273 976 4313 a
1001 4259 1264 4316 sacriﬁcio
1290 4259 1552 4323 Christus,
1586 4259 1656 4314 ita
1694 4259 1805 4314 illic
1834 4259 2029 4318 Paulus
2062 4278 2092 4318 a

508 4353 598 4408 die
626 4352 694 4408 ad
737 4353 967 4422 idipsum
1008 4351 1270 4407 hortatur.
1309 4353 1484 4408 Timet
1517 4353 1715 4423 quippe
1752 4365 1982 4423 noctem,
2025 4373 2095 4412 ne

507 4445 648 4500 forte
676 4445 847 4500 solum
896 4445 1176 4515 excipiens
1219 4444 1533 4512 sauciatum,
1576 4445 1749 4516 majus
1789 4445 1940 4502 ulcus
1973 4447 2096 4509 effio.

506 4537 632 4592 ciat.
663 4536 719 4592 In
747 4536 836 4592 die
863 4552 1091 4607 namque
1118 4537 1272 4591 multi
1296 4537 1534 4608 suntqui
1559 4538 1796 4594 avellant
1821 4549 1876 4594 et
1901 4539 2095 4603 distra-

508 4630 678 4697 hunt;
721 4628 776 4683 in
806 4639 962 4685 nocte
1000 4644 1150 4696 vero,
1189 4645 1309 4684 cum
1354 4630 1499 4685 solus
1537 4631 1626 4696 sit,
1668 4639 1724 4685 et
1764 4630 1879 4686 huic
1916 4633 2102 4692 animo.

505 4729 706 4785 verset,
736 4722 1094 4776 intumescunt
1117 4721 1332 4787 ﬂuctus,
1373 4731 1429 4775 et
1467 4722 1637 4790 major
1682 4722 1739 4776 lit
1782 4731 2085 4792 tempestas,

507 4811 636 4868 Ideo
661 4811 778 4875 haec
805 4813 1134 4881 praeveniens
1153 4813 1369 4877 Paulus,
1393 4813 1791 4868 reconciliatum
1812 4814 1926 4868 vult
1949 4815 2092 4870 nocti

505 4905 737 4970 tradere,
781 4912 841 4960 ut
885 4904 1088 4960 nullam
1129 4921 1194 4962 ex
1238 4905 1415 4974 quiete
1443 4905 1614 4974 possit
1638 4904 1879 4960 diabolus
1907 4922 2090 4962 ansam

505 4996 746 5066 arripere
773 4997 838 5050 ad
871 4997 962 5050 ira:
983 4995 1250 5050 fornacem
1278 4996 1700 5069 accendendam,
1723 5007 1777 5051 et
1797 4997 2091 5062 vehemen-

504 5087 698 5144 tiorem
723 5087 1080 5143 efliciendam.
1108 5086 1198 5143 Sic
1221 5087 1380 5146 etiam
1407 5087 1651 5142 Christus
1689 5103 1795 5141 non
1836 5089 2093 5156 permittit

504 5179 590 5233 vel
618 5179 885 5234 tantillum
912 5178 1146 5243 differre,
1192 5193 1261 5233 ne
1289 5178 1558 5248 completo
1596 5178 1878 5244 sacrificio,
1919 5178 2091 5250 negli-

503 5271 714 5341 gentior
744 5270 832 5334 ille
861 5269 1015 5335 foret,
1051 5285 1226 5340 exque
1248 5269 1335 5324 die
1367 5269 1420 5324 in
1459 5267 1601 5333 diem
1629 5268 1886 5325 dilierret.
1931 5269 2092 5331 Novit

503 5365 649 5420 enim
675 5363 828 5431 ,hunc
869 5363 1032 5421 animi
1079 5362 1324 5417 morbum
1367 5363 1533 5417 multa
1583 5377 1739 5431 egere
1775 5363 2085 5431 celeritate;

503 5466 665 5526 atque
697 5465 760 5510 ut
781 5456 996 5524 sapiens
1023 5454 1261 5510 medicus
1290 5469 1399 5509 non
1429 5453 1590 5508 modo
1613 5469 1732 5523 quas
1759 5463 2090 5524 praeservent

501 5562 530 5600 a
562 5547 763 5601 morbis
799 5547 1056 5602 adbibere
1096 5553 1342 5614 occupat,
1389 5544 1484 5600 sed
1521 5545 1691 5611 etiam
1724 5560 1844 5614 qua:
1885 5544 2088 5600 mederi

501 5641 706 5708 possint
745 5639 976 5694 ostendit
1005 5658 1018 5694 :
1051 5639 1131 5694 sic
1157 5647 1212 5695 et
1243 5638 1334 5701 ille
1371 5638 1500 5707 agit.
1527 5636 1657 5692 Nam
1689 5652 1809 5692 cum
1841 5637 2088 5706 prohibet

501 5747 570 5795 pe
602 5732 724 5802 quis
748 5732 922 5786 fatuus
949 5731 1263 5799 appelletur,
1296 5729 1346 5785 id
1376 5728 1629 5800 prmvium
1669 5729 1963 5784 remedium
2003 5739 2087 5787 est

504 5822 574 5882 ad
602 5823 929 5880 inimicitiam
959 5823 1258 5890 vitandam;
1294 5836 1412 5887 cum
1443 5836 1569 5878 vero
1607 5821 1848 5893 prmcipit
1889 5837 2080 5880 recons

2231 692 2511 753 utrumque
2547 694 2793 754 ponatur.
2821 687 2934 745 [llic
2961 691 3104 746 enim
3133 683 3433 762 gehennam
3456 697 3818 754 comminatus

2227 783 2342 840 est;
2385 774 2472 830 hic
2507 790 2638 831 vero
2675 777 2872 833 donum
2913 796 3017 835 non
3049 783 3238 854 recipit
3263 795 3390 841 ante
3416 788 3815 843 reconciliatio-

2227 881 2371 931 nem,
2399 866 2768 924 vehementem
2789 871 3114 928 iracundiam
3135 890 3256 932 esse
3277 887 3601 945 monstrans,
3629 895 3693 935 ac
3714 897 3814 950 per

2226 954 2341 1010 hare
2364 959 2543 1012 omnia
2573 967 2628 1014 et
2654 961 2888 1018 radicem
2917 973 2972 1019 et
2997 964 3229 1029 fructum
3253 968 3508 1025 avellens.
3539 969 3609 1025 Et
3636 973 3814 1042 primo

2223 1047 2438 1116 quidem
2475 1050 2549 1104 ait
2589 1067 2603 1103 :
2643 1049 2722 1107 Ne
2749 1052 2997 1111 irascaris
3039 1075 3051 1110 ε
3099 1068 3284 1128 postea
3317 1075 3468 1128 vero,
3507 1061 3588 1118 Ne
3623 1065 3816 1119 convi-

2223 1140 2400 1200 cieris.
2429 1140 2564 1206 Nam
2600 1141 2715 1199 haec
2743 1147 2904 1202 ambo
2932 1162 3053 1204 sese
3081 1159 3266 1206 mutuo
3290 1150 3472 1208 fovent
3493 1161 3551 1209 et
3573 1165 3773 1226 augent
3798 1174 3813 1212 :

2223 1233 2291 1287 ab
2329 1233 2604 1290 inimicitia
2643 1239 2962 1308 convicium,
2995 1257 3028 1297 a
3053 1245 3295 1300 convicio
3331 1247 3626 1303 inimicitia.
3658 1249 3814 1311 Ideo.-

2221 1337 2324 1393 que
2364 1339 2508 1378 nunc
2537 1325 2722 1395 radici,
2771 1345 2914 1388 nunc
2956 1330 3152 1389 fructui
3197 1337 3494 1394 remedium
3528 1339 3807 1408 admovet,

2223 1421 2282 1468 ut
2309 1414 2566 1485 impediat
2592 1434 2660 1474 ne
2685 1419 2890 1477 malum
2915 1423 3118 1479 oriatur
3145 1445 3157 1480 :
3189 1428 3240 1488 si.
3265 1443 3393 1483 vero
3429 1432 3818 1500 germinaverit

2219 1515 2274 1562 et
2300 1506 2528 1564 fructum
2557 1509 2693 1566 ferat
2719 1515 3033 1583 pessimum,
3066 1518 3217 1574 illum
3262 1521 3494 1592 undique
3516 1525 3810 1580 comburit.

2221 1598 2346 1654 Ideo
2373 1610 2654 1671 postquam
2695 1603 2830 1660 dixit
2867 1608 3145 1679 judicium,
3179 1613 3463 1669 concilium
3509 1625 3563 1671 et
3602 1619 3812 1688 gehen-

2219 1704 2365 1756 nam,
2403 1707 2468 1747 ac
2495 1692 2564 1748 de
2600 1709 2699 1750 suo
2723 1697 2986 1756 sacrificio
3014 1700 3285 1770 disseruit,
3313 1705 3414 1760 alia
3455 1723 3666 1762 rursum
3711 1708 3813 1763 ad-

2217 1778 2296 1834 dit
2337 1779 2425 1836 itis
2464 1784 2644 1840 verbis
2695 1808 2708 1842 :
2753 1785 2845 1842 25.
2887 1787 3017 1857 Esto
3045 1796 3360 1850 consentiens
3400 1797 3690 1853 adversario
3720 1809 3818 1854 tuo.

2216 1870 2338 1936 cito,
2367 1873 2489 1933 dum
2513 1890 2564 1928 es
2587 1891 2704 1930 cum
2728 1878 2822 1937 illo
2846 1879 2902 1934 in
2939 1883 3040 1936 via.
3070 1883 3152 1940 Ne
3189 1886 3330 1941 enim
3370 1887 3579 1945 diceres
3607 1907 3621 1944 :
3660 1890 3810 1959 Quid

2216 1960 2375 2030 igitur
2411 1964 2459 2020 si
2505 1964 2752 2036 iujuriam
2790 1971 3001 2039 patiar?
3036 1975 3162 2044 quid
3202 1977 3245 2031 si
3292 1977 3450 2033 bonis
3487 1980 3706 2048 spolier,
3750 1992 3809 2037 et

2215 2054 2281 2108 ad
2317 2053 2576 2125 judicium
2620 2060 2834 2121 trahar?
2866 2063 3003 2120 hanc
3035 2083 3248 2139 quoque
3276 2086 3460 2132 ansam
3492 2081 3547 2128 et
3573 2089 3809 2130 excusa-

2218 2147 2416 2203 tionem
2445 2152 2673 2208 removit
2705 2170 2719 2206 :
2755 2153 2908 2223 jubet
2947 2158 3090 2212 enim
3136 2170 3186 2214 te
3216 2176 3285 2216 ne
3326 2161 3406 2218 sic
3447 2164 3662 2231 quidem
3692 2165 3809 2220 ini-

2199 2236 2441 2294 .micitias
2464 2238 2748 2311 aliquando
2777 2245 3072 2329 suscipere.
3113 2249 3320 2306 Deinde
3359 2253 3481 2321 quia
3513 2253 3638 2308 illud
3677 2269 3807 2317 mag

2211 2341 2373 2396 gnum
2399 2341 2516 2386 erat
2540 2344 2886 2404 prmceptum,
2928 2352 2961 2392 a
2998 2342 3351 2408 praesentibus
3377 2343 3467 2398 dat
3491 2346 3802 2414 consilium,

2212 2433 2332 2488 quae
2368 2431 2514 2478 certe
2551 2426 2741 2494 magis.
2777 2442 2938 2496 quam
2976 2428 3175 2498 futura,
3231 2436 3522 2491 crassiores
3560 2436 3806 2493 retinere

2211 2510 2404 2566 solent.
2435 2513 2570 2581 Quid
2615 2516 2756 2572 enim
2796 2518 2950 2583 dicis,
2992 2521 3184 2592 inquit,
3229 2523 3398 2592 ipsum
3439 2527 3810 2597 potentiorem

2211 2614 2356 2668 e838,
2402 2612 2457 2658 et
2499 2604 2593 2659 tibi
2639 2609 2870 2664 nocere?
2913 2610 3078 2683 Magis
3105 2626 3234 2683 ergo
3279 2613 3376 2668 tibi
3415 2616 3649 2682 nocebit,
3691 2617 3804 2672 nisi

2211 2691 2382 2761 ipsum
2413 2695 2728 2765 placaveris,
2772 2709 2828 2756 et
2866 2703 2928 2759 si'
2958 2711 3176 2770 coactus
3217 2705 3382 2761 fueris
3425 2706 3480 2761 in
3521 2722 3811 2773 carcerem

2209 2783 2307 2839 ire.
2344 2785 2496 2848 Tunc
2533 2791 2677 2846 enim
2720 2793 2811 2849 ilio
2851 2794 3046 2852 sedato.
3068 2799 3313 2867 pecuniis
3337 2801 3568 2864 amissis,
3597 2817 3803 2872 corpus

2210 2875 2433 2933 liberum
2464 2879 2687 2938 habebis
2717 2903 2729 2937 :
2763 2895 2948 2941 contra
2977 2904 3102 2948 vero
3130 2890 3174 2944 si
3215 2892 3316 2945 sub
3348 2892 3543 2961 judicis
3569 2907 3796 2950 senten-

2208 2967 2278 3020 tia
2324 2971 2526 3038 positus
2569 2974 2665 3036 sis.
2696 2977 2923 3034 vinculis
2964 2981 3367 3054 constringeris,
3411 2995 3802 3056 etttremasque

2205 3060 2361 3117 dabis
2390 3077 2595 3132 poenas.
2627 3066 2720 3122 Sin
2763 3077 2942 3124 autem
2981 3069 3225 3142 jurgium;
3246 3072 3377 3146 illud
3421 3074 3641 3146 fugeris,
3683 3077 3811 3144 duo.

2205 3165 2498 3223 assequere
2527 3154 2666 3215 bona
2699 3177 2712 3213 :
2743 3166 2800 3214 et
2831 3159 2974 3229 quod
3005 3162 3138 3219 nihil
3176 3162 3441 3235 ingratum
3471 3166 3711 3234 patiaris,
3739 3179 3800 3223 et

2203 3245 2345 3312 quod
2371 3243 2570 3302 bonum
2596 3263 2733 3319 Opus
2763 3258 2912 3306 tuum
2939 3251 3054 3317 tibi,
3083 3267 3193 3317 non.
3215 3253 3359 3324 illius
3387 3255 3655 3312 violentia:
3693 3257 3801 3315 de—

2203 3334 2412 3403 beatur.
2453 3338 2608 3405 Quod
2637 3341 2680 3395 si
2721 3341 2879 3396 dictis
2915 3343 3288 3414 obtemperare
3331 3362 3438 3403 non
3482 3349 3636 3416 velis,
3677 3367 3804 3420 non.

2202 3427 2280 3482 illi
2319 3437 2524 3486 tantum
2563 3432 3064 3504 nocebisquantum
3101 3436 3198 3491 tibi
3223 3437 3346 3508 ipsi.
3395 3439 3674 3510 Perpende
3699 3457 3802 3497 au-

2205 3527 2312 3574 tem
2341 3520 2429 3576 hic
2463 3524 2733 3593 quomodo
2773 3526 2946 3596 ipsum
2988 3527 3232 3584 hortetur
3266 3546 3282 3585 :
3330 3540 3611 3602 postquam
3641 3534 3800 3588 enim

2201 3610 2357 3680 dixit,
2380 3613 2505 3669 Esto
2530 3618 2844 3670 consentiens
2873 3618 3162 3674 adversario
3189 3629 3295 3686 tuo,
3324 3623 3619 3692 subjunxit,
3641 3623 3800 3690 Cito;

2202 3719 2300 3764 nec
2324 3715 2609 3760 contentus
2633 3706 2735 3762 hoc
2754 3708 3138 3778 additamento,
3163 3710 3306 3774 aliud
3327 3713 3618 3769 celeritatis
3641 3695 3802 3785 quae?

2201 3795 2325 3850 sivit
2347 3806 2688 3866 augmentum
2718 3798 2922 3866 dicens,
2954 3799 3089 3860 Dum
3125 3817 3175 3855 es
3212 3817 3327 3854 cum
3356 3801 3447 3856 illo
3475 3803 3530 3856 in
3557 3804 3674 3870 via;
3707 3804 3809 3870 his

2201 3888 2486 3958 impellens
2511 3889 2685 3960 ipsum
2720 3899 2775 3945 et
2808 3907 2998 3962 magna
3034 3907 3154 3946 cum
3187 3891 3522 3949 vehementia
3567 3911 3792 3966 urgens,

2199 3974 2342 4034 Nihil
2367 3982 2509 4036 enim
2550 3983 2622 4036 ita
2659 3981 2822 4036 vitam
2852 3992 3090 4038 nostram
3125 3985 3337 4050 evertit,
3384 3994 3443 4040 ut
3481 3985 3528 4042 si
3563 3997 3799 4043 cuncte-

2199 4086 2322 4126 mur
2339 4080 2394 4127 et
2417 4071 2726 4140 differamus
2747 4073 2800 4127 iu
2821 4073 3084 4132 bonorum
3102 4076 3432 4145 operatione.
3456 4076 3613 4146 Saepe
3639 4094 3802 4143 namq

2203 4176 2308 4238 que
2347 4162 2480 4225 illud
2511 4164 2564 4217 in
2604 4177 2766 4224 causa
2796 4163 2894 4218 fuit
2922 4173 2979 4218 ut
3002 4165 3071 4220 ab
3096 4165 3344 4221 omnibus
3369 4166 3746 4223 exeideremus
3779 4188 3802 4242 ςΣ

2199 4253 2648 4324 quemadmodum
2674 4264 2730 4310 et
2754 4255 2947 4309 Paulus
2972 4256 3081 4311 ait:
3107 4255 3422 4327 Priusquam
3444 4259 3522 4312 sol
3553 4259 3796 4326 occidat,

2199 4347 2333 4402 iram
2361 4347 2508 4403 solve
2537 4347 2751 4419 (Ephes.
2779 4349 2834 4404 4.
2857 4347 2950 4420 26)
2978 4366 2993 4415 ;
3019 4358 3074 4405 et
3097 4351 3344 4420 superius
3366 4351 3480 4422 ipse
3499 4351 3752 4409 Christus
3779 4373 3793 4409 :

2199 4439 2516 4510 Priusquam
2544 4441 2866 4510 oblationem
2896 4442 3159 4512 perficias,
3188 4445 3558 4501 reconciliare.
3604 4445 3698 4502 Sic
3740 4457 3798 4504 et

2199 4530 2302 4587 hoc
2328 4533 2446 4590 loco
2484 4532 2636 4598 dicit,
2666 4533 2799 4600 Cito,
2833 4534 2959 4588 dum
2999 4551 3052 4590 es
3092 4553 3209 4590 cum
3247 4537 3338 4592 illo
3378 4538 3432 4593 in
3470 4540 3572 4605 via,
3603 4540 3797 4611 prius-

2198 4640 2356 4696 quam
2387 4625 2452 4682 ad
2474 4626 2661 4695 judicii
2687 4626 2827 4682 fores
2853 4628 3099 4696 accedas,
3127 4631 3434 4700 priusquam
3460 4631 3527 4685 ad
3554 4633 3800 4688 tribunai

2197 4718 2430 4782 sistaris,
2461 4727 2516 4774 et
2546 4718 2645 4773 sub
2678 4719 2874 4788 judicis
2902 4719 3116 4775 demum
3146 4729 3413 4792 potesmte
3445 4723 3649 4792 positus
3686 4725 3802 4800 sis.

2197 4811 2338 4864 Ante
2363 4811 2662 4880 ingressum
2702 4813 2844 4880 enim
2886 4828 3052 4881 penes
3088 4823 3139 4868 te
3181 4823 3304 4868 sunt
3347 4816 3562 4881 omnia;
3598 4832 3794 4872 verum

2197 4903 2252 4957 in
2284 4903 2368 4958 illa
2414 4903 2689 4974 ingressus
2718 4904 2920 4971 limina,
2967 4907 3311 4976 quantumvis
3341 4916 3395 4964 te
3431 4924 3633 4972 verses,
3678 4925 3795 4965 non

2197 4995 2400 5064 poteris
2439 5004 2528 5050 tua
2569 4995 2634 5050 ad
2679 5009 2868 5052 nutum
2906 5007 3054 5052 tuum
3091 4999 3399 5069 disponere,
3433 5002 3532 5056 sub
3562 5003 3797 5063 alterius

2197 5097 2461 5158 potestate
2495 5089 2762 5145 redactus.
2789 5091 2927 5158 Quid
2952 5103 3130 5148 autem
3162 5105 3247 5150 est
3281 5110 3404 5152 esse
3440 5099 3796 5154 consentien-

2197 5180 2343 5235 tem?
2371 5179 2464 5234 Vel
2491 5179 2543 5234 id
2577 5181 2863 5251 signiﬁcat,
2905 5184 3091 5240 Potius
3117 5186 3370 5243 damnum
3410 5189 3668 5258 patiaris;
3698 5193 3794 5246 vel

2196 5271 2343 5334 illud,
2372 5272 2634 5329 iudicium
2663 5274 2818 5342 ferto,
2847 5292 2912 5332 ac
2935 5279 2979 5332 si
3004 5279 3147 5335 illius
3176 5295 3459 5349 personam
3483 5296 3691 5353 ageres,
3720 5300 3796 5348 ne

2195 5379 2260 5420 ex
2286 5380 2469 5424 amore
2507 5366 2584 5421 tui
2617 5367 2739 5436 jura
2780 5369 2951 5423 violes
2984 5391 2998 5426 :
3027 5370 3122 5427 sed
3161 5371 3229 5427 de
3252 5373 3450 5440 alieno,
3475 5388 3541 5428 ac
3563 5375 3608 5428 si
3637 5383 3792 5430 tuum

2194 5469 2357 5524 esset,
2399 5461 2616 5530 negotio
2639 5461 2966 5527 deliberans,
2989 5463 3061 5517 ita
3084 5465 3404 5520 sententiam
3432 5465 3594 5520 feras.
3628 5466 3793 5532 Quod

2193 5549 2238 5605 si
2263 5550 2467 5619 grande
2494 5551 2623 5606 illud
2646 5561 2750 5618 est,
2783 5570 2850 5607 ne
2878 5554 3110 5610 mireris.
3137 5555 3263 5611 Ideo
3283 5557 3425 5612 enim
3446 5557 3569 5613 illas
3591 5574 3788 5614 omnes

2195 5641 2415 5710 protulit
2457 5641 2836 5707 beatitudines,
2889 5654 2949 5700 ut
2989 5648 3329 5718 complanato
3373 5664 3438 5704 ac
3477 5659 3792 5717 prmparato

2191 5733 2448 5789 auditoris
2490 5734 2705 5798 animo,
2748 5737 3013 5806 aptiorem
3065 5739 3212 5795 illum
3266 5741 3508 5799 efficeret
3555 5747 3626 5802 ad.
3670 5750 3773 5804 has

2194 5839 2381 5883 omnes
2420 5825 2568 5897 leges
2601 5827 2957 5902 recipiendas.
