4050 6364
505 501 841 573 διαφθείρῃς,
893 500 1008 554 ἀλλ’
1043 500 1118 564 ('0;
1150 501 1278 571 περὶ
1303 502 1349 533 ⁴⁸
1392 502 1593 556 οἰκείου
1644 500 1740 554 τοῦ
1797 502 2076 574 ἀλλοτρίου

507 585 886 655 βουλευόμενος
928 583 1288 654 πράγματος,
1336 585 1420 638 ἵνα
1447 587 1492 619 ⁴⁹
1539 584 1746 655 ταύτην
1786 586 2076 654 ἐξενέγκῃς

504 669 602 738 τὴν
627 668 839 737 ψῆφον.
859 667 921 719 EE
948 666 1006 719 δέ
1039 667 1178 736 μέγα
1198 666 1376 731 τοῦτο,
1406 667 1481 738 μὴ
1513 668 1818 740 θαυμάσῃς.
1849 667 1947 721 Διὰ
1965 666 2074 737 γάρ

506 751 661 805 τοῦτο
683 751 891 812 πάντας
935 749 1177 814 ἐκείνους
1205 750 1370 821 ἔθηκε
1399 753 1526 815 τοὺς
1564 751 1966 822 μακαρισμοὺς,
1991 750 2077 803 ἵνα

505 833 804 903 προλεάνας
837 833 934 886 καὶ
959 833 1494 904 προπαρασκευάσας
1543 833 1635 887 τοῦ
1665 832 1931 904 ἀκροατοῦ
1977 832 2074 902 τὴν

501 917 698 988 ψυχὴν,
725 917 1162 986 ἐπιτηδειοτέραν
1182 917 1484 988 ἐργάσηται
1515 919 1649 989 πρὸς
1680 918 1777 988 τὴν
1811 915 2075 988 ὑποδοχὴν

500 1001 599 1068 τῆς
651 997 966 1069 νομοθεσίας
993 997 1194 1070 ταύτης
1233 999 1464 1069 ἁπάσης.

559 1079 648 1135 ια’.
659 1082 814 1145 Τινὲς
832 1080 931 1150 μὲν
945 1076 1038 1134 οὖν
1055 1081 1146 1134 τόν
1162 1081 1403 1134 διάϐολον
1419 1080 1580 1134 αὐτὸν
1595 1081 1926 1135 αίνίττεσθαί
1943 1099 2017 1151 φα
2029 1100 2074 1134 τι

498 1167 563 1233 τῇ
585 1163 677 1216 τοῦ
698 1163 967 1216 ἀντιδίκου
984 1163 1340 1234 προσηγορίᾳ,
1358 1164 1452 1216 καὶ
1475 1162 1718 1216 κελεύειν
1745 1163 1910 1234 μηδὲν
1929 1165 2074 1234 ἔχειν

498 1248 606 1299 τῶν
635 1245 864 1298 ἐκείνουο
885 1244 1042 1297 τοῦτο
1059 1244 1170 1314 γὰρ
1194 1241 1333 1298 εἶναι
1356 1246 1416 1298 τὸ
1435 1245 1644 1298 εὐνοεῖν
1665 1245 1816 1314 αὑτῷ
1833 1261 1845 1275 ’
1870 1245 1946 1308 ὡς
1970 1247 2072 1298 οὐκ

499 1331 615 1382 ἐνὸν
629 1326 978 1380 διαλύσασθαι
999 1330 1137 1397 μετὰ
1157 1330 1254 1400 τὴν
1272 1326 1517 1380 ἐντεῦθεν
1539 1326 1862 1398 ἀπαλλαγὴν
1886 1328 1955 1391 ⁸ο,
1975 1329 2072 1396 τῆς

496 1412 875 1481 ἀπαραιτήτου
889 1411 1073 1464 λοιπὸν
1087 1413 1118 1481 ἡ
1127 1413 1231 1478 μᾶς
1247 1409 1605 1481 ἐκδεχομένης
1619 1410 1908 1474 κολάσεως.
1918 1411 1974 1464 Ἐ
1982 1414 2071 1481 μοὶ

495 1496 553 1548 δὲ
582 1497 708 1566 περὶ
738 1495 846 1550 τῶν
872 1495 1100 1549 ἐνταῦθα
1125 1494 1270 1547 δοκεῖ
1296 1493 1473 1561 λέγειν
1519 1493 1817 1562 δικαστῶν,
1853 1495 1945 1548 καὶ
1969 1497 2070 1564 τῆς

495 1577 588 1630 ἐπὶ
611 1577 670 1630 τὸ
693 1577 1037 1649 δικαστήριον
1056 1575 1196 1634 ὀδοῦ.
1221 1577 1315 1628 καὶ
1340 1575 1432 1628 τοῦ
1457 1575 1830 1646 δεσμωτηρίου
1853 1576 2063 1632 τούτου.

509 1659 726 1732 Ἐπειδὴ
759 1659 867 1732 γὰρ
892 1659 1001 1713 ἀπὸ
1043 1659 1149 1713 τῶν
1176 1658 1521 1729 ὑψηλοτέρων
1552 1659 1807 1729 ἐνέτρεψε
1839 1662 1932 1714 καὶ
1959 1661 2065 1715 τῶν

498 1745 817 1816 μελλόντων,
852 1747 945 1799 καὶ
984 1745 1090 1798 ἀπὸ
1117 1745 1224 1797 τῶν
1254 1747 1311 1797 ἐν
1351 1745 1428 1815 τῷ
1469 1744 1696 1815 παρόντι
1739 1744 1837 1815 βίῳ
1889 1745 2062 1814 φοϐεῖ.

497 1831 676 1902 Ὅπερ
696 1825 789 1882 οῦν
811 1831 905 1881 καὶ
940 1830 968 1882 6
1001 1828 1211 1893 Παῦλος
1237 1827 1548 1900 ἐργάζεται,
1575 1828 1681 1881 ἀπό
1722 1846 1780 1882 τε
1800 1829 1907 1881 τῶν
1939 1832 2066 1901 μελ-

494 1913 715 1977 Mum),
750 1911 858 1966 ἀπό
882 1929 939 1964 τε
961 1912 1068 1964 τῶν
1099 1912 1380 1984 παρόντων
1411 1912 1620 1980 ἐνάγων
1648 1912 1740 1967 τὸν
1767 1915 2061 1986 ἀκροατήν.

493 2000 619 2049 Οίον
635 1996 710 2060 ὡς
727 1996 853 2049 ὅταν
870 1995 1098 2063 ἀπάγων
1120 1994 1336 2058 κακίας,
1353 1995 1445 2047 τὸν
1467 1994 1704 2066 ἄρχοντα
1717 1996 2065 2068 ὁπλιζόμενον

490 2077 711 2152 δεικνύῃ
746 2078 825 2149 τῷ
845 2077 1286 2149 πονηρευομένῳ,
1317 2076 1461 2131 οὕτω
1493 2078 1694 2146 λέγων’
1735 2079 1877 2134 Ἐὰν
1900 2081 1969 2134 δὲ
2002 2083 2066 2136 τό

491 2161 678 2214 κακὸν
711 2158 908 2228 ποιῇς,
938 2159 1126 2229 φοϐοῦ
1151 2175 1164 2189 ·
1198 2163 1269 2214 οὐ
1294 2161 1404 2229 γὰρ
1443 2161 1576 2229 είκῆ
1611 2161 1728 2229 τὴν
1760 2163 2064 2232 μάχαιραν

491 2245 698 2314 φορεῖ·
728 2245 878 2299 Θεοῦ
899 2246 1012 2314 γὰρ
1045 2242 1323 2310 διάκονός
1343 2244 1386 2275 ⁸²
1415 2245 1566 2300 ἐστι.
1604 2247 1714 2300 Καὶ
1758 2248 1917 2301 πάλιν
1943 2249 2066 2302 ὐπο-

489 2329 785 2381 τάσσεσθαι
831 2327 1068 2381 κελεύων
1092 2329 1238 2397 αὐτῷ
1261 2329 1332 2391 ⁵³,
1366 2328 1425 2378 ού
1475 2327 1568 2380 τὸν
1597 2328 1690 2381 τοῦ
1732 2329 1867 2382 Θεοῦ
1900 2332 2063 2398 φόϐον

489 2413 672 2482 τίθησι
707 2412 884 2481 μόνον,
914 2409 1050 2463 ἀλλὰ
1079 2411 1172 2462 καὶ
1199 2409 1298 2479 τὴν
1333 2409 1565 2478 ἀπειλὴν
1593 2410 1691 2480 τὴν
1727 2411 1935 2464 ἐκείνου
1970 2414 2064 2466 καὶ

491 2496 593 2564 τὴν
622 2493 978 2565 κηδεμονίαν·
1023 2493 1270 2560 Ἀνάγκη
1311 2493 1418 2560 γὰρ
1466 2491 1940 2559 ὑποτάσσεσθαι,
1989 2497 2062 2549 οὐ

484 2583 676 2651 μόνον
719 2580 816 2634 διὰ
847 2579 962 2647 τὴν
995 2579 1202 2649 ὀργὴν,
1232 2578 1392 2632 ἀλλὰ
1426 2578 1527 2632 καί.
1572 2578 1670 2632 διὰ
1714 2579 1830 2649 τὴν
1856 2581 2062 2636 συνεί-

489 2667 692 2732 δησιν.
726 2665 863 2728 Τοὺς
890 2665 996 2737 γάρ
1025 2665 1419 2734 ἀλογωτέρους,
1453 2667 1589 2736 ὅπερ
1639 2665 1811 2738 ἔφθην
1868 2668 2059 2735 εἰπὼν,

489 2749 663 2802 ταῦτα
689 2748 885 2819 μᾶλλον
915 2748 1070 2800 εἴωθε
1097 2745 1364 2816 διορθοῦν,
1386 2747 1454 2800 τὰ
1477 2749 1774 2819 φαινόμενα
1799 2753 1890 2804 καὶ
1911 2751 2064 2823 παρὰ

490 2831 678 2895 πόδας.
709 2831 801 2884 Διὸ
837 2830 933 2884 καὶ
958 2833 986 2883 6
1018 2831 1252 2901 Χριστὸς
1284 2830 1344 2882 οὐ
1367 2829 1591 2900 γεέννης
1633 2833 1791 2902 μόνον
1821 2833 2063 2904 ἐμνημό-

489 2930 699 2979 νευσεν,
725 2913 861 2967 ἀλλά
880 2913 975 2966 καί⁵
1001 2912 1373 2982 δικαστηρίου,
1423 2912 1517 2967 καὶ
1545 2915 1845 2985 ἀπαγωγῆς
1875 2917 1943 2981 ⁸³,
1971 2919 2062 2970 καὶ

488 2997 884 3068 δεσμωτηρίου,
918 2995 1132 3065 καὶτῆς
1177 2997 1294 3046 ἐκεῖ
1323 2995 1700 3068 ταλαιπωρίας
1732 2997 1884 3069 [2‘20]
1919 3001 2061 3052 ἀπά-

491 3099 592 3152 σης
621 3120 636 3145 ,
686 3081 775 3135 διὰ
827 3080 1044 3132 πάντων
1093 3077 1299 3131 τούτων
1337 3079 1435 3141 τὰς
1470 3080 1626 3150 ῥίζας
1666 3081 1904 3152 ἀναιρῶν
1961 3083 2055 3136 τοῦ

489 3165 672 3235 φόνου.
706 3165 766 3216 '0
786 3162 894 3234 γὰρ
921 3163 1059 3232 μήτε
1081 3159 1506 3231 λοιδορούμενος,
1535 3164 1670 3234 μήτε
1689 3165 2058 3235 δικαζόμενος,

494 3251 630 3320 μήτε
653 3246 851 3319 ἔχθραν
873 3246 921 3279 ⁸⁸
946 3245 1219 3309 ἐκτείνων,
1253 3243 1371 3307 πῶς
1413 3245 1662 3313 φονεύσει
1700 3249 1870 3316 ποτέ;
1904 3251 2065 3302 Ὥστε

490 3331 780 3386 κάντεῦθεν
802 3329 983 3400 δῆλον,
1011 3330 1100 3382 ὅτι
1139 3329 1197 3379 ἐν
1230 3326 1309 3396 τῷ
1339 3326 1432 3379 τοῦ
1467 3328 1690 3399 πλησίον
1735 3331 2064 3402 συμφέροντι

489 3418 551 3468 τὸ
601 3414 870 3486 ἡμέτερον
911 3415 1087 3466 κεῖται
1119 3409 1417 3481 συμφέρον.
1461 3411 1519 3463 Ὀ
1551 3412 1658 3482 γὰρ
1685 3412 1760 3484 τῷ
1810 3415 2065 3486 ἀντιδίκῳ

497 3499 720 3564 εὐνοῶν,
743 3497 921 3568 πολλῴ
947 3495 1126 3567 μεῖζον
1140 3495 1265 3538 ιδο⁵⁶
1286 3492 1477 3545 ἐαυτὸν
1514 3495 2064 3568 ώφελὴσει,δικαστη-

491 3581 624 3652 ρίων
640 3581 732 3633 καλ⁵
744 3578 1128 3650 δεσμωτηρίων
1143 3577 1347 3647 καὶτῆς
1363 3577 1480 3628 ἐκεῖ
1493 3578 1860 3648 ταλαιπωρίας
1876 3581 2066 3634 ἑαυτὸν

489 3662 866 3718 ἀπαλλάττων.
904 3659 1223 3728 Πειθώμεθα
1260 3661 1438 3716 τοίνυν
1471 3663 1586 3723 τοῖς
1616 3661 1948 3732 λεγομένοις,
1970 3663 2066 3715 καὶ¹

493 3747 570 3816 μὴ
586 3745 990 3813 ἀντιτείνωμεν,
1013 3743 1146 3812 μηδὲ
1163 3744 1694 3816 ἀντιφιλονεικῶμεν·
1715 3745 1946 3816 μάλιστα
1965 3746 2064 3816 μὲν

489 3827 600 3897 γάρ
624 3828 717 3879 καὶ
749 3825 854 3894 πρὸ
886 3824 992 3876 τῶν
1011 3824 1259 3878 ἐπάθλων
1288 3828 1345 3878 ἐν
1372 3828 1583 3890 ἑαυτοῖς
1610 3826 1722 3896 ἔχει
1748 3826 1844 3897 τὴν
1869 3827 2064 3898 ἡδονὴν

491 3910 588 3963 καὶ
618 3909 716 3979 τὴν
753 3907 1016 3976 ὠφέλειαν
1047 3907 1114 3960 τὰ
1151 3908 1501 3980 ἐπιτάγματα
1538 3908 1732 3963 ταῦτα.
1772 3910 1836 3962 Εἰ
1864 3909 1923 3962 δέ
1952 3914 2066 3975 τοῖς

491 3993 708 4054 πολλοῖς
741 3989 954 4060 ἐπαχθῆ
983 3985 1120 4043 εἶναι
1146 3989 1313 4053 δοκεῖ,
1357 3993 1451 4044 καὶ
1476 3992 1642 4045 πολὺν
1668 3991 1928 4064 παρέχειν
1973 3993 2066 4047 τὸν

491 4075 654 4128 πόνον
677 4114 692 4138 ,
738 4075 989 4142 ἐννόησον
1029 4072 1110 4123 ὅτι
1141 4071 1229 4124 διὰ
1255 4073 1345 4126 τὸν
1379 4074 1611 4144 Χριστὸν
1652 4074 1825 4128 ταῦτα
1859 4081 2062 4142 ποιεῖς,

493 4157 590 4211 καὶ
635 4157 698 4209 τὸ
729 4155 970 4226 λυπηρὸν
999 4153 1152 4206 ἔσται
1190 4154 1310 4224 ἡδύ.
1351 4155 1478 4210 Ἐάν
1517 4157 1624 4227 γὰρ
1668 4157 1759 4212 τὸν
1807 4159 2065 4232 λογισμὸν

491 4240 677 4295 τοῦτον
701 4239 913 4310 ἔχωμεν
937 4237 1229 4301 διαπαντὸς
1257 4277 1272 4300 ,
1295 4239 1508 4303 οὐδενὸς
1537 4241 1908 4312 πειρασόμεθα
1935 4261 2067 4317 φορ-

495 4322 675 4388 τικοῦ,
710 4323 844 4376 ἀλλά
871 4320 1068 4392 πολλὴν
1092 4321 1356 4374 πάντοθεν
1399 4323 1800 4394 καρπωσόμεθα
1835 4325 1931 4395 τὴν
1952 4327 2068 4397 ἡδο-

491 4409 609 4478 νήν.
639 4406 697 4459 '0
717 4405 826 4476 γὰρ
855 4405 1013 4466 πόνος
1038 4404 1219 4457 οὐκέτι
1248 4404 1406 4467 πόνος
1427 4408 1692 4474 φανεῖται,
1715 4406 1830 4459 ἀλλ’
1845 4408 2061 4480 ὅσῳπερ

489 4488 558 4542 ἂν
574 4487 927 4558 ἐπιτείνηται,
942 4486 1179 4558 τοσούτῳ
1197 4487 1524 4559 γλυκύτερος
1543 4491 1635 4542 καὶ
1650 4489 1814 4560 ἡδίων
1829 4490 2057 4558 γίνεται.

566 4572 732 4623 Ὅταν
779 4570 954 4624 τοίνυν
1001 4570 1236 4641 ἐπιμένῃ
1271 4573 1304 4640 ἡ
1354 4572 1612 4643 συνήθειά
1655 4590 1713 4625 σε
1744 4573 1852 4626 τῶν
1877 4575 2060 4630 κακῶν

492 4653 848 4724 γοητεύουσά,
869 4653 964 4706 καὶ
990 4656 1023 4723 ἡ
1043 4655 1149 4708 τῶν
1164 4672 1268 4726 χρη
1278 4654 1461 4726 μάτων
1480 4657 1762 4728 ἐπιθυμία,
1781 4660 2064 4731 ἀντιστρά-

490 4753 683 4792 τευσον
732 4738 870 4807 αὐτῇ
911 4737 1003 4790 τὸν
1031 4736 1290 4809 λογισμὸν
1319 4741 1528 4794 ἐκεῖνον
1556 4740 1648 4794 τὸν
1683 4740 1940 4809 λέγοντα,
1977 4746 2061 4798 ότι

490 4819 657 4873 πολὺν
690 4817 972 4889 ληψόμεθα
1006 4820 1097 4872 τὸν
1139 4820 1349 4890 μισθὸν,
1382 4821 1481 4890 τῆς
1520 4825 1854 4896 προσκαίρου
1891 4843 2062 4880 κατα-

491 4902 858 4974 φρονήσαντες
887 4901 1106 4972 ἡδονῆς·
1133 4903 1226 4956 καὶ
1246 4904 1368 4956 εἰπὲ
1395 4904 1532 4974 πρὸς
1562 4905 1662 4977 τὴν
1674 4905 1880 4979 ψυχήν·
1912 4910 2060 4964 Πάνυ

491 4983 536 5015 ³⁷
561 4985 812 5054 ἀθυμεῖς,
839 4985 920 5037 ὅτι
944 5000 1004 5035 σε
1031 4983 1226 5054 ἡδονῆς
1249 4985 1536 5056 ἀποστερῶ
1563 5003 1577 5052 ;
1607 4987 1722 5041 ἀλλ’
1745 4991 2060 5060 εὐφραίνου,

489 5069 573 5122 ὅτι
603 5084 684 5121 σοι
710 5068 802 5120 τὸν
819 5066 1046 5137 οὐρανὸν
1069 5067 1333 5138 προξενῶ.
1363 5067 1440 5125 Οὐ
1465 5069 1530 5122 δι’
1552 5071 1836 5141 ἄνθρωπον
1865 5077 2059 5140 ποιεῖς,

490 5152 626 5205 ἀλλὰ.
659 5151 746 5204 διά
777 5151 868 5204 τὸν
896 5151 1049 5206 Θεόν.
1090 5152 1346 5222 Ἀνάσχου
1369 5151 1546 5207 τοίνυν
1574 5157 1788 5228 μικρὸν,
1823 5158 1919 5211 καὶ
1943 5159 2061 5229 ὄψει

490 5236 552 5288 τὸ
573 5236 756 5308 κέρδος
785 5236 990 5304 ἡλίκονο
1019 5235 1355 5306 καρτέρησον
1378 5237 1520 5291 κατά
1542 5241 1633 5292 τὸν
1665 5241 1906 5310 παρόντα
1923 5239 2058 5312 βίον,

491 5318 586 5372 καὶ⁵
617 5318 766 5391 λήψῃ
792 5317 1104 5390 παρρησίαν
1131 5319 1354 5387 ἄφατον.
1392 5323 1489 5373 Ἂν
1527 5321 1636 5392 γὰρ
1667 5323 1890 5378 τοιαῦτα
1922 5327 2059 5399 αὐτῇ

489 5403 885 5473 διαλεγώμεθα.
910 5405 1003 5456 καί
1026 5401 1101 5473 μὴ
1119 5402 1279 5473 μόνον
1301 5403 1360 5456 τὸ
1385 5406 1638 5474 φορτικὸν
1666 5408 1935 5479 ἐννοῶμεν
1958 5410 2062 5480 τῆς

489 5488 710 5557 ἀρετῆς,
730 5487 864 5541 ἀλλά
888 5486 1092 5539 καὶτὸν
1121 5484 1182 5549 ἐξ
1212 5485 1380 5556 αὐτῆς
1405 5487 1749 5559 λογιζώμεθα
1771 5493 2055 5562 στέφανον,

559 5580 607 5654 ιε
644 5581 719 5654 ᾡς
753 5577 1015 5654 3596111);
1036 5579 1282 5654 _61:ép_A.
1314 5578 1378 5632 C.
1409 5577 1597 5654 ὥσπερ
1621 5580 1689 5654 Ε.
1721 5594 1774 5638 ει
1803 5600 1886 5654 pr.
1923 5586 1984 5638 D.

491 5651 536 5683 ιο
565 5647 870 5722 ἀποδημίαν
891 5647 1251 5722 Ερτ-ξενζ-ἱιι
1290 5664 1425 5722 οισι.

1257 383 1315 441 S.
1355 383 1638 440 JOANNIS
1676 383 2182 441 CHRYSOSTOMI‘
2205 385 2522 442 ARCHIEP.
2561 383 3107 441 CONSTANTINOP.

3641 384 3750 441 ΞΜ

2179 502 2392 571 ταχέως
2413 501 2584 572 αὐτὴν
2608 502 2805 564 κακίας
2829 501 3214 571 ἀποστήσομεν
3241 500 3477 572 ἀπάσης.
3503 500 3688 573 Είγάρ
3718 502 3750 553 6

2177 584 2442 648 διάϐολος,
2468 583 2683 647 δεικνὺς
2702 583 2765 636 τὸ
2795 583 2892 655 μὲν
2930 584 3028 653 ἡδὺ
3073 581 3429 654 πρόσκαιρον,
3462 581 3524 636 τὸ
3539 583 3605 636 .δέ
3632 583 3752 637 ὀδυ-

2177 667 2340 736 νηρὸν
2367 667 2634 737 διηνεκὲς,
2663 667 2812 736 ὅμως
2862 665 3035 735 ίσχύει
3068 666 3163 718 καὶ
3187 665 3526 736 περιγίνεται
3549 681 3565 696 ο
3620 667 3768 718 ὅταν.

2177 750 2547 820 ἀντιστρόφως
2565 751 2691 820 παρ’
2707 752 2844 819 ἡμῖν
2860 749 3033 802 ταῦτα
3048 749 3269 818 γένηται
3281 749 3344 810 ⁵⁸,
3357 748 3420 800 τὸ
3441 749 3536 817 μὲν
3558 748 3752 801 ἐπίπο-

2177 851 2286 894 νον,
2302 833 2656 903 πρόσκαιρον,
2669 833 2731 884 τὸ
2749 832 2805 884 δέ
2823 832 2920 902 ἡδὺ
2946 834 3039 884 καὶ
3060 834 3346 902 χρήσιμον,
3363 831 3651 893 ἀθάνατον,
3665 831 3752 894 τίς

2175 918 2306 986 ἡμῖν
2334 917 2484 969 ἔσται
2511 917 2556 948 ⁸⁸
2584 916 2740 984 λόγος
2772 915 2844 986 μὴ
2875 915 3145 984 μετιοῦσιν
3167 915 3363 986 ἀρετὴν
3397 914 3537 984 μετὰ
3557 913 3754 968 τοσαύ-

2175 1015 2274 1069 την
2301 1016 2450 1069 παρα
2457 999 2678 1070 μυθίανς
2704 1000 2890 1070 Ἀρκεῖ
2908 998 3015 1070 γὰρ
3033 1001 3166 1070 ἡμῖν
3189 999 3309 1052 ἀντὶ
3331 999 3549 1051 πάντων
3579 999 3612 1068 ἡ
3637 999 3751 1051 τῶν

2177 1082 2351 1134 πόνων
2379 1082 2653 1145 ὑπόθεσις,
2678 1082 2774 1135 καὶ
2806 1082 2865 1134 τὸ
2903 1081 3195 1135 πεπεῖσθαι
3222 1081 3408 1151 σαφῶς
3436 1082 3517 1133 ὅτι
3546 1081 3633 1134 διὰ
3657 1082 3752 1133 τὸν

2175 1164 2306 1216 Θεὸν
2351 1165 2691 1234 ὑπομένομεν
2718 1165 2889 1217 ταῦτα
2928 1164 3124 1217 πάντα.
3163 1165 3225 1216 Εί
3260 1164 3369 1234 γὰρ
3401 1164 3492 1217 τὸν
3525 1163 3754 1233 βασιλέα

2174 1246 2312 1316 ἔχων
2342 1263 2424 1309 τις
2453 1246 2757 1316 ὀφειλέτην,
2789 1245 3065 1318 ἀρκοῦσαν
3096 1247 3174 1309 εἰς
3214 1247 3390 1300 πάντα
3415 1247 3624 1317 νομίζει
3657 1248 3752 1299 τὸν

2175 1329 2286 1398 βίον
2315 1329 2614 1404 ἀσφάλειαν
2642 1330 2818 1401 ἔχειν·
2851 1331 3101 1402 ἐννόησον
3131 1331 3314 1401 ἡλίκος
3344 1330 3496 1384 ἐσται
3525 1332 3574 1363 σθ
3599 1333 3626 1383 6
3656 1331 3753 1384 τὸν

2174 1410 2555 1482 φιλάνθρωπον
2602 1415 2694 1465 καὶ
2749 1413 2838 1465 ἀεὶ
2877 1411 3054 1476 ζῶντα
3085 1412 3216 1465 Θεὸν
3253 1414 3348 1466 καὶ
3395 1413 3610 1484 μικρῶν
3653 1414 3754 1466 καλ⁵

2177 1496 2425 1564 μεγάλων
2461 1495 2901 1566 κατορθωμάτων
2943 1495 3218 1567 χρεώστην
3254 1497 3432 1567 ἐαυτῴ
3474 1498 3753 1567 καταστή-

2174 1594 2292 1639 σας.
2316 1578 2408 1646 Mi;
2457 1580 2632 1631 τοίνυν
2661 1578 2960 1648 προϐάλλων
2995 1597 3084 1648 μοι
3128 1581 3318 1642 πόνους
3355 1581 3446 1632 καὶ
3481 1579 3711 1645 ἱδρῶτας
3735 1594 3749 1608 ⁸

2169 1661 2292 1714 οὖδέ
2321 1661 2434 1732 γΞιρ
2471 1665 2538 1732 τῇ
2571 1662 2679 1715 τῶν
2726 1661 3026 1731 μελλόντων
3061 1662 3234 1715 ἐλπίδι
3272 1663 3454 1733 μόνον,
3486 1661 3621 1716 άλλά
3651 1662 3751 1716 καὶ

2171 1743 2344 1814 ἑτέρῳ
2385 1744 2571 1814 τρόπῳ
2609 1742 2817 1813 κούφην
2863 1744 2961 1814 τὴν
2995 1745 3196 1815 ἀρετὴν
3243 1744 3498 1817 ἐποίησεν
3534 1748 3561 1799 6
3591 1746 3746 1809 Θεὸς,

2173 1827 2645 1896 συνεφαπτόμενος
2677 1828 2807 1896 ἡμῖν
2838 1828 3110 1896 πανταχοῦ
3137 1829 3230 1880 καὶ
3256 1829 3751 1900 συναντιλαμϐανό-

2170 1926 2350 1978 μενος.
2386 1908 2504 1962 Κάν
2535 1909 2798 1980 βουληθῇς
2835 1911 2992 1980 μόνον
3025 1910 3210 1980 ὀλίγην
3245 1914 3574 1980 εἰσενεγκεῖν
3608 1929 3748 1985 προ-

2168 1993 2393 2063 θυμεαν,
2422 1991 2491 2046 τά
2531 1991 2667 2046 ἄλλα
2701 1993 2876 2046 πάντα
2907 1993 3116 2046 ἕπεται.
3146 1993 3243 2047 Διά
3278 1996 3385 2064 γὰρ
3421 1995 3576 2048 τοῦτο
3615 1994 3747 2065 βού-

2164 2076 2316 2130 λεται
2355 2077 2446 2130 καὶ
2473 2076 2532 2128 σέ
2576 2075 2746 2146 μικρά
2784 2080 2984 2139 πονεῖν,
3018 2078 3102 2130 ἵνα
3134 2078 3228 2130 καὶ
3255 2079 3322 2148 σὴ
3354 2081 3386 2146 ἡ
3429 2079 3551 2147 νίκη
3579 2080 3748 2148 γένη-

2164 2176 2270 2213 ται.
2304 2158 2457 2232 ί221]
2500 2161 2610 2213 Καὶ
2638 2158 2888 2229 καθάπερ
2938 2159 3190 2228 βασιλεὺς
3230 2160 3474 2230 βούλεται
3509 2162 3608 2232 μὲν
3647 2162 3748 2216 τὸν

2165 2242 2360 2295 ἑαυτοῦ
2386 2242 2551 2295 παῖδα
2573 2243 2827 2312 παρεῖναι
2853 2242 2944 2295 ἐπὶ
2974 2243 3070 2312 τῆς
3104 2245 3476 2314 παρατάξεως,
3502 2245 3598 2298 καὶ
3617 2244 3750 2313 φαί-

2164 2342 2377 2388 vsa-Jan,
2401 2324 2540 2377 ὥστε
2568 2325 2717 2395 αύτῷ
2745 2324 3056 2394 λογισθῆναι
3077 2326 3137 2378 τὸ
3163 2327 3442 2396 τρόπαιον,
3463 2328 3524 2381 τὸ
3547 2329 3605 2381 δέ
3634 2331 3747 2382 πᾶν

2161 2409 2325 2470 αὐτὸς
2360 2408 2512 2461 ἀνύει
2533 2425 2547 2439 ·
2577 2407 2719 2461 οὕτω
2747 2410 2841 2461 καὶ
2859 2411 2887 2461 6
2910 2408 3040 2472 Θεὸς
3063 2411 3120 2461 ἐν
3147 2409 3224 2479 τῷ
3249 2410 3467 2481 πολέμῳ
3495 2411 3572 2482 τῷ
3597 2412 3749 2466 κατά

2161 2492 2254 2543 τοῦ
2281 2491 2529 2544 διαϐόλου
2564 2493 2724 2547 ποιεῖ.
2754 2493 2848 2544 Ἓν
2871 2493 2977 2563 γὰρ
3004 2493 3224 2545 ἀπαιτεῖ
3250 2494 3400 2565 παρά
3431 2493 3524 2547 σοῦ
3556 2495 3742 2564 μόνον,

2161 2573 2302 2626 ὥστε
2333 2575 2532 2645 ἐχθράν
2560 2573 2696 2644 πρὸς
2720 2575 2926 2627 ἐκεῖνον
2952 2575 3317 2648 ἐπιδείξασθαι
3347 2575 3576 2648 γνησίαν
3595 2594 3608 2609 ’
3635 2577 3756 2631 κᾶν.

2159 2657 2327 2710 ταῦτα
2360 2657 2509 2728 αὐτῷ
2543 2658 2852 2729 παράσχῃς,
2879 2659 3039 2722 αὐτὸς
3068 2660 3246 2714 πάντα
3272 2659 3424 2714 ἀνύει
3452 2661 3543 2714 τὸν
3576 2662 3743 2715 πόλε-

2164 2757 2280 2808 μον.
2304 2741 2425 2794 Κᾶν
2445 2741 2582 2812 ὀργὴ
2606 2743 2648 2774 ⁶¹
2670 2741 2862 2813 φλέγῃ,
2885 2741 2984 2796 κᾶν
3005 2744 3301 2813 χρημάτων
3324 2743 3606 2815 ἐπιθυμία,
3635 2746 3746 2798 κᾶν

2159 2824 2338 2877 ὁτιοῦν
2369 2824 2552 2896 ἕτερον
2573 2824 2742 2889 πάθος
2769 2827 3106 2897 τυραννικὸν,
3126 2829 3482 2899 παραγίνεται
3508 2829 3750 2900 ταχέως,

2162 2906 2228 2959 ἂν
2287 2906 2374 2978 ἴδῃ
2413 2923 2471 2958 σε
2507 2907 2664 2977 μόνον
2713 2909 2852 2979 πρὸς
2884 2910 3044 2962 αὑτὸν
3080 2910 3443 2980 ἀποδυόμενον
3476 2912 3571 2964 καὶ
3597 2929 3749 2982 παρ-

2160 2991 2560 3060 εσκευασμένον
2578 2991 2645 3056 ⁸⁸,
2663 2993 2757 3046 καὶ
2780 2993 2938 3063 ῥᾴδια
2961 2995 3136 3048 πάντα
3166 2998 3328 3061 ποιεῖ,
3359 2995 3450 3049 καὶ
3467 2996 3751 3066 ἀνώτερον

2167 3075 2346 3145 ἵστησι
2366 3079 2468 3146 τῆς
2487 3075 2705 3145 φλογὸς,
2726 3075 2979 3148 καθάπερ
3000 3079 3126 3142 τοὺς
3147 3079 3341 3142 παῖδας
3359 3078 3479 3132 τότε
3502 3081 3748 3146 ἐκείνους

2165 3159 2258 3208 ἐπὶ
2285 3157 2388 3227 τῆς
2421 3157 2763 3221 Βαϐυλωνίας
2791 3161 3022 3230 καμίνου
3041 3179 3054 3193 ·
3087 3162 3180 3215 καὶ
3209 3162 3317 3234 γὰρ
3356 3165 3552 3217 ἐκεῖνοι
3581 3164 3760 3218 πλέον

2164 3241 2314 3294 οὐδὲν
2337 3242 2440 3311 τῆς
2468 3242 2691 3313 γνώμης
2719 3245 3063 3314 εἰσήνεγκαν.
3092 3245 3188 3299 Ἵν’
3218 3241 3311 3299 οῦν
3332 3248 3426 3301 καὶ
3449 3236 3488 3319 ’ἡ
3499 3249 3618 3318 μεῖς
3637 3250 3750 3301 πᾶ.-

2168 3341 2266 3378 σαν
2305 3326 2533 3395 κάμινον
2562 3326 2756 3397 ἡδονῆς
2785 3327 3021 3381 ἀτάκτου
3060 3329 3461 3392 καταλύσαντες
3490 3331 3760 3398 ἐνταῦθα,

2164 3407 2262 3479 τὴν
2293 3409 2412 3461 ἐκεῖ
2455 3408 2808 3480 διαφύγωμεν
2843 3411 3091 3478 γέενναν,
3132 3411 3306 3465 ταῦτα
3351 3414 3471 3466 καθ’
3506 3415 3750 3486 ἑκάστην

2165 3491 2377 3562 ἡμέραν
2403 3493 2500 3544 καὶ
2521 3492 2903 3564 βουλευώμεθα
2939 3495 3035 3548 καὶ
3058 3498 3413 3569 μεριμνῶμεν
3448 3501 3544 3552 καὶ
3569 3502 3752 3571 πράτ-

2165 3592 2366 3645 τωμεν,
2398 3578 2465 3648 τῇ
2497 3593 2556 3628 τε
2587 3578 2718 3648 περὶ
2749 3578 2817 3631 τά
2855 3579 3036 3647 ἀγαθά
3066 3581 3320 3652 προθέσει
3353 3583 3447 3636 καὶ
3477 3586 3598 3646 ταῖς
3640 3603 3754 3639 πυ,-

2166 3661 2318 3720 κναῖς
2341 3658 2526 3728 εὐχαῖς
2550 3659 2644 3712 τοῦ
2669 3660 2804 3713 Θεοῦ
2827 3662 2923 3732 τὴν
2947 3661 3158 3717 εὔνοιαν
3181 3665 3568 3737 ἐπισπώμενοι.
3587 3667 3762 3722 Οὕτω.

2164 3739 2274 3811 γὰρ
2305 3742 2401 3794 καὶ
2433 3742 2504 3794 τὰ
2523 3741 2785 3796 δοκοῦντα
2811 3745 3062 3815 ἀφόρητα
3086 3743 3224 3801 εἷναι
3252 3747 3366 3810 νῦν,
3391 3751 3562 3820 ῥᾷστα
3590 3751 3754 3804 ista:

2165 3825 2261 3878 καὶ
2297 3825 2474 3904 κοῦφα
2505 3827 2602 3880 καὶ
2629 3827 2926 3899 ἐπέραστα.
2947 3831 3092 3893 Ἕως
3126 3831 3224 3901 μὲν
3254 3832 3362 3904 γὰρ
3394 3834 3460 3887 ἂν
3483 3833 3529 3864 ⁸³
3548 3836 3606 3888 ἐν
3632 3839 3755 3898 τοῖς

2166 3907 2394 3962 πάθεσιν
2416 3903 2590 3988 ῶμεν,
2617 3914 2877 3981 τραχεῖαν
2899 3913 2994 3965 καὶ
3013 3912 3266 3967 δύσκολον
3298 3903 3392 3969 καὶ
3416 3916 3619 3988 ἀνάντη
3649 3918 3758 3988 τὴν.

2165 3991 2364 4062 ἀρετὴν
2385 3987 2524 4046 εῖναι
2543 3993 2858 4064 νομίζομεν,
2879 3994 2978 4065 τὴν
3003 3995 3058 4048 δέ
3079 3997 3275 4050 κακίαν
3303 3998 3554 4070 ποθεινὴν
3576 3987 3670 4054 καὶ
3699 3987 3751 4031 ⁶⁵

2166 4073 2416 4145 ἡδίστηνο
2444 4076 2509 4128 ἂν
2543 4075 2600 4128 δὲ
2639 4077 2834 4147 μικρὸν
2861 4077 3187 4148 ἀποστῶμεν
3223 4080 3444 4148 τούτων,
3480 4084 3600 4136 τότε
3639 4086 3745 4137 κά-

2165 4158 2321 4228 κείνη
2343 4162 2591 4227 φανεῖται
2625 4160 2855 4232 βδελυρά
2881 4161 2974 4214 καὶ
3002 4161 3265 4234 δυσειδὴς,
3297 4167 3387 4218 καὶ
3411 4165 3552 4236 αὕτη
3584 4168 3764 4240 ῥᾳδία-

2165 4241 2260 4294 καὶ
2289 4241 2508 4305 εὔκολος
2537 4243 2632 4296 καὶ¹
2653 4242 2894 4314 ποθεινὴ.
2914 4245 3022 4298 Καὶ
3045 4244 3216 4299 ταῦτα
3238 4249 3302 4301 ἐκ
3316 4249 3422 4300 τῶν
3450 4250 3750 4322 κατωρθω-

2165 4327 2340 4378 κότων
2367 4326 2482 4379 ἐστι
2511 4326 2696 4396 σαφῶς
2715 4327 2924 4396 μαθεῖν.
2951 4329 3218 4382 ’Ἄκουσον
3247 4331 3378 4398 γοῦν
3404 4333 3521 4397 πῶς
3538 4336 3567 4388 6
3595 4334 3749 4390 Παῦ-

2166 4407 2257 4472 λος
2285 4410 2467 4463 ἐκεῖνα
2505 4411 2604 4480 μὲν
2643 4411 2739 4464 καὶ
2774 4412 2913 4482 μετὰ
2945 4413 3043 4483 τὴν
3079 4414 3403 4488 ἀπαλλαγὴν
3425 4417 3748 4488 αἰσχύνεται

2165 4493 2339 4561 λέγων
2358 4510 2372 4524 ο
2420 4494 2559 4548 Τίνα
2581 4494 2691 4565 γὰρ
2725 4497 2957 4564 καρπὸν
2989 4499 3181 4567 εἴχετε
3208 4500 3362 4562 τότε,
3389 4501 3482 4570 ἐφ’
3505 4499 3597 4569 οἷς
3627 4502 3750 4558 νῦν

2166 4575 2609 4645 ἐπαισχύνεσθε
2633 4594 2652 4641 ;
2675 4577 2881 4650 ταύτην
2910 4580 2968 4634 δέ
3007 4581 3102 4634 καὶ
3138 4584 3274 4653 μετά
3301 4583 3393 4638 τὸν
3423 4585 3583 4639 πόνον
3612 4587 3747 4639 κού-

2168 4677 2276 4731 φην
2307 4655 2446 4715 εἷναί
2476 4678 2630 4731 φησι,
2651 4662 2715 4715 τὸ
2749 4663 3004 4718 ἐπίπονον
3031 4665 3131 4736 τῆς
3169 4665 3400 4737 θλίψεως
3427 4672 3749 4738 παραυτίκα

2168 4746 2262 4798 καὶ
2285 4744 2522 4816 ἐλαφρὸν
2550 4747 2729 4800 καλῶν
2751 4749 2818 4812 ⁸⁸,
2847 4749 2943 4801 καὶ
2967 4748 3173 4820 χαίρων
3199 4753 3257 4804 ἐν
3287 4755 3402 4815 τοῖς
3438 4753 3744 4825 παθήμασι,

2167 4828 2256 4882 καὶ
2290 4829 2658 4901 ἀγαλλόμενος
2693 4832 2754 4885 ἐν
2792 4825 3180 4903 ταῖςθλίψεσι,
3216 4835 3311 4888 καὶ
3353 4837 3496 4906 μέγα
3530 4840 3750 4910 φρονῶν

2165 4911 2260 4965 ἐπὶ
2284 4915 2398 4976 τοῖς
2425 4914 2687 4985 στίγμασι
2704 4916 2819 4979 τοῖς
2836 4914 2925 4968 διὰ
2948 4917 3208 4988 Χριστόν.
3233 4917 3330 4972 Ἵν¹
3347 4914 3440 4973 οὖν
3472 4922 3750 4993 καὶὴμεῖς

2166 4997 2224 5049 ἐν
2255 4996 2427 5070 ταύτῃ
2463 4999 2825 5071 καταστῶμεν
2854 5003 2922 5072 τῇ
2950 4999 3083 5067 ἕξει,
3122 5004 3235 5066 τοῖς
3263 5003 3573 5075 εἰρημένοις
3619 5005 3747 5060 καθ’

2165 5079 2403 5151 ἐκάστην
2449 5082 2662 5154 ἡμέραν
2708 5085 2934 5148 ἐαυτοὺς
2979 5083 3331 5156 ῥυθμίζοντες
3367 5087 3451 5153 ⁸⁸,
3504 5087 3748 5143 καὶτῶν

2164 5161 2385 5218 ὄπισθεν
2401 5164 2899 5238 ἐπ;λανθανόμενοι,
2919 5166 3057 5238 πρὸς
3081 5166 3140 5220 δέ
3159 5167 3225 5220 τὰ
3243 5167 3551 5240 ἔμπροσθεν
3575 5172 3748 5224 ἐπεκ-

2165 5246 2481 5324 τεινόμενοι,
2493 5247 2774 5318 διώκωμεν
2786 5249 2878 5303 ἐπὶ
2895 5249 2956 5302 τὸ
2972 5249 3220 5321 βραϐεῖον
3232 5251 3332 5322 τῆς
3348 5251 3459 5305 ἄνω
3475 5252 3572 5324 κλὴ
3582 5270 3742 5318 σεως’

2165 5321 2227 5381 οῦ
2247 5330 2455 5397 γένοιτο
2483 5331 2690 5394 πάντας
2715 5333 2857 5403 ἡμᾶς
2883 5334 3178 5403 ἐπιτυχεῖν,
3205 5321 3389 5406 χάριτι
3425 5336 3517 5390 καὶ
3549 5321 3744 5406 φιλαν-

2169 5410 2383 5484 θρωπίᾳ
2418 5413 2512 5467 τοῦ
2545 5415 2748 5485 Κυρίου
2777 5415 2934 5486 ἡμῶν
2982 5416 3157 5487 Ἰησοῦ
3195 5418 3456 5488 Χριστοῦ,
3477 5413 3522 5486 ᾧ
3549 5422 3583 5491 ἡ
3611 5421 3747 5488 δόξα,

2166 5497 2260 5548 καὶ
2290 5495 2351 5548 τὸ
2371 5498 2571 5568 κράτος
2590 5499 2668 5561 είς
2689 5499 2812 5560 τοὺς
2829 5499 3031 5561 αἰῶνας
3061 5499 3171 5554 τῶν
3199 5502 3432 5555 αἰώνων.
3476 5504 3671 5576 Ἀμήν.

2083 5589 2128 5621 δ’
2149 5588 2396 5666 ἕνεκ’-ορ.
2443 5587 2522 5666 ἢ..
2540 5589 2615 5666 F._
2632 5589 2725 5666 ἵνα
2741 5589 2840 5666 τὴν
2874 5590 3171 5666 ,αὖῖὴν-έξι
3207 5593 3414 5666 μέλλον
3441 5595 3621 5666 Ψῆφον
3667 5598 3737 5654 Α·-

1542 5652 1588 5682 ⁸⁸
1612 5652 1878 5732 διάκονος]
1908 5656 2118 5732 ἔκδικος
2337 5657 2419 5732 F._
2477 5659 2522 5732 ξ’
2557 5659 2725 5732 αὐτῷ]
2755 5652 2919 5714 αὖτόν
2951 5652 3020 5713 AI
3044 5661 3105 5718 B.
3131 5652 3300 5732 E.
3373 5666 3395 5697 ⁵

3400 5665 3421 5740 ἲ
3445 5665 3740 5740 “Evt-mh;

492 5739 512 5770 ε
543 5717 909 5802 οωροέσζρςεπηε
1125 5738 1144 5770 ι
1178 5718 1399 5802 Μοιιιεί.
1433 5721 1733 5802 ἀπαγωγῆς
1755 5717 2064 5802 οιιίὑεε-ηιο

2170 5727 2419 5802 ξέχθραν]
2441 5731 2541 5802 τὴν
2554 5717 2754 5802 ἐχθροῖν
2770 5732 2832 5802 Ε.
2885 5733 3031 5802 7‘5"“
3059 5717 3467 5802 μείζοναῨΕιίιΙξ
3483 5717 3576 5769 μέθ’
3592 5717 3741 5792 πάῦῦ

487 5803 601 5842 om.
627 5787 690 5841 Β.
942 5788 1269 5860 ⁸ζγένηςεαι]
1294 5787 1642 5859 φαίνηταιυ.

489 5825 1169 5929 Ε”ξτέῥαῖἐνῖἰεαιειίιῖἶί

1181 5795 1269 5880 [αι]
1294 5795 1642 5880 φιαῐνηταερ.
1752 5796 1798 5826 ⁸⁹
1817 5795 2021 5880 ἐστινξ.

2166 5795 2311 5880 ἐστίν
2340 5795 2477 5854 Edd.
2496 5795 2507 5800 ’
2555 5795 2751 5880 Τόργῇ
2782 5801 3024 5880 ει
3052 5795 3135 5880 by.
3263 5804 3572 5880 φλεγμαίνῃ
3599 5819 3653 5863 ει
3679 5825 3737 5878 ρ.

1179 5861 1250 5942 _id.
1274 5860 1463 5942 egi-got.
1539 5861 1582 5892 ⁶²
1606 5866 2064 5942 παρασκευαζόμε

2177 5869 2238 5922 Β.
2264 5860 2787 5942 παρασκευασμένόν
2805 5871 2926 5942 (sic)
2954 5869 3018 5925 F.

3108 5875 3357 5948 erpa_xa1
3390 5875 3747 5948 παρεσκευαε

490 5926 691 6008 σμένον
721 5926 922 5981 desunt
954 5928 1009 5982 in
1039 5928 1107 5980 A.
1144 5929 1209 5982 Ο.
1284 5928 1330 5959 ⁸³
1349 5928 1416 5981 ἄν
1446 5945 1558 6001 om.
1591 5935 1656 5986 A.
1689 5926 1752 5987 B.
1772 5945 1825 5990 et
1851 5926 2032 6004 prfli.

493 5996 724 6062 θλίψεως
748 5996 839 6050 καὶ
862 5997 922 6050 τὸ
947 5997 1201 6051 ἐπίπονον
1249 5997 1479 6062 ἐλαφρὸν
1516 6002 1712 6058 καλῶν.
1819 6008 1864 6037 εδ
1894 6007 2064 6062 ῥυθμί

2184 5938 2306 6062 mg
2340 5926 2401 5992 τε
2427 5941 2520 5993 κοί
2549 5926 2641 5995 Ι).’
2688 5942 2734 5974 ⁸⁵
2766 5926 2858 5997 δίε
2895 5926 2960 5997 Ᾰ.
3000 5926 3740 6022 (πεδιέὲῖ

2166 6025 2243 6062 ιεν
2315 6049 2327 6062 .
2351 6025 2404 6062 ι).
2434 6027 2484 6062 ι).
2521 6013 2738 6062 καὶτῶν
2772 6013 2866 6062 μὲν
2905 6011 3125 6062 ὄπισθεν
3153 6013 3287 6062 Edd-

493 5996 724 6068 θλίψεως
748 5996 839 6050 καὶ
862 5997 922 6050 τὸ
947 5997 1201 6051 ἐπίπονον
1249 5997 1479 6069 ἐλαφρὸν
1516 5999 1712 6058 καλῶν.
1819 5996 1864 6037 δέ
1893 6007 2243 6079 ρυθμίζωμεν

2315 6049 2327 6062 .
2350 6025 2404 6079 ιι.
2434 6027 2484 6079 p.
2521 6013 2738 6070 καὶτῶν
2770 6013 2866 6080 μέν
2905 6011 3125 6066 ὄπισθεν
3153 6013 3288 6071 Edd.
