  <div class='ocr_page' id='page_1' title='image "/cluster/home/n/w/nwhite01/storage/ocr_20150623/57/nnc1.0046980075/180.png"; bbox 0 0 4050 6364; ppageno 0'>
   <div class='ocr_carea' id='block_1_1' title="bbox 338 368 437 423">
    <p class='ocr_par' dir='ltr' id='par_1_1' title="bbox 338 368 437 423">
     <span class='ocr_line' id='line_1_1' title="bbox 338 368 437 423; baseline 0.02 -2"><span class='ocrx_word' id='word_1_1' title='bbox 338 368 437 423; x_wconf 57' lang='grc' dir='ltr'><strong>ΐῦΰ</strong></span> 
     </span>
    </p>
   </div>
   <div class='ocr_carea' id='block_1_2' title="bbox 406 477 1919 555">
    <p class='ocr_par' dir='ltr' id='par_1_2' title="bbox 406 477 1919 555">
     <span class='ocr_line' id='line_1_2' title="bbox 406 477 1919 555; baseline -0.007 -15"><span class='ocrx_word' id='word_1_2' title='bbox 406 486 495 540; x_wconf 76' lang='grc' dir='ltr'><strong>Η.</strong></span> <span class='ocrx_word' id='word_1_3' title='bbox 537 483 765 551; x_wconf 84' lang='lat' dir='ltr'><strong>Quidam</strong></span> <span class='ocrx_word' id='word_1_4' title='bbox 796 496 956 554; x_wconf 81' lang='lat' dir='ltr'><strong>porre</strong></span> <span class='ocrx_word' id='word_1_5' title='bbox 983 496 1078 555; x_wconf 85' lang='lat' dir='ltr'><strong>per</strong></span> <span class='ocrx_word' id='word_1_6' title='bbox 1106 480 1466 537; x_wconf 86' lang='lat' dir='ltr'><strong>adversarium</strong></span> <span class='ocrx_word' id='word_1_7' title='bbox 1502 480 1649 534; x_wconf 93' lang='lat' dir='ltr'><strong>illum</strong></span> <span class='ocrx_word' id='word_1_8' title='bbox 1695 477 1919 547; x_wconf 71' lang='lat' dir='ltr'><strong>intelligi</strong></span> 
     </span>
    </p>
   </div>
   <div class='ocr_carea' id='block_1_3' title="bbox 334 569 1921 645">
    <p class='ocr_par' dir='ltr' id='par_1_3' title="bbox 334 569 1921 645">
     <span class='ocr_line' id='line_1_3' title="bbox 334 569 1921 645; baseline -0.005 -14"><span class='ocrx_word' id='word_1_9' title='bbox 334 578 517 631; x_wconf 84' lang='lat' dir='ltr'><strong>volunt</strong></span> <span class='ocrx_word' id='word_1_10' title='bbox 554 576 848 642; x_wconf 89' lang='lat' dir='ltr'><strong>diabolum,</strong></span> <span class='ocrx_word' id='word_1_11' title='bbox 884 584 941 632; x_wconf 87' lang='lat' dir='ltr'><strong>et</strong></span> <span class='ocrx_word' id='word_1_12' title='bbox 974 574 1061 631; x_wconf 90' lang='lat' dir='ltr'><strong>hic</strong></span> <span class='ocrx_word' id='word_1_13' title='bbox 1088 573 1264 645; x_wconf 90' lang='lat' dir='ltr'><strong>juberi</strong></span> <span class='ocrx_word' id='word_1_14' title='bbox 1293 580 1498 644; x_wconf 91' lang='lat' dir='ltr'><strong>putant,</strong></span> <span class='ocrx_word' id='word_1_15' title='bbox 1526 587 1595 626; x_wconf 91' lang='lat' dir='ltr'><strong>ne</strong></span> <span class='ocrx_word' id='word_1_16' title='bbox 1626 569 1750 641; x_wconf 91' lang='lat' dir='ltr'><strong>quid</strong></span> <span class='ocrx_word' id='word_1_17' title='bbox 1778 569 1921 623; x_wconf 91' lang='lat' dir='ltr'><strong>illius</strong></span> 
     </span>
    </p>
   </div>
   <div class='ocr_carea' id='block_1_4' title="bbox 334 662 1921 738">
    <p class='ocr_par' dir='ltr' id='par_1_4' title="bbox 334 662 1921 738">
     <span class='ocr_line' id='line_1_4' title="bbox 334 662 1921 738; baseline -0.004 -17"><span class='ocrx_word' id='word_1_18' title='bbox 334 681 554 738; x_wconf 79' lang='lat' dir='ltr'><strong>prorsus</strong></span> <span class='ocrx_word' id='word_1_19' title='bbox 583 667 866 733; x_wconf 79' lang='lat' dir='ltr'><strong>habeatur,</strong></span> <span class='ocrx_word' id='word_1_20' title='bbox 931 665 1090 737; x_wconf 82' lang='lat' dir='ltr'><strong>idque</strong></span> <span class='ocrx_word' id='word_1_21' title='bbox 1119 679 1240 720; x_wconf 90' lang='lat' dir='ltr'><strong>esse</strong></span> <span class='ocrx_word' id='word_1_22' title='bbox 1282 664 1331 719; x_wconf 91' lang='lat' dir='ltr'><strong>ei</strong></span> <span class='ocrx_word' id='word_1_23' title='bbox 1371 662 1695 727; x_wconf 89' lang='lat' dir='ltr'><strong>consentire,</strong></span> <span class='ocrx_word' id='word_1_24' title='bbox 1736 670 1921 730; x_wconf 89' lang='lat' dir='ltr'><strong>utpote</strong></span> 
     </span>
    </p>
   </div>
   <div class='ocr_carea' id='block_1_5' title="bbox 331 750 1920 829">
    <p class='ocr_par' dir='ltr' id='par_1_5' title="bbox 331 750 1920 829">
     <span class='ocr_line' id='line_1_5' title="bbox 331 750 1920 829; baseline -0.003 -18"><span class='ocrx_word' id='word_1_25' title='bbox 331 774 450 813; x_wconf 86' lang='lat' dir='ltr'><strong>eum</strong></span> <span class='ocrx_word' id='word_1_26' title='bbox 493 766 616 829; x_wconf 88' lang='lat' dir='ltr'><strong>post</strong></span> <span class='ocrx_word' id='word_1_27' title='bbox 656 772 935 813; x_wconf 80' lang='lat' dir='ltr'><strong>excessum</strong></span> <span class='ocrx_word' id='word_1_28' title='bbox 974 772 1041 812; x_wconf 86' lang='lat' dir='ltr'><strong>ex</strong></span> <span class='ocrx_word' id='word_1_29' title='bbox 1080 756 1181 811; x_wconf 89' lang='lat' dir='ltr'><strong>hac</strong></span> <span class='ocrx_word' id='word_1_30' title='bbox 1228 757 1334 810; x_wconf 90' lang='lat' dir='ltr'><strong>vita</strong></span> <span class='ocrx_word' id='word_1_31' title='bbox 1376 770 1481 809; x_wconf 92' lang='lat' dir='ltr'><strong>non</strong></span> <span class='ocrx_word' id='word_1_32' title='bbox 1523 754 1679 809; x_wconf 90' lang='lat' dir='ltr'><strong>liceat</strong></span> <span class='ocrx_word' id='word_1_33' title='bbox 1723 751 1790 806; x_wconf 89' lang='lat' dir='ltr'><strong>ab</strong></span> <span class='ocrx_word' id='word_1_34' title='bbox 1830 750 1920 806; x_wconf 92' lang='lat' dir='ltr'><strong>illo</strong></span> 
     </span>
    </p>
   </div>
   <div class='ocr_carea' id='block_1_6' title="bbox 330 844 1922 922">
    <p class='ocr_par' dir='ltr' id='par_1_6' title="bbox 330 844 1922 922">
     <span class='ocr_line' id='line_1_6' title="bbox 330 844 1922 922; baseline -0.004 -17"><span class='ocrx_word' id='word_1_35' title='bbox 330 867 431 907; x_wconf 91' lang='lat' dir='ltr'><strong>nos</strong></span> <span class='ocrx_word' id='word_1_36' title='bbox 468 852 746 922; x_wconf 87' lang='lat' dir='ltr'><strong>expedire,</strong></span> <span class='ocrx_word' id='word_1_37' title='bbox 784 867 906 907; x_wconf 90' lang='lat' dir='ltr'><strong>cum</strong></span> <span class='ocrx_word' id='word_1_38' title='bbox 947 865 1045 905; x_wconf 89' lang='lat' dir='ltr'><strong>nos</strong></span> <span class='ocrx_word' id='word_1_39' title='bbox 1084 848 1387 905; x_wconf 82' lang='lat' dir='ltr'><strong>inevitabile</strong></span> <span class='ocrx_word' id='word_1_40' title='bbox 1418 847 1731 918; x_wconf 89' lang='lat' dir='ltr'><strong>supplicium</strong></span> <span class='ocrx_word' id='word_1_41' title='bbox 1771 844 1922 902; x_wconf 88' lang='lat' dir='ltr'><strong>exci-</strong></span> 
     </span>
    </p>
   </div>
   <div class='ocr_carea' id='block_1_7' title="bbox 330 937 1920 1014">
    <p class='ocr_par' dir='ltr' id='par_1_7' title="bbox 330 937 1920 1014">
     <span class='ocr_line' id='line_1_7' title="bbox 330 937 1920 1014; baseline -0.004 -17"><span class='ocrx_word' id='word_1_42' title='bbox 330 946 461 1014; x_wconf 85' lang='lat' dir='ltr'><strong>piet.</strong></span> <span class='ocrx_word' id='word_1_43' title='bbox 502 945 627 999; x_wconf 80' lang='lat' dir='ltr'><strong>Mihi</strong></span> <span class='ocrx_word' id='word_1_44' title='bbox 660 960 788 1000; x_wconf 90' lang='lat' dir='ltr'><strong>vero</strong></span> <span class='ocrx_word' id='word_1_45' title='bbox 823 944 891 1000; x_wconf 93' lang='lat' dir='ltr'><strong>de</strong></span> <span class='ocrx_word' id='word_1_46' title='bbox 924 942 1197 1014; x_wconf 88' lang='lat' dir='ltr'><strong>judicibus</strong></span> <span class='ocrx_word' id='word_1_47' title='bbox 1240 941 1396 1012; x_wconf 88' lang='lat' dir='ltr'><strong>hujus</strong></span> <span class='ocrx_word' id='word_1_48' title='bbox 1423 939 1603 997; x_wconf 67' lang='lat' dir='ltr'><strong>saeculi</strong></span> <span class='ocrx_word' id='word_1_49' title='bbox 1645 938 1727 1010; x_wconf 87' lang='lat' dir='ltr'><strong>agi</strong></span> <span class='ocrx_word' id='word_1_50' title='bbox 1771 937 1920 993; x_wconf 87' lang='lat' dir='ltr'><strong>vide—</strong></span> 
     </span>
    </p>
   </div>
   <div class='ocr_carea' id='block_1_8' title="bbox 330 1030 1914 1115">
    <p class='ocr_par' dir='ltr' id='par_1_8' title="bbox 330 1030 1914 1115">
     <span class='ocr_line' id='line_1_8' title="bbox 330 1030 1914 1115; baseline -0.006 -24"><span class='ocrx_word' id='word_1_51' title='bbox 330 1048 438 1101; x_wconf 87' lang='lat' dir='ltr'><strong>tur,</strong></span> <span class='ocrx_word' id='word_1_52' title='bbox 468 1050 533 1091; x_wconf 87' lang='lat' dir='ltr'><strong>ac</strong></span> <span class='ocrx_word' id='word_1_53' title='bbox 556 1035 625 1091; x_wconf 94' lang='lat' dir='ltr'><strong>de</strong></span> <span class='ocrx_word' id='word_1_54' title='bbox 654 1036 749 1115; x_wconf 42' lang='lat' dir='ltr'><strong>via‘</strong></span> <span class='ocrx_word' id='word_1_55' title='bbox 770 1050 889 1107; x_wconf 86' lang='lat' dir='ltr'><strong>quae</strong></span> <span class='ocrx_word' id='word_1_56' title='bbox 927 1035 992 1090; x_wconf 91' lang='lat' dir='ltr'><strong>ad</strong></span> <span class='ocrx_word' id='word_1_57' title='bbox 1028 1034 1290 1105; x_wconf 91' lang='lat' dir='ltr'><strong>judicium</strong></span> <span class='ocrx_word' id='word_1_58' title='bbox 1320 1033 1467 1089; x_wconf 90' lang='lat' dir='ltr'><strong>ducit</strong></span> <span class='ocrx_word' id='word_1_59' title='bbox 1506 1041 1556 1087; x_wconf 91' lang='lat' dir='ltr'><strong>et</strong></span> <span class='ocrx_word' id='word_1_60' title='bbox 1587 1030 1654 1087; x_wconf 93' lang='lat' dir='ltr'><strong>de</strong></span> <span class='ocrx_word' id='word_1_61' title='bbox 1678 1044 1914 1085; x_wconf 83' lang='lat' dir='ltr'><strong>carcere.</strong></span> 
     </span>
    </p>
   </div>
   <div class='ocr_carea' id='block_1_9' title="bbox 329 1125 1917 1198">
    <p class='ocr_par' dir='ltr' id='par_1_9' title="bbox 329 1125 1917 1198">
     <span class='ocr_line' id='line_1_9' title="bbox 329 1125 1917 1198; baseline -0.004 -16"><span class='ocrx_word' id='word_1_62' title='bbox 329 1127 621 1198; x_wconf 82' lang='lat' dir='ltr'><strong>Postquam</strong></span> <span class='ocrx_word' id='word_1_63' title='bbox 665 1127 810 1184; x_wconf 90' lang='lat' dir='ltr'><strong>enim</strong></span> <span class='ocrx_word' id='word_1_64' title='bbox 848 1143 879 1182; x_wconf 92' lang='lat' dir='ltr'><strong>a</strong></span> <span class='ocrx_word' id='word_1_65' title='bbox 920 1127 1319 1183; x_wconf 85' lang='lat' dir='ltr'><strong>sublimioribus</strong></span> <span class='ocrx_word' id='word_1_66' title='bbox 1358 1125 1601 1179; x_wconf 86' lang='lat' dir='ltr'><strong>hortatus</strong></span> <span class='ocrx_word' id='word_1_67' title='bbox 1645 1131 1747 1188; x_wconf 90' lang='lat' dir='ltr'><strong>est,</strong></span> <span class='ocrx_word' id='word_1_68' title='bbox 1794 1130 1849 1176; x_wconf 93' lang='lat' dir='ltr'><strong>et</strong></span> <span class='ocrx_word' id='word_1_69' title='bbox 1887 1135 1917 1174; x_wconf 90' lang='lat' dir='ltr'><strong>a</strong></span> 
     </span>
    </p>
   </div>
   <div class='ocr_carea' id='block_1_10' title="bbox 328 1213 1916 1292">
    <p class='ocr_par' dir='ltr' id='par_1_10' title="bbox 328 1213 1916 1292">
     <span class='ocr_line' id='line_1_10' title="bbox 328 1213 1916 1292; baseline -0.006 -15"><span class='ocrx_word' id='word_1_70' title='bbox 328 1222 543 1288; x_wconf 88' lang='lat' dir='ltr'><strong>futuris,</strong></span> <span class='ocrx_word' id='word_1_71' title='bbox 582 1236 614 1275; x_wconf 90' lang='lat' dir='ltr'><strong>a</strong></span> <span class='ocrx_word' id='word_1_72' title='bbox 658 1222 783 1276; x_wconf 71' lang='lat' dir='ltr'><strong>vita:</strong></span> <span class='ocrx_word' id='word_1_73' title='bbox 830 1222 1109 1292; x_wconf 65' lang='lat' dir='ltr'><strong>praesentis</strong></span> <span class='ocrx_word' id='word_1_74' title='bbox 1158 1227 1325 1275; x_wconf 91' lang='lat' dir='ltr'><strong>terret</strong></span> <span class='ocrx_word' id='word_1_75' title='bbox 1370 1217 1616 1288; x_wconf 88' lang='lat' dir='ltr'><strong>negotiis.</strong></span> <span class='ocrx_word' id='word_1_76' title='bbox 1666 1215 1723 1271; x_wconf 88' lang='lat' dir='ltr'><strong>Id</strong></span> <span class='ocrx_word' id='word_1_77' title='bbox 1774 1213 1916 1285; x_wconf 92' lang='lat' dir='ltr'><strong>quod</strong></span> 
     </span>
    </p>
   </div>
   <div class='ocr_carea' id='block_1_11' title="bbox 326 1306 1918 1380">
    <p class='ocr_par' dir='ltr' id='par_1_11' title="bbox 326 1306 1918 1380">
     <span class='ocr_line' id='line_1_11' title="bbox 326 1306 1918 1380; baseline -0.005 -14"><span class='ocrx_word' id='word_1_78' title='bbox 326 1314 492 1367; x_wconf 85' lang='lat' dir='ltr'><strong>etiam</strong></span> <span class='ocrx_word' id='word_1_79' title='bbox 533 1312 732 1368; x_wconf 86' lang='lat' dir='ltr'><strong>Paulus</strong></span> <span class='ocrx_word' id='word_1_80' title='bbox 762 1312 908 1379; x_wconf 91' lang='lat' dir='ltr'><strong>facit,</strong></span> <span class='ocrx_word' id='word_1_81' title='bbox 934 1328 963 1367; x_wconf 92' lang='lat' dir='ltr'><strong>a</strong></span> <span class='ocrx_word' id='word_1_82' title='bbox 991 1310 1185 1367; x_wconf 87' lang='lat' dir='ltr'><strong>futuris</strong></span> <span class='ocrx_word' id='word_1_83' title='bbox 1224 1320 1280 1367; x_wconf 91' lang='lat' dir='ltr'><strong>et</strong></span> <span class='ocrx_word' id='word_1_84' title='bbox 1317 1324 1347 1364; x_wconf 92' lang='lat' dir='ltr'><strong>a</strong></span> <span class='ocrx_word' id='word_1_85' title='bbox 1391 1308 1737 1380; x_wconf 86' lang='lat' dir='ltr'><strong>praesentibus</strong></span> <span class='ocrx_word' id='word_1_86' title='bbox 1763 1306 1918 1360; x_wconf 85' lang='lat' dir='ltr'><strong>audi-</strong></span> 
     </span>
    </p>
   </div>
   <div class='ocr_carea' id='block_1_12' title="bbox 328 1402 1914 1474">
    <p class='ocr_par' dir='ltr' id='par_1_12' title="bbox 328 1402 1914 1474">
     <span class='ocr_line' id='line_1_12' title="bbox 328 1402 1914 1474; baseline -0.004 -14"><span class='ocrx_word' id='word_1_87' title='bbox 328 1415 499 1461; x_wconf 87' lang='lat' dir='ltr'><strong>torem</strong></span> <span class='ocrx_word' id='word_1_88' title='bbox 550 1421 919 1461; x_wconf 87' lang='lat' dir='ltr'><strong>commovens.</strong></span> <span class='ocrx_word' id='word_1_89' title='bbox 971 1406 1042 1463; x_wconf 92' lang='lat' dir='ltr'><strong>Ut</strong></span> <span class='ocrx_word' id='word_1_90' title='bbox 1088 1421 1208 1460; x_wconf 92' lang='lat' dir='ltr'><strong>cum</strong></span> <span class='ocrx_word' id='word_1_91' title='bbox 1256 1419 1283 1458; x_wconf 91' lang='lat' dir='ltr'><strong>a</strong></span> <span class='ocrx_word' id='word_1_92' title='bbox 1330 1403 1566 1474; x_wconf 85' lang='lat' dir='ltr'><strong>nequitia</strong></span> <span class='ocrx_word' id='word_1_93' title='bbox 1611 1402 1914 1465; x_wconf 88' lang='lat' dir='ltr'><strong>abducens,</strong></span> 
     </span>
    </p>
   </div>
   <div class='ocr_carea' id='block_1_13' title="bbox 325 1494 1917 1568">
    <p class='ocr_par' dir='ltr' id='par_1_13' title="bbox 325 1494 1917 1568">
     <span class='ocr_line' id='line_1_13' title="bbox 325 1494 1917 1568; baseline -0.003 -18"><span class='ocrx_word' id='word_1_94' title='bbox 325 1499 626 1568; x_wconf 87' lang='lat' dir='ltr'><strong>principem</strong></span> <span class='ocrx_word' id='word_1_95' title='bbox 655 1508 919 1553; x_wconf 90' lang='lat' dir='ltr'><strong>armatum</strong></span> <span class='ocrx_word' id='word_1_96' title='bbox 964 1498 1107 1553; x_wconf 90' lang='lat' dir='ltr'><strong>male</strong></span> <span class='ocrx_word' id='word_1_97' title='bbox 1130 1496 1372 1568; x_wconf 86' lang='lat' dir='ltr'><strong>cperanti</strong></span> <span class='ocrx_word' id='word_1_98' title='bbox 1401 1494 1637 1550; x_wconf 85' lang='lat' dir='ltr'><strong>ostendit</strong></span> <span class='ocrx_word' id='word_1_99' title='bbox 1677 1494 1759 1547; x_wconf 87' lang='lat' dir='ltr'><strong>his</strong></span> <span class='ocrx_word' id='word_1_100' title='bbox 1797 1508 1917 1547; x_wconf 85' lang='lat' dir='ltr'><strong>ver-</strong></span> 
     </span>
    </p>
   </div>
   <div class='ocr_carea' id='block_1_14' title="bbox 326 1585 1917 1660">
    <p class='ocr_par' dir='ltr' id='par_1_14' title="bbox 326 1585 1917 1660">
     <span class='ocr_line' id='line_1_14' title="bbox 326 1585 1917 1660; baseline -0.004 -16"><span class='ocrx_word' id='word_1_101' title='bbox 326 1590 409 1644; x_wconf 84' lang='lat' dir='ltr'><strong>bis</strong></span> <span class='ocrx_word' id='word_1_102' title='bbox 438 1607 453 1642; x_wconf 89' lang='lat'>:</span> <span class='ocrx_word' id='word_1_103' title='bbox 487 1590 638 1655; x_wconf 76' lang='lat' dir='ltr'><strong>Quod</strong></span> <span class='ocrx_word' id='word_1_104' title='bbox 665 1590 710 1644; x_wconf 91' lang='lat' dir='ltr'><strong>si</strong></span> <span class='ocrx_word' id='word_1_105' title='bbox 750 1590 1080 1660; x_wconf 81' lang='lat' dir='ltr'><strong>malefeceris,</strong></span> <span class='ocrx_word' id='word_1_106' title='bbox 1114 1590 1229 1642; x_wconf 88' lang='lat' dir='ltr'><strong>time</strong></span> <span class='ocrx_word' id='word_1_107' title='bbox 1263 1604 1281 1641; x_wconf 90' lang='lat'><strong><em>:</em></strong></span> <span class='ocrx_word' id='word_1_108' title='bbox 1310 1604 1409 1641; x_wconf 84' lang='lat' dir='ltr'><strong>non</strong></span> <span class='ocrx_word' id='word_1_109' title='bbox 1449 1587 1584 1640; x_wconf 89' lang='lat' dir='ltr'><strong>enim</strong></span> <span class='ocrx_word' id='word_1_110' title='bbox 1618 1585 1726 1639; x_wconf 86' lang='lat' dir='ltr'><strong>sine</strong></span> <span class='ocrx_word' id='word_1_111' title='bbox 1763 1600 1917 1638; x_wconf 87' lang='lat' dir='ltr'><strong>causa</strong></span> 
     </span>
    </p>
   </div>
   <div class='ocr_carea' id='block_1_15' title="bbox 326 1678 1912 1753">
    <p class='ocr_par' dir='ltr' id='par_1_15' title="bbox 326 1678 1912 1753">
     <span class='ocr_line' id='line_1_15' title="bbox 326 1678 1912 1753; baseline -0.003 -18"><span class='ocrx_word' id='word_1_112' title='bbox 326 1682 556 1753; x_wconf 81' lang='lat' dir='ltr'><strong>gladium</strong></span> <span class='ocrx_word' id='word_1_113' title='bbox 579 1689 747 1751; x_wconf 87' lang='lat' dir='ltr'><strong>portat</strong></span> <span class='ocrx_word' id='word_1_114' title='bbox 779 1698 798 1735; x_wconf 90' lang='lat'><strong><em>:</em></strong></span> <span class='ocrx_word' id='word_1_115' title='bbox 832 1680 931 1735; x_wconf 87' lang='lat' dir='ltr'><strong>Dei</strong></span> <span class='ocrx_word' id='word_1_116' title='bbox 956 1683 1086 1735; x_wconf 90' lang='lat' dir='ltr'><strong>enim</strong></span> <span class='ocrx_word' id='word_1_117' title='bbox 1114 1681 1340 1735; x_wconf 79' lang='lat' dir='ltr'><strong>minister</strong></span> <span class='ocrx_word' id='word_1_118' title='bbox 1380 1689 1453 1733; x_wconf 76' lang='lat' dir='ltr'><strong>est</strong></span> <span class='ocrx_word' id='word_1_119' title='bbox 1497 1678 1671 1748; x_wconf 82' lang='lat' dir='ltr'><strong>(Rom.</strong></span> <span class='ocrx_word' id='word_1_120' title='bbox 1702 1679 1789 1735; x_wconf 77' lang='grc'><strong>15.</strong></span> <span class='ocrx_word' id='word_1_121' title='bbox 1832 1679 1912 1747; x_wconf 75' lang='grc'><strong>4).</strong></span> 
     </span>
    </p>
   </div>
   <div class='ocr_carea' id='block_1_16' title="bbox 324 1769 1914 1847">
    <p class='ocr_par' dir='ltr' id='par_1_16' title="bbox 324 1769 1914 1847">
     <span class='ocr_line' id='line_1_16' title="bbox 324 1769 1914 1847; baseline -0.003 -20"><span class='ocrx_word' id='word_1_122' title='bbox 324 1771 631 1847; x_wconf 83' lang='lat' dir='ltr'><strong>lterumque</strong></span> <span class='ocrx_word' id='word_1_123' title='bbox 654 1773 850 1843; x_wconf 91' lang='lat' dir='ltr'><strong>jubens</strong></span> <span class='ocrx_word' id='word_1_124' title='bbox 884 1773 993 1827; x_wconf 90' lang='lat' dir='ltr'><strong>Deo</strong></span> <span class='ocrx_word' id='word_1_125' title='bbox 1019 1774 1292 1842; x_wconf 87' lang='lat' dir='ltr'><strong>subjectos</strong></span> <span class='ocrx_word' id='word_1_126' title='bbox 1322 1785 1466 1834; x_wconf 91' lang='lat' dir='ltr'><strong>esse,</strong></span> <span class='ocrx_word' id='word_1_127' title='bbox 1495 1785 1601 1825; x_wconf 90' lang='lat' dir='ltr'><strong>non</strong></span> <span class='ocrx_word' id='word_1_128' title='bbox 1633 1769 1793 1824; x_wconf 91' lang='lat' dir='ltr'><strong>modo</strong></span> <span class='ocrx_word' id='word_1_129' title='bbox 1820 1770 1914 1825; x_wconf 91' lang='lat' dir='ltr'><strong>Dei</strong></span> 
     </span>
    </p>
   </div>
   <div class='ocr_carea' id='block_1_17' title="bbox 326 1861 1916 1935">
    <p class='ocr_par' dir='ltr' id='par_1_17' title="bbox 326 1861 1916 1935">
     <span class='ocr_line' id='line_1_17' title="bbox 326 1861 1916 1935; baseline -0.001 -17"><span class='ocrx_word' id='word_1_130' title='bbox 326 1868 596 1934; x_wconf 87' lang='lat' dir='ltr'><strong>timorem,</strong></span> <span class='ocrx_word' id='word_1_131' title='bbox 640 1866 734 1922; x_wconf 90' lang='lat' dir='ltr'><strong>sed</strong></span> <span class='ocrx_word' id='word_1_132' title='bbox 770 1866 931 1921; x_wconf 89' lang='lat' dir='ltr'><strong>etiam</strong></span> <span class='ocrx_word' id='word_1_133' title='bbox 967 1866 1086 1935; x_wconf 89' lang='lat' dir='ltr'><strong>ejus</strong></span> <span class='ocrx_word' id='word_1_134' title='bbox 1130 1865 1303 1919; x_wconf 89' lang='lat' dir='ltr'><strong>minas</strong></span> <span class='ocrx_word' id='word_1_135' title='bbox 1341 1863 1494 1918; x_wconf 81' lang='lat' dir='ltr'><strong>atl‘ert</strong></span> <span class='ocrx_word' id='word_1_136' title='bbox 1533 1871 1588 1917; x_wconf 92' lang='lat' dir='ltr'><strong>et</strong></span> <span class='ocrx_word' id='word_1_137' title='bbox 1627 1861 1916 1931; x_wconf 82' lang='lat' dir='ltr'><strong>providen—</strong></span> 
     </span>
    </p>
   </div>
   <div class='ocr_carea' id='block_1_18' title="bbox 326 1956 1915 2029">
    <p class='ocr_par' dir='ltr' id='par_1_18' title="bbox 326 1956 1915 2029">
     <span class='ocr_line' id='line_1_18' title="bbox 326 1956 1915 2029; baseline -0.003 -17"><span class='ocrx_word' id='word_1_138' title='bbox 326 1962 452 2013; x_wconf 90' lang='lat' dir='ltr'><strong>tiam</strong></span> <span class='ocrx_word' id='word_1_139' title='bbox 488 1976 504 2014; x_wconf 94' lang='lat'><strong>:</strong></span> <span class='ocrx_word' id='word_1_140' title='bbox 534 1958 754 2014; x_wconf 80' lang='lat' dir='ltr'><strong>Necesse</strong></span> <span class='ocrx_word' id='word_1_141' title='bbox 796 1968 870 2013; x_wconf 83' lang='lat' dir='ltr'><strong>est</strong></span> <span class='ocrx_word' id='word_1_142' title='bbox 903 1974 1008 2013; x_wconf 86' lang='lat' dir='ltr'><strong>esse</strong></span> <span class='ocrx_word' id='word_1_143' title='bbox 1046 1958 1329 2029; x_wconf 78' lang='lat' dir='ltr'><strong>subjectos,</strong></span> <span class='ocrx_word' id='word_1_144' title='bbox 1371 1972 1471 2010; x_wconf 88' lang='lat' dir='ltr'><strong>non</strong></span> <span class='ocrx_word' id='word_1_145' title='bbox 1512 1956 1676 2011; x_wconf 86' lang='lat' dir='ltr'><strong>solum</strong></span> <span class='ocrx_word' id='word_1_146' title='bbox 1711 1965 1915 2025; x_wconf 86' lang='lat' dir='ltr'><strong>propter</strong></span> 
     </span>
    </p>
   </div>
   <div class='ocr_carea' id='block_1_19' title="bbox 322 2046 1915 2120">
    <p class='ocr_par' dir='ltr' id='par_1_19' title="bbox 322 2046 1915 2120">
     <span class='ocr_line' id='line_1_19' title="bbox 322 2046 1915 2120; baseline 0 -19"><span class='ocrx_word' id='word_1_147' title='bbox 322 2050 475 2115; x_wconf 86' lang='lat' dir='ltr'><strong>iram,</strong></span> <span class='ocrx_word' id='word_1_148' title='bbox 503 2050 592 2104; x_wconf 87' lang='lat' dir='ltr'><strong>sed</strong></span> <span class='ocrx_word' id='word_1_149' title='bbox 614 2060 661 2103; x_wconf 92' lang='lat' dir='ltr'><strong>et</strong></span> <span class='ocrx_word' id='word_1_150' title='bbox 684 2058 892 2119; x_wconf 86' lang='lat' dir='ltr'><strong>propter</strong></span> <span class='ocrx_word' id='word_1_151' title='bbox 914 2048 1270 2103; x_wconf 84' lang='lat' dir='ltr'><strong>conscientiam</strong></span> <span class='ocrx_word' id='word_1_152' title='bbox 1301 2046 1461 2120; x_wconf 84' lang='lat' dir='ltr'><strong>(Ibid.</strong></span> <span class='ocrx_word' id='word_1_153' title='bbox 1491 2063 1539 2102; x_wconf 88' lang='grc' dir='ltr'><strong>υ.</strong></span> <span class='ocrx_word' id='word_1_154' title='bbox 1568 2048 1647 2117; x_wconf 85' lang='grc'><strong>5).</strong></span> <span class='ocrx_word' id='word_1_155' title='bbox 1676 2046 1808 2101; x_wconf 88' lang='lat' dir='ltr'><strong>Nam</strong></span> <span class='ocrx_word' id='word_1_156' title='bbox 1834 2047 1915 2101; x_wconf 82' lang='lat' dir='ltr'><strong>in-</strong></span> 
     </span>
    </p>
   </div>
   <div class='ocr_carea' id='block_1_20' title="bbox 321 2140 1911 2210">
    <p class='ocr_par' dir='ltr' id='par_1_20' title="bbox 321 2140 1911 2210">
     <span class='ocr_line' id='line_1_20' title="bbox 321 2140 1911 2210; baseline -0.002 -15"><span class='ocrx_word' id='word_1_157' title='bbox 321 2142 690 2209; x_wconf 82' lang='lat' dir='ltr'><strong>sipientiores,</strong></span> <span class='ocrx_word' id='word_1_158' title='bbox 722 2150 778 2194; x_wconf 93' lang='lat' dir='ltr'><strong>ut</strong></span> <span class='ocrx_word' id='word_1_159' title='bbox 806 2140 912 2210; x_wconf 91' lang='lat' dir='ltr'><strong>jam</strong></span> <span class='ocrx_word' id='word_1_160' title='bbox 944 2140 1074 2205; x_wconf 87' lang='lat' dir='ltr'><strong>dixi,</strong></span> <span class='ocrx_word' id='word_1_161' title='bbox 1107 2140 1220 2194; x_wconf 84' lang='lat' dir='ltr'><strong>haec</strong></span> <span class='ocrx_word' id='word_1_162' title='bbox 1247 2154 1365 2209; x_wconf 78' lang='lat' dir='ltr'><strong>qua:</strong></span> <span class='ocrx_word' id='word_1_163' title='bbox 1404 2148 1663 2208; x_wconf 88' lang='lat' dir='ltr'><strong>apparent</strong></span> <span class='ocrx_word' id='word_1_164' title='bbox 1698 2146 1754 2193; x_wconf 90' lang='lat' dir='ltr'><strong>et</strong></span> <span class='ocrx_word' id='word_1_165' title='bbox 1793 2152 1911 2208; x_wconf 72' lang='lat' dir='ltr'><strong>qua:</strong></span> 
     </span>
    </p>
   </div>
   <div class='ocr_carea' id='block_1_21' title="bbox 319 2229 1903 2302">
    <p class='ocr_par' dir='ltr' id='par_1_21' title="bbox 319 2229 1903 2302">
     <span class='ocr_line' id='line_1_21' title="bbox 319 2229 1903 2302; baseline -0.001 -16"><span class='ocrx_word' id='word_1_166' title='bbox 319 2247 351 2286; x_wconf 90' lang='lat' dir='ltr'><strong>e</strong></span> <span class='ocrx_word' id='word_1_167' title='bbox 381 2232 610 2302; x_wconf 84' lang='lat' dir='ltr'><strong>vestigio</strong></span> <span class='ocrx_word' id='word_1_168' title='bbox 641 2242 957 2302; x_wconf 89' lang='lat' dir='ltr'><strong>sequuntur,</strong></span> <span class='ocrx_word' id='word_1_169' title='bbox 982 2231 1150 2300; x_wconf 85' lang='lat' dir='ltr'><strong>magis</strong></span> <span class='ocrx_word' id='word_1_170' title='bbox 1171 2230 1347 2285; x_wconf 89' lang='lat' dir='ltr'><strong>solent</strong></span> <span class='ocrx_word' id='word_1_171' title='bbox 1368 2229 1674 2285; x_wconf 89' lang='lat' dir='ltr'><strong>emendare.</strong></span> <span class='ocrx_word' id='word_1_172' title='bbox 1705 2229 1903 2297; x_wconf 82' lang='lat' dir='ltr'><strong>Quam-</strong></span> 
     </span>
    </p>
   </div>
   <div class='ocr_carea' id='block_1_22' title="bbox 320 2324 1907 2394">
    <p class='ocr_par' dir='ltr' id='par_1_22' title="bbox 320 2324 1907 2394">
     <span class='ocr_line' id='line_1_22' title="bbox 320 2324 1907 2394; baseline -0.001 -16"><span class='ocrx_word' id='word_1_173' title='bbox 320 2328 511 2379; x_wconf 86' lang='lat' dir='ltr'><strong>ohrem</strong></span> <span class='ocrx_word' id='word_1_174' title='bbox 568 2324 812 2380; x_wconf 89' lang='lat' dir='ltr'><strong>Christus</strong></span> <span class='ocrx_word' id='word_1_175' title='bbox 856 2340 961 2379; x_wconf 91' lang='lat' dir='ltr'><strong>non</strong></span> <span class='ocrx_word' id='word_1_176' title='bbox 1007 2324 1167 2380; x_wconf 90' lang='lat' dir='ltr'><strong>modo</strong></span> <span class='ocrx_word' id='word_1_177' title='bbox 1219 2324 1519 2394; x_wconf 81' lang='lat' dir='ltr'><strong>gehennam</strong></span> <span class='ocrx_word' id='word_1_178' title='bbox 1571 2324 1907 2393; x_wconf 81' lang='lat' dir='ltr'><strong>memoravit,</strong></span> 
     </span>
    </p>
   </div>
   <div class='ocr_carea' id='block_1_23' title="bbox 318 2414 1907 2486">
    <p class='ocr_par' dir='ltr' id='par_1_23' title="bbox 318 2414 1907 2486">
     <span class='ocr_line' id='line_1_23' title="bbox 318 2414 1907 2486; baseline 0.001 -19"><span class='ocrx_word' id='word_1_179' title='bbox 318 2415 414 2468; x_wconf 83' lang='lat' dir='ltr'><strong>sed</strong></span> <span class='ocrx_word' id='word_1_180' title='bbox 446 2416 611 2470; x_wconf 89' lang='lat' dir='ltr'><strong>etiam</strong></span> <span class='ocrx_word' id='word_1_181' title='bbox 635 2415 821 2486; x_wconf 92' lang='lat' dir='ltr'><strong>judicii</strong></span> <span class='ocrx_word' id='word_1_182' title='bbox 852 2416 1102 2484; x_wconf 87' lang='lat' dir='ltr'><strong>tribunal,</strong></span> <span class='ocrx_word' id='word_1_183' title='bbox 1138 2416 1516 2470; x_wconf 88' lang='lat' dir='ltr'><strong>abductionem</strong></span> <span class='ocrx_word' id='word_1_184' title='bbox 1546 2414 1613 2469; x_wconf 90' lang='lat' dir='ltr'><strong>ad</strong></span> <span class='ocrx_word' id='word_1_185' title='bbox 1654 2422 1907 2480; x_wconf 87' lang='lat' dir='ltr'><strong>mortem,</strong></span> 
     </span>
    </p>
   </div>
   <div class='ocr_carea' id='block_1_24' title="bbox 318 2506 1911 2579">
    <p class='ocr_par' dir='ltr' id='par_1_24' title="bbox 318 2506 1911 2579">
     <span class='ocr_line' id='line_1_24' title="bbox 318 2506 1911 2579; baseline -0.001 -18"><span class='ocrx_word' id='word_1_186' title='bbox 318 2523 596 2564; x_wconf 80' lang='lat' dir='ltr'><strong>carcerem</strong></span> <span class='ocrx_word' id='word_1_187' title='bbox 621 2508 845 2579; x_wconf 90' lang='lat' dir='ltr'><strong>ejusque</strong></span> <span class='ocrx_word' id='word_1_188' title='bbox 870 2508 1115 2563; x_wconf 88' lang='lat' dir='ltr'><strong>miserias</strong></span> <span class='ocrx_word' id='word_1_189' title='bbox 1140 2523 1352 2573; x_wconf 89' lang='lat' dir='ltr'><strong>omnes,</strong></span> <span class='ocrx_word' id='word_1_190' title='bbox 1382 2522 1478 2577; x_wconf 90' lang='lat' dir='ltr'><strong>per</strong></span> <span class='ocrx_word' id='word_1_191' title='bbox 1507 2507 1620 2561; x_wconf 70' lang='lat' dir='ltr'><strong>haec</strong></span> <span class='ocrx_word' id='word_1_192' title='bbox 1646 2506 1788 2577; x_wconf 86' lang='lat' dir='ltr'><strong>ipsas</strong></span> <span class='ocrx_word' id='word_1_193' title='bbox 1814 2520 1911 2560; x_wconf 67' lang='lat' dir='ltr'><strong>ete-</strong></span> 
     </span>
    </p>
   </div>
   <div class='ocr_carea' id='block_1_25' title="bbox 318 2599 1909 2670">
    <p class='ocr_par' dir='ltr' id='par_1_25' title="bbox 318 2599 1909 2670">
     <span class='ocr_line' id='line_1_25' title="bbox 318 2599 1909 2670; baseline 0.001 -18"><span class='ocrx_word' id='word_1_194' title='bbox 318 2601 466 2654; x_wconf 90' lang='lat' dir='ltr'><strong>dium</strong></span> <span class='ocrx_word' id='word_1_195' title='bbox 512 2600 724 2655; x_wconf 82' lang='lat' dir='ltr'><strong>radices</strong></span> <span class='ocrx_word' id='word_1_196' title='bbox 760 2600 1103 2655; x_wconf 90' lang='lat' dir='ltr'><strong>exscindens.</strong></span> <span class='ocrx_word' id='word_1_197' title='bbox 1145 2599 1245 2668; x_wconf 90' lang='lat' dir='ltr'><strong>Qui</strong></span> <span class='ocrx_word' id='word_1_198' title='bbox 1279 2601 1421 2655; x_wconf 89' lang='lat' dir='ltr'><strong>enim</strong></span> <span class='ocrx_word' id='word_1_199' title='bbox 1455 2615 1627 2670; x_wconf 88' lang='lat' dir='ltr'><strong>neque</strong></span> <span class='ocrx_word' id='word_1_200' title='bbox 1652 2600 1909 2655; x_wconf 82' lang='lat' dir='ltr'><strong>conviciis</strong></span> 
     </span>
    </p>
   </div>
   <div class='ocr_carea' id='block_1_26' title="bbox 316 2690 1908 2764">
    <p class='ocr_par' dir='ltr' id='par_1_26' title="bbox 316 2690 1908 2764">
     <span class='ocr_line' id='line_1_26' title="bbox 316 2690 1908 2764; baseline 0.002 -20"><span class='ocrx_word' id='word_1_201' title='bbox 316 2690 615 2760; x_wconf 86' lang='lat' dir='ltr'><strong>impetitur,</strong></span> <span class='ocrx_word' id='word_1_202' title='bbox 656 2707 757 2747; x_wconf 91' lang='lat' dir='ltr'><strong>nec</strong></span> <span class='ocrx_word' id='word_1_203' title='bbox 784 2693 839 2746; x_wconf 93' lang='lat' dir='ltr'><strong>in</strong></span> <span class='ocrx_word' id='word_1_204' title='bbox 862 2692 950 2763; x_wconf 93' lang='lat' dir='ltr'><strong>jus</strong></span> <span class='ocrx_word' id='word_1_205' title='bbox 979 2692 1228 2755; x_wconf 84' lang='lat' dir='ltr'><strong>trahitur,</strong></span> <span class='ocrx_word' id='word_1_206' title='bbox 1279 2708 1450 2764; x_wconf 91' lang='lat' dir='ltr'><strong>neque</strong></span> <span class='ocrx_word' id='word_1_207' title='bbox 1489 2692 1623 2746; x_wconf 87' lang='lat' dir='ltr'><strong>iram</strong></span> <span class='ocrx_word' id='word_1_208' title='bbox 1656 2692 1908 2760; x_wconf 86' lang='lat' dir='ltr'><strong>intendit,</strong></span> 
     </span>
    </p>
   </div>
   <div class='ocr_carea' id='block_1_27' title="bbox 317 2785 1904 2857">
    <p class='ocr_par' dir='ltr' id='par_1_27' title="bbox 317 2785 1904 2857">
     <span class='ocr_line' id='line_1_27' title="bbox 317 2785 1904 2857; baseline 0.002 -19"><span class='ocrx_word' id='word_1_209' title='bbox 317 2785 589 2856; x_wconf 85' lang='lat' dir='ltr'><strong>quomodo</strong></span> <span class='ocrx_word' id='word_1_210' title='bbox 626 2785 836 2841; x_wconf 85' lang='lat' dir='ltr'><strong>occidet</strong></span> <span class='ocrx_word' id='word_1_211' title='bbox 882 2786 1176 2857; x_wconf 89' lang='lat' dir='ltr'><strong>umquam?</strong></span> <span class='ocrx_word' id='word_1_212' title='bbox 1215 2786 1397 2856; x_wconf 88' lang='lat' dir='ltr'><strong>Itaque</strong></span> <span class='ocrx_word' id='word_1_213' title='bbox 1443 2785 1567 2841; x_wconf 91' lang='lat' dir='ltr'><strong>hinc</strong></span> <span class='ocrx_word' id='word_1_214' title='bbox 1598 2786 1771 2856; x_wconf 86' lang='lat' dir='ltr'><strong>palam</strong></span> <span class='ocrx_word' id='word_1_215' title='bbox 1802 2795 1904 2853; x_wconf 92' lang='lat' dir='ltr'><strong>est,</strong></span> 
     </span>
    </p>
   </div>
   <div class='ocr_carea' id='block_1_28' title="bbox 316 2878 1907 2948">
    <p class='ocr_par' dir='ltr' id='par_1_28' title="bbox 316 2878 1907 2948">
     <span class='ocr_line' id='line_1_28' title="bbox 316 2878 1907 2948; baseline 0.003 -19"><span class='ocrx_word' id='word_1_216' title='bbox 316 2878 370 2929; x_wconf 89' lang='lat' dir='ltr'><strong>in</strong></span> <span class='ocrx_word' id='word_1_217' title='bbox 397 2878 623 2946; x_wconf 82' lang='lat' dir='ltr'><strong>proximi</strong></span> <span class='ocrx_word' id='word_1_218' title='bbox 648 2878 933 2933; x_wconf 91' lang='lat' dir='ltr'><strong>commodo</strong></span> <span class='ocrx_word' id='word_1_219' title='bbox 959 2887 1203 2932; x_wconf 90' lang='lat' dir='ltr'><strong>nostrum</strong></span> <span class='ocrx_word' id='word_1_220' title='bbox 1226 2892 1438 2948; x_wconf 90' lang='lat' dir='ltr'><strong>quoque</strong></span> <span class='ocrx_word' id='word_1_221' title='bbox 1456 2878 1795 2933; x_wconf 91' lang='lat' dir='ltr'><strong>commodum</strong></span> <span class='ocrx_word' id='word_1_222' title='bbox 1822 2894 1907 2934; x_wconf 91' lang='lat' dir='ltr'><strong>re-</strong></span> 
     </span>
    </p>
   </div>
   <div class='ocr_carea' id='block_1_29' title="bbox 314 2968 1906 3037">
    <p class='ocr_par' dir='ltr' id='par_1_29' title="bbox 314 2968 1906 3037">
     <span class='ocr_line' id='line_1_29' title="bbox 314 2968 1906 3037; baseline 0.002 -15"><span class='ocrx_word' id='word_1_223' title='bbox 314 2968 499 3036; x_wconf 83' lang='lat' dir='ltr'><strong>periri.</strong></span> <span class='ocrx_word' id='word_1_224' title='bbox 548 2968 679 3022; x_wconf 88' lang='lat' dir='ltr'><strong>Nam</strong></span> <span class='ocrx_word' id='word_1_225' title='bbox 726 2970 817 3037; x_wconf 89' lang='lat' dir='ltr'><strong>qui</strong></span> <span class='ocrx_word' id='word_1_226' title='bbox 868 2984 990 3024; x_wconf 93' lang='lat' dir='ltr'><strong>cum</strong></span> <span class='ocrx_word' id='word_1_227' title='bbox 1041 2969 1350 3025; x_wconf 89' lang='lat' dir='ltr'><strong>adversario</strong></span> <span class='ocrx_word' id='word_1_228' title='bbox 1398 2970 1684 3037; x_wconf 90' lang='lat' dir='ltr'><strong>consentit,</strong></span> <span class='ocrx_word' id='word_1_229' title='bbox 1735 2971 1906 3025; x_wconf 91' lang='lat' dir='ltr'><strong>multo</strong></span> 
     </span>
    </p>
   </div>
   <div class='ocr_carea' id='block_1_30' title="bbox 313 3062 1904 3133">
    <p class='ocr_par' dir='ltr' id='par_1_30' title="bbox 313 3062 1904 3133">
     <span class='ocr_line' id='line_1_30' title="bbox 313 3062 1904 3133; baseline 0.001 -17"><span class='ocrx_word' id='word_1_230' title='bbox 313 3062 488 3132; x_wconf 82' lang='lat' dir='ltr'><strong>magis</strong></span> <span class='ocrx_word' id='word_1_231' title='bbox 534 3063 635 3117; x_wconf 89' lang='lat' dir='ltr'><strong>sibi</strong></span> <span class='ocrx_word' id='word_1_232' title='bbox 686 3064 784 3133; x_wconf 90' lang='lat' dir='ltr'><strong>ipsi</strong></span> <span class='ocrx_word' id='word_1_233' title='bbox 823 3063 929 3117; x_wconf 88' lang='lat' dir='ltr'><strong>erit</strong></span> <span class='ocrx_word' id='word_1_234' title='bbox 980 3063 1154 3129; x_wconf 90' lang='lat' dir='ltr'><strong>utilis,</strong></span> <span class='ocrx_word' id='word_1_235' title='bbox 1198 3062 1333 3118; x_wconf 91' lang='lat' dir='ltr'><strong>liber</strong></span> <span class='ocrx_word' id='word_1_236' title='bbox 1370 3078 1400 3116; x_wconf 91' lang='lat' dir='ltr'><strong>a</strong></span> <span class='ocrx_word' id='word_1_237' title='bbox 1444 3062 1832 3131; x_wconf 86' lang='lat' dir='ltr'><strong>tribunalibus,</strong></span> <span class='ocrx_word' id='word_1_238' title='bbox 1872 3078 1904 3117; x_wconf 89' lang='lat' dir='ltr'><strong>a</strong></span> 
     </span>
    </p>
   </div>
   <div class='ocr_carea' id='block_1_31' title="bbox 312 3154 1903 3227">
    <p class='ocr_par' dir='ltr' id='par_1_31' title="bbox 312 3154 1903 3227">
     <span class='ocr_line' id='line_1_31' title="bbox 312 3154 1903 3227; baseline 0.001 -19"><span class='ocrx_word' id='word_1_239' title='bbox 312 3155 621 3211; x_wconf 85' lang='lat' dir='ltr'><strong>carceribus</strong></span> <span class='ocrx_word' id='word_1_240' title='bbox 644 3171 939 3227; x_wconf 91' lang='lat' dir='ltr'><strong>eorumque</strong></span> <span class='ocrx_word' id='word_1_241' title='bbox 965 3156 1215 3212; x_wconf 89' lang='lat' dir='ltr'><strong>miseriis.</strong></span> <span class='ocrx_word' id='word_1_242' title='bbox 1250 3155 1415 3211; x_wconf 91' lang='lat' dir='ltr'><strong>Dictis</strong></span> <span class='ocrx_word' id='word_1_243' title='bbox 1439 3156 1602 3226; x_wconf 80' lang='lat' dir='ltr'><strong>igitur</strong></span> <span class='ocrx_word' id='word_1_244' title='bbox 1625 3154 1903 3224; x_wconf 89' lang='lat' dir='ltr'><strong>obtempe-</strong></span> 
     </span>
    </p>
   </div>
   <div class='ocr_carea' id='block_1_32' title="bbox 312 3246 1904 3313">
    <p class='ocr_par' dir='ltr' id='par_1_32' title="bbox 312 3246 1904 3313">
     <span class='ocr_line' id='line_1_32' title="bbox 312 3246 1904 3313; baseline 0.001 -14"><span class='ocrx_word' id='word_1_245' title='bbox 312 3261 518 3311; x_wconf 86' lang='lat' dir='ltr'><strong>remus,</strong></span> <span class='ocrx_word' id='word_1_246' title='bbox 545 3262 647 3301; x_wconf 91' lang='lat' dir='ltr'><strong>nec</strong></span> <span class='ocrx_word' id='word_1_247' title='bbox 673 3247 1081 3313; x_wconf 89' lang='lat' dir='ltr'><strong>contendamus,</strong></span> <span class='ocrx_word' id='word_1_248' title='bbox 1111 3261 1211 3301; x_wconf 90' lang='lat' dir='ltr'><strong>nec</strong></span> <span class='ocrx_word' id='word_1_249' title='bbox 1236 3248 1469 3301; x_wconf 84' lang='lat' dir='ltr'><strong>rixemur</strong></span> <span class='ocrx_word' id='word_1_250' title='bbox 1493 3263 1508 3299; x_wconf 87' lang='lat'><strong>:</strong></span> <span class='ocrx_word' id='word_1_251' title='bbox 1530 3262 1648 3301; x_wconf 91' lang='lat' dir='ltr'><strong>cum</strong></span> <span class='ocrx_word' id='word_1_252' title='bbox 1672 3246 1904 3301; x_wconf 79' lang='lat' dir='ltr'><strong>maxime</strong></span> 
     </span>
    </p>
   </div>
   <div class='ocr_carea' id='block_1_33' title="bbox 312 3339 1903 3411">
    <p class='ocr_par' dir='ltr' id='par_1_33' title="bbox 312 3339 1903 3411">
     <span class='ocr_line' id='line_1_33' title="bbox 312 3339 1903 3411; baseline 0.001 -18"><span class='ocrx_word' id='word_1_253' title='bbox 312 3339 433 3395; x_wconf 61' lang='lat' dir='ltr'><strong>hinc</strong></span> <span class='ocrx_word' id='word_1_254' title='bbox 457 3351 748 3411; x_wconf 62' lang='lat' dir='ltr'><strong>praecepta,</strong></span> <span class='ocrx_word' id='word_1_255' title='bbox 795 3341 959 3395; x_wconf 89' lang='lat' dir='ltr'><strong>etiam</strong></span> <span class='ocrx_word' id='word_1_256' title='bbox 1004 3349 1128 3395; x_wconf 88' lang='lat' dir='ltr'><strong>ante</strong></span> <span class='ocrx_word' id='word_1_257' title='bbox 1171 3339 1389 3410; x_wconf 71' lang='lat' dir='ltr'><strong>praemia</strong></span> <span class='ocrx_word' id='word_1_258' title='bbox 1435 3340 1544 3403; x_wconf 91' lang='lat' dir='ltr'><strong>illa,</strong></span> <span class='ocrx_word' id='word_1_259' title='bbox 1572 3340 1903 3409; x_wconf 91' lang='lat' dir='ltr'><strong>voluptatem</strong></span> 
     </span>
    </p>
   </div>
   <div class='ocr_carea' id='block_1_34' title="bbox 312 3433 1900 3503">
    <p class='ocr_par' dir='ltr' id='par_1_34' title="bbox 312 3433 1900 3503">
     <span class='ocr_line' id='line_1_34' title="bbox 312 3433 1900 3503; baseline -0.001 -14"><span class='ocrx_word' id='word_1_260' title='bbox 312 3444 369 3489; x_wconf 88' lang='lat' dir='ltr'><strong>et</strong></span> <span class='ocrx_word' id='word_1_261' title='bbox 396 3435 680 3489; x_wconf 87' lang='lat' dir='ltr'><strong>utilitatem</strong></span> <span class='ocrx_word' id='word_1_262' title='bbox 724 3435 776 3489; x_wconf 93' lang='lat' dir='ltr'><strong>in</strong></span> <span class='ocrx_word' id='word_1_263' title='bbox 813 3449 872 3489; x_wconf 91' lang='lat' dir='ltr'><strong>se</strong></span> <span class='ocrx_word' id='word_1_264' title='bbox 915 3434 1244 3489; x_wconf 88' lang='lat' dir='ltr'><strong>contineant.</strong></span> <span class='ocrx_word' id='word_1_265' title='bbox 1292 3433 1445 3501; x_wconf 89' lang='lat' dir='ltr'><strong>Quod</strong></span> <span class='ocrx_word' id='word_1_266' title='bbox 1493 3434 1537 3488; x_wconf 90' lang='lat' dir='ltr'><strong>si</strong></span> <span class='ocrx_word' id='word_1_267' title='bbox 1583 3434 1900 3503; x_wconf 90' lang='lat' dir='ltr'><strong>quibusdam</strong></span> 
     </span>
    </p>
   </div>
   <div class='ocr_carea' id='block_1_35' title="bbox 311 3525 1901 3595">
    <p class='ocr_par' dir='ltr' id='par_1_35' title="bbox 311 3525 1901 3595">
     <span class='ocr_line' id='line_1_35' title="bbox 311 3525 1901 3595; baseline -0.001 -15"><span class='ocrx_word' id='word_1_268' title='bbox 311 3542 543 3582; x_wconf 90' lang='lat' dir='ltr'><strong>onerosa</strong></span> <span class='ocrx_word' id='word_1_269' title='bbox 585 3542 704 3582; x_wconf 87' lang='lat' dir='ltr'><strong>esse</strong></span> <span class='ocrx_word' id='word_1_270' title='bbox 730 3537 783 3582; x_wconf 93' lang='lat' dir='ltr'><strong>et</strong></span> <span class='ocrx_word' id='word_1_271' title='bbox 823 3527 1047 3582; x_wconf 92' lang='lat' dir='ltr'><strong>multum</strong></span> <span class='ocrx_word' id='word_1_272' title='bbox 1080 3527 1318 3595; x_wconf 66' lang='lat' dir='ltr'><strong>prmbere</strong></span> <span class='ocrx_word' id='word_1_273' title='bbox 1364 3526 1561 3581; x_wconf 91' lang='lat' dir='ltr'><strong>laboris</strong></span> <span class='ocrx_word' id='word_1_274' title='bbox 1598 3525 1901 3593; x_wconf 88' lang='lat' dir='ltr'><strong>videantur,</strong></span> 
     </span>
    </p>
   </div>
   <div class='ocr_carea' id='block_1_36' title="bbox 312 3617 1904 3689">
    <p class='ocr_par' dir='ltr' id='par_1_36' title="bbox 312 3617 1904 3689">
     <span class='ocr_line' id='line_1_36' title="bbox 312 3617 1904 3689; baseline -0.004 -15"><span class='ocrx_word' id='word_1_275' title='bbox 312 3621 487 3689; x_wconf 78' lang='lat' dir='ltr'><strong>cogita</strong></span> <span class='ocrx_word' id='word_1_276' title='bbox 518 3629 571 3674; x_wconf 90' lang='lat' dir='ltr'><strong>te</strong></span> <span class='ocrx_word' id='word_1_277' title='bbox 600 3629 818 3689; x_wconf 85' lang='lat' dir='ltr'><strong>prepter</strong></span> <span class='ocrx_word' id='word_1_278' title='bbox 842 3618 1115 3673; x_wconf 88' lang='lat' dir='ltr'><strong>Christum</strong></span> <span class='ocrx_word' id='word_1_279' title='bbox 1148 3618 1261 3673; x_wconf 61' lang='lat' dir='ltr'><strong>haec</strong></span> <span class='ocrx_word' id='word_1_280' title='bbox 1302 3632 1482 3688; x_wconf 89' lang='lat' dir='ltr'><strong>agere,</strong></span> <span class='ocrx_word' id='word_1_281' title='bbox 1516 3625 1570 3672; x_wconf 91' lang='lat' dir='ltr'><strong>et</strong></span> <span class='ocrx_word' id='word_1_282' title='bbox 1606 3617 1746 3688; x_wconf 91' lang='lat' dir='ltr'><strong>quod</strong></span> <span class='ocrx_word' id='word_1_283' title='bbox 1789 3634 1904 3669; x_wconf 83' lang='lat' dir='ltr'><strong>mo-</strong></span> 
     </span>
    </p>
   </div>
   <div class='ocr_carea' id='block_1_37' title="bbox 310 3709 1903 3778">
    <p class='ocr_par' dir='ltr' id='par_1_37' title="bbox 310 3709 1903 3778">
     <span class='ocr_line' id='line_1_37' title="bbox 310 3709 1903 3778; baseline -0.003 -11"><span class='ocrx_word' id='word_1_284' title='bbox 310 3713 511 3768; x_wconf 88' lang='lat' dir='ltr'><strong>lestum</strong></span> <span class='ocrx_word' id='word_1_285' title='bbox 558 3721 659 3777; x_wconf 88' lang='lat' dir='ltr'><strong>est,</strong></span> <span class='ocrx_word' id='word_1_286' title='bbox 691 3726 856 3766; x_wconf 81' lang='lat' dir='ltr'><strong>suave</strong></span> <span class='ocrx_word' id='word_1_287' title='bbox 900 3710 1181 3765; x_wconf 79' lang='lat' dir='ltr'><strong>videbitur.</strong></span> <span class='ocrx_word' id='word_1_288' title='bbox 1226 3710 1281 3765; x_wconf 89' lang='lat' dir='ltr'><strong>Si</strong></span> <span class='ocrx_word' id='word_1_289' title='bbox 1332 3710 1476 3764; x_wconf 90' lang='lat' dir='ltr'><strong>enim</strong></span> <span class='ocrx_word' id='word_1_290' title='bbox 1516 3709 1655 3763; x_wconf 86' lang='lat' dir='ltr'><strong>hanc</strong></span> <span class='ocrx_word' id='word_1_291' title='bbox 1701 3709 1903 3778; x_wconf 82' lang='lat' dir='ltr'><strong>cogita-</strong></span> 
     </span>
    </p>
   </div>
   <div class='ocr_carea' id='block_1_38' title="bbox 312 3799 1902 3872">
    <p class='ocr_par' dir='ltr' id='par_1_38' title="bbox 312 3799 1902 3872">
     <span class='ocr_line' id='line_1_38' title="bbox 312 3799 1902 3872; baseline -0.003 -14"><span class='ocrx_word' id='word_1_292' title='bbox 312 3807 516 3859; x_wconf 83' lang='lat' dir='ltr'><strong>tionem</strong></span> <span class='ocrx_word' id='word_1_293' title='bbox 556 3818 774 3872; x_wconf 86' lang='lat' dir='ltr'><strong>semper</strong></span> <span class='ocrx_word' id='word_1_294' title='bbox 802 3812 1120 3871; x_wconf 69' lang='lat' dir='ltr'><strong>przcsentem</strong></span> <span class='ocrx_word' id='word_1_295' title='bbox 1163 3799 1477 3865; x_wconf 85' lang='lat' dir='ltr'><strong>habeamus,</strong></span> <span class='ocrx_word' id='word_1_296' title='bbox 1522 3799 1652 3854; x_wconf 89' lang='lat' dir='ltr'><strong>nihil</strong></span> <span class='ocrx_word' id='word_1_297' title='bbox 1691 3799 1902 3854; x_wconf 92' lang='lat' dir='ltr'><strong>molesti</strong></span> 
     </span>
    </p>
   </div>
   <div class='ocr_carea' id='block_1_39' title="bbox 311 3893 1902 3967">
    <p class='ocr_par' dir='ltr' id='par_1_39' title="bbox 311 3893 1902 3967">
     <span class='ocr_line' id='line_1_39' title="bbox 311 3893 1902 3967; baseline -0.003 -16"><span class='ocrx_word' id='word_1_298' title='bbox 311 3898 677 3967; x_wconf 81' lang='lat' dir='ltr'><strong>experiemur,</strong></span> <span class='ocrx_word' id='word_1_299' title='bbox 724 3894 821 3951; x_wconf 89' lang='lat' dir='ltr'><strong>sed</strong></span> <span class='ocrx_word' id='word_1_300' title='bbox 859 3895 1079 3949; x_wconf 90' lang='lat' dir='ltr'><strong>multam</strong></span> <span class='ocrx_word' id='word_1_301' title='bbox 1112 3894 1347 3965; x_wconf 89' lang='lat' dir='ltr'><strong>undique</strong></span> <span class='ocrx_word' id='word_1_302' title='bbox 1374 3908 1721 3964; x_wconf 89' lang='lat' dir='ltr'><strong>assequemur</strong></span> <span class='ocrx_word' id='word_1_303' title='bbox 1747 3893 1902 3948; x_wconf 91' lang='lat' dir='ltr'><strong>volu-</strong></span> 
     </span>
    </p>
   </div>
   <div class='ocr_carea' id='block_1_40' title="bbox 310 3986 1901 4063">
    <p class='ocr_par' dir='ltr' id='par_1_40' title="bbox 310 3986 1901 4063">
     <span class='ocr_line' id='line_1_40' title="bbox 310 3986 1901 4063; baseline -0.001 -21"><span class='ocrx_word' id='word_1_304' title='bbox 310 3999 537 4063; x_wconf 86' lang='lat' dir='ltr'><strong>ptatem.</strong></span> <span class='ocrx_word' id='word_1_305' title='bbox 573 3988 747 4043; x_wconf 87' lang='lat' dir='ltr'><strong>Labor</strong></span> <span class='ocrx_word' id='word_1_306' title='bbox 776 3989 919 4043; x_wconf 90' lang='lat' dir='ltr'><strong>enim</strong></span> <span class='ocrx_word' id='word_1_307' title='bbox 958 4003 1065 4043; x_wconf 89' lang='lat' dir='ltr'><strong>non</strong></span> <span class='ocrx_word' id='word_1_308' title='bbox 1095 3988 1235 4043; x_wconf 89' lang='lat' dir='ltr'><strong>ultra</strong></span> <span class='ocrx_word' id='word_1_309' title='bbox 1274 3987 1427 4042; x_wconf 91' lang='lat' dir='ltr'><strong>labor</strong></span> <span class='ocrx_word' id='word_1_310' title='bbox 1451 4002 1569 4042; x_wconf 91' lang='lat' dir='ltr'><strong>esse</strong></span> <span class='ocrx_word' id='word_1_311' title='bbox 1611 3986 1901 4054; x_wconf 88' lang='lat' dir='ltr'><strong>videbitur,</strong></span> 
     </span>
    </p>
   </div>
   <div class='ocr_carea' id='block_1_41' title="bbox 312 4078 1906 4151">
    <p class='ocr_par' dir='ltr' id='par_1_41' title="bbox 312 4078 1906 4151">
     <span class='ocr_line' id='line_1_41' title="bbox 312 4078 1906 4151; baseline -0.003 -15"><span class='ocrx_word' id='word_1_312' title='bbox 312 4080 405 4136; x_wconf 89' lang='lat' dir='ltr'><strong>sed</strong></span> <span class='ocrx_word' id='word_1_313' title='bbox 433 4088 637 4151; x_wconf 90' lang='lat' dir='ltr'><strong>quanto</strong></span> <span class='ocrx_word' id='word_1_314' title='bbox 675 4080 849 4149; x_wconf 83' lang='lat' dir='ltr'><strong>magis</strong></span> <span class='ocrx_word' id='word_1_315' title='bbox 880 4078 1206 4147; x_wconf 85' lang='lat' dir='ltr'><strong>intendetur,</strong></span> <span class='ocrx_word' id='word_1_316' title='bbox 1234 4088 1395 4149; x_wconf 41' lang='lat' dir='ltr'><strong>.tanto</strong></span> <span class='ocrx_word' id='word_1_317' title='bbox 1436 4078 1643 4134; x_wconf 91' lang='lat' dir='ltr'><strong>dulcior</strong></span> <span class='ocrx_word' id='word_1_318' title='bbox 1667 4079 1906 4133; x_wconf 88' lang='lat' dir='ltr'><strong>suavior-</strong></span> 
     </span>
    </p>
   </div>
   <div class='ocr_carea' id='block_1_42' title="bbox 312 4172 567 4245">
    <p class='ocr_par' dir='ltr' id='par_1_42' title="bbox 312 4172 567 4245">
     <span class='ocr_line' id='line_1_42' title="bbox 312 4172 567 4245; baseline -0.008 -17"><span class='ocrx_word' id='word_1_319' title='bbox 312 4190 415 4245; x_wconf 89' lang='lat' dir='ltr'><strong>que</strong></span> <span class='ocrx_word' id='word_1_320' title='bbox 440 4172 567 4228; x_wconf 90' lang='lat' dir='ltr'><strong>erit.</strong></span> 
     </span>
    </p>
   </div>
   <div class='ocr_carea' id='block_1_43' title="bbox 384 4263 1907 4334">
    <p class='ocr_par' dir='ltr' id='par_1_43' title="bbox 384 4263 1907 4334">
     <span class='ocr_line' id='line_1_43' title="bbox 384 4263 1907 4334; baseline 0.001 -16"><span class='ocrx_word' id='word_1_321' title='bbox 384 4266 602 4321; x_wconf 76' lang='lat' dir='ltr'><strong>Coronte</strong></span> <span class='ocrx_word' id='word_1_322' title='bbox 622 4264 834 4320; x_wconf 63' lang='lat' dir='ltr'><strong>caelestis</strong></span> <span class='ocrx_word' id='word_1_323' title='bbox 859 4280 974 4334; x_wconf 86' lang='lat' dir='ltr'><strong>spes</strong></span> <span class='ocrx_word' id='word_1_324' title='bbox 994 4280 1025 4317; x_wconf 88' lang='lat' dir='ltr'><strong>a</strong></span> <span class='ocrx_word' id='word_1_325' title='bbox 1048 4264 1187 4318; x_wconf 89' lang='lat' dir='ltr'><strong>mala</strong></span> <span class='ocrx_word' id='word_1_326' title='bbox 1206 4263 1567 4318; x_wconf 85' lang='lat' dir='ltr'><strong>consuetudine</strong></span> <span class='ocrx_word' id='word_1_327' title='bbox 1589 4274 1782 4322; x_wconf 88' lang='lat' dir='ltr'><strong>avocat.</strong></span> <span class='ocrx_word' id='word_1_328' title='bbox 1813 4263 1907 4320; x_wconf 82' lang='lat' dir='ltr'><strong>Dei</strong></span> 
     </span>
    </p>
   </div>
   <div class='ocr_carea' id='block_1_44' title="bbox 312 4356 1907 4428">
    <p class='ocr_par' dir='ltr' id='par_1_44' title="bbox 312 4356 1907 4428">
     <span class='ocr_line' id='line_1_44' title="bbox 312 4356 1907 4428; baseline -0.002 -14"><span class='ocrx_word' id='word_1_329' title='bbox 312 4360 509 4415; x_wconf 71' lang='lat' dir='ltr'><strong>auxilio</strong></span> <span class='ocrx_word' id='word_1_330' title='bbox 550 4368 596 4412; x_wconf 90' lang='lat' dir='ltr'><strong>et</strong></span> <span class='ocrx_word' id='word_1_331' title='bbox 625 4375 780 4428; x_wconf 88' lang='lat' dir='ltr'><strong>opera</strong></span> <span class='ocrx_word' id='word_1_332' title='bbox 808 4367 981 4411; x_wconf 85' lang='lat' dir='ltr'><strong>nostra</strong></span> <span class='ocrx_word' id='word_1_333' title='bbox 1017 4366 1089 4410; x_wconf 90' lang='lat' dir='ltr'><strong>est</strong></span> <span class='ocrx_word' id='word_1_334' title='bbox 1118 4373 1261 4426; x_wconf 81' lang='lat' dir='ltr'><strong>Opus.</strong></span> <span class='ocrx_word' id='word_1_335' title='bbox 1282 4386 1353 4396; x_wconf 90' lang='lat'><strong>—</strong></span> <span class='ocrx_word' id='word_1_336' title='bbox 1372 4356 1597 4422; x_wconf 83' lang='lat' dir='ltr'><strong>Quando</strong></span> <span class='ocrx_word' id='word_1_337' title='bbox 1627 4357 1785 4426; x_wconf 83' lang='lat' dir='ltr'><strong>igitur</strong></span> <span class='ocrx_word' id='word_1_338' title='bbox 1826 4357 1907 4411; x_wconf 88' lang='lat' dir='ltr'><strong>in-</strong></span> 
     </span>
    </p>
   </div>
   <div class='ocr_carea' id='block_1_45' title="bbox 313 4447 1907 4517">
    <p class='ocr_par' dir='ltr' id='par_1_45' title="bbox 313 4447 1907 4517">
     <span class='ocr_line' id='line_1_45' title="bbox 313 4447 1907 4517; baseline -0.002 -12"><span class='ocrx_word' id='word_1_339' title='bbox 313 4452 477 4506; x_wconf 85' lang='lat' dir='ltr'><strong>stabit</strong></span> <span class='ocrx_word' id='word_1_340' title='bbox 501 4448 835 4504; x_wconf 89' lang='lat' dir='ltr'><strong>consuetudo</strong></span> <span class='ocrx_word' id='word_1_341' title='bbox 861 4448 1123 4502; x_wconf 90' lang='lat' dir='ltr'><strong>malorum</strong></span> <span class='ocrx_word' id='word_1_342' title='bbox 1153 4455 1205 4502; x_wconf 87' lang='lat' dir='ltr'><strong>te</strong></span> <span class='ocrx_word' id='word_1_343' title='bbox 1225 4447 1554 4512; x_wconf 91' lang='lat' dir='ltr'><strong>demulcens,</strong></span> <span class='ocrx_word' id='word_1_344' title='bbox 1581 4447 1792 4517; x_wconf 91' lang='lat' dir='ltr'><strong>quando</strong></span> <span class='ocrx_word' id='word_1_345' title='bbox 1815 4463 1907 4517; x_wconf 89' lang='lat' dir='ltr'><strong>pe-</strong></span> 
     </span>
    </p>
   </div>
   <div class='ocr_carea' id='block_1_46' title="bbox 316 4538 1903 4609">
    <p class='ocr_par' dir='ltr' id='par_1_46' title="bbox 316 4538 1903 4609">
     <span class='ocr_line' id='line_1_46' title="bbox 316 4538 1903 4609; baseline -0.002 -13"><span class='ocrx_word' id='word_1_346' title='bbox 316 4543 598 4597; x_wconf 90' lang='lat' dir='ltr'><strong>cuniarum</strong></span> <span class='ocrx_word' id='word_1_347' title='bbox 647 4539 943 4609; x_wconf 90' lang='lat' dir='ltr'><strong>cupiditas,</strong></span> <span class='ocrx_word' id='word_1_348' title='bbox 984 4554 1196 4609; x_wconf 81' lang='lat' dir='ltr'><strong>Oppone</strong></span> <span class='ocrx_word' id='word_1_349' title='bbox 1240 4538 1314 4592; x_wconf 91' lang='lat' dir='ltr'><strong>illi</strong></span> <span class='ocrx_word' id='word_1_350' title='bbox 1356 4538 1693 4592; x_wconf 87' lang='lat' dir='ltr'><strong>ratiocinium</strong></span> <span class='ocrx_word' id='word_1_351' title='bbox 1744 4539 1903 4607; x_wconf 92' lang='lat' dir='ltr'><strong>illud,</strong></span> 
     </span>
    </p>
   </div>
   <div class='ocr_carea' id='block_1_47' title="bbox 312 4629 1905 4705">
    <p class='ocr_par' dir='ltr' id='par_1_47' title="bbox 312 4629 1905 4705">
     <span class='ocr_line' id='line_1_47' title="bbox 312 4629 1905 4705; baseline -0.004 -16"><span class='ocrx_word' id='word_1_352' title='bbox 312 4634 456 4705; x_wconf 88' lang='lat' dir='ltr'><strong>quod</strong></span> <span class='ocrx_word' id='word_1_353' title='bbox 486 4634 568 4689; x_wconf 90' lang='lat' dir='ltr'><strong>sic</strong></span> <span class='ocrx_word' id='word_1_354' title='bbox 593 4632 753 4687; x_wconf 87' lang='lat' dir='ltr'><strong>habet</strong></span> <span class='ocrx_word' id='word_1_355' title='bbox 790 4649 804 4685; x_wconf 92' lang='lat'>:</span> <span class='ocrx_word' id='word_1_356' title='bbox 846 4645 944 4685; x_wconf 90' lang='lat' dir='ltr'><strong>nos</strong></span> <span class='ocrx_word' id='word_1_357' title='bbox 974 4645 1219 4700; x_wconf 88' lang='lat' dir='ltr'><strong>magnam</strong></span> <span class='ocrx_word' id='word_1_358' title='bbox 1250 4638 1563 4697; x_wconf 89' lang='lat' dir='ltr'><strong>accepturos</strong></span> <span class='ocrx_word' id='word_1_359' title='bbox 1600 4629 1905 4684; x_wconf 92' lang='lat' dir='ltr'><strong>mercedem</strong></span> 
     </span>
    </p>
   </div>
   <div class='ocr_carea' id='block_1_48' title="bbox 313 4718 1907 4791">
    <p class='ocr_par' dir='ltr' id='par_1_48' title="bbox 313 4718 1907 4791">
     <span class='ocr_line' id='line_1_48' title="bbox 313 4718 1907 4791; baseline -0.005 -11"><span class='ocrx_word' id='word_1_360' title='bbox 313 4741 458 4789; x_wconf 83' lang='lat' dir='ltr'><strong>esse,</strong></span> <span class='ocrx_word' id='word_1_361' title='bbox 488 4725 535 4779; x_wconf 93' lang='lat' dir='ltr'><strong>si</strong></span> <span class='ocrx_word' id='word_1_362' title='bbox 564 4721 911 4791; x_wconf 88' lang='lat' dir='ltr'><strong>temporalem</strong></span> <span class='ocrx_word' id='word_1_363' title='bbox 943 4721 1267 4790; x_wconf 89' lang='lat' dir='ltr'><strong>voluptatem</strong></span> <span class='ocrx_word' id='word_1_364' title='bbox 1294 4719 1687 4789; x_wconf 80' lang='lat' dir='ltr'><strong>deSpiciamus;</strong></span> <span class='ocrx_word' id='word_1_365' title='bbox 1731 4728 1785 4773; x_wconf 90' lang='lat' dir='ltr'><strong>et</strong></span> <span class='ocrx_word' id='word_1_366' title='bbox 1821 4718 1907 4773; x_wconf 91' lang='lat' dir='ltr'><strong>dic</strong></span> 
     </span>
    </p>
   </div>
   <div class='ocr_carea' id='block_1_49' title="bbox 312 4808 1906 4879">
    <p class='ocr_par' dir='ltr' id='par_1_49' title="bbox 312 4808 1906 4879">
     <span class='ocr_line' id='line_1_49' title="bbox 312 4808 1906 4879; baseline -0.003 -12"><span class='ocrx_word' id='word_1_367' title='bbox 312 4817 509 4868; x_wconf 68' lang='lat' dir='ltr'><strong>animm</strong></span> <span class='ocrx_word' id='word_1_368' title='bbox 537 4823 640 4869; x_wconf 74' lang='lat' dir='ltr'><strong>tua:</strong></span> <span class='ocrx_word' id='word_1_369' title='bbox 672 4829 685 4864; x_wconf 75' lang='grc' dir='ltr'>ε</span> <span class='ocrx_word' id='word_1_370' title='bbox 720 4811 938 4865; x_wconf 82' lang='lat' dir='ltr'><strong>Multum</strong></span> <span class='ocrx_word' id='word_1_371' title='bbox 964 4809 1214 4872; x_wconf 84' lang='lat' dir='ltr'><strong>tristaris,</strong></span> <span class='ocrx_word' id='word_1_372' title='bbox 1246 4808 1386 4879; x_wconf 90' lang='lat' dir='ltr'><strong>quod</strong></span> <span class='ocrx_word' id='word_1_373' title='bbox 1415 4817 1466 4864; x_wconf 92' lang='lat' dir='ltr'><strong>te</strong></span> <span class='ocrx_word' id='word_1_374' title='bbox 1494 4809 1767 4879; x_wconf 91' lang='lat' dir='ltr'><strong>voluptate</strong></span> <span class='ocrx_word' id='word_1_375' title='bbox 1795 4810 1906 4878; x_wconf 88' lang='lat' dir='ltr'><strong>pri-</strong></span> 
     </span>
    </p>
   </div>
   <div class='ocr_carea' id='block_1_50' title="bbox 312 4900 1907 4974">
    <p class='ocr_par' dir='ltr' id='par_1_50' title="bbox 312 4900 1907 4974">
     <span class='ocr_line' id='line_1_50' title="bbox 312 4900 1907 4974; baseline -0.004 -13"><span class='ocrx_word' id='word_1_376' title='bbox 312 4923 476 4969; x_wconf 88' lang='lat' dir='ltr'><strong>vem;</strong></span> <span class='ocrx_word' id='word_1_377' title='bbox 505 4914 561 4959; x_wconf 88' lang='lat' dir='ltr'><strong>at</strong></span> <span class='ocrx_word' id='word_1_378' title='bbox 586 4906 792 4970; x_wconf 64' lang='lat' dir='ltr'><strong>laetare,</strong></span> <span class='ocrx_word' id='word_1_379' title='bbox 821 4905 941 4974; x_wconf 84' lang='lat' dir='ltr'><strong>quia</strong></span> <span class='ocrx_word' id='word_1_380' title='bbox 978 4903 1073 4957; x_wconf 92' lang='lat' dir='ltr'><strong>tibi</strong></span> <span class='ocrx_word' id='word_1_381' title='bbox 1104 4903 1293 4956; x_wconf 66' lang='lat' dir='ltr'><strong>caelum</strong></span> <span class='ocrx_word' id='word_1_382' title='bbox 1323 4900 1596 4971; x_wconf 90' lang='lat' dir='ltr'><strong>provideo.</strong></span> <span class='ocrx_word' id='word_1_383' title='bbox 1637 4901 1751 4955; x_wconf 87' lang='lat' dir='ltr'><strong>Non</strong></span> <span class='ocrx_word' id='word_1_384' title='bbox 1782 4915 1907 4969; x_wconf 91' lang='lat' dir='ltr'><strong>pro-</strong></span> 
     </span>
    </p>
   </div>
   <div class='ocr_carea' id='block_1_51' title="bbox 314 4994 1908 5074">
    <p class='ocr_par' dir='ltr' id='par_1_51' title="bbox 314 4994 1908 5074">
     <span class='ocr_line' id='line_1_51' title="bbox 314 4994 1908 5074; baseline -0.004 -19"><span class='ocrx_word' id='word_1_385' title='bbox 314 5013 435 5074; x_wconf 86' lang='lat' dir='ltr'><strong>pter</strong></span> <span class='ocrx_word' id='word_1_386' title='bbox 475 5000 771 5064; x_wconf 91' lang='lat' dir='ltr'><strong>hominem,</strong></span> <span class='ocrx_word' id='word_1_387' title='bbox 802 4998 897 5052; x_wconf 91' lang='lat' dir='ltr'><strong>sed</strong></span> <span class='ocrx_word' id='word_1_388' title='bbox 928 5004 1143 5066; x_wconf 89' lang='lat' dir='ltr'><strong>propter</strong></span> <span class='ocrx_word' id='word_1_389' title='bbox 1178 4995 1342 5049; x_wconf 81' lang='lat' dir='ltr'><strong>Deum</strong></span> <span class='ocrx_word' id='word_1_390' title='bbox 1386 4994 1646 5064; x_wconf 88' lang='lat' dir='ltr'><strong>operaris.</strong></span> <span class='ocrx_word' id='word_1_391' title='bbox 1686 4995 1908 5049; x_wconf 89' lang='lat' dir='ltr'><strong>Paulum</strong></span> 
     </span>
    </p>
   </div>
   <div class='ocr_carea' id='block_1_52' title="bbox 315 5087 1908 5165">
    <p class='ocr_par' dir='ltr' id='par_1_52' title="bbox 315 5087 1908 5165">
     <span class='ocr_line' id='line_1_52' title="bbox 315 5087 1908 5165; baseline -0.005 -17"><span class='ocrx_word' id='word_1_392' title='bbox 315 5095 477 5165; x_wconf 71' lang='lat' dir='ltr'><strong>igitur</strong></span> <span class='ocrx_word' id='word_1_393' title='bbox 502 5102 773 5163; x_wconf 84' lang='lat' dir='ltr'><strong>exspecta,</strong></span> <span class='ocrx_word' id='word_1_394' title='bbox 798 5099 852 5144; x_wconf 93' lang='lat' dir='ltr'><strong>et</strong></span> <span class='ocrx_word' id='word_1_395' title='bbox 874 5088 1080 5143; x_wconf 90' lang='lat' dir='ltr'><strong>videbis</strong></span> <span class='ocrx_word' id='word_1_396' title='bbox 1098 5097 1353 5158; x_wconf 90' lang='lat' dir='ltr'><strong>quantum</strong></span> <span class='ocrx_word' id='word_1_397' title='bbox 1377 5087 1579 5141; x_wconf 91' lang='lat' dir='ltr'><strong>lucrum</strong></span> <span class='ocrx_word' id='word_1_398' title='bbox 1600 5100 1908 5157; x_wconf 89' lang='lat' dir='ltr'><strong>assequare.</strong></span> 
     </span>
    </p>
   </div>
   <div class='ocr_carea' id='block_1_53' title="bbox 316 5180 1910 5254">
    <p class='ocr_par' dir='ltr' id='par_1_53' title="bbox 316 5180 1910 5254">
     <span class='ocr_line' id='line_1_53' title="bbox 316 5180 1910 5254; baseline -0.006 -11"><span class='ocrx_word' id='word_1_399' title='bbox 316 5188 608 5243; x_wconf 85' lang='lat' dir='ltr'><strong>Persevera</strong></span> <span class='ocrx_word' id='word_1_400' title='bbox 642 5201 735 5254; x_wconf 87' lang='lat' dir='ltr'><strong>per</strong></span> <span class='ocrx_word' id='word_1_401' title='bbox 762 5184 897 5239; x_wconf 81' lang='lat' dir='ltr'><strong>hanc</strong></span> <span class='ocrx_word' id='word_1_402' title='bbox 924 5186 1107 5248; x_wconf 88' lang='lat' dir='ltr'><strong>vitam,</strong></span> <span class='ocrx_word' id='word_1_403' title='bbox 1138 5191 1192 5239; x_wconf 91' lang='lat' dir='ltr'><strong>et</strong></span> <span class='ocrx_word' id='word_1_404' title='bbox 1218 5182 1462 5237; x_wconf 88' lang='lat' dir='ltr'><strong>fiduciam</strong></span> <span class='ocrx_word' id='word_1_405' title='bbox 1485 5181 1749 5236; x_wconf 91' lang='lat' dir='ltr'><strong>obtinebis</strong></span> <span class='ocrx_word' id='word_1_406' title='bbox 1772 5180 1910 5236; x_wconf 89' lang='lat' dir='ltr'><strong>inef-</strong></span> 
     </span>
    </p>
   </div>
   <div class='ocr_carea' id='block_1_54' title="bbox 316 5272 1911 5345">
    <p class='ocr_par' dir='ltr' id='par_1_54' title="bbox 316 5272 1911 5345">
     <span class='ocr_line' id='line_1_54' title="bbox 316 5272 1911 5345; baseline -0.006 -11"><span class='ocrx_word' id='word_1_407' title='bbox 316 5279 556 5334; x_wconf 89' lang='lat' dir='ltr'><strong>fabilem.</strong></span> <span class='ocrx_word' id='word_1_408' title='bbox 588 5277 645 5331; x_wconf 90' lang='lat' dir='ltr'><strong>Si</strong></span> <span class='ocrx_word' id='word_1_409' title='bbox 673 5276 863 5331; x_wconf 88' lang='lat' dir='ltr'><strong>talibus</strong></span> <span class='ocrx_word' id='word_1_410' title='bbox 887 5276 1056 5345; x_wconf 88' lang='lat' dir='ltr'><strong>ipsam</strong></span> <span class='ocrx_word' id='word_1_411' title='bbox 1084 5274 1439 5343; x_wconf 89' lang='lat' dir='ltr'><strong>alloquamur,</strong></span> <span class='ocrx_word' id='word_1_412' title='bbox 1470 5281 1525 5328; x_wconf 91' lang='lat' dir='ltr'><strong>et</strong></span> <span class='ocrx_word' id='word_1_413' title='bbox 1558 5272 1605 5327; x_wconf 91' lang='lat' dir='ltr'><strong>si</strong></span> <span class='ocrx_word' id='word_1_414' title='bbox 1643 5288 1750 5327; x_wconf 90' lang='lat' dir='ltr'><strong>non</strong></span> <span class='ocrx_word' id='word_1_415' title='bbox 1791 5282 1911 5325; x_wconf 89' lang='lat' dir='ltr'><strong>lan—</strong></span> 
     </span>
    </p>
   </div>
   <div class='ocr_carea' id='block_1_55' title="bbox 319 5365 1912 5440">
    <p class='ocr_par' dir='ltr' id='par_1_55' title="bbox 319 5365 1912 5440">
     <span class='ocr_line' id='line_1_55' title="bbox 319 5365 1912 5440; baseline -0.005 -13"><span class='ocrx_word' id='word_1_416' title='bbox 319 5384 431 5427; x_wconf 87' lang='lat' dir='ltr'><strong>tum</strong></span> <span class='ocrx_word' id='word_1_417' title='bbox 455 5371 669 5427; x_wconf 90' lang='lat' dir='ltr'><strong>virtutis</strong></span> <span class='ocrx_word' id='word_1_418' title='bbox 696 5369 903 5440; x_wconf 89' lang='lat' dir='ltr'><strong>pondus</strong></span> <span class='ocrx_word' id='word_1_419' title='bbox 930 5380 984 5424; x_wconf 91' lang='lat' dir='ltr'><strong>et</strong></span> <span class='ocrx_word' id='word_1_420' title='bbox 1010 5368 1330 5434; x_wconf 89' lang='lat' dir='ltr'><strong>molestiam,</strong></span> <span class='ocrx_word' id='word_1_421' title='bbox 1362 5365 1455 5422; x_wconf 91' lang='lat' dir='ltr'><strong>sed</strong></span> <span class='ocrx_word' id='word_1_422' title='bbox 1483 5365 1642 5420; x_wconf 85' lang='lat' dir='ltr'><strong>etiam</strong></span> <span class='ocrx_word' id='word_1_423' title='bbox 1667 5380 1824 5435; x_wconf 92' lang='lat' dir='ltr'><strong>quam</strong></span> <span class='ocrx_word' id='word_1_424' title='bbox 1845 5380 1912 5419; x_wconf 85' lang='lat' dir='ltr'><strong>ex</strong></span> 
     </span>
    </p>
   </div>
   <div class='ocr_carea' id='block_1_56' title="bbox 319 5457 1914 5535">
    <p class='ocr_par' dir='ltr' id='par_1_56' title="bbox 319 5457 1914 5535">
     <span class='ocr_line' id='line_1_56' title="bbox 319 5457 1914 5535; baseline -0.005 -16"><span class='ocrx_word' id='word_1_425' title='bbox 319 5466 405 5519; x_wconf 86' lang='lat' dir='ltr'><strong>illa</strong></span> <span class='ocrx_word' id='word_1_426' title='bbox 433 5464 813 5535; x_wconf 89' lang='lat' dir='ltr'><strong>consequimur</strong></span> <span class='ocrx_word' id='word_1_427' title='bbox 850 5476 1104 5518; x_wconf 87' lang='lat' dir='ltr'><strong>coronam</strong></span> <span class='ocrx_word' id='word_1_428' title='bbox 1140 5462 1195 5515; x_wconf 91' lang='lat' dir='ltr'><strong>in</strong></span> <span class='ocrx_word' id='word_1_429' title='bbox 1233 5468 1414 5515; x_wconf 91' lang='lat' dir='ltr'><strong>mente</strong></span> <span class='ocrx_word' id='word_1_430' title='bbox 1454 5457 1765 5517; x_wconf 90' lang='lat' dir='ltr'><strong>habeamus.</strong></span> <span class='ocrx_word' id='word_1_431' title='bbox 1807 5458 1914 5512; x_wconf 92' lang='lat' dir='ltr'><strong>cito</strong></span> 
     </span>
    </p>
   </div>
   <div class='ocr_carea' id='block_1_57' title="bbox 320 5547 1914 5624">
    <p class='ocr_par' dir='ltr' id='par_1_57' title="bbox 320 5547 1914 5624">
     <span class='ocr_line' id='line_1_57' title="bbox 320 5547 1914 5624; baseline -0.004 -14"><span class='ocrx_word' id='word_1_432' title='bbox 320 5555 467 5613; x_wconf 85' lang='lat' dir='ltr'><strong>illam</strong></span> <span class='ocrx_word' id='word_1_433' title='bbox 501 5556 570 5611; x_wconf 91' lang='lat' dir='ltr'><strong>ab</strong></span> <span class='ocrx_word' id='word_1_434' title='bbox 607 5555 756 5611; x_wconf 90' lang='lat' dir='ltr'><strong>omni</strong></span> <span class='ocrx_word' id='word_1_435' title='bbox 796 5552 1029 5624; x_wconf 86' lang='lat' dir='ltr'><strong>nequitia</strong></span> <span class='ocrx_word' id='word_1_436' title='bbox 1073 5552 1428 5607; x_wconf 88' lang='lat' dir='ltr'><strong>retrahemus.</strong></span> <span class='ocrx_word' id='word_1_437' title='bbox 1460 5549 1595 5604; x_wconf 89' lang='lat' dir='ltr'><strong>Nam</strong></span> <span class='ocrx_word' id='word_1_438' title='bbox 1637 5547 1685 5602; x_wconf 91' lang='lat' dir='ltr'><strong>si</strong></span> <span class='ocrx_word' id='word_1_439' title='bbox 1727 5548 1914 5603; x_wconf 85' lang='lat' dir='ltr'><strong>diabo-</strong></span> 
     </span>
    </p>
   </div>
   <div class='ocr_carea' id='block_1_58' title="bbox 317 5640 1914 5717">
    <p class='ocr_par' dir='ltr' id='par_1_58' title="bbox 317 5640 1914 5717">
     <span class='ocr_line' id='line_1_58' title="bbox 317 5640 1914 5717; baseline -0.007 -13"><span class='ocrx_word' id='word_1_440' title='bbox 317 5651 426 5717; x_wconf 89' lang='lat' dir='ltr'><strong>lus,</strong></span> <span class='ocrx_word' id='word_1_441' title='bbox 479 5648 768 5704; x_wconf 89' lang='lat' dir='ltr'><strong>ostendens</strong></span> <span class='ocrx_word' id='word_1_442' title='bbox 817 5654 1218 5715; x_wconf 89' lang='lat' dir='ltr'><strong>temporaneam</strong></span> <span class='ocrx_word' id='word_1_443' title='bbox 1269 5644 1619 5713; x_wconf 90' lang='lat' dir='ltr'><strong>voluptatem,</strong></span> <span class='ocrx_word' id='word_1_444' title='bbox 1672 5640 1914 5695; x_wconf 91' lang='lat' dir='ltr'><strong>dolorem</strong></span> 
     </span>
    </p>
   </div>
   <div class='ocr_carea' id='block_1_59' title="bbox 320 5732 1917 5812">
    <p class='ocr_par' dir='ltr' id='par_1_59' title="bbox 320 5732 1917 5812">
     <span class='ocr_line' id='line_1_59' title="bbox 320 5732 1917 5812; baseline -0.005 -15"><span class='ocrx_word' id='word_1_445' title='bbox 320 5758 450 5797; x_wconf 91' lang='lat' dir='ltr'><strong>vero</strong></span> <span class='ocrx_word' id='word_1_446' title='bbox 477 5749 815 5812; x_wconf 89' lang='lat' dir='ltr'><strong>perpetuum,</strong></span> <span class='ocrx_word' id='word_1_447' title='bbox 849 5747 1027 5793; x_wconf 90' lang='lat' dir='ltr'><strong>tamen</strong></span> <span class='ocrx_word' id='word_1_448' title='bbox 1054 5736 1310 5807; x_wconf 66' lang='lat' dir='ltr'><strong>praevalet</strong></span> <span class='ocrx_word' id='word_1_449' title='bbox 1340 5744 1395 5791; x_wconf 93' lang='lat' dir='ltr'><strong>et</strong></span> <span class='ocrx_word' id='word_1_450' title='bbox 1422 5736 1585 5790; x_wconf 83' lang='lat' dir='ltr'><strong>vincit</strong></span> <span class='ocrx_word' id='word_1_451' title='bbox 1611 5752 1625 5787; x_wconf 88' lang='lat'><strong>:</strong></span> <span class='ocrx_word' id='word_1_452' title='bbox 1652 5749 1773 5788; x_wconf 91' lang='lat' dir='ltr'><strong>cum</strong></span> <span class='ocrx_word' id='word_1_453' title='bbox 1803 5732 1917 5789; x_wconf 66' lang='lat' dir='ltr'><strong>haec</strong></span> 
     </span>
    </p>
   </div>
   <div class='ocr_carea' id='block_1_60' title="bbox 327 5824 1914 5903">
    <p class='ocr_par' dir='ltr' id='par_1_60' title="bbox 327 5824 1914 5903">
     <span class='ocr_line' id='line_1_60' title="bbox 327 5824 1914 5903; baseline -0.008 -7"><span class='ocrx_word' id='word_1_454' title='bbox 327 5836 383 5896; x_wconf 81' lang='lat' dir='ltr'><strong>in</strong></span> <span class='ocrx_word' id='word_1_455' title='bbox 408 5834 740 5893; x_wconf 88' lang='lat' dir='ltr'><strong>contrarium</strong></span> <span class='ocrx_word' id='word_1_456' title='bbox 782 5847 937 5890; x_wconf 84' lang='lat' dir='ltr'><strong>versa</strong></span> <span class='ocrx_word' id='word_1_457' title='bbox 966 5830 1383 5903; x_wconf 77' lang='lat' dir='ltr'><strong>respexerimus,</strong></span> <span class='ocrx_word' id='word_1_458' title='bbox 1425 5828 1659 5886; x_wconf 80' lang='lat' dir='ltr'><strong>laborem</strong></span> <span class='ocrx_word' id='word_1_459' title='bbox 1700 5824 1914 5898; x_wconf 84' lang='lat' dir='ltr'><strong>quidem</strong></span> 
     </span>
    </p>
   </div>
   <div class='ocr_carea' id='block_1_61' title="bbox 1492 359 2451 422">
    <p class='ocr_par' dir='ltr' id='par_1_61' title="bbox 1492 359 2451 422">
     <span class='ocr_line' id='line_1_61' title="bbox 1492 359 2451 422; baseline 0.004 -4"><span class='ocrx_word' id='word_1_460' title='bbox 1492 363 1559 418; x_wconf 79' lang='lat' dir='ltr'><strong>IN</strong></span> <span class='ocrx_word' id='word_1_461' title='bbox 1596 359 2000 417; x_wconf 71' lang='lat' dir='ltr'><strong>MATTH/EUM</strong></span> <span class='ocrx_word' id='word_1_462' title='bbox 2043 360 2270 419; x_wconf 79' lang='lat' dir='ltr'><strong>ilOMlL.</strong></span> <span class='ocrx_word' id='word_1_463' title='bbox 2315 366 2451 422; x_wconf 75' lang='lat' dir='ltr'><strong>XVI.</strong></span> 
     </span>
    </p>
   </div>
   <div class='ocr_carea' id='block_1_62' title="bbox 3505 372 3611 428">
    <p class='ocr_par' dir='ltr' id='par_1_62' title="bbox 3505 372 3611 428">
     <span class='ocr_line' id='line_1_62' title="bbox 3505 372 3611 428; baseline -0.019 1"><span class='ocrx_word' id='word_1_464' title='bbox 3505 372 3611 428; x_wconf 69' lang='grc'><strong>⁸254</strong></span> 
     </span>
    </p>
   </div>
   <div class='ocr_carea' id='block_1_63' title="bbox 2033 481 3612 554">
    <p class='ocr_par' dir='ltr' id='par_1_63' title="bbox 2033 481 3612 554">
     <span class='ocr_line' id='line_1_63' title="bbox 2033 481 3612 554; baseline 0.004 -21"><span class='ocrx_word' id='word_1_465' title='bbox 2033 487 2454 549; x_wconf 90' lang='lat' dir='ltr'><strong>temporanenm,</strong></span> <span class='ocrx_word' id='word_1_466' title='bbox 2484 481 2810 552; x_wconf 88' lang='lat' dir='ltr'><strong>voluptatem</strong></span> <span class='ocrx_word' id='word_1_467' title='bbox 2831 496 2965 538; x_wconf 87' lang='lat' dir='ltr'><strong>vero</strong></span> <span class='ocrx_word' id='word_1_468' title='bbox 2988 483 3373 554; x_wconf 83' lang='lat' dir='ltr'><strong>utilitatemque</strong></span> <span class='ocrx_word' id='word_1_469' title='bbox 3394 484 3612 541; x_wconf 86' lang='lat' dir='ltr'><strong>immor-</strong></span> 
     </span>
    </p>
   </div>
   <div class='ocr_carea' id='block_1_64' title="bbox 2030 572 3614 647">
    <p class='ocr_par' dir='ltr' id='par_1_64' title="bbox 2030 572 3614 647">
     <span class='ocr_line' id='line_1_64' title="bbox 2030 572 3614 647; baseline 0.004 -22"><span class='ocrx_word' id='word_1_470' title='bbox 2030 572 2210 638; x_wconf 86' lang='lat' dir='ltr'><strong>talem,</strong></span> <span class='ocrx_word' id='word_1_471' title='bbox 2241 588 2342 643; x_wconf 90' lang='lat' dir='ltr'><strong>qua</strong></span> <span class='ocrx_word' id='word_1_472' title='bbox 2373 572 2579 628; x_wconf 85' lang='lat' dir='ltr'><strong>ratione</strong></span> <span class='ocrx_word' id='word_1_473' title='bbox 2619 577 2862 631; x_wconf 86' lang='lat' dir='ltr'><strong>excusari</strong></span> <span class='ocrx_word' id='word_1_474' title='bbox 2904 576 3216 645; x_wconf 87' lang='lat' dir='ltr'><strong>poterimus,</strong></span> <span class='ocrx_word' id='word_1_475' title='bbox 3264 576 3309 631; x_wconf 89' lang='lat' dir='ltr'><strong>si</strong></span> <span class='ocrx_word' id='word_1_476' title='bbox 3341 588 3458 647; x_wconf 90' lang='lat' dir='ltr'><strong>post</strong></span> <span class='ocrx_word' id='word_1_477' title='bbox 3497 588 3614 631; x_wconf 86' lang='lat' dir='ltr'><strong>tan-</strong></span> 
     </span>
    </p>
   </div>
   <div class='ocr_carea' id='block_1_65' title="bbox 2029 666 3611 735">
    <p class='ocr_par' dir='ltr' id='par_1_65' title="bbox 2029 666 3611 735">
     <span class='ocr_line' id='line_1_65' title="bbox 2029 666 3611 735; baseline 0.005 -16"><span class='ocrx_word' id='word_1_478' title='bbox 2029 672 2135 719; x_wconf 86' lang='lat' dir='ltr'><strong>tam</strong></span> <span class='ocrx_word' id='word_1_479' title='bbox 2167 666 2609 735; x_wconf 91' lang='lat' dir='ltr'><strong>consolationem,</strong></span> <span class='ocrx_word' id='word_1_480' title='bbox 2642 670 2891 725; x_wconf 90' lang='lat' dir='ltr'><strong>virtutem</strong></span> <span class='ocrx_word' id='word_1_481' title='bbox 2920 684 3027 725; x_wconf 93' lang='lat' dir='ltr'><strong>non</strong></span> <span class='ocrx_word' id='word_1_482' title='bbox 3070 670 3363 726; x_wconf 84' lang='lat' dir='ltr'><strong>adeamus?</strong></span> <span class='ocrx_word' id='word_1_483' title='bbox 3407 672 3611 728; x_wconf 80' lang='lat' dir='ltr'><strong>Sufficit</strong></span> 
     </span>
    </p>
   </div>
   <div class='ocr_carea' id='block_1_66' title="bbox 2028 757 3609 835">
    <p class='ocr_par' dir='ltr' id='par_1_66' title="bbox 2028 757 3609 835">
     <span class='ocr_line' id='line_1_66' title="bbox 2028 757 3609 835; baseline 0.006 -25"><span class='ocrx_word' id='word_1_484' title='bbox 2028 757 2184 812; x_wconf 90' lang='lat' dir='ltr'><strong>nobis</strong></span> <span class='ocrx_word' id='word_1_485' title='bbox 2228 775 2337 828; x_wconf 80' lang='lat' dir='ltr'><strong>pra:</strong></span> <span class='ocrx_word' id='word_1_486' title='bbox 2377 760 2627 816; x_wconf 90' lang='lat' dir='ltr'><strong>omnibus</strong></span> <span class='ocrx_word' id='word_1_487' title='bbox 2671 770 3042 833; x_wconf 81' lang='lat' dir='ltr'><strong>argumentum</strong></span> <span class='ocrx_word' id='word_1_488' title='bbox 3082 772 3138 817; x_wconf 92' lang='lat' dir='ltr'><strong>et</strong></span> <span class='ocrx_word' id='word_1_489' title='bbox 3179 779 3338 819; x_wconf 90' lang='lat' dir='ltr'><strong>causa</strong></span> <span class='ocrx_word' id='word_1_490' title='bbox 3378 768 3609 835; x_wconf 87' lang='lat' dir='ltr'><strong>suscepti</strong></span> 
     </span>
    </p>
   </div>
   <div class='ocr_carea' id='block_1_67' title="bbox 2027 850 3608 927">
    <p class='ocr_par' dir='ltr' id='par_1_67' title="bbox 2027 850 3608 927">
     <span class='ocr_line' id='line_1_67' title="bbox 2027 850 3608 927; baseline 0.005 -24"><span class='ocrx_word' id='word_1_491' title='bbox 2027 850 2242 919; x_wconf 88' lang='lat' dir='ltr'><strong>laboris,</strong></span> <span class='ocrx_word' id='word_1_492' title='bbox 2273 854 2317 907; x_wconf 92' lang='lat' dir='ltr'><strong>si</strong></span> <span class='ocrx_word' id='word_1_493' title='bbox 2346 854 2563 908; x_wconf 91' lang='lat' dir='ltr'><strong>omnino</strong></span> <span class='ocrx_word' id='word_1_494' title='bbox 2590 854 2830 925; x_wconf 89' lang='lat' dir='ltr'><strong>persuasi</strong></span> <span class='ocrx_word' id='word_1_495' title='bbox 2860 855 3025 909; x_wconf 89' lang='lat' dir='ltr'><strong>simus</strong></span> <span class='ocrx_word' id='word_1_496' title='bbox 3062 870 3159 909; x_wconf 90' lang='lat' dir='ltr'><strong>nos</strong></span> <span class='ocrx_word' id='word_1_497' title='bbox 3195 864 3412 927; x_wconf 89' lang='lat' dir='ltr'><strong>propter</strong></span> <span class='ocrx_word' id='word_1_498' title='bbox 3441 857 3608 911; x_wconf 90' lang='lat' dir='ltr'><strong>Deum</strong></span> 
     </span>
    </p>
   </div>
   <div class='ocr_carea' id='block_1_68' title="bbox 2027 941 3610 1018">
    <p class='ocr_par' dir='ltr' id='par_1_68' title="bbox 2027 941 3610 1018">
     <span class='ocr_line' id='line_1_68' title="bbox 2027 941 3610 1018; baseline 0.004 -21"><span class='ocrx_word' id='word_1_499' title='bbox 2027 941 2143 999; x_wconf 75' lang='lat' dir='ltr'><strong>inec</strong></span> <span class='ocrx_word' id='word_1_500' title='bbox 2171 946 2348 1000; x_wconf 92' lang='lat' dir='ltr'><strong>omnia</strong></span> <span class='ocrx_word' id='word_1_501' title='bbox 2374 947 2501 1016; x_wconf 89' lang='lat' dir='ltr'><strong>pati.</strong></span> <span class='ocrx_word' id='word_1_502' title='bbox 2532 946 2663 1001; x_wconf 87' lang='lat' dir='ltr'><strong>Nam</strong></span> <span class='ocrx_word' id='word_1_503' title='bbox 2691 948 2734 1002; x_wconf 92' lang='lat' dir='ltr'><strong>si</strong></span> <span class='ocrx_word' id='word_1_504' title='bbox 2760 948 2879 1018; x_wconf 92' lang='lat' dir='ltr'><strong>quis</strong></span> <span class='ocrx_word' id='word_1_505' title='bbox 2915 947 3293 1016; x_wconf 87' lang='lat' dir='ltr'><strong>Imperatorem</strong></span> <span class='ocrx_word' id='word_1_506' title='bbox 3333 949 3437 1004; x_wconf 91' lang='lat' dir='ltr'><strong>sibi</strong></span> <span class='ocrx_word' id='word_1_507' title='bbox 3463 949 3610 1004; x_wconf 76' lang='lat' dir='ltr'><strong>debi~</strong></span> 
     </span>
    </p>
   </div>
   <div class='ocr_carea' id='block_1_69' title="bbox 2027 1037 3608 1109">
    <p class='ocr_par' dir='ltr' id='par_1_69' title="bbox 2027 1037 3608 1109">
     <span class='ocr_line' id='line_1_69' title="bbox 2027 1037 3608 1109; baseline 0 -18"><span class='ocrx_word' id='word_1_508' title='bbox 2027 1045 2195 1092; x_wconf 90' lang='lat' dir='ltr'><strong>torem</strong></span> <span class='ocrx_word' id='word_1_509' title='bbox 2223 1037 2436 1102; x_wconf 88' lang='lat' dir='ltr'><strong>habeat,</strong></span> <span class='ocrx_word' id='word_1_510' title='bbox 2466 1053 2526 1094; x_wconf 92' lang='lat' dir='ltr'><strong>se</strong></span> <span class='ocrx_word' id='word_1_511' title='bbox 2552 1054 2646 1109; x_wconf 91' lang='lat' dir='ltr'><strong>per</strong></span> <span class='ocrx_word' id='word_1_512' title='bbox 2667 1048 2831 1094; x_wconf 91' lang='lat' dir='ltr'><strong>totam</strong></span> <span class='ocrx_word' id='word_1_513' title='bbox 2859 1041 3019 1094; x_wconf 89' lang='lat' dir='ltr'><strong>vitam</strong></span> <span class='ocrx_word' id='word_1_514' title='bbox 3050 1040 3365 1094; x_wconf 90' lang='lat' dir='ltr'><strong>tutissimam</strong></span> <span class='ocrx_word' id='word_1_515' title='bbox 3403 1041 3608 1095; x_wconf 82' lang='lat' dir='ltr'><strong>cautio-</strong></span> 
     </span>
    </p>
   </div>
   <div class='ocr_carea' id='block_1_70' title="bbox 2025 1127 3607 1200">
    <p class='ocr_par' dir='ltr' id='par_1_70' title="bbox 2025 1127 3607 1200">
     <span class='ocr_line' id='line_1_70' title="bbox 2025 1127 3607 1200; baseline 0 -19"><span class='ocrx_word' id='word_1_516' title='bbox 2025 1143 2148 1181; x_wconf 91' lang='lat' dir='ltr'><strong>nem</strong></span> <span class='ocrx_word' id='word_1_517' title='bbox 2181 1127 2375 1184; x_wconf 88' lang='lat' dir='ltr'><strong>habere</strong></span> <span class='ocrx_word' id='word_1_518' title='bbox 2404 1137 2554 1197; x_wconf 90' lang='lat' dir='ltr'><strong>putat</strong></span> <span class='ocrx_word' id='word_1_519' title='bbox 2596 1146 2608 1181; x_wconf 91' lang='lat'><strong>:</strong></span> <span class='ocrx_word' id='word_1_520' title='bbox 2652 1132 2821 1199; x_wconf 85' lang='lat' dir='ltr'><strong>cogita</strong></span> <span class='ocrx_word' id='word_1_521' title='bbox 2860 1138 3087 1199; x_wconf 90' lang='lat' dir='ltr'><strong>quantus</strong></span> <span class='ocrx_word' id='word_1_522' title='bbox 3130 1130 3199 1184; x_wconf 89' lang='lat' dir='ltr'><strong>sit</strong></span> <span class='ocrx_word' id='word_1_523' title='bbox 3228 1129 3293 1194; x_wconf 91' lang='lat' dir='ltr'><strong>is,</strong></span> <span class='ocrx_word' id='word_1_524' title='bbox 3325 1130 3414 1200; x_wconf 93' lang='lat' dir='ltr'><strong>qui</strong></span> <span class='ocrx_word' id='word_1_525' title='bbox 3457 1129 3607 1184; x_wconf 79' lang='lat' dir='ltr'><strong>beni-</strong></span> 
     </span>
    </p>
   </div>
   <div class='ocr_carea' id='block_1_71' title="bbox 2024 1222 3607 1291">
    <p class='ocr_par' dir='ltr' id='par_1_71' title="bbox 2024 1222 3607 1291">
     <span class='ocr_line' id='line_1_71' title="bbox 2024 1222 3607 1291; baseline 0.004 -19"><span class='ocrx_word' id='word_1_526' title='bbox 2024 1235 2185 1290; x_wconf 84' lang='lat' dir='ltr'><strong>gnum</strong></span> <span class='ocrx_word' id='word_1_527' title='bbox 2230 1236 2547 1291; x_wconf 90' lang='lat' dir='ltr'><strong>semperque</strong></span> <span class='ocrx_word' id='word_1_528' title='bbox 2577 1222 2838 1277; x_wconf 81' lang='lat' dir='ltr'><strong>viventem</strong></span> <span class='ocrx_word' id='word_1_529' title='bbox 2870 1222 3035 1277; x_wconf 91' lang='lat' dir='ltr'><strong>Deum</strong></span> <span class='ocrx_word' id='word_1_530' title='bbox 3081 1231 3136 1278; x_wconf 89' lang='lat' dir='ltr'><strong>et</strong></span> <span class='ocrx_word' id='word_1_531' title='bbox 3175 1222 3515 1277; x_wconf 82' lang='lat' dir='ltr'><strong>minimarum</strong></span> <span class='ocrx_word' id='word_1_532' title='bbox 3555 1235 3607 1279; x_wconf 92' lang='lat' dir='ltr'><strong>et</strong></span> 
     </span>
    </p>
   </div>
   <div class='ocr_carea' id='block_1_72' title="bbox 2022 1314 3608 1386">
    <p class='ocr_par' dir='ltr' id='par_1_72' title="bbox 2022 1314 3608 1386">
     <span class='ocr_line' id='line_1_72' title="bbox 2022 1314 3608 1386; baseline 0 -16"><span class='ocrx_word' id='word_1_533' title='bbox 2022 1316 2182 1370; x_wconf 88' lang='lat' dir='ltr'><strong>simul</strong></span> <span class='ocrx_word' id='word_1_534' title='bbox 2207 1330 2519 1386; x_wconf 89' lang='lat' dir='ltr'><strong>magnorum</strong></span> <span class='ocrx_word' id='word_1_535' title='bbox 2550 1316 2684 1386; x_wconf 87' lang='lat' dir='ltr'><strong>frugi</strong></span> <span class='ocrx_word' id='word_1_536' title='bbox 2713 1330 2932 1386; x_wconf 90' lang='lat' dir='ltr'><strong>operum</strong></span> <span class='ocrx_word' id='word_1_537' title='bbox 2962 1316 3058 1370; x_wconf 90' lang='lat' dir='ltr'><strong>sibi</strong></span> <span class='ocrx_word' id='word_1_538' title='bbox 3084 1314 3379 1370; x_wconf 87' lang='lat' dir='ltr'><strong>debitorem</strong></span> <span class='ocrx_word' id='word_1_539' title='bbox 3408 1317 3608 1370; x_wconf 86' lang='lat' dir='ltr'><strong>consti-</strong></span> 
     </span>
    </p>
   </div>
   <div class='ocr_carea' id='block_1_73' title="bbox 2023 1405 3608 1477">
    <p class='ocr_par' dir='ltr' id='par_1_73' title="bbox 2023 1405 3608 1477">
     <span class='ocr_line' id='line_1_73' title="bbox 2023 1405 3608 1477; baseline -0.002 -15"><span class='ocrx_word' id='word_1_540' title='bbox 2023 1408 2142 1462; x_wconf 92' lang='lat' dir='ltr'><strong>tuit.</strong></span> <span class='ocrx_word' id='word_1_541' title='bbox 2166 1407 2243 1462; x_wconf 84' lang='lat' dir='ltr'><strong>Ne</strong></span> <span class='ocrx_word' id='word_1_542' title='bbox 2272 1408 2450 1477; x_wconf 90' lang='lat' dir='ltr'><strong>itaque</strong></span> <span class='ocrx_word' id='word_1_543' title='bbox 2474 1407 2605 1461; x_wconf 91' lang='lat' dir='ltr'><strong>mihi</strong></span> <span class='ocrx_word' id='word_1_544' title='bbox 2634 1408 2846 1462; x_wconf 88' lang='lat' dir='ltr'><strong>labores</strong></span> <span class='ocrx_word' id='word_1_545' title='bbox 2875 1406 3096 1477; x_wconf 77' lang='lat' dir='ltr'><strong>obiicias</strong></span> <span class='ocrx_word' id='word_1_546' title='bbox 3120 1415 3173 1460; x_wconf 90' lang='lat' dir='ltr'><strong>et</strong></span> <span class='ocrx_word' id='word_1_547' title='bbox 3199 1405 3422 1461; x_wconf 88' lang='lat' dir='ltr'><strong>sudores</strong></span> <span class='ocrx_word' id='word_1_548' title='bbox 3454 1422 3469 1467; x_wconf 84' lang='lat'><strong>:</strong></span> <span class='ocrx_word' id='word_1_549' title='bbox 3514 1421 3608 1460; x_wconf 90' lang='lat' dir='ltr'><strong>ne-</strong></span> 
     </span>
    </p>
   </div>
   <div class='ocr_carea' id='block_1_74' title="bbox 2023 1497 3606 1569">
    <p class='ocr_par' dir='ltr' id='par_1_74' title="bbox 2023 1497 3606 1569">
     <span class='ocr_line' id='line_1_74' title="bbox 2023 1497 3606 1569; baseline -0.003 -14"><span class='ocrx_word' id='word_1_550' title='bbox 2023 1516 2127 1569; x_wconf 89' lang='lat' dir='ltr'><strong>que</strong></span> <span class='ocrx_word' id='word_1_551' title='bbox 2155 1501 2295 1555; x_wconf 91' lang='lat' dir='ltr'><strong>enim</strong></span> <span class='ocrx_word' id='word_1_552' title='bbox 2322 1501 2433 1555; x_wconf 90' lang='lat' dir='ltr'><strong>sola</strong></span> <span class='ocrx_word' id='word_1_553' title='bbox 2462 1499 2754 1556; x_wconf 83' lang='lat' dir='ltr'><strong>futurorum</strong></span> <span class='ocrx_word' id='word_1_554' title='bbox 2792 1514 2908 1568; x_wconf 90' lang='lat' dir='ltr'><strong>spe,</strong></span> <span class='ocrx_word' id='word_1_555' title='bbox 2940 1501 3034 1554; x_wconf 90' lang='lat' dir='ltr'><strong>sed</strong></span> <span class='ocrx_word' id='word_1_556' title='bbox 3064 1508 3117 1554; x_wconf 91' lang='lat' dir='ltr'><strong>et</strong></span> <span class='ocrx_word' id='word_1_557' title='bbox 3149 1499 3254 1553; x_wconf 89' lang='lat' dir='ltr'><strong>alio</strong></span> <span class='ocrx_word' id='word_1_558' title='bbox 3282 1498 3442 1553; x_wconf 92' lang='lat' dir='ltr'><strong>modo</strong></span> <span class='ocrx_word' id='word_1_559' title='bbox 3476 1497 3606 1552; x_wconf 87' lang='lat' dir='ltr'><strong>faei-</strong></span> 
     </span>
    </p>
   </div>
   <div class='ocr_carea' id='block_1_75' title="bbox 2022 1588 3604 1658">
    <p class='ocr_par' dir='ltr' id='par_1_75' title="bbox 2022 1588 3604 1658">
     <span class='ocr_line' id='line_1_75' title="bbox 2022 1588 3604 1658; baseline -0.003 -13"><span class='ocrx_word' id='word_1_560' title='bbox 2022 1590 2125 1645; x_wconf 90' lang='lat' dir='ltr'><strong>lcm</strong></span> <span class='ocrx_word' id='word_1_561' title='bbox 2155 1606 2273 1646; x_wconf 91' lang='lat' dir='ltr'><strong>esse</strong></span> <span class='ocrx_word' id='word_1_562' title='bbox 2298 1590 2548 1645; x_wconf 87' lang='lat' dir='ltr'><strong>virtutem</strong></span> <span class='ocrx_word' id='word_1_563' title='bbox 2578 1591 2784 1645; x_wconf 86' lang='lat' dir='ltr'><strong>curavit</strong></span> <span class='ocrx_word' id='word_1_564' title='bbox 2821 1589 2983 1656; x_wconf 84' lang='lat' dir='ltr'><strong>Deus,</strong></span> <span class='ocrx_word' id='word_1_565' title='bbox 3022 1589 3177 1643; x_wconf 88' lang='lat' dir='ltr'><strong>nobis</strong></span> <span class='ocrx_word' id='word_1_566' title='bbox 3212 1588 3409 1658; x_wconf 91' lang='lat' dir='ltr'><strong>ubique</strong></span> <span class='ocrx_word' id='word_1_567' title='bbox 3450 1588 3604 1642; x_wconf 80' lang='lat' dir='ltr'><strong>auxi-</strong></span> 
     </span>
    </p>
   </div>
   <div class='ocr_carea' id='block_1_76' title="bbox 2022 1680 3606 1752">
    <p class='ocr_par' dir='ltr' id='par_1_76' title="bbox 2022 1680 3606 1752">
     <span class='ocr_line' id='line_1_76' title="bbox 2022 1680 3606 1752; baseline -0.003 -16"><span class='ocrx_word' id='word_1_568' title='bbox 2022 1681 2150 1737; x_wconf 89' lang='lat' dir='ltr'><strong>lium</strong></span> <span class='ocrx_word' id='word_1_569' title='bbox 2198 1682 2657 1752; x_wconf 90' lang='lat' dir='ltr'><strong>patrociniumque</strong></span> <span class='ocrx_word' id='word_1_570' title='bbox 2702 1696 2857 1734; x_wconf 71' lang='lat' dir='ltr'><strong>suntm</strong></span> <span class='ocrx_word' id='word_1_571' title='bbox 2905 1681 3227 1751; x_wconf 85' lang='lat' dir='ltr'><strong>praestando.</strong></span> <span class='ocrx_word' id='word_1_572' title='bbox 3269 1680 3324 1735; x_wconf 93' lang='lat' dir='ltr'><strong>Si</strong></span> <span class='ocrx_word' id='word_1_573' title='bbox 3374 1680 3606 1734; x_wconf 87' lang='lat' dir='ltr'><strong>volueris</strong></span> 
     </span>
    </p>
   </div>
   <div class='ocr_carea' id='block_1_77' title="bbox 2021 1772 3607 1844">
    <p class='ocr_par' dir='ltr' id='par_1_77' title="bbox 2021 1772 3607 1844">
     <span class='ocr_line' id='line_1_77' title="bbox 2021 1772 3607 1844; baseline -0.002 -16"><span class='ocrx_word' id='word_1_574' title='bbox 2021 1774 2282 1829; x_wconf 90' lang='lat' dir='ltr'><strong>modicam</strong></span> <span class='ocrx_word' id='word_1_575' title='bbox 2307 1774 2561 1829; x_wconf 90' lang='lat' dir='ltr'><strong>adhibere</strong></span> <span class='ocrx_word' id='word_1_576' title='bbox 2583 1773 2931 1844; x_wconf 82' lang='lat' dir='ltr'><strong>diligentiam,</strong></span> <span class='ocrx_word' id='word_1_577' title='bbox 2954 1783 3146 1828; x_wconf 86' lang='lat' dir='ltr'><strong>caetera</strong></span> <span class='ocrx_word' id='word_1_578' title='bbox 3172 1772 3348 1827; x_wconf 92' lang='lat' dir='ltr'><strong>omnia</strong></span> <span class='ocrx_word' id='word_1_579' title='bbox 3378 1786 3607 1841; x_wconf 86' lang='lat' dir='ltr'><strong>sequen-</strong></span> 
     </span>
    </p>
   </div>
   <div class='ocr_carea' id='block_1_78' title="bbox 2020 1865 3600 1937">
    <p class='ocr_par' dir='ltr' id='par_1_78' title="bbox 2020 1865 3600 1937">
     <span class='ocr_line' id='line_1_78' title="bbox 2020 1865 3600 1937; baseline -0.001 -15"><span class='ocrx_word' id='word_1_580' title='bbox 2020 1877 2125 1922; x_wconf 90' lang='lat' dir='ltr'><strong>tur.</strong></span> <span class='ocrx_word' id='word_1_581' title='bbox 2159 1868 2447 1937; x_wconf 82' lang='lat' dir='ltr'><strong>Propterea</strong></span> <span class='ocrx_word' id='word_1_582' title='bbox 2476 1867 2619 1922; x_wconf 89' lang='lat' dir='ltr'><strong>enim</strong></span> <span class='ocrx_word' id='word_1_583' title='bbox 2651 1877 2701 1921; x_wconf 91' lang='lat' dir='ltr'><strong>te</strong></span> <span class='ocrx_word' id='word_1_584' title='bbox 2728 1867 2840 1921; x_wconf 91' lang='lat' dir='ltr'><strong>vult</strong></span> <span class='ocrx_word' id='word_1_585' title='bbox 2878 1882 3066 1937; x_wconf 82' lang='lat' dir='ltr'><strong>parum</strong></span> <span class='ocrx_word' id='word_1_586' title='bbox 3103 1874 3357 1936; x_wconf 67' lang='lat' dir='ltr'><strong>praestare</strong></span> <span class='ocrx_word' id='word_1_587' title='bbox 3383 1865 3600 1932; x_wconf 86' lang='lat' dir='ltr'><strong>laboris,</strong></span> 
     </span>
    </p>
   </div>
   <div class='ocr_carea' id='block_1_79' title="bbox 2020 1957 3603 2029">
    <p class='ocr_par' dir='ltr' id='par_1_79' title="bbox 2020 1957 3603 2029">
     <span class='ocr_line' id='line_1_79' title="bbox 2020 1957 3603 2029; baseline 0 -16"><span class='ocrx_word' id='word_1_588' title='bbox 2020 1968 2078 2014; x_wconf 92' lang='lat' dir='ltr'><strong>ut</strong></span> <span class='ocrx_word' id='word_1_589' title='bbox 2124 1969 2178 2015; x_wconf 90' lang='lat' dir='ltr'><strong>et</strong></span> <span class='ocrx_word' id='word_1_590' title='bbox 2221 1959 2441 2014; x_wconf 86' lang='lat' dir='ltr'><strong>victoria</strong></span> <span class='ocrx_word' id='word_1_591' title='bbox 2486 1968 2572 2014; x_wconf 90' lang='lat' dir='ltr'><strong>tua</strong></span> <span class='ocrx_word' id='word_1_592' title='bbox 2617 1959 2707 2013; x_wconf 90' lang='lat' dir='ltr'><strong>sit.</strong></span> <span class='ocrx_word' id='word_1_593' title='bbox 2757 1958 2834 2013; x_wconf 86' lang='lat' dir='ltr'><strong>Ac</strong></span> <span class='ocrx_word' id='word_1_594' title='bbox 2873 1957 3318 2029; x_wconf 88' lang='lat' dir='ltr'><strong>quemadmodum</strong></span> <span class='ocrx_word' id='word_1_595' title='bbox 3360 1973 3453 2013; x_wconf 88' lang='lat' dir='ltr'><strong>rex</strong></span> <span class='ocrx_word' id='word_1_596' title='bbox 3494 1959 3603 2014; x_wconf 90' lang='lat' dir='ltr'><strong>vult</strong></span> 
     </span>
    </p>
   </div>
   <div class='ocr_carea' id='block_1_80' title="bbox 2019 2050 3603 2121">
    <p class='ocr_par' dir='ltr' id='par_1_80' title="bbox 2019 2050 3603 2121">
     <span class='ocr_line' id='line_1_80' title="bbox 2019 2050 3603 2121; baseline 0.001 -16"><span class='ocrx_word' id='word_1_597' title='bbox 2019 2052 2181 2105; x_wconf 87' lang='lat' dir='ltr'><strong>filium</strong></span> <span class='ocrx_word' id='word_1_598' title='bbox 2212 2067 2366 2106; x_wconf 92' lang='lat' dir='ltr'><strong>suum</strong></span> <span class='ocrx_word' id='word_1_599' title='bbox 2395 2052 2449 2106; x_wconf 87' lang='lat' dir='ltr'><strong>in</strong></span> <span class='ocrx_word' id='word_1_600' title='bbox 2478 2052 2592 2106; x_wconf 91' lang='lat' dir='ltr'><strong>acie</strong></span> <span class='ocrx_word' id='word_1_601' title='bbox 2620 2059 2783 2117; x_wconf 83' lang='lat' dir='ltr'><strong>stare,</strong></span> <span class='ocrx_word' id='word_1_602' title='bbox 2812 2051 2987 2121; x_wconf 88' lang='lat' dir='ltr'><strong>jacula</strong></span> <span class='ocrx_word' id='word_1_603' title='bbox 3026 2050 3257 2115; x_wconf 91' lang='lat' dir='ltr'><strong>vibrare,</strong></span> <span class='ocrx_word' id='word_1_604' title='bbox 3305 2058 3361 2106; x_wconf 90' lang='lat' dir='ltr'><strong>et</strong></span> <span class='ocrx_word' id='word_1_605' title='bbox 3389 2052 3603 2121; x_wconf 87' lang='lat' dir='ltr'><strong>conspi-</strong></span> 
     </span>
    </p>
   </div>
   <div class='ocr_carea' id='block_1_81' title="bbox 2017 2141 3602 2213">
    <p class='ocr_par' dir='ltr' id='par_1_81' title="bbox 2017 2141 3602 2213">
     <span class='ocr_line' id='line_1_81' title="bbox 2017 2141 3602 2213; baseline 0.001 -17"><span class='ocrx_word' id='word_1_606' title='bbox 2017 2158 2177 2197; x_wconf 92' lang='lat' dir='ltr'><strong>cuum</strong></span> <span class='ocrx_word' id='word_1_607' title='bbox 2208 2157 2346 2210; x_wconf 86' lang='lat' dir='ltr'><strong>esse,</strong></span> <span class='ocrx_word' id='word_1_608' title='bbox 2379 2152 2435 2197; x_wconf 88' lang='lat' dir='ltr'><strong>ut</strong></span> <span class='ocrx_word' id='word_1_609' title='bbox 2464 2142 2565 2213; x_wconf 89' lang='lat' dir='ltr'><strong>ipsi</strong></span> <span class='ocrx_word' id='word_1_610' title='bbox 2597 2151 2853 2212; x_wconf 66' lang='lat' dir='ltr'><strong>tropaeum</strong></span> <span class='ocrx_word' id='word_1_611' title='bbox 2876 2141 3104 2197; x_wconf 85' lang='lat' dir='ltr'><strong>adscribi</strong></span> <span class='ocrx_word' id='word_1_612' title='bbox 3128 2142 3313 2211; x_wconf 89' lang='lat' dir='ltr'><strong>possit,</strong></span> <span class='ocrx_word' id='word_1_613' title='bbox 3338 2142 3461 2197; x_wconf 90' lang='lat' dir='ltr'><strong>licet</strong></span> <span class='ocrx_word' id='word_1_614' title='bbox 3488 2142 3602 2212; x_wconf 92' lang='lat' dir='ltr'><strong>ipse</strong></span> 
     </span>
    </p>
   </div>
   <div class='ocr_carea' id='block_1_82' title="bbox 2018 2232 3599 2295">
    <p class='ocr_par' dir='ltr' id='par_1_82' title="bbox 2018 2232 3599 2295">
     <span class='ocr_line' id='line_1_82' title="bbox 2018 2232 3599 2295; baseline -0.003 -6"><span class='ocrx_word' id='word_1_615' title='bbox 2018 2243 2185 2289; x_wconf 91' lang='lat' dir='ltr'><strong>totum</strong></span> <span class='ocrx_word' id='word_1_616' title='bbox 2212 2235 2406 2290; x_wconf 87' lang='lat' dir='ltr'><strong>bellum</strong></span> <span class='ocrx_word' id='word_1_617' title='bbox 2428 2235 2675 2290; x_wconf 78' lang='lat' dir='ltr'><strong>conficiat</strong></span> <span class='ocrx_word' id='word_1_618' title='bbox 2701 2250 2716 2295; x_wconf 91' lang='lat'><strong>;</strong></span> <span class='ocrx_word' id='word_1_619' title='bbox 2748 2232 2827 2287; x_wconf 91' lang='lat' dir='ltr'><strong>sic</strong></span> <span class='ocrx_word' id='word_1_620' title='bbox 2857 2235 2997 2288; x_wconf 91' lang='lat' dir='ltr'><strong>Deus</strong></span> <span class='ocrx_word' id='word_1_621' title='bbox 3024 2234 3073 2286; x_wconf 93' lang='lat' dir='ltr'><strong>in</strong></span> <span class='ocrx_word' id='word_1_622' title='bbox 3104 2233 3246 2287; x_wconf 90' lang='lat' dir='ltr'><strong>bello</strong></span> <span class='ocrx_word' id='word_1_623' title='bbox 3274 2242 3459 2287; x_wconf 85' lang='lat' dir='ltr'><strong>contra</strong></span> <span class='ocrx_word' id='word_1_624' title='bbox 3488 2232 3599 2287; x_wconf 83' lang='lat' dir='ltr'><strong>dia-</strong></span> 
     </span>
    </p>
   </div>
   <div class='ocr_carea' id='block_1_83' title="bbox 2015 2327 3600 2398">
    <p class='ocr_par' dir='ltr' id='par_1_83' title="bbox 2015 2327 3600 2398">
     <span class='ocr_line' id='line_1_83' title="bbox 2015 2327 3600 2398; baseline -0.001 -15"><span class='ocrx_word' id='word_1_625' title='bbox 2015 2328 2196 2383; x_wconf 84' lang='lat' dir='ltr'><strong>bolum</strong></span> <span class='ocrx_word' id='word_1_626' title='bbox 2232 2328 2375 2383; x_wconf 87' lang='lat' dir='ltr'><strong>facit.</strong></span> <span class='ocrx_word' id='word_1_627' title='bbox 2405 2328 2579 2384; x_wconf 90' lang='lat' dir='ltr'><strong>Unum</strong></span> <span class='ocrx_word' id='word_1_628' title='bbox 2614 2329 2810 2398; x_wconf 84' lang='lat' dir='ltr'><strong>quippe</strong></span> <span class='ocrx_word' id='word_1_629' title='bbox 2849 2336 3050 2382; x_wconf 90' lang='lat' dir='ltr'><strong>tantum</strong></span> <span class='ocrx_word' id='word_1_630' title='bbox 3091 2342 3121 2381; x_wconf 90' lang='lat' dir='ltr'><strong>a</strong></span> <span class='ocrx_word' id='word_1_631' title='bbox 3165 2336 3216 2381; x_wconf 89' lang='lat' dir='ltr'><strong>te</strong></span> <span class='ocrx_word' id='word_1_632' title='bbox 3255 2327 3499 2397; x_wconf 89' lang='lat' dir='ltr'><strong>requirit,</strong></span> <span class='ocrx_word' id='word_1_633' title='bbox 3543 2337 3600 2382; x_wconf 90' lang='lat' dir='ltr'><strong>ut</strong></span> 
     </span>
    </p>
   </div>
   <div class='ocr_carea' id='block_1_84' title="bbox 2014 2417 3599 2484">
    <p class='ocr_par' dir='ltr' id='par_1_84' title="bbox 2014 2417 3599 2484">
     <span class='ocr_line' id='line_1_84' title="bbox 2014 2417 3599 2484; baseline -0.001 -9"><span class='ocrx_word' id='word_1_634' title='bbox 2014 2430 2202 2475; x_wconf 90' lang='lat' dir='ltr'><strong>contra</strong></span> <span class='ocrx_word' id='word_1_635' title='bbox 2244 2420 2393 2475; x_wconf 90' lang='lat' dir='ltr'><strong>illum</strong></span> <span class='ocrx_word' id='word_1_636' title='bbox 2433 2435 2560 2475; x_wconf 89' lang='lat' dir='ltr'><strong>vere</strong></span> <span class='ocrx_word' id='word_1_637' title='bbox 2602 2420 2934 2473; x_wconf 85' lang='lat' dir='ltr'><strong>inimicitiam</strong></span> <span class='ocrx_word' id='word_1_638' title='bbox 2977 2417 3266 2484; x_wconf 85' lang='lat' dir='ltr'><strong>exhibeas;</strong></span> <span class='ocrx_word' id='word_1_639' title='bbox 3316 2427 3364 2473; x_wconf 90' lang='lat' dir='ltr'><strong>et</strong></span> <span class='ocrx_word' id='word_1_640' title='bbox 3406 2418 3450 2473; x_wconf 91' lang='lat' dir='ltr'><strong>si</strong></span> <span class='ocrx_word' id='word_1_641' title='bbox 3497 2417 3599 2473; x_wconf 89' lang='lat' dir='ltr'><strong>hoc</strong></span> 
     </span>
    </p>
   </div>
   <div class='ocr_carea' id='block_1_85' title="bbox 2016 2508 3594 2582">
    <p class='ocr_par' dir='ltr' id='par_1_85' title="bbox 2016 2508 3594 2582">
     <span class='ocr_line' id='line_1_85' title="bbox 2016 2508 3594 2582; baseline -0.002 -16"><span class='ocrx_word' id='word_1_642' title='bbox 2016 2512 2115 2581; x_wconf 85' lang='lat' dir='ltr'><strong>ipsi</strong></span> <span class='ocrx_word' id='word_1_643' title='bbox 2142 2511 2428 2579; x_wconf 90' lang='lat' dir='ltr'><strong>concedas,</strong></span> <span class='ocrx_word' id='word_1_644' title='bbox 2456 2512 2570 2582; x_wconf 91' lang='lat' dir='ltr'><strong>ipse</strong></span> <span class='ocrx_word' id='word_1_645' title='bbox 2601 2519 2767 2566; x_wconf 88' lang='lat' dir='ltr'><strong>totum</strong></span> <span class='ocrx_word' id='word_1_646' title='bbox 2809 2509 3006 2564; x_wconf 89' lang='lat' dir='ltr'><strong>bellum</strong></span> <span class='ocrx_word' id='word_1_647' title='bbox 3044 2508 3312 2565; x_wconf 86' lang='lat' dir='ltr'><strong>conficiet.</strong></span> <span class='ocrx_word' id='word_1_648' title='bbox 3346 2509 3457 2563; x_wconf 91' lang='lat' dir='ltr'><strong>Etsi</strong></span> <span class='ocrx_word' id='word_1_649' title='bbox 3494 2510 3594 2576; x_wconf 88' lang='lat' dir='ltr'><strong>ira,</strong></span> 
     </span>
    </p>
   </div>
   <div class='ocr_carea' id='block_1_86' title="bbox 2008 2603 3590 2675">
    <p class='ocr_par' dir='ltr' id='par_1_86' title="bbox 2008 2603 3590 2675">
     <span class='ocr_line' id='line_1_86' title="bbox 2008 2603 3590 2675; baseline -0.001 -16"><span class='ocrx_word' id='word_1_650' title='bbox 2008 2606 2092 2659; x_wconf 87' lang='lat' dir='ltr'><strong>vel</strong></span> <span class='ocrx_word' id='word_1_651' title='bbox 2130 2604 2356 2659; x_wconf 88' lang='lat' dir='ltr'><strong>avaritia</strong></span> <span class='ocrx_word' id='word_1_652' title='bbox 2390 2612 2443 2659; x_wconf 92' lang='lat' dir='ltr'><strong>te</strong></span> <span class='ocrx_word' id='word_1_653' title='bbox 2464 2614 2606 2668; x_wconf 88' lang='lat' dir='ltr'><strong>urat,</strong></span> <span class='ocrx_word' id='word_1_654' title='bbox 2636 2603 2720 2658; x_wconf 88' lang='lat' dir='ltr'><strong>vel</strong></span> <span class='ocrx_word' id='word_1_655' title='bbox 2741 2603 3055 2675; x_wconf 91' lang='lat' dir='ltr'><strong>quicunque</strong></span> <span class='ocrx_word' id='word_1_656' title='bbox 3098 2604 3238 2657; x_wconf 91' lang='lat' dir='ltr'><strong>alius</strong></span> <span class='ocrx_word' id='word_1_657' title='bbox 3268 2604 3590 2673; x_wconf 79' lang='lat' dir='ltr'><strong>tyrannicus</strong></span> 
     </span>
    </p>
   </div>
   <div class='ocr_carea' id='block_1_87' title="bbox 2009 2693 3586 2762">
    <p class='ocr_par' dir='ltr' id='par_1_87' title="bbox 2009 2693 3586 2762">
     <span class='ocr_line' id='line_1_87' title="bbox 2009 2693 3586 2762; baseline -0.003 -13"><span class='ocrx_word' id='word_1_658' title='bbox 2009 2697 2207 2751; x_wconf 63' lang='lat' dir='ltr'><strong>animae</strong></span> <span class='ocrx_word' id='word_1_659' title='bbox 2240 2696 2500 2761; x_wconf 91' lang='lat' dir='ltr'><strong>morbus,</strong></span> <span class='ocrx_word' id='word_1_660' title='bbox 2545 2696 2727 2751; x_wconf 91' lang='lat' dir='ltr'><strong>statim</strong></span> <span class='ocrx_word' id='word_1_661' title='bbox 2767 2695 2955 2762; x_wconf 89' lang='lat' dir='ltr'><strong>adest;</strong></span> <span class='ocrx_word' id='word_1_662' title='bbox 3001 2694 3045 2748; x_wconf 92' lang='lat' dir='ltr'><strong>si</strong></span> <span class='ocrx_word' id='word_1_663' title='bbox 3092 2695 3274 2748; x_wconf 87' lang='lat' dir='ltr'><strong>videat</strong></span> <span class='ocrx_word' id='word_1_664' title='bbox 3321 2704 3372 2749; x_wconf 91' lang='lat' dir='ltr'><strong>te</strong></span> <span class='ocrx_word' id='word_1_665' title='bbox 3407 2693 3586 2747; x_wconf 89' lang='lat' dir='ltr'><strong>solum</strong></span> 
     </span>
    </p>
   </div>
   <div class='ocr_carea' id='block_1_88' title="bbox 2012 2784 3591 2856">
    <p class='ocr_par' dir='ltr' id='par_1_88' title="bbox 2012 2784 3591 2856">
     <span class='ocr_line' id='line_1_88' title="bbox 2012 2784 3591 2856; baseline -0.004 -12"><span class='ocrx_word' id='word_1_666' title='bbox 2012 2798 2204 2844; x_wconf 89' lang='lat' dir='ltr'><strong>contra</strong></span> <span class='ocrx_word' id='word_1_667' title='bbox 2221 2789 2435 2843; x_wconf 88' lang='lat' dir='ltr'><strong>hostem</strong></span> <span class='ocrx_word' id='word_1_668' title='bbox 2456 2788 2768 2856; x_wconf 85' lang='lat' dir='ltr'><strong>expeditum</strong></span> <span class='ocrx_word' id='word_1_669' title='bbox 2792 2795 2846 2840; x_wconf 88' lang='lat' dir='ltr'><strong>et</strong></span> <span class='ocrx_word' id='word_1_670' title='bbox 2862 2794 3134 2856; x_wconf 89' lang='lat' dir='ltr'><strong>paratum,</strong></span> <span class='ocrx_word' id='word_1_671' title='bbox 3176 2794 3231 2842; x_wconf 89' lang='lat' dir='ltr'><strong>et</strong></span> <span class='ocrx_word' id='word_1_672' title='bbox 3280 2784 3457 2839; x_wconf 82' lang='lat' dir='ltr'><strong>facilia</strong></span> <span class='ocrx_word' id='word_1_673' title='bbox 3473 2800 3591 2838; x_wconf 81' lang='lat' dir='ltr'><strong>om-</strong></span> 
     </span>
    </p>
   </div>
   <div class='ocr_carea' id='block_1_89' title="bbox 2022 2880 3594 2952">
    <p class='ocr_par' dir='ltr' id='par_1_89' title="bbox 2022 2880 3594 2952">
     <span class='ocr_line' id='line_1_89' title="bbox 2022 2880 3594 2952; baseline -0.004 -15"><span class='ocrx_word' id='word_1_674' title='bbox 2022 2884 2114 2937; x_wconf 90' lang='lat' dir='ltr'><strong>nia</strong></span> <span class='ocrx_word' id='word_1_675' title='bbox 2155 2882 2357 2948; x_wconf 89' lang='lat' dir='ltr'><strong>reddit,</strong></span> <span class='ocrx_word' id='word_1_676' title='bbox 2400 2893 2561 2952; x_wconf 88' lang='lat' dir='ltr'><strong>teque</strong></span> <span class='ocrx_word' id='word_1_677' title='bbox 2587 2881 2807 2935; x_wconf 82' lang='lat' dir='ltr'><strong>flamma</strong></span> <span class='ocrx_word' id='word_1_678' title='bbox 2844 2880 3178 2950; x_wconf 83' lang='lat' dir='ltr'><strong>superiorem</strong></span> <span class='ocrx_word' id='word_1_679' title='bbox 3197 2880 3500 2942; x_wconf 76' lang='lat' dir='ltr'><strong>constituit,</strong></span> <span class='ocrx_word' id='word_1_680' title='bbox 3533 2886 3594 2932; x_wconf 92' lang='lat' dir='ltr'><strong>ut</strong></span> 
     </span>
    </p>
   </div>
   <div class='ocr_carea' id='block_1_90' title="bbox 2008 2967 3597 3039">
    <p class='ocr_par' dir='ltr' id='par_1_90' title="bbox 2008 2967 3597 3039">
     <span class='ocr_line' id='line_1_90' title="bbox 2008 2967 3597 3039; baseline -0.003 -14"><span class='ocrx_word' id='word_1_681' title='bbox 2008 2986 2212 3038; x_wconf 80' lang='lat' dir='ltr'><strong>pueros</strong></span> <span class='ocrx_word' id='word_1_682' title='bbox 2241 2974 2365 3028; x_wconf 90' lang='lat' dir='ltr'><strong>illos</strong></span> <span class='ocrx_word' id='word_1_683' title='bbox 2396 2974 2450 3029; x_wconf 92' lang='lat' dir='ltr'><strong>in</strong></span> <span class='ocrx_word' id='word_1_684' title='bbox 2483 2973 2704 3028; x_wconf 90' lang='lat' dir='ltr'><strong>fornace</strong></span> <span class='ocrx_word' id='word_1_685' title='bbox 2726 2970 3087 3039; x_wconf 82' lang='lat' dir='ltr'><strong>Babylonica:</strong></span> <span class='ocrx_word' id='word_1_686' title='bbox 3120 2984 3244 3023; x_wconf 92' lang='lat' dir='ltr'><strong>nam</strong></span> <span class='ocrx_word' id='word_1_687' title='bbox 3271 2979 3325 3024; x_wconf 89' lang='lat' dir='ltr'><strong>et</strong></span> <span class='ocrx_word' id='word_1_688' title='bbox 3345 2969 3421 3023; x_wconf 90' lang='lat' dir='ltr'><strong>illi</strong></span> <span class='ocrx_word' id='word_1_689' title='bbox 3458 2967 3597 3021; x_wconf 89' lang='lat' dir='ltr'><strong>nihil</strong></span> 
     </span>
    </p>
   </div>
   <div class='ocr_carea' id='block_1_91' title="bbox 2009 3058 3591 3131">
    <p class='ocr_par' dir='ltr' id='par_1_91' title="bbox 2009 3058 3591 3131">
     <span class='ocr_line' id='line_1_91' title="bbox 2009 3058 3591 3131; baseline -0.003 -16"><span class='ocrx_word' id='word_1_690' title='bbox 2009 3062 2151 3116; x_wconf 89' lang='lat' dir='ltr'><strong>aliud</strong></span> <span class='ocrx_word' id='word_1_691' title='bbox 2199 3061 2427 3116; x_wconf 91' lang='lat' dir='ltr'><strong>attulere</strong></span> <span class='ocrx_word' id='word_1_692' title='bbox 2465 3076 2622 3131; x_wconf 90' lang='lat' dir='ltr'><strong>quam</strong></span> <span class='ocrx_word' id='word_1_693' title='bbox 2662 3061 3011 3114; x_wconf 87' lang='lat' dir='ltr'><strong>voluntatem.</strong></span> <span class='ocrx_word' id='word_1_694' title='bbox 3058 3058 3129 3112; x_wconf 92' lang='lat' dir='ltr'><strong>Ut</strong></span> <span class='ocrx_word' id='word_1_695' title='bbox 3169 3060 3326 3128; x_wconf 85' lang='lat' dir='ltr'><strong>igitur</strong></span> <span class='ocrx_word' id='word_1_696' title='bbox 3367 3066 3421 3113; x_wconf 89' lang='lat' dir='ltr'><strong>et</strong></span> <span class='ocrx_word' id='word_1_697' title='bbox 3460 3073 3591 3124; x_wconf 90' lang='lat' dir='ltr'><strong>nos,</strong></span> 
     </span>
    </p>
   </div>
   <div class='ocr_carea' id='block_1_92' title="bbox 2010 3148 3590 3221">
    <p class='ocr_par' dir='ltr' id='par_1_92' title="bbox 2010 3148 3590 3221">
     <span class='ocr_line' id='line_1_92' title="bbox 2010 3148 3590 3221; baseline -0.003 -13"><span class='ocrx_word' id='word_1_698' title='bbox 2010 3168 2224 3209; x_wconf 89' lang='lat' dir='ltr'><strong>omnem</strong></span> <span class='ocrx_word' id='word_1_699' title='bbox 2256 3153 2455 3207; x_wconf 66' lang='lat' dir='ltr'><strong>illicita:</strong></span> <span class='ocrx_word' id='word_1_700' title='bbox 2491 3152 2776 3221; x_wconf 91' lang='lat' dir='ltr'><strong>voluptatis</strong></span> <span class='ocrx_word' id='word_1_701' title='bbox 2818 3150 3088 3204; x_wconf 87' lang='lat' dir='ltr'><strong>fornacem</strong></span> <span class='ocrx_word' id='word_1_702' title='bbox 3131 3148 3217 3203; x_wconf 91' lang='lat' dir='ltr'><strong>hic</strong></span> <span class='ocrx_word' id='word_1_703' title='bbox 3242 3148 3590 3211; x_wconf 87' lang='lat' dir='ltr'><strong>declinantes,</strong></span> 
     </span>
    </p>
   </div>
   <div class='ocr_carea' id='block_1_93' title="bbox 2007 3240 3594 3316">
    <p class='ocr_par' dir='ltr' id='par_1_93' title="bbox 2007 3240 3594 3316">
     <span class='ocr_line' id='line_1_93' title="bbox 2007 3240 3594 3316; baseline -0.004 -16"><span class='ocrx_word' id='word_1_704' title='bbox 2007 3244 2303 3316; x_wconf 78' lang='lat' dir='ltr'><strong>gehennam</strong></span> <span class='ocrx_word' id='word_1_705' title='bbox 2333 3245 2442 3300; x_wconf 92' lang='lat' dir='ltr'><strong>illic</strong></span> <span class='ocrx_word' id='word_1_706' title='bbox 2481 3244 2814 3314; x_wconf 79' lang='lat' dir='ltr'><strong>ellugiamus,</strong></span> <span class='ocrx_word' id='word_1_707' title='bbox 2845 3241 2961 3296; x_wconf 82' lang='lat' dir='ltr'><strong>haec</strong></span> <span class='ocrx_word' id='word_1_708' title='bbox 2989 3240 3226 3311; x_wconf 88' lang='lat' dir='ltr'><strong>quotidie</strong></span> <span class='ocrx_word' id='word_1_709' title='bbox 3250 3249 3305 3296; x_wconf 92' lang='lat' dir='ltr'><strong>et</strong></span> <span class='ocrx_word' id='word_1_710' title='bbox 3329 3241 3594 3296; x_wconf 89' lang='lat' dir='ltr'><strong>delibere-</strong></span> 
     </span>
    </p>
   </div>
   <div class='ocr_carea' id='block_1_94' title="bbox 2007 3331 3591 3405">
    <p class='ocr_par' dir='ltr' id='par_1_94' title="bbox 2007 3331 3591 3405">
     <span class='ocr_line' id='line_1_94' title="bbox 2007 3331 3591 3405; baseline -0.005 -13"><span class='ocrx_word' id='word_1_711' title='bbox 2007 3353 2149 3403; x_wconf 92' lang='lat' dir='ltr'><strong>mus,</strong></span> <span class='ocrx_word' id='word_1_712' title='bbox 2177 3346 2231 3392; x_wconf 90' lang='lat' dir='ltr'><strong>et</strong></span> <span class='ocrx_word' id='word_1_713' title='bbox 2258 3342 2527 3399; x_wconf 81' lang='lat' dir='ltr'><strong>curemus,</strong></span> <span class='ocrx_word' id='word_1_714' title='bbox 2555 3345 2611 3389; x_wconf 91' lang='lat' dir='ltr'><strong>et</strong></span> <span class='ocrx_word' id='word_1_715' title='bbox 2636 3348 2875 3405; x_wconf 81' lang='lat' dir='ltr'><strong>agamus,</strong></span> <span class='ocrx_word' id='word_1_716' title='bbox 2904 3342 3014 3386; x_wconf 90' lang='lat' dir='ltr'><strong>tum</strong></span> <span class='ocrx_word' id='word_1_717' title='bbox 3041 3348 3104 3386; x_wconf 92' lang='lat' dir='ltr'><strong>ex</strong></span> <span class='ocrx_word' id='word_1_718' title='bbox 3134 3333 3220 3401; x_wconf 90' lang='lat' dir='ltr'><strong>pio</strong></span> <span class='ocrx_word' id='word_1_719' title='bbox 3247 3331 3372 3386; x_wconf 92' lang='lat' dir='ltr'><strong>boni</strong></span> <span class='ocrx_word' id='word_1_720' title='bbox 3401 3331 3591 3401; x_wconf 81' lang='lat' dir='ltr'><strong>agendi</strong></span> 
     </span>
    </p>
   </div>
   <div class='ocr_carea' id='block_1_95' title="bbox 2007 3424 3587 3505">
    <p class='ocr_par' dir='ltr' id='par_1_95' title="bbox 2007 3424 3587 3505">
     <span class='ocr_line' id='line_1_95' title="bbox 2007 3424 3587 3505; baseline -0.007 -16"><span class='ocrx_word' id='word_1_721' title='bbox 2007 3432 2304 3505; x_wconf 85' lang='lat' dir='ltr'><strong>proposito,</strong></span> <span class='ocrx_word' id='word_1_722' title='bbox 2348 3440 2457 3485; x_wconf 91' lang='lat' dir='ltr'><strong>tum</strong></span> <span class='ocrx_word' id='word_1_723' title='bbox 2490 3428 2852 3499; x_wconf 88' lang='lat' dir='ltr'><strong>frequentibus</strong></span> <span class='ocrx_word' id='word_1_724' title='bbox 2876 3426 3204 3481; x_wconf 90' lang='lat' dir='ltr'><strong>orationibus</strong></span> <span class='ocrx_word' id='word_1_725' title='bbox 3232 3424 3326 3479; x_wconf 91' lang='lat' dir='ltr'><strong>Dei</strong></span> <span class='ocrx_word' id='word_1_726' title='bbox 3354 3424 3587 3478; x_wconf 90' lang='lat' dir='ltr'><strong>benevo-</strong></span> 
     </span>
    </p>
   </div>
   <div class='ocr_carea' id='block_1_96' title="bbox 2008 3518 3595 3588">
    <p class='ocr_par' dir='ltr' id='par_1_96' title="bbox 2008 3518 3595 3588">
     <span class='ocr_line' id='line_1_96' title="bbox 2008 3518 3595 3588; baseline -0.008 -6"><span class='ocrx_word' id='word_1_727' title='bbox 2008 3528 2225 3582; x_wconf 90' lang='lat' dir='ltr'><strong>lentiam</strong></span> <span class='ocrx_word' id='word_1_728' title='bbox 2256 3524 2410 3580; x_wconf 88' lang='lat' dir='ltr'><strong>nobis</strong></span> <span class='ocrx_word' id='word_1_729' title='bbox 2449 3523 2801 3577; x_wconf 88' lang='lat' dir='ltr'><strong>attrahentes.</strong></span> <span class='ocrx_word' id='word_1_730' title='bbox 2828 3519 2915 3575; x_wconf 91' lang='lat' dir='ltr'><strong>Sic</strong></span> <span class='ocrx_word' id='word_1_731' title='bbox 2941 3521 3081 3573; x_wconf 93' lang='lat' dir='ltr'><strong>enim</strong></span> <span class='ocrx_word' id='word_1_732' title='bbox 3107 3533 3171 3573; x_wconf 89' lang='lat' dir='ltr'><strong>ea</strong></span> <span class='ocrx_word' id='word_1_733' title='bbox 3201 3532 3318 3588; x_wconf 67' lang='lat' dir='ltr'><strong>quae</strong></span> <span class='ocrx_word' id='word_1_734' title='bbox 3345 3532 3487 3571; x_wconf 89' lang='lat' dir='ltr'><strong>nunc</strong></span> <span class='ocrx_word' id='word_1_735' title='bbox 3513 3518 3595 3570; x_wconf 86' lang='lat' dir='ltr'><strong>in-</strong></span> 
     </span>
    </p>
   </div>
   <div class='ocr_carea' id='block_1_97' title="bbox 2006 3608 3587 3680">
    <p class='ocr_par' dir='ltr' id='par_1_97' title="bbox 2006 3608 3587 3680">
     <span class='ocr_line' id='line_1_97' title="bbox 2006 3608 3587 3680; baseline -0.009 -7"><span class='ocrx_word' id='word_1_736' title='bbox 2006 3618 2302 3673; x_wconf 84' lang='lat' dir='ltr'><strong>tolerabilia</strong></span> <span class='ocrx_word' id='word_1_737' title='bbox 2331 3616 2599 3680; x_wconf 88' lang='lat' dir='ltr'><strong>videntur,</strong></span> <span class='ocrx_word' id='word_1_738' title='bbox 2628 3614 2824 3676; x_wconf 85' lang='lat' dir='ltr'><strong>facilia,</strong></span> <span class='ocrx_word' id='word_1_739' title='bbox 2858 3611 2994 3666; x_wconf 91' lang='lat' dir='ltr'><strong>levia</strong></span> <span class='ocrx_word' id='word_1_740' title='bbox 3033 3608 3385 3678; x_wconf 79' lang='lat' dir='ltr'><strong>amabiliaque</strong></span> <span class='ocrx_word' id='word_1_741' title='bbox 3414 3618 3587 3663; x_wconf 90' lang='lat' dir='ltr'><strong>erunt.</strong></span> 
     </span>
    </p>
   </div>
   <div class='ocr_carea' id='block_1_98' title="bbox 2006 3703 3593 3780">
    <p class='ocr_par' dir='ltr' id='par_1_98' title="bbox 2006 3703 3593 3780">
     <span class='ocr_line' id='line_1_98' title="bbox 2006 3703 3593 3780; baseline -0.008 -13"><span class='ocrx_word' id='word_1_742' title='bbox 2006 3710 2271 3780; x_wconf 86' lang='lat' dir='ltr'><strong>Quamdiu</strong></span> <span class='ocrx_word' id='word_1_743' title='bbox 2308 3709 2448 3764; x_wconf 89' lang='lat' dir='ltr'><strong>enim</strong></span> <span class='ocrx_word' id='word_1_744' title='bbox 2479 3707 2531 3762; x_wconf 91' lang='lat' dir='ltr'><strong>in</strong></span> <span class='ocrx_word' id='word_1_745' title='bbox 2559 3706 2740 3777; x_wconf 87' lang='lat' dir='ltr'><strong>pravis</strong></span> <span class='ocrx_word' id='word_1_746' title='bbox 2773 3704 3049 3759; x_wconf 85' lang='lat' dir='ltr'><strong>affectibus</strong></span> <span class='ocrx_word' id='word_1_747' title='bbox 3086 3716 3385 3769; x_wconf 89' lang='lat' dir='ltr'><strong>versamur,</strong></span> <span class='ocrx_word' id='word_1_748' title='bbox 3418 3703 3593 3756; x_wconf 91' lang='lat' dir='ltr'><strong>virtu-</strong></span> 
     </span>
    </p>
   </div>
   <div class='ocr_carea' id='block_1_99' title="bbox 2006 3796 3591 3873">
    <p class='ocr_par' dir='ltr' id='par_1_99' title="bbox 2006 3796 3591 3873">
     <span class='ocr_line' id='line_1_99' title="bbox 2006 3796 3591 3873; baseline -0.011 -12"><span class='ocrx_word' id='word_1_749' title='bbox 2006 3815 2115 3861; x_wconf 88' lang='lat' dir='ltr'><strong>tem</strong></span> <span class='ocrx_word' id='word_1_750' title='bbox 2136 3815 2401 3873; x_wconf 89' lang='lat' dir='ltr'><strong>asperam,</strong></span> <span class='ocrx_word' id='word_1_751' title='bbox 2420 3799 2713 3863; x_wconf 85' lang='lat' dir='ltr'><strong>difficilem,</strong></span> <span class='ocrx_word' id='word_1_752' title='bbox 2738 3796 3169 3863; x_wconf 83' lang='lat' dir='ltr'><strong>inaecessamque</strong></span> <span class='ocrx_word' id='word_1_753' title='bbox 3190 3808 3308 3849; x_wconf 91' lang='lat' dir='ltr'><strong>esse</strong></span> <span class='ocrx_word' id='word_1_754' title='bbox 3326 3803 3591 3861; x_wconf 64' lang='lat' dir='ltr'><strong>putamus.</strong></span> 
     </span>
    </p>
   </div>
   <div class='ocr_carea' id='block_1_100' title="bbox 2006 3883 3601 3968">
    <p class='ocr_par' dir='ltr' id='par_1_100' title="bbox 2006 3883 3601 3968">
     <span class='ocr_line' id='line_1_100' title="bbox 2006 3883 3601 3968; baseline -0.011 -15"><span class='ocrx_word' id='word_1_755' title='bbox 2006 3897 2403 3968; x_wconf 89' lang='lat' dir='ltr'><strong>nequitiamque</strong></span> <span class='ocrx_word' id='word_1_756' title='bbox 2429 3889 2839 3947; x_wconf 89' lang='lat' dir='ltr'><strong>desiderabilem</strong></span> <span class='ocrx_word' id='word_1_757' title='bbox 2866 3896 2921 3943; x_wconf 91' lang='lat' dir='ltr'><strong>et</strong></span> <span class='ocrx_word' id='word_1_758' title='bbox 2948 3886 3342 3951; x_wconf 90' lang='lat' dir='ltr'><strong>dulcissimam;</strong></span> <span class='ocrx_word' id='word_1_759' title='bbox 3384 3883 3431 3937; x_wconf 91' lang='lat' dir='ltr'><strong>si</strong></span> <span class='ocrx_word' id='word_1_760' title='bbox 3467 3898 3601 3938; x_wconf 87' lang='lat' dir='ltr'><strong>vero</strong></span> 
     </span>
    </p>
   </div>
   <div class='ocr_carea' id='block_1_101' title="bbox 2008 3974 3587 4060">
    <p class='ocr_par' dir='ltr' id='par_1_101' title="bbox 2008 3974 3587 4060">
     <span class='ocr_line' id='line_1_101' title="bbox 2008 3974 3587 4060; baseline -0.011 -17"><span class='ocrx_word' id='word_1_761' title='bbox 2008 3989 2281 4060; x_wconf 91' lang='lat' dir='ltr'><strong>paululum</strong></span> <span class='ocrx_word' id='word_1_762' title='bbox 2322 4001 2352 4040; x_wconf 92' lang='lat' dir='ltr'><strong>a</strong></span> <span class='ocrx_word' id='word_1_763' title='bbox 2392 3985 2535 4039; x_wconf 91' lang='lat' dir='ltr'><strong>vitiis</strong></span> <span class='ocrx_word' id='word_1_764' title='bbox 2570 3980 2931 4043; x_wconf 90' lang='lat' dir='ltr'><strong>discedamus,</strong></span> <span class='ocrx_word' id='word_1_765' title='bbox 2975 3987 3098 4031; x_wconf 91' lang='lat' dir='ltr'><strong>tunc</strong></span> <span class='ocrx_word' id='word_1_766' title='bbox 3140 3977 3225 4030; x_wconf 90' lang='lat' dir='ltr'><strong>illa</strong></span> <span class='ocrx_word' id='word_1_767' title='bbox 3254 3974 3587 4029; x_wconf 86' lang='lat' dir='ltr'><strong>abominabi-</strong></span> 
     </span>
    </p>
   </div>
   <div class='ocr_carea' id='block_1_102' title="bbox 2009 4066 3589 4140">
    <p class='ocr_par' dir='ltr' id='par_1_102' title="bbox 2009 4066 3589 4140">
     <span class='ocr_line' id='line_1_102' title="bbox 2009 4066 3589 4140; baseline -0.013 -1"><span class='ocrx_word' id='word_1_768' title='bbox 2009 4086 2074 4139; x_wconf 91' lang='lat' dir='ltr'><strong>lis</strong></span> <span class='ocrx_word' id='word_1_769' title='bbox 2100 4093 2155 4140; x_wconf 90' lang='lat' dir='ltr'><strong>et</strong></span> <span class='ocrx_word' id='word_1_770' title='bbox 2180 4080 2436 4138; x_wconf 90' lang='lat' dir='ltr'><strong>deformis</strong></span> <span class='ocrx_word' id='word_1_771' title='bbox 2464 4077 2746 4135; x_wconf 86' lang='lat' dir='ltr'><strong>videbitur,</strong></span> <span class='ocrx_word' id='word_1_772' title='bbox 2777 4074 2893 4127; x_wconf 79' lang='lat' dir='ltr'><strong>lucc</strong></span> <span class='ocrx_word' id='word_1_773' title='bbox 2920 4086 3048 4127; x_wconf 92' lang='lat' dir='ltr'><strong>vero</strong></span> <span class='ocrx_word' id='word_1_774' title='bbox 3078 4069 3249 4125; x_wconf 90' lang='lat' dir='ltr'><strong>facilis</strong></span> <span class='ocrx_word' id='word_1_775' title='bbox 3288 4075 3343 4122; x_wconf 91' lang='lat' dir='ltr'><strong>et</strong></span> <span class='ocrx_word' id='word_1_776' title='bbox 3384 4066 3589 4120; x_wconf 87' lang='lat' dir='ltr'><strong>amabi-</strong></span> 
     </span>
    </p>
   </div>
   <div class='ocr_carea' id='block_1_103' title="bbox 2008 4156 3594 4245">
    <p class='ocr_par' dir='ltr' id='par_1_103' title="bbox 2008 4156 3594 4245">
     <span class='ocr_line' id='line_1_103' title="bbox 2008 4156 3594 4245; baseline -0.015 -13"><span class='ocrx_word' id='word_1_777' title='bbox 2008 4178 2095 4233; x_wconf 88' lang='lat' dir='ltr'><strong>lis.</strong></span> <span class='ocrx_word' id='word_1_778' title='bbox 2138 4176 2262 4230; x_wconf 71' lang='lat' dir='ltr'><strong>llmc</strong></span> <span class='ocrx_word' id='word_1_779' title='bbox 2307 4187 2467 4245; x_wconf 90' lang='lat' dir='ltr'><strong>porro</strong></span> <span class='ocrx_word' id='word_1_780' title='bbox 2506 4170 2713 4224; x_wconf 91' lang='lat' dir='ltr'><strong>discere</strong></span> <span class='ocrx_word' id='word_1_781' title='bbox 2762 4166 2913 4220; x_wconf 91' lang='lat' dir='ltr'><strong>facile</strong></span> <span class='ocrx_word' id='word_1_782' title='bbox 2961 4177 3246 4233; x_wconf 73' lang='lat' dir='ltr'><strong>possumus</strong></span> <span class='ocrx_word' id='word_1_783' title='bbox 3288 4174 3354 4214; x_wconf 87' lang='lat' dir='ltr'><strong>ex</strong></span> <span class='ocrx_word' id='word_1_784' title='bbox 3400 4158 3462 4213; x_wconf 93' lang='lat' dir='ltr'><strong>iis</strong></span> <span class='ocrx_word' id='word_1_785' title='bbox 3502 4156 3594 4227; x_wconf 88' lang='lat' dir='ltr'><strong>qui</strong></span> 
     </span>
    </p>
   </div>
   <div class='ocr_carea' id='block_1_104' title="bbox 2009 4248 3597 4325">
    <p class='ocr_par' dir='ltr' id='par_1_104' title="bbox 2009 4248 3597 4325">
     <span class='ocr_line' id='line_1_104' title="bbox 2009 4248 3597 4325; baseline -0.015 -1"><span class='ocrx_word' id='word_1_786' title='bbox 2009 4280 2157 4325; x_wconf 89' lang='lat' dir='ltr'><strong>recto</strong></span> <span class='ocrx_word' id='word_1_787' title='bbox 2191 4270 2313 4321; x_wconf 77' lang='lat' dir='ltr'><strong>vita:</strong></span> <span class='ocrx_word' id='word_1_788' title='bbox 2343 4264 2584 4319; x_wconf 89' lang='lat' dir='ltr'><strong>instituto</strong></span> <span class='ocrx_word' id='word_1_789' title='bbox 2621 4261 2950 4315; x_wconf 87' lang='lat' dir='ltr'><strong>claruerunt.</strong></span> <span class='ocrx_word' id='word_1_790' title='bbox 2982 4254 3114 4309; x_wconf 80' lang='lat' dir='ltr'><strong>Audi</strong></span> <span class='ocrx_word' id='word_1_791' title='bbox 3146 4250 3414 4321; x_wconf 88' lang='lat' dir='ltr'><strong>quomodo</strong></span> <span class='ocrx_word' id='word_1_792' title='bbox 3456 4248 3597 4302; x_wconf 82' lang='lat' dir='ltr'><strong>Pau-</strong></span> 
     </span>
    </p>
   </div>
   <div class='ocr_carea' id='block_1_105' title="bbox 2010 4341 3590 4427">
    <p class='ocr_par' dir='ltr' id='par_1_105' title="bbox 2010 4341 3590 4427">
     <span class='ocr_line' id='line_1_105' title="bbox 2010 4341 3590 4427; baseline -0.016 -10"><span class='ocrx_word' id='word_1_793' title='bbox 2010 4363 2092 4417; x_wconf 91' lang='lat' dir='ltr'><strong>lus</strong></span> <span class='ocrx_word' id='word_1_794' title='bbox 2120 4361 2243 4415; x_wconf 88' lang='lat' dir='ltr'><strong>vitia</strong></span> <span class='ocrx_word' id='word_1_795' title='bbox 2271 4359 2428 4412; x_wconf 87' lang='lat' dir='ltr'><strong>etiam</strong></span> <span class='ocrx_word' id='word_1_796' title='bbox 2455 4363 2575 4427; x_wconf 90' lang='lat' dir='ltr'><strong>post</strong></span> <span class='ocrx_word' id='word_1_797' title='bbox 2598 4350 3003 4409; x_wconf 86' lang='lat' dir='ltr'><strong>conversionem</strong></span> <span class='ocrx_word' id='word_1_798' title='bbox 3032 4344 3220 4416; x_wconf 89' lang='lat' dir='ltr'><strong>pudori</strong></span> <span class='ocrx_word' id='word_1_799' title='bbox 3248 4357 3368 4399; x_wconf 91' lang='lat' dir='ltr'><strong>esse</strong></span> <span class='ocrx_word' id='word_1_800' title='bbox 3392 4341 3535 4396; x_wconf 87' lang='lat' dir='ltr'><strong>dicat</strong></span> <span class='ocrx_word' id='word_1_801' title='bbox 3575 4357 3590 4393; x_wconf 93' lang='lat'>:</span> 
     </span>
    </p>
   </div>
   <div class='ocr_carea' id='block_1_106' title="bbox 2015 4432 3595 4523">
    <p class='ocr_par' dir='ltr' id='par_1_106' title="bbox 2015 4432 3595 4523">
     <span class='ocr_line' id='line_1_106' title="bbox 2015 4432 3595 4523; baseline -0.013 -15"><span class='ocrx_word' id='word_1_802' title='bbox 2015 4456 2178 4523; x_wconf 81' lang='lat' dir='ltr'><strong>Quem</strong></span> <span class='ocrx_word' id='word_1_803' title='bbox 2203 4451 2337 4505; x_wconf 90' lang='lat' dir='ltr'><strong>enim</strong></span> <span class='ocrx_word' id='word_1_804' title='bbox 2380 4452 2597 4520; x_wconf 76' lang='lat' dir='ltr'><strong>fructum</strong></span> <span class='ocrx_word' id='word_1_805' title='bbox 2624 4442 2877 4498; x_wconf 85' lang='lat' dir='ltr'><strong>habebatis</strong></span> <span class='ocrx_word' id='word_1_806' title='bbox 2908 4450 3026 4493; x_wconf 87' lang='lat' dir='ltr'><strong>tunc</strong></span> <span class='ocrx_word' id='word_1_807' title='bbox 3066 4439 3117 4490; x_wconf 88' lang='lat' dir='ltr'><strong>in</strong></span> <span class='ocrx_word' id='word_1_808' title='bbox 3155 4436 3279 4502; x_wconf 81' lang='lat' dir='ltr'><strong>illis,</strong></span> <span class='ocrx_word' id='word_1_809' title='bbox 3316 4435 3378 4488; x_wconf 90' lang='lat' dir='ltr'><strong>de</strong></span> <span class='ocrx_word' id='word_1_810' title='bbox 3417 4432 3595 4503; x_wconf 88' lang='lat' dir='ltr'><strong>quibus</strong></span> 
     </span>
    </p>
   </div>
   <div class='ocr_carea' id='block_1_107' title="bbox 2011 4531 3597 4612">
    <p class='ocr_par' dir='ltr' id='par_1_107' title="bbox 2011 4531 3597 4612">
     <span class='ocr_line' id='line_1_107' title="bbox 2011 4531 3597 4612; baseline -0.013 -12"><span class='ocrx_word' id='word_1_811' title='bbox 2011 4561 2148 4600; x_wconf 87' lang='lat' dir='ltr'><strong>nunc</strong></span> <span class='ocrx_word' id='word_1_812' title='bbox 2177 4540 2459 4597; x_wconf 87' lang='lat' dir='ltr'><strong>erubescitis</strong></span> <span class='ocrx_word' id='word_1_813' title='bbox 2488 4536 2660 4612; x_wconf 84' lang='lat' dir='ltr'><strong>(Rom.</strong></span> <span class='ocrx_word' id='word_1_814' title='bbox 2695 4536 2750 4591; x_wconf 85' lang='grc'><strong>6.</strong></span> <span class='ocrx_word' id='word_1_815' title='bbox 2793 4532 2924 4604; x_wconf 78' lang='lat'><strong>2|)?</strong></span> <span class='ocrx_word' id='word_1_816' title='bbox 2955 4531 3215 4585; x_wconf 81' lang='lat' dir='ltr'><strong>Virtutem</strong></span> <span class='ocrx_word' id='word_1_817' title='bbox 3257 4535 3437 4584; x_wconf 82' lang='lat' dir='ltr'><strong>autem</strong></span> <span class='ocrx_word' id='word_1_818' title='bbox 3476 4534 3597 4597; x_wconf 91' lang='lat' dir='ltr'><strong>post</strong></span> 
     </span>
    </p>
   </div>
   <div class='ocr_carea' id='block_1_108' title="bbox 2013 4620 3599 4699">
    <p class='ocr_par' dir='ltr' id='par_1_108' title="bbox 2013 4620 3599 4699">
     <span class='ocr_line' id='line_1_108' title="bbox 2013 4620 3599 4699; baseline -0.013 -6"><span class='ocrx_word' id='word_1_819' title='bbox 2013 4638 2250 4694; x_wconf 88' lang='lat' dir='ltr'><strong>laborem</strong></span> <span class='ocrx_word' id='word_1_820' title='bbox 2282 4637 2453 4689; x_wconf 92' lang='lat' dir='ltr'><strong>levem</strong></span> <span class='ocrx_word' id='word_1_821' title='bbox 2484 4631 2798 4699; x_wconf 87' lang='lat' dir='ltr'><strong>facilemque</strong></span> <span class='ocrx_word' id='word_1_822' title='bbox 2846 4626 2996 4690; x_wconf 91' lang='lat' dir='ltr'><strong>dicit,</strong></span> <span class='ocrx_word' id='word_1_823' title='bbox 3036 4630 3461 4677; x_wconf 86' lang='lat' dir='ltr'><strong>momentaneam</strong></span> <span class='ocrx_word' id='word_1_824' title='bbox 3501 4620 3599 4674; x_wconf 91' lang='lat' dir='ltr'><strong>tri-</strong></span> 
     </span>
    </p>
   </div>
   <div class='ocr_carea' id='block_1_109' title="bbox 2014 4710 3596 4788">
    <p class='ocr_par' dir='ltr' id='par_1_109' title="bbox 2014 4710 3596 4788">
     <span class='ocr_line' id='line_1_109' title="bbox 2014 4710 3596 4788; baseline -0.014 -3"><span class='ocrx_word' id='word_1_825' title='bbox 2014 4730 2363 4788; x_wconf 86' lang='lat' dir='ltr'><strong>bulationem,</strong></span> <span class='ocrx_word' id='word_1_826' title='bbox 2396 4734 2452 4780; x_wconf 92' lang='lat' dir='ltr'><strong>et</strong></span> <span class='ocrx_word' id='word_1_827' title='bbox 2491 4723 2729 4779; x_wconf 91' lang='lat' dir='ltr'><strong>laborem</strong></span> <span class='ocrx_word' id='word_1_828' title='bbox 2772 4720 2957 4774; x_wconf 90' lang='lat' dir='ltr'><strong>dicens</strong></span> <span class='ocrx_word' id='word_1_829' title='bbox 2986 4716 3239 4770; x_wconf 84' lang='lat' dir='ltr'><strong>facilitate</strong></span> <span class='ocrx_word' id='word_1_830' title='bbox 3291 4714 3464 4769; x_wconf 90' lang='lat' dir='ltr'><strong>levem</strong></span> <span class='ocrx_word' id='word_1_831' title='bbox 3494 4710 3596 4780; x_wconf 76' lang='lat'><strong>(2.</strong></span> 
     </span>
    </p>
   </div>
   <div class='ocr_carea' id='block_1_110' title="bbox 2014 4803 3596 4891">
    <p class='ocr_par' dir='ltr' id='par_1_110' title="bbox 2014 4803 3596 4891">
     <span class='ocr_line' id='line_1_110' title="bbox 2014 4803 3596 4891; baseline -0.014 -12"><span class='ocrx_word' id='word_1_832' title='bbox 2014 4823 2132 4879; x_wconf 78' lang='lat' dir='ltr'><strong>Cor.</strong></span> <span class='ocrx_word' id='word_1_833' title='bbox 2168 4821 2362 4891; x_wconf 66' lang='lat'><strong>4.17),</strong></span> <span class='ocrx_word' id='word_1_834' title='bbox 2393 4815 2732 4888; x_wconf 90' lang='lat' dir='ltr'><strong>gaudensque</strong></span> <span class='ocrx_word' id='word_1_835' title='bbox 2771 4814 2822 4867; x_wconf 92' lang='lat' dir='ltr'><strong>in</strong></span> <span class='ocrx_word' id='word_1_836' title='bbox 2860 4805 3349 4881; x_wconf 86' lang='lat' dir='ltr'><strong>passionihus(Col.</strong></span> <span class='ocrx_word' id='word_1_837' title='bbox 3390 4806 3444 4859; x_wconf 80' lang='grc'><strong>1.</strong></span> <span class='ocrx_word' id='word_1_838' title='bbox 3475 4803 3596 4875; x_wconf 72' lang='grc'><strong>24),</strong></span> 
     </span>
    </p>
   </div>
   <div class='ocr_carea' id='block_1_111' title="bbox 2013 4897 3601 4971">
    <p class='ocr_par' dir='ltr' id='par_1_111' title="bbox 2013 4897 3601 4971">
     <span class='ocr_line' id='line_1_111' title="bbox 2013 4897 3601 4971; baseline -0.012 -1"><span class='ocrx_word' id='word_1_839' title='bbox 2013 4924 2068 4971; x_wconf 91' lang='lat' dir='ltr'><strong>et</strong></span> <span class='ocrx_word' id='word_1_840' title='bbox 2097 4913 2370 4969; x_wconf 89' lang='lat' dir='ltr'><strong>exsultans</strong></span> <span class='ocrx_word' id='word_1_841' title='bbox 2398 4910 2449 4963; x_wconf 91' lang='lat' dir='ltr'><strong>in</strong></span> <span class='ocrx_word' id='word_1_842' title='bbox 2479 4904 2906 4962; x_wconf 83' lang='lat' dir='ltr'><strong>tribulationibus</strong></span> <span class='ocrx_word' id='word_1_843' title='bbox 2936 4903 3109 4971; x_wconf 83' lang='lat' dir='ltr'><strong>(Rom.</strong></span> <span class='ocrx_word' id='word_1_844' title='bbox 3140 4900 3192 4954; x_wconf 85' lang='lat'><strong>5.</strong></span> <span class='ocrx_word' id='word_1_845' title='bbox 3220 4897 3295 4969; x_wconf 80' lang='grc'><strong>5),</strong></span> <span class='ocrx_word' id='word_1_846' title='bbox 3325 4898 3601 4967; x_wconf 86' lang='lat' dir='ltr'><strong>altumque</strong></span> 
     </span>
    </p>
   </div>
   <div class='ocr_carea' id='block_1_112' title="bbox 2014 4986 3602 5076">
    <p class='ocr_par' dir='ltr' id='par_1_112' title="bbox 2014 4986 3602 5076">
     <span class='ocr_line' id='line_1_112' title="bbox 2014 4986 3602 5076; baseline -0.014 -14"><span class='ocrx_word' id='word_1_847' title='bbox 2014 5007 2229 5076; x_wconf 88' lang='lat' dir='ltr'><strong>sapiens</strong></span> <span class='ocrx_word' id='word_1_848' title='bbox 2269 5003 2323 5056; x_wconf 92' lang='lat' dir='ltr'><strong>in</strong></span> <span class='ocrx_word' id='word_1_849' title='bbox 2363 4998 2697 5069; x_wconf 82' lang='lat' dir='ltr'><strong>stigmatibus</strong></span> <span class='ocrx_word' id='word_1_850' title='bbox 2746 5002 2968 5065; x_wconf 62' lang='lat' dir='ltr'><strong>proiiter</strong></span> <span class='ocrx_word' id='word_1_851' title='bbox 3017 4991 3289 5046; x_wconf 89' lang='lat' dir='ltr'><strong>Christum</strong></span> <span class='ocrx_word' id='word_1_852' title='bbox 3335 4986 3602 5057; x_wconf 87' lang='lat' dir='ltr'><strong>susceptis</strong></span> 
     </span>
    </p>
   </div>
   <div class='ocr_carea' id='block_1_113' title="bbox 2016 5084 3603 5168">
    <p class='ocr_par' dir='ltr' id='par_1_113' title="bbox 2016 5084 3603 5168">
     <span class='ocr_line' id='line_1_113' title="bbox 2016 5084 3603 5168; baseline -0.014 -16"><span class='ocrx_word' id='word_1_853' title='bbox 2016 5096 2159 5168; x_wconf 87' lang='lat' dir='ltr'><strong>(Gal.</strong></span> <span class='ocrx_word' id='word_1_854' title='bbox 2188 5091 2385 5163; x_wconf 72' lang='lat'><strong>6.17).</strong></span> <span class='ocrx_word' id='word_1_855' title='bbox 2427 5090 2500 5146; x_wconf 89' lang='lat' dir='ltr'><strong>Ut</strong></span> <span class='ocrx_word' id='word_1_856' title='bbox 2538 5089 2697 5160; x_wconf 83' lang='lat' dir='ltr'><strong>igitur</strong></span> <span class='ocrx_word' id='word_1_857' title='bbox 2723 5094 2778 5141; x_wconf 90' lang='lat' dir='ltr'><strong>et</strong></span> <span class='ocrx_word' id='word_1_858' title='bbox 2819 5099 2916 5138; x_wconf 91' lang='lat' dir='ltr'><strong>nos</strong></span> <span class='ocrx_word' id='word_1_859' title='bbox 2958 5084 3010 5137; x_wconf 92' lang='lat' dir='ltr'><strong>in</strong></span> <span class='ocrx_word' id='word_1_860' title='bbox 3049 5084 3149 5136; x_wconf 93' lang='lat' dir='ltr'><strong>hoc</strong></span> <span class='ocrx_word' id='word_1_861' title='bbox 3193 5087 3334 5168; x_wconf 77' lang='lat' dir='ltr'><strong>statu</strong></span> <span class='ocrx_word' id='word_1_862' title='bbox 3380 5092 3603 5132; x_wconf 84' lang='lat' dir='ltr'><strong>manea—</strong></span> 
     </span>
    </p>
   </div>
   <div class='ocr_carea' id='block_1_114' title="bbox 2015 5165 3602 5249">
    <p class='ocr_par' dir='ltr' id='par_1_114' title="bbox 2015 5165 3602 5249">
     <span class='ocr_line' id='line_1_114' title="bbox 2015 5165 3602 5249; baseline -0.014 -11"><span class='ocrx_word' id='word_1_863' title='bbox 2015 5165 2157 5249; x_wconf 86' lang='lat' dir='ltr'><strong>mus,</strong></span> <span class='ocrx_word' id='word_1_864' title='bbox 2188 5180 2255 5236; x_wconf 89' lang='lat' dir='ltr'><strong>iis</strong></span> <span class='ocrx_word' id='word_1_865' title='bbox 2281 5192 2400 5249; x_wconf 67' lang='lat' dir='ltr'><strong>qua:</strong></span> <span class='ocrx_word' id='word_1_866' title='bbox 2426 5189 2586 5245; x_wconf 89' lang='lat' dir='ltr'><strong>supra</strong></span> <span class='ocrx_word' id='word_1_867' title='bbox 2612 5173 2751 5229; x_wconf 91' lang='lat' dir='ltr'><strong>dicta</strong></span> <span class='ocrx_word' id='word_1_868' title='bbox 2781 5177 2905 5225; x_wconf 92' lang='lat' dir='ltr'><strong>sunt</strong></span> <span class='ocrx_word' id='word_1_869' title='bbox 2942 5182 3040 5223; x_wconf 92' lang='lat' dir='ltr'><strong>nos</strong></span> <span class='ocrx_word' id='word_1_870' title='bbox 3064 5165 3303 5237; x_wconf 80' lang='lat' dir='ltr'><strong>quotidie</strong></span> <span class='ocrx_word' id='word_1_871' title='bbox 3327 5178 3602 5219; x_wconf 84' lang='lat' dir='ltr'><strong>exornan-</strong></span> 
     </span>
    </p>
   </div>
   <div class='ocr_carea' id='block_1_115' title="bbox 2017 5258 3604 5341">
    <p class='ocr_par' dir='ltr' id='par_1_115' title="bbox 2017 5258 3604 5341">
     <span class='ocr_line' id='line_1_115' title="bbox 2017 5258 3604 5341; baseline -0.013 -12"><span class='ocrx_word' id='word_1_872' title='bbox 2017 5284 2119 5340; x_wconf 88' lang='lat' dir='ltr'><strong>tes,</strong></span> <span class='ocrx_word' id='word_1_873' title='bbox 2158 5280 2214 5328; x_wconf 90' lang='lat' dir='ltr'><strong>et</strong></span> <span class='ocrx_word' id='word_1_874' title='bbox 2249 5267 2638 5341; x_wconf 71' lang='lat' dir='ltr'><strong>praeteritorum</strong></span> <span class='ocrx_word' id='word_1_875' title='bbox 2666 5263 3062 5323; x_wconf 91' lang='lat' dir='ltr'><strong>obliviscentes,</strong></span> <span class='ocrx_word' id='word_1_876' title='bbox 3103 5258 3170 5313; x_wconf 90' lang='lat' dir='ltr'><strong>ad</strong></span> <span class='ocrx_word' id='word_1_877' title='bbox 3210 5272 3271 5312; x_wconf 89' lang='lat' dir='ltr'><strong>ea</strong></span> <span class='ocrx_word' id='word_1_878' title='bbox 3313 5271 3442 5312; x_wconf 90' lang='lat' dir='ltr'><strong>vero</strong></span> <span class='ocrx_word' id='word_1_879' title='bbox 3481 5269 3604 5325; x_wconf 66' lang='lat' dir='ltr'><strong>qua:</strong></span> 
     </span>
    </p>
   </div>
   <div class='ocr_carea' id='block_1_116' title="bbox 2017 5353 3605 5427">
    <p class='ocr_par' dir='ltr' id='par_1_116' title="bbox 2017 5353 3605 5427">
     <span class='ocr_line' id='line_1_116' title="bbox 2017 5353 3605 5427; baseline -0.015 -5"><span class='ocrx_word' id='word_1_880' title='bbox 2017 5374 2141 5421; x_wconf 91' lang='lat' dir='ltr'><strong>ante</strong></span> <span class='ocrx_word' id='word_1_881' title='bbox 2164 5377 2263 5420; x_wconf 92' lang='lat' dir='ltr'><strong>nos</strong></span> <span class='ocrx_word' id='word_1_882' title='bbox 2292 5369 2418 5417; x_wconf 92' lang='lat' dir='ltr'><strong>sunt</strong></span> <span class='ocrx_word' id='word_1_883' title='bbox 2452 5375 2550 5415; x_wconf 91' lang='lat' dir='ltr'><strong>nos</strong></span> <span class='ocrx_word' id='word_1_884' title='bbox 2579 5372 2793 5427; x_wconf 89' lang='lat' dir='ltr'><strong>semper</strong></span> <span class='ocrx_word' id='word_1_885' title='bbox 2816 5353 3188 5417; x_wconf 86' lang='lat' dir='ltr'><strong>extendentes,</strong></span> <span class='ocrx_word' id='word_1_886' title='bbox 3219 5364 3464 5419; x_wconf 73' lang='lat' dir='ltr'><strong>superum</strong></span> <span class='ocrx_word' id='word_1_887' title='bbox 3504 5362 3605 5399; x_wconf 81' lang='lat' dir='ltr'><strong>vo-</strong></span> 
     </span>
    </p>
   </div>
   <div class='ocr_carea' id='block_1_117' title="bbox 2017 5446 3594 5522">
    <p class='ocr_par' dir='ltr' id='par_1_117' title="bbox 2017 5446 3594 5522">
     <span class='ocr_line' id='line_1_117' title="bbox 2017 5446 3594 5522; baseline -0.014 -6"><span class='ocrx_word' id='word_1_888' title='bbox 2017 5457 2245 5516; x_wconf 87' lang='lat' dir='ltr'><strong>cationis</strong></span> <span class='ocrx_word' id='word_1_889' title='bbox 2268 5455 2507 5511; x_wconf 85' lang='lat' dir='ltr'><strong>braviutn</strong></span> <span class='ocrx_word' id='word_1_890' title='bbox 2537 5465 2822 5522; x_wconf 88' lang='lat' dir='ltr'><strong>sequamur</strong></span> <span class='ocrx_word' id='word_1_891' title='bbox 2865 5466 2879 5503; x_wconf 88' lang='lat'><strong>:</strong></span> <span class='ocrx_word' id='word_1_892' title='bbox 2913 5446 3055 5518; x_wconf 89' lang='lat' dir='ltr'><strong>quod</strong></span> <span class='ocrx_word' id='word_1_893' title='bbox 3084 5461 3180 5500; x_wconf 91' lang='lat' dir='ltr'><strong>nos</strong></span> <span class='ocrx_word' id='word_1_894' title='bbox 3223 5457 3413 5498; x_wconf 90' lang='lat' dir='ltr'><strong>omnes</strong></span> <span class='ocrx_word' id='word_1_895' title='bbox 3439 5455 3594 5495; x_wconf 85' lang='lat' dir='ltr'><strong>asse-</strong></span> 
     </span>
    </p>
   </div>
   <div class='ocr_carea' id='block_1_118' title="bbox 2018 5534 3607 5625">
    <p class='ocr_par' dir='ltr' id='par_1_118' title="bbox 2018 5534 3607 5625">
     <span class='ocr_line' id='line_1_118' title="bbox 2018 5534 3607 5625; baseline -0.013 -16"><span class='ocrx_word' id='word_1_896' title='bbox 2018 5553 2110 5625; x_wconf 89' lang='lat' dir='ltr'><strong>qui</strong></span> <span class='ocrx_word' id='word_1_897' title='bbox 2146 5550 2442 5619; x_wconf 87' lang='lat' dir='ltr'><strong>contingat,</strong></span> <span class='ocrx_word' id='word_1_898' title='bbox 2487 5544 2657 5616; x_wconf 90' lang='lat' dir='ltr'><strong>gratia</strong></span> <span class='ocrx_word' id='word_1_899' title='bbox 2704 5550 2761 5598; x_wconf 92' lang='lat' dir='ltr'><strong>et</strong></span> <span class='ocrx_word' id='word_1_900' title='bbox 2806 5539 3137 5612; x_wconf 86' lang='lat' dir='ltr'><strong>benignitate</strong></span> <span class='ocrx_word' id='word_1_901' title='bbox 3182 5534 3393 5591; x_wconf 90' lang='lat' dir='ltr'><strong>Domini</strong></span> <span class='ocrx_word' id='word_1_902' title='bbox 3436 5534 3607 5590; x_wconf 90' lang='lat' dir='ltr'><strong>nostri</strong></span> 
     </span>
    </p>
   </div>
   <div class='ocr_carea' id='block_1_119' title="bbox 2020 5626 3605 5710">
    <p class='ocr_par' dir='ltr' id='par_1_119' title="bbox 2020 5626 3605 5710">
     <span class='ocr_line' id='line_1_119' title="bbox 2020 5626 3605 5710; baseline -0.015 -10"><span class='ocrx_word' id='word_1_903' title='bbox 2020 5643 2149 5701; x_wconf 89' lang='lat' dir='ltr'><strong>Jesu</strong></span> <span class='ocrx_word' id='word_1_904' title='bbox 2174 5641 2391 5706; x_wconf 89' lang='lat' dir='ltr'><strong>Christi,</strong></span> <span class='ocrx_word' id='word_1_905' title='bbox 2422 5640 2505 5695; x_wconf 90' lang='lat' dir='ltr'><strong>cui</strong></span> <span class='ocrx_word' id='word_1_906' title='bbox 2532 5636 2698 5710; x_wconf 90' lang='lat' dir='ltr'><strong>gloria</strong></span> <span class='ocrx_word' id='word_1_907' title='bbox 2724 5645 2778 5692; x_wconf 90' lang='lat' dir='ltr'><strong>et</strong></span> <span class='ocrx_word' id='word_1_908' title='bbox 2804 5632 3086 5706; x_wconf 88' lang='lat' dir='ltr'><strong>imperium</strong></span> <span class='ocrx_word' id='word_1_909' title='bbox 3115 5630 3168 5685; x_wconf 93' lang='lat' dir='ltr'><strong>in</strong></span> <span class='ocrx_word' id='word_1_910' title='bbox 3198 5626 3396 5685; x_wconf 64' lang='lat' dir='ltr'><strong>scccula</strong></span> <span class='ocrx_word' id='word_1_911' title='bbox 3434 5637 3605 5681; x_wconf 68' lang='lat' dir='ltr'><strong>saccu-</strong></span> 
     </span>
    </p>
   </div>
   <div class='ocr_carea' id='block_1_120' title="bbox 2021 5735 2451 5795">
    <p class='ocr_par' dir='ltr' id='par_1_120' title="bbox 2021 5735 2451 5795">
     <span class='ocr_line' id='line_1_120' title="bbox 2021 5735 2451 5795; baseline -0.012 -2"><span class='ocrx_word' id='word_1_912' title='bbox 2021 5737 2218 5795; x_wconf 86' lang='lat' dir='ltr'><strong>lorum.</strong></span> <span class='ocrx_word' id='word_1_913' title='bbox 2258 5735 2451 5791; x_wconf 86' lang='lat' dir='ltr'><strong>Amen.</strong></span> 
     </span>
    </p>
   </div>
  </div>
