4050 6364
1092 344 1148 400 S.
1186 342 1463 400 JOANNIS
1490 338 1959 398 CIIRYSOSTOMI
1997 337 2314 394 ARCHIEP.
2356 335 2888 393 CONSTANTINOP.
2963 406 2968 413 .

410 474 3689 503 Mm

1752 551 2100 617 HOMILIA
2142 553 2345 615 XVII.

413 689 539 742 (inp.
571 687 623 743 5.
653 702 705 739 v.
732 685 822 740 27.
854 683 1076 738 Audistis
1100 683 1219 754 quia
1257 680 1443 735 dictum
1492 688 1564 733 est
1595 677 1811 745 antiquis
1841 691 1862 731 :
1890 674 2012 731 Non

486 776 827 832 nime/iuberis.
866 773 959 830 28.
1018 771 1128 845 Ego
1156 781 1321 826 autem
1347 769 1460 823 dico
1488 768 1623 822 vobis
1643 809 1659 834 ,
1686 768 1806 837 quia
1846 765 2010 830 omnis

488 870 570 935 qui
615 867 793 922 viderit
830 866 1091 920 mulierem
1129 862 1196 917 ad
1240 859 1693 932 concupiscendum
1730 873 1867 925 eam,
1889 858 2006 928 jam

487 961 763 1015 nunc/tatus
787 968 858 1023 est
886 974 995 1012 eam
1019 957 1072 1011 in
1098 954 1248 1010 corde
1270 971 1381 1009 suo.

452 1106 460 1114 .
490 1055 539 1109 i.
572 1053 857 1121 Postquam
883 1049 1112 1122 primum
1145 1046 1450 1100 mandatum
1492 1038 1796 1112 explicandi
1843 1038 2005 1094 ﬁnem

417 1146 565 1211 fecit,
620 1143 856 1213 illudque
903 1140 971 1196 ad
1011 1152 1278 1194 summum
1332 1131 1683 1205 philosomiim
1726 1128 2007 1195 extendit,

415 1239 607 1293 ordine
656 1234 974 1306 procedens,
1003 1231 1069 1286 ad
1119 1228 1411 1285 secundum
1454 1223 1795 1297 provehitur,
1822 1223 1873 1276 in
1905 1221 2011 1277 hoc

418 1343 630 1400 quoque
659 1327 761 1398 legi
806 1326 1154 1396 obsequutus.
1200 1319 1362 1391 Atqui
1409 1318 1513 1374 hoc
1561 1332 1665 1372 non
1714 1313 2008 1371 secundum

420 1428 745 1490 pneceptum
776 1425 879 1483 est,
908 1416 1139 1486 inquies,
1167 1411 1263 1468 sed
1309 1409 1544 1465 tertium.
1588 1407 1702 1462 Non
1731 1406 1873 1460 enim
1899 1404 2010 1474 pri-

430 1527 573 1565 mum
605 1518 933 1580 prun-cptum
957 1513 1058 1561 est.
1087 1501 1208 1559 Non
1231 1501 1425 1557 occides
1451 1498 1471 1573 (
1494 1497 1640 1553 Deut.
1664 1496 1718 1553 6.
1741 1497 1775 1551 4
1795 1496 1849 1567 );
1877 1494 1970 1550 sed
1992 1514 2007 1551 :

427 1602 675 1657 Dominus
704 1601 843 1656 Deus
885 1609 1004 1654 tuus
1026 1639 1042 1664 ,
1077 1594 1325 1651 Dominus
1354 1609 1483 1648 unus
1512 1601 1601 1646 est.
1655 1589 2010 1656 Quamobrem

419 1693 763 1768 qumrendnm
790 1702 873 1747 est
892 1733 908 1759 ,
939 1706 1035 1744 cur
1060 1704 1165 1743 non
1208 1686 1329 1741 inde
1354 1684 1595 1754 coeperit.
1626 1682 1740 1749 Qua
1786 1679 1854 1735 de
1880 1694 2011 1733 cau-

420 1803 478 1841 sa
509 1784 711 1854 igitur?
736 1783 869 1850 Quia
910 1781 953 1835 si
994 1780 1117 1835 inde
1147 1776 1419 1847 ('(Bpisset,
1443 1773 1740 1844 oportebat,
1768 1780 1820 1826 et
1864 1771 2010 1828 illam

420 1894 649 1949 augere,
698 1885 756 1931 et
800 1874 1145 1943 semetipsum
1202 1873 1254 1926 in
1307 1868 1659 1940 explicatione
1705 1863 2009 1935 complecti.

420 1968 663 2024 Nondum
713 1975 891 2025 autem
942 1972 1149 2033 tempus
1199 1971 1316 2017 erat
1367 1959 1435 2015 de
1482 1960 1659 2029 seipso
1710 1954 2012 2026 hujusmodi

421 2059 690 2128 quidpiam
715 2057 931 2112 docere.
971 2054 1220 2124 Alioquin
1267 2062 1444 2106 autem
1492 2048 1751 2104 moralem
1799 2046 2012 2103 interim

422 2164 723 2204 sermonem
759 2147 1091 2211 habebat,et
1131 2146 1256 2200 hinc
1302 2153 1357 2198 et
1403 2157 1469 2199 ex
1515 2139 1784 2196 miraculis
1829 2138 2015 2194 volens

423 2241 752 2296 auditoribus
793 2238 1115 2309 persuadere
1143 2252 1203 2291 se
1228 2235 1420 2291 Filium
1456 2234 1547 2288 Dei
1591 2246 1730 2288 esse.
1776 2229 1831 2286 Si
1872 2230 2013 2285 enim

424 2345 707 2404 antequam
759 2332 902 2386 aliud
957 2330 1226 2400 quidpiam
1271 2330 1612 2399 loqueretur,
1660 2331 1752 2378 aut
1795 2323 2013 2387 faceret,

426 2425 603 2480 statim
650 2422 914 2479 dixisset:
945 2423 1187 2481 Audistis
1213 2419 1334 2489 quia
1381 2417 1581 2472 dictum
1629 2423 1711 2469 est
1739 2412 2013 2485 antiquis:

428 2516 543 2587 Ego
565 2514 821 2570 Dominus
850 2514 991 2567 Deus
1021 2523 1158 2575 tuus,
1183 2520 1237 2565 et
1278 2519 1474 2581 praeter
1505 2524 1589 2562 tne
1616 2522 1720 2562 non
1747 2515 1828 2561 est
1848 2506 2015 2569 alius;

429 2623 532 2678 ego
554 2618 732 2675 autem
757 2605 878 2660 dico
900 2602 1073 2667 vobis,
1097 2612 1154 2657 ut
1188 2612 1245 2659 et
1285 2617 1372 2656 me
1406 2600 1660 2665 adoretis,
1690 2598 1829 2653 sicut
1851 2607 1905 2653 et
1951 2597 2017 2651 il-

432 2701 539 2753 lum
564 2718 578 2753 :
609 2697 661 2752 id
690 2696 972 2760 effecisset,
1009 2704 1066 2748 ut
1091 2708 1277 2748 omnes
1302 2693 1448 2747 illum
1469 2692 1618 2762 quasi
1641 2690 1902 2746 furentem
1926 2689 2020 2743 ha-

434 2790 640 2844 herent.
666 2785 723 2843 Si
750 2785 893 2842 enim
926 2793 1046 2853 post
1076 2793 1274 2838 tantam
1301 2781 1596 2837 doctrinam
1634 2791 1689 2836 et
1730 2789 1851 2851 post
1876 2790 2020 2837 tanta

434 2883 605 2953 signa,
630 2896 751 2936 cum
776 2878 1009 2933 nondum
1039 2877 1155 2931 haec
1177 2876 1267 2930 ille
1295 2875 1441 2931 clare
1459 2873 1702 2938 dixisset,
1726 2872 2019 2927 daemonia-

435 2988 555 3027 eum
587 2972 730 3025 illum
758 2970 1016 3025 vocabant
1042 2966 1237 3036 (lacn.
1270 2966 1323 3021 8.
1350 2966 1441 3022 52.
1477 2974 1525 3019 et
1552 2964 1640 3020 lO.
1664 2964 1760 3035 20)
1792 2964 1871 3017 :si
1899 2971 2023 3018 ante

436 3066 525 3119 illa
562 3064 742 3117 omnia
779 3062 953 3116 simile
996 3060 1121 3130 quid
1168 3058 1347 3115 dictare
1386 3059 1732 3117 tentavissct.
1763 3055 1890 3127 quid
1916 3070 2022 3110 non

438 3155 749 3211 dixissent?
775 3152 899 3225 quid
932 3169 1037 3207 non
1078 3151 1441 3223 cogitassent?
1481 3152 1550 3204 At
1572 3164 1698 3204 vero
1726 3148 2022 3202 doctrinam

444 3243 759 3318 huiusmodi
798 3244 870 3298 ad
901 3255 1115 3312 tempus
1177 3250 1535 3311 Opportunum
1586 3254 1927 3303 reservasse,
1973 3238 2025 3293 id

441 3346 646 3399 l’acilem
678 3341 894 3410 parabat
919 3341 1059 3395 viam
1086 3346 1142 3393 ttt
1174 3334 1276 3391 hoc
1309 3333 1503 3401 dogma
1525 3346 1552 3384 a
1582 3331 1761 3385 multis
1784 3331 2024 3400 suscipe-

441 3447 606 3493 retur.
627 3433 988 3503 Quamobrem
1036 3447 1179 3487 nunc
1204 3429 1332 3485 illud
1354 3426 1717 3500 prartcrmisit;
1734 3434 2023 3496 postquam

440 3545 566 3586 vero
591 3544 687 3601 per
713 3529 863 3598 signa
887 3541 1087 3597 perque
1124 3524 1421 3580 doctrinam
1448 3521 1701 3591 Optimam
1722 3518 1788 3572 ad
1815 3517 1865 3572 id
1889 3531 2027 3585 prae-

446 3628 712 3691 parasset,
770 3618 947 3672 verbis
998 3616 1213 3671 demum
1267 3613 1496 3684 idipsum
1548 3611 1824 3666 revelavit.
1880 3608 2032 3663 Nunc

441 3720 589 3766 certe
612 3719 664 3764 et
688 3708 853 3775 signis
873 3717 928 3761 ct
947 3708 1064 3777 ipso
1084 3706 1341 3760 doctrina:
1362 3704 1542 3763 modo,
1564 3702 1815 3771 paulatim
1836 3709 1889 3754 et
1908 3715 2033 3755 sen-

443 3803 545 3856 sim
574 3800 700 3856 illnd
729 3799 985 3854 declarat.
1009 3798 1140 3852 Nam
1167 3814 1289 3851 cum
1319 3803 1583 3866 potestate
1610 3795 1756 3864 leges
1785 3793 1903 3847 illas
1923 3802 2034 3846 sta-

444 3904 594 3949 tuere
612 3893 692 3948 vel
716 3891 1042 3955 rel'ormare,
1074 3889 1126 3944 id
1158 3889 1337 3958 utique
1362 3902 1485 3942 eum
1514 3886 1603 3956 qui
1634 3884 1934 3940 attenderet
1978 3892 2035 3939 et

445 3994 625 4042 mente
649 3985 852 4040 valeret
880 3983 947 4039 ad
974 3981 1087 4037 veri
1114 3981 1376 4051 dogmatis
1420 3981 1683 4034 rationem
1710 3977 2029 4034 deducebat.

445 4076 904 4147 Obstupescehant
951 4074 1093 4130 enim
1121 4116 1135 4140 ,
1182 4074 1294 4136 ait,
1340 4072 1461 4142 quia
1520 4086 1624 4124 non
1678 4071 1811 4124 sicut
1843 4070 2035 4125 scribae

446 4186 634 4227 eorum
662 4169 889 4226 docebat
909 4172 925 4236 (
947 4167 1133 4221 Matth.
1167 4167 1220 4220 7.
1240 4164 1334 4221 29.
1374 4164 1538 4217 Μαι-ε.
1568 4164 1619 4217 l.
1646 4161 1774 4232 22).
1799 4168 1838 4217 A
1868 4177 2035 4233 gene-

448 4260 653 4316 ralibus
693 4261 891 4331 quippe
914 4258 1057 4313 vitiis
1080 4271 1237 4312 orsus
1259 4297 1276 4324 ,
1304 4255 1373 4310 ab
1402 4254 1479 4310 ira
1526 4269 1717 4324 nempe
1745 4261 1801 4308 et
1833 4268 2035 4307 concu-

448 4352 703 4424 piscentia
720 4350 858 4424 (hmo
872 4351 1013 4406 enim
1032 4348 1264 4404 maxime
1280 4344 1611 4419 tyrannidem
1634 4347 1688 4399 in
1707 4344 1863 4400 nobis
1877 4359 2035 4400 exer-

450 4452 608 4510 cent,
634 4449 689 4497 et
718 4451 921 4497 natura:
965 4448 1090 4495 sunt
1114 4438 1284 4509 magis
1328 4435 1610 4507 consona),
1657 4450 1777 4491 cum
1806 4434 2036 4491 auctori-

453 4544 560 4590 tate
576 4533 761 4600 multa,
779 4540 1032 4603 quantum
1062 4529 1285 4585 decebat
1310 4528 1692 4598 legislatorem,
1714 4526 1828 4581 hzec
1847 4540 2038 4581 emen-

452 4626 616 4688 davit,
639 4634 694 4680 et
713 4639 833 4679 cum
851 4622 995 4677 omni
1011 4622 1348 4677 accuratione
1363 4619 1630 4674 ordinavit
1645 4617 1875 4689 ‘.Ncque
1893 4626 2036 4673 enim

453 4719 587 4774 dixit
606 4724 813 4772 tantum
841 4713 1105 4771 moechum
1133 4727 1321 4784 pinnas
1356 4727 1478 4767 esse
1518 4711 1766 4766 daturum
1793 4729 1808 4764 :
1834 4711 1927 4765 sed
1954 4710 2037 4764 id-

455 4812 630 4882 ipsum
656 4809 744 4865 hic
767 4807 892 4863 facit
919 4805 1059 4877 quod
1082 4807 1220 4860 circa
1266 4803 1586 4859 homicidam
1614 4802 1832 4868 fecerat,
1865 4803 2040 4872 impu-

455 4903 578 4958 dico
624 4900 788 4956 etiam
833 4899 1069 4970 aspectui
1115 4911 1303 4967 paruas
1353 4895 1709 4959 denuntians,
1754 4903 1813 4948 ut
1863 4894 2041 4948 discas

457 4991 585 5064 quid
611 4990 682 5048 sit
709 4989 837 5046 illud
857 4989 999 5061 quod
1022 4988 1156 5043 ultra
1179 4987 1402 5057 scriptas
1421 4985 1566 5056 leges
1583 4985 1892 5055 requiritur.
1917 4983 2041 5040 Ideo

457 5084 589 5141 dicit
612 5100 628 5139 :
653 5083 754 5150 Qui
772 5082 1044 5154 respexerit
1071 5081 1329 5135 mulierem
1349 5078 1417 5132 ad
1437 5077 1888 5148 concupiscendum
1906 5092 2039 5143 eam,

453 5177 569 5247 jam
593 5176 871 5230 moechatus
898 5183 971 5228 est
997 5189 1108 5226 eam
1133 5173 1188 5225 in
1215 5170 1367 5225 corde
1392 5185 1521 5233 suo;
1548 5168 1599 5224 id
1623 5178 1743 5236 est,
1772 5170 1862 5240 qui
1903 5169 2043 5225 solet

461 5275 685 5323 venusta
705 5281 927 5336 corpora
952 5263 1218 5320 curiosius
1243 5261 1461 5325 intueri,
1493 5259 1759 5331 faciesque
1782 5261 2044 5316 formosas

460 5362 665 5428 venari,
693 5370 749 5417 et
774 5361 875 5414 hoc
921 5357 1223 5430 spectaculo
1242 5356 1477 5412 animum
1498 5370 1735 5427 pascere,
1756 5355 2044 5425 oculosque

461 5454 696 5523 deﬁgere
723 5452 776 5507 in
805 5452 1067 5506 formosos
1095 5451 1292 5504 vultus.
1315 5448 1430 5503 Non
1452 5448 1593 5503 enim
1618 5461 1813 5518 corpus
1832 5456 2042 5501 tantum

466 5546 609 5602 venit
632 5562 660 5600 a
688 5545 844 5601 malis
889 5545 1096 5599 actibus
1119 5543 1346 5597 liberare
1369 5584 1384 5607 ,
1416 5540 1510 5597 sed
1549 5550 1605 5596 et
1640 5540 1872 5595 animmn
1920 5549 2046 5593 ante

464 5653 680 5709 corpus.
724 5638 855 5704 Quia
884 5637 1024 5691 enim
1057 5637 1109 5690 in
1139 5634 1304 5689 corde
1341 5633 1572 5703 Spiritus
1592 5632 1818 5702 gratiam
1850 5630 2046 5699 accipi-

531 5735 546 5760 '
581 5728 674 5778 Alii
688 5740 784 5776 non
805 5732 958 5788 lauet,
983 5739 1093 5778 cum
1113 5723 1242 5778 omni
1261 5723 1564 5777 accuratione
1586 5721 1834 5784 repressit.
1848 5734 1959 5787 qua
1974 5720 2047 5773 le-

469 5793 568 5843 ctio
584 5804 680 5840 non
702 5789 993 5853 spernenda.

2116 694 2233 732 mus
2252 720 2268 743 ,
2295 693 2391 733 cor
2414 677 2644 748 primum
2673 685 2949 748 expurgat.
2999 676 3068 732 Et
3092 675 3362 746 quomodo
3386 692 3692 748 possumus.

2116 767 2322 837 inquies
2343 809 2359 835 ,
2387 783 2418 822 a
2443 768 2869 838 concupiscentia
2899 766 3151 823 liberari?
3180 767 3406 825 Maxime
3428 768 3647 839 quidem
3673 809 3692 836 ,

2111 858 2154 912 si
2181 859 2426 925 velimus,
2448 874 2728 929 possumus
2750 875 2867 915 eam
2891 861 3250 931 exstinguere,
3272 870 3329 916 et
3352 876 3420 915 ne
3446 870 3698 930 erumpat

2109 949 2403 1003 Continere.
2425 948 2673 1021 Alioquin
2694 961 2871 1004 autem
2892 949 2979 1006 hic
3000 966 3104 1005 non
3128 950 3285 1005 modo
3305 953 3695 1022 concupiscen-

2112 1038 2237 1093 tiam
2270 1040 2425 1105 tollit,
2451 1041 2545 1095 sed
2570 1041 2728 1096 etiam
2757 1041 2902 1103 illam
2944 1043 3427 1112 concupiscentiam
3460 1060 3579 1115 qua:
3622 1061 3695 1103 ex

2111 1141 2329 1203 aspectu
2366 1132 2560 1202 prodit.
2584 1132 2714 1188 Nam
2742 1134 2833 1204 qui
2858 1133 3119 1189 formosas
3153 1132 3353 1191 intueri
3377 1134 3539 1191 facies
3574 1147 3695 1191 stu-

2113 1223 2238 1288 det,
2269 1223 2359 1279 ille
2385 1224 2651 1294 praecipue
2678 1224 2794 1279 vitii
2840 1223 3112 1281 fornacem
3140 1226 3402 1292 accendit,
3425 1227 3695 1280 animam-

2112 1330 2216 1383 que
2234 1313 2494 1384 captivam
2525 1314 2687 1370 cllicit
2709 1357 2726 1382 ,
2752 1324 2805 1371 et
2833 1317 2939 1370 cito
2963 1315 3031 1371 ad
3051 1331 3182 1386 opus
3210 1331 3420 1387 quoque
3450 1318 3696 1373 accedet.

2114 1406 2401 1476 Propterea
2429 1422 2534 1462 non
2558 1406 2712 1475 dixit,
2742 1407 2841 1476 Qui
2864 1408 3191 1480 concupierit
3230 1409 3520 1465 mmehari:
3572 1410 3699 1479 sed,

2117 1498 2215 1562 Qui
2233 1499 2503 1567 respexerit
2518 1499 2586 1553 ad
2600 1499 3070 1571 concupiscendum.
3090 1499 3298 1555 Etcum
3319 1500 3387 1556 de
3410 1500 3484 1555 ira
3510 1500 3696 1572 loque~

2115 1599 2281 1651 retur,
2309 1587 2705 1645 distinctionem
2756 1589 3041 1660 quamdatn
3083 1591 3285 1660 posuit,
3328 1589 3553 1656 Temere,
3605 1590 3696 1645 vel

2116 1679 2242 1736 Sine
2263 1696 2418 1735 causa
2440 1680 2700 1747 dicendo;
2723 1681 2810 1736 hic
2828 1696 2957 1737 vero
2981 1696 3088 1737 non
3108 1682 3201 1747 ita,
3224 1681 3320 1738 sed
3343 1682 3508 1737 semel
3529 1691 3701 1737 totam

2114 1770 2597 1845 concupiscentiam
2636 1774 2850 1830 sustulit
2880 1790 2895 1827 :
2923 1775 3130 1830 etiamsi
3165 1775 3280 1830 hate
3327 1775 3486 1830 ambo
3512 1776 3698 1830 innata

2116 1866 2271 1922 nobis
2293 1868 2419 1933 sint,
2445 1874 2504 1921 et
2528 1867 2726 1922 utiliter
2750 1877 2977 1939 utraque
2997 1867 3148 1924 nobis
3176 1868 3377 1933 insint,
3404 1868 3481 1922 ira
3505 1883 3703 1938 nempe

2116 1969 2170 2015 ct
2195 1961 2659 2029 concupiscentia;
2715 1960 2800 2015 illa
2828 1971 2883 2015 ut
2912 1961 3181 2032 improbos
3212 1961 3512 2031 pnniamus,
3538 1969 3587 2016 et
3615 1963 3712 2016 ἱιις.

2116 2050 2439 2118 compositos
2463 2049 2843 2114 emendemus;
2876 2049 2988 2104 haec
3019 2058 3076 2105 ut
3107 2051 3300 2106 liberos
3324 2052 3699 2122 suscipiamus,

2119 2151 2171 2197 et
2196 2157 2365 2212 genus
2391 2152 2627 2197 nostrum
2660 2143 2999 2199 successione
3039 2153 3380 2216 prapagetur.

2189 2233 2245 2286 2.
2298 2231 2526 2287 Christus
2565 2233 2791 2287 illicitum
2821 2243 3016 2288 tantum
3042 2235 3496 2306 concupiscentiam
3522 2236 3717 2307 prohi-t

2118 2325 2217 2378 bet.
2250 2325 2422 2389 Quare
2444 2326 2609 2397 ipsum
2638 2337 2893 2396 aspectum
2914 2324 3157 2382 cohibeat.
3188 2326 3448 2399 Impudici
3473 2340 3711 2401 aspectus

2120 2416 2324 2470 dataria.
2346 2447 2415 2457 —
2439 2417 2546 2473 Cur
2571 2433 2698 2488 ergo
2725 2435 2829 2473 non
2859 2418 2944 2474 hic
2979 2421 3139 2474 etiam
3173 2419 3565 2476 disdnctionem
3606 2437 3715 2492 po.

2122 2508 2263 2563 suit?
2289 2507 2568 2564 Maximam
2611 2520 2758 2567 certe
2776 2552 2792 2579 ,
2824 2512 2869 2567 si
2897 2511 3139 2567 attendas
3158 2554 3172 2576 ,
3199 2511 3285 2568 hic
3309 2512 3709 2568 distinctionem

2123 2599 2401 2670 percipies.
2436 2599 2549 2656 Non
2585 2603 2726 2656 enim
2768 2602 3081 2672 simpliciter
3124 2602 3279 2667 dixit,
3309 2603 3411 2670 Qui
3446 2607 3717 2674 concupi-

2121 2695 2291 2759 verit;
2322 2702 2491 2762 potcst
2531 2695 2672 2749 enim
2719 2695 2892 2764 quivis
2918 2694 3079 2751 etiam
3126 2695 3177 2750 iu
3222 2697 3493 2752 montibus
3521 2697 3711 2753 sedem

2124 2784 2349 2855 habens,
2375 2789 2784 2857 concupiscere;
2816 2788 2931 2857 sed,
2981 2788 3082 2855 Qui
3108 2790 3379 2862 respexerit
3422 2791 3491 2845 ad
3524 2807 3733 2845 cottch

2124 2877 2455 2948 piscendum;
2486 2878 2537 2933 id
2567 2888 2668 2946 est,
2696 2880 2784 2951 qui
2808 2879 2908 2935 sibi
2953 2880 3052 2950 ipsi
3098 2882 3580 2952 concupiscentiam
3613 2895 3715 2936 ac-

2124 2969 2308 3037 cersit,
2357 2985 2448 3040 qut
2492 2970 2703 3026 nemine
2730 2981 2953 3043 cogente
3000 2972 3168 3028 feram
3217 2974 3361 3036 illam
3392 2974 3445 3029 in
3469 2975 3725 3033 sedatum

2126 3061 2359 3115 animum
2386 3060 2646 3143 immittit.
2676 3061 2810 3117 Illud
2847 3063 2989 3119 enim
3016 3079 3121 3118 non
3144 3065 3255 3135 jam
3282 3080 3350 3120 ex
3378 3074 3563 3121 natura
3584 3081 3719 3136 pro-

2130 3154 2407 3220 ﬁciscitur,
2437 3154 2531 3210 sed
2561 3170 2627 3210 ex
2664 3155 2885 3211 desidia.
2941 3156 3055 3212 lloc
3094 3158 3291 3228 quippe
3319 3158 3372 3213 in
3405 3160 3566 3214 veteri
3600 3161 3733 3230 lego

2126 3246 2235 3317 jam
2265 3246 2393 3301 olim
2428 3247 2648 3302 vetitum
2682 3247 2796 3314 fuit,
2829 3264 2948 3318 quas
2997 3249 3076 3305 sic
3118 3248 3279 3305 habet
3311 3268 3324 3305 :
3355 3249 3481 3306 Noli
3524 3251 3725 3308 discere

2130 3336 2553 3407 pulchritudinem
2590 3337 2847 3404 alienam(
2876 3338 3034 3394 Eccli.
3057 3339 3112 3396 9.
3135 3340 3188 3396 8.
3212 3338 3253 3412 ).
3281 3341 3481 3397 Deinde
3502 3358 3566 3396 ne
3595 3343 3723 3412 quis

2126 3429 2369 3486 diceret:
2396 3427 2531 3499 Quid
2561 3444 2710 3502 ergo,
2740 3430 2786 3484 si
2812 3429 3049 3487 didicero
3069 3473 3085 3498 ,
3116 3440 3171 3487 et
3192 3446 3298 3488 non
3323 3433 3541 3504 capiar?
3568 3434 3726 3489 cohi-

2135 3521 2225 3575 het
2246 3529 2541 3591 aspectum,
2568 3537 2638 3577 ne
2678 3521 2776 3575 hac
2804 3520 3028 3577 ﬁdenter
3072 3537 3203 3578 usus
3239 3522 3474 3590 licentia,
3502 3524 3555 3578 in
3587 3539 3725 3594 pec-

2132 3622 2307 3667 catum
2336 3611 2616 3681 aliquando
2664 3612 2886 3668 incidas.
2926 3613 3061 3683 Quid
3104 3613 3263 3684 igitur
3306 3615 3353 3670 si
3393 3615 3731 3683 videam,et

2134 3705 2508 3775 concupiscam
2531 3746 2546 3771 ,
2577 3705 2812 3776 nihilque
2865 3708 2987 3763 mali
3039 3707 3228 3778 agam?
3293 3708 3463 3763 Etiam
3491 3709 3570 3764 sic
3594 3724 3723 3764 cum

2137 3797 2361 3852 moechis
2388 3798 2687 3852 numeraris
2728 3797 3055 3854 Sententiam
3083 3798 3204 3854 tulit
3230 3798 3521 3869 legislator,
3547 3814 3736 3870 neque

2136 3886 2302 3942 debes
2331 3887 2466 3942 ultra
2508 3888 2721 3943 curiose
2764 3888 3055 3959 inquirere.
3085 3886 3221 3945 Cum
3258 3890 3403 3945 enim
3437 3891 3604 3946 semel
3630 3901 3730 3947 aut

2138 3980 2219 4035 his
2247 3988 2338 4036 aut
2361 3989 2444 4036 ter
2470 3980 2548 4036 sic
2573 3981 2875 4052 respexeris
2895 4024 2910 4048 ,
2944 3991 2996 4038 te
3022 3981 3159 4038 forte
3185 3982 3386 4053 poteris
3413 3985 3729 4051 continere;

2139 4070 2185 4127 si
2210 4086 2337 4126 vero
2367 4070 2674 4142 frequenter
2699 4072 2748 4127 id
2789 4072 2985 4138 facias,
3017 4083 3071 4129 et
3106 4072 3378 4131 fornacem
3417 4075 3681 4131 accendas
3708 4118 3728 4143 ,

2142 4163 2380 4235 profecto
2404 4165 2633 4233 capieris
2658 4181 2671 4218 :
2703 4180 2807 4219 non
2837 4165 2979 4219 enim
3009 4174 3156 4220 extra
3189 4166 3475 4221 humanam
3501 4167 3637 4223 situs
3663 4183 3730 4224 es

2142 4265 2407 4309 naturam.
2431 4254 2887 4321 Quemadmodum
2908 4269 3036 4326 ergo
3062 4270 3161 4310 nos
3183 4271 3306 4312 cum
3331 4272 3553 4328 puerum
3577 4258 3734 4315 vide.-

2141 4360 2260 4403 mus
2285 4345 2516 4433 gladium
2552 4354 2824 4403 tenentem
2844 4389 2859 4412 ,
2888 4348 3094 4403 etiamsi
3126 4348 3360 4405 nondum
3389 4350 3733 4408 vulneratum

2140 4453 2448 4508 cernamus,
2478 4441 2823 4515 verberamus
2865 4449 3041 4497 tamen
3082 4441 3531 4515 prohibemusque
3555 4461 3625 4500 tte
3648 4446 3735 4502 sic

2143 4546 2394 4601 umquam
2458 4533 2682 4602 attingat
2728 4549 2742 4587 :
2791 4534 2869 4587 sic
2918 4547 3130 4603 quoque
3201 4533 3340 4589 Deus
3401 4534 3736 4604 impudicum

2143 4632 2415 4690 aspectum
2444 4631 2568 4678 ante
2596 4637 2732 4694 cpus
2758 4624 2918 4688 tollit,
2941 4639 3009 4679 ne
3033 4622 3169 4679 forte
3195 4625 3247 4678 in
3276 4639 3411 4695 opus
3438 4626 3613 4694 ipsum
3643 4625 3738 4681 in-

2142 4715 2405 4771 cidamus.
2446 4714 2578 4770 Nam
2610 4716 2699 4787 qui
2747 4716 2914 4771 semel
2957 4715 3226 4772 ﬂammam
3273 4716 3538 4786 accendit,
3566 4718 3737 4774 etiam

2146 4806 2367 4861 absente
2393 4806 2503 4873 illa,
2529 4821 2689 4876 quam
2712 4807 2965 4876 respexit,
2995 4806 3223 4862 muliere
3242 4849 3257 4870 ,
3283 4823 3463 4863 rerum
3497 4809 3738 4879 turpium

2146 4897 2404 4968 imagines
2431 4894 2532 4953 sibi
2560 4897 2658 4969 ipsi
2690 4896 2996 4968 frequenter
3022 4896 3190 4968 ﬁngit,
3222 4907 3278 4953 et
3299 4912 3368 4953 ex
3393 4898 3522 4970 ipsis
3549 4898 3740 4971 imagi-

2147 4990 2304 5046 nibus
2329 4989 2382 5044 in
2409 5004 2545 5061 opus
2567 5005 2710 5061 Saepe
2728 4988 3026 5045 deducitur.
3052 4989 3285 5061 Ideoque
3306 4988 3552 5046 Christus
3572 4991 3739 5047 etiam

2147 5083 2316 5145 illum,
2347 5082 2436 5153 qui
2464 5084 2516 5137 in
2542 5084 2722 5137 animo
2760 5080 2997 5153 ﬁngitur,
3027 5083 3224 5138 coitum
3266 5081 3337 5138 de
3366 5081 3543 5138 medic
3572 5084 3737 5140 tollit.

2147 5176 2285 5244 Quid
2324 5177 2481 5247 igitur
2526 5176 2758 5231 dixerint
2782 5175 2819 5231 ii
2843 5177 2930 5247 qui
2960 5191 3141 5231 secum
3190 5174 3491 5232 habitantes
3538 5175 3743 5235 habent

2146 5269 2378 5341 virgines
2399 5268 2515 5342 (a)?
2552 5267 2762 5324 Etenim
2795 5265 3086 5323 secundum
3114 5265 3252 5322 hanc
3273 5265 3467 5338 legem,
3506 5281 3743 5328 sexcen-

2212 5404 2285 5468 (η)
2320 5404 2374 5468 In
2392 5401 2499 5453 Illos
2518 5403 2605 5464 qui
2622 5401 2901 5468 habitantes
2921 5412 3090 5468 secpm
3106 5400 3326 5462 virgines
3338 5399 3543 5468 habent,
3554 5399 3737 5452 librum

2152 5461 2302 5517 edidit
2324 5461 2706 5526 Chrysosfomus,
2731 5464 2812 5526 qui
2831 5476 2980 5526 cusus
3001 5461 3261 5526 fuitjt‘ofno
3282 5463 3439 5526 primo
3472 5462 3582 5526 ejus
3611 5469 3738 5526 Ope-

2150 5543 2274 5587 rum,
2299 5529 2392 5577 col.
2416 5522 2641 5588 διδ-562,
2656 5526 2741 5576 ubi
2751 5522 2933 5588 titulus
2942 5526 3013 5573 sic
3029 5525 3197 5588 habet,
3209 5522 3739 5588 οιιὸάνιξαηοιὶἱωβὶρε

2150 5584 2414 5656 regulares,
2436 5603 2553 5656 cum
2584 5584 2700 5656 viris
2715 5585 2937 5656 habitare
2955 5599 3050 5656 non
3065 5586 3397 5656 debemd.__vbi
3423 5599 3511 5647 per
3532 5584 3735 5656 canoni-

2149 5646 2233 5703 (εξ
2253 5653 2376 5710 illas,
2399 5646 2618 5714 virgines
2632 5649 2879 5714 intelligit,
2892 5655 2949 5698 ut
2969 5648 3023 5714 in
3045 5656 3146 5699 toto
3161 5646 3314 5714 libelli
3335 5646 3545 5698 decursu
3566 5647 3737 5699 videre

2151 5723 2244 5765 est.
2265 5709 2515 5766 Canopica:
2538 5721 2704 5763 autem
2726 5709 2944 5773 virgines
2965 5709 3062 5760 illa:
3083 5712 3397 5774 vocabantur,
3430 5724 3547 5774 qnta
3559 5719 3736 5763 statum

2157 5777 2417 5843 quemdam
2440 5776 2491 5826 in
2512 5775 2726 5828 Ecclesia
2747 5774 2969 5826 ordinem
2995 5773 3228 5825 tenebant
