4050 6364
461 273 571 335 257

459 394 558 464 καὶ
596 392 658 445 οὐ
711 391 982 460 τοσαύτην
1012 389 1122 444 ἀπὸ
1170 390 1270 462 τῆς
1313 391 1490 462 ὅψεως
1529 390 1893 462 καρπούμεθα
1943 392 2044 463 τὴν

457 475 674 546 ἡδονὴν,
701 473 833 543 ὅσην
854 473 960 527 ἀπὸ
990 472 1086 526 τοῦ
1119 473 1218 544 τὴν
1250 475 1546 542 ἐπιθυμίαν
1576 475 1813 543 αὐξῆσαι
1837 474 2044 546 ταύτην

466 558 814 628 ὑπομένομεν
851 556 951 627 τὴν
992 556 1191 626 λύμην,
1233 559 1449 630 ἰσχυρὸν
1491 558 1770 619 ποιοῦντες
1795 557 1887 611 τὸν
1914 559 2042 611 ἀντ-

460 641 766 712 ἀγωνιστὴν
785 680 800 704 ,
836 639 932 693 καὶ
961 640 1181 692 πλείονα
1215 641 1447 708 διδόντες
1473 643 1572 713 τὴν
1595 643 1935 714 εὐρυχωρίαν
1965 641 2043 712 τῷ

460 724 708 794 διαϐόλῳ,
739 725 833 777 καὶ
865 724 1047 776 οὐκέτι
1084 723 1358 793 ἰσχύοντες
1379 726 1540 778 αὐτὸν
1572 724 2041 794 ἀποκρούσασθαι,

460 808 591 861 ὅταν
633 809 712 870 είς
743 806 811 860 τὰ
850 806 1104 859 ἐνδότατα
1137 808 1536 876 εἰσαγάγωμεν,
1563 808 1657 859 καὶ
1693 807 2044 860 ἀναπετάσω-

464 908 564 961 μεν
586 890 734 959 αὐτῷ
753 891 851 960 τὴν
880 890 1133 943 διάνοιαν.
1159 891 1256 943 Διά
1284 889 1442 942 τοῦτό
1462 907 1616 960 φησι’
1639 892 1729 961 Μὴ
1751 891 2043 963 μοιχεύσῃς

460 977 572 1037 τοῖς
598 974 916 1044 ὀφθαλμοῖς,
955 975 1048 1027 καὶ
1087 975 1145 1026 οὐ
1183 973 1488 1043 μοιχεύσεις
1521 979 1587 1046 τῇ
1617 974 1846 1047 διανοίᾳ.
1887 977 2043 1029 Ἔστι

459 1059 570 1130 γάρ
601 1059 696 1112 καὶ
725 1059 898 1122 άλλως
938 1058 1086 1121 ἰδεῖν,
1125 1058 1202 1121 ῶς
1230 1060 1280 1111 οί
1321 1061 1595 1129 σώφρονες
1625 1058 1898 1128 βλέπουσι.
1943 1059 2043 1114 Διά

457 1144 616 1197 τοῦτο
651 1144 751 1213 οὐχ
784 1142 971 1205 ἁπλῶς
1004 1143 1106 1211 τὴν
1155 1141 1278 1212 ὃψιν
1320 1142 1562 1209 ἀνεῖλεν,
1607 1142 1743 1195 ἀλλά
1777 1144 1875 1212 τὴν
1903 1143 2043 1213 μετά

457 1227 755 1293 ἐπιθυμίας
793 1226 938 1295 ὄψιν.
972 1226 1040 1278 Εἰ
1063 1225 1120 1278 δέ
1154 1227 1229 1296 μὴ
1266 1225 1425 1278 τοῦτο
1465 1225 1740 1290 ἐϐούλετο,
1769 1223 1921 1278 εἶπεν
1951 1226 2040 1289 ἂν,

470 1310 529 1362 ’0
561 1310 774 1380 βλέπων
795 1309 839 1340 ⁸¹
870 1312 1110 1376 γυναῖκα
1147 1308 1363 1372 ἀπλῶς·
1395 1307 1492 1362 νῦν
1522 1309 1580 1360 δὲ
1620 1309 1718 1377 οὐχ
1747 1307 1917 1372 οῦτως
1962 1305 2042 1363 εῖ-

461 1410 591 1457 πεν,
622 1393 759 1456 ἀλλ’,
800 1393 860 1444 '0
888 1392 1102 1462 βλέπων
1126 1392 1262 1461 πρὸς
1296 1391 1357 1443 τὸ
1383 1390 1740 1461 ἐπιθυμῆσαι,
1769 1395 1798 1445 6
1831 1391 2043 1462 βλέπων

456 1478 596 1530 ὥστε
631 1476 824 1547 τέρψαι
861 1476 960 1546 τὴν
990 1475 1134 1545 ὀψιν.
1177 1475 1312 1528 Οὐδὲ
1344 1475 1453 1546 γὰρ
1483 1477 1562 1538 εἰς
1590 1475 1749 1529 τοῦτό
1795 1492 1878 1529 σοι
1917 1478 2044 1540 τοὺς

456 1559 769 1630 ὀφθαλμοὺς
795 1558 1050 1628 ἐποίησεν
1076 1560 1104 1611 6
1132 1557 1283 1622 Θεὸς,
1314 1557 1400 1610 ἵνα
1437 1557 1524 1610 διά
1552 1557 1757 1610 τούτων
1797 1558 2041 1628 μοιχείαν

455 1645 779 1714 είσαγάγῃς,
810 1642 923 1695 ἀλλ’
952 1642 1040 1694 ἵνα
1065 1641 1228 1694 αὐτοῦ
1256 1641 1322 1694 τὰ
1351 1641 1625 1712 κτίσματα
1651 1641 1882 1712 βλέπων,
1911 1642 2042 1696 θαυ-

459 1727 638 1798 μάζῃς
668 1728 758 1781 τὸν
783 1725 1145 1796 Δημιουργόν.
1173 1725 1388 1796 Ὥσπερ
1417 1721 1512 1778 οῦν
1550 1725 1696 1779 ἔστιν
1731 1727 1851 1797 εἰκῆ
1886 1727 2041 1800 ὀργί-

463 1809 673 1875 ζεσθαι,
707 1808 880 1872 οὕτως
907 1807 1054 1862 ἔστιν
1082 1807 1202 1875 είκῆ
1230 1809 1394 1878 ὀρᾷν,
1426 1809 1556 1861 ὅταν
1591 1808 1728 1879 πρὸς
1749 1808 2041 1880 ἐπιθυμίαν

452 1892 612 1945 τοῦτο
644 1895 822 1964 ποιῇς.
849 1892 912 1945 Εἰ
953 1891 1062 1962 γὰρ
1094 1889 1272 1960 βούλει
1303 1892 1435 1961 όρᾷν
1473 1892 1565 1944 καὶ
1587 1891 1910 1962 τέρπεσθαι,
1939 1894 2041 1964 ὅρα

452 1976 552 2047 τὴν
575 1975 772 2030 σαυτοῦ
800 1977 1055 2044 γυναῖκα,
1078 1975 1173 2028 καὶ
1192 1972 1396 2043 ταύτης
1415 1973 1515 2044 ἔρα
1545 1974 1808 2045 διηνεκῶς
1827 1992 1840 2006 ο
1866 1976 2042 2040 οὐδεὶς

454 2060 654 2112 κωλύει
692 2059 878 2130 νόμος.
911 2059 976 2112 Εἰ
1006 2058 1063 2111 δὲ
1100 2057 1171 2110 τά
1200 2057 1456 2128 ἀλλότρια
1501 2058 1712 2127 μέλλεις
1745 2061 2040 2133 περιεργά-

452 2143 644 2207 ζεσθαι
686 2143 886 2214 κάλλη,
916 2142 1176 2212 κάκείνην
1203 2142 1408 2204 ἀδικεῖς
1434 2141 1667 2212 ἀλλαχοῦ
1701 2145 2043 2214 μετεωρίζων

451 2227 578 2290 τοὺς
593 2225 924 2297 ὀφθαλμοὺς,
941 2227 1038 2279 καὶ
1063 2225 1268 2294 ταύτην
1292 2226 1358 2292 ἣν
1375 2219 1533 2288 εἶδες,
1557 2226 1857 2296 ἁπτόμενος
1873 2228 2042 2300 αὐτῆς

455 2311 805 2381 παρανόμως.
845 2311 904 2363 Εἰ
934 2311 1042 2380 γάρ
1071 2312 1166 2362 καὶ
1195 2309 1269 2379 μὴ
1309 2309 1433 2379 ἥψω
1460 2311 1524 2380 τῇ
1570 2310 1733 2379 χειρὶ,
1763 2310 1878 2364 ἀλλ’
1907 2312 2042 2382 ἐψη-

451 2394 699 2466 λάφησας
731 2397 842 2457 τοῖς
865 2393 1163 2462 ὀφθαλμοῖς
1185 2408 1197 2420 ·
1226 2393 1316 2445 διὰ
1342 2391 1502 2445 τοῦτο
1523 2393 1616 2446 καὶ
1645 2393 1799 2447 τοῦτο
1827 2397 2040 2466 μοιχεία

449 2479 784 2546 νενόμισται,
831 2477 924 2530 καί
955 2477 1061 2547 πρὸ
1099 2475 1199 2545 τῆς
1251 2475 1527 2539 κολάσεως
1565 2477 1780 2547 ἐκείνης
1819 2478 2040 2546 κόλασιν
2075 2503 2081 2509 ·

449 2563 512 2614 οὐ
543 2560 641 2631 τὴν
667 2559 938 2629 τυχοῦσαν
972 2559 1190 2627 ἐπάγει.
1210 2560 1319 2612 Καὶ
1346 2558 1456 2629 γὰρ
1488 2557 1719 2628 Θορύϐου
1746 2561 1840 2613 καὶ⁵
1871 2579 2041 2633 ταρα-

449 2644 550 2714 χῆς
583 2644 760 2696 πάντα
815 2643 883 2695 τά
930 2642 1075 2695 ἔνδον
1133 2641 1472 2711 πληροῦται,
1507 2642 1599 2695 καὶ
1651 2643 1818 2715 πολλὴ
1873 2647 1969 2716 μὲν
2005 2647 2038 2717 ἡ

449 2725 609 2797 ζάλη,
637 2725 993 2796 χαλεπωτάτη
1023 2725 1080 2778 65
1118 2727 1150 2796 ἡ
1187 2725 1367 2795 ὀδύνη,
1403 2726 1498 2778 καὶ
1530 2726 1638 2778 τῶν
1676 2727 2039 2796 αἰχμαλώτων

449 2811 546 2864 καὶ
577 2809 876 2880 δεδεμένων
901 2809 1052 2862 οὐδὲν
1091 2809 1313 2878 ἄμεινον
1341 2812 1370 2862 6
1405 2809 1582 2862 ταῦτα
1620 2808 1808 2862 παθὼν
1835 2811 2039 2864 διακεί-

451 2910 621 2947 σεται.
658 2893 768 2946 Καὶ
794 2895 826 2963 ἡ
864 2893 962 2962 μὲν
993 2893 1053 2944 τὸ
1079 2893 1230 2962 βέλος
1259 2894 1461 2962 ἀφεῖσα
1491 2893 1751 2958 πολλάκις
1775 2895 1997 2966 ἀπέπτη
2017 2908 2032 2925 ⁸

448 2980 483 3048 ἡ
515 2977 572 3030 δέ
601 2976 784 3048 πληγὴ
811 2978 905 3028 καὶ
935 2973 1078 3028 οὕτω
1108 2975 1278 3045 μένει.
1307 2974 1524 3029 Μᾶλλον
1553 2975 1610 3028 δὲ
1631 2979 1733 3030 οὐκ
1759 2977 1944 3048 ἐκείνη
1974 2979 2037 3032 τὸ

449 3060 601 3130 βέλος
637 3061 878 3130 ἀφῆκεν,
913 3058 1048 3112 ἀλλά
1084 3061 1149 3112 σὺ
1184 3059 1334 3132 [2'25]
1362 3060 1584 3131 καιρίαν
1623 3060 1831 3126 ἔδωκας
1860 3064 2037 3135 ἐαυτῷ

445 3143 546 3214 τὴν
581 3143 816 3215 πληγὴν,
846 3141 1162 3205 ἀκολάστως
1211 3141 1353 3196 ίδών.
1385 3143 1494 3195 Καὶ
1531 3143 1707 3197 ταῦτα
1737 3143 1904 3212 λέγω,
1937 3145 2038 3210 τὰς

449 3225 832 3296 σωφρονούσας
865 3225 1227 3280 ἀπαλλάττων
1267 3225 1367 3296 τῆς
1402 3226 1754 3297 κατηγορίας.
1801 3227 1888 3290 Ὠς
1919 3229 2036 3295 εἴγε

445 3326 530 3373 τις
572 3309 996 3374 καλλωπίζοιτο,
1035 3309 1130 3362 καὶ
1175 3309 1365 3380 καλοίη
1407 3308 1451 3340 ⁹¹
1486 3311 1624 3380 πρὸς
1663 3310 1864 3380 ἑαυτὴν
1908 3313 2036 3376 τοὺς

445 3395 554 3448 τῶν
594 3393 960 3448 ἀπαντώντων
983 3394 1029 3427 ³³
1059 3393 1408 3464 ὀφθαλμοὺς,
1453 3392 1552 3446 κᾶν
1592 3393 1667 3465 μὴ
1722 3395 1898 3466 πλήξῃ
1945 3395 2036 3448 τὸν

447 3480 876 3551 ἐντυγχάνοντα,
928 3478 1082 3548 δίκην
1133 3479 1316 3532 δίδωσι
1363 3479 1461 3549 τὴν
1505 3479 1763 3550 ἐσχάτην.
1809 3480 1884 3532 Τό
1926 3482 2035 3550 γάρ

448 3565 740 3636 φάρμακον
769 3563 1026 3634 ἐκέρασε,
1057 3562 1236 3616 καὶτὸ
1273 3560 1496 3616 κώνειον
1533 3561 1954 3627 κατεσκεύασεν,
1987 3566 2034 3618 εί

447 3649 542 3702 καὶ
577 3647 651 3719 μὴ
680 3648 777 3719 τὴν
827 3647 1026 3700 κύλικα
1061 3649 1380 3717 προσήγαγε
1401 3663 1414 3677 ο
1460 3646 1661 3715 μᾶλλον
1702 3647 1758 3698 δὲ
1800 3646 1895 3699 καὶ
1936 3647 2035 3718 τὴν

447 3730 647 3784 κύλικα
676 3732 1048 3800 προσήγαγεν,
1094 3731 1145 3782 εἰ
1186 3731 1282 3782 καὶ
1314 3730 1504 3800 μηδεὶς
1540 3731 1568 3781 6
1601 3727 2029 3801 πίνωνέὐρέθη.

449 3815 514 3866 Τί
542 3810 634 3868 οὖν
662 3814 783 3884 οὐχὶ¹
813 3813 908 3866 καὶ
938 3812 1073 3883 πρὸς
1102 3811 1274 3874 αὐτὰς
1310 3812 1654 3880 διαλέγεται;
1693 3813 1878 3882 φησίν.
1912 3813 2034 3867 Ὅτι

447 3898 660 3962 κοινοὺς
692 3898 818 3960 τοὺς
847 3897 1045 3967 νόμους
1075 3895 1350 3966 πανταχοῦ
1381 3895 1585 3966 τίθησι,
1621 3895 1726 3950 κᾶν
1751 3897 1888 3968 πρὸς
1910 3899 2034 3962 τοὺς

447 3980 644 4051 ἄνδρας
678 3978 1060 4034 ἀποτείνεσθαι
1093 3979 1225 4049 δοκῇ
1247 3979 1297 4011 ³³⁵
1321 3978 1513 4048 μόνους
1533 3995 1546 4008 ο
1579 3981 1645 4050 τῇ
1679 3978 1788 4050 γὰρ
1822 3979 2030 4051 κεφαλῇ

446 4061 848 4135 διαλεγόμενος,
873 4062 1056 4134 κοινὴν
1075 4063 1120 4095 ⁸⁵
1147 4061 1397 4133 καὶπρὸς
1422 4061 1482 4115 :6
1508 4061 1668 4132 σῶμα
1694 4063 1841 4116 ἅπαν
1874 4067 2033 4117 ποιεῖ-

445 4165 536 4202 ται
564 4150 663 4221 τὴν
693 4148 1033 4221 παραίνεσιν.
1070 4147 1310 4200 Γυναῖκα
1350 4145 1460 4217 γάρ
1499 4147 1593 4200 καὶ
1625 4145 1795 4217 ἄνδρα
1829 4146 1886 4201 ἒν
1923 4143 2033 4202 οἶδε

448 4229 607 4295 ζῶον,
642 4231 737 4284 καὶ
760 4229 1000 4300 οὐδαμοῦ
1024 4231 1222 4300 διαιρεῖ
1251 4229 1313 4282 τὸ
1349 4229 1524 4298 γένος.

519 4313 589 4384 γ’.
626 4317 688 4368 Εἰ
713 4315 769 4369 δέ
799 4316 891 4368 καὶ
921 4315 1065 4378 ἰδίως
1091 4313 1320 4368 ἀκοῦσαι
1350 4313 1529 4383 βούλει
1569 4313 1668 4385 τῆς
1712 4315 1832 4368 κατ’
1854 4315 2032 4372 αὐτῶν

447 4397 811 4470 ἐπιπλήξεως,
853 4398 1084 4452 ἄκουσον
1127 4396 1224 4452 τοῦ
1259 4399 1483 4453 Ἡσαΐου
1505 4397 1756 4466 λέγοντος
1790 4399 1836 4432 ⁸⁸
1861 4400 2033 4454 πολλά

448 4483 584 4555 πρὸς
601 4482 768 4543 αὐτὰς
787 4481 1226 4554 ἀποτεινομένου,
1256 4481 1351 4536 καί⁸
1375 4481 1761 4553 κωμῳδοῦντος
1778 4482 1955 4536 αὐτῶν
1969 4484 2032 4538 :6

450 4569 666 4637 σχῆμα,
708 4564 770 4618 :6
805 4565 1057 4636 βλέμμα,
1091 4567 1190 4637 τὴν
1241 4565 1482 4637 βάδισιν,
1528 4565 1654 4628 τοὺς
1703 4564 2032 4636 συρομένους

446 4650 707 4719 χιτῶνας,
744 4651 870 4712 τοὺς
899 4649 1192 4714 παίζοντας
1228 4649 1426 4713 πόδας,
1461 4647 1586 4710 τοὺς
1629 4645 2031 4718 διακλωμένους

444 4732 766 4804 τραχήλους.
790 4732 1055 4786 Ἄκουσον
1080 4733 1198 4803 μετ’
1219 4733 1428 4786 ἐκείνου
1442 4733 1485 4764 ⁸⁷
1505 4731 1602 4785 καὶ
1629 4729 1723 4783 τοῦ
1756 4733 2028 4802 μακαρίου

447 4815 662 4868 Παύλου
696 4815 924 4878 πολλοὺς
966 4817 1157 4879 αὐταῖς
1203 4815 1442 4878 τιθέντος
1479 4813 1699 4884 νόμους,
1740 4814 1836 4866 καὶ
1888 4815 2030 4888 ὑπὲρ

444 4899 649 4971 τριχῶν
675 4899 905 4968 πλοκῆς,
952 4900 1048 4952 καὶ
1082 4899 1223 4969 ὑπὲρ
1255 4899 1557 4968 σπατάλης,
1600 4898 1695 4951 καὶ
1742 4898 1884 4970 ὑπὲρ
1920 4900 2028 4954 τῶν

444 4983 622 5038 ἄλλων
650 4983 760 5037 τῶν
790 4983 1045 5037 τοιούτων
1081 4983 1327 5054 σφοδρῶς
1374 4981 1736 5053 ἐπιτιμῶντος
1774 4981 1852 5052 τῷ
1880 4984 2030 5050 γένει

445 5068 639 5138 τούτῳ.
666 5069 778 5122 Καὶ
801 5070 829 5121 6
862 5069 1092 5139 Χριστὸς
1120 5069 1178 5122 δὲ
1207 5069 1295 5122 διὰ
1314 5068 1422 5120 τῶν
1453 5066 1578 5136 ἐξῆς
1615 5066 2029 5136 αἰνιγματωδῶς

445 5151 579 5204 αὐτό
601 5151 759 5204 τοῦτο
786 5152 1046 5222 ἐνέφηνεν
1065 5168 1078 5181 ·
1104 5153 1232 5205 ὅταν
1254 5151 1362 5222 γάρ
1376 5150 1530 5223 λέγῃ,
1540 5149 1727 5215 Ἕξελε
1747 5150 1841 5201 καί
1869 5149 2028 5203 έκκοο

1209 271 1270 328 S.
1307 271 1595 328 JOANNIS
1631 268 2120 329 CHRYSOSTOMI
2156 268 2477 327 ARCHIEP.
2514 266 3059 324 CONSTANTINOP.

3627 265 3731 326 258

2146 392 2244 446 ἐάν
2285 390 2556 460 συγγενὴς
2583 384 2654 461 ᾗς
2698 388 2752 442 τί
2789 384 2882 444 οὖν
2905 429 2922 453 ,
2975 389 3072 444 ἐὰν
3109 388 3285 453 άλλως
3321 405 3411 460 μοι
3440 389 3727 460 προσήκῃς

2143 474 2232 527 διὰ
2267 473 2425 526 τοῦτο
2455 472 2632 526 ταῦτα
2677 471 3034 543 προσέταξεν,
3064 474 3127 526 οὐ
3167 473 3296 544 7:591
3341 471 3518 541 μελῶν
3555 472 3732 523 διαλε-

2145 556 2397 627 γόμενος,
2429 557 2608 624 ἄπαγε
2627 572 2640 586 ⁸
2677 554 2915 625 οὐδαμοῦ
2941 555 3048 628 γὰρ
3075 555 3174 626 τῆς
3198 554 3400 624 σαρκὸς
3431 553 3499 606 τὰ
3535 552 3731 622 ἐγκλή-

2147 656 2292 710 ματα
2331 635 2467 692 εἴναί
2524 655 2708 709 φησιν,
2740 638 2876 692 ἀλλὰ
2912 637 3189 707 πανταχοῦ
3233 639 3334 706 τῆς
3373 634 3598 706 γνώμης
3629 638 3730 706 τῆς

2144 725 2387 792 πονηρᾶς
2427 724 2459 792 ἡ
2488 723 2809 794 κατηγορία.
2848 723 2922 775 Οὐ
2959 722 3068 794 γάρ
3103 725 3130 775 6
3153 721 3427 792 ὀφθαλμός
3451 720 3496 751 ⁸⁸
3526 721 3672 771 ἐστιν
3700 722 3730 772 6

2143 806 2304 876 ὀρῶν,
2324 805 2437 858 ἀλλ’
2463 808 2492 859 6
2512 806 2636 869 νοῦς
2662 806 2754 858 καὶ
2777 809 2805 858 6
2825 805 3100 876 λογισμός.
3123 805 3388 868 Πολλάκις
3413 803 3543 872 γοῦν
3569 802 3732 856 ἀλλαο

2143 891 2240 961 χοῦ
2272 890 2667 960 τετραμμένων
2705 889 2865 960 ἡμῶν
2902 892 2931 942 6
2969 889 3247 960 ὀφθαλμὸς
3288 889 3416 951 τοὺς
3453 888 3729 958 παρόντας

2143 975 2203 1026 οὐ
2237 973 2456 1044 βλέπει·
2501 971 2642 1026 ὥστε
2667 974 2768 1027 οὐκ
2811 973 2959 1027 ἐστιν
2999 973 3164 1028 αὐτοῦ
3201 974 3300 1044 τῆς
3343 973 3625 1044 ἐνεργείας
3667 972 3730 1024 τὸ

2142 1060 2271 1114 πᾶν.
2304 1061 2367 1112 Εἰ
2397 1058 2504 1128 γάρ
2539 1057 2667 1129 περὶ
2716 1057 2892 1128 μελῶν
2943 1057 3159 1127 ἔλεγεν,
3189 1057 3290 1110 οὐκ
3327 1057 3393 1111 ἂν
3432 1059 3561 1126 7:591
3601 1056 3723 1118 ἐνὸς

2142 1139 2298 1197 εἶπεν
2321 1140 2626 1213 ὀφθαλμοῦ,
2657 1142 2765 1195 οὐδ’
2797 1141 2864 1195 ἂν
2888 1140 2981 1194 τοῦ
3007 1139 3185 1204 δεξιοῦ
3212 1140 3394 1212 μόνον,
3425 1139 3561 1192 ἀλλά
3596 1139 3727 1207 περί¹

2143 1225 2494 1296 ἀμφοτέρων.
2541 1224 2602 1278 '0
2631 1224 2740 1295 γὰρ
2767 1224 2873 1278 ὑπὸ
2903 1222 2998 1278 τοῦ
3027 1222 3200 1288 δεξιοῦ
3222 1221 3726 1289 σκανδαλιζόμενος,

2142 1308 2360 1378 εὔδηλον
2389 1309 2471 1361 ὅτι
2502 1307 2596 1362 καὶ
2621 1307 2726 1360 ὑπὸ
2748 1307 2841 1360 τοῦ
2872 1305 3164 1378 ἀριστεροῦ
3185 1306 3244 1358 :6
3273 1305 3406 1358 αὐτὸ
3423 1305 3582 1357 τοῦτο
3611 1303 3730 1356 πεί-

2145 1409 2318 1448 σεται.
2347 1392 2503 1455 Τίνος
2538 1387 2630 1445 οὖν
2659 1391 2843 1445 ἐνεκεν
2886 1390 2978 1444 τὸν
3015 1390 3188 1454 δεξιὸν
3212 1391 3256 1422 ⁹⁹
3285 1388 3470 1459 ἔθηκε,
3499 1389 3595 1441 καὶ
3626 1386 3728 1458 τὴν

2143 1481 2303 1550 χεῖρα
2340 1475 2681 1546 προσέθηκεν
2703 1493 2718 1540 ;
2744 1475 2865 1527 Ἵνα
2900 1474 3079 1546 μάθῃς
3107 1475 3188 1527 ὅτι
3227 1473 3288 1526 οὐ
3318 1473 3448 1542 7:591
3489 1470 3666 1542 μελῶν
3700 1473 3730 1524 6

2143 1559 2321 1628 λόγος,
2353 1557 2491 1612 ἀλλὰ
2540 1559 2670 1628 7:591
2701 1557 2812 1610 τῶν
2843 1556 3060 1621 οἰκείως
3105 1557 3243 1628 πρὸς
3280 1557 3429 1628 ἡμᾶς
3470 1555 3726 1624 ἐχόντων.

2147 1644 2246 1695 Ἂν
2268 1641 2378 1712 γάρ
2401 1659 2524 1695 τινα
2545 1640 2686 1695 οὕτω
2717 1640 2898 1712 φιλῇς,
2930 1641 3117 1711 φησὶν,
3150 1641 3226 1704 ὡς
3253 1643 3309 1693 ἐν
3334 1640 3487 1711 χώρᾳ
3505 1641 3524 1672 ⁸
3549 1640 3728 1706 δεξιοῦ

2142 1723 2444 1796 ὀφθαλμοῦ,
2489 1725 2524 1795 ἢ
2574 1724 2717 1778 οὕτω
2748 1726 3017 1796 χρήσιμον
3061 1721 3202 1778 εἶναι
3254 1724 3501 1796 νομίσῃς,
3541 1723 3618 1787 ὡς
3670 1723 3732 1774 ἐν

2141 1810 2292 1877 τάξει
2317 1810 2462 1880 ἔχειν
2485 1808 2684 1879 χειρὸς,
2719 1810 2816 1862 καὶ
2849 1807 3059 1880 βλάπτῃ
3087 1810 3110 1841 ²
3140 1825 3235 1862 σου
3262 1808 3362 1880 τὴν
3400 1807 3599 1878 ψυχὴν,
3633 1806 3732 1858 καὶ

2141 1893 2364 1956 τούτους
2393 1893 2656 1963 ἀπότεμε.
2695 1893 2806 1947 Καὶ
2835 1893 2937 1964 ὅρα
2974 1893 3074 1964 τὴν
3111 1894 3369 1964 ἔμφασιν.
3403 1893 3479 1946 Οὐ
3506 1891 3618 1961 γὰρ
3647 1886 3731 1943 εἴ·

2144 1996 2265 2043 πεν,
2302 1976 2595 2047 Ἀπόστηθι
2615 1992 2632 2008 ⁸
2650 1975 2788 2029 ἀλλά
2814 1976 2904 2029 τὸν
2933 1977 3100 2030 πολὺν
3126 1976 3403 2048 χωρισμὸν
3425 1975 3731 2046 ἐμφαίνων,

2146 2064 2381 2127 Ἐξελε,
2409 2061 2562 2130 φησὶ,
2591 2061 2690 2114 καί
2720 2059 2881 2125 βάλε
2901 2060 3020 2114 ἀπὸ
3060 2061 3200 2115 σοῦ.
3227 2056 3359 2114 Εἶτα
3387 2060 3573 2130 ἐπειδὴ
3602 2060 3734 2112 ἀπο-

2142 2149 2323 2216 τόμως
2352 2145 2625 2208 ἐκέλευσε,
2646 2144 2887 2198 δείκνυσι
2920 2143 3073 2216 [226]
3103 2143 3197 2198 καὶ¹
3229 2145 3290 2196 :6
3319 2144 3508 2214 κέρδος
3538 2143 3733 2196 ἐκατέ-

2145 2229 2338 2301 ρωθεν,
2371 2228 2480 2281 ἀπό
2506 2245 2565 2279 τε
2591 2228 2698 2280 τῶν
2731 2226 2974 2296 ἀγαθῶν,
3011 2227 3118 2280 ἀπό
3144 2245 3201 2281 τε
3233 2227 3341 2280 τῶν
3385 2226 3571 2282 κακῶν
3603 2229 3732 2279 ἐπι-

2146 2312 2324 2382 μένων
2349 2314 2414 2382 τῇ
2444 2311 2756 2382 μεταφορᾷο
2794 2309 3086 2380 Συμςρέρει
3113 2308 3223 2379 γάρ
3254 2326 3373 2374 σοι,
3409 2310 3734 2379 φησ“ιν,,ἵνα

2142 2396 2438 2462 ἀπόληται
2455 2394 2525 2448 ἓν
2544 2394 2663 2448 τῶν
2680 2393 2884 2464 μελῶν
2902 2409 3041 2459 σου,
3061 2394 3159 2448 καί
3184 2395 3270 2465 μὴ
3292 2395 3441 2448 ὅλον
3462 2394 3528 2447 τὸ
3557 2393 3731 2464 σῶμά

2142 2497 2258 2535 σου
2283 2479 2495 2549 βληθῇ
2521 2482 2608 2546 εἰς
2646 2479 2918 2548 γέενναν.
2962 2480 3130 2534 Ὅταν
3171 2480 3305 2549 μήτε
3338 2478 3530 2532 ἑαυτὸν
3558 2477 3580 2508 ³
3609 2481 3731 2532 δια-

2143 2563 2313 2638 σώζῃ,
2354 2565 2448 2618 καὶ
2488 2565 2547 2617 σέ
2581 2562 2992 2636 προσαπολλύῃ,
3036 2564 3164 2618 ποία
3200 2552 3579 2634 φιλανθρωπία
3613 2564 3729 2633 ἀμ-

2141 2648 2403 2719 φοτέρους
2428 2645 2939 2713 καταποντίζεσθαι,
2959 2646 3080 2712 ἐξὸν
3102 2647 3478 2718 χωρισθέντων
3505 2647 3606 2700 κᾶν
3627 2646 3730 2699 ἕνα

2143 2730 2417 2800 σωθῆναις
2463 2730 2528 2782 Τί
2562 2725 2655 2783 οὖν
2703 2732 2731 2783 6
2771 2730 2982 2794 Παῦλος
3024 2731 3229 2797 εἵλετο,
3258 2732 3443 2800 φησὶν,
3477 2729 3730 2800 ἀνάθεμα

2139 2813 2431 2880 γενέσθαι;
2463 2813 2575 2882 Οὐχ
2609 2811 2748 2866 ὥστε
2784 2815 2952 2884 μηδὲν
2984 2815 3259 2885 κερδᾶναι,
3287 2812 3400 2867 ἀλλ’
3429 2812 3568 2866 ὥστε
3603 2814 3723 2866 5:5-

2141 2914 2267 2966 ρους
2301 2898 2559 2968 σωθῆναι.
2598 2897 2863 2952 Ἐνταῦθα
2885 2899 2942 2952 65
2966 2898 3291 2970 ἀμφοτέρων
3313 2901 3346 2968 ή
3377 2897 3549 2968 βλάϐη
3581 2896 3731 2966 γίνε-

2137 2996 2258 3032 ται·
2293 2980 2481 3051 διόπερ
2525 2981 2627 3034 οὐκ
2666 2977 2855 3045 εἶπεν,
2899 2981 3147 3046 Ἐξελε,
3185 2981 3383 3051 μόνον,
3426 2981 3562 3033 ἀλλά
3604 2981 3730 3045 καὶ,

2137 3062 2294 3116 Βάλε
2315 3063 2432 3117 ἀπὸ
2457 3063 2596 3129 σοῦ,
2619 3065 2760 3118 ὥστε
2788 3063 2810 3096 ⁸
2843 3065 3040 3135 μηκέτι
3077 3064 3396 3136 λαμϐάνειν,
3421 3063 3516 3116 ἐὰν
3545 3064 3729 3116 τοιοῦ-

2137 3163 2225 3208 τος
2267 3146 2424 3217 μένῃ.
2467 3145 2622 3200 Ούτω
2655 3147 2764 3218 γὰρ
2807 3149 3058 3201 κάκεῖνον
3103 3147 3349 3218 μείζονος
3396 3146 3732 3212 ἀπαλλάξεις

2135 3228 2503 3300 ἐγκλήματος,
2528 3229 2623 3282 καὶ
2653 3229 2845 3284 σαυτὸν
2874 3229 3148 3294 ἀπωλείας
3169 3229 3578 3300 ἐλευθερώσεις.
3605 3230 3731 3282 Ἷνσ.
3773 3253 3775 3255 ί

2137 3311 2196 3365 δὲ
2220 3313 2314 3365 καὶ
2337 3313 2670 3382 σαφέστερον
2703 3313 2818 3385 ἴδῃς
2849 3313 2942 3366 τοῦ
2971 3313 3137 3384 νόμου
3165 3313 3226 3366 :6
3246 3313 3455 3384 κέρδος,
3478 3315 3526 3365 εἰ
3553 3313 3728 3377 δοκεῖ,

2137 3395 2230 3448 καὶ
2264 3395 2357 3447 57:1
2385 3395 2638 3466 σώματος
2669 3396 2790 3449 καθ’
2815 3396 3071 3449 ὑπόθεσιν
3100 3395 3443 3465 ἐξετάσωμεν
3475 3397 3535 3450 τὸ
3566 3399 3730 3470 εἰρη-

2141 3479 2322 3549 μένον.
2346 3480 2410 3532 Εἰ
2441 3479 2550 3551 γάρ
2601 3481 2815 3551 αἵρεσις
2857 3479 3168 3552 προύκειτο,
3209 3483 3304 3534 καὶ
3341 3481 3552 3553 ἀνάγκη
3581 3477 3650 3553 ἦν
3691 3483 3726 3554 ἢ

2135 3562 2227 3616 τὸν
2269 3563 2548 3633 ὀφθαλμὸν
2598 3563 2791 3634 ἔχοντα
2841 3563 3180 3635 ἐμϐληθῆναι
3238 3565 3318 3628 εἰς
3354 3564 3572 3636 ὄρυγμα
3625 3569 3731 3620 καὶ

2137 3645 2455 3708 ἀπολέσθαι,
2501 3646 2534 3717 ἢ
2577 3646 2827 3712 ἐξελόντα
2859 3646 2924 3699 τὸ
2955 3646 3140 3699 λοιπὸν
3184 3647 3356 3701 σῶσαι
3394 3648 3574 3718 σῶμα,
3611 3645 3730 3720 ἆρα

2136 3730 2236 3783 οὐκ
2259 3729 2326 3782 ἂν
2350 3730 2410 3782 :6
2442 3728 2694 3800 δεύτερον
2714 3729 2908 3796 ἐδέξω;
2939 3731 3108 3783 Παντί
3136 3747 3236 3782 που
3275 3731 3432 3801 δῆλόν
3459 3733 3622 3787 ἐστιν.
3643 3737 3727 3786 Οὐ

2135 3813 2243 3883 γὰρ
2270 3812 2554 3882 μισοῦντος
2575 3808 2642 3883 ἦν
2667 3812 2824 3865 τοῦτο
2850 3814 2941 3866 τὸν
2964 3813 3260 3884 ὀφθαλμὸν,
3289 3815 3426 3868 ἀλλά
3446 3814 3506 3867 :6
3535 3815 3728 3868 λοιπὸν

2137 3894 2418 3964 φιλοῦντος
2465 3897 2644 3966 σῶμα.
2681 3895 2852 3949 Τοῦτο
2883 3895 2948 3968 δὴ
2989 3897 3081 3949 καὶ
3126 3897 3213 3950 ἐπ’
3257 3897 3468 3967 ἀνδρῶν
3501 3897 3725 3966 λογίζου

2135 3979 2230 4032 καὶ
2253 3979 2548 4048 γυναικῶν.
2586 3981 2649 4033 Εἰ
2677 3981 2786 4051 γὰρ
2809 3981 2836 4033 6
2865 3979 3117 4051 βλάπτων
3137 3996 3195 4032 σε
3226 3983 3291 4051 τῇ
3320 3980 3472 4052 φιλίᾳ
3499 3981 3728 4049 ἀνίατος

2138 4063 2288 4134 μένοι
2310 4063 2353 4126 ⁸,
2383 4063 2478 4116 καὶ
2515 4062 2573 4115 σέ
2592 4062 2766 4133 λύμης
2797 4063 3093 4128 ἀπαλλάξει
3117 4062 3296 4133 πάσης
3320 4064 3726 4135 ἐκκοπτόμενος

2134 4143 2276 4199 οὕτω
2320 4147 2378 4210 ⁸,
2434 4145 2527 4198 καὶ
2583 4146 2744 4210 αὐτὸς
2794 4145 2904 4200 τῶν
2950 4146 3212 4217 μειζόνων
3275 4146 3726 4218 ἀπαλλαγήσεται

2134 4229 2516 4299 ἐγκλημάτων,
2551 4229 2732 4283 οὐκέτι
2766 4230 2904 4299 μετὰ
2928 4229 3038 4282 τῶν
3061 4228 3226 4282 αὐτοῦ
3253 4230 3440 4284 κακῶν
3489 4231 3582 4283 καὶ
3619 4234 3726 4302 τῆς

2135 4311 2237 4383 σῆς
2268 4313 2548 4376 ἀπωλείας
2573 4313 2663 4366 τὸν
2695 4313 2850 4382 λόγον
2873 4314 3108 4384 ὑπέχων.
3141 4309 3290 4376 Εἶδες
3317 4316 3334 4344 ⁷
3357 4314 3486 4383 ὅσης
3515 4315 3725 4385 69.596-

2131 4413 2293 4467 τητος
2324 4397 2542 4469 ὀ·νόμος
2565 4399 2724 4468 γέμει
2761 4398 2856 4450 καὶ
2895 4397 3256 4469 κηδεμονίας;
3290 4399 3383 4450 καὶ
3417 4399 3450 4468 ὴ
3482 4397 3723 4453 δοκοῦσα

2134 4479 2283 4549 παρά
2312 4483 2426 4545 τοῖς
2453 4481 2667 4546 πολλοῖς
2696 4482 2971 4551 ἀποτομία
2999 4477 3158 4546 εἶναι,
3188 4480 3361 4550 πόσην
3380 4481 3720 4536 ἐνδείκνυται

2133 4563 2545 4634 φιλανθρωπίαν
2569 4583 2583 4630 ;
2621 4566 2993 4619 Ἀκουέτωσαν
3021 4567 3225 4619 τούτων
3253 4569 3299 4618 οἱ
3323 4566 3458 4637 πρὸς
3492 4565 3560 4619 τά
3590 4566 3720 4620 θέα.-

2130 4665 2235 4720 τρα
2271 4649 2590 4712 σπεύδοντες
2611 4687 2626 4713 ,
2668 4648 2761 4702 καὶ
2793 4649 3014 4720 μοιχοὺς
3048 4650 3274 4712 ἑαυτοὺς
3308 4649 3430 4702 καθ’
3476 4651 3719 4721 ἑκάστην

2132 4731 2544 4806 ποιοῦντεςτὴν
2592 4733 2826 4806 ἡμέραν.
2857 4734 2920 4786 El
2959 4731 3070 4802 γὰρ
3103 4732 3195 4786 τὸν
3238 4733 3587 4787 οίκειωθέντα
3618 4736 3720 4789 ἐπὶ

2133 4813 2304 4885 βλάϐῃ
2334 4816 2619 4870 ἐκκόπτειν
2644 4817 2672 4868 6
2698 4816 2860 4888 νόμος
2887 4815 3119 4883 κελεύει,
3136 4817 3257 4870 τίνα
3285 4816 3352 4870 ἂν
3379 4817 3551 4886 ἔχοιεν
3579 4818 3722 4871 ἀπο-

2130 4897 2318 4966 λογίαν
2348 4900 2398 4951 οί
2421 4900 2548 4963 τοὺς
2573 4900 2784 4955 οὐδέπω
2809 4901 3133 4970 γενομένους
3162 4901 3474 4972 γνωρίμους
3495 4899 3584 4954 διὰ
3611 4901 3719 4971 τῆς

2131 4983 2248 5035 ἐκεῖ
2275 4982 2558 5053 διατριϐῆς
2601 4982 2724 5036 καθ’
2760 4983 2998 5055 ἐκάστην
3037 4984 3414 5054 ἐπισπώμενοι
3445 4983 3540 5054 τὴν
3573 4985 3720 5055 ἡμέο

2131 5081 2254 5134 ραν,
2285 5065 2380 5118 καὶ
2415 5065 2616 5136 μυρίας
2657 5067 3154 5132 κατασκευάζοντες
3186 5069 3399 5130 ἐαυτοῖς
3436 5067 3717 5131 ἀπωλείας

2127 5149 2411 5220 ἀφορμάς;
2441 5151 2515 5204 Οὐ
2537 5149 2648 5222 γὰρ
2671 5152 2830 5223 μόνον
2856 5151 3168 5218 ἀκολάστως
3196 5153 3323 5206 ἰδεῖν
3347 5153 3407 5206 οὐ
3439 5157 3720 5224 συγχωρεῖ

444 5235 546 5306 ψον
575 5235 666 5289 τὸν
693 5235 1135 5301 σκανδαλίζοντα,
1171 5237 1270 5307 τὴν
1303 5235 1440 5306 πρὸς
1477 5233 1692 5294 ἐκείνας
1724 5232 1894 5304 ὀργὴν
1937 5235 2026 5285 ἐν·
2126 5230 2345 5285 λοιπόνο
2393 5231 2510 5285 ἀλλ’
2562 5235 2752 5306 ἐπειδὴ
2790 5236 2891 5306 τὴν
2923 5237 2986 5289 ἐκ
3029 5235 3125 5290 τοῦ
3171 5236 3498 5308 πράγματος
3539 5238 3713 5303 ἔδειξε

445 5317 790 5390 δεικνύμενός
817 5336 970 5390 φησι.
1002 5319 1102 5372 Διά
1138 5318 1296 5372 τοῦτο
1334 5317 1427 5371 καὶ
1453 5317 1764 5384 ἐπήγαγεν’
1807 5313 1949 5368 Ἐὰν
1991 5318 2026 5369 ό

446 5401 752 5472 ὀφθαλμός
783 5418 900 5457 σου
924 5406 956 5456 ό
977 5401 1176 5469 δεξιὸς
1199 5399 1570 5468 σκανδαλίζῃ
1596 5415 1691 5464 σε,
1720 5397 1892 5462 ἐξελε
1917 5399 2023 5452 αὺ-

444 5485 552 5539 τὸν
585 5487 684 5540 καί
706 5486 868 5552 βάλε
891 5488 1009 5542 ἀπὸ
1038 5487 1306 5542 σοῦ.”1να
1328 5485 1437 5556 γὰρ
1467 5484 1543 5554 μὴ
1563 5483 1726 5554 λέγῃς
1751 5491 1768 5510 ⁸
1805 5481 1872 5533 Τί
1903 5477 2016 5546 οὖν,

544 5579 923 5650 ⁹¹μὲμ6λέταυν
974 5585 1040 5637 Α.
1097 5580 1161 5636 C.
1265 5580 1311 5613 ⁹¹
1363 5579 1521 5650 καλοῖ
1563 5575 1697 5650 Ε(ίᾴΣ

445 5665 564 5702 πων
609 5648 677 5702 Β.
725 5653 787 5704 D.
844 5652 903 5706 F.
1009 5653 1056 5684 9“
1107 5652 1254 5705 δοκεῖ
1298 5650 1356 5702 Β.
1391 5651 1452 5702 Ι).
1490 5649 1549 5702 F.

446 5721 888 5792 ἀποτεινομένου]
911 5723 1187 5792 καῖίάποτ.
1227 5721 1289 5774 D.
1367 5722 1408 5752 ⁸⁷
1435 5721 1636 5792 ἐκεῖνον
1653 5716 1726 5792 Α..

1804 5573 1850 5606 ⁰³
1902 5573 2264 5629 ἀπαντώντων

1654 5647 1699 5678 ⁸⁵
1748 5647 1898 5713 κοινῇ
1944 5643 2078 5698 Edd.
2154 5647 2202 5678 ⁸⁸
2237 5643 2485 5714 λέγοντος

2129 5314 2354 5385 βλάϐην,
2391 5317 2488 5370 καὶ
2527 5318 2787 5372 ἐπιτείνει
2829 5319 2920 5372 τὸν
2950 5319 3115 5390 νόμον
3155 5320 3389 5392 προῖὼν,
3417 5321 3714 5375 ἐκκόπτειν

2127 5397 2364 5452 κελεύων
2396 5399 2490 5454 καὶ
2512 5401 2843 5472 ἀποτέμνειν
2866 5403 2960 5456 καὶ
2985 5403 3176 5476 πόρρω
3196 5421 3301 5459 που
3334 5405 3568 5478 βάλλειν.
3593 5408 3725 5461 Καὶ·

2124 5481 2294 5535 ταῦτα
2339 5484 2368 5535 6
2401 5483 2626 5554 μυρίους
2653 5486 2782 5556 7:591
2817 5486 3038 5558 ἀγάπης
3069 5489 3297 5559 κινήσας
3329 5489 3519 5560 λόγους
3543 5508 3712 5562 νομο-

2374 5575 2467 5633 Sic
2523 5579 2591 5634 A.
2647 5579 2712 5654 C_.
2763 5579 2864 5654 Eg.
2911 5580 3284 5654 ἀπάντων-Ε.
3339 5583 3436 5639 Ge.
3491 5583 3709 5654 ἀνθρῴο

2525 5665 2636 5706 om.
2664 5649 2957 5724 ξανέΒοι-ι,
2975 5651 3199 5724 ᾲπρλλά]
3238 5655 3332 5707 καί⁵
3359 5654 3529 5708 πολλά
3546 5649 3608 5706 ΒῙ
3630 5653 3702 5724 F,

1892 5717 1936 5794 ορ
1966 5715 2265 5794 ἀφηαλεὲόέ]
2291 5719 2423 5794 _ad£l_.
2465 5737 2559 5794 σου
2580 5724 2645 5794 Α..
2677 5722 2738 5776 C.
2910 5721 2954 5794 ⁹Α⁹
2968 5721 3159 5794 δεξιόν]
3181 5715 3304 5794 ῖιιΜ.
3337 5716 3697 5794 όφθαλμόνΑξ

445 5789 633 5864 ἔνθκεί
665 5784 888 5864 τέθεέκέ
908 5791 967 5864 1}.
997 5791 1093 5864 Ep.
1119 5787 1241 5845 εἶπε
1257 5794 1323 5864 A_.
1403 5786 1635 5864 [χῶραι]
1664 5784 2013 5864 ειμι-τιθέναι

2138 5784 2200 5842 C.
2224 5784 2421 5864 δεξιοῦ]
2459 5792 2588 5864 add:
2612 5791 2754 5864 ἔχειν
2786 5792 2848 5864 Β.
2877 5861 2898 5864 __
2923 5792 2943 5821 ³
3251 5793 3339 5848 Sic
3369 5784 3425 5847 Β.
3451 5784 3701 5861 C.'vulgo

448 5855 692 5942 βλάπτει.
712 5857 953 5949 τρύτοιςὶ
981 5855 1164 5915 τοῦτον
1194 5864 1254 5915 Α.
1285 5861 1348 5915 C.
1425 5855 1678 5939 δ”ἑαυτήςί
1704 5856 1761 5908 Β.
1790 5855 1846 5908 F.
1879 5870 1928 5922 p.
1964 5872 2014 5922 [ι.
2047 5855 2446 5938 προσαπόλλυσι
2473 5862 2533 5915 A.
2565 5863 2620 5915 Β.
2641 5855 2722 5917 Ἰ).
2825 5855 3031 5932 δῶστέ]
3062 5863 3104 5913 ὼ

448 5931 588 5985 ΑΛ..
663 5931 684 5960 ⁸
713 5930 875 6000 ουτω]
901 5948 1053 5993 ουτος
1078 5936 1138 5985 Α,
1169 5933 1232 5986 C.
1262 5943 1314 5985 cl
1343 5947 1486 5985 corr.
1523 5929 1578 5981 Β.
1617 5946 1758 5979 ουτω
1784 5941 1893 5977 om.
1929 5924 1988 5978 F.
2064 5928 2082 5958 "
2121 5924 2295 5990 Εἶδεςί
2339 5927 2468 5986 Vnde
2505 5931 2639 5988 Edd.
2675 5931 2829 6004 ὅσης]
2858 5933 3031 6002 πόσης
3066 5933 3104 5985 Ε

446 5928 588 5985 ΑΛ).
663 5931 684 5960 ⁸
713 5930 875 6000 οὕτω]
901 5924 1053 5993 οὗτος
1078 5936 1138 5985 Α.
1169 5933 1232 5986 C.
1262 5943 1314 5985 cl
1343 5947 1486 5985 corr.
1523 5929 1578 5981 Β.
1617 5924 1758 5979 οὕτω
1784 5941 1893 5977 om.
1929 5924 1988 5978 Ρ.

2825 5861 3031 5935 θῶστε]
3062 5863 3136 5935 ῶς
3161 5861 3229 5920 Ἀ.
3255 5869 3314 5920 C.
3353 5867 3414 5920 Ε.
3488 5865 3509 5895 ⁸
3542 5865 3701 5935 μένει
