4050 6364
255 348 352 405 257

253 462 319 519 tis
342 458 417 513 rei
442 456 642 511 fuerint
669 448 1127 513 fornicationibus,
1160 447 1394 517 quotidie
1420 447 1536 500 illas
1561 461 1681 500 cum
1712 460 1840 499 con-

256 549 580 621 cupiscentia
622 546 912 600 intuentes.
940 539 1168 610 Ideoque
1198 540 1384 593 beatus
1418 538 1517 593 Job
1562 537 1699 591 hanc
1739 536 1839 589 sibi

257 644 427 713 legem
458 655 490 694 a
519 636 781 709 principio
821 633 1019 704 posuit,
1065 646 1123 686 se
1167 631 1364 699 ubique
1402 628 1659 684 cohibens
1690 643 1719 680 a
1752 627 1841 680 tali

258 732 561 804 spectaculo
584 728 722 799 (Job
752 728 841 782 3L
873 725 965 795 9).
994 724 1124 778 Nam
1150 731 1298 777 certe
1323 730 1444 790 post
1468 729 1739 789 aspectqu
1778 733 1844 771 ne

257 823 451 879 fruaris
496 821 584 876 illa
630 834 790 890 quam
820 830 1000 878 amas,
1029 813 1201 884 majus
1229 822 1312 868 est
1336 822 1606 867 certamen
1634 828 1649 864 :
1674 823 1845 878 neque

258 925 460 971 tantam
488 912 558 967 ab
586 920 803 981 aspectu
848 907 1170 978 percipimus
1213 903 1561 972 voluptatem,
1595 909 1844 970 quantam

258 1024 287 1063 ι
312 1004 630 1077 cupiditatis
674 1009 960 1071 augmento
1012 997 1320 1067 experimur
1366 993 1690 1063 perniciem,
1723 991 1846 1046 dum

260 1097 399 1151 hosti
427 1093 796 1151 fortitudinem
833 1090 1182 1149 accersimus,
1210 1094 1268 1141 et
1294 1085 1509 1140 diabolo
1555 1084 1726 1153 majus
1754 1098 1852 1136 no-

257 1187 417 1243 cendi
445 1185 679 1256 spatium
722 1192 775 1238 et
819 1182 993 1236 locum
1038 1180 1266 1233 damus:
1296 1186 1355 1230 ut
1383 1191 1555 1247 neque
1583 1175 1849 1245 possimus

262 1280 337 1335 illi
366 1279 641 1340 resistere,
666 1284 946 1346 postquam
978 1272 1029 1325 in
1058 1271 1243 1325 intima
1264 1268 1443 1325 cordis
1468 1268 1616 1322 illum
1643 1266 1853 1321 induxi-

264 1388 407 1439 mus,
435 1381 490 1426 et
516 1377 759 1441 apertum
802 1366 901 1436 ipsi
941 1365 1175 1419 animum
1225 1360 1594 1432 expandimus.
1653 1358 1855 1414 Idcirco

265 1466 342 1520 ait
370 1462 529 1518 :Noli
553 1459 807 1516 muacbari
834 1456 1004 1512 oculis
1025 1498 1039 1522 ,
1071 1463 1125 1510 et
1145 1454 1324 1509 animo
1355 1467 1461 1507 non
1479 1450 1852 1506 mtechaberis.

267 1556 368 1612 Est
391 1555 537 1610 enim
561 1562 616 1606 et
653 1551 787 1605 alius
815 1546 1106 1618 aspiciendi
1154 1544 1343 1599 modus
1364 1583 1379 1609 ,
1411 1554 1470 1597 ut
1498 1542 1629 1597 casti
1655 1541 1858 1595 scilicet

267 1647 554 1718 aspiciunt.
588 1644 818 1712 Ideoque
845 1656 953 1695 non
985 1638 1296 1709 simpliciter
1324 1645 1595 1705 aspectum
1625 1634 1855 1698 sustulit,

269 1740 366 1794 sed
407 1746 686 1807 aspectum
714 1749 834 1789 cum
869 1729 1318 1800 concupiscentia.
1375 1727 1486 1781 Nisi
1511 1726 1653 1781 enim
1679 1725 1733 1779 id
1757 1725 1859 1780 sibi

267 1832 550 1894 voluisset,
609 1827 834 1882 dixisset
885 1824 1088 1891 utique,
1135 1821 1235 1888 Qui
1291 1818 1509 1888 respicit
1544 1816 1857 1876 mulierem,

269 1920 628 1991 simpliciter:
656 1932 764 1972 non
790 1916 869 1971 sic
891 1924 1069 1970 autem
1097 1912 1267 1976 dixit,
1296 1910 1413 1978 sed,
1446 1909 1544 1978 Qui
1566 1907 1863 1977 respexerit

272 2014 339 2068 ad
376 2007 884 2080 concupiscendum,
912 2006 1001 2075 qui
1028 2002 1347 2073 reSpexerit,
1378 2011 1437 2054 ut
1463 2006 1734 2068 aspectum
1765 1995 1862 2051 de-

274 2107 459 2161 lectet.
503 2102 621 2158 Non
647 2100 792 2155 enim
820 2098 942 2152 ideo
973 2096 1067 2150 tibi
1096 2096 1236 2149 Deus
1263 2092 1447 2148 oculos
1472 2089 1651 2157 dedit,
1675 2098 1734 2145 ut
1760 2087 1865 2142 illis

264 2195 341 2251 ad
366 2192 769 2249 fornicationem
790 2186 1143 2243 inducendam
1166 2184 1353 2249 utaris,
1378 2182 1472 2238 sed
1495 2190 1553 2236 ut
1577 2183 1694 2249 eius
1714 2193 1865 2234 crea-

280 2300 431 2343 turas
500 2287 709 2349 videns,
760 2284 1073 2339 Creatorem
1120 2281 1353 2335 mireris.
1410 2276 1865 2346 Quemadmodum

276 2394 407 2450 ergo
477 2378 593 2433 ﬁeri
644 2384 819 2448 potest
860 2384 920 2429 ut
983 2383 1189 2429 temere
1255 2369 1504 2426 irascaris
1552 2387 1566 2423 :
1614 2369 1685 2422 ita
1754 2367 1867 2421 lieri

276 2481 455 2542 potest
482 2479 542 2525 ut
577 2479 781 2524 temere
821 2465 1071 2535 aspicias,
1093 2478 1215 2519 cum
1272 2476 1466 2531 nempe
1512 2460 1578 2514 ad
1611 2459 1868 2527 concupi-

275 2564 540 2619 scentiam
592 2557 887 2629 aspexeris.
932 2557 987 2612 Si
1032 2556 1174 2611 enim
1220 2554 1487 2622 respicere
1532 2559 1589 2604 et
1616 2550 1871 2605 delectari

275 2654 433 2721 velis,
459 2653 666 2723 respice
691 2665 913 2706 uxorem
944 2658 1115 2713 tuam,
1146 2647 1398 2715 illamque
1429 2653 1685 2714 perpetuo
1714 2659 1868 2697 ama:

277 2747 427 2801 nulla
449 2746 500 2798 id
524 2745 612 2799 lex
638 2741 906 2813 prohibet.
931 2739 984 2794 Si
1007 2754 1134 2793 vero
1154 2738 1384 2792 alienam
1408 2738 1631 2791 formam
1660 2736 1873 2789 curiose

279 2837 481 2892 intueri
515 2820 780 2898 volueris,
803 2840 859 2888 et
880 2831 1024 2884 illam
1052 2828 1222 2894 Its-dis,
1243 2829 1346 2882 alio
1374 2828 1559 2882 oculos
1587 2838 1869 2891 avertens;

278 2940 335 2986 et
388 2928 528 2983 hanc
581 2941 741 2997 quam
791 2924 1053 2994 respicis,
1087 2922 1131 2976 si
1164 2922 1345 2976 illicite
1395 2920 1538 2974 illam
1571 2920 1869 2989 contingas.

280 3020 512 3075 Etiamsi
541 3018 685 3073 enim
723 3016 871 3070 illam
916 3029 1079 3068 manu
1121 3028 1228 3066 non
1256 3011 1546 3081 contigeris
1568 3050 1583 3074 ,
1614 3020 1669 3064 at
1706 3010 1875 3066 oculis

280 3109 588 3180 eontigisti;
642 3106 872 3176 ideoque
923 3103 1054 3159 illud
1102 3117 1203 3173 pro
1247 3101 1511 3157 adulterio
1558 3109 1873 3170 reputatur,

274 3213 337 3259 et
396 3209 523 3256 ante
587 3198 903 3268 supplicium
972 3195 1103 3250 illud
1155 3194 1521 3259 destinatum,
1565 3192 1708 3247 aliud
1768 3205 1874 3245 non

285 3295 409 3349 leve
455 3291 776 3361 supplicium
824 3287 1049 3343 inducit.
1091 3286 1222 3341 Nam
1252 3284 1484 3339 tumultu
1513 3292 1568 3337 et
1594 3281 1875 3353 perturba-

283 3387 433 3439 tione
460 3384 640 3438 omnia
666 3380 918 3437 interiora
943 3379 1148 3449 replet;
1171 3392 1363 3448 magna
1387 3376 1538 3431 adest
1563 3384 1874 3444 tempestas,

285 3476 639 3546 gravissimus
682 3472 869 3537 dolor,
912 3486 1012 3527 nec
1040 3470 1264 3525 meliore
1308 3467 1613 3523 conditione
1642 3466 1747 3521 erit
1787 3466 1879 3520 ille

286 3570 380 3638 qui
402 3569 520 3622 haec
551 3566 774 3637 patitur,
804 3580 961 3635 quam
991 3564 1027 3618 ii
1053 3562 1141 3633 qui
1167 3561 1395 3617 vinculis
1420 3568 1475 3615 et
1502 3558 1708 3614 catenis
1750 3572 1880 3613 con-

287 3661 467 3716 stricti
488 3669 633 3715 sunt.
662 3659 728 3713 Et
756 3658 875 3720 illa,
909 3672 1027 3727 quae
1073 3656 1236 3709 telum
1269 3653 1481 3719 emisit,
1512 3666 1655 3721 saepe
1682 3650 1875 3716 avolat,

290 3751 593 3819 vulnusque
618 3757 796 3804 tamen
824 3757 1023 3802 manet.
1046 3744 1157 3800 Iino
1174 3760 1304 3799 vero
1326 3760 1431 3798 non
1456 3742 1545 3797 illa
1568 3742 1726 3797 telum
1748 3742 1881 3795 emi-

290 3843 379 3906 sit,
404 3840 501 3896 sed
531 3851 586 3895 tu
617 3841 731 3907 ipse
762 3838 854 3894 tibi
881 3838 1093 3893 letalem
1123 3837 1331 3906 plagam
1360 3833 1595 3889 inﬂixisti
1614 3874 1630 3900 ,
1663 3834 1752 3904 qui
1778 3833 1879 3887 im-

292 3932 491 4004 pudice
512 3932 736 3985 intuitus
763 3944 842 3984 es.
879 3927 949 3984 Et
974 3928 1089 3982 bsec
1115 3927 1235 3981 dico
1254 3966 1271 3994 ,
1299 3935 1359 3979 ut
1384 3925 1602 3995 pudicas
1630 3924 1697 3978 ab
1724 3938 1882 3979 accu-

290 4027 505 4081 satione
535 4024 790 4079 eximam.
822 4020 881 4078 Si
926 4036 1027 4091 qua
1072 4034 1200 4074 vero
1243 4033 1364 4074 sese
1406 4018 1477 4072 ita
1522 4027 1779 4082 exornat,
1824 4025 1885 4071 ut

284 4114 809 4174 obviorum'oculos
821 4112 886 4168 ad
911 4126 970 4166 se
994 4118 1291 4175 convertat,
1320 4109 1528 4164 etiamsi
1556 4108 1758 4163 nullum
1789 4108 1885 4161 ob-

290 4212 437 4265 vium
464 4206 796 4268 confuderit,
830 4212 1097 4258 extremas
1126 4202 1273 4256 dabit
1301 4215 1506 4270 poenas.
1535 4199 1883 4254 Pharmacum

284 4302 436 4355 enim
487 4295 801 4367 apparavit,
850 4304 907 4350 et
958 4295 1106 4349 virus
1150 4293 1487 4363 composuit,
1537 4292 1638 4347 etsi
1686 4291 1883 4346 nemini

298 4391 548 4461 poculum
604 4386 931 4458 porrexerit;
961 4385 1069 4439 imo
1113 4384 1387 4454 porrexit,
1435 4383 1537 4438 etsi
1592 4397 1750 4438 nemo
1796 4382 1886 4453 qui

297 4486 536 4546 biberet,
570 4478 878 4535 accesserit.
925 4475 1063 4544 Quid
1090 4475 1256 4545 ergo?
1282 4490 1408 4528 num
1435 4474 1596 4529 etiam
1635 4473 1888 4528 mulieres

297 4572 630 4644 alloquitur?
681 4570 814 4639 Quia
860 4569 1006 4638 leges
1059 4567 1253 4637 ubique
1302 4581 1615 4621 communes
1670 4565 1886 4631 statuit,

298 4666 508 4722 etiamsi
535 4664 680 4719 viros
704 4670 910 4716 tantum
936 4659 1131 4728 alloqui
1161 4659 1419 4723 videatur,
1451 4658 1612 4728 capiti
1638 4657 1887 4727 loquens,

299 4770 642 4814 communem
674 4754 771 4809 toti
798 4751 1012 4822 corpori
1049 4750 1468 4806 admonitionem
1510 4749 1733 4821 profert.
1780 4750 1894 4804 Mu-

300 4849 487 4905 lierem
518 4861 749 4916 namque
774 4854 830 4900 et
860 4846 1032 4898 virum
1062 4857 1226 4897 unum
1271 4842 1419 4898 novit
1444 4855 1567 4898 esse
1589 4841 1810 4908 animal,
1839 4848 1893 4895 et

301 4954 564 5010 nusquam
606 4952 773 5007 genus
816 4936 942 4990 illud
980 4934 1184 4989 dividit.

370 5032 432 5088 5.
462 5029 655 5086 Contra
681 5029 858 5083 luxum
877 5026 1163 5080 mulierum.
1194 5024 1385 5079 Eorum
1404 5025 1490 5094 qui
1518 5041 1610 5079 nos
1632 5024 1891 5078 scandali-

305 5132 421 5175 sant
466 5118 779 5173 conversatio
814 5115 1077 5189 fugienda,
1119 5115 1505 5186 qualescumque
1544 5115 1663 5168 sint.
1708 5113 1896 5167 Contra

307 5213 619 5267 theatrorum
641 5205 1177 5279 spectacula.——Quod
1197 5206 1241 5261 si
1264 5206 1397 5260 velis
1414 5206 1824 5275 increpationem
1844 5206 1895 5257 iu

307 5303 427 5358 illas
455 5300 716 5371 prolatam
743 5299 1021 5369 speciatim
1055 5298 1259 5363 audire,
1292 5296 1478 5352 Isaiam
1509 5296 1634 5351 audi
1658 5296 1898 5367 pluribus

311 5392 363 5447 in
398 5393 519 5447 illas
560 5391 938 5457 invehentem,
971 5389 1440 5459 traducentemque
1485 5388 1717 5458 ipsarum
1747 5388 1900 5443 habi-

314 5497 449 5553 tum,
488 5496 790 5555 aspectum,
828 5485 1119 5547 incessum,
1156 5482 1363 5537 tunicas
1394 5481 1538 5536 humi
1568 5481 1897 5552 deﬂuentes,

315 5576 650 5633 lascivientes
670 5575 854 5646 pedes,
870 5574 1005 5629 colla
1020 5574 1182 5629 fracta
1207 5573 1429 5629 mollitie
1449 5572 1525 5643 (a)
1539 5570 1690 5644 (lsai.
1710 5575 1762 5628 5.
1784 5574 1897 5645 16).

377 5713 394 5744 ⁸
431 5710 547 5769 Alii,
579 5715 631 5759 ut
654 5708 911 5759 hominum.

382 5773 456 5838 (a)
490 5767 575 5831 uie
595 5772 736 5823 Isaia:
759 5772 895 5823 locus
909 5771 981 5821 sic
1001 5769 1208 5822 habetur
1230 5770 1281 5819 in
1296 5775 1422 5833 Lxx,
1448 5767 1587 5819 Isaiae
1609 5770 1659 5832 5,
1684 5768 1743 5820 16
1766 5782 1779 5820 :
1806 5777 1903 5822 Pro

1390 332 1456 388 IN
1493 327 1899 387 MATTIIEUM
1936 328 2165 385 HOMIL.
2209 330 2371 386 XVII.

3424 331 3530 389 258

1947 444 2085 498 Audi
2123 460 2242 499 cum
2274 447 2363 501 illo
2386 444 2600 501 beatum
2625 447 2841 502 Paulqu
2871 447 3062 503 multas
3090 447 3221 518 ipsis
3245 447 3390 519 leges
3416 457 3529 504 sta-

1949 546 2203 603 tuentem,
2231 549 2283 593 et
2306 540 2374 595 de
2407 542 2657 605 vestibus,
2697 549 2752 596 et
2776 541 2843 596 de
2867 542 3041 596 aureis
3062 541 3355 605 ornatibus,
3384 550 3437 596 et
3464 545 3533 597 de

1947 633 2317 687 calamistratis
2342 634 2569 703 capillis,
2613 642 2665 689 et
2690 635 2757 689 de
2786 635 3022 697 lascivia,
3048 644 3100 691 et
3130 634 3197 689 de
3226 635 3343 690 aliis
3381 635 3531 689 simi-

1952 725 2088 779 libus
2115 724 2253 778 hunc
2279 740 2462 779 sexum
2496 726 2839 781 vehementer
2868 728 3241 797 corripientem
3288 728 3362 800 (Ι.
3394 725 3530 781 Tim.

1950 816 2004 868 2.
2031 814 2108 887 9).
2139 815 2379 871 Christus
2406 819 2567 872 etiam
2610 818 2662 871 in
2692 819 3033 887 sequentibus
3062 819 3390 889 arnigmatice
3436 817 3535 873 hoc

1955 909 2126 977 ipsum
2169 908 2431 974 declarat;
2475 926 2593 963 cum
2623 912 2764 966 enim
2802 911 2950 973 dicit,
2994 912 3157 975 Erue,
3194 910 3445 967 exscinde
3485 911 3537 965 id

1953 1000 2093 1069 quod
2124 1011 2174 1054 te
2208 1001 2550 1065 scandalizat,
2600 1002 2731 1057 iram
2776 1003 3031 1058 adversus
3075 1004 3194 1058 illas
3220 1003 3537 1059 concitatam

1955 1094 2189 1149 exhibet.
2234 1094 2358 1149 Ideo
2395 1096 2667 1164 subjunxit
2710 1114 2723 1151 :
2763 1096 2852 1150 29.
2906 1094 2967 1150 Si
3011 1097 3185 1149 oculus
3217 1105 3329 1149 tuus
3368 1095 3543 1150 dexter

1957 1186 2269 1241 scandalizat
2286 1196 2351 1252 te,
2372 1204 2487 1241 erue
2504 1204 2635 1251 eum,
2657 1198 2701 1241 et
2728 1189 2917 1258 projice
2942 1189 3030 1242 abs
3052 1197 3113 1241 te.
3140 1187 3218 1243 Ne
3230 1188 3372 1243 enim
3394 1188 3540 1243 dice-

1959 1294 2078 1341 res,
2119 1278 2253 1346 Quid
2298 1294 2450 1349 ergo,
2484 1280 2526 1333 si
2554 1291 2774 1347 cognata
2808 1295 2923 1336 mea
2961 1282 3066 1336 sit?
3103 1281 3249 1351 quid,
3292 1281 3337 1337 si
3368 1280 3542 1351 aliqua

1959 1372 2088 1426 mihi
2128 1371 2751 1441 necessitudinejuncta?
2779 1373 2899 1427 ideo
2920 1372 3034 1427 haec
3063 1372 3319 1442 praecipit,
3349 1387 3453 1426 non
3476 1372 3545 1427 de

1960 1464 2213 1519 membris
2239 1465 2480 1534 loquens,
2512 1464 2649 1520 absit
2678 1483 2690 1518 :
2724 1479 2981 1534 nusquam
3006 1465 3145 1519 enim
3174 1464 3303 1518 dixit
3322 1462 3544 1518 crimina

1962 1554 2026 1608 ad
2058 1570 2270 1609 carnem
2318 1556 2614 1624 pertinere;
2655 1556 2747 1610 sed
2787 1557 3053 1612 accusat’o
3089 1571 3302 1625 pravam
3333 1570 3547 1626 semper

1967 1647 2294 1702 voluntatem
2320 1656 2542 1717 spectat.
2574 1648 2756 1718 Neque
2785 1649 2925 1702 enim
2957 1648 3140 1702 oculus
3172 1656 3293 1703 tuus
3321 1656 3423 1713 est,
3449 1647 3543 1716 qui

1964 1740 2129 1803 videt,
2160 1739 2256 1795 sed
2288 1755 2439 1794 mens
2465 1749 2517 1793 et
2541 1740 2808 1808 cogitatio.
2832 1738 2984 1807 Smpc
3014 1755 3241 1808 namque
3267 1738 3421 1793 nobis
3443 1739 3549 1792 alio

1966 1832 2261 1897 conversis,
2303 1846 2396 1887 eos
2429 1831 2519 1901 qui
2551 1839 2841 1900 praesentes
2876 1841 3131 1884 snntnon
3160 1831 3301 1883 videt
3322 1829 3545 1885 oculus:

1969 1926 2145 1993 itaque
2194 1932 2361 1976 totum
2407 1939 2510 1974 non
2554 1932 2636 1977 est
2683 1922 2820 1975 illius
2849 1932 2988 1975 actui
3033 1921 3460 1975 adscribendum.
3493 1920 3548 1976 Si

1968 2018 2110 2071 enim
2159 2016 2225 2069 de
2274 2017 2529 2070 membris
2572 2015 2896 2085 loqueretur,
2943 2030 3046 2068 non
3088 2015 3155 2069 de
3202 2028 3307 2067 uno
3350 2014 3552 2069 diceret

1969 2108 2147 2172 oculo,
2178 2123 2351 2177 neque
2393 2108 2637 2161 dextrum
2667 2106 2841 2161 solum
2888 2105 3171 2177 posuisset,
3219 2105 3313 2160 sed
3341 2108 3548 2160 ambos.

1970 2198 2101 2253 Nam
2128 2199 2219 2268 qui
2250 2214 2281 2253 a
2308 2199 2498 2253 dextro
2528 2197 2936 2263 scandalizatur,
2970 2198 3197 2266 idipsum
3229 2197 3366 2252 haud
3393 2197 3553 2252 dubie

1972 2291 2204 2360 patietur
2226 2304 2254 2342 a
2283 2290 2519 2344 sinistro.
2547 2290 2653 2345 Cur
2690 2304 2818 2358 ergo
2842 2289 3087 2343 dextrum
3120 2288 3329 2342 oculum
3355 2290 3550 2357 posuit,

1974 2391 2026 2435 et
2050 2396 2265 2435 manum
2292 2380 2523 2450 adjecit?
2553 2379 2620 2435 Ut
2648 2380 2823 2434 discas
2853 2395 2956 2433 non
2985 2379 3050 2434 de
3071 2379 3324 2434 membris
3350 2393 3554 2433 sermo-

1974 2490 2096 2529 nem
2127 2488 2266 2538 csse,
2298 2473 2391 2527 sed
2420 2474 2487 2527 de
2526 2473 2591 2528 iis
2615 2474 2702 2543 qui
2729 2473 2880 2527 nobis
2905 2472 3133 2527 amicitia
3162 2471 3474 2541 junguntur.
3500 2471 3554 2526 Si

1975 2568 2274 2639 quempiam
2300 2569 2368 2622 ita
2391 2582 2558 2631 amas,
2590 2566 2777 2635 inquit,
2820 2573 2877 2618 ut
2898 2580 3019 2619 eum
3049 2564 3253 2619 dexteri
3278 2565 3415 2618 oculi
3441 2564 3557 2618 loco

1977 2679 2163 2733 ponas,
2188 2672 2277 2716 aut
2299 2662 2370 2714 ita
2396 2660 2486 2714 tibi
2517 2660 2699 2713 utilem
2730 2668 2902 2728 putas,
2928 2664 2984 2711 ut
3002 2671 3096 2727 pro
3125 2671 3280 2710 manu
3304 2656 3448 2710 illum
3471 2655 3557 2710 ha-

1976 2757 2123 2819 beas,
2167 2755 2210 2807 si
2254 2753 2400 2807 lmdit
2425 2753 2654 2806 animam
2695 2760 2873 2816 tuam,
2906 2760 2960 2805 et
3002 2749 3144 2804 hunc
3180 2748 3451 2803 abscinde.
3493 2749 3561 2803 Et

1975 2851 2081 2904 vim
2121 2848 2247 2903 dicti
2287 2845 2576 2917 perpende.
2611 2844 2724 2899 Non
2769 2845 2912 2898 enim
2956 2843 3110 2911 dixit,
3160 2843 3434 2910 Abscede;
3463 2842 3559 2899 sed

1978 2943 2261 2998 maximam
2284 2939 2672 3008 scparationem
2696 2937 2958 3003 indicans,
2983 2935 3138 3001 Erue,
3164 2937 3350 3007 inquit,
3371 2947 3421 2992 et
3441 2954 3561 3007 pro-

1968 3036 2073 3106 jice
2098 3034 2185 3088 abs
2223 3042 2287 3086 te.
2320 3030 2519 3085 Deinde
2543 3033 2665 3101 quia
2708 3044 2895 3085 severe
2923 3040 3273 3099 praeceperat,
3313 3031 3561 3101 utrinque

1979 3126 2185 3181 lucrum
2212 3139 2332 3179 esse
2359 3122 2534 3188 docet,
2577 3132 2631 3177 et
2656 3138 2720 3176 ex
2746 3122 2899 3177 bonis
2925 3132 2979 3176 et
3003 3136 3066 3175 ex
3096 3122 3279 3186 malis,
3298 3122 3348 3176 in
3373 3122 3562 3177 eadem

1980 3216 2288 3285 metaphora
2314 3215 2567 3269 insistens
2595 3232 2607 3267 :
2638 3212 2860 3282 Expedit
2889 3214 3020 3267 enim
3049 3214 3156 3279 tibi,
3187 3214 3374 3284 inquit,
3402 3224 3456 3267 ut
3479 3230 3565 3282 pe.

1978 3319 2085 3363 reat
2126 3325 2283 3362 unum
2329 3307 2664 3361 membrorum
2707 3316 2925 3373 tuorum,
2956 3315 3004 3359 et
3044 3321 3145 3359 non
3186 3316 3344 3358 totum
3382 3322 3565 3378 corpus

1981 3414 2120 3456 tuum
2148 3403 2375 3456 mittatur
2396 3402 2448 3454 in
2476 3402 2775 3471 gehennam.
2801 3396 2931 3453 Cum
2962 3398 3104 3453 enim
3132 3414 3304 3469 neque
3329 3400 3566 3469 seipsum

1981 3505 2176 3560 servet,
2206 3504 2259 3549 et
2291 3505 2343 3551 te
2367 3508 2546 3549 secum
2577 3492 2784 3563 perdat,
2826 3508 2941 3562 quze
2967 3491 3266 3545 humanitas
3291 3501 3432 3545 esset
3452 3506 3567 3544 am-

1983 3590 2050 3645 bo
2077 3588 2322 3658 perdere,
2363 3601 2482 3641 cum
2524 3585 2681 3639 liceat
2720 3584 2784 3638 iis
2814 3583 3075 3653 separatis
3105 3597 3267 3636 unum
3312 3582 3567 3637 servare?

1983 3683 2093 3736 Cur
2113 3682 2253 3736 enim
2278 3680 2471 3734 Paulus
2489 3677 2706 3747 optabat
2730 3677 3014 3732 anathema
3037 3691 3156 3731 esse
3180 3673 3357 3748 (Rom.
3386 3677 3437 3730 9.
3470 3673 3525 3747 ’5)
3544 3676 3569 3728 ?

1983 3774 2097 3829 Non
2122 3774 2192 3827 ita
2219 3781 2275 3826 ut
2298 3771 2432 3825 nihil
2454 3770 2576 3824 inde
2600 3769 2733 3823 lucri
2754 3768 3031 3823 accederet
3051 3769 3090 3833 ί,
3116 3767 3211 3822 sed
3235 3779 3293 3822 ut
3312 3767 3446 3822 alios
3465 3782 3572 3823 ser-

1985 3874 2152 3919 varet.
2187 3864 2282 3917 Hic
2307 3872 2483 3917 autem
2514 3861 2786 3934 utriusque
2815 3860 3067 3914 damnum
3097 3867 3181 3914 est
3206 3876 3219 3911 :
3250 3867 3574 3929 quapropter

1986 3974 2092 4013 non
2120 3956 2253 4011 dixit
2275 3964 2498 4020 tantum,
2532 3952 2703 4019 Erue;
2743 3952 2840 4008 sed
2864 3953 3044 4017 etiam,
3076 3953 3265 4022 projice
3290 3950 3379 4005 abs
3405 3961 3469 4016 te,
3499 3952 3573 4007 ita

1988 4061 2043 4104 ut
2070 4062 2356 4119 numquam
2396 4056 2628 4117 repetas,
2672 4046 2717 4098 si
2761 4044 2879 4098 talis
2919 4045 3193 4098 manserit.
3223 4043 3311 4098 Sic
3334 4043 3475 4097 enim
3518 4052 3575 4097 et

1988 4142 2135 4197 illum
2162 4139 2348 4209 majori
2386 4138 2608 4193 crimine
2646 4135 2914 4192 liberabis.
2941 4145 2994 4189 et
3021 4136 3245 4204 teipsum
3280 4149 3308 4187 a
3338 4133 3575 4204 pernicie

1989 4234 2202 4303 eripies.
2250 4231 2318 4287 Ut
2341 4239 2518 4285 autem
2559 4230 2752 4283 clarius
2796 4228 2925 4297 legis
2954 4228 3229 4281 utilitatem
3261 4227 3572 4297 perspicias,

1990 4325 2034 4379 si
2062 4325 2253 4393 placet,
2279 4323 2333 4377 in
2356 4334 2583 4391 corpore
2601 4319 2832 4389 exempli
2854 4333 3013 4373 causa
3035 4317 3085 4371 id
3114 4317 3253 4388 quod
3276 4317 3472 4371 dictum
3494 4328 3577 4372 est

1992 4418 2352 4488 exploremus.
2395 4414 2451 4469 Si
2484 4415 2625 4470 enim
2653 4414 2800 4482 Optio
2826 4412 3065 4476 daretur,
3097 4427 3159 4465 ac
3193 4426 3411 4466 necesse
3435 4419 3578 4466 esset

1992 4520 2083 4566 aut
2110 4512 2324 4566 oculum
2358 4507 2640 4563 habentem
2668 4506 2859 4574 conjici
2887 4510 2941 4559 in
2971 4505 3165 4558 fossam
3189 4515 3243 4559 et
3266 4503 3462 4575 perire,
3485 4515 3580 4558 aut

1993 4604 2087 4657 illo
2113 4610 2284 4665 erutn,
2322 4600 2588 4669 reliquum
2635 4612 2827 4666 corpus
2852 4597 3053 4651 servari
3093 4611 3106 4650 ε
3154 4610 3333 4650 annon
3372 4605 3580 4665 postre-

1995 4709 2139 4748 mum
2182 4691 2404 4746 malles?
2434 4689 2488 4744 ld
2532 4689 2731 4744 nemini
2776 4703 2880 4742 non
2922 4686 3257 4741 manilestum
3297 4697 3398 4742 est.
3448 4688 3581 4744 Illud

1995 4787 2137 4841 enim
2166 4800 2269 4838 non
2298 4793 2437 4839 esset
2471 4784 2681 4838 oculum
2723 4782 2919 4846 odisse,
2953 4781 3045 4836 sed
3091 4782 3352 4851 reliquum
3387 4796 3582 4851 corpus

1996 4892 2195 4933 amare.
2236 4876 2350 4931 Hoc
2383 4890 2543 4944 porro
2564 4884 2618 4929 et
2641 4874 2709 4928 de
2730 4874 2858 4928 viris
2884 4875 3054 4944 cogita
3081 4874 3222 4929 etde
3246 4874 3578 4930 mulieribus.

1997 4968 2128 5023 Nam
2160 4969 2203 5020 si
2228 4967 2293 5032 is,
2320 4967 2408 5036 qui
2437 4974 2488 5020 te
2510 4964 2654 5020 lzedit
2677 4964 2928 5026 amando,
2956 4964 3265 5018 incurabilis
3290 4973 3488 5029 manet,
3529 4974 3588 5020 et

1998 5059 2043 5113 si
2068 5057 2335 5113 abscissus
2376 5057 2464 5122 sit,
2498 5066 2549 5111 te
2572 5056 2639 5110 ab
2660 5056 2803 5110 omni
2830 5056 3066 5125 pernicie
3093 5056 3335 5111 liberabit
3370 5072 3387 5109 :
3429 5055 3507 5110 sic
3535 5066 3592 5111 et

2003 5149 2115 5218 ipse
2151 5163 2181 5202 a
2223 5147 2511 5218 majoribus
2563 5147 2817 5216 eripietur
2855 5146 3186 5213 criminibus,
3229 5162 3400 5217 neque
3447 5146 3588 5200 ultra

2000 5258 2119 5298 cum
2149 5250 2483 5311 peccatorum
2511 5255 2727 5294 suorum
2756 5240 2981 5305 ratione,
3005 5240 3263 5295 rationem
3283 5240 3444 5295 etiam
3466 5255 3589 5309 per-

2002 5333 2158 5390 niciei
2185 5341 2289 5387 tuae
2324 5333 2563 5387 daturus.
2595 5330 2731 5385 Vide
2757 5341 2954 5400 quanta
2993 5328 3398 5387 mansuetudine
3432 5332 3588 5401 plena

2004 5426 2091 5483 lex
2128 5435 2229 5493 est,
2271 5433 2464 5496 quanta
2504 5422 2868 5495 providentia?
2895 5432 2949 5477 et
2976 5438 3095 5493 qua:
3129 5439 3160 5478 a
3204 5423 3387 5478 multis
3425 5422 3587 5479 nimia

2003 5596 2060 5634 eo
2091 5581 2217 5645 quod
2256 5579 2451 5645 eleuata:
2481 5586 2590 5645 sunt
2615 5578 2896 5645 ﬁliigSt'Oﬂ,
2920 5584 2971 5645 et
2996 5577 3356 5645 ambulaverunt
3394 5582 3592 5645 extenso

2006 5640 2145 5701 collo,
2169 5650 2215 5693 et
2236 5643 2428 5693 nutibus
2449 5640 2696 5706 oculorum
2718 5641 2936 5706 ibant.et
2954 5640 3002 5689 in
3026 5642 3212 5706 incessu
3235 5643 3410 5706 pedum
3429 5642 3595 5694 trahe‘

2007 5709 2116 5759 bant
2134 5706 2336 5775 tunicas,
2360 5712 2406 5756 et
2426 5704 2730 5775 lasciviebant
2752 5705 2953 5775 pedtb_us
2976 5703 3091 5775 sui}.

2074 5774 2088 5801 ι
2124 5768 2338 5829 quidam,
2362 5780 2455 5819 non
2471 5766 2538 5818 ita
2562 5774 2611 5818 ut
2634 5765 2867 5818 neminem
2885 5765 3009 5817 lucri
3029 5767 3225 5829 faceret,
3244 5773 3341 5817 etc.
