4050 6364
500 299 606 357 959

496 415 754 471 severitas
772 426 891 470 esse
914 411 1138 478 videtur,
1156 420 1404 482 quantam
1432 411 1649 467 exhibet
1663 411 2076 482 benignitatem?

495 506 621 564 Haec
643 507 861 562 audiant
888 506 923 560 ii
948 506 1036 576 qui
1063 504 1129 559 ad
1159 504 1362 559 theatra
1383 511 1687 574 properant,
1719 512 1775 559 et
1802 518 1922 559 sese
1947 518 2080 572 quo-

497 601 622 657 tidie
648 599 888 656 moechos
909 607 1179 670 praestant.
1198 597 1328 652 Nam
1344 597 1388 651 si
1410 596 1792 652 consuetudine
1807 596 2072 666 junctum,

490 694 587 750 sed
614 693 950 757 damnosum,
981 691 1062 746 lex
1081 691 1232 759 jubet
1259 689 1589 752 abscindere,
1619 702 1778 760 quam
1807 688 2075 757 purgatio-

492 803 614 844 nem
641 787 869 842 habeant
887 785 974 854 qui
1003 783 1232 837 nondum
1256 781 1356 838 sibi
1378 789 1551 845 notos,
1570 780 1640 836 ibi
1666 778 2069 846 commorando,

490 879 724 951 quotidie
755 877 1086 948 pertrahunt,
1114 885 1165 928 et
1197 882 1474 929 Sexcentas
1500 872 1598 928 sibi
1627 880 1938 942 comparant
1977 887 2073 926 ex-

488 974 610 1028 cidii
647 973 838 1028 ansas?
867 971 980 1026 Non
1022 969 1180 1024 modo
1209 969 1348 1023 enim
1376 967 1641 1037 impudice
1664 967 1932 1038 respicere
1963 979 2070 1020 non

487 1064 760 1127 concedit;
805 1061 897 1117 sed
939 1062 1061 1131 quia
1090 1059 1308 1130 hujusce
1337 1058 1410 1112 rei
1441 1057 1694 1112 damnum
1728 1056 2064 1122 monstravit,

486 1159 653 1230 legem
685 1159 904 1212 ulterius
933 1154 1189 1216 extendit,
1219 1153 1530 1209 abscindere
1555 1152 1766 1223 jubens,
1805 1151 2067 1222 longeque

484 1252 744 1322 projicere
781 1265 794 1302 :
827 1258 883 1304 et
925 1248 1038 1303 lucc
1085 1247 1175 1302 ille
1203 1248 1318 1316 lege
1359 1245 1564 1310 statuit,
1613 1245 1703 1314 qui
1739 1244 1809 1299 de
1843 1245 2064 1300 caritate

481 1343 777 1397 sexcenties
823 1340 1071 1411 loquutus
1113 1347 1215 1404 est,
1258 1347 1315 1393 ut
1343 1337 1588 1406 utrinque
1616 1335 1732 1403 ejus
1775 1336 2056 1404 providen-

481 1437 605 1490 tiam
636 1435 876 1500 ediscas,
923 1441 977 1485 et
1016 1430 1283 1498 quomodo
1317 1429 1551 1498 undique
1596 1428 1873 1483 utilitatem
1915 1435 2057 1482 tuam

478 1527 732 1596 requirat.
782 1523 869 1578 3|.
900 1520 1106 1575 Dictum
1137 1531 1209 1575 est
1236 1528 1400 1573 autent
1430 1535 1449 1572 :
1480 1518 1790 1588 Quicumque
1815 1518 2060 1572 dimiserit

474 1635 682 1673 uxorem
722 1633 884 1681 suam,
933 1614 1014 1668 det
1053 1613 1132 1668 illi
1170 1611 1392 1668 libellum
1418 1610 1618 1680 repudii
1647 1609 1822 1681 (Deut.
1857 1610 1946 1665 24.
1977 1610 2051 1680 1).

473 1712 560 1767 52.
593 1710 704 1782 Ego
727 1719 891 1762 autem
907 1708 1019 1762 dico
1045 1707 1181 1762 vobis
1202 1723 1222 1760 :
1251 1705 1559 1774 Quicumque
1581 1703 1823 1758 dimiserit
1848 1719 2057 1758 uaorem

469 1826 636 1876 suam,
663 1816 871 1876 excepta
898 1821 1051 1860 causa
1077 1801 1422 1874 fornicationis
1441 1840 1455 1864 ,
1483 1800 1604 1871 facit
1633 1817 1743 1853 eam
1767 1799 2005 1853 moechari
2031 1815 2051 1854 :

468 1915 514 1958 et
533 1904 619 1973 qui
643 1901 900 1955 dimissam
924 1897 1142 1960 duxerit,
1173 1896 1468 1963 nuzchatur.

537 1998 590 2051 4.
614 1993 898 2063 Repudium
913 1989 1149 2044 adulterii
1163 1987 1367 2056 species.
1398 1983 1500 2038 Cur
1518 1982 1741 2038 libellum
1757 1981 1957 2052 repudii
1970 1982 2052 2035 lea;

464 2098 602 2142 uetus
620 2083 917 2156 permiserit.
933 2079 1126 2136 —-Non
1153 2080 1298 2148 prius
1325 2077 1392 2132 ad
1423 2075 1670 2131 ulteriora
1692 2073 2046 2146 progreditur,

463 2180 562 2235 nisi
584 2179 759 2249 priora
785 2175 950 2247 probe
969 2171 1362 2242 expurgaverit.
1382 2170 1518 2225 Ecce
1543 2168 1684 2222 enim
1709 2167 1866 2221 aliam
1892 2165 2048 2221 nobis

462 2285 648 2324 rursus
688 2267 921 2324 ostendit
963 2263 1209 2319 adulterii
1237 2262 1492 2329 Speciem.
1521 2259 1776 2326 Qumnam
1802 2268 1884 2311 est
1915 2257 2047 2311 illa?

461 2361 570 2415 Lex
601 2370 714 2415 erat
740 2366 910 2423 vetus,
952 2372 1096 2421 eum,
1123 2355 1213 2426 qui
1241 2367 1573 2423 quacumque
1612 2366 1678 2405 ex
1704 2364 1861 2404 causa
1910 2365 2044 2402 uxo-

459 2470 574 2510 rem
603 2468 752 2508 suam
792 2452 1015 2516 odisset,
1046 2449 1187 2503 illam
1233 2445 1532 2516 repudiare,
1561 2452 1615 2499 et
1651 2443 1808 2497 aliam
1849 2442 2044 2498 ducere

459 2563 566 2603 non
607 2543 896 2616 prohiberi.
925 2541 1107 2610 Neque
1150 2537 1279 2594 illud
1319 2548 1494 2591 tamen
1526 2535 1836 2605 simpliciter
1866 2534 2044 2590 facere

458 2643 542 2698 lex
565 2640 808 2712 jubebat,
848 2635 939 2691 sed
973 2643 1092 2705 post
1115 2633 1297 2687 datum
1338 2630 1488 2684 uxori
1531 2629 1766 2684 libellum
1811 2626 2039 2697 repudii,

457 2737 528 2789 ita
558 2740 744 2787 utnon
770 2736 952 2800 posset
980 2726 1169 2781 iterum
1198 2723 1262 2777 ad
1286 2723 1431 2776 illum
1452 2730 1742 2785 revertere,
1769 2728 1828 2774 ut
1853 2718 2040 2773 saltem

455 2821 779 2880 matrimonii
823 2819 990 2890 ﬁgura
1020 2823 1280 2872 maneret.
1312 2814 1419 2868 Nisi
1444 2813 1584 2868 enim
1615 2811 1717 2866 hoc
1751 2811 2041 2882 praecepis-

455 2929 556 2983 set,
597 2927 652 2972 et
692 2916 736 2970 si
775 2914 1010 2970 licuisset
1031 2911 1170 2964 illam
1191 2900 1475 2977 repudiare
1502 2916 1556 2961 et
1592 2906 1747 2959 aliam
1774 2905 2036 2973 accipere,

455 3010 752 3077 deindeque
781 3006 1014 3077 priorem
1053 3002 1330 3066 reducere,
1359 3014 1548 3068 magna
1582 2999 1751 3052 futura
1796 2998 2039 3052 confusio

455 3110 592 3164 erat,
635 3098 885 3154 omnibus
933 3095 1137 3151 alienas
1179 3107 1374 3147 uxores
1415 3090 1638 3146 alternis
1682 3089 1889 3144 vicibus
1933 3089 2039 3145 fre-

453 3202 676 3264 quenter
701 3188 1113 3259 accipientibus,
1149 3184 1573 3252 adulteriumque
1613 3182 1950 3237 manifestum
1984 3182 2036 3236 id

454 3299 673 3356 prorsus
716 3282 922 3337 fuisset.
971 3278 1305 3347 Quapropter
1334 3289 1438 3329 non
1470 3289 1684 3343 parvam
1715 3275 2036 3328 consolatio-

452 3392 574 3432 nem
601 3371 937 3444 excogitavit,
979 3369 1214 3424 libellum
1244 3381 1436 3435 nempe
1462 3364 1686 3435 repudii.
1719 3363 1831 3419 Hoc
1878 3380 2034 3435 porro

453 3469 648 3522 factum
671 3475 754 3521 est
781 3462 847 3517 ad
875 3461 1032 3517 aliam
1059 3459 1227 3515 multo
1255 3457 1512 3526 majorem
1550 3455 1818 3510 vitandam
1844 3457 2033 3526 nequi-

451 3560 601 3613 tiam.
645 3555 701 3612 Si
723 3557 866 3611 enim
907 3566 1130 3608 exosam
1176 3549 1520 3620 praecepisset
1560 3547 1812 3612 retineri,
1859 3547 1905 3601 is
1943 3549 2032 3618 qui

449 3648 637 3703 oderat
656 3643 936 3701 occidisset
960 3659 974 3695 :
1004 3641 1124 3696 talis
1143 3640 1336 3710 quippe
1364 3645 1481 3694 erat
1501 3635 1804 3692 Iudaeorum
1827 3638 1970 3691 natio
1989 3639 2028 3693 ¹.

449 3739 582 3794 Nam
613 3737 702 3808 qui
731 3751 801 3790 ne
828 3735 952 3788 ﬁliis
974 3733 1188 3801 quidem
1217 3731 1524 3801 parcebant,
1560 3728 1841 3799 prephetas
1872 3731 2034 3784 inter-

450 3831 716 3896 ﬁciebant,
757 3827 1172 3896 sanguinemque
1197 3832 1256 3877 ut
1281 3838 1471 3893 aquam
1512 3822 1820 3888 fundebant,
1863 3823 2030 3877 multo

449 3923 625 3976 minus
666 3919 919 3976 uxoribus
948 3917 1325 3988 pepercissent.
1370 3914 1494 3969 Ideo
1531 3915 1673 3984 quod
1713 3914 1887 3968 minus
1914 3924 2030 3969 erat

449 4015 711 4086 permisit,
739 4024 796 4069 ut
818 4012 960 4084 quod
982 4011 1151 4081 majus
1173 4019 1289 4065 erat
1317 4009 1672 4064 exscinderet.
1705 4009 1856 4074 Quod
1886 4009 2027 4064 enim

447 4106 563 4162 haec
586 4106 670 4160 lex
697 4120 802 4158 non
829 4118 861 4159 e
889 4101 1169 4173 praecipuis
1191 4106 1354 4163 esset,
1384 4097 1505 4152 audi
1527 4097 1652 4168 quid
1674 4098 1925 4153 Servator
1949 4099 2030 4152 di-

442 4207 531 4253 cat
563 4215 577 4251 :
612 4195 814 4266 Moyses
858 4193 926 4248 ad
971 4193 1212 4247 duritiam
1259 4191 1424 4246 cordis
1471 4190 1620 4244 vestri
1668 4191 1774 4245 lites
1825 4192 2028 4260 scripsit

439 4290 658 4368 (.tlattlt.
699 4289 788 4346 I9.
830 4288 906 4357 8),
943 4303 1009 4341 ue
1052 4287 1194 4340 intus
1237 4284 1559 4350 mactaretis,
1601 4284 1692 4340 sed
1738 4283 2022 4354 ejiceretis.

438 4385 574 4451 Quia
600 4395 729 4439 vero
751 4379 838 4433 ille
863 4379 992 4432 iram
1020 4391 1233 4431 omnem
1255 4375 1486 4443 sustulit,
1513 4390 1620 4430 non
1642 4376 1842 4431 credem
1866 4376 2026 4430 modo

437 4484 644 4540 vetans,
677 4474 771 4530 sed
814 4472 949 4526 iram
983 4470 1141 4523 etiam
1166 4467 1452 4522 excludcns
1483 4484 1495 4520 :
1525 4466 1676 4522 facile
1703 4467 1839 4522 hanc
1867 4467 2023 4522 indu-

433 4567 509 4621 cit
537 4566 730 4636 legem.
762 4564 988 4634 Ideoque
1019 4559 1256 4633 priorum
1287 4573 1499 4628 semper
1524 4559 1806 4613 verborum
1837 4562 2023 4614 memi-

436 4657 533 4722 nit,
573 4665 630 4712 ut
654 4655 920 4718 ostendat,
949 4671 1010 4708 se
1049 4668 1155 4708 non
1184 4650 1450 4704 contraria
1479 4649 1612 4712 illis,
1653 4649 1746 4704 sed
1785 4664 2019 4704 consona

433 4750 613 4806 dicere
639 4767 654 4802 :
684 4748 771 4802 illa
791 4747 1104 4812 extendens,
1134 4760 1237 4799 non
1261 4753 1539 4806 evertens;
1567 4742 1880 4809 emendans,
1912 4759 2018 4798 non

432 4843 664 4898 solvens.
697 4838 971 4909 Perpende
995 4849 1171 4891 autem
1202 4836 1349 4890 illum
1377 4848 1592 4905 semper
1615 4833 1682 4887 ad
1713 4834 1882 4889 virum
1906 4851 2021 4889 ser-

431 4948 645 4987 monem
691 4930 913 4985 referre.
957 4929 1058 4996 Qui
1107 4928 1332 4990 dimittit,
1364 4927 1558 4997 inquit,
1603 4939 1811 4979 uxorem
1848 4942 2016 4990 suam,

431 5023 553 5092 facit
583 5039 693 5077 eam
733 5021 1018 5084 masc/tari,“
1065 5030 1111 5074 et
1149 5019 1236 5088 qui
1288 5018 1549 5072 dimissam
1593 5014 1760 5080 ducit,
1801 5019 2022 5070 moecha-

431 5125 530 5168 tur.
581 5115 671 5169 Ille
711 5114 854 5169 enim
876 5155 890 5179 ,
923 5121 976 5167 et
1014 5113 1060 5166 si
1089 5111 1309 5166 alteram
1342 5125 1448 5165 non
1474 5109 1717 5177 duxerit,
1769 5106 1873 5165 hoc
1900 5107 2020 5178 ipso

431 5222 490 5262 se
550 5206 788 5262 criminis
851 5219 1003 5258 remn
1058 5201 1364 5266 constituit,
1427 5200 1568 5268 quod
1620 5215 1738 5255 eam
1803 5201 2010 5255 adulte-

433 5314 544 5352 ram
590 5298 744 5352 faciat
772 5314 784 5350 :
810 5297 896 5351 hic
930 5311 1077 5359 vero,
1107 5295 1248 5366 quod
1289 5294 1516 5348 alienam
1559 5297 1734 5360 ducat,
1773 5295 2014 5350 mmchus

429 5400 483 5444 et
529 5391 641 5457 ipse
683 5390 757 5443 fit.
799 5388 874 5443 Ne
927 5387 1056 5442 mihi
1104 5386 1246 5442 enim
1298 5385 1465 5451 dicas,
1521 5385 1612 5440 Ille
1665 5386 1822 5453 ejecit
1853 5401 2012 5443 :nam

429 5483 598 5550 ejecta
629 5482 800 5536 adhuc
828 5490 1009 5536 manet
1037 5480 1297 5548 ejicientis
1330 5493 1482 5533 uxor.
1520 5478 1717 5534 Deinde
1747 5494 1814 5534 ne
1845 5489 2013 5537 totum

429 5570 723 5640 conﬁciens
753 5571 803 5624 ίη
831 5571 1166 5640 ejicientem,
1200 5569 1618 5637 arrogantiorem
1651 5569 1850 5626 faceret
1875 5586 2010 5626 uxo-

429 5676 565 5717 rem.
613 5661 780 5729 ipsam
807 5662 1048 5731 accipere
1073 5660 1268 5715 volenti
1307 5661 1522 5728 januam
1570 5661 1767 5717 claudit
1805 5663 2010 5731 dicens,

492 5752 510 5784 ³
545 5749 658 5808 Alii.
682 5751 799 5802 tales
822 5751 997 5816 quippe
1019 5757 1158 5803 erant
1176 5751 1460 5812 Judteorum
1480 5768 1652 5806 mares.

1222 297 1278 352 S.
1321 296 1599 353 JOANNIS
1633 291 2113 354 CIIRYSOSTOMI
2151 295 2468 355 ARCHIEP.
2499 298 3029 365 CONSTANTINOP.

3668 324 3773 384 260

2194 411 2296 480 Qui
2322 413 2583 470 dimissam
2609 417 2828 486 duxerit,
2860 423 3155 490 moechatur,
3184 437 3403 485 uxorem
3429 429 3512 488 Vel
3555 436 3768 497 invitam

2180 505 2427 600 pudicam
2457 509 2706 576 reddens,
2732 521 2786 566 et
2810 514 2877 568 ad
2897 517 3058 571 alium
3083 519 3254 576 virum
3279 523 3480 582 aditum
3503 529 3602 600 ipsi
3629 535 3769 594 clau-

2180 594 2333 662 dens,
2375 614 2474 654 nec
2503 604 2815 670 permittens
2849 607 3134 665 simultatis
3174 628 3358 670 ansam
3393 594 3651 688 praebere.
3678 628 3769 686 Illa

2179 702 2408 760 namque
2431 706 2550 746 cum
2577 694 2840 761 didicerit,
2872 714 3090 768 prorsus
3118 710 3479 768 necessarium
3508 730 3650 786 esse,
3679 734 3766 778 aut

2176 779 2349 835 virum
2377 784 2466 853 qui
2493 785 2593 840 sibi
2619 787 2688 842 ab
2713 788 2865 845 initio
2904 803 3050 848 sorte
3084 797 3378 868 contigerat
3407 779 3646 874 habere;
3677 821 3766 868 aut

2174 870 2271 970 sie
2297 873 2460 970 domo
2485 876 2571 931 illa
2599 881 2922 950 egrediatur,
2947 885 3148 942 uultum
3172 889 3274 946 sibi
3311 893 3456 952 aliud
3481 870 3765 970 superesse

2173 961 2454 1053 refugium,
2501 969 2581 1023 vel
2609 969 3022 1044 invita'cogetur
3051 980 3330 1053 coniugem
3359 961 3564 1047 amare-
3584 961 3761 1052 suum.

2171 1052 2228 1109 Si
2258 1070 2388 1111 vero
2417 1058 2547 1114 nihil
2571 1061 2670 1131 ipsi
2694 1062 2794 1119 hac
2819 1065 2888 1121 de
2913 1082 2972 1122 re
2995 1052 3262 1141 loquatur,
3294 1091 3362 1132 ne
3386 1081 3597 1138 mireris
3630 1101 3644 1138 :
3678 1088 3760 1141 iu-

2168 1147 2372 1205 firmior
2395 1153 2539 1243 enim
2582 1155 2775 1214 mulier
2797 1169 2900 1216 est.
2927 1161 3261 1235 Quapropter
3295 1169 3384 1228 illa
3411 1172 3652 1243 dimissa,
3678 1182 3759 1236 vin-

2167 1252 2259 1294 ros
2285 1242 2444 1298 minis
2471 1247 2723 1303 terrendo
2766 1251 3047 1308 mulierem
3075 1271 3287 1327 quoque
3314 1265 3583 1322 emendat.
3616 1242 3689 1326 Ut
3715 1273 3759 1327 si

2165 1332 2286 1400 quis
2314 1335 2480 1392 lilium
2511 1338 2714 1396 habens
2757 1343 3034 1412 lascivum,
3069 1347 3160 1404 illo
3188 1351 3429 1421 dimisso,
3458 1358 3564 1414 illis
3591 1360 3758 1419 inter-

2164 1423 2412 1489 minetur,
2445 1429 2535 1495 qui
2578 1431 2737 1488 talem
2771 1434 2943 1503 ipsum
2971 1437 3284 1506 elfecerunt,
3317 1454 3568 1518 vetetque
3598 1467 3664 1508 ne
3697 1455 3756 1508 il-

2163 1512 2270 1568 lum
2302 1518 2438 1573 ultra
2467 1520 2682 1590 adeant,
2711 1525 2795 1580 vel
2827 1531 3166 1584 conveniant.
3192 1533 3343 1601 Quod
3370 1538 3414 1592 si
3439 1512 3540 1594 hoc
3561 1556 3757 1599 onero-

2161 1618 2277 1660 sum
2306 1609 2570 1680 videatur,
2601 1613 2654 1668 in
2683 1627 2916 1673 mentem
2942 1635 3131 1677 revoca
3159 1623 3246 1678 illa
3276 1641 3396 1696 quas
3425 1644 3585 1700 supra
3612 1634 3754 1693 dicta

2159 1710 2304 1766 sunt,
2349 1717 2469 1760 cum
2508 1704 2692 1762 beatos
2731 1709 3044 1777 prtedicaret
3079 1715 3392 1786 audientes;
3435 1737 3655 1796 remque
3699 1738 3753 1784 et

2157 1793 2468 1863 possibilem
2496 1804 2550 1850 et
2579 1797 2784 1854 facilem
2830 1800 3088 1858 invenies.
3119 1805 3262 1862 Mitis
3284 1812 3448 1877 enim,
3475 1793 3750 1886 pacificus,

2159 1901 2357 1954 pauper
2378 1888 2586 1957 spiritu,
2614 1899 2669 1944 et
2695 1892 3018 1960 misericors,
3041 1899 3311 1966 quomodo
3340 1918 3558 1960 uxorem
3590 1925 3752 1978 repu-

2155 1976 2354 2031 diabit?
2379 1989 2432 2033 ct
2475 1981 2562 2050 qui
2611 1981 2744 2036 alios
2770 1985 3098 2051 rcconciliat,
3145 2003 3252 2058 quo
3283 2003 3438 2059 pacto
3472 1976 3752 2058 dissidebit

2153 2083 2273 2123 cum
2300 2070 2524 2142 conjuge
2550 2073 2678 2126 sua?
2703 2074 2818 2129 Non
2845 2075 2945 2132 hoc
2965 2088 3093 2133 Vero
3120 2090 3342 2148 tantum,
3369 2085 3465 2142 sed
3483 2079 3590 2145 alio
3616 2107 3754 2160 quo-

2152 2174 2256 2230 que
2289 2162 2450 2218 modo
2476 2163 2646 2234 legem
2686 2163 2811 2221 fecit
2838 2167 3030 2224 levem.
3060 2169 3190 2226 Nam
3220 2175 3474 2247 relinquit
3496 2180 3546 2234 ei
3578 2198 3743 2239 unum

2151 2253 2360 2322 repudii
2391 2255 2626 2324 modum,
2659 2256 2862 2324 dicens,
2893 2259 3120 2332 Excepta
3153 2280 3308 2319 causa
3345 2268 3700 2337 fornicationis
3727 2317 3741 2331 .

2150 2343 2412 2411 siquidem
2461 2344 2513 2400 in
2557 2346 2743 2401 eadem
2788 2359 2986 2418 perstat
3030 2351 3210 2408 decori
3240 2357 3466 2414 ratione.
3509 2362 3566 2417 Si
3595 2364 3743 2420 enim

2143 2433 2395 2505 jussisset
2431 2453 2554 2494 cum
2594 2434 2835 2510 pluribus
2877 2443 3100 2501 mixtam
3149 2449 3412 2518 retinere,
3452 2469 3638 2510 rursus
3686 2459 3740 2513 in

2147 2527 2465 2584 adulterium
2509 2546 2598 2587 res
2640 2535 3070 2592 convertebatur.
3101 2537 3290 2596 Vidcn’
3311 2545 3580 2613 quomodo
3624 2547 3744 2606 hac

2145 2636 2267 2678 cum
2299 2624 2565 2692 prioribus
2587 2629 2918 2684 consonent?
2947 2630 3046 2699 Qui
3077 2633 3218 2687 enim
3250 2651 3476 2692 uxorem
3505 2639 3741 2697 alienam

2147 2713 2427 2785 impudicis
2481 2718 2654 2774 oculis
2691 2735 2796 2775 non
2826 2721 3064 2792 respicit,
3111 2740 3216 2780 non
3261 2725 3643 2797 foruicabitur;
3695 2735 3741 2790 si

2145 2823 2252 2862 non
2287 2807 2608 2877 tornicetur,
2646 2811 2764 2868 viro
2805 2815 3147 2884 repudiandae
3184 2820 3368 2875 uxoris
3400 2836 3512 2878 suae
3547 2839 3739 2882 ansam

2144 2914 2252 2954 non
2280 2900 2556 2968 prtcbebit.
2585 2902 2709 2959 Ideo
2733 2905 2899 2961 libere
2926 2909 3261 2980 constringit,
3291 2921 3347 2966 et
3373 2914 3620 2970 timorem
3650 2918 3741 2972 fir-

2145 3001 2274 3056 mat,
2314 3009 2563 3063 magnum
2602 2996 2717 3050 viro
2746 2999 3064 3068 periculum,
3107 3003 3151 3057 si
3187 3002 3390 3072 ejiciat,
3417 3006 3691 3074 intentans
3722 3029 3737 3067 :

2143 3099 2265 3138 nam
2294 3086 2658 3142 fornicationis
2685 3088 2828 3144 illius
2847 3105 2969 3146 sese
2997 3108 3146 3148 reum
3180 3097 3480 3154 constituit.
3513 3101 3732 3158 Etenim

2141 3193 2208 3232 ne
2236 3193 2356 3232 cum
2387 3180 2558 3246 audis,
2591 3181 2732 3236 Erue
2756 3183 2993 3250 oculum,
3019 3195 3170 3255 putes
3200 3188 3252 3242 id
3283 3192 3445 3246 etiam
3475 3192 3544 3248 de
3566 3208 3740 3252 uxore

2139 3266 2268 3334 dici,
2294 3278 2592 3339 opportune
2618 3271 2755 3328 hanc
2779 3274 3078 3330 cautionem
3111 3277 3315 3334 induxit
3348 3298 3362 3333 :
3393 3297 3503 3339 uno
3523 3290 3736 3341 tantum

2139 3358 2320 3425 modo,
2343 3375 2443 3416 nec
2467 3361 2573 3416 alio
2595 3363 2781 3432 quovis
2801 3365 3116 3434 permittens
3136 3368 3282 3424 illam
3312 3373 3616 3442 repudiare.
3642 3370 3736 3435 53.

2138 3450 2336 3507 Iterum
2363 3454 2576 3509 audistis
2605 3457 2725 3527 quia
2756 3457 2946 3513 dictum
2969 3468 3042 3514 est
3073 3462 3293 3533 antiquis
3330 3479 3350 3518 :
3378 3464 3500 3520 Non
3530 3470 3737 3538 pejera-

2136 3543 2212 3597 bis
2239 3559 2259 3597 :
2285 3541 2464 3600 reddes
2483 3557 2651 3600 autem
2673 3545 2895 3603 Domino
2911 3551 3208 3620 juramenta
3231 3563 3340 3608 tua.
3375 3556 3465 3612 ‘54.
3489 3556 3604 3629 Ego
3641 3576 3742 3613 au»

2138 3645 2236 3688 tem
2256 3635 2369 3689 dico
2395 3637 2550 3702 nobis,
2575 3655 2675 3692 non
2690 3641 2872 3709 jurare
2898 3643 3122 3697 omnino.
3155 3644 3263 3700 Cur
3289 3661 3395 3701 non
3423 3650 3604 3705 Statim
3634 3668 3733 3708 ve-

2137 3725 2215 3780 nit
2250 3726 2318 3781 ad
2343 3727 2561 3792 furtum,
2607 3729 2699 3784 sed
2737 3731 2805 3785 ad
2849 3731 3035 3789 falsum
3083 3737 3465 3808 testimonium,
3497 3742 3736 3816 illudque

2136 3818 2440 3876 mandatum
2458 3822 2784 3890 praeter-ivit?
2802 3823 3064 3892 Quoniam
3087 3829 3178 3898 qui
3194 3827 3421 3896 furatur,
3442 3833 3735 3903 aliquando

2128 3907 2307 3978 jurat;
2356 3911 2448 3981 qui
2498 3926 2626 3967 vero
2672 3929 2847 3984 neque
2881 3916 3067 3985 jurare
3105 3933 3278 3989 neque
3318 3925 3530 3979 mentiri
3558 3929 3731 3993 novit,

2134 3999 2300 4055 multo
2338 4001 2506 4072 magis
2535 4017 2566 4056 a
2596 4002 2736 4059 furto
2761 4005 3070 4065 abstinebit.
3103 4009 3285 4080 Itaque
3313 4029 3409 4084 per
3433 4013 3536 4070 hoc
3562 4019 3727 4074 etiam

2133 4090 2262 4146 illud
2290 4103 2562 4160 peccatum
2583 4095 2774 4150 evertit
2801 4115 2815 4150 :
2846 4113 2966 4152 nam
2989 4104 3320 4158 mendacium
3347 4122 3413 4160 ex
3444 4109 3582 4162 furto
3609 4113 3730 4166 ori-

2133 4192 2237 4236 tur.
2267 4183 2402 4251 Quid
2431 4193 2608 4239 autem
2638 4195 2751 4251 est,
2787 4186 2988 4242 Reddas
3031 4189 3250 4246 Domino
3270 4196 3564 4266 juramcnta
3599 4202 3732 4255 tua.’

2131 4273 2184 4328 Id
2211 4283 2312 4339 est,
2341 4275 2535 4331 Juraus
2563 4291 2745 4332 verum
2773 4278 2938 4334 dices.
2971 4279 3084 4351 Ego
3111 4295 3277 4339 autem
3295 4288 3410 4340 dico
3437 4291 3593 4354 vobis,
3621 4308 3726 4346 non

2119 4367 2301 4436 jurare
2327 4368 2552 4420 omnino.

2199 4457 2310 4514 5-6.
2334 4457 2534 4514 Deinde
2551 4461 2798 4531 utmagis
2828 4462 3102 4534 magisque
3130 4476 3339 4522 avertat
3380 4484 3496 4536 eos,
3528 4486 3597 4527 ne
3627 4488 3729 4544 per

2131 4550 2294 4604 Deum
2327 4549 2528 4619 jurcnt,
2560 4551 2652 4611 ait,
2693 4547 2873 4623 Neque
2899 4571 2988 4624 per
3012 4557 3210 4623 aulum,
3243 4559 3361 4627 quia
3387 4561 3600 4615 thronus
3627 4563 3728 4620 Dii

2127 4650 2200 4694 est
2232 4657 2250 4695 :
2290 4641 2377 4698 55.
2425 4658 2582 4712 neque
2605 4659 2693 4712 per
2726 4653 2932 4709 terram,
2963 4648 3085 4716 quia
3125 4650 3400 4705 scabellum
3433 4666 3506 4706 est
3537 4658 3727 4724 pedum

2126 4735 2271 4804 ejus;
2297 4750 2455 4803 neque
2483 4749 2571 4801 per
2594 4731 2897 4799 Jerusalem,
2925 4738 3046 4806 quia
3068 4740 3242 4792 civitas
3269 4750 3338 4796 est
3365 4745 3538 4814 magni
3567 4749 3723 4817 regis,

2126 4825 2204 4880 Ex
2233 4824 2504 4893 prophetis
2532 4823 2706 4880 adhuc
2731 4825 2984 4896 loquitur,
3013 4837 3068 4882 et
3091 4831 3324 4885 ostendit
3348 4847 3407 4887 se
3449 4850 3553 4888 non
3581 4839 3725 4891 auti-

2125 4920 2244 4990 quis
2263 4919 2566 4984 adversari;
2597 4934 2719 4974 nam
2742 4921 2794 4975 iu
2825 4936 2974 4978 more
3002 4923 3107 4977 illis
3132 4935 3248 4980 erat
3276 4942 3374 4996 per
3425 4929 3542 4986 hrec
3564 4931 3718 5002 jura-

2125 5028 2205 5078 re,
2226 5021 2282 5067 et
2302 5015 2353 5066 in
2375 5012 2478 5067 line
2499 5012 2653 5083 hujus
2676 5013 2947 5085 Evangelii
2970 5015 3110 5072 hunc
3126 5017 3291 5074 fuisse
3310 5035 3516 5078 morem
3531 5033 3720 5080 osten-
3763 5023 3774 5077 ι

2123 5103 2220 5158 dit.
2243 5102 2323 5158 Tu
2358 5118 2491 5159 vero
2531 5103 2664 5158 mihi
2703 5105 2984 5161 considera
3012 5107 3152 5162 unde
3181 5110 3402 5166 extollat
3427 5113 3717 5171 elementa.

2123 5191 2236 5246 Non
2263 5207 2329 5248 ex
2359 5194 2568 5262 propria
2597 5203 2812 5260 natura;
2841 5196 2936 5251 sed
2967 5212 3034 5252 ex
3059 5198 3150 5252 Dei
3180 5213 3305 5270 erga
3335 5202 3599 5259 elementa
3629 5210 3716 5261 af-

2119 5282 2261 5338 fectu
2291 5282 2524 5338 demisse
2549 5293 2603 5338 et
2622 5286 2916 5341 secundum
2941 5297 3156 5358 captum
3178 5303 3417 5347 nostrum
3434 5310 3709 5363 espresso.

2117 5377 2250 5443 Quia
2269 5375 2410 5430 enim
2433 5375 2596 5430 multa
2618 5385 2735 5431 erat
2755 5377 3065 5435 idololatriae
3089 5385 3348 5454 tyrannis,
3372 5401 3440 5441 ue
3460 5387 3716 5444 videren-

2117 5478 2204 5524 tur
2228 5471 2495 5525 elemenla
2520 5486 2587 5524 ex
2615 5483 2674 5525 se
2701 5469 3012 5527 honoranda
3041 5489 3184 5541 esse,
3209 5478 3345 5532 hanc
3375 5494 3533 5548 quam
3568 5480 3713 5534 dixi-

2116 5577 2234 5616 mus
2261 5577 2475 5616 causam
2503 5563 2698 5630 posuit,
2732 5577 3024 5634 rursusque
3053 5565 3118 5620 ad
3145 5567 3237 5621 Dei
3263 5568 3483 5638 gloriam
3533 5581 3713 5626 trans-

2118 5654 2228 5709 ivit.
2256 5654 2436 5725 Neque
2481 5653 2624 5710 enim
2669 5654 2819 5716 dixit,
2854 5654 2985 5724 Quia
3029 5657 3307 5725 pulchrum
3352 5676 3713 5732 magnumque

2114 5749 2304 5806 etclam
2336 5755 2440 5815 est,
2491 5760 2682 5816 neque,
2715 5745 2849 5813 Quia
2879 5746 3021 5804 utilis
3063 5759 3240 5818 terra;
3285 5751 3404 5821 sed,
3431 5751 3562 5819 Quia
3612 5744 3709 5800 Dei
