4050 6364
469 250 568 308 201

468 364 615 422 κατά
639 362 738 435 τῆς
767 361 1011 434 κεφαλῆς
1058 360 1309 432 ὀμνύναι·
1366 361 1462 415 καὶ
1507 359 1617 430 γὰρ
1659 360 1726 415 ἂν
1768 359 1865 414 καί
1905 358 2066 424 αὐτὸς

469 446 879 524 προσεκυνήθη·
912 445 1050 500 ἀλλὰ
1076 446 1177 516 τὴν
1209 445 1367 510 δόξαν
1394 445 1489 499 ἐπὶ
1515 445 1608 498 τὸν
1649 445 1784 498 Θεὸν
1824 443 2065 513 ἀνάγων,

471 523 568 588 καὶ
603 531 819 595 δεικνὺς
849 530 932 584 δτι
962 528 1083 583 οὐδέ
1111 528 1310 584 σαυτοῦ
1350 523 1402 581 εἴ
1446 527 1661 598 κύριος,
1712 525 1910 582 οὐκοῦν
1944 525 2068 580 οὐδέ

469 616 580 669 τῶν
611 613 752 669 κατά
778 613 880 683 τῆς
902 612 1146 683 κεφαλῆς
1175 613 1374 683 ὅρκων.
1403 612 1466 664 Εἰ
1490 612 1601 683 γάρ
1637 610 1700 664 τὸ
1729 609 1944 664 παιδίον
1969 609 2070 662 οὐκ

474 700 542 755 ἄν
574 716 658 762 τις
685 696 802 767 δοίη
832 695 892 750 τὸ
919 694 1113 749 ἐαυτοῦ
1159 696 1353 768 ἑτέρῳ,
1395 693 1580 765 πολλῷ
1626 693 1828 765 μᾶλλον
1863 692 1894 745 6
1937 692 2070 756 Θεὸς

471 781 534 835 τὸ
559 781 717 852 ἔργον
742 779 805 832 τὸ
825 777 1022 832 ἐαυτοῦ
1049 778 1110 830 οὐ
1149 777 1452 849 προήσεται
1481 795 1586 831 σοι.
1618 777 1683 831 El
1711 776 1823 848 γάρ
1863 776 1956 830 καὶ
2001 775 2070 847 σὴ

473 867 509 937 ἠ
543 862 776 934 κεφαλὴ,
805 861 923 916 ἀλλ’
953 860 1140 932 ἐτέρου
1181 861 1244 914 τὸ
1276 860 1487 933 κτῆμα·
1527 861 1623 914 καὶ
1657 859 1913 914 τοσοῦτον
1963 860 2072 930 άφο

474 951 714 1019 ἑστηκας
744 944 840 1000 τοῦ
871 945 1061 1017 κύριος
1097 941 1260 1008 εἶναι,
1288 945 1370 998 ὅτι
1405 943 1529 998 οὐδέ
1550 944 1624 998 τὸ
1663 943 1884 998 πάντων
1910 942 2072 1014 ἐσχα-

471 1046 565 1084 τον
593 1028 936 1101 ἐργάσασθαι
976 1028 1035 1080 ἐν
1077 1029 1215 1099 αὐτῇ
1269 1025 1498 1099 δυνήσῃ.
1535 1029 1610 1081 οὐ
1641 1027 1751 1099 γὰρ
1788 1021 1965 1091 εἶπεν,
1995 1026 2071 1080 Οὐ

472 1115 702 1169 δύνασαι
729 1112 1034 1181 ἐξενεγκεῖν
1067 1111 1252 1184 τρίχα·
1299 1110 1440 1177 ἀλλ’,
1471 1110 1606 1165 (δύδέ
1644 1109 1871 1175 ἀλλάξαι
1901 1109 2074 1178 αὐτῆς

473 1199 574 1270 τὴν
607 1196 891 1268 ποιότητα.
947 1196 1013 1250 Τί
1059 1192 1174 1260 οὖν,
1204 1195 1272 1250 ἂν
1301 1197 1508 1267 ἀπαιτῇ
1556 1211 1644 1259 τις
1675 1196 1862 1266 ὅρκον,
1915 1194 2070 1265 φησὶ,

475 1283 572 1337 καὶ
595 1281 844 1351 ἀνάγκην
873 1279 1090 1353 ἐπάγῃ;
1120 1281 1179 1332 Ὀ
1209 1278 1304 1334 τοῦ
1327 1279 1464 1334 Θεοῦ
1501 1279 1666 1350 φόϐος
1692 1279 1794 1350 τῆς
1824 1277 2074 1349 ἀνάγκης

411 1397 417 1406 -
475 1365 618 1419 ἐπω
642 1363 912 1419 δυνατώτε
922 1381 1030 1436 ρος.
1068 1362 1223 1417 Ἐπεὶ
1248 1365 1299 1416 εί
1323 1363 1538 1436 μέλλοις
1560 1360 1818 1427 τοιαύτας
1837 1361 2075 1434 προϐάλ-

476 1451 665 1504 λεσθαι
693 1450 1020 1522 προφάσεις,
1044 1447 1196 1502 οὐδὲν
1222 1449 1478 1519 φυλάξεις
1504 1449 1614 1503 τῶν
1647 1447 2071 1520 ἐπιταχθέντων.

478 1535 592 1589 Kal
621 1534 732 1608 γὰρ
767 1534 862 1588 καὶ
903 1533 998 1586 ἐπὶ
1026 1532 1128 1604 τῆς
1169 1532 1428 1601 γυναικὸς
1479 1533 1626 1602 ἐρεῖς
1651 1548 1665 1562 ·
1704 1531 1771 1584 Τί
1811 1527 1927 1596 οὗν,
1979 1531 2074 1586 ἐὰν

481 1617 722 1690 μάχιμος
751 1614 786 1691 ᾗ
813 1617 909 1672 καὶ
937 1617 1258 1688 δαπανηρά;
1283 1616 1395 1672 Kal
1421 1616 1517 1671 ἐπὶ
1541 1615 1637 1670 τοῦ
1668 1614 1950 1687 ὀφθαλμοῦ
1975 1614 2072 1670 τοῦ

477 1697 674 1769 δεξιοῦ·
708 1701 774 1754 Τί
803 1696 917 1763 οὖν,
953 1700 1048 1754 ἐὰν
1079 1699 1220 1770 φιλῶ
1264 1701 1311 1732 ’⁸
1348 1699 1532 1767 αὐτὸν,
1581 1698 1678 1754 καὶ
1705 1698 2072 1770 διακαίωμαι;

477 1785 592 1839 Kal
624 1784 719 1838 ἐπὶ
754 1781 860 1854 τῆς
893 1783 1068 1854 ὅψεως
1093 1784 1194 1855 τῆς
1236 1783 1561 1838 ἀκολάστου·
1593 1783 1660 1837 Τί
1703 1779 1820 1851 οὖν,
1862 1782 1958 1837 ἐὰν
1997 1782 2075 1855 μὴ

480 1870 728 1941 δύνωμαι
761 1869 834 1940 μὴ
868 1869 1003 1940 ὁρᾷν
1029 1869 1111 1934 ¹⁷;
1137 1867 1252 1923 -Καὶ
1279 1868 1371 1922 ἐπὶ
1405 1869 1502 1940 τῆς
1533 1867 1672 1940 πρὸς
1707 1867 1801 1922 τὸν
1840 1866 2072 1936 ἀδελφὺν

477 1954 670 2028 ὀργῆς·
698 1951 776 2006 ¹Τί
821 1947 936 2017 οὖν,
986 1949 1083 2005 ἐὰν
1129 1951 1412 2024 προπετὴς
1460 1945 1528 2015 ὦ,
1569 1951 1665 2005 καὶ
1704 1951 1779 2022 μὴ
1830 1949 2075 2022 δύνωμαι

478 2039 727 2109 γλώττης
755 2041 976 2109 κρατεῖν
992 2055 1010 2105 ;
1042 2038 1137 2091 καὶ
1163 2039 1340 2093 πάντα
1369 2037 1558 2102 ἁπλῶς
1591 2038 1735 2091 οὕτω
1759 2037 2076 2109 καταπατή-

480 2140 598 2188 σεις
624 2121 693 2176 τὰ
721 2120 1012 2194 εἰρημένα.
1048 2121 1310 2191 Καίτοιγε
1353 2121 1449 2175 ἐπὶ
1492 2120 1603 2174 τῶν
1633 2118 1815 2191 νόμων
1847 2120 1956 2174 τῶν
1986 2120 2074 2175 ἁν-

479 2207 768 2280 θρωπίνων
824 2205 1065 2278 οὐδαμοῦ
1119 2205 1279 2260 τοῦτο
1327 2205 1534 2277 τολμᾷς
1581 2203 1952 2276 προϐαλέσθαι
2002 2204 2071 2269 ³⁸,

476 2290 600 2346 οὐδὲ
629 2290 825 2345 εἰπεῖν·
866 2290 933 2344 Τί
978 2286 1092 2354 οὗν,
1129 2290 1226 2345 ἐὰν
1267 2289 1329 2343 τὺ
1370 2289 1469 2344 καὶ
1517 2288 1610 2354 τό;
1645 2286 1906 2342 ἀλλὰκαὶ
1931 2288 2074 2342 ἑκὼν

479 2377 573 2431 καὶ
599 2375 749 2430 άκων
775 2375 1050 2448 καταδέχῃ
1079 2375 1149 2430 τά
1175 2373 1562 2445 γεγραμμένα.
1590 2372 1802 2438 Ἀλλως
1837 2372 1918 2440 δὲ,
1950 2373 2074 2427 οὐδέ

478 2461 729 2531 ἀνάγκην
759 2459 1042 2532 ὑποστήσῃ
1072 2460 1223 2514 ποτέ.
1259 2459 1318 2513 '0
1343 2458 1454 2530 γὰρ
1485 2456 1598 2511 τῶν
1627 2456 1940 2529 ἔμπροσθεν
1970 2475 2073 2529 μα-

478 2543 769 2616 καρισμῶν
797 2542 1062 2607 ἀκούσας,
1107 2544 1201 2598 καὶ
1235 2543 1479 2598 τοιοῦτον
1502 2541 1692 2598 ἐαυτὸν
1719 2541 2074 2613 παρασκευάς

481 2644 604 2692 σας,
629 2621 741 2680 οἷον
768 2626 1033 2692 ἐπέταξεν
1063 2627 1093 2681 6
1125 2626 1384 2698 Χριστὸς,
1414 2625 1674 2697 οὐδεμίαν
1707 2626 1837 2696 παρ’
1861 2624 2074 2690 οὐδενὸς

480 2711 853 2782 ύποστήσεται
878 2709 1136 2779 τοιαύτην
1168 2710 1437 2780 άνάγοιην,
1481 2709 1761 2780 αἰδέσιμος
1796 2709 1876 2763 ὢν
1920 2708 2073 2780 παρά

479 2793 618 2859 πᾶσι
663 2794 759 2847 καὶ
800 2793 1029 2865 σεμνός.
1061 2793 1253 2846 Ἔστω
1289 2791 1535 2861 δὲξὺμῖν
1579 2794 1625 2827 ’³
1681 2793 1748 2847 τὸ
1794 2793 1915 2858 ναὶ,
1949 2793 2071 2859 ναὶ,

478 2877 675 2932 καὶτὸ
719 2875 813 2939 οὒ,
860 2877 954 2931 οὔ·
1002 2876 1070 2930 τὸ
1119 2874 1188 2928 δὲ
1240 2876 1540 2944 περισσὸν
1579 2876 1809 2930 τούτων
1848 2877 1918 2931 ἐκ
1966 2877 2073 2932 τοῦ

480 2961 752 3030 πονηροῦ
780 2960 929 3017 ἐστι.
960 2961 1026 3013 Τί
1053 2954 1145 3014 οῦν
1173 2961 1290 3013 ἐστι
1326 2959 1386 3013 τὸ
1425 2959 1684 3031 περισσὸν
1723 2961 1819 3014 τοῦ
1849 2959 1948 3015 ναὶ
1978 2960 2076 3015 καὶ

477 3044 572 3099 τοῦ
605 3045 716 3112 οὕ;
750 3045 808 3099 ’0
835 3047 1017 3118 ὅρκος,
1065 3045 1127 3098 οὐ
1158 3044 1218 3098 τὸ
1257 3045 1554 3117 ἐπιορκεῖν.
1594 3045 1800 3098 Ἐκεῖνο
1843 3044 1952 3114 γὰρ
1979 3045 2076 3099 καὶ

477 3129 905 3200 ὡμολογημένον
931 3129 1070 3195 ἐστὶ,
1098 3127 1194 3182 καὶ
1221 3127 1396 3192 οὐδεὶς
1433 3127 1607 3182 δεῖται
1649 3128 1864 3200 μαθεῖν,
1887 3130 1970 3182 δτι
2009 3130 2075 3182 ἐκ

483 3213 581 3268 τοῦ
621 3212 864 3285 πονηροῦ
909 3213 1048 3275 ἐστι,
1087 3212 1183 3265 καὶ
1217 3212 1278 3265 οὐ
1317 3212 1595 3283 περιττὸν,
1641 3213 1757 3266 ἀλλ’
1792 3212 2072 3267 ἐναντίον·

475 3298 538 3351 τὸ
560 3298 617 3351 δὲ
649 3297 924 3368 περιττὸν,
959 3297 1021 3349 τὸ
1057 3295 1219 3350 πλέον
1242 3295 1338 3349 καὶ
1359 3297 1428 3349 ἐκ
1453 3296 1775 3367 περιουσίας
1814 3295 2067 3368 προσκείο

485 3401 668 3454 μενον,
704 3383 842 3453 ὅπερ
883 3383 1031 3435 ἐστὶν
1070 3382 1099 3434 6
1142 3381 1321 3454 ὅρκος.
1367 3380 1434 3433 Τί
1463 3375 1588 3446 οὖν,
1639 3380 1827 3452 φησὶν,
1863 3383 1929 3435 ἐκ
1973 3379 2073 3434 τοῦ

479 3465 722 3538 πονηροῦ
741 3460 816 3537 ἦν
842 3465 886 3497 ³⁸
913 3484 926 3523 ;
963 3465 1058 3519 καὶ
1083 3465 1133 3518 εί
1163 3465 1228 3518 ἐκ
1254 3463 1349 3517 τοῦ
1395 3463 1635 3538 πονηροῦ
1661 3460 1751 3536 ἦν,
1774 3465 1892 3530 πῶς
1911 3465 2076 3536 νόμος

477 3544 581 3620 ἦν;
612 3548 686 3602 Τὸ
716 3548 848 3602 αὐτὸ
878 3547 946 3620 δὴ
980 3547 1140 3602 τοῦτο
1173 3547 1269 3601 καὶ
1300 3547 1431 3618 περὶ
1461 3547 1563 3617 τῆς
1593 3547 1855 3616 γυναικὸς
1893 3549 2070 3620 ἐρεῖς·

479 3632 598 3696 πῶς
632 3631 846 3703 μοιχεία
875 3631 970 3684 νῦν
1002 3631 1316 3702 νενόμισται
1344 3629 1405 3682 τὸ
1443 3631 1708 3702 πρότερον
1741 3632 2076 3702 ἐπιτετραμ-

483 3717 678 3786 μένονς
711 3715 777 3768 Τί
822 3710 915 3768 οὖν
953 3713 1091 3785 πρὸς
1138 3713 1315 3768 ταῦτα
1357 3713 1505 3767 ἐστιν
1554 3715 1762 3780 είπεῖν;
1805 3712 1932 3770 ’Ὀτι
1971 3714 2076 3784 τῆς

479 3798 764 3860 ἀσθενείας
782 3797 891 3850 τῶν
919 3797 1224 3868 δεχομένων
1252 3798 1378 3861 τοὺς
1399 3798 1596 3868 νόμους
1621 3794 1691 3870 ἦν
1709 3799 1778 3853 τά
1803 3799 2074 3870 λεγόμενα

478 3882 602 3935 τότε
624 3899 638 3912 ·
673 3881 796 3934 ἐπεὶ
825 3881 1002 3934 καὶτὸ
1041 3881 1235 3952 κνίσσῃ
1265 3881 1667 3953 θεραπεύεσθαι
1708 3882 1914 3956 σφόδρα
1943 3882 2075 3936 ἀνά-

482 3967 592 4032 ξιον
622 3963 781 4028 Θεοῦ,
823 3963 1013 4035 ὥσπερ
1040 3963 1134 4018 καὶ
1179 3963 1242 4016 τὸ
1280 3963 1554 4033 ψελλίζειν
1596 3964 1815 4032 ἀνάξιον
1855 3964 2074 4036 φιλοσό-

480 4068 606 4118 φου,
642 4048 874 4120 Μοιχεία
900 4048 1082 4102 τοίνυν
1117 4046 1379 4118 ἐνομίσθη
1427 4047 1522 4100 νῦν
1561 4047 1623 4100 τὸ
1666 4048 1928 4114 τοιοῦτον,
1977 4050 2074 4104 καὶ

479 4135 547 4187 ἐκ
569 4132 664 4187 τοῦ
691 4129 935 4204 πονηροῦ
967 4128 1028 4184 τὸ
1053 4127 1305 4202 όμνῦναι,
1332 4129 1423 4182 ὅτε
1446 4130 1690 4185 ἐπέδωκε
1715 4131 1783 4185 τά
1817 4132 1916 4203 τῆς
1942 4133 2072 4203 ἀρε-

478 4217 602 4288 τῆς.
638 4218 703 4270 Εἰ
731 4216 788 4270 δὲ
816 4213 1068 4270 διαϐόλου
1100 4214 1274 4268 ταῦτα
1313 4213 1372 4281 ἐξ
1403 4215 1578 4286 ἀρχῆς
1600 4210 1742 4286 ἦσαν
1762 4217 1940 4288 νόμοι,
1970 4219 2074 4272 οὐκ

480 4301 548 4356 ἂν
574 4299 827 4353 τοσοῦτον
862 4299 906 4330 ³⁸
942 4297 1338 4369 κατώρθωσαν.
1386 4300 1496 4352 Καὶ
1526 4299 1636 4370 γάρ
1681 4301 1730 4352 εἰ
1775 4299 1850 4372 μὴ
1887 4301 2073 4356 ἐκεῖνα

479 4383 700 4456 πρῶτον
729 4381 1096 4456 προέδραμεν,
1146 4383 1249 4436 οὐκ
1283 4382 1348 4436 ἂν
1392 4381 1567 4446 οὕτως
1613 4382 1850 4446 εὐκόλως
1875 4383 2071 4455 ἐδέχθη

477 4470 547 4524 τὰ
572 4467 687 4523 νῦν.
718 4469 810 4539 Μὴ
851 4469 1028 4522 τοίνυν
1067 4467 1248 4521 αὐτῶν
1274 4467 1493 4522 ἀταίτει
1522 4465 1621 4537 τὴν
1645 4467 1848 4539 ἀρετὴν
1882 4466 1979 4522 νῦν
2001 4469 2070 4534 ³²,

478 4553 568 4606 ὅτε
606 4551 882 4623 παρῆλθεν
917 4551 1097 4605 αὐτῶν
1130 4553 1163 4623 ἡ
1198 4567 1377 4621 χρεια·
1414 4549 1552 4604 ἀλλά
1578 4550 1722 4616 τότε,
1758 4551 1848 4605 ὅτε
1881 4552 1910 4604 ὁ
1944 4568 2071 4606 και-

483 4637 574 4707 ρὸς
607 4636 748 4689 αὐτὰ
777 4634 929 4707 [9.50]
961 4635 1167 4687 ἐκάλει·
1209 4634 1408 4704 μᾶλλον
1436 4633 1515 4700 δὲ,
1542 4634 1590 4687 εί
1609 4633 1815 4704 βούλει,
1838 4636 1932 4690 καὶ
1951 4635 2067 4690 νῦν.

477 4721 589 4773 Καὶ
617 4719 728 4790 γὰρ
769 4719 864 4770 καὶ
901 4717 997 4770 νῦν
1040 4719 1074 4789 ἡ
1117 4716 1288 4788 ἀρετὴ
1326 4715 1508 4770 αὐτῶν
1556 4717 1848 4786 δείκνυται,
1896 4718 1942 4750 ³³
1973 4721 2070 4773 καὶ

476 4802 545 4857 δι’
568 4802 700 4855 αὐτὸ
724 4799 883 4853 τοῦτο
916 4800 1169 4871 μάλιστα,
1199 4801 1267 4854 δι’
1295 4800 1324 4853 6
1351 4800 1482 4872 παρ’
1513 4801 1670 4872 ἡμῶν
1701 4801 2067 4860 διαϐάλλεται.

475 4885 551 4939 Τὸ
577 4887 688 4956 γὰρ
705 4884 932 4938 τοιαῦτα
955 4884 1094 4938 αὐτὰ
1119 4883 1408 4956 φαίνεσθαι
1439 4882 1555 4950 νῦν,
1585 4885 1862 4955 ἐγκώμιον
1888 4886 2069 4940 αὐτῶν

447 5007 453 5009 λι
478 4969 738 5040 μέγιστόν
770 4971 935 5024 ἐστιν.
981 4969 1044 5022 Εἰ
1073 4968 1183 5038 γὰρ
1217 4969 1292 5040 μὴ
1321 4967 1504 5032 καλῶς
1531 4970 1683 5040 ἡμᾶς
1721 4969 1938 5042 ἔθρεψε,
1972 4971 2070 5026 καὶ

476 5054 616 5124 πρὸς
642 5053 742 5123 τὴν
774 5053 884 5105 τῶν
923 5053 1188 5123 μειζόνων
1216 5051 1484 5124 ὑποδοχὴν
1507 5052 1846 5123 ἐπιτηδείους
1877 5053 2068 5124 ἐποίη-

441 5128 589 5202 ίσεν,
616 5139 717 5192 οὐκ
741 5137 807 5191 ἂν
839 5138 1012 5208 ἐφάνη
1037 5137 1506 5210 τοιαῦτα.⁶Ὠσπερ
1528 5133 1623 5191 οὖν
1639 5139 1666 5190 6
1693 5136 1915 5208 μαστὸς,
1938 5139 2068 5192 ὅταν

461 5223 534 5324 ῖτὸ
573 5221 740 5276 αὐτοῦ
796 5221 1060 5295 πληρώσῃ
1107 5224 1237 5285 πᾶν,
1293 5223 1390 5277 καὶ
1428 5223 1565 5293 πρὸς
1596 5222 1697 5293 τὴν
1729 5221 2068 5294 τελειοτέραν

475 5304 690 5324 -ῙΙῘᾼΡ
829 5305 852 5324 .\
920 5323 935 5324 κ
1006 5306 1050 5324 91
1307 5305 1459 5324 κογὶ
1565 5305 1617 5324 κγ
1694 5306 1707 5324 \
1801 5305 1822 5324 ν

453 5304 759 5385 έτράπεζαν
802 5305 864 5359 τὸ
897 5306 1114 5360 παιδίον
1145 5305 1519 5377 παραπέμπῃ,
1565 5305 1752 5360 λοιπὸν
1793 5305 2067 5377 ἄχρηστος

476 5387 750 5456 φαίνεται,
782 5390 877 5442 καὶ
914 5391 962 5442 oi
1003 5389 1270 5461 πρότερον
1294 5391 1594 5457 ἀναγκαῖον
1622 5389 1785 5443 αὐτὸν
1811 5386 1951 5443 εἶναι
1981 5406 2068 5442 vo-

477 5471 728 5543 μίζοντες
774 5474 854 5544 τῷ
905 5474 1104 5545 παιδίῳ
1134 5476 1332 5544 γονεῖς,
1379 5472 1595 5545 μυρίοις
1638 5473 1803 5528 αὐτὸν
1841 5473 2065 5528 διαϐάλ-

1163 247 1221 304 S.
1263 245 1553 306 JOANNIS
1589 198 2103 305 CHRYSOSTOMI'
2128 241 2452 303 ARCHIEP.
2491 239 3050 302 CONSTANTINOP.

3653 245 3774 303 262

2168 355 2322 410 λουσι
2353 354 2673 427 σκώμμασι·
2697 354 2887 408 πολλοὶ
2912 355 2970 409 δέ
2993 354 3116 410 οὐδὲ
3144 355 3388 428 ῥήμασιν
3406 355 3574 412 αὐτὸν
3602 359 3779 430 μόνον

2168 438 2571 504 διαϐάλλουσιν,
2610 437 2749 493 ἀλλὰ
2791 440 2888 493 καὶ
2935 441 3155 512 πικροῖς
3197 441 3507 515 ἐπιχρίουσι
3549 443 3597 476 ³⁸
3629 463 3781 517 φαρ-

2173 523 2392 594 μάκοις,
2421 523 2487 577 ἵν’
2513 525 2645 577 ὅταν
2694 523 2772 595 μὴ
2807 523 3002 596 ἰσχύσῃ
3028 525 3098 579 τά
3126 526 3351 596 ῥήματα
3395 525 3495 598 τὴν
3536 528 3782 600 ἄκαιρον

2171 607 2302 679 περὶ
2329 606 2494 661 αὐτὸν
2525 606 2766 662 διάθεσιν
2818 606 3030 661 ἀνελεῖν
3063 607 3160 661 τοῦ
3209 608 3452 676 παιδίου,
3484 610 3556 664 τὰ
3586 613 3780 684 πράγ-

2174 708 2322 764 ματα
2351 691 2522 763 σϐέσῃ
2551 690 2644 744 τὸν
2683 689 2872 745 πόθον.

2246 781 2321 840 ς’.
2342 775 2499 852 Οὕτω
2525 775 2620 829 καὶ
2634 775 2663 828 6
2685 774 2923 846 Χριστὸς
2938 776 3004 829 ἐκ
3035 777 3131 832 τοῦ
3152 775 3391 850 πονηροῦ
3412 777 3554 832 αὐτὰ
3567 779 3782 850 ἔφησεν

2173 855 2337 924 εἶναι,
2365 859 2464 930 οὐχ
2491 859 2578 914 ἵνα
2603 858 2751 932 δείξῃ
2781 859 2876 914 τοῦ
2903 860 3152 916 διαϐόλου
3181 861 3283 933 τὴν
3313 862 3551 916 παλαιὰν
3577 860 3775 930 οὖσαν,

2173 941 2405 996 ἀλλ’ἵνα
2434 941 2575 1013 μετὰ
2615 943 2818 1014 πολλῆς
2845 943 2948 1015 τῆς
2998 944 3310 1018 ὑπερϐολῆς
3356 946 3622 1020 ἀπαγάγῃ
3669 949 3784 1017 τῆς

2173 1025 2416 1089 παλαιᾶς
2447 1025 2744 1088 εὐτελείας.
2782 1027 2893 1080 Καὶ
2935 1026 3075 1099 πρὸς
3110 1027 3210 1098 μὲν
3241 1029 3443 1094 αὐτοὺς
3483 1029 3661 1085 ταῦτα
3687 1030 3781 1084 λέ-

2175 1127 2284 1181 γει·
2319 1111 2413 1164 ἐπὶ
2453 1109 2511 1163 δέ
2551 1109 2663 1166 τῶν
2707 1111 3057 1182 ἀναισθήτων
3095 1112 3392 1180 Ἰουδαίων,
3441 1114 3538 1169 καὶ
3571 1115 3780 1184 ἐπιμε-

2174 1196 2377 1250 νόντων
2421 1197 2537 1259 τοῖς
2587 1196 2794 1260 αὐτοῖς,
2856 1195 3113 1270 καθάπερ
3163 1199 3362 1270 πικρίᾳ
3405 1199 3514 1254 τινὶ
3558 1200 3639 1271 τῷ
3672 1202 3782 1272 τῆς

2175 1278 2558 1350 αἰχμαλωσίας
2619 1278 2772 1351 φόϐῳ
2821 1280 2923 1352 τὴν
2960 1280 3120 1336 πόλιν
3168 1283 3513 1356 περιχρίσας,
3569 1285 3783 1341 ἄϐατον

2175 1364 2450 1435 ἐποίησεν.
2491 1364 2710 1437 Ἐπειδὴ
2741 1365 2800 1418 δέ
2831 1365 2954 1420 οὐδὲ
2983 1365 3144 1420 τοῦτο
3173 1367 3392 1439 ἴσχυσεν
3420 1369 3619 1432 αὐτοὺς
3645 1383 3784 1423 κατ-

2177 1445 2342 1515 ἐχειν,
2364 1443 2501 1498 ἀλλὰ
2517 1443 2681 1498 πάλιν
2711 1444 2884 1517 αὐτὴν
2905 1445 3215 1516 ἐπεθύμουν
3247 1446 3397 1512 ίδεῖν,
3421 1445 3616 1520 ὥσπερ
3634 1464 3781 1503 παι-

2176 1529 2290 1582 δίον
2333 1527 2428 1581 ἐπὶ
2472 1527 2572 1600 τὴν
2633 1527 2804 1600 θηλὴν
2855 1529 3308 1601 κατατρέχοντες,
3357 1531 3542 1586 τέλεον
3599 1533 3782 1605 αὐτὴν

2176 1611 2484 1682 ἀπέκρυψε,
2542 1611 2785 1666 καθελών
2831 1629 2892 1666 τε
2948 1613 3145 1685 αὐτὴν,
3198 1617 3298 1669 καὶ
3339 1616 3466 1680 τοὺς
3516 1617 3783 1682 πλείονας

2177 1696 2369 1768 πόρρω
2407 1695 2614 1768 ταύτης
2664 1696 2992 1768 ἀπαγαγών·
3041 1698 3299 1772 καθάπερ
3338 1701 3434 1755 ἐπὶ
3472 1701 3582 1755 τῶν
3631 1703 3782 1774 βοῶν

2178 1780 2364 1835 πολλοὶ⁵
2408 1781 2509 1846 τάς
2545 1781 2809 1854 δαμάλεις
2848 1781 3258 1850 ἀποκλείοντες,
3301 1784 3382 1856 τῷ
3434 1786 3614 1858 χρόνῳ
3650 1788 3782 1842 πεί-

2176 1863 2362 1933 θουσιν
2406 1865 2716 1937 ἀποστῆναι
2759 1865 2862 1938 τῆς
2910 1867 3152 1932 παλαιᾶς
3196 1867 3292 1922 τοῦ
3337 1868 3612 1939 γάλακτος
3641 1889 3780 1925 συν-

2175 1947 2385 2018 ηθείας.
2418 1949 2484 2003 Ei
2518 1948 2575 2003 δέ
2605 1948 2702 2003 τοῦ
2737 1947 2989 2004 διαϐόλου
3017 1945 3086 2021 ἦν
3115 1951 3148 2021 ἡ
3178 1951 3415 2018 Παλαιὰ,
3448 1953 3548 2008 οὐκ
3580 1955 3647 2008 ἂν
3673 1955 3781 2025 τῆς

2175 2032 2623 2105 είδωλολατρείας
2669 2032 2983 2105 ἀπήγαγεν,
3027 2033 3165 2089 ἀλλά
3213 2036 3532 2092 τούναντίον
3576 2038 3781 2108 ἐνῆγεν

2173 2115 2242 2170 ἂν
2272 2117 2352 2180 είς
2381 2115 2551 2188 αὐτὴν
2583 2115 2679 2170 καὶ
2715 2115 2968 2171 ἐνέϐαλλε
3001 2117 3046 2151 ³³
3065 2133 3079 2149 ·
3124 2116 3285 2172 τοῦτο
3315 2120 3426 2191 γάρ
3457 2122 3487 2175 ό
3517 2120 3782 2186 διάϐολος

2174 2198 2355 2270 ἤθελε.
2387 2198 2502 2253 Νῦν
2544 2199 2602 2252 δέ
2639 2199 2956 2255 τούναντίον
2987 2201 3206 2273 ὁρῶμεν
3242 2203 3350 2257 ὑπὸ
3396 2207 3499 2274 τῆς
3529 2205 3780 2272 Παλαιᾶς

2173 2282 2479 2354 γινόμενον.
2509 2283 2621 2337 Kal
2675 2282 2810 2338 αὐτὸ
2846 2283 2904 2337 δὲ
2943 2284 3124 2348 τοῦτο,
3155 2287 3185 2340 ό
3231 2286 3414 2358 ὅρκος,
3445 2288 3509 2342 τὸ
3541 2290 3781 2344 παλαιὸν

2173 2365 2263 2419 διὰ
2295 2365 2454 2420 τοῦτο
2503 2365 2893 2438 ἐνομοθετήθη,
2937 2367 3026 2421 ἵνα
3069 2367 3143 2440 μὴ
3193 2369 3336 2424 κατά
3379 2372 3490 2426 τῶν
3534 2373 3779 2427 εἰδώλων

2173 2448 2469 2520 ὀμνύωσιν.
2505 2447 2768 2518 Ὀμεῖσθε
2797 2450 2929 2520 γὰρ,
2969 2451 3130 2522 φησὶ,
3163 2451 3274 2506 τὸν
3301 2455 3452 2508 Θεὸν
3478 2455 3588 2509 τόν
3615 2457 3777 2522 ἁλη-

2174 2533 2364 2587 θινόν.
2411 2532 2486 2586 Οὐ
2539 2531 2721 2587 τοίνυν
2757 2535 2932 2604 μικρὰ
2968 2534 3333 2607 κατώρθωσεν
3361 2539 3390 2592 ό
3421 2538 3606 2610 νόμος,
3631 2541 3780 2595 ἀλλὰ

2175 2618 2271 2672 καὶ
2296 2618 2502 2689 σφόδρα
2533 2617 2764 2689 μεγάλα.
2798 2618 2872 2672 Τὸ
2901 2619 3012 2692 γὰρ
3043 2620 3137 2674 ἐπὶ
3177 2620 3276 2693 τὴν
3307 2623 3539 2696 στερεὰν
3571 2626 3780 2690 αὐτοὺς

2174 2701 2382 2774 τροφὴν
2425 2701 2621 2766 ἐλθεῖν,
2660 2701 2762 2771 τῆς
2805 2702 3016 2756 ἐκείνου
3053 2705 3292 2776 σπουδῆς
3335 2706 3558 2775 γέγονεν
3587 2709 3776 2780 ἔργον.

2177 2783 2243 2839 Τί
2275 2780 2403 2851 οῦν;
2435 2785 2557 2858 οὐχί
2587 2785 2683 2839 τοῦ
2715 2786 2987 2859 Πονηροῦ,
3020 2790 3207 2859 φησὶν,
3246 2789 3364 2843 ἐστὶ
3393 2790 3458 2844 τὸ
3497 2792 3776 2862 ὀμνύναι;

2177 2871 2291 2925 Kal
2321 2870 2529 2941 σφόδρα
2583 2869 2684 2941 μὲν
2716 2865 2811 2924 οῦν
2851 2869 2946 2924 τοῦ
3003 2872 3242 2944 πονηροῦ
3263 2889 3278 2902 ·
3322 2873 3458 2928 ἀλλὰ
3484 2875 3602 2943 νῦν,
3633 2879 3782 2947 μετά

2177 2952 2278 3025 τὴν
2305 2953 2579 3026 τοσαύτην
2608 2953 2951 3024 φιλοσοφίαν,
2981 2956 3105 3010 τότε
3132 2956 3190 3010 δὲ
3217 2956 3302 3011 οὐ.
3341 2957 3446 3012 Καὶ
3476 2961 3591 3024 πῶς
3619 2961 3690 3014 ἂν
3716 2963 3780 3014 τὸ

2178 3035 2312 3091 αὐτὸ
2337 3037 2569 3105 γένοιτο,
2597 3035 2752 3108 φησὶ,
2784 3037 2880 3090 νῦν
2909 3037 3010 3109 μὲν
3044 3039 3230 3106 καλὸν,
3265 3040 3361 3094 νῦν
3392 3040 3450 3095 δέ
3478 3045 3538 3096 οὐ
3572 3042 3776 3110 καλόνς

2191 3119 2333 3189 Ἐγὼ
2353 3120 2415 3175 δὲ
2440 3120 2755 3174 τούναντίον
2777 3119 2941 3190 λέγω·
2975 3122 3094 3185 πῶς
3121 3122 3179 3174 δὲ
3209 3123 3311 3178 οὐκ
3332 3124 3400 3179 ἃν
3431 3126 3640 3194 γένοιτο
3677 3146 3781 3182 κα-

2176 3200 2267 3256 λὸν
2316 3205 2413 3257 καὶ
2459 3203 2520 3256 οὐ
2565 3203 2751 3268 καλὸν,
2778 3204 2887 3258 τῶν
2928 3206 3275 3277 πραγμάτων
3323 3209 3579 3264 ἁπάντων
3632 3213 3781 3266 αὐτὰ

2179 3285 2450 3356 βοώντων,
2475 3286 2587 3342 τῶν
2605 3287 2834 3360 τεχνῶν,
2857 3289 2967 3343 τῶν
2992 3291 3242 3362 καρπῶν,
3271 3293 3380 3348 τῶν
3403 3295 3578 3349 ἄλλων
3600 3296 3782 3351 ἀπάν-

2175 3387 2318 3436 των;
2345 3372 2488 3443 Ὅρα
2516 3371 2649 3440 γοῦν
2681 3373 2775 3425 ἐπὶ
2803 3372 2904 3444 τῆς
2946 3375 3162 3442 φύσεως
3188 3375 3289 3448 τῆς
3332 3379 3609 3453 ἡμετέρας
3636 3381 3780 3434 αὐτὸ

2176 3457 2397 3528 πρῶτον
2430 3457 2751 3529 συμϐαῖνον.
2796 3459 2872 3512 T6
2906 3458 3018 3532 γὰρ
3065 3459 3430 3531 βαστάζεσθαι
3475 3465 3534 3517 ἐν
3573 3465 3676 3536 μὲν
3707 3469 3777 3538 τῇ

2183 3540 2371 3614 πρώτῃ
2399 3542 2586 3615 ἡλικίᾳ
2617 3542 2804 3607 καλὸν,
2835 3543 2973 3614 μετὰ
2999 3544 3057 3598 δὲ
3086 3543 3260 3599 ταῦτα
3288 3545 3552 3619 ὀλέθριον·
3584 3547 3647 3602 τὸ
3685 3566 3781 3620 με·

2181 3625 2506 3698 μασημένην
2547 3624 2754 3698 τροφὴν
2800 3625 3024 3690 ἐσθίειν,
3063 3628 3122 3682 ἐν
3173 3629 3272 3701 μέν
3319 3630 3627 3703 προοιμίοις
3669 3633 3779 3704 τῆς

2177 3707 2324 3779 ζωῆς
2349 3710 2380 3780 ή
2390 3708 2507 3781 μῶν
2541 3709 2727 3776 καλὸν,
2766 3711 2907 3781 μετά
2936 3710 2993 3764 δὲ
3017 3711 3196 3767 ταῦτα
3231 3713 3563 3786 βδελυγμίας
3585 3715 3776 3787 γέμει·

2175 3791 2237 3845 τὸ
2260 3792 2826 3865 γαλακτοτροφεῖσθαι
2868 3795 2965 3848 καὶ
3003 3795 3140 3866 πρὸς
3186 3797 3289 3868 τὴν
3317 3796 3486 3870 θηλὴν
3525 3797 3775 3868 φεύγειν,

2175 3875 2236 3929 ἐν
2259 3876 2402 3949 ἀρχῇ
2450 3875 2550 3948 μὲν
2590 3878 2862 3950 χρήσιμον
2885 3877 2983 3932 καὶ
3013 3881 3304 3953 σωτήριον,
3348 3881 3497 3956 [251]
3533 3883 3673 3954 μετὰ
3716 3885 3778 3939 δέ

2174 3959 2351 4014 ταῦτα
2391 3957 2637 4033 ὀλέθριον
2687 3961 2785 4016 καὶ
2833 3961 3119 4035 βλαϐερόν.
3154 3965 3317 4038 Ὁρᾷς
3361 3967 3479 4032 πῶς
3513 3967 3584 4022 τὰ
3628 3969 3776 4024 αὐτὰ

2175 4044 2481 4116 πράγματα
2523 4045 2630 4099 ὑπὸ
2675 4045 2786 4099 τῶν
2822 4046 3034 4117 καιρῶν
3082 4047 3244 4113 καλὰ,
3295 4049 3390 4104 καὶ
3435 4051 3496 4105 οὐ
3542 4053 3774 4108 τοιαῦτα

2175 4127 2425 4197 φαίνεται
2453 4129 2653 4194 πάλιν;
2689 4129 2801 4184 Kal
2831 4129 2944 4201 γὰρ
2973 4129 3035 4184 τὸ
3062 4131 3278 4202 ἱμάτιον
3307 4136 3494 4205 φορεῖν
3517 4135 3775 4190 παιδικὸν

2178 4213 2450 4284 μειρακίῳ
2487 4214 2586 4284 μὲν
2625 4213 2742 4267 ὄντι
2783 4214 2968 4280 καλὸν,
2997 4216 3156 4286 ἀνδρὶ
3194 4217 3252 4270 δὲ
3284 4218 3565 4290 γενομένῳ
3600 4219 3774 4274 πάλιν

2173 4298 2422 4370 αἰσχρόν.
2459 4298 2650 4353 Βούλει
2693 4299 2790 4353 καὶ
2847 4299 2914 4353 ἐκ
2947 4299 3058 4354 τῶν
3094 4301 3355 4357 ἐναντίων
3402 4303 3616 4373 μαθεῖν,
3647 4304 3774 4369 πῶς

2172 4382 2252 4453 τῷ
2285 4384 2440 4437 παιδὶ
2466 4383 2534 4438 τά
2561 4382 2656 4438 τοῦ
2701 4384 2898 4454 ἀνδρὸς
2947 4384 3273 4458 ἀνάρμοστα
3318 4387 3512 4455 πάλιν;
3560 4389 3660 4454 Δὸς
3688 4391 3774 4461 τῷ

2173 4465 2328 4520 παιδὶ
2359 4466 2574 4535 ἱμάτιον
2607 4465 2882 4538 ἀνδρικὸν,
2908 4469 3004 4523 καὶ
3029 4469 3200 4534 πολὺς
3226 4470 3379 4526 ἔσται
3403 4473 3432 4526 ό
3455 4471 3648 4541 γέλως,
3673 4475 3772 4528 καὶ

2176 4549 2380 4620 μείζων
2407 4551 2435 4601 6
2473 4550 2739 4616 κίνδυνος,
2771 4553 2830 4608 ἐν
2867 4553 2948 4624 τῷ
2989 4553 3228 4624 βαδίζειν
3259 4555 3403 4611 οὕτω
3434 4574 3772 4628 περιτρεπο-

2176 4633 2338 4702 μένου
2366 4633 2647 4698 πολλάκις.
2671 4637 2770 4700 Δὸς
2808 4637 2959 4708 αὐτῷ
3005 4640 3413 4711 μεταχειρίζειν
3461 4641 3770 4714 πράγματα

2171 4716 2447 4783 πολιτικὰ,
2473 4719 2570 4772 καὶ
2598 4719 3027 4791 ἐμπορεύεσθαι,
3061 4725 3158 4778 καὶ
3185 4724 3458 4797 σπείρειν,
3488 4726 3585 4778 καὶ
3619 4727 3772 4797 ἀμᾶ-

2175 4800 2319 4866 σθαι,
2353 4803 2449 4855 κα).
2488 4802 2652 4857 πάλιν
2683 4803 2854 4869 πολὺς
2901 4805 3056 4860 ἔσται
3089 4807 3118 4859 6
3167 4807 3361 4873 γέλως.
3402 4810 3514 4862 Kal
3539 4810 3590 4864 τί
3620 4811 3771 4880 λέγω

2170 4883 2374 4950 ταῦτα;
2419 4886 2480 4938 '0
2510 4886 2619 4956 γὰρ
2666 4887 2827 4955 φόνος
2871 4889 2900 4941 6
2951 4888 3104 4961 παρὰ
3143 4892 3310 4945 πᾶσιν
3342 4891 3769 4964 ὡμολογημένος

2170 4969 2381 5041 εὕρεμα
2411 4966 2550 5047 εἶναι
2577 4969 2672 5024 τοῦ
2697 4972 2958 5045 πονηροῦ,
2985 4968 3140 5038 οὗτος
3160 4975 3552 5047 ἐπιλαϐόμενος
3571 4978 3766 5050 καιροῦ

2168 5055 2264 5108 τοῦ
2295 5057 2683 5126 προσήκοντος,
2701 5055 2792 5109 τὸν
2814 5057 3191 5128 ἐργασάμενον
3220 5059 3386 5112 αὐτὸν
3413 5059 3597 5124 Φινεὲς
3616 5060 3768 5133 ίερω·

2171 5137 2306 5210 σύνῃ
2339 5137 2641 5209 τιμηθῆναι
2688 5139 2964 5211 ἐποίησεν.
2991 5142 3115 5195 ’Ὁτι
3167 5142 3277 5213 γὰρ
3323 5143 3352 5196 6
3401 5143 3560 5212 φόνος
3602 5143 3767 5216 ἔργον

2169 5224 2401 5284 ἐκείνου,
2439 5222 2672 5276 ἄκουσον
2693 5225 2747 5276 τί
2781 5241 2965 5294 φησιν·
3011 5225 3200 5296 Ὑμεῖς
3228 5227 3303 5281 τὰ
3340 5226 3489 5298 ἔργα
3514 5228 3624 5283 τοῦ
3653 5246 3766 5284 πα-

2170 5305 2308 5372 τρὸς
2338 5305 2505 5374 ὑμῶν
2533 5306 2737 5362 θέλετε
2763 5309 2981 5364 ποιεῖν·
3010 5309 3242 5377 ἐκεῖνος
3267 5311 3766 5380 ἀνθρωποκτόνος

2168 5385 2248 5458 ἦν
2278 5391 2379 5444 ἀπ’
2403 5389 2618 5460 ἀρχῆς.
2637 5390 2778 5444 Ἀλλ’
2800 5393 3017 5461 ἐγένετο
3037 5393 3485 5466 ἀνθρωποκτόνος
3503 5397 3534 5449 6
3551 5396 3763 5463 Φινεὲς,

2169 5473 2281 5529 Καὶ
2314 5475 2601 5544 ἐλογίσθη
2633 5475 2793 5542 αὐτῷ
2824 5479 2912 5543 εὶς
2934 5477 3354 5547 δικαιοσύνην,
3381 5479 3567 5550 φησίν.
3609 5479 3669 5535 '0
3703 5480 3762 5534 δὲ

545 5580 595 5612 ’⁸
618 5578 991 5664 φιλῷι-ὃίο-Ε.
1138 5577 1429 5664 _Ge.._Arn.t..
1451 5577 1616 5664 vulgo
1643 5577 1845 5664 apag...
1868 5577 2071 5664 ἐάνάφι

2198 5578 2773 5664 αὐτὸν,.δέδικα¹ίωμμι
2891 5579 3362 5664 (3.“¹⁷.Ει1ῥὶ)ξιιυ-1·
3383 5576 3573 5664 τςρῦχ,
3600 5583 3760 5664 διᾶνα-

478 5668 576 5774 μαι
614 5647 687 5722 μὴ
714 5647 882 5722 ὁρᾶν;
913 5651 1039 5705 Loci
1064 5647 1360 5732 integritas
1381 5647 1573 5705 iisdeni
1605 5647 1867 5704 subsidiis
1895 5649 2071 5704 (lebett

503 5722 688 5774 insuu.
735 5723 765 5774 6
792 5722 948 5774 λόγος
983 5721 1137 5774 ὐμων
1177 5720 1305 5774 Sav.
1338 5719 1473 5774 Ben.
1551 5720 1597 5752 ³ο
1631 5715 1722 5774 ἦν]
1750 5720 1868 5773 ἐστι
1909 5718 1968 5773 Β.
2005 5717 2065 5773 F.

2217 5647 2262 5680 ³⁸
2279 5647 2685 5720 προϐάλλεσθαι
2700 5651 2766 5704 Α.
2793 5651 2891 5719 Ερ.
2969 5654 3015 5684 ⁸⁸
3049 5651 3201 5724 ὑμῖν]
3233 5653 3388 5724 ὑμῶν
3423 5653 3483 5707 Β.
3512 5653 3576 5711 D.
3607 5653 3668 5708 F.
3701 5655 3755 5710 2.

2175 5735 2220 5774 ο.
2253 5715 2321 5774 ἦν
2350 5736 2461 5774 om.
2491 5721 2675 5774 iidem.
2785 5721 2825 5752 ³³
2853 5722 3098 5774 τοσοῦτοι
3128 5727 3192 5774 Α.
3240 5725 3301 5774 (2.
3336 5723 3667 5774 κατώρθωσε
3695 5725 3754 5774 Ι).

531 5715 688 5805 054ti
735 5715 948 5805 6‘167'3;
983 5721 1137 5805 ὑμῷγ
1176 5715 1305 5805 ξαν.
1333 5719 1488 5805 ξξιιηζ
1551 5715 1868 5805 ³⁰¹ῆν1ἐστι

2175 5735 2220 5790 p.
2253 5715 2337 5805 ἦν’
2350 5736 2461 5774 om.
2491 5721 2675 5805 iitiem:

2785 5721 2825 5752 ³³
2853 5721 3301 5797 τοσοῦτοιλΑΪ-ιῖ.
3336 5723 3667 5797 κατώρθωσε
3689 5725 3754 5797 il).

479 5789 875 5855 Mux'ét’axélw;
919 5789 1033 5846 om;
1075 5790 1136 5844 Β.
1175 5791 1236 5846 F.
1332 5792 1377 5823 ”
1428 5789 1524 5846 νῦν
1565 5789 1750 5845 addidi
1789 5806 1855 5845 ex
1888 5791 1954 5844 Α.
1989 5789 2053 5860 C.

2175 5789 2394 5860 ⁷ρεξότε
2444 5800 2568 5860 post
2601 5791 2724 5844 τότε
2756 5793 2955 5847 excidit
3001 5794 3054 5848 in
3098 5792 3160 5848 Ι).
3194 5792 3331 5849 Mor.
3365 5789 3507 5850 Ben:
3577 5795 3624 5827 ⁸³
3668 5796 3758 5852 Sic

479 5863 539 5936 ii.
578 5863 684 5936 [ιρις
713 5863 828 5928 ipso
879 5878 1082 5936 quoqtte
1101 5878 1204 5936 quq
1243 5863 1476 5936 maxime}
1517 5872 1802 5936 accasatuj
1843 5879 1876 5914 a
1907 5859 2058 5936 nobis

2175 5859 2207 5936 ε.
2243 5859 2416 5936 Vulgo
2444 5859 2645 5936 legitur
2671 5863 2765 5936 καὶ
2807 5863 2908 5936 διά
2932 5864 3090 5936 cgito
3116 5864 3372 5936 μάλιστα
3418 5866 3548 5936 παρ’
3575 5866 3756 5919 αὐτῶν

481 5931 843 5995 διαϐάλλεται,
878 5931 976 5989 nec
996 5931 1153 5988 aliter
1178 5934 1332 5989 Ann.
1363 5932 1468 5989 nisi
1491 5933 1637 6003 quod
1667 5931 1818 6002 ὑμῶν
1845 5947 1944 6002 pro
1974 5931 2071 5985 αὐτ

2184 5932 2364 5987 habet.
2441 5933 2484 5963 ³³
2516 5934 2855 6004 περιχρίουσι
2876 5933 2933 5986 Β.
2969 5933 3029 5987 F.
3108 5931 3151 5967 ³⁵
3173 5936 3390 5990 ἐνέϐαλε
3423 5931 3572 5990 ΑᾞΒ.
3611 5936 3751 5994 με.
