4050 6364
277 394 372 450 26f

279 507 409 563 illud
452 503 677 559 thronus
704 509 809 563 est,
854 496 969 552 hare
1003 493 1317 558 scabellum,
1358 490 1594 562 undique
1622 490 1768 561 ipsos
1803 488 1873 545 ad

284 599 566 656 Dominum
596 592 948 664 compellens.
980 588 1069 646 36.
1102 586 1279 656 Neque
1307 600 1397 655 per
1418 593 1571 653 caput
1598 591 1760 650 tuum,
1790 583 1876 638 in-

278 694 414 763 quit,
458 690 579 760 quia
604 703 708 741 non
744 694 885 756 potes
912 698 1073 737 unum
1087 679 1337 751 capillum
1375 676 1545 730 album
1573 678 1760 748 facere,
1786 682 1879 728 aut

278 785 500 855 nigrum.
545 780 756 835 Rursus
795 791 901 830 non
930 773 1201 828 hominem
1244 767 1538 832 admirans,
1565 765 1874 855 subjunxit,

279 854 452 943 neque
489 886 587 942 per
621 876 782 939 caput
813 866 930 936 ejus
962 878 1083 919 esse
1104 857 1413 931 jurandum,
1459 855 1693 926 alioquin
1732 854 1877 910 enim

278 967 391 1036 ipse
414 965 579 1018 homo
602 960 856 1016 adoratus
880 955 1100 1016 fuisset;
1122 950 1215 1007 sed
1231 949 1454 1021 gloriam
1480 948 1591 1003 Deo
1614 946 1873 1011 referens,

279 1055 668 1119 etostendens,
705 1060 759 1107 te
791 1066 860 1105 ne
897 1046 1111 1119 quidem
1141 1043 1214 1098 tui
1248 1041 1528 1097 dominum
1566 1053 1707 1104 esse,
1750 1052 1877 1107 ergo

284 1167 455 1221 neque
478 1150 907 1218 juramentorum
950 1156 1045 1210 per
1083 1144 1244 1207 caput
1266 1134 1606 1191 emissurum.
1649 1131 1705 1187 Si
1733 1130 1876 1185 enim

279 1256 437 1298 nemo
469 1241 633 1294 lilium
673 1250 827 1291 suum
857 1232 1012 1287 alteri
1050 1228 1274 1293 dederit,
1324 1225 1491 1281 multo
1528 1223 1705 1279 minus
1736 1222 1877 1277 Deus

278 1349 409 1403 opus
440 1344 599 1385 suum
642 1326 736 1382 tibi
763 1322 1043 1380 concedet.
1086 1319 1305 1375 Etiamsi
1334 1317 1480 1372 enim
1519 1324 1679 1385 caput
1728 1324 1874 1368 tuum

277 1428 368 1491 sit,
400 1423 501 1479 sed
530 1420 752 1475 alterius
786 1424 870 1473 est
910 1413 1177 1485 possessio
1211 1429 1225 1463 :
1258 1417 1569 1477 tantumque
1606 1408 1760 1461 abest
1806 1418 1876 1460 ne

278 1518 530 1573 dominus
557 1512 676 1581 ejus
719 1510 815 1575 sis,
855 1515 916 1562 ut
943 1521 1011 1561 ne
1054 1503 1335 1558 minimum
1362 1498 1577 1570 quidem
1609 1496 1781 1564 pessis
1822 1497 1875 1550 in

279 1611 372 1665 illo
400 1606 637 1677 operari.
666 1601 782 1656 Non
812 1599 956 1655 enim
974 1596 1127 1661 dixit,
1153 1594 1267 1649 Non
1291 1600 1441 1663 potes
1467 1588 1763 1661 producere
1786 1603 1878 1642 ca-

277 1702 499 1771 pillum;
547 1694 666 1758 sed,
716 1692 901 1761 Neque
948 1688 1065 1760 ejus
1110 1686 1420 1758 qualitatem
1459 1693 1687 1738 mutare.
1738 1679 1875 1749 Quid

279 1793 460 1862 igitur,
488 1788 532 1842 si
565 1787 705 1855 quis,
738 1783 968 1853 inquies,
995 1781 1356 1850 juramentum
1382 1775 1578 1845 exigat,
1612 1781 1667 1827 et
1692 1785 1877 1827 neces-

276 1885 492 1939 sitatem
518 1875 772 1934 inducat?
812 1873 905 1931 Dei
934 1872 1095 1927 timor
1135 1868 1454 1926 necessitate
1479 1867 1552 1921 sit
1586 1865 1874 1935 potentior.

277 1974 409 2029 Nam
450 1972 497 2027 si
527 1970 666 2026 velis
710 1962 1017 2035 hujusmodi
1043 1976 1232 2018 causas
1275 1958 1533 2029 objicere,
1578 1956 1780 2011 nullum
1811 1970 1879 2011 ex

278 2063 562 2136 praeceptis
608 2058 873 2116 servabis.
914 2055 1047 2111 Nam
1077 2064 1128 2109 et
1172 2052 1239 2107 de
1287 2066 1455 2106 uxore
1498 2048 1738 2104 dicturus
1774 2063 1877 2104 es:

277 2155 417 2225 Quid
446 2154 628 2224 igitur,
659 2151 703 2207 si
733 2148 962 2219 litigiosa
990 2155 1045 2201 et
1080 2153 1389 2214 sumptuosa
1418 2142 1525 2196 sit?
1555 2140 1624 2195 Et
1646 2140 1715 2195 de
1746 2154 1879 2195 ocu-

279 2250 332 2302 lo
351 2248 545 2302 dextro
578 2260 591 2296 :
621 2240 758 2309 Quid
780 2239 961 2310 igitur,
984 2234 1029 2290 si
1044 2233 1263 2304 diligam
1280 2246 1430 2292 eum,
1447 2239 1504 2287 et
1531 2227 1688 2285 urar?
1718 2228 1783 2283 Et
1811 2228 1881 2284 de

279 2338 555 2408 impudico
580 2342 798 2405 aspectu
825 2349 839 2385 :
872 2329 1011 2397 Quid
1040 2329 1220 2399 igitur,
1252 2340 1321 2380 an
1351 2338 1569 2395 possum
1592 2338 1698 2377 non
1724 2322 1874 2378 vide-

276 2432 375 2485 re?
404 2430 477 2483 Et
497 2427 568 2483 de
590 2428 668 2481 ira
694 2426 747 2480 in
770 2423 988 2478 fratrem
1014 2438 1027 2474 :
1056 2418 1195 2487 Quid
1223 2417 1403 2487 igitur,
1430 2415 1475 2469 si
1496 2428 1735 2485 praeceps
1756 2414 1879 2481 sim,

277 2536 333 2579 et
363 2524 600 2591 linguam
630 2530 816 2574 tenere
845 2530 953 2570 non
976 2510 1216 2583 possim?
1251 2510 1316 2565 Et
1343 2509 1423 2564 sic
1451 2522 1672 2579 prorsus
1700 2507 1882 2562 omnia

278 2630 440 2684 supra
468 2613 611 2667 dicta
655 2609 906 2665 calcabis.
951 2606 1109 2675 Atqui
1151 2603 1205 2658 in
1236 2601 1439 2672 legibus
1480 2600 1728 2655 humanis
1768 2601 1885 2653 haec

277 2703 579 2760 obtendere
620 2716 727 2755 non
773 2697 937 2764 ausis,
982 2709 1158 2765 neque
1201 2694 1404 2760 dicere,
1448 2690 1589 2760 Quid
1618 2691 1793 2761 igitur,
1836 2689 1883 2744 si

280 2800 405 2865 hoc,
448 2796 535 2852 vel
578 2792 751 2850 illud?
784 2791 879 2847 sed
928 2805 1023 2845 seu
1061 2798 1251 2858 sponte
1280 2800 1375 2841 seu
1420 2785 1616 2840 invitus
1658 2798 1720 2839 ea
1764 2798 1884 2853 qua:

279 2892 477 2960 scripta
522 2896 648 2942 sunt
684 2885 903 2954 accipis.
949 2881 1199 2951 Alioquin
1238 2889 1417 2934 autem
1462 2891 1750 2955 numquam
1777 2876 1883 2931 vim

280 2982 729 3037 necessitatemve
775 2975 1012 3046 patieris.
1066 2972 1203 3028 Nam
1231 2972 1319 3042 qui
1358 2968 1713 3025 beatitudines
1737 2967 1885 3038 prius

277 3075 586 3131 euuntiatas
610 3069 831 3133 audivit,
857 3084 921 3124 ac
940 3068 1174 3136 seipsum
1206 3065 1275 3119 ita
1304 3062 1622 3133 composuit,
1654 3069 1713 3117 ut
1731 3060 1886 3115 Chri-

278 3178 394 3222 stus
410 3166 596 3236 jussit,
625 3162 825 3218 nullam
852 3176 881 3214 a
911 3159 1103 3230 quovis
1130 3156 1348 3212 homine
1367 3151 1674 3223 hujusmodi
1696 3167 1886 3208 neces-

278 3259 493 3313 sitatem
520 3256 777 3326 patietur,
810 3266 932 3307 cum
961 3249 1033 3304 sit
1060 3246 1199 3318 apud
1226 3259 1416 3301 omnes
1444 3241 1789 3299 admirandus
1829 3250 1886 3298 et

277 3347 630 3403 honorabilis.
656 3345 746 3400 57.
776 3342 858 3397 Sit
879 3350 1047 3395 autem
1067 3354 1230 3393 sermo
1254 3346 1431 3404 vester,
1454 3345 1547 3401 est,
1575 3344 1666 3401 est,
1692 3344 1883 3402 etnon,

276 3457 379 3495 non
412 3454 431 3491 :
461 3437 599 3507 quod
636 3444 803 3489 autem
842 3433 982 3487 ultra
1014 3430 1335 3502 adjunqitur,
1367 3445 1431 3483 ea:
1456 3429 1590 3483 malo
1626 3437 1719 3482 est.
1747 3426 1885 3494 Quid

274 3531 439 3601 igitur
460 3539 915 3597 supervacaneum
938 3522 1065 3578 illud
1086 3532 1184 3585 est,
1206 3523 1363 3583 ultra,
1387 3520 1476 3574 Est
1496 3530 1542 3573 et
1567 3536 1669 3574 non
1686 3520 1712 3573 ?
1731 3519 1889 3575 Jura-

278 3632 548 3687 meutum,
576 3636 681 3675 non
702 3626 881 3674 autem
910 3615 1225 3688 perjurium.
1254 3614 1367 3669 Hoc
1383 3615 1528 3670 enim
1554 3614 1608 3668 in
1634 3611 1884 3668 confesso

275 3723 381 3781 est,
410 3724 472 3769 et
497 3726 658 3768 nemo
682 3719 766 3767 est
788 3710 914 3780 quin
958 3708 1226 3771 didicerit,
1254 3722 1283 3761 a
1311 3706 1453 3761 malo
1477 3720 1617 3771 esse,
1646 3720 1749 3761 nec
1789 3719 1885 3761 su-

279 3818 674 3876 pervacaneum
718 3816 857 3866 esse,
899 3800 993 3855 sed
1023 3799 1350 3854 contrarium
1383 3815 1397 3851 :
1430 3812 1885 3867 supervacaneum

277 3906 460 3950 autem
501 3902 607 3956 est.
635 3892 780 3964 quod
823 3890 961 3945 ultra
990 3897 1045 3946 et
1070 3904 1194 3944 cum
1231 3886 1585 3943 redundantia
1612 3886 1883 3956 adjicitur,

277 3989 497 4058 taleque
531 3995 613 4041 est
637 3986 1019 4056 juramentum.
1060 3981 1324 4050 Quidnam
1354 3996 1485 4036 vero
1508 3980 1638 4035 dicit
1671 3995 1703 4035 a
1744 3981 1888 4037 malo

279 4083 439 4137 esse?
462 4090 521 4136 et
548 4081 593 4135 si
624 4096 652 4133 a
694 4079 836 4134 malo
862 4086 1001 4143 erat,
1024 4091 1121 4132 cur
1158 4075 1446 4145 jubebatur
1472 4074 1526 4129 in
1556 4074 1712 4145 lege?
1740 4073 1886 4145 ldip-

280 4190 400 4229 sum
430 4174 595 4228 etiam
619 4171 687 4227 de
725 4185 894 4227 uxore
917 4169 1103 4225 dices:
1133 4168 1244 4223 Cur
1259 4167 1371 4238 jam
1411 4167 1693 4224 fornicatio
1720 4183 1887 4239 repu-

282 4278 426 4322 tatur
471 4265 525 4320 id
569 4263 709 4334 quod
746 4264 875 4318 olim
903 4259 1351 4332 permittebatur?
1386 4258 1525 4328 Quid
1563 4259 1632 4314 ad
1658 4259 1773 4314 haec
1801 4259 1887 4314 di-

280 4357 513 4412 cendum
532 4356 555 4409 )
574 4355 699 4410 flare
720 4362 845 4409 tunc
862 4351 1005 4409 dicta
1028 4351 1191 4406 fuisse
1212 4348 1507 4406 secundum
1524 4350 1886 4405 infirmitatem

281 4463 472 4504 eorum
500 4447 592 4516 qui
616 4447 765 4515 leges
786 4442 1159 4513 accipiebant:
1191 4456 1315 4496 nam
1344 4452 1399 4497 et
1423 4440 1614 4497 nidore
1640 4442 1887 4498 victima-

282 4556 400 4595 rum
433 4537 542 4596 eoli
570 4536 843 4607 indignum
869 4533 1157 4590 admodum
1188 4533 1298 4589 Deo
1322 4542 1423 4599 est,
1458 4533 1599 4589 sicut
1626 4533 1890 4590 balbutire

283 4632 564 4703 indignum
593 4626 935 4700 philosopho.
982 4624 1318 4681 Adulterium
1344 4641 1474 4696 ergo
1508 4641 1651 4681 nunc
1677 4635 1893 4696 reputa-

284 4734 370 4779 tur
396 4720 567 4785 illud;
611 4728 667 4775 et
693 4734 726 4773 a
753 4718 896 4774 malo
923 4727 1008 4773 est
1033 4717 1233 4788 jurare,
1258 4715 1474 4787 quando
1497 4726 1651 4771 aucta
1682 4724 1740 4771 et
1765 4733 1888 4788 per-

285 4815 424 4870 fecta
468 4812 641 4866 virtus
682 4818 784 4866 est.
813 4808 870 4865 Si
909 4824 1040 4865 vero
1087 4808 1171 4863 ha:
1193 4808 1263 4863 ab
1312 4808 1464 4862 initio
1501 4807 1697 4863 diaboli
1744 4809 1891 4880 leges

285 4906 539 4970 fuissent,
569 4916 676 4956 non
704 4899 886 4971 utique
914 4907 1116 4954 tantum
1146 4898 1518 4969 profecissent.
1542 4895 1755 4954 Etenim
1787 4900 1889 4954 nisi

286 4997 376 5053 illa
404 4993 766 5066 praeivissent,
793 5007 900 5047 non
932 4992 1005 5045 ita
1030 4988 1187 5045 facile
1210 4989 1326 5044 haec
1354 5005 1495 5045 nunc
1517 4999 1737 5061 accepta
1762 4991 1892 5045 fuis-

286 5096 430 5145 sent.
456 5085 578 5142 Noli
618 5084 776 5155 igitur
808 5098 995 5139 eorum
1039 5082 1315 5151 requirere
1359 5081 1631 5147 virtutem,
1678 5082 1891 5152 quando

287 5194 477 5235 eorum
514 5191 648 5232 usus
689 5175 1024 5246 praeterivit:
1067 5181 1196 5229 tunc
1223 5174 1365 5229 enim
1412 5184 1619 5245 tempus
1649 5174 1701 5231 id
1743 5184 1894 5246 pete-

289 5272 412 5337 bat;
444 5270 557 5324 imo
584 5282 734 5334 vero,
764 5268 810 5322 si
833 5266 936 5332 vis,
967 5266 1128 5321 etiam
1158 5280 1319 5321 nunc.
1353 5264 1487 5321 Nam
1510 5281 1695 5321 eorum
1724 5268 1893 5322 virtus

291 5360 595 5417 ostenditur
644 5374 712 5413 ex
756 5373 825 5413 eo
871 5356 989 5427 ipso
1031 5371 1139 5427 quo
1181 5357 1349 5427 magis
1395 5367 1699 5412 accusatur.
1738 5358 1890 5425 Quod

291 5455 434 5509 enim
464 5453 581 5506 haec
626 5451 749 5506 talia
778 5466 922 5505 nunc
959 5448 1262 5512 videantur,
1293 5463 1480 5503 eorum
1518 5450 1750 5503 maxima
1781 5451 1894 5504 laus

292 5555 395 5599 est.
422 5542 537 5601 Nisi
580 5542 726 5598 enim
757 5557 856 5596 nos
897 5541 1119 5611 pulchre
1152 5540 1483 5605 nutrivisset,
1512 5548 1568 5595 et
1594 5540 1660 5594 ad
1691 5540 1893 5610 majora

299 5634 608 5705 recipienda
641 5632 865 5687 idoneos
901 5631 1243 5695 reddidisset,
1282 5646 1388 5686 non
1417 5630 1541 5684 talia
1582 5630 1887 5686 viderentur

296 5742 437 5782 esse.
486 5723 948 5794 Quemadmodum
997 5722 1407 5787 mamilla,cum
1452 5737 1607 5777 suum
1658 5722 1896 5792 implevit

297 5820 553 5887 ofcium,
584 5826 641 5875 et
666 5816 734 5873 ad
773 5815 1143 5888 perfectiorem
1192 5829 1430 5871 mensam
1479 5830 1609 5886 puer
1643 5814 1891 5883 mittitur,

1442 377 1506 434 IN
1545 374 1952 434 MATTHEUM
1988 375 2220 435 HOMIL.
2261 375 2425 437 XVII.

3466 385 3570 441 26'?

1986 487 2203 548 demum
2225 491 2429 549 inutilis
2455 491 2687 561 videtur;
2714 504 2962 566 parentes
2988 497 3228 569 vero,qui
3253 496 3399 557 illam
3427 503 3567 571 prius

1979 596 2151 651 puero
2181 586 2537 641 necessariam
2566 600 2689 642 esse
2710 586 2997 656 putabant,
3031 589 3177 645 mille
3202 601 3384 654 postea
3428 594 3570 649 illam

1972 657 2317 717 irrisionibus
2343 676 2786 734 prosequuntur;
2816 667 2973 721 multi
3029 676 3210 723 autem
3269 684 3378 723 non
3433 686 3556 723 ver-

1971 750 2057 807 bis
2093 752 2271 808 solum
2322 754 2471 811 illam
2507 759 2822 825 traducunt,
2855 759 2950 815 sed
2978 760 3141 814 etiam
3172 761 3375 817 amaris
3408 762 3554 816 illam

1972 842 2575 917 oblinuntunguentis;
2613 860 2673 906 ut
2695 851 2741 906 si
2773 867 2880 906 non
2921 852 3134 921 possint
3162 853 3321 908 verba
3354 853 3558 923 impor-

1971 942 2163 990 tunum
2230 935 2555 995 huiusmodi
2604 943 2762 1012 pueri
2808 943 3058 998 affectum
3108 960 3409 1011 removere,
3466 962 3554 1002 res

1968 1022 2099 1093 ipsa:
2139 1020 2469 1083 desiderium
2518 1039 2791 1086 avertant.
2898 1034 2991 1089 Sic
3043 1034 3296 1090 Christus
3334 1050 3364 1089 a
3409 1036 3555 1090 malo

1966 1112 2082 1167 haec
2108 1128 2227 1167 esse
2257 1113 2419 1180 dixit,
2468 1130 2572 1169 non
2602 1124 2662 1169 ut
2708 1116 3018 1172 ostenderet
3056 1128 3292 1174 veterem
3318 1118 3489 1190 legem
3519 1134 3552 1175 a

1965 1204 2178 1259 diabolo
2205 1206 2485 1275 prodiisse,
2515 1206 2609 1262 scd
2637 1215 2694 1262 ut
2721 1208 3089 1264 vehementius
3109 1221 3141 1264 a
3162 1204 3327 1265 veteri
3352 1210 3556 1265 vilitate

1964 1307 2263 1354 revocaret.
2298 1297 2365 1353 Et
2397 1298 2671 1369 discipulis
2698 1300 2914 1369 quidem
2963 1301 3079 1357 haec
3106 1303 3275 1368 dicit;
3330 1303 3425 1358 sed
3462 1303 3556 1359 Ju-

1965 1388 2094 1444 dzeis
2114 1390 2341 1460 slupidis
2363 1399 2419 1445 et
2457 1391 2510 1445 in
2541 1390 2729 1446 iisdem
2762 1394 3255 1462 perseverantibus,
3288 1410 3387 1449 ceu
3419 1411 3557 1465 qua-

1965 1483 2085 1537 dam
2107 1483 2482 1549 amaritudine,
2509 1484 2832 1555 captivitatis
2872 1495 3018 1540 metu
3049 1487 3235 1541 urbem
3284 1488 3558 1542 circumli-

1967 1574 2130 1628 nitam
2184 1573 2513 1629 inaccessam
2556 1572 2808 1632 reddidit.
2841 1576 2973 1644 Quia
3002 1593 3129 1632 vero
3156 1593 3221 1632 ne
3248 1576 3301 1632 id
3333 1578 3550 1648 quidem

1967 1667 2138 1736 potuit
2165 1667 2307 1737 ipsos
2334 1668 2566 1723 retinere
2589 1708 2605 1733 ,
2632 1668 2727 1723 sed
2748 1683 2865 1723 eam
2890 1683 3076 1724 rursus
3101 1668 3283 1725 videre
3303 1669 3561 1739 aptabant

1967 1759 2117 1827 quasi
2143 1758 2290 1827 pueri
2322 1757 2387 1812 ad
2416 1758 2704 1812 mamillam
2748 1768 3124 1827 accurrentes,
3169 1760 3384 1815 demum
3411 1760 3560 1817 illam

1968 1847 2273 1914 occultavit,
2302 1840 2391 1903 illa
2419 1848 2532 1919 ipsa
2559 1847 2757 1915 diruta,
2788 1858 2837 1904 et
2868 1850 3135 1921 plerisque
3156 1865 3345 1906 eorum
3377 1853 3561 1922 procul

1971 1938 2214 1993 abductis
2250 1957 2265 1993 :
2298 1932 2746 2010 quemadmodum
2798 1939 3008 2009 plurimi
3056 1941 3284 2006 vitulos,
3313 1958 3343 1995 a
3388 1944 3563 1998 vaccis

1970 2029 2229 2085 abductos
2255 2021 2594 2101 inclusosque
2614 2072 2629 2097 ,
2666 2039 2905 2100 tempore
2929 2026 3316 2099 assuefaciunt;
3346 2041 3406 2087 ut
3431 2048 3460 2086 a
3487 2033 3565 2087 la-

1969 2122 2070 2178 ctis
2091 2123 2477 2178 consuetudine
2501 2122 2810 2177 abscedant.
2838 2122 2970 2178 Nam
2996 2126 3039 2178 si
3070 2123 3268 2179 diaboli
3296 2132 3448 2180 vetus
3478 2126 3566 2181 lex

1971 2223 2147 2283 esset,
2191 2230 2297 2270 non
2344 2216 2412 2270 ah
2455 2215 2755 2271 idololatria
2784 2216 3126 2283 abduxisset,
3162 2218 3271 2273 imo
3296 2228 3481 2275 contra
3510 2220 3563 2303 ip

1971 2306 2115 2362 illam
2141 2304 2463 2377 conjecisset
2496 2326 2508 2362 :
2543 2306 2595 2362 id
2643 2308 2787 2362 enim
2828 2307 3045 2362 volebat
3097 2307 3364 2365 diabolus.
3410 2309 3567 2365 Nune

1971 2406 2150 2472 autem
2171 2398 2500 2453 contrarium
2530 2413 2747 2466 prorsus
2768 2396 3011 2453 videmus
3031 2413 3061 2452 a
3082 2399 3252 2455 veteri
3270 2400 3386 2471 lege
3401 2401 3562 2456 eflici.

1975 2490 2043 2546 Et
2064 2491 2238 2562 ipsum
2266 2506 2478 2562 quoque
2504 2491 2862 2562 juramentum
2887 2492 3009 2547 ideo
3034 2493 3087 2547 in
3113 2494 3277 2548 veteri
3308 2502 3565 2550 statutum

1974 2582 2091 2650 fuit,
2123 2598 2193 2639 ne
2220 2598 2316 2652 per
2345 2583 2486 2638 idola
2510 2583 2777 2653 jurarent.
2816 2580 3032 2651 Jurate,
3064 2583 3253 2654 inquit,
3284 2602 3372 2656 per
3399 2584 3569 2640 Deum

1973 2691 2143 2731 verum
2168 2678 2310 2748 (Jer.
2334 2678 2388 2733 4.
2413 2676 2449 2731 2
2470 2678 2508 2747 ).
2534 2675 2650 2731 Non
2678 2676 2838 2746 igitur
2863 2691 3024 2746 parva
3052 2676 3294 2746 quaedam
3321 2678 3409 2733 lex
3438 2678 3569 2734 elle-

1973 2767 2067 2833 cit,
2095 2766 2191 2823 sed
2217 2782 2404 2837 magna
2437 2766 2638 2837 utique.
2671 2758 2805 2820 Nam
2842 2766 2911 2820 ad
2942 2766 3170 2821 solidum
3199 2766 3379 2823 cibum
3416 2783 3570 2824 acce-

1974 2860 2139 2925 dere,
2170 2859 2222 2914 id
2267 2858 2567 2915 Servatoris
2603 2857 2702 2913 fuit
2725 2872 2879 2930 opus.
2913 2856 3052 2926 Quid
3097 2858 3293 2928 igitur?
3336 2873 3513 2914 annon
3536 2875 3569 2915 a

1977 2952 2119 3007 malo
2140 2960 2223 3006 est
2246 2950 2460 3020 jurare?
2559 2944 2703 3005 malo
2744 2956 2829 3004 est
2852 2949 3066 3020 utique;
3109 2950 3206 3005 sed
3252 2966 3394 3006 nunc
3447 2962 3572 3024 post

1976 3052 2177 3098 tantam
2207 3041 2632 3113 philosophiam;
2681 3048 2809 3097 tunc
2856 3050 3037 3097 autem
3077 3041 3317 3097 minime.
3348 3042 3415 3097 Et
3438 3058 3572 3113 quo-

1977 3134 2175 3201 modo,
2232 3134 2469 3205 inquies,
2516 3132 2747 3203 idipsum
2792 3134 2963 3203 possit
3007 3146 3129 3188 esse
3169 3147 3311 3188 nunc
3334 3132 3568 3201 bonum,

1978 3240 2122 3282 nunc
2158 3224 2379 3280 minime
2431 3223 2667 3280 bonum?
2712 3217 2827 3296 Ego
2855 3232 3033 3279 autem
3057 3239 3088 3281 e
3113 3226 3385 3280 contrario
3411 3225 3533 3281 dico
3552 3268 3569 3293 ,

1976 3316 2248 3389 quomodo
2292 3332 2397 3371 non
2443 3317 2514 3371 sit
2552 3324 2608 3371 et
2649 3314 2846 3372 bonum
2890 3325 2948 3372 et
2988 3331 3095 3372 non
3142 3316 3378 3381 bonum,
3410 3318 3573 3373 rebus

1977 3410 2225 3465 omnibus
2248 3408 2327 3463 sic
2350 3408 2723 3473 clamantibus,
2754 3408 2958 3463 artibus
2976 3451 2992 3477 ,
3023 3409 3282 3466 fructibus
3305 3452 3320 3476 ,
3348 3411 3575 3481 aliisque

1979 3502 2273 3558 omnibus?
2295 3502 2530 3557 Primum
2559 3502 2611 3556 id
2642 3501 2824 3557 videas
2844 3502 2898 3557 in
2930 3511 3118 3557 natura
3150 3513 3333 3559 nostra
3358 3505 3574 3560 contin-

1980 3609 2125 3666 gere.
2154 3593 2364 3650 Gestari
2388 3594 2533 3649 enim
2560 3595 2613 3648 in
2642 3593 2813 3663 prima
2839 3603 2997 3649 aetate
3022 3594 3217 3649 bonum
3241 3607 3353 3664 est,
3386 3608 3573 3667 postea

1982 3701 2114 3751 vero
2142 3685 2500 3757 perniciosum
2524 3702 2541 3753 ;
2578 3686 2891 3757 praemansis
2916 3688 2989 3741 uti
3016 3688 3149 3743 cibis
3177 3689 3228 3743 in
3254 3688 3429 3760 primo
3452 3692 3576 3746 vitae

1983 3788 2226 3850 tempore
2254 3779 2475 3847 bonum,
2527 3788 2711 3849 postea
2757 3793 2885 3834 vero
2914 3777 3138 3835 horrore
3169 3781 3417 3852 plenum;
3440 3783 3577 3839 lacte

1982 3875 2052 3929 ali
2079 3883 2135 3930 et
2176 3872 2243 3929 ad
2270 3887 2560 3929 mammam
2598 3872 2887 3943 confugere
2909 3872 3062 3928 initio
3088 3874 3215 3930 utile
3241 3884 3326 3931 est
3349 3884 3404 3931 et
3429 3877 3577 3931 salu-

1983 3975 2135 4031 tare,
2188 3972 2376 4035 postea
2422 3978 2551 4019 vero
2604 3965 2965 4034 perniciosum
3011 3971 3068 4021 et
3103 3966 3342 4021 noxium.
3388 3967 3580 4024 Viden

1982 4055 2254 4126 quomodo
2294 4054 2497 4111 eadem
2539 4070 2627 4111 res
2659 4055 2954 4111 secundum
2983 4065 3225 4127 tempora
3251 4056 3406 4113 home
3434 4059 3578 4127 sint,

1985 4156 2040 4204 et
2064 4156 2251 4219 postea
2280 4163 2387 4203 non
2409 4141 2544 4203 tales
2584 4147 2910 4219 appareant?
2932 4146 3066 4203 Nam
3107 4149 3311 4218 puerile
3360 4150 3580 4221 pallium

1985 4248 2199 4309 gestare
2227 4254 2395 4310 puero
2420 4238 2635 4309 quidem
2671 4238 2978 4307 honestum,
3030 4239 3150 4295 viro
3196 4249 3373 4295 autem
3402 4250 3579 4312 turpe.

1988 4330 2150 4386 Visne
2174 4331 2336 4386 etiam
2384 4345 2451 4385 ex
2480 4329 2765 4385 contrariis
2792 4329 3020 4396 idipsum
3044 4329 3253 4386 discere
3275 4373 3292 4399 ,
3315 4332 3585 4401 quomodo

1990 4436 2111 4491 qua:
2138 4422 2256 4475 viro
2282 4426 2635 4490 competunt,
2660 4434 2828 4489 puero
2857 4429 2980 4490 apta
3006 4434 3112 4474 non
3145 4420 3291 4476 sint?
3316 4421 3391 4476 Da
3418 4436 3588 4492 puero

1989 4511 2205 4581 pallium
2228 4510 2402 4576 virile,
2426 4498 2561 4564 hinc
2572 4510 2831 4579 plurimus
2852 4518 3106 4580 sequetur
3123 4511 3283 4579 risus,
3308 4512 3590 4581 majusque

1990 4603 2044 4656 in
2093 4600 2391 4656 incedendo
2414 4601 2735 4670 periculum,
2766 4601 2839 4655 ita
2870 4615 3013 4670 saepe
3040 4602 3142 4657 huc
3170 4602 3297 4657 illuc
3327 4612 3587 4659 vertetur.

1990 4693 2066 4748 Da
2086 4694 2245 4748 etiam
2270 4692 2343 4746 illi
2361 4691 2540 4746 civilia
2564 4692 2771 4761 negotia
2790 4692 3085 4759 tractanda,
3102 4692 3185 4749 vel
3207 4701 3589 4763 mercaturam,

1990 4787 2077 4842 vel
2105 4784 2320 4841 serendi
2350 4783 2693 4852 metendique
2712 4792 2904 4850 artem,
2927 4794 2983 4840 et
3000 4784 3286 4840 ridiculum
3309 4785 3412 4841 hoc
3438 4785 3590 4841 vide-

1994 4881 2157 4936 bitur.
2187 4879 2255 4933 Et
2281 4892 2377 4933 cur
2408 4877 2523 4932 haec
2550 4877 2712 4932 dico?
2739 4876 2873 4932 Nam
2904 4877 3101 4944 caedes,
3130 4893 3290 4948 quam
3316 4878 3595 4935 inventum

1992 4985 2113 5025 esse
2130 4968 2327 5025 diaboli
2344 4968 2396 5022 in
2412 4966 2658 5022 confesso
2675 4966 3009 5036 apudomnes
3022 4974 3126 5035 est,
3142 4976 3443 5038 opportuno
3461 4977 3599 5023 tem-

1997 5076 2126 5132 pore
2154 5059 2325 5127 facta,
2358 5058 2760 5115 interfectorem
2792 5056 3051 5113 Phineem
3080 5058 3362 5116 sacerdotii
3393 5059 3599 5116 honore

1994 5152 2268 5207 decoravit
2316 5148 2515 5222 (Num.
2569 5148 2696 5221 25).
2733 5148 2888 5215 Quod
2933 5151 3075 5204 enim
3128 5149 3303 5223 cades
3349 5150 3419 5204 sit
3465 5165 3598 5221 opus

1998 5244 2231 5309 diaboli,
2273 5242 2397 5297 audi
2436 5240 2706 5313 quomodo
2747 5241 2894 5296 dicat
2942 5242 3100 5309 ipse:
3142 5240 3240 5295 Vos
3266 5257 3421 5310 opera
3443 5242 3603 5311 patris

1998 5337 2148 5393 vestri
2165 5335 2316 5391 vultis
2337 5336 2505 5404 facere
2522 5334 2643 5389 :ille
2668 5333 2925 5388 homicida
2942 5341 3048 5387 erat
3072 5350 3106 5387 a
3131 5333 3381 5404 principio
3405 5331 3602 5403 (Joan.

1994 5431 2056 5485 8.
2078 5429 2168 5483 41.
2195 5428 2266 5482 44
2286 5427 2327 5496 ).
2358 5425 2465 5481 Sed
2492 5422 2756 5482 homicida
2782 5423 2881 5478 fuit
2907 5424 3068 5479 etiam
3094 5423 3344 5491 Phinees,
3366 5420 3434 5475 Et
3449 5438 3605 5492 repu-

2124 5623 2220 5675 His
2246 5621 2416 5673 verbis
2455 5628 2619 5672 notam
2662 5621 3027 5673 arithmeticam
3070 5619 3101 5667 6
3134 5618 3420 5681 prefixerat
3462 5615 3602 5664 Mon-

2014 5685 2328 5743 tefalconius,
2360 5685 2475 5749 hinc
2496 5697 2755 5749 perperam
2789 5696 2969 5749 novum
2988 5682 3189 5732 ordiens
3219 5682 3600 5749 peragi-aptium.

2016 5749 2128 5798 Non
2200 5741 2516 5810 tolerandum
2561 5741 2656 5798 h'oc
2696 5746 2969 5810 apodoseos
3013 5760 3041 5795 a
3330 5741 3602 5792 divortium

2016 5823 2192 5861 correx
2204 5809 2520 5877 imus._Eou-.

3454 5996 3555 6016 ,
