4050 6364
427 397 535 453 9.63

427 523 585 566 totum
633 522 705 566 est
759 511 806 566 ei
835 510 904 563 ad
951 507 1200 576 iustitiam
1254 501 1440 578 (Psul.
1490 500 1613 556 105.
1655 497 1800 569 51),
1828 495 2016 565 inquit.

427 602 696 657 Abraham
723 615 854 656 vero
883 614 992 656 non
1014 595 1282 654 homicida
1310 593 1520 658 solum,
1570 589 1667 646 sed
1713 589 1874 644 etiam
1927 585 2019 639 ﬁlii

429 695 745 751 interfector
785 693 992 759 factus,
1044 687 1186 762 quod
1231 685 1386 758 pejus
1415 691 1562 749 erat,
1596 681 1674 737 sic
1699 679 1870 751 magis
1909 677 2024 731 Deo

427 786 648 858 placuit.
679 786 871 840 Petrus
896 799 1026 840 vero
1073 778 1339 849 duplicem
1367 773 1569 830 caedem
1600 771 1756 838 fecit,
1787 778 2022 822 attamen

426 877 703 947 Spirituale
745 885 860 932 erat
910 873 964 929 id
995 870 1136 943 quod
1167 868 1371 924 factum
1400 864 1526 936 est(
1554 863 1665 917 Act.
1685 862 1778 932 5).
1807 858 1887 915 Ne
1916 859 2019 913 ita-

423 987 532 1041 que
559 969 876 1039 simpliciter
905 982 993 1023 res
1024 963 1414 1028 examinemus,
1463 957 1558 1014 sed
1609 961 1768 1012 etiam
1813 962 2020 1022 tempus

415 1073 492 1118 et
519 1075 734 1116 musam
765 1067 820 1114 et
837 1058 1167 1114 voluntatem
1194 1061 1250 1109 et
1269 1063 1620 1124 personarum
1646 1044 2022 1110 diﬁ‘erentiam,

423 1166 478 1209 et
510 1154 600 1209 illa
645 1153 825 1208 omnia
865 1161 999 1223 quae
1030 1163 1134 1203 una
1175 1149 1506 1203 concurrunt
1547 1147 1796 1196 accurate
1836 1136 2024 1206 explo-

424 1260 608 1301 remus
663 1262 679 1300 :
735 1257 912 1314 neque
979 1239 1122 1298 enim
1184 1245 1361 1308 potest
1405 1235 1606 1290 veritas
1656 1231 1764 1286 alio
1835 1227 2022 1298 attingi

425 1337 1096 1404 modo:studeamusque,
1147 1332 1192 1387 si
1235 1330 1461 1385 velimus
1513 1339 1736 1396 regnum
1786 1321 2021 1392 assequi,

424 1446 584 1502 supra
615 1440 798 1487 vetera
823 1433 1088 1500 praecepta
1108 1422 1306 1495 aliquid
1337 1419 1567 1492 operari,
1611 1419 1736 1487 quia
1759 1430 1867 1470 non
1897 1429 2018 1485 pos-

425 1536 612 1576 sumus
641 1521 797 1576 aliter
816 1518 1048 1574 cmlestia
1093 1514 1361 1571 obtinere.
1388 1511 1520 1567 Nam
1550 1508 1596 1565 si
1625 1508 1691 1563 ad
1718 1520 2023 1562 mensuram

425 1622 627 1667 tantum
650 1620 892 1667 veterum
924 1606 1330 1679 perveniamus,
1359 1611 1510 1659 extra
1532 1600 1717 1656 limina
1742 1598 2021 1654 stabimus.

425 1703 545 1758 Nisi
559 1703 691 1758 enim
711 1701 1038 1757 abundaverit
1057 1696 1262 1772 justitia
1291 1703 1451 1749 vestra
1482 1692 1598 1764 plus
1640 1707 1792 1762 quam
1835 1687 2026 1743 scriba-

422 1812 536 1850 rum
562 1804 609 1849 et
635 1793 1038 1857 P/taristeorum,
1063 1805 1165 1844 non
1187 1787 1440 1842 intrabitis
1467 1785 1519 1838 in
1547 1799 1763 1854 regnum
1781 1780 2024 1835 caelorum

424 1885 636 1959 (Matth.
661 1886 716 1941 5.
747 1883 876 1955 20).
909 1883 1158 1938 Attamen
1191 1886 1310 1949 post
1335 1872 1808 1933 comminationem
1839 1869 2024 1940 hujus-

422 1978 572 2035 modi
600 1977 819 2048 quidam
849 1973 1092 2043 suntqui
1119 1986 1228 2028 non
1258 1968 1418 2026 modo
1443 1965 1706 2039 justitiam
1740 1962 1883 2018 illam
1916 1976 2023 2014 non

422 2077 702 2141 superant,
746 2067 841 2124 sed
890 2066 1049 2136 longe
1103 2072 1226 2135 post
1269 2061 1416 2116 illam
1468 2057 1866 2127 relinquuntur.
1904 2051 2022 2106 Non

422 2162 585 2218 modo
610 2162 752 2217 enim
797 2159 1101 2230 juramcnta
1150 2170 1256 2208 non
1285 2151 1511 2223 fugiunt,
1554 2147 1649 2204 sed
1680 2145 1841 2201 etiam
1873 2142 2022 2214 pcje-

423 2263 580 2322 rant;
605 2269 711 2309 non
741 2251 902 2307 modo
947 2247 1274 2318 impudicum
1305 2249 1581 2313 aspectum
1607 2253 1712 2294 non
1745 2236 2021 2302 devitant,

422 2345 519 2402 Sed
541 2345 702 2400 etiam
736 2343 788 2397 in
835 2340 1008 2411 ipsum
1042 2348 1248 2407 turpem
1275 2343 1451 2390 actum
1485 2336 1790 2403 proruunt,
1818 2327 2024 2396 aliaque

421 2436 602 2492 omnia
644 2433 910 2505 prohibita
936 2431 1154 2499 impune
1201 2425 1627 2481 audentzunum
1669 2428 1873 2474 tantum
1929 2432 2035 2472 exn

421 2537 728 2600 spectantes
754 2523 999 2595 supplicii
1025 2522 1167 2577 diem
1187 2562 1202 2586 ,
1227 2517 1441 2590 quando
1471 2529 1568 2586 pro
1593 2511 1885 2570 sceleribus
1913 2511 2024 2565 suis

423 2632 700 2679 extremas
726 2619 930 2675 dabunt
968 2628 1156 2686 ptenas
1187 2630 1204 2668 :
1235 2610 1378 2683 quod
1423 2623 1585 2664 unum
1616 2605 1909 2677 repositum
1941 2611 2025 2657 est

423 2718 487 2772 iis
507 2716 596 2786 qui
617 2715 670 2770 in
693 2711 928 2784 nequitia
946 2709 1107 2764 vitam
1127 2706 1350 2762 obeunt.
1378 2703 1453 2759 De
1478 2701 1582 2756 illis
1606 2700 1800 2771 quippe
1823 2695 2021 2766 despc-

423 2807 646 2863 randum
673 2812 776 2872 est,
805 2812 862 2859 et
890 2801 1020 2857 nihil
1046 2798 1190 2855 aliud
1220 2793 1670 2867 exspectandum,
1711 2805 1874 2863 quam
1898 2803 2026 2858 sup—

419 2898 660 2970 plicium.
681 2895 782 2965 Qui
807 2893 952 2952 enim
972 2892 1060 2947 hic
1077 2890 1253 2946 adhuc
1277 2893 1587 2957 supersunt,
1621 2882 1778 2940 facile
1800 2887 2026 2952 possunt

425 3002 481 3047 et
500 3002 756 3064 pugnare,
787 2994 843 3041 et
872 2984 1108 3049 vincere,
1140 2989 1194 3037 et
1228 2977 1497 3035 coronari.

492 3081 546 3135 7.
580 3077 796 3133 Horatia
817 3074 1102 3131 exhortatio
1145 3071 1208 3126 de
1230 3067 1514 3139 ableganda
1551 3064 1908 3121 consuetudine
1937 3067 2025 3133 ju-

421 3172 591 3228 randi.
616 3169 800 3224 Pravo:
817 3165 1193 3223 consuetudinis
1218 3161 1539 3218 eliminandte
1561 3157 1912 3214 modus.—Ne
1928 3157 2026 3211 ita-

421 3280 525 3337 que
538 3261 808 3328 concidas,
823 3261 897 3316 mi
914 3261 1096 3326 homo,
1112 3272 1286 3328 neque
1303 3257 1495 3311 bonam
1526 3254 1669 3308 illam
1694 3251 2022 3306 alacritatem

421 3335 654 3405 amittas.
699 3347 881 3418 Neque
904 3345 1048 3400 enim
1070 3355 1298 3398 onerosa
1337 3348 1462 3394 sunt
1500 3352 1562 3394 ea
1593 3353 1712 3408 qua:
1743 3335 2020 3406 jubentur.

421 3435 573 3502 Quis,
617 3446 822 3504 quaeso,
853 3431 1005 3486 labor
1031 3429 1082 3483 in
1107 3425 1321 3483 vitando
1344 3421 1684 3495 juramento?
1710 3435 1836 3476 num
1865 3434 2024 3490 pecu-

423 3528 636 3582 niarum
666 3527 906 3595 impensa
935 3521 1060 3578 est?
1087 3537 1213 3576 num
1242 3518 1406 3574 sudor
1427 3525 1482 3573 et
1511 3514 1792 3570 aerumna?
1821 3511 2029 3570 Sufficit

422 3631 629 3677 tantum
659 3619 822 3683 velle,
852 3625 908 3672 et
934 3624 1106 3671 totum
1134 3613 1326 3669 factum
1349 3619 1449 3667 est.
1479 3609 1536 3665 Si
1576 3623 1707 3664 vero
1734 3617 2024 3663 consuetu—

421 3715 607 3771 dinem
642 3711 780 3768 mihi
812 3709 1057 3780 objicias,
1087 3707 1158 3762 ob
1198 3705 1302 3760 hoc
1328 3705 1500 3775 ipsum
1543 3701 1776 3757 maxime
1802 3699 1923 3754 dico
1951 3691 2027 3752 fa-

422 3807 579 3863 cilem
627 3818 750 3860 esse
777 3799 1240 3859 emendationem.
1271 3795 1404 3852 Nam
1445 3794 1490 3848 si
1519 3795 1570 3848 in
1615 3791 1772 3846 aliam
1803 3799 1856 3846 te
1893 3803 2026 3844 con-

424 3895 758 3953 suetudinem
803 3889 1115 3952 transferas,
1157 3887 1271 3958 jam
1294 3893 1463 3940 totum
1495 3881 1788 3954 perfecisti.
1841 3879 2023 3950 Cogita

424 3990 567 4047 enim
599 3986 798 4044 multos
823 3983 964 4056 apud
983 3980 1207 4053 gentiles
1229 3992 1374 4045 esse,
1395 3976 1485 4047 qui
1508 3974 1648 4030 balbi
1673 3988 1795 4029 cum
1821 3980 2023 4040 essent,

426 4083 596 4143 multo
622 4079 800 4136 studio
828 4074 1187 4133 offendentem
1210 4071 1447 4141 linguam
1474 4073 1860 4130 correxerunt;
1891 4063 2026 4118 alios

425 4179 516 4249 qui
553 4191 675 4233 cum
725 4173 981 4229 humeros
1010 4168 1322 4238 frequenter
1349 4170 1405 4219 et
1432 4161 1742 4217 indecenter
1765 4158 2030 4228 agitarent

427 4248 817 4336 moverentque
840 4303 855 4328 ,
883 4260 1128 4333 apposito
1155 4255 1335 4329 gladio
1353 4296 1368 4322 ,
1396 4253 1593 4309 dehinc
1618 4251 1686 4306 ab
1733 4249 1838 4304 hoc
1860 4248 2026 4305 absti-

428 4369 679 4419 nuerunt.
701 4358 837 4428 Quia
869 4355 1014 4411 enim
1042 4348 1333 4420 Scripturis
1360 4361 1469 4402 non
1495 4340 1876 4412 obtemperatis
1899 4381 1914 4406 ,
1959 4340 2028 4395 ab

429 4465 773 4509 externorum
803 4445 1063 4516 exemplis
1086 4457 1183 4498 vos
1207 4440 1497 4495 admonere
1521 4447 1704 4506 cogor.
1728 4431 1842 4488 Hoc
1863 4431 2023 4487 etiam

429 4547 572 4602 Deus
597 4541 798 4599 Judaeis
822 4538 1052 4595 faciebat
1080 4536 1164 4591 his
1183 4533 1361 4589 verbis
1389 4549 1402 4585 :
1428 4530 1575 4585 Abite
1614 4528 1666 4582 in
1693 4527 1886 4582 insulas
1907 4525 2029 4581 Che-

430 4638 560 4704 tiim,
589 4644 637 4690 et
662 4634 718 4689 in
756 4631 918 4688 Cedar
938 4629 1118 4683 mittite
1137 4642 1157 4681 :
1185 4635 1232 4680 et
1261 4623 1435 4679 discite
1458 4622 1502 4676 si
1533 4618 1832 4674 mutaverint
1857 4626 2027 4688 gentes

431 4731 553 4786 deos
577 4743 696 4784 suos
727 4742 746 4782 :
772 4735 816 4780 et
842 4722 941 4794 ipsi
965 4737 1068 4776 non
1108 4729 1226 4774 sunt
1271 4717 1342 4770 dii
1372 4712 1520 4785 (Jer.
1549 4712 1604 4766 2.
1636 4709 1724 4766 10.
1751 4709 1810 4764 ll
1841 4707 1881 4778 ).
1912 4707 2026 4761 lmo

431 4822 500 4878 ad
526 4817 910 4877 irrationabilia
936 4828 1080 4884 saepe
1105 4809 1303 4875 mittit,
1337 4807 1523 4863 dicens
1555 4821 1570 4859 :
1612 4801 1752 4856 Vade
1802 4799 1871 4853 ad
1915 4799 2025 4868 {or-

434 4913 638 4975 micam,
667 4909 830 4980 piger,
858 4915 908 4961 et
944 4901 1189 4960 inmutare
1228 4899 1335 4954 vias
1361 4897 1494 4969 ejus,
1523 4903 1569 4947 et
1610 4890 1736 4946 vade
1773 4889 1842 4943 ad
1879 4905 2026 4958 apem

430 5003 452 5076 (
475 5001 629 5058 Prov.
654 4979 832 5069 6.76).
884 4995 997 5051 Hoc
1042 4993 1222 5062 itaque
1246 4997 1303 5043 et
1349 5001 1449 5057 ego
1475 4999 1620 5040 nunc
1660 4981 1813 5036 vobis
1858 4979 2024 5034 dico:

430 5069 782 5150 Considerate
819 5086 1130 5144 Graecorum
1174 5076 1544 5153 phiIOSOphos,
1586 5083 1642 5130 et
1689 5083 1813 5128 tunc
1845 5069 2027 5126 scietis

431 5193 634 5259 quanto
671 5183 780 5238 sint
804 5179 950 5250 digni
978 5173 1245 5247 supplicio
1272 5171 1309 5226 ii
1329 5169 1418 5240 qui
1449 5167 1657 5223 divinas
1681 5165 1828 5235 leges
1854 5171 2026 5216 trans-

432 5252 750 5350 grediuntur
778 5289 793 5328 :
823 5286 944 5327 cum
988 5267 1066 5324 illi
1117 5279 1215 5336 pro
1241 5261 1473 5318 humana
1503 5258 1605 5313 hac
1641 5256 1921 5310 honestate
1946 5252 2026 5307 la-

433 5368 594 5424 bores
621 5367 931 5420 innumeros
957 5357 1295 5430 pertulerint,
1327 5367 1426 5407 vos
1449 5364 1576 5405 vero
1597 5363 1666 5402 ne
1687 5361 1784 5416 pro
1803 5343 2032 5399 caelesti-

435 5460 536 5515 bus
561 5457 777 5529 quidem
796 5452 952 5508 bonis
970 5451 987 5482 ¹
1009 5462 1190 5520 parem
1205 5443 1461 5500 exhibere
1481 5438 1810 5510 diligentiam
1829 5434 2026 5489 velitis.

436 5551 492 5606 Si
547 5525 707 5620 porro
753 5553 875 5616 post
937 5542 1052 5596 haec
1091 5537 1328 5600 dixeris,
1381 5546 1540 5604 posse
1586 5525 2029 5586 consuetudinem

431 5618 754 5712 intercipere
781 5640 943 5695 etiam
970 5635 1092 5690 illos
1115 5631 1205 5702 qui
1249 5627 1539 5685 admodum
1587 5623 1689 5679 sibi
1727 5628 1946 5687 cavent,
1979 5618 2030 5673 id

434 5736 596 5792 etiam
623 5709 724 5804 ego
749 5731 956 5794 fateor;
986 5742 1152 5782 unum
1176 5723 1230 5778 id
1259 5721 1453 5794 adjicio
1482 5738 1495 5776 :
1521 5727 1578 5776 ut
1605 5716 1762 5774 facile
1787 5709 2036 5782 intercipi

506 5911 522 5942 ι
558 5906 675 5971 Alii,
696 5921 753 5958 ne
771 5920 868 5971 pro
888 5905 1023 5962 cwtis
1042 5899 1251 5966 quidem.

1179 390 1234 448 S.
1274 385 1554 445 JOANNIS
1589 376 2063 440 Cl-lRYSOSTOMl
2103 373 2420 432 ARCHIEP.
2464 371 3002 432 CONSTANTINOP.

3619 375 3727 432 264

2130 499 2283 562 potes
2307 531 2322 555 ,
2357 489 2428 544 ita
2467 486 2624 543 facile
2647 495 2802 558 potes
2832 494 2884 541 te
2907 483 3221 541 emendare.
3259 485 3316 541 Si
3357 485 3502 540 enim
3532 485 3734 541 multos

2132 583 2226 637 tibi
2248 581 2393 637 domi
2413 580 2664 637 custodes
2693 589 2918 647 statuas,
2951 593 3168 634 servum
3187 577 3456 642 videlicet,
3481 593 3731 642 uxorem,

2129 676 2380 744 amicum,
2411 675 2480 731 ab
2507 673 2756 730 omnibus
2785 674 2972 744 pulsus
3000 680 3160 743 atque
3206 673 3470 744 agitatus,
3518 672 3676 727 facile
3702 688 3732 726 a

2131 781 2298 838 prava
2347 764 2733 822 consuetudine
2760 764 3010 819 absistes.
3057 763 3114 819 Si
3145 777 3242 834 per
3284 763 3471 819 decem
3516 763 3635 820 dies
3662 763 3732 817 ita

2129 856 2335 929 agendo
2382 871 2729 927 perseveres,
2777 869 2882 910 non
2935 855 3041 911 erit
3090 853 3430 910 diuturniore
3484 862 3736 924 tempore

2130 964 2298 1020 opus;
2321 948 2416 1004 sed
2445 947 2540 1004 tibi
2565 962 2653 1003 res
2693 947 2746 1001 in
2793 955 2906 1001 tuto
2938 946 3108 1017 posita
3137 947 3242 1002 erit
3263 987 3279 1012 ,
3322 945 3734 1000 consuetudinis

2129 1039 2346 1109 optimae
2367 1038 2618 1094 ﬁrmitate
2637 1037 2746 1108 jam
2771 1037 2978 1092 radices
3008 1036 3278 1093 mittente.
3305 1036 3437 1091 Cum
3466 1051 3596 1107 ergo
3617 1050 3738 1092 co:-

2131 1131 2276 1201 peris
2301 1129 2356 1186 id
2383 1130 2676 1201 corrigere,
2708 1130 2916 1184 etiamsi
2949 1127 3118 1184 semel
3143 1135 3236 1182 aut
3254 1127 3337 1183 bis
3355 1127 3525 1196 legem
3557 1139 3734 1182 trans-

2135 1222 2416 1293 grediaris,
2447 1221 2659 1278 etiamsi
2690 1230 2771 1275 ter
2795 1220 3164 1290 vigesiesque,
3193 1234 3262 1274 ne
3307 1219 3565 1288 desperes
3597 1219 3734 1274 :scd

2131 1331 2368 1387 resurgo,
2413 1314 2766 1384 eamdemque
2790 1329 2974 1369 curam
2999 1313 3233 1383 suscipe,
3267 1313 3530 1384 planeque
3558 1327 3722 1381 supe-

2130 1410 2293 1466 rabis.
2325 1409 2508 1480 Neque
2531 1409 2673 1465 enim
2703 1409 2819 1463 leve
2838 1407 3037 1462 malum
3057 1417 3138 1462 est
3158 1407 3474 1478 perjnrium.
3497 1405 3550 1462 Si
3583 1409 3728 1461 enim

2126 1503 2309 1575 jurare
2334 1518 2365 1558 a
2405 1502 2549 1557 malo
2578 1511 2681 1565 est,
2713 1501 2956 1572 pcjerare
2984 1509 3186 1571 quanto
3212 1499 3475 1569 supplicio
3499 1499 3602 1553 erit
3628 1498 3732 1552 oh-

2131 1594 2384 1651 noxium?
2408 1593 2536 1650 Haec
2562 1593 2701 1649 dicta
2735 1593 3025 1647 laudastis?
3049 1591 3154 1647 Sed
3179 1590 3480 1661 plausibus,
3500 1591 3732 1644 tumultu

2129 1697 2184 1743 et
2208 1688 2386 1743 sonitu
2413 1701 2518 1741 non
2547 1699 2684 1756 opus
2713 1693 2792 1739 est
2837 1683 2989 1737 mihi.
3024 1681 3196 1738 Unum
3251 1681 3373 1735 volo
3411 1691 3640 1746 tantum,
3673 1690 3732 1734 ut

2128 1792 2251 1834 cum
2277 1777 2457 1847 quiete
2485 1785 2540 1832 et
2561 1775 2737 1846 sagaci
2762 1773 3058 1829 attentione
3087 1788 3205 1842 qua:
3235 1771 3486 1826 dicuntur
3510 1771 3731 1826 audien-

2130 1877 2243 1935 tes,
2291 1867 2433 1922 dicta
2463 1865 2854 1937 exsequamini.
2902 1863 3016 1919 lloc
3057 1863 3187 1917 mihi
3219 1863 3438 1934 plausus
3475 1873 3530 1918 et
3557 1863 3728 1917 laudis

2129 1962 2249 2018 loco
2271 1970 2372 2016 est.
2397 1959 2454 2017 Si
2477 1974 2607 2017 vero
2626 1975 2690 2016 ea
2716 1974 2834 2028 qute
2851 1957 3103 2013 dicuntur
3121 1956 3329 2023 audias,
3356 1965 3413 2011 et
3438 1971 3544 2010 non
3567 1956 3730 2011 facias

2127 2068 2190 2108 ea
2221 2068 2340 2124 quae
2365 2052 2570 2118 laudas,
2603 2050 2775 2121 majus
2802 2049 2906 2104 erit
2949 2047 3289 2118 supplicium,
3335 2047 3547 2117 gravior
3566 2063 3728 2102 accu-

2129 2147 2267 2202 satio
2289 2188 2305 2212 ,
2333 2145 2592 2216 nobisque
2617 2144 2789 2215 pudor
2814 2152 2870 2197 ct
2897 2142 3094 2198 irrisio.
3131 2140 3246 2196 Non
3289 2143 3431 2195 enim
3461 2141 3728 2195 theatrum

2128 2251 2254 2296 sunt
2282 2239 2566 2304 hinc,non
2602 2234 2872 2306 tragoedos
2923 2247 3066 2288 nunc
3121 2233 3396 2301 spectatis,
3451 2241 3510 2286 ut
3552 2231 3728 2286 solum

2129 2330 2413 2402 plaudatis.
2455 2327 2815 2398 Magisterium
2843 2335 2923 2379 est
2949 2324 3038 2378 hic
3063 2322 3356 2393 spirituale.
3385 2321 3724 2392 ΟιιειριὈιιιιΨ

2129 2438 2296 2478 ιιηυηι
2323 2420 2558 2476 studium
2584 2427 2688 2486 est,
2717 2427 2776 2473 ut
2797 2431 2916 2488 qua:
2937 2415 3189 2470 dicuntur
3207 2428 3370 2484 opere
3389 2412 3726 2483 compleatis,

2131 2523 2187 2570 ct
2240 2512 2609 2569 obedientiam
2656 2509 2822 2580 gestis
2869 2506 3324 2564 commonstrctis.
3386 2505 3538 2560 Tunc
3585 2506 3729 2560 enim

2129 2607 2308 2664 omnia
2333 2603 2608 2674 assequuti
2627 2603 2829 2658 erimus
2859 2617 2873 2655 :
2914 2609 2968 2654 at
2993 2614 3134 2654 nunc
3161 2613 3298 2668 pene
3323 2597 3616 2666 desperare
3636 2611 3730 2650 co—

2128 2716 2244 2772 gor.
2273 2698 2406 2754 Nam
2427 2707 2481 2752 et
2505 2696 2752 2768 privatim
2780 2709 2876 2750 eos
2898 2735 2912 2758 ,
2944 2693 3032 2763 qui
3064 2705 3152 2746 me
3173 2698 3566 2755 convenerunt,
3615 2687 3730 2744 ha-c

2129 2806 2354 2848 monere
2383 2804 2488 2844 non
2532 2785 2760 2852 cessavi,
2790 2793 2846 2840 et
2876 2784 3025 2839 vobis
3061 2782 3115 2837 in
3145 2795 3430 2836 commune
3452 2779 3728 2850 loquutus,

2129 2884 2265 2940 nihil
2294 2895 2471 2945 tamen
2499 2879 2626 2934 hinc
2663 2878 2867 2934 fructus
2894 2877 3153 2930 hactenus
3185 2881 3496 2944 perceptum
3523 2871 3679 2926 video
3711 2887 3725 2922 :

2130 2976 2228 3034 sed
2248 2990 2344 3031 vos
2370 2973 2556 3045 primis
2569 2971 2744 3028 adhuc
2759 2962 3044 3026 clementis
3070 2966 3338 3021 luerentes
3359 2978 3520 3019 cerno
3544 2979 3560 3020 :
3583 2963 3728 3034 quod

2129 3081 2263 3122 sane
2289 3064 2581 3120 maximum
2633 3069 2814 3132 potest
2865 3057 3078 3112 docenti
3126 3055 3396 3110 fastidium
3445 3069 3728 3124 generare.

2131 3158 2267 3214 Vide
2288 3157 2446 3228 igitur
2464 3167 2516 3211 et
2532 3155 2754 3210 Paulum
2779 3151 2831 3206 id
2855 3150 3080 3205 moleste
3104 3147 3385 3211 ferentem,
3407 3145 3550 3216 quod
3577 3144 3730 3200 audi-

2133 3265 2277 3310 tores
2302 3251 2468 3306 multo
2489 3257 2731 3319 tempore
2757 3245 2808 3299 in
2832 3243 3012 3314 priore
3031 3240 3327 3311 disciplina:
3353 3238 3517 3308 gradu
3541 3252 3728 3293 mane-

2131 3353 2271 3400 rent.
2303 3341 2444 3397 Num
2468 3357 2581 3394 cum
2601 3336 2843 3392 deberetis
2860 3377 2874 3399 ,
2904 3334 3101 3404 inquit,
3129 3331 3360 3402 magistri
3393 3346 3498 3385 esse
3523 3338 3732 3402 propter

2131 3445 2358 3507 tempus,
2403 3448 2608 3488 rursum
2652 3429 2888 3500 indigetis
2917 3437 2972 3480 ut
2993 3425 3276 3480 doceamiui
3299 3425 3340 3492 ί,
3362 3438 3594 3492 quianam
3621 3423 3730 3477 ete-

2131 3537 2301 3582 menta
2315 3524 2415 3580 sint
2433 3520 2670 3596 principii
2695 3518 2939 3573 sermonis
2966 3516 3059 3570 Dei
3081 3513 3270 3585 (Hebr.
3298 3513 3351 3569 5.
3381 3513 3497 3582 12).
3520 3512 3645 3567 Ideo
3668 3521 3725 3566 et

2130 3635 2232 3677 nos
2247 3621 2490 3690 lugemus
2505 3625 2559 3672 et
2572 3613 2891 3687 plangimus.
2919 3610 2998 3664 Ac
3019 3609 3062 3663 si
3087 3616 3497 3678 perseverantes
3525 3620 3623 3659 vos
3644 3605 3729 3659 vi-

2130 3715 2286 3782 dero,
2305 3727 2401 3767 vos
2418 3709 2635 3766 demum
2651 3719 2926 3762 sacrorum
2951 3701 3191 3757 liminum
3214 3699 3358 3752 aditu
3383 3697 3722 3761 interdicam,

2132 3820 2233 3863 nec
2280 3819 2387 3859 non
2429 3797 2836 3872 participatione
2872 3792 3252 3850 immortalium
3309 3789 3688 3861 mysteriorum
3713 3829 3730 3856 ,

2131 3893 2582 3970 quemadmodum
2607 3890 2981 3954 fornicatores,
3011 3883 3307 3948 adulteros,
3335 3891 3388 3937 et
3419 3896 3513 3937 eos
3539 3887 3630 3951 qui
3661 3881 3729 3934 de

2131 3988 2368 4045 caulibus
2390 3992 2730 4040 accusantur.
2771 3978 2961 4034 Melius
2983 3989 3212 4045 namque
3242 3983 3324 4028 est
3354 3988 3476 4028 cum
3521 3972 3734 4027 duobus

2131 4082 2217 4137 vel
2249 4078 2418 4135 tribus
2456 4075 2603 4146 leges
2651 4071 2744 4127 Dei
2789 4065 3199 4125 observantibus
3219 4073 3506 4120 consuetas
3534 4063 3731 4117 afferre

2133 4186 2344 4246 preces,
2389 4161 2561 4240 quam'
2587 4173 2784 4221 cretum
2829 4173 3158 4230 congregare
3187 4155 3588 4226 improborum,
3635 4153 3730 4223 qui

2131 4275 2356 4325 caeteros
2382 4265 2752 4328 corrumpunt.
2791 4254 2872 4311 Ne
2895 4253 3016 4324 quis
3037 4251 3209 4315 dives,
3235 4264 3303 4305 ne
3331 4248 3452 4322 quis
3476 4262 3507 4301 e
3530 4247 3731 4317 primo-

2131 4359 2282 4415 ribus
2303 4356 2538 4418 infletur,
2566 4351 2648 4406 vel
2679 4345 2963 4418 supercilia
2989 4341 3221 4398 attollat.
3247 4339 3372 4394 Haec
3393 4337 3571 4393 omnia
3599 4337 3732 4392 mihi

2133 4449 2309 4508 fabula
2338 4456 2484 4512 sunt,
2516 4442 2702 4499 umbra
2730 4449 2786 4496 et
2811 4437 3104 4494 somnium.
3129 4432 3320 4489 Nullus
3345 4431 3489 4486 enim
3515 4445 3729 4495 eorum,

2133 4543 2222 4614 qui
2253 4553 2395 4596 nunc
2419 4532 2784 4608 opulentiores
2805 4539 2951 4596 sunt,
2971 4526 3103 4582 mihi
3127 4535 3252 4580 tunc
3278 4519 3722 4594 patrocinabitur,

2132 4613 2254 4690 cum
2280 4630 2574 4687 accusabor
2602 4636 2657 4682 et
2675 4623 2912 4680 rationes
2936 4619 3067 4675 dare
3091 4633 3270 4688 cogar,
3302 4613 3445 4687 quod
3474 4629 3581 4668 non
3609 4629 3733 4670 cum

2133 4727 2313 4784 debita
2339 4721 2678 4780 vehementia
2706 4719 2852 4789 leges
2873 4715 2968 4770 Dei
2995 4710 3400 4768 vindicaverim.
3425 4708 3539 4764 Hoc
3559 4709 3731 4776 enim,

2133 4821 2236 4876 hoc
2263 4827 2412 4874 certe
2433 4811 2806 4871 admirandum
2837 4808 2984 4863 illum
3016 4819 3200 4860 senem
3226 4845 3241 4871 ,
3272 4801 3391 4858 Heli
3421 4801 3564 4866 dico,
3605 4816 3734 4872 per-

2133 4911 2289 4980 didit,
2314 4910 2416 4967 etsi
2445 4901 2972 4977 irreprehensibilem
2997 4899 3224 4952 duxerat
3250 4895 3414 4950 vitam
3445 4911 3457 4949 :
3493 4903 3734 4948 attamen

2133 5007 2280 5079 quia,
2307 5018 2431 5060 cum
2458 4999 2798 5057 conculcatas
2842 4992 2939 5048 Dei
2966 4990 3113 5060 leges
3134 4987 3362 5054 videret,
3389 4985 3443 5041 id
3471 4984 3734 5055 neglexit,

2133 5074 2256 5155 cum
2285 5095 2409 5152 filiis
2427 5092 2648 5165 punitus
2677 5095 2782 5154 est,
2829 5094 2884 5140 et
2920 5095 3084 5153 grave
3109 5078 3433 5149 supplicium
3461 5076 3645 5131 subiit.
3678 5074 3736 5130 Si

2133 5201 2312 5249 autem
2338 5187 2430 5244 ubi
2463 5193 2608 5241 tanta
2645 5189 2851 5236 naturae
2894 5173 3139 5247 tyrannis
3165 5180 3320 5238 erat,
3369 5171 3446 5233 is,
3486 5169 3576 5239 qui
3626 5183 3736 5222 non

2134 5284 2311 5341 debita
2361 5276 2648 5335 severitate
2681 5286 2804 5328 cum
2836 5269 2960 5323 ﬁliis
2999 5265 3112 5320 suis
3153 5274 3238 5318 est
3263 5276 3412 5328 usus,
3446 5261 3516 5314 ita
3541 5273 3739 5330 graves

2134 5376 2280 5433 dedit
2305 5385 2513 5444 poenas,
2545 5381 2648 5439 qua
2673 5378 2775 5419 nos
2800 5360 2955 5417 venia
2998 5356 3318 5413 donabimur
3342 5354 3411 5408 ab
3437 5353 3527 5407 illa
3553 5363 3738 5424 tyran-

2137 5469 2260 5524 nide
2287 5463 2516 5528 liberati,
2547 5459 2637 5531 qui
2678 5467 2857 5512 tamen
2883 5452 3062 5508 omnia
3088 5449 3400 5505 adulatione
3428 5448 3736 5516 corrumpi-

2137 5559 2290 5617 mus?
2316 5558 2396 5613 Ne
2432 5556 2613 5624 itaque
2641 5560 2696 5607 et
2739 5563 2840 5604 nos
2863 5556 2920 5602 et
2938 5559 3035 5599 vos
3061 5544 3206 5613 ipsos
3234 5539 3490 5610 perdatis,
3519 5539 3736 5594 obtem-

2137 5661 2350 5726 perate,
2379 5647 2608 5703 obsecro
2635 5684 2649 5706 ,
2681 5649 2739 5696 ut
2765 5641 3075 5694 innumeros
3105 5633 3258 5688 vobis
3283 5631 3656 5701 exploratores
3683 5639 3738 5687 et

2137 5745 2431 5804 monitores
2473 5737 2878 5798 constituentes,
2931 5729 3412 5799 ajurameutorum
3442 5733 3738 5780 consuetu—

2203 5880 2220 5906 ι
2259 5868 2374 5931 Alii,
2400 5876 2596 5918 rursum
2619 5857 2845 5926 indigetis
2869 5863 3100 5920 tempore,
3119 5857 3169 5903 ut
3192 5845 3478 5902 doceanu'ni.
