4050 6364
317 338 424 396 9.65

327 453 583 526 Ἀϐραάμ
610 453 711 509 οὐκ
739 455 1186 530 ἀνθρωποκτόνος
1217 459 1401 530 μόνον,
1427 459 1561 513 ἀλλά
1586 461 1681 513 καὶ
1719 459 1930 514 παιδο-’

315 538 506 600 κτόνος
536 537 585 610 (δ
611 538 790 610 πολλῷ
821 541 939 573 ³⁸’³⁹
972 546 1150 614 χεῖρον
1179 539 1270 614 ἦν)
1300 543 1613 613 γενόμενος,
1642 543 1906 614 μειζόνως

314 620 647 693 εὐδοκίμησε
674 625 858 679 πάλιν.
903 626 1015 680 Καὶ
1043 628 1072 679 ὀ
1112 627 1319 698 Πέτρος
1356 627 1413 681 δέ
1452 627 1674 681 διπλοῦν
1713 627 1907 699 εἰργά-

316 719 446 755 σατο
477 704 659 774 φόνον,
691 708 806 760 ἀλλ’
834 710 985 780 ὅμως
1008 711 1384 780 πνευματικὸν
1409 711 1470 764 τὸ
1495 711 1790 781 γενόμενον
1814 707 1904 783 ἦν.

315 788 361 817 ⁸⁸
505 789 688 842 τοίνυν
720 791 910 854 ἁπλῶς
936 795 1007 848 τά
1049 795 1353 866 πράγματα
1375 794 1741 866 ἐξετάζωμεν,
1769 797 1907 850 ἀλλά

314 873 409 926 καὶ
437 874 654 944 καιρὸν.
688 878 784 930 καὶ
819 877 1017 936 αἰτίαν.
1044 881 1138 932 καὶ
1166 877 1414 950 γνώμην,
1458 880 1554 933 καὶ
1599 879 1908 951 προσώπων

311 957 601 1028 διαφοράν,
631 959 722 1012 καὶ
743 959 845 1014 ὅσα
862 960 928 1014 ἀν
958 962 1142 1025 αὐτοῖς
1170 961 1334 1032 ἕτερα
1360 963 1635 1037 συμϐαίνῃ
1657 965 1701 996 δι
1728 966 1908 1020 πάντα

314 1041 459 1110 μετά
501 1041 788 1112 ἀκριϐείας
815 1044 1090 1115 ζητῶμεν·
1119 1044 1240 1098 οὐδὲ
1265 1045 1375 1116 γὰρ
1415 1047 1563 1100 ἐστιν
1585 1047 1789 1118 ἑτέρως
1815 1051 1907 1119 ἐφ-

310 1123 530 1177 ικέσθαι
560 1126 659 1196 τῆς
699 1126 980 1198 ἀληθείαςο
1021 1127 1118 1181 καὶ
1149 1128 1566 1202 σπουδάζωμεν,
1609 1132 1660 1184 εί
1700 1131 1908 1202 βουλοί-

310 1209 456 1277 μεθα
513 1209 792 1279 βασιλείας
840 1212 1143 1283 ἐπιτυχεῖν,
1193 1213 1357 1267 πλέον
1407 1233 1461 1270 τι
1505 1216 1616 1270 τῶν
1658 1217 1906 1271 παλαιῶν

307 1293 685 1358 ἐπιδείξασθαι
733 1296 1148 1366 ἐπιταγμάτων,
1188 1299 1266 1364 ὡς
1306 1301 1407 1354 οὐκ
1458 1299 1580 1356 ἐνὸν
1628 1300 1674 1332 ⁸³
1729 1301 1904 1366 ἄλλως

308 1377 666 1431 ἐπιλαϐέσθαι
699 1379 811 1431 τῶν
838 1380 1127 1451 οὐρανίων.
1161 1383 1259 1438 Ἂν
1290 1383 1400 1456 γὰρ
1431 1385 1514 1447 εἰς
1541 1387 1603 1438 τὸ
1635 1385 1768 1439 αὐτὸ
1811 1387 1906 1458 μέα

306 1479 437 1532 τρον
480 1461 589 1515 τῶν
645 1463 891 1516 παλαιῶν
936 1464 1257 1537 φθάσωμεν,
1291 1467 1399 1532 ἔξω
1447 1467 1559 1522 τῶν
1615 1467 1907 1540 προθύρων

308 1547 630 1617 στησόμεθα
676 1547 902 1602 τούτων.
955 1549 1057 1603 Ἂν
1115 1550 1228 1620 γὰρ
1285 1552 1374 1622 μὴ
1435 1545 1816 1623 περισσεύσῃ
1864 1556 1903 1624 ἡ

304 1630 670 1700 δικαιοσύνη
737 1632 908 1702 ὑμῶν
951 1635 1146 1689 πλέον
1197 1635 1318 1690 τῶν
1365 1642 1752 1708 γραμματέων
1802 1642 1904 1694 καί

304 1714 672 1781 Φαρισαίων,
713 1719 788 1771 οὐ
821 1717 1090 1773 δύνασθε
1126 1721 1427 1775 εἰσελθεῖν
1462 1724 1550 1788 είς
1585 1722 1701 1790 τὴν
1721 1723 1899 1787 ,ϐασι-

302 1801 481 1852 ..λείαν
535 1798 656 1854 τῶν
714 1800 1006 1869 οὐρανῶν.
1066 1803 1208 1856 Ἀλλ’
1262 1805 1433 1874 ὅμως,
1492 1808 1586 1859 καὶ
1638 1806 1906 1878 τοσαύτης

299 1882 535 1952 ἀπειλῆς
568 1884 850 1956 κειμένης,
875 1886 983 1939 εἰσί
1002 1903 1169 1950 τινες,
1191 1887 1241 1940 οἳ
1262 1888 1322 1940 ού
1357 1889 1518 1958 μόνον
1537 1889 1634 1960 οὐχ
1665 1890 1712 1921 ⁸³
1738 1891 1906 1963 ὑπερ-

300 1967 552 2020 ϐαίνουσι
581 1967 682 2039 τὴν
709 1968 1062 2043 δικαιοσύνην
1085 1971 1328 2042 ἐκείνην,
1357 1972 1494 2026 ἀλλὰ
1523 1975 1617 2028 καὶ
1646 1974 1906 2046 ὑστεροῦ-

302 2069 389 2105 σιν
417 2052 612 2123 αὐτῆς.
652 2053 728 2107 Οὐ
758 2056 863 2125 γάρ
903 2055 1066 2124 μόνον
1098 2058 1298 2128 ὅρκους
1326 2058 1388 2110 οὐ
1420 2058 1738 2128 φεύγουσιν,
1769 2059 1906 2114 ἀλλά

301 2140 397 2201 καὶ
427 2137 805 2208 ἐπιορκοῦσιν·
830 2139 892 2192 ού
928 2140 1090 2210 μόνον
1117 2141 1418 2196 ἀκόλαστον
1445 2142 1568 2213 ὄψιν
1589 2143 1689 2196 οὐκ
1721 2143 1908 2197 ἐκκλί-

298 2238 503 2284 νουσιν,
537 2221 675 2276 ἀλλά
701 2224 797 2276 καὶ
829 2225 909 2286 είς
946 2224 1117 2295 αὐτὴν
1148 2225 1247 2296 τὴν
1281 2226 1528 2298 πονηράν
1563 2226 1904 2296 ἐμπίπτουσι

299 2305 525 2376 πρᾶξιν,
564 2307 660 2360 καὶ
695 2306 763 2360 τά
811 2306 949 2361 ἀλλα
986 2309 1164 2362 πάντα
1203 2307 1524 2380 ἀναλγήτως
1565 2311 1632 2365 τὰ
1660 2312 1905 2364 κεκωλυ-

300 2389 441 2458 μένα
466 2389 744 2459 τολμῶσιν
767 2406 780 2420 ο
813 2389 871 2443 ἓν
896 2391 1055 2462 μόνον
1090 2393 1474 2464 ἀναμένοντες,
1501 2392 1604 2464 τῆς
1629 2395 1904 2461 κολάσεως

296 2475 398 2544 τῆν
422 2473 666 2546 ἡμέραν,
700 2474 794 2528 καὶ
837 2476 971 2529 πότε
1001 2477 1048 2508 δ’
1079 2477 1177 2548 τὴν
1221 2479 1459 2550 ἐσχάτην
1492 2478 1601 2532 τῶν
1647 2480 1904 2552 πεπλημ·-

300 2557 438 2627 μελη
450 2557 633 2626 μένων
663 2557 895 2612 δώσουσι
928 2560 1104 2631 δίκην
1151 2561 1180 2614 ὃ
1225 2563 1334 2614 τῶν
1368 2564 1427 2614 ἐν
1458 2563 1697 2635 πονηρίᾳ
1733 2582 1904 2618 κατα-

296 2643 587 2696 λυσάντων
619 2643 713 2696 τὸν
739 2643 854 2713 βίον
887 2645 1004 2698 ἐστὶ
1033 2646 1215 2716 μόνον.
1260 2647 1534 2709 Ἐκείνους
1559 2651 1668 2719 γὰρ
1701 2649 1902 2717 ἀπογι-

297 2727 533 2781 νώσκειν
565 2727 695 2798 χρὴ.
730 2730 824 2782 καὶ
855 2729 1026 2800 μηδὲν
1051 2729 1238 2801 ἕτερον
1271 2731 1304 2802 ἦ
1343 2731 1441 2803 τὴν
1474 2732 1695 2786 κόλασιν
1717 2732 1904 2786 λοιπὸν

295 2813 619 2882 ἀναμένειν.
651 2813 714 2866 Οἱ
745 2814 853 2884 γὰρ
885 2812 1124 2867 ἐνταῦθα
1166 2814 1321 2878 ὄντες
1354 2815 1458 2881 ἔτι,
1491 2817 1586 2870 καὶ
1615 2816 1905 2887 ἀναμαχή-

299 2897 501 2950 σασθαι
530 2897 578 2928 ⁸⁵
602 2897 949 2968 δυνήσονται,
973 2898 1070 2951 καὶ
1096 2899 1340 2969 νικῆσαι,
1367 2902 1464 2956 καὶ
1492 2902 1904 2974 στεφανωθῆναι

297 2980 525 3052 ῥαδίως.
1611 3021 1614 3024 ~

365 3065 433 3128 ζ’.
475 3065 526 3098 ⁸⁸
553 3064 646 3136 Μή
693 3064 876 3118 τοίνυν
919 3065 1240 3138 ἀναπέσῃς,
1294 3065 1574 3138 ἄνθρωπε,
1632 3067 1765 3139 μηδέ
1809 3067 1908 3140 τὴν

295 3149 471 3218 καλήν
510 3148 826 3221 καταλύσῃς
861 3149 1174 3221 προθυμίαν
1199 3167 1213 3181 ⁶
1251 3150 1374 3204 οὐδὲ
1407 3151 1518 3221 γάρ
1563 3152 1798 3221 φορτικὰ
1840 3151 1911 3206 τά

295 3233 720 3304 ἐπιταττόμενα.
746 3236 905 3297 Ποῖος
945 3235 1131 3299 πόνος,
1158 3235 1282 3288 είπέ
1312 3252 1425 3305 μοι,
1453 3235 1614 3305 ὅρκον
1643 3235 1865 3304 φεύγειν
1890 3255 1906 3302 ;

297 3316 376 3388 μή
406 3317 519 3388 γὰρ
546 3317 758 3388 δαπάνη
794 3319 1094 3390 χρημάτων
1124 3318 1278 3384 ἐστί;
1331 3319 1408 3390 μὴ
1457 3317 1568 3388 γὰρ
1606 3317 1766 3389 ἱδρὼς
1810 3320 1905 3372 καὶ

294 3401 681 3471 ταλαιπωρία;
719 3402 911 3474 Ἀρκεῖ
953 3401 1181 3473 θελῆσαι
1217 3402 1405 3473 μόνον,
1434 3401 1529 3454 καὶ
1560 3401 1621 3453 τὸ
1661 3403 1772 3455 πᾶν
1814 3403 1906 3470 γέ-

293 3503 474 3554 γονεν.
498 3486 576 3538 ,Εἰ
617 3485 674 3538 δὲ
705 3487 805 3557 τὴν
847 3485 1137 3557 συνήθειάν
1176 3503 1268 3556 μοι
1291 3485 1334 3516 ⁸⁷
1393 3482 1704 3557 προϐάλλῃ,
1752 3483 1902 3558 [252]

294 3570 360 3622 δι’
383 3569 520 3623 αὐτὸ
557 3569 655 3639 μὲν
699 3565 792 3622 οῦν
833 3569 994 3623 τοῦτο
1041 3568 1280 3640 μάλιστα
1310 3567 1535 3622 εὔκολον
1569 3563 1710 3621 εἷναί
1759 3587 1902 3640 φημι

292 3654 355 3708 τὸ
398 3652 758 3722 κατόρθωμα.
791 3655 891 3707 Ἂν
921 3653 1031 3725 γάρ
1059 3656 1138 3717 εἰς
1170 3653 1366 3723 ἑτέραν
1395 3653 1589 3706 σαυτὸν
1627 3656 1903 3725 καταστήο

297 3754 396 3808 σης
440 3737 755 3805 συνήθειαν,
781 3738 842 3790 τὸ
881 3738 990 3789 πᾶν
1025 3735 1419 3806 κατώρθωσας.
1458 3737 1740 3806 Ἐννόησον
1771 3737 1903 3805 γοῦν

292 3821 374 3874 ὅτι
403 3823 539 3892 παρ’
563 3820 790 3890 Ἕλλησι
818 3821 1022 3885 πολλοὶ,
1052 3820 1102 3873 οἱ
1131 3821 1232 3892 μὲν
1259 3819 1667 3891 τραυλίζοντες,
1699 3819 1901 3894 μελέτῃ

293 3905 465 3977 πολλῇ
515 3905 862 3976 χωλεύουσαν
897 3907 1083 3969 αὐτοῖς
1120 3905 1220 3976 τὴν
1261 3904 1516 3974 γλῶσσαν
1542 3903 1861 3975 διώρθωσαν
1883 3921 1897 3934 ·

291 3993 340 4046 οξ
365 3992 424 4044 δὲ
458 3993 590 4054 τοὺς
622 3989 809 4062 ὤμους
851 3991 1106 4054 ἀτάκτως
1148 3990 1594 4060 ἀναφερομένους
1613 3989 1658 4022 ⁸⁸
1689 3991 1784 4042 καὶ
1814 4007 1899 4042 κι-

293 4074 593 4145 νουμένους
645 4074 920 4146 συνεχῶς,
971 4073 1124 4143 ξίφος
1172 4073 1508 4137 ἐπιτιθέντες
1551 4073 1893 4144 ἀπέστησαν.

305 4158 530 4229 Ἐπειδὴ
587 4158 694 4230 γὰρ
741 4159 853 4212 ἀπὸ
903 4157 1138 4228 Γραφῶν
1185 4158 1245 4211 οὐ
1298 4156 1582 4222 πείθεσθε,
1632 4159 1740 4212 ἀπὸ
1786 4157 1898 4212 τῶν

291 4242 497 4310 ἔξωθεν
546 4241 933 4312 ἀναγκάζομαι
984 4242 1292 4313 ἐντρέπειν.
1341 4241 1515 4295 Τοῦτο
1563 4243 1660 4296 καὶ
1689 4243 1718 4295 ὁ
1765 4241 1897 4306 Θεὸς

292 4327 430 4394 πρὸς
471 4325 765 4390 Ἰουδαίους
813 4324 988 4378 ἐποίει
1029 4325 1242 4395 λέγων·
1287 4325 1628 4393 Πορεύθητε
1657 4327 1746 4391 εὶς
1790 4325 1899 4394 νή-

291 4420 448 4474 σους
475 4406 745 4478 Χετιεὶμ,
789 4409 890 4462 καί
938 4412 1028 4476 εἷς
1070 4407 1275 4478 Κηδὰρ
1323 4409 1748 4470 ἀποστείλατε,
1797 4409 1899 4462 καὶ

289 4492 483 4565 γνῶτε
522 4494 577 4546 εὶ
606 4492 978 4556 ἀλλάξων-ται
1011 4492 1156 4561 ἔθνη
1188 4491 1366 4559 θεοὺς
1391 4491 1624 4545 αὐτῶνθ
1659 4491 1757 4546 καὶ
1789 4494 1898 4546 αὺ-

290 4576 380 4632 τοὶ
425 4578 544 4631 οὐκ
588 4576 709 4630 alat
747 4578 891 4632 θεοί.
927 4578 1038 4630 Καὶ
1078 4577 1218 4649 πρὸς
1261 4576 1333 4630 τὰ
1380 4577 1550 4646 ἄλογα
1590 4576 1648 4629 δὲ
1687 4575 1898 4647 πέμπει

291 4661 582 4726 πολλάκις,
607 4659 750 4714 οὓτω
790 4661 997 4728 λέγων’
1036 4661 1139 4715 Ἴθι
1183 4660 1338 4729 πρὸς
1370 4659 1480 4714 τὸν
1513 4661 1817 4730 μύρμηκα,
1851 4655 1898 4714 ὦ

291 4747 537 4814 ὀκνηρέ,
570 4746 669 4798 καὶ
704 4743 982 4815 ζήλωσον
1027 4747 1135 4812 τὰς
1171 4744 1354 4812 ὁδοὺς
1395 4744 1605 4807 αὐτοῦ,
1652 4743 1754 4798 καί
1798 4757 1900 4798 πο-

283 4831 538 4898 ρεύθητι
568 4830 719 4896 πρὸς
752 4829 870 4897 τὴν
892 4829 1222 4899 μέλισσαν.
1250 4829 1421 4882 Τοῦτο
1450 4827 1630 4881 τοίνυν
1660 4828 1754 4881 καὶ
1785 4828 1898 4898 ἐγὼ

290 4912 386 4966 νῦν
408 4916 457 4945 δ’
489 4913 625 4983 ὑμῖν
667 4912 810 4984 ἐρῶ⁸
859 4914 1150 4984 ἐννοήσατε
1189 4913 1320 4977 τοὺς
1370 4912 1641 4984 Ἑλλήνων
1681 4911 1897 4982 φιλοσό-

291 5015 462 5066 φους,
501 4997 598 5050 καὶ
639 4996 761 5050 τότε
795 4996 1008 5051 εἴσεσθε
1056 4999 1233 5067 πόσης
1282 4997 1518 5069 ἐσμέν⁵⁰
1553 4995 1696 5061 ἄξιοι
1735 4994 1896 5050 κολά-

293 5099 433 5147 σεως
465 5083 522 5136 οἱ
569 5081 680 5136 τῶν
723 5083 906 5152 νόμων
947 5082 1057 5136 τῶν
1099 5083 1260 5136 θείων
1294 5079 1732 5153 παρακούοντες·
1767 5081 1896 5135 ὅταν

291 5168 495 5220 ἐκεῖνοι
530 5167 629 5237 μὲν
677 5167 818 5236 ὑπὲρ
859 5166 1278 5238 εὐσχημοσύνης
1320 5164 1675 5238 ἀνθρωπίνης
1727 5163 1897 5235 μυρία

290 5243 394 5304 ὦσι
431 5253 806 5320 πεπονηκότες
829 5250 896 5310 ⁸¹.
933 5250 1091 5320 ὑμεῖς
1134 5249 1192 5303 δέ
1229 5250 1365 5320 μηδέ
1399 5249 1540 5322 ὑπὲρ
1588 5247 1696 5301 τῶν
1729 5247 1894 5320 ούρα-

291 5335 420 5387 νίων
462 5332 563 5404 τὴν
592 5332 764 5403 αὐτὴν
794 5332 1112 5405 παρέχησθε
1144 5333 1404 5404 σπουδήν.
1432 5334 1496 5387 Εἰ
1526 5331 1582 5385 δὲ
1616 5331 1710 5385 καὶ
1754 5331 1894 5402 μετὰ

289 5418 465 5472 ταῦτα
497 5416 703 5486 λέγοις,
737 5417 820 5471 ὅτι
845 5417 1020 5471 δεινὸν
1052 5419 1086 5489 ή
1124 5417 1385 5488 συνήθεια
1415 5415 1610 5486 κλέψαι
1645 5414 1740 5468 καὶ
1767 5416 1893 5481 τοὺς

1461 340 1529 395 IN
1564 339 1986 398 MATTHIEUM
2025 337 2260 397 HOMIL.
2303 336 2470 392 XVII.

3493 339 3609 398 264

2015 457 2224 528 σφόδρα
2272 454 2706 520 σπουδάζοντας,
2751 453 3002 526 ὁμολογῶ
3051 457 3149 526 μὲν
3189 456 3348 512 τοῦτο
3403 457 3561 526 κάγὼ
3584 473 3600 491 ⁸

2013 539 2152 612 πλὴν
2181 541 2405 593 κάκεῖνο
2454 536 2594 610 μετά
2625 537 2815 592 τούτου
2852 541 3015 611 φημὶ,
3060 541 3144 593 δτι
3191 539 3381 613 ὥσπερ
3429 540 3602 596 δεινὸν

2011 623 2314 693 ἀπατῆσαι,
2355 622 2500 676 οὕτω
2542 623 2637 675 καὶ
2689 621 2910 676 εὔκολον
2955 623 3335 696 διορθωθῆναι.
3363 627 3462 678 Ἂν
3492 627 3602 694 γὰρ

2010 709 2310 780 ἐπιστήσῃς
2339 707 2431 760 ἐπὶ
2462 707 2564 778 τῆς
2595 707 2772 772 οἰκίας
2815 708 3044 764 πολλοὺς
3091 710 3277 782 σαυτῷ
3322 709 3598 782 φύλακας,

2009 787 2121 845 οἷον
2147 793 2237 845 τὸν
2265 791 2506 862 οἰκέτην,
2533 792 2630 864 τὴν
2660 795 2915 861 γυναῖκα,
2943 794 3032 849 τὸν
3058 794 3232 864 φίλον,
3268 796 3468 868 ῥαδίως
3496 795 3604 849 ὑπὸ

2010 876 2229 929 πάντων
2273 875 2685 946 συνωθούμενός
2715 895 2776 930 τε
2806 880 2900 931 καὶ
2944 879 3428 949 συνελαυνόμενος,
3465 881 3602 934 ἀπο-

2011 961 2185 1032 στήσῃ
2229 960 2330 1030 τῆς
2381 963 2628 1033 πονηρᾶς
2681 962 2994 1034 συνηθείας.
3038 964 3158 1018 Κάν
3195 964 3330 1018 δέκα
3379 965 3603 1037 ἡμέρας

2013 1043 2172 1114 μόνον
2199 1044 2330 1097 αὐτὸ
2361 1043 2734 1116 κατορθώσῃς,
2765 1045 2950 1101 οὐκέτι
2985 1048 3154 1119 δεήσῃ
3189 1047 3375 1100 λοιπὸν
3411 1050 3602 1120 ἐτέρου

2009 1128 2226 1199 χρόνου,
2251 1128 2388 1182 ἀλλά
2415 1130 2658 1183 κείσεταί
2693 1147 2776 1184 σοι
2807 1132 2944 1202 μετά
2965 1129 3264 1200 ἀσφαλείας
3290 1134 3352 1188 τὸ
3373 1137 3502 1200 πᾶν,
3534 1139 3602 1208 τῇ

2008 1212 2107 1282 τῆς
2140 1210 2435 1284 καλλίστης
2475 1213 2764 1284 συνηθείας
2797 1215 3122 1287 στερρότητι
3152 1217 3315 1270 πάλιν
3345 1218 3599 1284 ριζωθέν.

2012 1293 2180 1348 Ὅταν
2200 1292 2293 1350 οῦν
2314 1293 2455 1369 ἄρξῃ
2470 1296 2627 1350 τοῦτο
2646 1297 2912 1370 διορθοῦν,
2933 1298 3033 1352 κᾶν
3050 1299 3216 1366 ἀπαξ,
3235 1299 3336 1354 κᾶν
3351 1300 3605 1376 δεύτερον

2009 1380 2265 1459 παραϐῇς
2292 1381 2384 1434 τὸν
2406 1381 2588 1452 νόμον.
2609 1382 2715 1436 κᾶν
2734 1383 2937 1453 τρίτον,
2958 1382 3062 1436 κᾶν
3083 1384 3348 1446 εἰκοστὸν,
3369 1387 3444 1459 μὴ
3475 1387 3604 1440 ἀπο-

2009 1458 2180 1530 γνῷς·
2212 1459 2349 1515 ἀλλά
2379 1461 2544 1516 πάλιν
2569 1463 2855 1535 ἀνάστηθι,
2885 1463 2979 1518 καὶ
3011 1463 3269 1518 ἐπιλαϐοῦ
3304 1465 3402 1536 τῆς
3432 1467 3603 1539 αὐτῆς

2010 1543 2272 1614 σπουδῆς,
2314 1545 2410 1599 καὶ
2459 1547 2690 1618 περιέσῃ
2726 1547 2965 1612 πάντως.
3010 1548 3146 1602 Οὐδὲ
3192 1547 3302 1621 γὰρ
3341 1549 3402 1602 τὸ
3435 1551 3597 1622 τυχόν

2008 1627 2125 1680 ἐστι
2163 1626 2332 1682 κακὸν
2363 1630 2622 1702 ἐπιορκία
2643 1632 2711 1685 ⁸³.
2744 1632 2806 1685 Εἰ
2841 1631 2897 1684 δὲ
2929 1631 2991 1685 τὸ
3031 1631 3261 1702 όμνύναι
3290 1631 3385 1685 τοῦ
3429 1651 3601 1706 πονη-

2010 1711 2127 1782 ροῦ,
2159 1711 2221 1764 τὺ
2265 1713 2544 1785 ἐπιορκεῖν
2575 1716 2750 1785 πόσην
2781 1714 2918 1768 οίσει
2965 1714 3064 1786 τὴν
3106 1715 3406 1787 τιμωρίανς
3470 1717 3602 1771 Ἐπ-

2007 1796 2237 1868 ῃνέσατε
2269 1797 2338 1851 τὰ
2372 1800 2668 1870 εἰρημένας
2710 1800 2869 1856 ’Λλλά
2903 1818 2994 1871 μοι
3015 1801 3226 1868 κρότων
3257 1801 3318 1855 ού
3352 1801 3450 1866 δεῖ,
3481 1802 3602 1856 οὐδὲ

2009 1880 2276 1952 θορύϐων,
2308 1883 2432 1936 οὐδὲ
2460 1886 2620 1956 ἠχῆς.
2657 1885 2752 1938 Ἕν
2787 1883 3048 1955 βούλομαι
3101 1885 3284 1956 μόνον,
3323 1887 3443 1955 μεθ’
3471 1888 3603 1958 ήσυ-

2007 1965 2132 2034 χίας
2170 1967 2264 2019 καὶ
2298 1967 2609 2039 ἐπιστήμης
2643 1968 2962 2033 ἀκούοντας,
3002 1971 3181 2022 ποιεῖν.
3206 1970 3274 2023 τά
3307 1970 3600 2041 λεγόμενα.

2007 2049 2182 2102 Τοῦτό
2225 2067 2316 2121 μοι
2352 2050 2578 2122 κρότος,
2618 2051 2777 2104 τοῦτο
2817 2051 3112 2122 ἐγκώμιον.
3141 2053 3240 2106 "Av
3281 2053 3340 2106 δέ
3371 2055 3602 2128 ἐπαινῇς

2011 2133 2110 2204 μέν
2140 2132 2209 2186 τά
2237 2135 2526 2206 εἰρημένα,
2558 2133 2634 2206 μὴ
2660 2137 2822 2206 ποιῇς
2848 2134 2905 2188 δὲ
2929 2134 3076 2208 ἅπερ
3104 2137 3367 2201 ἐπαινεῖς,
3399 2139 3601 2208 μείζων

2009 2215 2111 2288 μὲν
2147 2217 2181 2288 ἡ
2227 2217 2480 2283 κόλασις,
2517 2218 2720 2272 πλείων
2753 2219 2810 2272 δὲ
2856 2221 2890 2291 ή
2942 2222 3284 2291 κατηγορία,
3333 2222 3427 2274 καὶ
3468 2224 3602 2293 ἡμῖν

2006 2301 2238 2373 αἰσχύνη
2271 2302 2366 2357 καὶ
2397 2302 2589 2371 γέλως.
2618 2301 2753 2356 Οὐδὲ
2782 2303 2891 2374 γὰρ
2932 2302 3158 2376 θέατρόν
3195 2307 3313 2358 ἐστι
3349 2306 3419 2358 τά
3460 2323 3602 2378 παρν-

2006 2386 2157 2450 όντα,
2185 2386 2245 2438 οὐ
2276 2385 2590 2457 τραγῳδοὺς
2624 2385 2868 2457 κάθησθε
2907 2386 3170 2459 θεώμενοι
3196 2387 3313 2454 νῦν,
3343 2389 3429 2442 ἶνα
3475 2407 3603 2462 κρο-

2006 2469 2138 2539 τῆτε
2169 2471 2352 2540 μόνον.
2414 2470 2794 2524 Διδασκαλείόν
2833 2472 2950 2525 ἐστι
2983 2472 3050 2525 τά
3090 2473 3324 2527 ἐνταῦθα
3355 2492 3602 2544 πνευμα-

2005 2554 2176 2607 τικόν.
2206 2553 2298 2606 Διὸ
2339 2554 2432 2606 καὶ
2463 2553 2525 2606 τὺ
2554 2554 2991 2625 σπουδαζόμενον
3015 2555 3073 2609 ἓν
3103 2557 3271 2615 ἐστιν,
3300 2555 3440 2610 ὥστε
3473 2575 3602 2613 κατ-

2005 2639 2244 2710 ορθῶσαι
2277 2639 2345 2692 τὰ
2379 2639 2667 2710 εἰρημένα,
2691 2641 2788 2693 καὶ
2821 2640 2911 2694 διὰ
2959 2640 3066 2695 τῶν
3107 2641 3284 2712 ἔργων
3338 2643 3603 2710 ἐπιδεῖξαι

2004 2725 2104 2795 τὴν
2127 2725 2390 2794 ὑπακοήν.
2421 2723 2554 2777 Τότε
2583 2723 2692 2795 γὰρ
2713 2724 2774 2778 τὸ
2803 2726 2912 2778 πᾶν
2942 2725 3181 2796 ἐσόμεθα
3206 2725 3599 2797 ἀπειληφότες·

2004 2806 2080 2870 ὡς
2111 2807 2208 2860 νῦν
2241 2825 2306 2877 γε
2344 2807 2438 2860 καὶ
2462 2807 2930 2879 άπηγορεύσαμεν
2969 2807 3172 2864 λοιπόν.
3211 2810 3322 2864 Καὶ
3351 2811 3463 2882 γάρ
3510 2812 3607 2866 καὶ

2004 2893 2117 2956 τοῖς
2156 2891 2262 2964 ἰδίᾳ
2313 2893 2772 2963 συντυγχάνουσιν
2812 2893 2876 2946 οὑ
2915 2893 3157 2947 διέλιπον
3187 2895 3358 2949 ταῦτα
3397 2913 3603 2970 παραι-

2005 2975 2134 3039 νῶν,
2163 2976 2258 3031 καὶ
2292 2977 2421 3048 ὑμῖν
2470 2980 2624 3048 κοινῇ
2673 2977 3074 3050 διαλεγόμενος,
3126 2979 3222 3033 καὶ
3267 2981 3420 3035 οὐδὲν
3465 2983 3605 3044 ὅλως

2005 3060 2119 3130 ὁρῶ
2151 3061 2519 3132 γεγενημένον
2537 3061 2696 3115 πλέον
2725 3059 2902 3134 [Ξ35],
2924 3061 3040 3115 ἀλλ’
3061 3061 3142 3116 ἐτι
3174 3063 3286 3116 τῶν
3312 3067 3605 3138 προτέρων

2009 3142 2154 3213 ὑμᾶς
2211 3145 2506 3214 ἐχομένους
2558 3145 2868 3216 στοιχείων·
2918 3145 3055 3218 ὅπερ
3110 3147 3296 3200 ἱκανὸν
3346 3149 3424 3220 τῷ
3458 3151 3604 3205 διδά-

2008 3242 2194 3280 σκοντι
2220 3227 2388 3281 πολὺν
2418 3228 2654 3281 ἐνθεῖναι
2681 3227 2772 3281 τὸν
2801 3227 2978 3283 ὄκνον.
3003 3229 3148 3300 Ὅρα
3173 3230 3304 3300 γοῦν
3334 3234 3429 3286 καὶ
3454 3235 3602 3289 Παῦ-

2007 3307 2097 3363 λον
2128 3310 2218 3364 διὰ
2237 3311 2396 3364 τοῦτο
2422 3311 2944 3383 δυσανασχετοῦντα,
2970 3314 3053 3368 ὅτι
3073 3315 3240 3369 πολὺν
3264 3317 3457 3388 χρόνον
3479 3319 3602 3352 ⁸³’⁵⁶

2005 3397 2118 3458 τοῖς
2162 3396 2451 3467 προτέροις
2496 3398 2821 3468 ἐνδιέτριϐον
2876 3399 3195 3471 μαθήμασιν
3227 3402 3278 3454 οἰ
3312 3402 3602 3474 ἀκροαταί.

2008 3478 2120 3534 Καὶ
2149 3481 2258 3552 γὰρ
2308 3482 2658 3550 ὀφείλοντες
2688 3483 2863 3549 εἶναι,
2911 3483 3046 3552 φησὶ
3065 3523 3080 3549 ,
3115 3483 3473 3542 διδάσκαλοι
3503 3488 3603 3546 διὰ

2004 3565 2112 3616 τὸν
2140 3565 2383 3634 χρόνον,
2412 3565 2600 3619 πάλιν
2631 3569 2841 3635 χρείαν
2867 3567 3036 3636 ἔχετε
3065 3567 3171 3621 τοῦ
3201 3567 3602 3627 διδάσκεσθαι

2002 3648 2180 3718 ὑμᾶς,
2225 3649 2362 3703 τινα
2394 3650 2465 3704 τὰ
2518 3653 2791 3721 στοιχεῖα
2822 3647 2935 3721 τῆς
2971 3651 3168 3722 ἀρχῆς
3219 3652 3338 3706 τῶν
3378 3657 3602 3726 λογίων

2003 3732 2110 3786 τοῦ
2143 3732 2314 3787 Θεοῦ.
2346 3734 2438 3808 Διὸ
2480 3734 2575 3788 καὶ
2609 3738 2772 3806 ἡμεῖς
2804 3735 3110 3808 θρηνοῦμεν
3139 3737 3235 3790 καὶ
3271 3738 3598 3811 ὀδυρόμεθα.

2004 3817 2124 3870 Κᾶν
2156 3817 2514 3888 ἐπιμένοντας
2554 3817 2667 3884 ἴδω,
2701 3819 3066 3892 ἀπαγορεύσω
3093 3820 3280 3875 λοιπὸν
3327 3824 3458 3893 ὑμῖν
3489 3823 3600 3880 τῶν

2003 3900 2167 3972 ἱερῶν
2208 3901 2414 3956 τούτων
2459 3903 2715 3975 ἐπιϐῆναι
2759 3903 3074 3977 προθύρων,
3123 3904 3220 3958 καὶ
3255 3905 3364 3960 τῶν
3397 3906 3600 3964 ἀθανά-

2001 4001 2110 4037 των
2160 3989 2452 4056 μετασχεῖν
2495 3987 2831 4058 μυστηρίων,
2882 3988 3072 4060 ὥσπερ
3117 3991 3232 4052 τοῖς
3273 3991 3599 4060 πορνεύουσι

2003 4071 2098 4124 καὶ
2143 4071 2456 4143 μοιχεύουσι
2502 4073 2595 4126 καὶ
2641 4073 2734 4126 ἐπὶ
2781 4073 2962 4144 φόνοις
3013 4072 3452 4145 ἐγκαλουμένοις.
3484 4078 3600 4132 Καὶ

2000 4157 2110 4228 γὰρ
2149 4156 2357 4227 βέλτιον
2405 4157 2545 4227 μετὰ
2577 4157 2672 4212 δύο
2711 4159 2807 4212 καὶ
2839 4159 3008 4230 τριῶν
3037 4159 3167 4222 τοὺς
3197 4158 3292 4212 τοῦ
3320 4159 3471 4212 Θεοῦ·
3495 4177 3600 4231 φυ-

1999 4240 2304 4296 λαττόντων
2344 4240 2544 4312 νόμους
2571 4241 2671 4306 τὰς
2706 4241 2959 4312 συνήθεις
3002 4242 3296 4314 ἀναφέρειν
3340 4243 3528 4314 εὐχὰς,
3559 4246 3595 4318 ἢ

1999 4325 2207 4396 πλῆθος
2234 4324 2593 4396 ἐπισύρεσθαι
2639 4327 3102 4398 παρανομούντων
3128 4327 3223 4380 καὶ
3247 4327 3376 4391 τοὺς
3400 4328 3598 4394 ἀλλους

1997 4409 2443 4480 διαφθειρόντων.
2473 4410 2564 4482 Μή
2602 4409 2692 4478 μοί
2725 4428 2812 4474 τις
2846 4410 3120 4476 πλούσιος,
3156 4411 3231 4482 μή
3264 4411 3354 4481 μοί
3386 4429 3471 4476 τις
3507 4412 3602 4467 δυ-

1996 4492 2216 4564 νάστης,
2239 4491 2476 4546 ἐνταῦθα
2523 4493 2772 4562 φυσάτω,
2803 4495 2897 4547 καὶ
2929 4492 3028 4558 τὰς
3057 4494 3230 4564 ὀφρῦς
3273 4495 3596 4551 ἀνασπάτω.

1997 4575 2183 4629 Πάντα
2225 4593 2314 4646 μοι
2348 4574 2525 4628 ταῦτα
2565 4566 2736 4648 μῦθος
2779 4577 2874 4631 καὶ
2905 4577 3034 4631 σκιὰ
3080 4577 3177 4632 καὶ
3222 4577 3376 4650 όναρ.
3407 4577 3597 4644 Οὐδεὶς

1995 4660 2104 4732 γὰρ
2150 4661 2259 4714 τῶν
2301 4659 2398 4714 νῦν
2444 4660 2820 4715 πλουτούντων
2868 4663 2986 4715 ἐκεῖ
3037 4679 3141 4733 μου
3190 4664 3596 4735 προστήσεται,

1993 4745 2122 4798 ὅταν
2155 4744 2478 4814 ἐγκαλῶμαι
2522 4743 2618 4798 καὶ
2647 4744 3067 4817 κατηγορῶμαι,
3098 4745 3175 4810 ὡς
3213 4746 3286 4817 μή
3331 4746 3470 4818 μετά
3497 4747 3601 4819 τῆς

2001 4827 2389 4898 προσηκούσης
2421 4828 2785 4900 σφοδρότητος
2811 4829 2938 4892 τοὺς
2967 4828 3061 4882 τοῦ
3090 4828 3226 4883 Θεοῦ
3252 4829 3599 4902 διεκδικήσας

1999 4911 2220 4982 νόμους.
2251 4911 2425 4965 Τοῦτο
2459 4913 2587 4983 γάρ,
2631 4912 2790 4966 τοῦτο
2831 4912 2928 4966 καὶ
2963 4913 3054 4966 τὸν
3097 4913 3410 4986 θαυμαστὸν
3452 4915 3598 4969 ἐκεῖ·

2000 5012 2091 5048 νον
2121 4996 2434 5066 πρεσϐύτην
2461 4997 2504 5029 ⁵⁷
2544 4995 2818 5058 ἀπώλεσε.
2849 4997 3029 5050 καίτοι
3066 4996 3179 5068 βίον
3220 4998 3598 5070 παρεχόμενον

2001 5079 2276 5150 ἄληπτον·
2309 5079 2425 5134 ἀλλ’
2451 5080 2632 5151 ὅμως,
2682 5080 2870 5150 ἐπειδὴ
2917 5082 3044 5144 τοὺς
3081 5081 3175 5134 τοῦ
3210 5081 3346 5135 Θεοῦ
3396 5082 3598 5153 νόμους

1999 5163 2376 5234 πατουμένους
2405 5164 2708 5234 ὑπερεῖδεν,
2735 5165 3025 5229 ἐκολάζετο
3056 5165 3194 5236 μετά
3223 5165 3333 5221 τῶν
3362 5167 3592 5232 παίδων,

2001 5247 2098 5302 καὶ
2122 5247 2220 5316 τὴν
2242 5247 2486 5319 χαλεπὴν
2511 5248 2681 5302 ἐδίδου
2711 5249 3005 5320 τιμωρίαν.
3031 5250 3095 5302 Εἰ
3121 5249 3176 5302 δὲ
3200 5249 3330 5302 ἔνθα
3355 5251 3594 5324 τοσαύτη

2000 5331 2102 5402 τῆς
2149 5331 2364 5400 φύσεως
2412 5328 2480 5404 ἦν
2514 5334 2547 5403 ἡ
2580 5332 2872 5403 τυραννὶς,
2913 5333 2942 5386 ό
2976 5330 3054 5403 μὴ
3107 5332 3248 5403 μετά
3287 5334 3389 5404 τῆς
3421 5352 3594 5404 προσ-

1998 5415 2244 5487 ηκούσης
2311 5417 2565 5490 ἀνδρείας
2607 5419 2722 5481 τοῖς
2782 5415 2978 5471 ἐαυτοῦ
3035 5418 3195 5471 παισὶ
3250 5419 3597 5490 χρησάμενος

361 5564 718 5639 ³⁶έ³⁹μπολλῷ1
741 5567 836 5639 καὶ
863 5565 1044 5639 πολ)έῇ
1073 5564 1209 5639 ΕιΙιΙ.
1282 5564 1623 5639 δομίηοίρῑιτδ
1643 5564 1855 5639 ἠθικόν.
1874 5564 2100 5639 A,_Sav.
2179 5567 2221 5600 “
2255 5565 2542 5639 συμϐαίνοι
2567 5565 2627 5622 Β.
2658 5566 2730 5639 C_._
2743 5565 2889 5639 D._E.
2917 5566 3393 5639 συμϐαίνειν-(01η.
3419 5568 3508 5639 ἂν)
3531 5569 3592 5623 F-

287 5641 336 5712 ‘f
361 5637 506 5710 ἐνὸν]
540 5635 764 5712 δυνατδν
784 5637 857 5712 D._
875 5638 953 5712 ἐνι
976 5635 1113 5712 ΕξιίόΣ
1135 5653 1187 5706 p.
1215 5652 1268 5705 p.
1291 5636 1400 5712 τῷν
1419 5635 1675 5712 οὐρανῶν
1703 5636 1764 5712 |)_.
1795 5637 1854 5688 Ε.
1876 5705 1896 5712 Δ

2004 5639 2085 5708 ›ύχ
2107 5654 2217 5712 οιη.
2504 5651 2556 5693 el.
2574 5653 2670 5712 _pl‘_.
2690 5637 2752 5712 Ε.
2799 5637 2862 5712 ’⁸⁵⁸
2893 5635 3045 5712 πότε]
3070 5637 3251 5712 1610!?
3260 5635 3277 5694 .'
3286 5647 3344 5712 ει
3360 5635 3505 5694 corn".
3531 5641 3610 5694 B.‘

287 5711 333 5740 ⁵⁵
364 5705 973 5810 ἀναμαχήσασθαιὲτὸἰίι
1002 5709 1064 5810 ξ).
1090 5706 1304 5810 faven'tf.
1320 5705 1900 5810 I}\rl|l.(l';l‘l9fil!tc'lx€3;2

287 5780 382 5810 -..ἦ
416 5798 489 5810 ...-
513 5779 737 5810 Anu-1..-.
919 5796 1002 5810 μου
1059 5779 1221 5810 μέση-ιιι
1267 5801 1269 5803 ι
1423 5786 1476 5810 ul
1520 5795 1657 5810 annua
1707 5779 1757 5810 Ϊη

2005 5705 2510 5810 μαχήσασθὶαιιιξῖιίιί.
2645 5709 2839 5810 lnglpil
2862 5705 3254 5810 '12.:l’ﬂzrc3c0'v":‘B.~
3270 5709 3423 5763 Arm.
3449 5712 3596 5810 ΙξΙεΙρι

285 5780 383 5833 τοῦ
415 5777 492 5850 μῆ
513 5781 540 5831 ὁ
562 5777 565 5778 ⁷
586 5777 764 5834 νύναι.
839 5777 883 5810 ⁸⁷
917 5777 1032 5849 μοι]
1059 5779 1221 5848 νόμον
1249 5777 1309 5830 Β.
1337 5777 1396 5829 D.
1423 5786 1476 5829 ul
1497 5778 1657 5847 legem
1681 5779 1775 5832 (lc.

288 5853 336 5882 ⁸⁰
362 5797 728 5922 ἐσιιὲνΓείσίν
755 5849 888 5922 εδει,
913 5850 1042 5922 τηρκ
1083 5851 1133 5901 οἱ
1167 5847 1472 5922 1®v_051'(0v
1504 5849 1775 5922 παρακούι

288 5853 336 5882 ιο
362 5851 534 5919 ἐσμὲν

289 5923 334 5954 ²¹
377 5917 746 5991 πεποιηκότες
767 5920 827 5974 Β.
857 5919 919 5973 D.
941 5919 1002 5974 Ρ.
1033 5935 1085 5988 ι).
1119 5936 1172 5988 p.
1201 5919 1342 5989 ὑπὲρ
1373 5917 1479 5993 τῶν
1513 5917 1758 5993 ούρανῴν
1787 5921 1847 5972 D.
1925 5919 1970 5949 ³⁵
2002 5922 2032 5986 ἡ
2063 5923 2316 5993 ἐπιορκία
2342 5921 2472 5975 ιιζιιά.
2552 5921 2671 5952 δ”νδδ
2701 5920 2889 5992 χρόνον
2923 5937 3030 5976 om.

1856 5778 1900 5807 ³⁸
1920 5795 1982 5841 (ps
1994 5781 2252 5841 βομένους
2276 5778 2331 5830 Β.
2363 5779 2421 5830 Ρ.
2451 5796 2501 5841 [ι.

590 5797 764 5834 νυναι.
839 5795 880 5810 ’⁸
917 5795 1032 5849 μοιι
1059 5795 1221 5848 νόμον
1249 5795 1309 5830 ι).
1337 5795 1396 5829 υ.
1423 5795 1476 5829 ιιι
1497 5795 1657 5847 legem
1681 5795 1775 5832 uc.
1856 5795 1900 5807 ὐ
1920 5795 2252 5847 φερομενους
2276 5795 2331 5830 υ.
2365 5795 2390 5830 r
2408 5819 2421 5830 .
2451 5796 2501 5848 p.
2530 5796 2580 5847 p.
2607 5795 2886 5842 επιυεντες
2905 5795 2964 5831 ι’..
2992 5795 3019 5831 r
3040 5820 3052 5832 .
3132 5795 3176 5810 η
3195 5798 3290 5832 νυν
3311 5797 3420 5835 om.
3448 5795 3504 5834 ις.
3528 5795 3590 5836 ιε’.

590 5852 728 5905 εἰσὶν
755 5849 888 5904 Edd.
913 5850 1042 5903 Mox
1083 5851 1133 5901 οἱ
1167 5847 1278 5901 τῶν
1313 5848 1472 5918 θείων
1504 5849 1951 5918 παρακούσαντες
1982 5849 2159 5918 νόμων
2189 5852 2246 5904 Ε.
2294 5854 2336 5902 οἱ
2367 5850 2455 5901 τὸν
2486 5851 2648 5917 νόμον
2682 5850 2774 5902 τὸν
2815 5849 2956 5902 θεῖον
2981 5851 3414 5918 παραϐαίνοντες
3439 5852 3496 5906 Β.
3527 5851 3590 5907 F.

2530 5796 2580 5847 p.
2607 5775 2886 5842 ἐπιθέντες
2904 5775 3052 5832 El".
3132 5779 3176 5810 ’⁸³
3195 5779 3290 5832 νῦν
3311 5797 3420 5835 om.
3448 5781 3504 5834 Β.
3528 5775 3592 5836 F.

3114 5963 3124 5975 .
3158 5919 3215 5974 υ.
3244 5921 3304 5976 ιε’.
3387 5923 3430 5954 ³⁷
3457 5939 3588 5994 πρᾶο

295 5992 522 6066 τδύτην]
545 5988 672 6049 add.
693 5993 785 6047 τὸν
835 5991 952 6046 Ἠλὶ
980 5992 1123 6061 λέγω
1144 5991 1206 6046 Ε.
1241 5988 1364 6061 περὶ
1389 5988 1478 6043 τοῦ
1520 5988 1663 6044 Ἠλεὶ
1693 5990 1751 6044 C.
1789 5993 1841 6044 in
1872 6006 2012 6046 mar.
