4050 6364
432 5703 448 5748 ἰ

487 371 595 428 265

488 486 634 544 οὕτω
661 487 904 560 χαλεπὴν
933 485 1104 541 ἔδωκε
1133 483 1313 554 δίκην,
1350 483 1470 538 τίνα
1513 483 1708 554 ἕξομεν
1741 486 2070 556 συγγνώμην

486 570 681 640 ἡμεῖς,
729 568 824 623 καὶ
855 568 954 638 τῆς
1000 565 1316 637 τυραννίδος
1359 563 1574 636 ἐκείνης
1615 565 2067 636 ἀπηλλαγμένοι,

487 650 583 703 καί
620 649 880 719 κολακείᾳ
922 648 983 701 16
1013 649 1123 700 πᾶν
1159 643 1593 714 διαφθείροντεςς
1615 646 1714 700 Ἶν⁹
1741 643 1841 700 οὖν
1868 646 1943 717 μὴ
1977 646 2076 700 καὶ

486 729 639 798 ἡμᾶς
683 727 777 782 καί
827 727 971 798 ὑμᾶς
1004 725 1200 788 αὐτοὺς
1249 724 1732 796 προσαπολέσητε,
1787 725 2070 795 πείσθητε,

487 806 812 878 παρακαλῶ,
840 806 934 860 καὶ
965 804 1192 876 μυρίους
1218 802 1512 868 ἐξεταστάς
1541 804 1637 858 καὶ
1667 803 1925 872 λογιστὰς
1953 805 2073 859 ἐαυ-

484 890 598 951 τοῖς
649 886 1093 957 καταστήσαντες
1112 922 1128 947 ,
1183 884 1535 956 ἀπαλλάγητε
1591 885 1691 957 τῆς
1741 884 1850 939 τῶν
1893 885 2075 956 ὅρκων

1206 367 1266 424 S.
1301 366 1589 425 JOANNIS
1625 364 2115 425 CHRYSOSTOMI
2150 368 2471 429 ARCIIIEP.
2511 370 3057 429 CONSTANTINOP.

3656 369 3757 429 266

2173 487 2496 559 συνηθείας,
2548 488 2637 542 ῖνα
2668 485 2770 554 6δῷ
2809 486 3192 562 προϐαίνοντες
3221 483 3493 549 ἐντεῦθεν,
3534 483 3630 538 καὶ
3657 484 3756 556 τήν

2170 570 2338 641 ἀλλην
2381 567 2582 640 ἀρετὴν
2631 567 2749 638 μετ’
2796 565 3046 629 εὐκολίας
3103 563 3488 641 κατορθώσητε
3538 564 3718 633 πάσης
3740 607 3754 630 ,

2174 649 2270 703 καὶ
2293 637 2406 704 τῶν
2424 637 2742 719 ’μελλόντων
2772 649 3114 718 ἀπολαύσητε
3145 645 3368 715 ἀγαθῶν
3388 660 3410 679 α
3437 637 3513 699 ὧν
3551 646 3758 712 γένοιτο

2175 729 2386 792 πάντας
2414 730 2563 800 ἡμᾶς
2595 729 2892 798 ἐπιτυχεῖν,
2921 728 3104 800 χάριτι
3131 727 3225 780 καὶ
3257 723 3638 796 φιλανθρωπίᾳ
3662 722 3756 777 τοῦ

2176 807 2382 878 Κυρίου
2407 807 2566 878 ήμῶν
2589 808 2769 879 Ἰησοῦ
2793 807 3053 878 Χριστοῦ,
3132 809 3166 878 ή
3187 804 3314 870 δόξα
3334 805 3428 859 καὶ
3447 805 3509 858 τὸ
3533 805 3755 874 κράτος,

2174 885 2271 939 νῦν
2301 886 2397 940 καὶ
2428 887 2514 939 ἀεὶ
2540 888 2630 940 καὶ
2663 890 2748 950 εἰς
2772 887 2899 950 τοὺς
2933 885 3133 948 αἰῶνας
3153 885 3262 938 τῶν
3283 883 3513 938 αἰώνων.
3560 883 3750 954 Ἀμήν.

1834 1055 1982 1128 [εει]
2025 1056 2268 1110 υΜΙΛῐΑ
2311 1058 2418 1112 ιιιι.

499 1163 828 1220 Ἠκούσατε
878 1163 967 1233 ὅτι
1013 1161 1250 1232 ὲρῤἐθη’
1312 1163 1649 1233 Ὀφθαλμὸν
1677 1163 1821 1233 ἀντὶ,
1849 1163 2072 1233 ὀφθαλ-

551 1234 691 1304 μοῦ,
723 1234 822 1304 καί
864 1231 1082 1304 ὀδόντα
1098 1233 1262 1304 Ῠάντί
1305 1231 1574 1304 ρδόντοζ.
1609 1233 1753 1304 ζετὼ
1797 1231 2072 1304 δέήλέγω

555 1301 720 1373 ὖμῖν,
747 1302 834 1373 μὴ
869 1303 1224 1369 ἀντιστῆναι
1250 1301 1352 1373 τῷ
1397 1301 1640 1370 πονηρῷ
1661 1301 1689 1336 ι’
1722 1304 1863 1358 ἀλλ’
1901 1301 2074 1368 ὅστις

554 1371 630 1429 σε
665 1371 928 1443 ραὸτίσειγ
949 1372 1184 1443 εὶςγτὴν
1235 1371 1444 1436 δεξιὰν
1480 1374 1757 1443 σιαγόνα,
1802 1373 2076 1442 στρέψον

556 1443 719 1509 αὐτῷ
746 1443 848 1500 καί
873 1442 989 1511 τὴν
1023 1442 1242 1507 ἄλλην.
1272 1443 1383 1496 Καὶ
1422 1443 1503 1508 τῷ
1533 1442 1774 1499 θέλοντί
1813 1459 1913 1498 σοι
1957 1461 2075 1510 κρι-

555 1513 759 1584 θῆναι,
785 1512 1018 1584 καὶτὸν
1059 1511 1278 1581 χιτῶνά
1315 1529 1433 1568 σου
1465 1513 1695 1581 λαϐεῖν,
1725 1513 1876 1584 ἄφες
1909 1511 2072 1580 αὐτῷ

560 1581 666 1638 καὶ
700 1583 770 1638 τὸ
807 1581 1059 1654 ιμάτιον.

557 1715 628 1762 α’.
655 1701 818 1780 ’(Ϊρᾷς
840 1708 924 1761 ὅτι
947 1706 1008 1759 o6
1040 1723 1108 1760 πε
1117 1707 1170 1777 ρὶ
1198 1706 1480 1778 ὀφθαλμοῦ
1509 1707 1581 1762 τὰ
1603 1709 1843 1780 πρότερα
1864 1709 2068 1778 ἔλεγεν,

484 1788 648 1858 ἡνίκα
681 1785 990 1856 ἐνομοθέτει
1020 1784 1297 1856 ὀφθαλμὸν
1328 1787 1618 1840 ἐκκόπτειν
1649 1787 1741 1840 τὸν
1763 1787 1811 1820 ⁸³
1841 1789 2072 1842 σκανδα-

483 1864 720 1932 λίζοντα,
749 1863 887 1918 6116
927 1864 1056 1935 περὶ
1085 1864 1180 1917 τοῦ
1205 1864 1294 1918 διά
1319 1866 1502 1934 φιλίας
1539 1865 1870 1934 βλάπτοντος
1900 1869 2069 1937 ἡμᾶς,

483 1946 580 1999 καὶ
615 1947 692 2009 εἰς
719 1944 783 1998 16
823 1943 926 2014 τῆς
952 1943 1229 2008 ἀπωλείας
1259 1945 1622 2015 ἐμϐάλλοντος
1663 1945 1973 2018 βάραθρον;
2012 1947 2072 2000 Ὁ

483 2023 595 2097 γάρ
640 2022 910 2093 τοσαύτην
955 2021 1188 2076 ἐνταῦθα
1240 2023 1562 2095 ποιούμενος
1597 2024 1698 2096 τὴν
1742 2024 2069 2097 ὑπερϐολὴν,

483 2103 578 2163 καὶ
609 2102 746 2172 μηδὲ
777 2101 962 2173 ἐτέρου
1002 2099 1378 2172 ἐξορύττοντος
1419 2102 1510 2156 τὸν
1539 2102 1817 2172 ὀφθαλμὸν
1858 2103 2074 2173 ἐπιτρέ-

483 2197 604 2234 πων
644 2179 874 2250 ἐκκόψαι
920 2179 1014 2232 τὸν
1046 2179 1277 2242 ἐκείνου,
1320 2179 1438 2244 πῶς
1465 2179 1532 2234 ἂν
1562 2181 1653 2234 τὸν
1690 2180 1882 2235 ἑαυτοῦ
1911 2181 2072 2235 ἐκκό-

483 2275 642 2313 πτειν
680 2258 1104 2330 ἐνομοθέτησεν;
1139 2258 1202 2311 Εἰ
1243 2257 1300 2311 δέ
1328 2275 1412 2322 τις
1442 2257 1535 2312 τοῦ
1571 2258 1805 2312 παλαιοῦ·
1837 2276 2072 2328 κατηγο-

486 2341 573 2410 ρεῖ
598 2338 788 2409 νόμου,
824 2337 912 2390 διὰ
938 2337 1000 2390 τὸ
1033 2336 1276 2389 κελεύειν
1305 2337 1477 2402 οὕτως
1511 2337 1812 2408 ἀμύνεσθαι
1834 2339 1903 2398 ⁵⁸,
1937 2338 2072 2408 σφό-

483 2417 587 2489 δρα
619 2434 710 2487 μοι
740 2417 887 2470 δοκεῖ
933 2416 1123 2484 σοφίας
1169 2415 1434 2488 νομοθέτῃ
1481 2416 1797 2488 πρεπούσης
1841 2416 2071 2490 ἄπειρος

485 2493 644 2562 εἶναι,
678 2497 772 2550 καὶ
803 2496 1010 2568 καιρῶν
1051 2495 1278 2565 δύναμιν
1319 2497 1554 2563 ἀγνοεῖν,
1583 2496 1680 2548 καὶ
1710 2496 2068 2565 συγκαταϐά-

485 2591 625 2638 σεως
675 2573 888 2644 κέρδος.
935 2573 1032 2625 Ἂν
1085 2572 1194 2642 γάρ
1247 2573 1475 2644 ἐννοήσῃ
1523 2572 1569 2604 ⁸ο
1621 2572 1766 2636 τίνες
1825 2568 1967 2643 ἦσαν
2018 2575 2069 2628 οἱ

484 2654 657 2711 ταῦτα
690 2651 999 2716 ἀκούοντες,
1030 2653 1125 2705 καὶ
1151 2650 1269 2715 πῶς
1299 2651 1654 2721 διακείμενοι,
1681 2653 1778 2705 καὶ
1812 2652 1944 2706 πότε
1969 2652 2070 2724 τήν

484 2731 808 2802 νομοθεσίαν
841 2728 1090 2795 ἐδέξαντο
1126 2729 1350 2801 ταύτην,
1381 2729 1589 2803 σφόδρα
1625 2730 1942 2803 ἀποδέξεται
1973 2727 2070 2784 τοῦ

483 2810 775 2882 νομοθέτου
817 2808 917 2880 τὴν
952 2809 1168 2878 σοφίαν,
1195 2810 1291 2862 καὶ
1321 2809 1509 2879 ὄψεται
1545 2802 1627 2862 ὅτι
1666 2802 1746 2874 εἷς
1785 2810 1880 2863 καὶ
1919 2809 1947 2863 6
1979 2809 2072 2864 αὐ-

483 2890 574 2953 τὸς
600 2891 629 2943 6
655 2891 838 2948 ἐκεῖνα
863 2888 962 2953 καὶ
985 2888 1157 2942 ταῦτα
1183 2888 1549 2960 νομοθετήσας
1575 2889 1713 2958 ἐστὶ,
1743 2891 1838 2942 καὶ
1865 2891 2071 2963 σφόδρα

483 2968 770 3048 χρησίμους
790 2967 1028 3048 ἑκάτερα
1049 2969 1147 3048 καὶ
1177 2966 1427 3048 μετὰ-τοῦ
1455 2967 1824 3048 προσήκοντος
1849 2969 2072 3048 γράψας

482 3045 699 3119 καιροῦ.
730 3047 840 3100 Καὶ
870 3045 981 3118 γὰρ
1011 3047 1061 3099 εἰ
1089 3045 1243 3118 παρά
1271 3045 1370 3116 τήν
1398 3045 1575 3116 ἀρχὴν
1598 3046 1668 3100 τά
1695 3045 1874 3117 ὑψηλά
1897 3046 2072 3102 ταῦτα

483 3126 580 3180 καὶ
636 3124 920 3197 ὑπέρογκα
984 3125 1246 3196 εἰσήγαγε
1315 3123 1788 3195 παραγγέλματα,
1837 3123 1949 3178 061‘
2004 3126 2072 3181 ἂν

481 3203 658 3259 ταῦτα
710 3202 948 3269 ἐδέξατο,
997 3202 1120 3258 οὔτε
1154 3205 1368 3260 ἐκεῖνα·
1408 3205 1528 3257 νυνὶ
1572 3202 1631 3256 δέ
1677 3205 1736 3257 ἐν
1769 3203 1947 3275 καιρῷ
1992 3204 2073 3277 τῷ

481 3284 814 3356 προσήκοντι
853 3283 1092 3353 ἑκάτερα
1125 3283 1351 3349 διαθεὶς,
1379 3282 1478 3354 τὴν
1511 3283 1836 3354 οἰκουμένην
1873 3284 1938 3337 δι’
1966 3286 2074 3356 ἀμ-

481 3363 724 3436 φοτέρων
749 3361 1110 3433 κατώρθωσεν
1133 3363 1173 3393 “
1201 3361 1442 3416 ἅπασαν.
1470 3361 1680 3425 ’Ἄλλως
1704 3363 1762 3416 δὲ
1792 3363 1888 3416 καὶ
1910 3363 2072 3418 τοῦτο

481 3441 791 3500 ἐκέλευσεν,
817 3438 915 3509 οὑχ
944 3437 1031 3491 ἴνα
1061 3439 1188 3502 τοὺς
1213 3439 1456 3509 ἀλλήλων
1481 3438 1845 3510 ἐκκόπτωμεν
1874 3439 2072 3510 ὀφθαλ-

485 3520 642 3589 μοὺς,
679 3517 800 3572 ἀλλ”
823 3515 923 3570 ἵνα
955 3517 1087 3588 παρ’
1118 3518 1334 3574 ἑαυτοῖς
1365 3518 1466 3580 τὰς
1499 3519 1688 3588 χεῖρας
1726 3518 2066 3589 κατέχωμεν.

493 3598 560 3650 Ἢ
589 3596 700 3667 γὰρ
727 3596 923 3664 ἀπειλή
952 3593 1047 3647 τοῦ
1081 3593 1272 3649 παθεῖν
1299 3594 1398 3666 τὴν
1426 3595 1520 3647 ἐπὶ
1551 3595 1614 3648 16
1653 3594 1850 3666 δρᾶσαι
1891 3597 2070 3670 ὁρμὴν

479 3673 773 3734 διεκώλυσε
795 3677 861 3728 ⁶¹.
889 3673 1000 3726 Καὶ
1025 3671 1168 3724 οὕτω
1195 3672 1258 3743 δὴ
1294 3671 1495 3742 πολλὴν
1523 3675 1714 3744 ἡρέμα
1740 3674 2067 3746 ὑποσπείρει

480 3753 581 3822 τὴν
617 3752 956 3822 φιλοσοφίαν,
999 3752 1132 3804 ὅπου
1166 3768 1229 3818 γε
1263 3752 1506 3806 παθόντα
1545 3755 1659 3815 τοῖς
1691 3754 1828 3817 ίσοις
1862 3754 2064 3825 ἀμύνε-

482 3829 609 3882 σθαι
649 3828 888 3893 κελεύει·
921 3828 1164 3896 καίτοιγε
1218 3827 1465 3899 μείζονος
1515 3828 1789 3894 κολάσεως
1825 3832 1972 3898 ἄξιος
1997 3829 2066 3905 ἦν

479 3910 510 3962 6
536 3909 635 3978 τῆς
665 3909 1010 3979 παρανομίας
1040 3906 1242 3977 ταύτης
1271 3906 1568 3977 κατάρξας,
1611 3909 1706 3961 καὶ
1733 3909 1892 3963 τοῦτο
1916 3913 1944 3964 6
1971 3911 2065 3965 τοῦ

481 3986 690 4042 δικαίου
723 3985 879 4054 λόγος
905 3987 1127 4039 ἀπαιτεῖ
1147 3985 1211 4040 ⁸³.
1251 3984 1392 4038 Ἀλλ’
1418 3985 1605 4056 ἐπειδὴ
1633 3987 1730 4040 καὶ
1761 3987 2067 4060 φιλανθρω-

481 4068 614 4122 πίαν
641 4066 892 4132 ἐϐούλετο
921 4067 1154 4137 κεράσαι
1183 4064 1258 4135 τῷ
1283 4065 1500 4136 δικαίῳ,
1524 4065 1617 4120 τὸν
1643 4067 1866 4137 μείζονα
1893 4068 2068 4138 πλημ-

483 4149 798 4222 μελήσαντα
826 4147 1070 4213 ἐλάττονι
1102 4147 1201 4218 τῆς
1235 4145 1393 4210 ἀξίας
1416 4145 1770 4210 καταδικάζει
1801 4149 2064 4218 τιμωρίᾳ,

479 4223 751 4284 παιδεύων
779 4226 943 4288 x61“
971 4227 1030 4290 ἐν
1058 4225 1138 4295 τῷ
1166 4226 1398 4296 πάσχειν
1429 4224 1630 4296 πολλὴν
1660 4224 2067 4287 ἐπιδείκνυσθαι

478 4310 579 4379 τὴν
607 4309 925 4375 ἐπιείκειαν,
955 4306 1142 4371 Εἰπὼν
1172 4307 1354 4360 τοίνυν
1379 4305 1471 4358 16v
1499 4304 1728 4360 παλαιὸν
1758 4305 1942 4375 νόμον,
1972 4307 2068 4361 καὶ

478 4379 745 4456 ἀναγνοὺς
777 4387 937 4442 αὑτὸν
970 4385 1205 4450 ἅπαντα,
1233 4386 1474 4451 δείκνυσι
1506 4385 1668 4438 πάλιν
1697 4384 1758 4438 o6
1789 4384 1881 4438 τὸν
1914 4386 2068 4440 ἀδελ-

479 4467 579 4534 φὺν
604 4468 732 4522 ὄντα
758 4468 849 4522 τὸν
881 4467 1053 4521 ταῦτα
1079 4466 1475 4538 ἐργασάμενον,
1503 4465 1639 4520 ἀλλά
1671 4467 1763 4520 τὸν
1807 4469 2065 4539 πονηρόν.

478 4546 581 4600 Διά
619 4547 778 4600 τοῦτο
815 4548 911 4601 καὶ
953 4547 1267 4616 ἐπήγαγεν·
1304 4545 1452 4618 Ἐγὼ
1496 4544 1566 4597 δὲ
1599 4545 1754 4614 λέγω
1785 4546 1946 4616 ὑμῖν,
1978 4549 2066 4617 μὴ

479 4625 835 4693 ἀντιστῆναι
875 4623 955 4689 τῷ
987 4624 1251 4696 πονηρῷ.
1286 4625 1400 4681 Οὐκ
1437 4619 1578 4688 εἷπε,
1620 4625 1712 4696 Μή
1750 4625 2068 4697 ἀντιστῆναι

477 4703 557 4773 τῷ
596 4703 832 4774 ἀδελφῷ,
881 4703 1038 4768 ἀλλὰ,
1070 4700 1154 4767 Td)
1185 4701 1453 4772 πονηρῷ·
1486 4702 1701 4765 δεικνὺς
1741 4703 1824 4756 ὅτι
1855 4705 2065 4758 ἐκείνου

478 4783 757 4847 κινοῦντος
788 4783 962 4837 ταῦτα
1008 4783 1296 4853 τολμᾶται,
1328 4785 1423 4836 καὶ
1459 4781 1633 4853 ταύτῃ
1676 4782 1738 4836 16
1786 4784 1922 4838 πολὺ
1968 4787 2068 4857 τῆς

477 4864 648 4936 ὀργῆς
679 4862 782 4933 τῆς
815 4863 952 4933 προς
988 4862 1081 4916 τὸν
1123 4863 1461 4932 πεποιηκότα
1505 4860 1687 4931 χαλῶν
1729 4863 1824 4917 καὶ
1873 4864 2068 4920 ὑποτε-

485 4943 767 5013 μνόμενος,
1000 4941 1078 5012 τῷ
1113 4942 1212 5013 τὴν
1245 4942 1428 4995 αἰτίαν
1480 4942 1566 5008 ἐφ’
1591 4941 1777 5014 ἕτερον
1811 4944 2064 5013 μεταθεῖ-

480 5041 590 5076 ναι.
623 5022 687 5074 Τί
727 5017 857 5088 οῦν;
890 5021 948 5074 o6
984 5021 1090 5093 χρὴ
1127 5022 1272 5090 ἡμᾶς
1307 5019 1666 5075 ἀνθίστασθαι
1699 5021 1778 5090 τῷ
1808 5024 2068 5096 πονηρῷ;

481 5101 632 5173 φησί.
667 5103 763 5154 Δεῖ-
797 5102 917 5171 μὲν,
959 5103 1020 5153 o6
1058 5101 1234 5172 τούτῳ
1263 5101 1318 5154 δέ
1352 5100 1428 5170 τῷ
1464 5101 1680 5171 τρόπῳο
1721 5100 1836 5152 ἀλλ’
1859 5101 1933 5167 ώς
1973 5105 2069 5158 αὖ-

479 5184 570 5246 τὸς
616 5182 868 5248 ἐπέταξε,
915 5181 993 5250 τῷ
1037 5180 1302 5250 παρέχειν
1347 5181 1538 5233 ἐαυτὸν
1581 5180 1812 5248 πάσχειν
1847 5183 2065 5246 κακῶς·

478 5261 630 5316 οὕτω.
653 5262 763 5330 γάρ
813 5259 978 5314 αὑτοῦ
1011 5259 1263 5329 περιέσῃ.
1293 5259 1429 5312 Οὐδὲ
1473 5259 1582 5329 γάρ
1619 5260 1753 5328 πυρὶ
1784 5259 2069 5316 σϐέννυται

477 5341 612 5411 πῦρ,
639 5340 754 5392 ἀλλ’
782 5338 935 5392 ὕδατι
958 5337 1090 5404 πῦρ.
1117 5339 1236 5390 ’Ὶνα
1257 5338 1315 5391 δὲ
1336 5338 1515 5408 μάθῃς
1539 5339 1621 5391 ὅτι
1653 5338 1744 5390 καὶ
1773 5339 1830 5390 ἐν
1858 5338 1937 5408 τῷ
1963 5358 2068 5395 πα-

476 5418 615 5490 λαιῷ
638 5420 789 5489 νόμῳ
814 5421 843 5472 ὁ
869 5417 1060 5470 παθὼν
1093 5420 1286 5488 κρατεῖ
1323 5416 1544 5487 μᾶλλον,
1573 5420 1670 5482 καὶ
1691 5411 1844 5480 οὗτός
1867 5420 2014 5473 ἐστιν
2035 5424 2066 5474 6

477 5496 931 5566 στεφανούμενος,
955 5495 1208 5558 ἐξέτασον
1241 5496 1372 5549 αὑτὸ
1403 5497 1466 5549 16
1492 5499 1795 5566 γινόμενον,
1821 5498 1915 5550 καὶ
1941 5498 2062 5566 ὄψει

476 5580 677 5650 πολλὴν
706 5579 874 5644 αὑτοῦ
911 5579 1012 5650 τὴν
1047 5580 1345 5649 ’προεδρίαν¹
1368 5577 1559 5634 οὖσαν.
1598 5581 1654 5633 Ὀ
1698 5583 1802 5650 μὲν
1830 5580 1940 5650 γάρ
1964 5582 2064 5652 ἄρ·-

545 5685 591 5718 ⁸⁵
613 5684 706 5736 τὸν
741 5699 854 5739 om.
890 5683 950 5737 Β.
986 5685 1046 5739 F.

475 5754 521 5785 "
549 5743 803 5806 διεκώλυε
832 5753 894 5806 D.
930 5744 1170 5808 ἐκώλυσε
1194 5743 1255 5808 F'.
1333 5747 1378 5788 ⁸³
1406 5743 1604 5828 ἀπῄτει
1635 5756 1692 5807 Β.
1720 5755 1780 5808 F.
1861 5743 2037 5828 ἐκαὶ]
2071 5760 2144 5824 ὡς
2163 5743 2254 5815 καί
3221 5743 3752 5832 ἱίιίειῖιῖψνῖἒωῖίίδιῗ

475 5841 530 5852 ...
568 5823 730 5852 ...’.-λ-
766 5823 806 5852 n
858 5823 894 5852 ια’
943 5823 982 5852 Ιῖ*
1081 5827 1128 5852 ει
1161 5825 1278 5852 -.εει
1305 5825 1416 5852 n.1,:
1473 5826 1591 5852 -.δελ
1617 5826 1825 5852 ωηο--.
1925 5829 1968 5852 ετ
2002 5829 2118 5852 -κ--
2161 5836 2179 5852 Δ
2247 5833 2285 5852 ιε
2343 5833 2379 5852 n
2451 5835 2522 5852 ιιι
2617 5835 2627 5852 ρ
2739 5835 2754 5852 1
2837 5839 2846 5852 .
2875 5840 2884 5852 .
2996 5837 3022 5847 ~
3255 5839 3293 5852 η
3318 5843 3328 5852 .
3354 5845 3366 5852 .
3470 5847 3505 5852 -,
3545 5781 3752 5852 καλά]

472 5841 532 5875 τε
567 5823 730 5887 αὐτὸς
765 5823 824 5877 D.
856 5823 917 5877 Ε.
943 5823 1004 5878 F.
1081 5827 1128 5858 “
1159 5825 1280 5878 ούδέ
1305 5825 1439 5880 Edd.
1472 5823 1591 5878 οὑδὲ
1617 5827 1699 5880 bis
1720 5826 1845 5882 Sav.
1925 5829 1968 5858 ⁸⁷
1999 5823 2069 5881 οῦλ

476 5892 650 5921 ..-..,..1
679 5893 778 5921 ...I.I
828 5894 985 5921 “In-..
1019 5894 1130 5921 ΩΑ-»
1218 5897 1264 5921 νο
1292 5895 1565 5921 xc-\.':_..-
1598 5896 1636 5921 In
1682 5898 1701 5921 ,ι
1723 5896 1972 5921 _-\1t:___-
2016 5903 2032 5921 ι

2172 5836 2213 5921 ‘;
2246 5833 2314 5921 ‘5:
2338 5833 2403 5921 E;
2429 5842 2456 5921 .’
2478 5835 2754 5921 ⁵⁸.τε-ἐῖνῑι]
2784 5823 2908 5921 ³έέάὲ
2931 5837 3023 5890 τοῦ
3054 5823 3223 5921 π’δρδε
3253 5823 3404 5921 Ed}!
3467 5847 3509 5880 °’
3529 5823 3731 5918 ρᾶςέἱξέ

473 5892 1155 5990 ξενέέίξξίδλξξέὲφγξξίίίς
1218 5895 1978 5990 '155.§E€§EE°.'TE@565“?
2004 5903 2067 5990 <2-
2197 5903 2314 5990 ἐπὶ]
2339 5905 2464 5990 υριι-
2619 5906 2677 5989 ιι
2698 5891 2757 5958 vi
2806 5909 2852 5990 ττ
2879 5891 3220 5982 ἀναχωρέὲκὶϊ
3240 5891 3418 5990 πεέεδξι
3448 5891 3755 5990 avi/35:1

469 5962 536 6035 Α.
567 5962 741 6024 οὕτως
787 5962 1088 6035 ἀναχωρεῖν
1118 5967 1179 6018 ιτ.

2177 1151 2271 1218 ξας
2311 1152 2511 1224 χειρῶν
2555 1153 2776 1215 ἀδίκων,
2816 1153 3159 1225 ἀμφοτέρους
3196 1151 3359 1214 αὑτὸς
3397 1151 3442 1183 ⁸⁵
3485 1151 3636 1203 ἔσται
3667 1151 3756 1203 άν-

2173 1233 2400 1305 ῃρηκὼς
2442 1234 2569 1297 τοὺς
2611 1231 2948 1303 ὀφθαλμοὺς,
2997 1233 3092 1288 καὶ
3119 1232 3211 1286 τὸν
3251 1229 3345 1283 τοῦ
3385 1231 3634 1300 πλησίον,
3664 1228 3759 1282 καὶ

2172 1313 2265 1364 τὸν
2307 1312 2495 1367 αὑτοῦ.
2526 1311 2617 1366 Διὸ
2649 1313 2746 1366 καὶ
2791 1314 3032 1383 μισεῖται
3073 1311 3226 1384 παρὰ
3258 1310 3476 1364 πάντων
3512 1309 3757 1372 δικαίως,

2173 1394 2270 1446 καὶ
2317 1394 2537 1465 μυρίαις
2575 1392 2828 1463 βάλλεται
2858 1393 3234 1465 κατηγορίαις.
3287 1393 3346 1446 Ὀ
3393 1392 3450 1446 δέ
3489 1392 3760 1460 ἠδικημέ-

2173 1489 2283 1540 νος,
2331 1476 2426 1528 καὶ
2468 1474 2607 1545 μετά
2638 1475 2700 1529 16
2726 1476 2840 1538 τοῖς
2868 1474 3007 1539 ἴσοις
3050 1474 3373 1545 ἀμύνεσθαι.
3417 1473 3570 1527 οὔδέν
3603 1471 3758 1525 ἔσται

2171 1554 2343 1608 δεινὸν
2380 1554 2716 1626 πεποιηκώς.
2746 1554 2838 1609 Διδ
2869 1555 2966 1610 καὶ
2993 1555 3223 1620 πολλοὺς
3263 1555 3376 1626 ἔχει
3408 1554 3534 1616 τοὺς
3567 1551 3750 1605 συναλ.

2172 1633 2434 1703 γοῦντας,
2485 1633 2582 1688 άτε
2631 1633 2874 1704 καθαρὸς
2917 1633 3014 1697 ῶν,
3061 1635 3155 1688 καὶ
3205 1634 3346 1704 μετὰ
3391 1632 3451 1688 16
3499 1635 3757 1702 ποιῆσαι,

2171 1715 2376 1787 ταύτης
2399 1716 2501 1785 τῆς
2531 1714 2925 1786 πλημμελείας.
2945 1711 3065 1769 ’Καὶ
3089 1715 3160 1768 16
3203 1714 3303 1786 μὲν
3329 1715 3429 1785 τῆς
3472 1731 3534 1767 συ
3542 1714 3759 1785 μφορᾶς

2175 1793 2265 1848 ίσα
2297 1795 2657 1867 ἀμφοτέροις·
2686 1794 2756 1848 τά
2801 1792 2859 1846 δὲ
2910 1793 3010 1864 τῆς
3046 1793 3206 1864 δόξης
3250 1794 3350 1847 ούκ
3400 1794 3522 1858 ἴσα,
3564 1791 3689 1846 οὔτε
3713 1792 3760 1823 ⁸⁸

2173 1873 2326 1936 παρά
2372 1872 2512 1944 Θεῷ,
2557 1871 2683 1927 οὔτε
2732 1871 2884 1944 παρά
2945 1870 3273 1944 ἀνθρώποις.
3332 1872 3532 1944 Διόπερ
3571 1871 3759 1925 λοιπὸν

2173 1951 2298 2006 οὑδέ
2321 1951 2367 1983 ’τ
2408 1951 2479 2006 16
2509 1951 2610 2022 τῆς
2657 1953 2945 2024 συμφορᾶς
2992 1951 3107 2008 ἶσα.
3143 1951 3469 2023 Ἀρχόμενος
3521 1951 3617 2019 μέν
3665 1947 3759 2004 οῦν

2173 2029 2391 2100 ἔλεγεν·
2434 2032 2489 2084 '0
2547 2031 2920 2100 ὀργιζόμενος
2955 2031 3037 2098 τῷ
3073 2031 3314 2100 ἀδελφῷ
3365 2032 3553 2086 αὐτοῦ
3601 2031 3755 2097 εἰκῆ,

2174 2111 2274 2166 καί
2305 2115 2339 2166 ό
2371 2111 2578 2181 μωρὸν
2599 2111 2824 2176 καλῶν,
2849 2111 3068 2181 ἔνοχος
3093 2111 3264 2166 ἔσται
3293 2111 3370 2180 τῇ
3393 2110 3611 2181 γεέννῃ
3651 2113 3759 2166 τοῦ

2173 2193 2364 2258 πυρός
2387 2208 2401 2222 ·
2445 2191 2681 2250 ἐνταῦθα
2732 2192 2790 2246 δὲ
2843 2192 2940 2245 καὶ
2988 2189 3209 2246 πλείονα
3262 2192 3484 2246 ἀπαιτεῖ
3541 2191 3759 2261 φιλοσοο

2175 2272 2324 2340 φίαν,
2373 2271 2436 2325 ού
2473 2272 2634 2341 μόνον
2693 2271 2933 2326 κελεύων
2985 2269 3281 2342 ἡσυχάζειν
3333 2271 3426 2325 τὸν
3479 2271 3759 2341 πάσχοντα

2175 2350 2393 2414 κακῶς,
2424 2349 2560 2404 ἀλλά
2600 2350 2695 2404 καὶ
2739 2347 3266 2419 ἀντιφιλοτιμεῖσθαι
3317 2349 3610 2420 μειζόνως,
3658 2350 3765 2419 τὴν

2173 2433 2367 2501 ἐτέραν
2397 2431 2707 2501 παρέχοντα
2741 2429 2984 2498 σιαγόνα.
3014 2427 3187 2482 Τοῦτο
3234 2427 3291 2483 δέ
3324 2429 3496 2498 λέγει,
3527 2429 3591 2482 o6
3627 2430 3760 2500 περὶ

2171 2511 2272 2580 τῆς
2303 2509 2558 2582 τοιαύτης
2621 2508 2838 2581 πληγῆς
2890 2507 3199 2579 νομοθετῶν
3245 2507 3424 2578 μόνον.
3477 2507 3613 2562 ἀλλά
3667 2511 3762 2564 καὶ

2169 2589 2270 2660 τὴν
2293 2590 2352 2642 ἐν
2375 2589 2545 2643 ἆπασι
2573 2590 2686 2652 τοῖς
2699 2587 2882 2652 ἄλλοις
2909 2585 3260 2651 ἀνεξικακίαν
3285 2586 3556 2641 παιδεύων
3585 2589 3759 2658 ἡμᾶς.

2245 2667 2308 2738 β’.
2344 2669 2556 2738 Ὥσπερ
2611 2666 2722 2737 γάρ
2767 2666 2896 2720 ὅταν
2951 2664 3108 2737 λέγῃ,
3162 2665 3245 2719 ὄτι
3288 2665 3350 2720 '0
3407 2666 3612 2722 καλῶν
3655 2668 3764 2721 τὸν

2171 2745 2440 2816 ἀδελφὸν
2456 2745 2642 2800 αὑτοῦ
2660 2743 2884 2814 μωρὸν,
2898 2742 3116 2810 ἐνοχος
3142 2742 3315 2796 ἐσται
3337 2741 3416 2812 τῇ
3445 2744 3663 2815 γεέννῃ
3692 2747 3757 2809 ει,

2171 2825 2231 2879 o6
2261 2824 2391 2892 περὶ
2426 2823 2522 2877 τοῦ
2556 2824 2800 2895 ῥήματος
2828 2820 3020 2875 τούτου
3063 2819 3212 2889 λέγει
3251 2820 3432 2891 μόνον,
3481 2822 3620 2879 ἀλλὰ
3667 2826 3762 2878 καὶ

2171 2904 2300 2974 περὶ
2327 2902 2596 2972 λοιδορίας
2621 2900 2840 2971 ἀπάσης
2859 2918 2873 2933 ο
2897 2899 3044 2954 οὕτω
3070 2899 3133 2971 δὴ
3157 2899 3252 2953 καὶ
3277 2899 3531 2966 ἐνταῦθα,
3553 2903 3654 2973 οὑχ
3676 2905 3764 2958 ἵνα

2174 2981 2528 3054 ραπιζόμενοι
2553 2981 2597 3012 ⁸⁸
2618 2981 2874 3051 φέρωμεν
2889 2979 3173 3048 γενναίως,
3203 2978 3504 3054 νομοθετεῖ,
3534 2979 3653 3033 ἀλλ’
3677 2984 3763 3036 ἵνα

2173 3053 2268 3114 καὶ
2297 3061 2406 3114 πᾶν
2434 3059 2614 3114 ὁτιοῦν
2635 3057 2940 3128 πάσχοντες
2969 3055 3044 3128 μὴ
3067 3053 3446 3124 θορυϐώμεθα.
3483 3059 3584 3113 Διά
3604 3060 3764 3114 τοῦτο

2172 3139 2336 3192 κάκεῖ
2368 3137 2468 3209 τὴν
2501 3137 2736 3207 ἐσχάτην
2766 3135 2926 3208 ὓϐριν
2965 3135 3260 3199 ἐπελέξατο
3278 3135 3326 3166 ⁷⁰
3345 3174 3362 3200 ,
3411 3137 3506 3190 καὶ
3527 3137 3764 3192 ἐνταῦθα

2170 3219 2271 3289 τὴν
2299 3217 2534 3287 μάλιστα
2560 3214 2825 3272 δοκοῦσαν
2846 3211 2987 3269 εἶναι
3012 3213 3227 3286 πληγὴν
3256 3214 3642 3279 ἐπονείδιστον,
3667 3218 3765 3287 τὴν

2171 3297 2266 3350 ἐπὶ
2287 3298 2330 3329 '“
2356 3297 2626 3366 σιαγόνος,
2657 3296 2753 3350 καὶ
2789 3293 2988 3365 πολλὴν
3008 3293 3237 3365 ἔχουσαν
3268 3293 3367 3365 τὴν
3397 3293 3555 3366 ὓϐριν
3587 3296 3766 3349 τέθει-

2171 3393 2254 3430 κε.
2286 3375 2514 3429 Κελεύει
2545 3375 2605 3429 δέ
2628 3372 2810 3440 τοῦτο,
2851 3372 2992 3442 ὑπέρ
3029 3389 3090 3424 τε
3119 3369 3215 3426 τοῦ
3238 3371 3586 3444 πλήττοντος,
3624 3375 3766 3447 ὑπέρ

2169 3470 2229 3507 τε
2261 3454 2356 3507 τοῦ
2389 3453 2760 3526 πληττομένου
2793 3451 3063 3520 τὸνλόγον
3094 3451 3439 3523 ποιούμενος.
3472 3453 3540 3508 '0
3565 3472 3628 3508 τε
3657 3456 3767 3528 γάρ

2171 3535 2540 3607 ὑϐρισμένος,
2589 3532 2742 3586 οὐδὲν
2791 3531 3065 3604 ἡγήσεται
3103 3529 3335 3607 πάσχειν
3386 3531 3579 3595 δεινὸν,
3621 3534 3769 3587 οὕτω

2171 3606 2688 3685 παρεσκευασμένος
2719 3609 3030 3679 φιλοσοφεῖν
3081 3606 3242 3676 (οὑδέ
3278 3608 3388 3679 γὰρ
3419 3610 3518 3681 τῆς
3549 3610 3769 3682 ὕϐρεως

2169 3692 2424 3764 αἴσθησιν
2453 3690 2706 3763 λήψεται,
2733 3688 2831 3742 ἀτε
2850 3686 3252 3758 ἀγωνιζόμενος
3275 3688 3479 3757 μᾶλλον
3505 3689 3538 3761 ἢ
3571 3692 3770 3745 τυπτό.

2173 3770 2392 3844 μενος
2429 3770 2459 3823 6
2501 3787 2564 3823 τε
2596 3765 2922 3840 ἐπηρεάζων
2953 3767 3373 3836 καταισχυνθεὶς
3413 3767 3600 3822 οὐκέτι
3649 3770 3769 3824 δευ-

2168 3851 2335 3922 τέραν
2361 3848 2554 3916 ἐπάξει
2587 3847 2825 3919 πληγὴν,
2855 3845 2958 3900 κᾶν
2991 3846 3185 3918 θηρίου
3219 3847 3420 3911 παντὸς
3449 3849 3768 3918 χαλεπώτε-

2174 3947 2265 4002 ρος
2283 3924 2339 4003 ᾗ,
2371 3927 2508 3981 ἀλλὰ
2528 3926 2623 3980 καὶ
2645 3924 2738 3978 ἐπὶ
2764 3928 2832 3996 τῇ
2861 3925 3106 4003 προτέρᾳ
3125 3924 3335 4003 σφόδρα
3365 3927 3561 3980 ἐαυτοῦ
3595 3946 3770 3982 κατα-

2169 4002 2459 4077 γνώσεται.
2493 4005 2661 4059 Ούδέν
2684 4003 2794 4075 γὰρ
2831 4002 2976 4057 οὕτω
3002 4002 3224 4073 κατέχει
3263 4005 3391 4068 τοὺς
3418 4005 3766 4074 ἀδικοῦντας,

2167 4086 2244 4150 ώς
2275 4085 2337 4139 16
2371 4084 2562 4156 φέρειν
2597 4084 2726 4147 τοὺς
2769 4082 3158 4154 ἀδικουμένους
3201 4083 3463 4146 ἐπιεικῶς
3501 4083 3573 4138 16
3617 4087 3767 4155 γινό-

2173 4179 2344 4237 μενα·
2393 4165 2456 4218 οὑ
2491 4163 2712 4234 κατέχει
2745 4161 2802 4216 δὲ
2853 4162 3014 4233 μόνον
3040 4162 3142 4232 τῆς
3175 4162 3510 4234 προσωτέρω
3555 4165 3764 4237 ῥύμης,

2169 4245 2307 4299 ἀλλά
2335 4243 2430 4298 καὶ
2452 4243 2546 4295 ἐπὶ
2565 4245 2680 4306 τοῖς
2701 4241 2941 4311 φθάσασι
2970 4241 3303 4312 μετανοῆσαι
3324 4244 3763 4313 παρασκευάζει,

2171 4327 2266 4378 καὶ
2296 4323 2679 4394 θαυμάζοντας
2727 4320 2826 4392 τὴν
2877 4320 3182 4374 ἐπιείκειαν
3211 4322 3518 4392 ἀναχωρεῖν
3549 4324 3597 4355 ⁷³
3624 4365 3640 4388 ,
3670 4326 3767 4379 καὶ⁵

2168 4403 2529 4474 οἰκειοτέρους
2552 4401 2864 4471 καθίστησι,
2905 4401 3003 4453 καὶ
3030 4398 3270 4466 δούλους,
3303 4402 3426 4471 οὐχὶ
3455 4401 3648 4472 φίλους
3667 4406 3765 4475 μό-

2169 4501 2281 4546 νον,
2307 4483 2430 4536 ἀντὶ
2468 4479 2678 4551 ἐχθρῶν
2705 4479 2802 4534 καὶ
2831 4478 3108 4549 πολεμίων
3145 4481 3322 4532 ποιεῖ·
3350 4479 3540 4553 ὥσπερ
3566 4479 3664 4537 οὖν
3705 4485 3766 4537 τὸ

2168 4561 2491 4634 ἀμύνεσθαι,
2515 4559 2588 4614 16
2606 4560 2826 4613 ἐναντία
2855 4559 3073 4614 ἅπαντα
3096 4559 3142 4590 ⁷⁸
3158 4576 3170 4590 ·
3201 4559 3546 4631 ἀμφοτέρους
3568 4581 3633 4617 τε
3655 4565 3765 4636 γὰρ

2170 4639 2522 4710 καταισχύνει
2548 4639 2642 4694 καί¹
2670 4637 2824 4710 [256]
2850 4638 3068 4708 χείρους
3089 4639 3512 4705 κατασκευάζει,
3543 4644 3642 4696 καὶ
3666 4644 3765 4715 τὴν

2167 4722 2346 4792 ὀργὴν,
2369 4721 2452 4782 εἰς
2488 4717 2712 4789 μείζονα
2733 4718 2929 4786 ἀνάγει
2950 4720 2998 4750 ⁷⁸
3025 4717 3200 4787 φλόγα
3223 4735 3237 4750 ’
3267 4721 3361 4772 καί
3383 4720 3648 4786 πολλάκις
3672 4725 3766 4775 καὶ

2168 4802 2249 4863 εἰς
2277 4799 2511 4858 θάνατον
2541 4797 2911 4867 καταστρέφει
2961 4799 3272 4869 περαιτέρω
3315 4800 3380 4853 16
3406 4801 3580 4854 δεινὸν
3630 4820 3766 4874 προ-

2169 4881 2374 4943 ϐαῖνον.
2409 4878 2507 4932 Διὰ
2527 4875 2686 4930 τοῦτο
2711 4878 2772 4930 ού
2810 4879 2972 4948 μόνον
3006 4879 3371 4948 ῥαπιζόμενον
3400 4881 3660 4935 ἐκέλευσε
3689 4883 3766 4955 μὴ

2167 4958 2505 5032 ὀργίζεσθαι,
2537 4958 2674 5013 ἀλλά
2708 4958 2804 5013 καὶ
2831 4959 3113 5030 ἐμπιπλᾷν
3145 4959 3310 5013 αὑτοῦ
3333 4959 3432 5032 τὴν
3460 4961 3766 5032 ἐπιθυμίαν

2167 5037 2451 5101 ἐπέταξεν,
2486 5035 2578 5088 ἵνα
2608 5035 2744 5106 μηδὲ
2776 5034 2838 5088 16
2870 5035 3134 5109 πρότερον
3157 5033 3316 5109 δόξῃς
3361 5039 3512 5092 ἀκων
3547 5040 3764 5110 ὑπομε-

2170 5115 2487 5184 μενηκέναι.
2518 5112 2676 5168 Οὕτω
2712 5113 2818 5185 γάρ
2837 5115 2932 5169 καὶ
2962 5115 3320 5187 ἀναίσχυντον
3345 5118 3474 5172 ὄντα
3500 5119 3762 5190 καιρίᾳη

2165 5193 2367 5263 δυνήσῃ
2392 5191 2590 5262 πλῆξαι
2623 5191 2803 5262 πληγῇ
2834 5193 3054 5262 μᾶλλον,
3083 5195 3118 5266 ἢ
3147 5197 3194 5247 εἰ
3223 5197 3289 5264 τῇ
3316 5197 3462 5268 χειρί
3491 5196 3757 5268 ἔπληξας,

2167 5272 2262 5324 καὶ
2285 5269 2766 5340 ἀναισχυντότερον
2799 5273 2846 5304 ⁷⁶
2881 5271 3012 5325 ὄντα
3036 5273 3445 5345 ἐπιεικέστερον
3482 5277 3756 5344 ποιήσεις.

2171 5350 2255 5416 Τῷ
2274 5349 2513 5405 θέλοντί
2541 5367 2641 5404 σοι
2659 5351 2955 5420 κριθῆναι,
2979 5353 3078 5406 καὶ
3113 5353 3218 5406 τὸν
3249 5354 3472 5422 χιτῶνά
3498 5371 3616 5409 σου
3645 5360 3758 5409 λα-

2171 5430 2312 5494 ϐεῖν,
2351 5430 2502 5499 ἄφες
2524 5431 2685 5497 αὐτῷ
2708 5431 2807 5485 καὶ
2829 5432 2897 5485 τὸ
2917 5432 3171 5502 ἱμάτιον.
3203 5435 3339 5487 Οὐδὲ
3362 5435 3469 5506 γὰρ
3491 5436 3583 5487 ἐπὶ
3612 5436 3756 5504 πλη-

2169 5510 2281 5576 γῶν
2309 5511 2489 5579 μὸνον,
2519 5510 2657 5564 ἀλλὰ
2707 5513 2803 5575 καὶ
2851 5511 2946 5564 ἐπὶ
2995 5514 3295 5583 χρημάτων
3357 5513 3606 5584 βούλεται
3657 5516 3758 5584 τὴν

2168 5587 2423 5658 τοιαύτην
2448 5589 2799 5657 ἀνεξικακίαν
2829 5591 3190 5662 παρέχεσθαι.
3219 5593 3310 5653 Διὸ
3343 5593 3504 5647 πάλιν
3536 5593 3636 5663 τὴν
3660 5595 3756 5647 αὑ-

1124 5686 1167 5717 ⁸⁹
1191 5687 1513 5776 ἀπμύνῇσθαιι
1543 5687 1605 5751 A_.
1635 5687 1804 5776 Rhet
1841 5687 2054 5776 εὲερίιξξ.

2172 5692 2534 5776 λέιννοήσῃς...
2568 5695 3034 5776 ἀποδέξῃ...⁴ὕψει
3066 5697 3202 5776 Εάιί.
3223 5771 3254 5776 μ
3275 5702 3318 5776 f‘
3349 5703 3660 5776 διώρθωσεν
3693 5710 3753 5762 Β.

3671 5851 3756 5914 ξά-

1255 5967 1301 5996 "
1333 5967 1545 6054 611.6113
1579 5984 1686 6020 om.
1723 5969 1877 6054 All}.
1909 5972 1970 6022 (Σ.
2012 5971 2068 6023 Ι).

2172 6015 2175 6024 .
2222 5967 2424 6054 [nimie
2472 5967 3753 6054 τοὺςἀμφοςρουξτεκαταισχύνειΒῗήὲὦς

469 6034 581 6110 γὰρ
619 6021 994 6102 dNP-"111?.-
1064 6037 1117 6110 l“
1139 6035 1352 6110 ἀνάγει]
1396 6039 1624 6093 ἀνάπτει
1658 6041 1722 6091 Α.
1799 6040 1841 6072 ⁷⁵
1872 6041 2085 6121 καιρίαν
2123 6046 2248 6113 (hoc
2276 6044 2430 6114 1).)...
2466 6021 2765 6118 13.q:{h‘1‘l;.
2804 6021 2989 6103 F67?

1007 6122 1115 6129 ...αη-
