4050 6364
264 359 366 416 265

263 479 388 532 dine
439 477 760 542 liberetnini,
806 486 864 532 ut
909 477 1036 532 hinc
1087 486 1391 548 pergentes,
1443 479 1602 533 aliam
1643 494 1856 548 quoque

263 578 660 624 vmutemcum
684 570 936 624 facilitate
964 584 1154 640 magna
1200 570 1500 639 impleatis,
1559 579 1615 625 et
1663 569 1855 624 futuris

263 662 511 714 t'rumnini
545 660 700 715 bonis
731 676 888 730 :qua:
944 677 1043 717 nos
1073 676 1261 716 omnes
1302 663 1512 732 assequi
1545 664 1854 733 contingat,

1390 358 1454 413 IN
1493 356 1896 414 MATTII/EUM
1936 357 2162 414 IlOMlL.
2208 360 2391 416 XVIII.

3467 370 3566 424 9.66

1963 477 2132 550 gratia
2162 489 2217 534 et
2242 479 2612 536 misericordia
2640 481 2850 539 Domini
2877 486 3044 540 nostri
3069 485 3195 541 Jesu
3223 488 3440 554 Christi,
3477 496 3560 549 cui

1964 569 2135 639 gloria
2157 578 2212 625 et
2238 571 2521 640 imperium
2543 587 2686 628 nunc
2706 582 2760 629 et
2787 588 3001 645 semper
3019 617 3033 642 ,
3067 588 3121 632 et
3152 578 3204 632 in
3231 583 3426 636 secula
3465 603 3566 641 sa:-

1963 662 2227 717 eulorum.
2265 663 2458 718 Amen.

1618 868 1966 930 HOMILIA
2007 867 2242 932 XVIII.

257 1021 381 1072 (Ixr.
413 1019 469 1074 5.
511 1035 564 1073 v.
589 1018 678 1074 '58.
722 1019 949 1072 Audistis
988 1017 1108 1089 quia
1152 1017 1342 1071 dictum
1379 1025 1452 1070 est
1475 1032 1492 1069 :
1519 1013 1735 1069 Oculum
1761 1030 1853 1085 pro

325 1111 506 1176 oculo,
532 1118 580 1164 et
605 1109 805 1164 dentem
833 1125 926 1179 pro
954 1108 1124 1162 dente.
1156 1107 1242 1163 59.
1286 1105 1400 1177 Ego
1433 1116 1603 1160 autem
1629 1107 1743 1160 dico
1762 1121 1852 1158 vo-

324 1203 398 1256 bis
417 1244 433 1265 ,
477 1219 579 1256 non
621 1202 853 1255 resistere
901 1201 1036 1254 malo
1062 1216 1080 1253 :
1101 1199 1187 1254 sed
1208 1200 1251 1253 si
1278 1200 1390 1270 quis
1416 1199 1714 1268 percusserit
1735 1207 1782 1252 te
1801 1199 1853 1252 in

326 1295 590 1347 dexteram
627 1294 892 1347 maxillam
911 1333 926 1358 ,
961 1292 1130 1362 prtebe
1150 1292 1199 1345 ei
1219 1301 1264 1346 et
1293 1293 1531 1345 alterum.
1553 1291 1643 1347 40.
1671 1290 1738 1345 Et
1763 1307 1853 1344 vo-

325 1387 452 1439 lenti
490 1395 656 1440 tecum
691 1386 745 1438 in
776 1385 978 1455 judicio
1003 1384 1334 1451 contendere,
1374 1391 1420 1438 et
1461 1383 1684 1438 tunicam
1712 1392 1851 1437 tuam

322 1477 532 1540 tollere,
559 1476 755 1529 dimitte
783 1476 830 1528 ei
856 1485 906 1530 et
933 1475 1166 1544 pallium.

325 1570 374 1622 1.
423 1568 561 1634 Quid
573 1567 824 1637 signiﬁcet
845 1568 1024 1620 oculus
1043 1566 1395 1620 scandalizans
1414 1607 1430 1634 ,
1451 1581 1609 1636 quem
1621 1565 1848 1620 Christus

252 1664 390 1730 jubet
419 1660 550 1714 erui.
592 1659 696 1714 Cur
718 1667 972 1729 praecepta
999 1658 1121 1728 legis
1149 1659 1326 1712 veteris
1361 1675 1463 1712 non
1503 1659 1576 1712 ita
1611 1657 1848 1712 sublimia

255 1762 433 1805 essent.
463 1781 534 1792 ——
559 1750 723 1806 Vides
758 1767 881 1806 eum
912 1766 1019 1805 non
1070 1750 1138 1806 de
1185 1751 1342 1806 oculo
1391 1751 1568 1821 priora
1609 1750 1842 1818 dixisse,

253 1859 370 1898 cum
415 1842 635 1913 juberet
673 1843 890 1898 oculum
945 1858 1139 1897 eruere
1186 1843 1275 1913 qui
1328 1843 1482 1898 nobis
1524 1842 1846 1898 olfendiculo

252 1946 414 2000 esset,
449 1935 544 1991 sed
565 1935 632 1991 de
655 1950 720 1991 eo
740 1935 841 2006 qui
857 1950 954 2005 per
973 1934 1261 1989 amicitiam
1299 1949 1397 1990 nos
1426 1933 1678 2000 laederet,
1710 1944 1764 1990 et
1791 1935 1843 1989 in

255 2028 509 2096 perniciei
551 2025 862 2082 barathrum
901 2025 1230 2095 eonjiceret?
1259 2025 1394 2080 Nam
1437 2024 1529 2096 qui
1580 2033 1724 2079 tanta
1755 2024 1844 2080 hic

256 2119 548 2191 hyperbole
575 2120 763 2186 utitur,
793 2134 968 2189 neque
1005 2118 1247 2184 alterius,
1293 2119 1384 2189 qui
1433 2118 1587 2173 nobis
1626 2117 1842 2173 oculum

249 2213 510 2277 eruisset,
562 2212 778 2268 oculum
818 2227 1010 2267 eruere
1065 2212 1334 2282 permitti,
1384 2211 1654 2282 quomodo
1683 2226 1840 2266 suum

247 2319 440 2359 eruere
484 2304 602 2374 lege
642 2305 950 2360 sanxisset?
985 2304 1138 2372 Quod
1170 2305 1214 2360 si
1245 2304 1365 2375 quis
1390 2315 1624 2360 veterem
1661 2304 1842 2360 redar-

247 2407 372 2468 gnat
405 2399 614 2469 legem,
663 2415 783 2470 quae
822 2398 1008 2469 jubeat
1049 2415 1108 2455 se
1131 2400 1203 2454 ita
1231 2399 1450 2464 ulcisci,
1483 2400 1529 2454 is
1553 2398 1839 2454 admodum

245 2493 374 2546 mihi
420 2491 634 2546 videtur
688 2492 1040 2562 sapientiam,
1083 2507 1204 2561 quae
1249 2492 1605 2563 legislatorem
1648 2492 1836 2558 decet,

249 2583 496 2649 ignorare
520 2625 536 2651 ,
574 2598 784 2638 necnon
833 2593 1134 2652 temporum
1174 2585 1438 2639 rationem
1471 2594 1525 2639 et
1556 2583 1838 2654 indulgen-

249 2675 333 2729 tiae
361 2675 673 2732 utilitatem.
708 2675 764 2730 Si
799 2677 1122 2747 cogitaveris
1162 2679 1342 2744 enim,
1392 2679 1610 2749 quinam
1657 2687 1840 2734 essent

247 2768 279 2821 ii
305 2769 395 2838 qui
423 2767 549 2822 talia
575 2766 860 2834 audirent,
887 2769 1157 2838 quomodo
1183 2769 1356 2824 allecti
1375 2813 1390 2835 ,
1412 2778 1466 2824 et
1492 2769 1708 2840 quando
1742 2771 1838 2826 has

247 2860 391 2930 leges
423 2861 752 2930 acceperint,
794 2861 1114 2932 legislatoris
1133 2861 1448 2930 sapientiam
1477 2862 1700 2916 multum
1726 2862 1839 2915 lau-

244 2953 423 3019 dabis,
473 2953 790 3023 videbisque
833 2970 998 3008 unum
1039 2963 1093 3010 et
1129 2955 1376 3010 eumdem
1419 2969 1540 3010 esse
1580 2956 1669 3026 qui
1723 2955 1839 3010 haec

244 3055 299 3100 et
342 3046 435 3100 illa
477 3047 758 3114 statuerit,
808 3056 864 3100 et
908 3045 1064 3100 valde
1092 3047 1295 3101 utiliter
1325 3055 1584 3117 utraque,
1616 3062 1680 3101 ac
1708 3062 1838 3102 con-

242 3139 454 3207 gruenti
500 3147 745 3208 tempore
783 3139 1079 3208 scripserit.
1110 3137 1244 3192 Nam
1268 3139 1313 3193 si
1343 3139 1410 3194 ab
1437 3139 1590 3195 initio
1622 3139 1735 3195 haec
1759 3139 1838 3195 sic

240 3231 342 3284 alta
373 3240 431 3286 ct
459 3230 709 3285 sublimia
739 3241 1009 3300 praecepta
1055 3232 1358 3302 intulisset,
1400 3247 1574 3303 neque
1603 3232 1717 3288 lure
1742 3249 1835 3288 ne-

238 3339 338 3392 que
364 3323 460 3377 illa
489 3324 851 3394 recepissent;
889 3325 1000 3393 jam
1031 3339 1159 3380 vero
1185 3341 1308 3379 cum
1338 3334 1644 3395 opportuno
1681 3333 1829 3379 utra-

238 3435 337 3488 que
382 3427 635 3487 tempore
678 3416 964 3482 statuerit,
1014 3431 1109 3487 per
1149 3425 1375 3488 utraque
1426 3426 1595 3471 totum
1648 3416 1834 3471 orbem

237 3511 501 3566 correxit.
545 3509 796 3580 Alioquin
837 3517 1018 3564 autem
1065 3508 1179 3564 hmc
1205 3509 1400 3576 jussit,
1433 3525 1540 3564 non
1567 3516 1626 3562 ut
1647 3516 1836 3563 mutuo

237 3605 395 3658 nobis
445 3602 638 3657 oculos
678 3616 966 3666 eruamus,
997 3601 1090 3655 sed
1123 3611 1178 3655 ut
1206 3601 1384 3671 potius
1405 3615 1596 3656 manus
1623 3610 1834 3656 nostras

232 3696 630 3751 contineamus.
660 3694 792 3749 Nam
817 3693 1180 3764 rependenda:
1207 3694 1339 3748 vicis
1365 3693 1712 3749 comminatio
1734 3695 1834 3748 im-

234 3799 418 3857 petum
463 3786 761 3842 inferenda:
792 3786 1004 3858 injurize
1030 3786 1294 3842 coercuit.
1326 3787 1502 3856 Atque
1531 3787 1604 3841 ita
1631 3785 1832 3841 sensim

233 3883 460 3937 multam
509 3880 830 3935 disseminat
877 3880 1270 3950 philosophiam
1316 3899 1330 3936 :
1384 3880 1597 3950 quando
1647 3881 1832 3935 laesum

231 3989 416 4044 parem
463 3972 763 4042 rependere
809 3972 980 4028 vicem
1025 3972 1220 4043 jubet;
1274 3988 1596 4044 quamquam
1627 3973 1833 4044 majore

233 4067 426 4138 dignus
459 4074 579 4121 erat
617 4065 880 4136 supplicio
919 4066 964 4121 is
1007 4082 1038 4121 a
1077 4081 1183 4137 quo
1222 4065 1476 4136 iniquitas
1527 4065 1833 4136 hujusmodi

234 4159 470 4228 cepisset
492 4157 772 4212 exordium
803 4175 816 4212 :
845 4155 978 4211 illud
1004 4157 1150 4212 enim
1182 4157 1451 4227 aequitatis
1480 4155 1618 4211 ratio
1644 4165 1831 4226 postu-

236 4249 401 4303 labat.
433 4248 543 4304 Sed
574 4249 695 4319 quia
722 4248 1108 4318 benignitatem
1145 4247 1360 4302 volebat
1389 4247 1598 4317 justitia
1627 4257 1835 4318 tempe-

234 4359 354 4398 rare
374 4385 390 4410 ,
427 4358 586 4406 eum,
633 4342 724 4412 qui
754 4341 988 4412 iniquius
1017 4357 1074 4397 se
1097 4351 1340 4414 gesserat
1359 4382 1375 4405 ,
1403 4342 1630 4410 minori,
1671 4358 1831 4413 quam

235 4435 567 4497 merebatur,
600 4431 820 4487 damnat
848 4433 1144 4503 supplicio,
1180 4433 1383 4489 docens
1407 4442 1465 4488 ut
1493 4434 1546 4488 in
1578 4433 1833 4504 patiendo

236 4543 487 4599 magnam
511 4541 791 4582 servemus
816 4527 1264 4584 moderationem.
1287 4525 1420 4582 Cum
1445 4542 1576 4598 ergo
1597 4527 1831 4597 priorem

235 4619 408 4690 legem
443 4619 788 4690 promlisset,
821 4618 1074 4689 illamque
1115 4627 1280 4672 totam
1317 4618 1564 4688 legisset,
1598 4617 1834 4673 ostendit

236 4722 428 4782 postea
471 4727 580 4767 non
621 4709 846 4766 fratrem
871 4725 992 4766 esse
1030 4710 1120 4780 qui
1161 4710 1285 4764 talia
1331 4710 1694 4780 perpetravit,
1735 4709 1833 4765 sed

240 4804 533 4872 malignum
549 4843 564 4866 ,
589 4801 820 4871 ideoque
843 4800 1155 4871 subjunxit:
1185 4800 1296 4870 Ego
1316 4810 1488 4855 autem
1515 4800 1629 4855 dico
1657 4800 1793 4854 vobis
1813 4842 1830 4866 ,

239 4913 340 4949 non
371 4895 608 4949 resistere
645 4892 805 4946 malo.
843 4891 963 4947 Non
1007 4892 1176 4956 dixit,
1207 4891 1324 4948 Non
1355 4891 1610 4947 resistere
1640 4891 1789 4945 fratri
1815 4909 1828 4945 :

241 4987 357 5054 sed,
391 4983 541 5040 Malo
561 5027 576 5053 ,
607 4982 902 5039 ostendens
929 4983 1021 5038 illo
1046 4982 1334 5053 instigante
1355 4982 1479 5036 talia
1508 4981 1829 5052 perpetrari,

241 5092 402 5151 atque
427 5080 507 5134 sic
537 5092 783 5149 magnam
807 5077 900 5132 ira:
928 5085 1131 5148 partem
1153 5075 1414 5131 adversus
1432 5090 1553 5131 eum
1580 5075 1668 5145 qui
1695 5075 1832 5144 inju-

241 5176 375 5229 riam
428 5171 606 5227 intulit
646 5177 964 5238 conceptam
1002 5166 1196 5222 sedans
1243 5175 1299 5222 et
1339 5166 1655 5233 succidens,
1711 5180 1832 5220 cum

242 5282 463 5324 causam
495 5266 550 5320 in
579 5264 808 5318 alterum
838 5259 1110 5315 transfert.
1138 5258 1275 5326 Quid
1300 5259 1497 5329 igitur?
1526 5273 1703 5313 annon
1733 5257 1832 5313 de-

239 5361 465 5424 bemus,
516 5356 756 5427 inquies,
801 5353 1053 5408 resistere
1090 5349 1267 5406 malo?
1310 5351 1562 5415 Debetis,
1600 5349 1695 5405 sed
1726 5363 1834 5405 non

242 5454 346 5508 hoc
375 5451 538 5507 modo
563 5469 578 5508 ε
600 5463 786 5504 verum
811 5454 871 5501 ut
889 5447 1006 5517 ipse
1035 5445 1326 5515 praecepit:
1354 5453 1413 5498 ut
1434 5441 1642 5498 scilicet
1662 5443 1832 5513 parati

242 5549 413 5602 simus
441 5544 510 5600 ad
551 5540 888 5613 recipiendas
917 5539 1170 5610 injurias;
1196 5538 1275 5594 sic
1310 5539 1456 5594 enim
1486 5537 1635 5592 illum
1677 5553 1837 5607 supe-

242 5641 406 5695 rabis.
431 5637 621 5707 Neque
659 5635 804 5692 enim
831 5635 954 5704 igne
980 5633 1117 5703 ignis
1150 5632 1530 5702 exstinguitur,
1555 5630 1648 5686 sed
1676 5645 1833 5701 aqua.

245 5732 311 5788 Ut
333 5741 516 5787 autem
538 5729 735 5791 discas,
761 5727 921 5782 etiam
953 5726 1005 5781 in
1037 5726 1202 5780 veteri
1229 5728 1345 5794 lege
1364 5740 1484 5780 eum
1513 5724 1601 5794 qui
1631 5733 1838 5793 patere-

239 5834 324 5884 tur
378 5824 608 5891 vicisse,
637 5827 1059 5889 coronatumque
1102 5817 1297 5886 fuissc,
1343 5817 1394 5875 id
1435 5816 1716 5888 diligenter
1742 5831 1836 5872 ex-

1966 1012 2148 1083 plora,
2178 1021 2233 1068 et
2255 1013 2465 1070 videbis
2487 1027 2608 1069 eum
2641 1013 2800 1084 longe
2825 1013 3100 1070 anteferri.
3129 1014 3261 1070 Nam
3288 1016 3378 1086 qui
3412 1017 3554 1087 prior

1961 1121 2154 1160 manus
2196 1107 2407 1178 iniquas
2445 1106 2662 1174 intulit,
2708 1108 2843 1162 duos
2871 1108 2987 1178 ipse
3013 1109 3199 1164 oculos
3225 1110 3430 1165 eruisse
3455 1111 3552 1165 de—

1965 1196 2340 1266 prehenditur,
2368 1206 2422 1253 et
2444 1197 2672 1268 proximi
2699 1199 2782 1254 sui
2809 1209 2864 1255 et
2885 1216 3062 1255 suum.
3093 1200 3323 1272 Ideoque
3343 1203 3464 1271 jure
3485 1205 3555 1257 ab

1959 1290 2209 1346 omnibus
2249 1291 2375 1346 odio
2412 1291 2661 1360 habetur,
2691 1304 2747 1348 et
2772 1294 2918 1348 mille
2943 1294 3408 1351 criminationibus
3447 1297 3551 1352 im-

1959 1383 2180 1451 petitur.
2211 1382 2313 1450 Qui
2335 1399 2473 1438 vero
2494 1384 2656 1440 laesus
2696 1394 2813 1452 est,
2860 1395 3214 1456 praeterquam
3249 1388 3390 1457 quod
3433 1389 3549 1458 pari

1960 1487 2118 1542 pmna
2151 1474 2476 1542 vindicatur,
2524 1474 2659 1530 nihil
2697 1476 2826 1530 mali
2861 1476 3059 1532 intulit.
3093 1477 3323 1548 Ideoque
3350 1481 3548 1534 multos

1956 1563 2121 1619 habet
2163 1578 2258 1619 seu
2300 1566 2774 1622 commiseratione
2816 1567 3085 1637 dolentes,
3115 1579 3300 1641 utpote
3332 1588 3498 1640 purus
3526 1615 3540 1636 ,

1954 1656 2166 1711 etiamsi
2205 1657 2336 1711 ultio
2368 1657 2506 1713 facta
2541 1659 2722 1714 fuerit.
2765 1659 3054 1716 Calamitas
3087 1678 3182 1732 par
3201 1672 3282 1718 est
3305 1664 3356 1717 in
3382 1665 3543 1718 utris-

1953 1762 2096 1816 que,
2149 1748 2318 1817 gloria
2357 1764 2488 1804 vero
2529 1764 2636 1805 non
2682 1765 2777 1821 par
2814 1751 2954 1820 apud
2998 1752 3164 1808 Deum
3196 1761 3248 1808 et
3275 1753 3543 1810 homines.

1951 1840 2291 1912 Quapmpter
2328 1858 2504 1912 neque
2537 1843 2817 1899 calamitas
2844 1845 3097 1915 deinceps
3125 1861 3223 1915 par
3249 1855 3350 1902 est.
3385 1848 3541 1902 Prin-

1950 1934 2092 2004 cipio
2134 1935 2313 2005 itaque
2340 1935 2508 2001 dixit,
2541 1936 2640 2003 Qui
2665 1938 2902 1992 irascitur
2925 1939 3076 2010 fratri
3102 1956 3195 1994 suo
3225 1941 3333 1994 sine
3354 1957 3539 2006 causa,

1949 2037 1997 2080 et
2016 2028 2106 2098 qui
2128 2028 2275 2082 illum
2300 2029 2500 2097 fatuum
2531 2031 2782 2100 appellat,
2823 2048 2940 2086 reus
2981 2032 3077 2086 erit
3109 2034 3351 2103 gehennae
3375 2036 3540 2106 ignis,

1949 2120 2038 2177 hic
2065 2137 2195 2177 vero
2223 2122 2481 2192 majorem
2508 2123 2670 2179 etiam
2711 2125 2938 2195 requirit
2963 2124 3357 2196 philosophiam
3380 2169 3394 2193 ,
3433 2144 3538 2183 non

1952 2214 2114 2270 modo
2140 2215 2419 2285 quiescere
2445 2215 2640 2285 jubens
2666 2231 2793 2271 eum
2825 2218 2916 2288 qui
2946 2218 3070 2272 talia
3103 2233 3290 2287 passus
3317 2219 3414 2282 sit,
3446 2221 3548 2274 sed

1948 2308 2111 2362 etiam
2137 2323 2257 2362 eum
2287 2308 2527 2364 credente
2565 2309 2744 2364 officio
2781 2319 3024 2377 certare,
3074 2310 3280 2380 ipsique
3313 2311 3536 2368 alteram

1953 2401 2228 2457 maxillam
2269 2401 2532 2470 praebere.
2575 2401 2686 2457 Hoc
2731 2412 2911 2458 autem
2952 2403 3112 2468 dicit,
3162 2419 3268 2458 non
3311 2419 3408 2473 pro
3449 2407 3540 2458 illo

1949 2495 2154 2565 injuria:
2183 2511 2382 2567 genere
2409 2505 2615 2551 tantum
2647 2498 2820 2569 legem
2863 2497 3042 2554 ferens
3063 2539 3076 2557 .
3123 2499 3218 2554 sed
3258 2498 3325 2555 ad
3375 2500 3538 2554 talem

1947 2587 2002 2645 in
2032 2590 2150 2644 aliis
2177 2591 2427 2645 omnibus
2450 2590 2790 2646 tolerantiam
2819 2605 2916 2646 nos
2946 2591 3251 2646 instituens.

2017 2680 2072 2734 2.
2114 2681 2343 2736 Christus
2367 2682 2503 2749 quod
2524 2682 2586 2736 de
2611 2681 2830 2753 colapho
2867 2684 2991 2737 dicit
3029 2683 3097 2736 ad
3133 2701 3330 2738 onmem
3355 2695 3535 2738 contn-

1945 2772 2150 2826 meliam
2179 2772 2420 2826 extendit.
2448 2772 2700 2828 Patiendo
2727 2776 2925 2827 vincere
2944 2784 3158 2844 oportet.
3182 2804 3252 2814 —
3273 2776 3536 2842 Quemad-

1945 2864 2163 2918 modum
2187 2865 2329 2918 enim
2358 2879 2480 2919 cum
2521 2865 2682 2930 dicit,
2731 2865 2832 2932 Qui
2868 2875 3011 2920 vocat
3049 2870 3256 2936 fratrem
3282 2884 3429 2921 suum
3450 2872 3535 2938 fa-

1945 2965 2085 3008 tuum
2105 2995 2121 3020 ,
2149 2969 2264 3008 reus
2287 2957 2380 3008 erit
2410 2956 2650 3026 gehennae
2672 2957 2804 3028 ignis
2824 2996 2840 3023 ,
2872 2971 2976 3010 non
3005 2955 3074 3012 de
3105 2957 3208 3024 hoc
3239 2972 3344 3012 uno
3369 2958 3536 3014 verbo

1945 3047 2048 3100 hoc
2070 3046 2230 3112 dicit,
2259 3046 2356 3102 sed
2377 3045 2445 3102 de
2466 3047 2704 3117 qualibet
2723 3047 3046 3102 contumelia
3073 3063 3088 3106 :
3118 3048 3188 3102 ita
3211 3047 3298 3103 hic
3323 3064 3535 3120 quoque

1944 3139 2120 3208 legem
2164 3139 2387 3207 statuit,
2421 3155 2528 3194 non
2558 3149 2764 3195 tantum
2792 3148 2851 3195 ut
2874 3141 3118 3210 colaphis
3143 3142 3266 3197 cassi
3288 3182 3304 3210 ,
3338 3143 3389 3197 id
3421 3142 3531 3198 for-

1944 3232 2068 3286 titer
2094 3230 2351 3298 feramus,
2381 3231 2478 3286 sed
2503 3239 2562 3286 ut
2582 3231 2795 3302 quidvis
2823 3230 2969 3286 aliud
2995 3232 3291 3302 patientes,
3323 3248 3393 3288 ne
3422 3241 3534 3288 tur-

1941 3323 2149 3378 bemur.
2193 3323 2482 3393 Propterea
2519 3333 2574 3380 et
2607 3323 2680 3378 ibi
2711 3332 3008 3379 extremam
3034 3324 3225 3395 selegit
3252 3325 3528 3395 injuriam,

1942 3424 1996 3470 et
2035 3414 2122 3470 hic
2160 3431 2314 3484 eam,
2361 3431 2479 3487 quae
2520 3416 2780 3485 probrosa
2810 3425 2866 3472 et
2888 3417 3274 3473 contumeliosa
3301 3419 3534 3475 maxime

1940 3506 2246 3575 videbatur,
2289 3510 2522 3565 maxillae
2550 3509 2977 3579 percussionem.
3007 3507 3064 3563 Id
3093 3524 3222 3564 vero
3243 3509 3438 3579 jussit,
3478 3521 3534 3565 et

1942 3601 2292 3672 percutientis
2330 3612 2386 3657 et
2424 3603 2664 3672 percussi
2700 3602 2962 3657 rationem
3003 3600 3224 3658 habens.
3260 3602 3394 3657 Nam
3441 3604 3531 3672 qui

1939 3692 2145 3763 injuria.
2163 3692 2414 3761 afticitur,
2447 3693 2580 3748 nihil
2610 3709 2670 3749 se
2699 3709 2869 3764 grave
2897 3709 3116 3764 passum
3153 3695 3525 3762 arbitrabitur,

1939 3785 2018 3841 sic
2044 3784 2380 3856 philosophia
2424 3785 2778 3855 praemunitus
2805 3804 2819 3840 :
2849 3801 3025 3858 neque
3063 3787 3207 3842 enim
3251 3798 3527 3846 contume-

1942 3878 2027 3932 lia:
2049 3893 2266 3934 sensum
2288 3878 2453 3933 ullum
2481 3877 2721 3944 habebit,
2753 3880 2931 3950 utqui
2961 3888 3135 3937 certet
3163 3883 3342 3952 potius
3370 3899 3528 3952 quam
3553 3913 3556 3915 λ

1941 3971 2305 4040 percutiatur;
2337 3971 2430 4041 qui
2460 3985 2593 4026 vero
2616 3971 2866 4041 injuriam
2908 3971 3102 4041 infert,
3131 3973 3344 4044 pudore
3365 3975 3531 4029 soliu-

1941 4077 2035 4118 sus
2062 4078 2168 4118 non
2200 4063 2502 4118 secundum
2523 4063 2808 4134 colaphum
2843 4064 3137 4135 impinget,
3176 4067 3386 4121 etiamsi
3415 4065 3526 4122 fera

1940 4155 2129 4226 quavis
2157 4155 2389 4212 ferocior
2418 4156 2524 4222 sit;
2549 4155 2656 4210 imo
2683 4156 2845 4211 etiam
2871 4155 2940 4210 de
2968 4157 3149 4226 priore
3171 4170 3290 4212 sese
3313 4155 3528 4211 damna-

1938 4247 2037 4302 bit.
2080 4247 2222 4302 Nihil
2246 4248 2390 4303 enim
2417 4248 2490 4302 ita
2517 4247 2776 4303 laedentes
2797 4247 3047 4314 cohibet,
3079 4257 3137 4302 ut
3159 4262 3282 4302 cum
3306 4249 3416 4303 laesi
3446 4250 3529 4303 in-

1936 4338 2132 4409 juriam
2163 4339 2406 4395 modeste
2431 4338 2645 4404 ferunt;
2692 4354 2866 4410 neque
2908 4339 3068 4395 modo
3114 4340 3312 4396 retinet
3356 4340 3527 4411 impe-

1943 4441 2053 4487 tum
2077 4473 2092 4499 ,
2137 4447 2206 4488 ne
2235 4433 2457 4488 ulterius
2495 4431 2840 4503 procedatur,
2891 4430 2986 4487 sed
3027 4432 3191 4486 etiam
3237 4431 3290 4487 id
3328 4433 3525 4499 eflicit,

1941 4533 2001 4581 ut
2025 4524 2093 4580 de
2124 4524 2264 4579 facto
2286 4539 2346 4580 se
2371 4525 2662 4594 paeniteat,
2691 4534 2746 4580 et
2770 4523 2861 4578 alii
2896 4522 3323 4580 moderationem
3352 4526 3526 4581 admi-

1938 4626 2123 4672 rantes
2143 4614 2431 4680 secedant;
2464 4615 2604 4681 imo,
2633 4629 2808 4681 neque
2836 4614 3012 4670 solum
3036 4615 3239 4672 amicos
3265 4631 3332 4672 ex
3363 4617 3531 4673 inimi-

1939 4713 2054 4776 cis,
2102 4711 2196 4766 sed
2247 4709 2538 4765 familiares
2584 4708 2760 4764 reddit
2797 4717 2858 4764 et
2892 4723 3113 4764 servos:
3143 4710 3301 4777 sicut,
3343 4726 3532 4766 econ-

1939 4817 2134 4868 verso,
2165 4801 2299 4856 ultio
2324 4811 2540 4871 sumpta
2581 4801 2851 4855 contraria
2895 4801 3076 4855 omnia
3115 4802 3284 4871 parit,
3325 4813 3533 4856 utrum-

1940 4910 2043 4965 que
2096 4893 2418 4957 dedecorat,
2473 4902 2530 4949 et
2580 4893 2818 4963 pejorem
2870 4891 3068 4960 efﬁcit,
3131 4893 3391 4965 majorem
3439 4897 3531 4949 ira:

1941 4985 2212 5040 ﬂammam
2241 4983 2477 5050 excitat,
2507 4999 2571 5038 ac
2604 4999 2751 5054 saepe
2777 4983 2927 5040 caede
2971 4983 3290 5040 terminatur
3329 4986 3529 5040 malum

1942 5077 2007 5132 ad
2064 5076 2320 5131 ulteriora
2369 5090 2737 5146 progressum.
2797 5074 3001 5132 Idcirco
3059 5091 3375 5147 percussum
3425 5094 3530 5132 non

1943 5168 2105 5224 modo
2121 5167 2277 5239 jubet
2305 5182 2412 5223 non
2452 5166 2650 5234 irasci,
2695 5166 2791 5223 sed
2830 5169 2993 5223 etiam
3033 5170 3389 5239 percutientis
3433 5170 3533 5224 im-

1945 5261 2094 5326 plere
2137 5258 2479 5329 cupiditatem
2531 5258 2802 5330 praecipit,
2851 5267 2911 5314 ut
2949 5274 3018 5314 ne
3040 5259 3270 5316 videaris
3297 5262 3532 5330 priorem

1943 5351 2154 5421 plagam
2201 5350 2398 5405 invitus
2432 5350 2728 5420 accepisse.
2753 5349 2842 5405 Sic
2871 5351 3014 5405 enim
3045 5350 3411 5420 impudentem
3441 5369 3532 5422 op.

1944 5445 2256 5513 portuniore
2290 5441 2445 5513 plaga
2473 5451 2761 5512 percutere
2804 5442 3040 5511 poteris,
3086 5457 3247 5512 quam
3287 5443 3333 5498 si
3373 5459 3534 5498 manu

1947 5535 2310 5606 percussisses
2328 5575 2344 5600 ,
2377 5542 2433 5590 et
2460 5533 2827 5604 impudentem
2855 5537 3277 5590 mansuetiorem
3307 5533 3532 5590 efﬁcies.

1949 5627 2050 5694 Qui
2078 5626 2291 5681 voluerit
2317 5635 2479 5680 tecum
2497 5626 2695 5696 judicio
2718 5624 3019 5680 contendere
3036 5665 3052 5691 ,
3083 5635 3130 5680 et
3151 5627 3375 5680 tunicam
3396 5637 3533 5680 tuam

1948 5719 2156 5784 tollere,
2195 5718 2391 5773 dimitte
2423 5717 2500 5771 illi
2541 5726 2587 5770 et
2633 5718 2866 5786 pallium.
2899 5716 3085 5787 Neque
3111 5717 3254 5773 enim
3284 5721 3338 5774 in
3369 5719 3534 5789 plagis

1949 5811 2348 5878 tantummodo,
2398 5810 2492 5868 sed
2531 5809 2692 5866 etiam
2723 5811 2774 5866 in
2803 5811 3042 5881 pecuniis
3073 5811 3184 5867 vult
3210 5811 3374 5869 talem
3403 5813 3536 5868 tole-
