4050 6364
421 303 519 359 267

420 419 648 475 rantiam
677 414 939 471 exhiberi.
985 414 1110 468 Ideo
1152 424 1366 468 rursum
1404 407 1568 464 simili
1607 404 1777 458 utitur
1814 400 2011 470 hyper-

420 511 568 567 bole.
611 509 759 565 Sicut
796 508 941 564 enim
977 506 1085 560 illic
1108 504 1261 574 jubet
1298 497 1550 572 patiendo
1579 496 1795 550 vincere
1815 533 1830 554 ,
1862 491 1933 545 ita
1960 497 2015 543 et

424 601 511 656 hic
537 601 589 654 in
613 597 959 656 concedendo
985 596 1133 666 plura
1158 635 1176 660 ,
1218 608 1377 664 quam
1416 597 1603 660 raptor
1643 582 2010 661 exspectabat.

429 691 622 748 Verum
649 691 752 748 hoc
791 706 898 746 non
936 688 1249 757 simpliciter
1288 685 1504 755 posuit,
1536 681 1631 737 sed
1661 695 1782 734 cum
1810 673 2015 730 addita-

423 793 630 839 mento.
671 783 786 838 Non
830 782 974 837 enim
1019 781 1188 843 dixit,
1236 778 1311 832 Da
1345 776 1548 847 petenti
1589 773 1846 843 pallium,
1887 765 2014 832 sed,

427 877 497 933 Ei
515 878 603 946 qui
622 876 834 930 uoluerit
856 884 1017 928 tecum
1029 872 1230 944 judicio
1251 869 1590 932 contendere;
1617 868 1721 920 hoc
1740 873 1826 921 est
1845 905 1858 928 ,
1891 862 1936 917 si
1966 870 2019 916 te

426 968 493 1024 ad
513 968 772 1038 judicium
791 967 1051 1034 traxerit,
1081 980 1144 1019 ac
1174 963 1382 1035 negotia
1405 962 1499 1018 tibi
1519 960 1790 1018 exhibeat.
1821 959 2021 1026 Quem-

427 1057 716 1116 admodum
747 1074 877 1116 vero
903 1074 1026 1114 cum
1064 1057 1323 1124 dixisset,
1360 1055 1443 1115 Ne
1476 1069 1638 1111 voces
1681 1053 1917 1117 fatuum,
1964 1059 2022 1106 et

429 1169 502 1209 ne
525 1151 779 1209 irascaris
811 1152 929 1207 sine
957 1165 1118 1207 causa
1141 1192 1158 1218 ,
1184 1150 1438 1221 deinceps
1463 1149 1614 1220 plura
1637 1146 1856 1218 exegit,
1896 1161 2019 1202 cum

428 1244 590 1314 jussit
616 1244 780 1298 etiam
807 1241 1088 1298 dexteram
1117 1242 1391 1298 maxillam
1426 1239 1672 1311 praebere
1701 1257 1716 1292 :
1748 1239 1819 1293 ita
1847 1247 1902 1293 et
1929 1236 2021 1292 hic

431 1353 557 1392 cum
587 1336 833 1404 dixisset,
862 1336 994 1392 Esto
1030 1336 1374 1399 consentiens
1398 1350 1518 1390 cum
1553 1334 1863 1390 adversario
1892 1343 1984 1388 tuo
2002 1373 2018 1398 ,

430 1444 647 1486 rursum
671 1430 885 1501 gravius
923 1443 1250 1500 praeceptum
1289 1428 1458 1485 addit.
1499 1428 1618 1486 Non
1666 1428 1810 1484 enim
1860 1426 2024 1482 modo

431 1522 586 1593 jubet
613 1521 706 1578 illa
734 1521 866 1580 dare
903 1538 1022 1593 qua:
1069 1523 1160 1580 ille
1189 1523 1303 1579 vult
1337 1521 1588 1588 auferre,
1637 1522 1733 1577 sed
1763 1521 2021 1590 majorem

433 1616 598 1670 etiam
637 1616 1017 1672 liberalitatem
1045 1617 1321 1673 exhibere.
1367 1615 1508 1683 Quid
1549 1617 1750 1687 igitur?
1779 1614 2021 1687 inquies,

433 1707 685 1764 nudusne
703 1708 1026 1763 circuiturus
1058 1709 1222 1764 sum?
1251 1707 1532 1780 Nunquam
1574 1723 1818 1764 essemus
1858 1707 1986 1762 nudi
2006 1749 2022 1774 ,

434 1799 482 1853 si
500 1798 585 1854 his
601 1799 882 1870 praeceptis
902 1799 1188 1870 diligenter
1203 1799 1725 1870 obtemperaremus;
1748 1800 1840 1855 sed
1859 1801 2029 1855 multo

435 1891 680 1961 pluribus
707 1907 870 1962 quam
910 1892 1002 1946 alii
1044 1908 1234 1948 omnes
1271 1892 1510 1948 vestibus
1551 1891 1722 1947 induti
1763 1906 2026 1948 essemus.

437 1983 621 2040 Primo
658 1987 804 2040 enim
851 2001 1010 2042 nemo
1049 1986 1140 2042 tali
1191 1986 1372 2047 animo
1411 1985 1668 2056 praeditus
1714 1985 1984 2040 invaderet
2015 2005 2029 2041 :

437 2074 712 2142 secundo,
763 2076 808 2130 si
859 2077 1122 2147 quispiam
1165 2087 1475 2134 occurreret
1500 2078 1570 2131 ita
1591 2075 1742 2132 ferox
1783 2087 1838 2132 et
1876 2078 2035 2132 inhu-

438 2180 656 2233 manus,
697 2175 757 2222 ut
795 2182 863 2222 eo
909 2183 1078 2238 usque
1128 2169 1476 2238 procederet,
1525 2169 1693 2224 multo
1721 2169 1906 2239 plures
1942 2184 2033 2224 re-

441 2257 752 2327 perirentur
804 2259 894 2329 qui
953 2268 1114 2314 tantae
1166 2258 1521 2330 philosophia:
1563 2260 1739 2314 virum
1789 2275 1897 2315 non
1935 2275 2034 2316 ve-

442 2348 614 2404 stibus
629 2348 808 2415 modo,
829 2349 922 2404 sed
940 2360 994 2404 et
1013 2365 1174 2404 carne
1190 2365 1307 2415 sua,
1327 2350 1374 2405 si
1389 2349 1504 2408 fieri
1522 2362 1724 2420 posset,
1742 2351 2034 2422 operirent.

515 2440 571 2496 '5.
599 2439 657 2494 Si
685 2450 866 2496 autem
895 2443 1056 2496 etiam
1090 2451 1305 2512 propter
1335 2443 1494 2497 talem
1526 2442 1921 2514 philosophiam
1947 2461 2040 2500 nu-

445 2529 574 2585 dum
602 2531 852 2586 incedere
875 2539 1182 2602 Oporteret,
1209 2548 1385 2603 neque
1413 2532 1468 2588 id
1497 2534 1657 2590 etiam
1688 2542 1846 2606 turpe
1871 2545 2037 2592 esset.

446 2621 579 2677 Nam
601 2631 656 2677 et
679 2622 850 2676 Adam
884 2622 1059 2678 nudus
1085 2631 1202 2678 erat
1226 2624 1278 2678 in
1311 2625 1560 2695 paradiso
1579 2668 1594 2694 ,
1627 2642 1728 2684 nec
1753 2630 2042 2687 erubesce—

445 2715 541 2772 bat
567 2715 721 2785 (ϐίη.
753 2715 809 2771 2.
841 2715 966 2786 25);
991 2717 1156 2772 Isaias
1184 2718 1344 2773 etiam
1376 2720 1552 2775 nudus
1583 2730 1637 2776 et
1665 2721 2040 2791 discalceatus,

448 2807 760 2865 Judtcorum
788 2809 1027 2871 oumium
1057 2809 1522 2882 splendidissimus
1545 2813 1834 2887 erat(1sai.
1852 2815 1943 2872 20.
1961 2817 2043 2888 '5);

451 2902 651 2974 Joscph
690 2917 820 2958 vero
855 2918 979 2959 cum
1012 2914 1211 2960 exutus
1249 2916 1369 2970 est,
1403 2915 1529 2962 tunc
1557 2909 1790 2964 maxime
1831 2909 2044 2966 claruit.

453 2995 640 3066 Neque
665 2996 807 3052 enim
839 2997 1040 3050 malum
1067 3007 1151 3052 est
1181 2997 1252 3052 ita
1287 2997 1516 3064 nudari,
1547 2999 1642 3055 sed
1671 3000 1741 3053 ita
1770 3000 1952 3066 indui,
1992 3012 2050 3056 ut

454 3100 597 3141 nunc
621 3101 721 3141 nos
751 3085 1023 3142 induimur
1048 3087 1382 3143 vestimentis
1405 3090 1680 3159 pretiosis.
1713 3090 1823 3145 Hoc
1849 3101 1903 3146 et
1933 3101 2044 3145 tur-

454 3191 524 3248 pe
551 3187 606 3232 et
625 3176 908 3233 ridiculum
937 3186 1038 3233 est.
1076 3177 1203 3234 Ideo
1228 3178 1350 3234 illos
1379 3180 1595 3250 quidem
1624 3181 1767 3238 Deus
1793 3181 2048 3248 laudavit;

456 3269 558 3324 hos
585 3284 716 3325 vero
744 3285 840 3340 per
866 3269 1152 3340 prophetas
1175 3280 1230 3326 et
1247 3287 1346 3342 per
1363 3273 1635 3342 apostolos
1654 3289 1798 3345 saepe
1823 3274 2049 3331 incusat.

457 3359 536 3414 Ne
564 3359 742 3430 itaque
769 3371 1034 3431 prmcepta
1073 3361 1423 3430 impossibilia
1452 3378 1575 3419 esse
1618 3375 1888 3434 putemus.
1925 3366 2056 3434 Quae

461 3454 645 3524 utique
672 3463 727 3509 et
755 3453 902 3509 utilia
929 3453 1084 3509 nobis
1112 3463 1267 3522 sunt,
1293 3464 1349 3511 et
1377 3457 1533 3512 valde
1560 3456 1734 3513 facilia
1755 3499 1773 3526 ,
1802 3459 1848 3514 si
1873 3459 2058 3531 vigile-

462 3561 587 3601 mus
613 3561 626 3599 :
661 3553 973 3616 tantumque
999 3545 1229 3602 afferunt
1247 3548 1474 3612 lucrum,
1506 3558 1564 3604 ut
1590 3565 1695 3605 non
1734 3567 1832 3607 nos
1859 3554 2056 3619 solum,

464 3638 561 3692 sed
587 3636 748 3692 etiam
778 3651 890 3702 eos,
918 3638 1009 3709 qui
1039 3654 1138 3694 nos
1155 3640 1370 3706 laedunt,
1402 3642 1634 3702 maxime
1650 3644 1857 3713 juvent.
1876 3646 1943 3700 Et
1959 3645 2062 3702 hoc

467 3738 551 3783 est
570 3728 624 3782 in
651 3729 731 3785 eis
752 3730 1030 3796 eximium,
1051 3731 1193 3801 quod
1223 3733 1351 3792 dum
1380 3735 1606 3790 suadent
1632 3736 1809 3805 nobis,
1841 3748 1895 3793 ut
1921 3741 2060 3795 mala

467 3821 758 3893 patiamur,
787 3823 973 3880 eadem
1005 3839 1168 3894 opera
1197 3840 1291 3881 eos
1309 3868 1325 3892 ,
1355 3828 1445 3896 qui
1472 3843 1572 3884 nos
1601 3829 1801 3884 lardum
1819 3871 1835 3896 ,
1866 3831 2066 3888 docent

469 3912 859 3984 philosophari.
919 3916 1053 3970 Dum
1108 3917 1252 3971 enim
1295 3917 1384 3974 ille
1442 3927 1591 3988 putat
1639 3937 1890 3992 magnum
1943 3939 2065 3982 esse

471 4007 645 4062 aliena
674 4005 906 4074 auferre,
941 4015 996 4062 tu
1024 4023 1153 4064 vero
1176 4008 1417 4066 ostendis
1446 4009 1568 4080 ipsi,
1601 4012 1697 4066 tibi
1730 4014 1784 4068 in
1813 4024 2064 4086 promptu

473 4112 596 4154 esse
626 4098 712 4154 illa
741 4099 902 4154 etiam
942 4098 1072 4155 dare
1101 4115 1221 4170 quae
1263 4100 1377 4169 ipse
1422 4117 1528 4158 nou
1566 4105 1732 4173 petit,
1760 4116 1814 4160 et
1843 4122 2065 4176 pronam

473 4191 806 4247 alacritatem
845 4192 962 4262 ejus
993 4193 1187 4261 inopia:
1218 4193 1719 4266 philosophiamque
1754 4197 1871 4267 ejus
1912 4215 2072 4269 rapa-

473 4284 622 4340 citati
648 4284 906 4354 opponis,
932 4285 1210 4340 considera
1243 4295 1493 4355 quantam
1533 4287 1621 4343 ille
1669 4290 1930 4358 percipiet
1968 4291 2068 4346 do-

475 4378 730 4445 ctrinam,
767 4393 872 4431 non
904 4392 970 4432 ex
995 4377 1198 4445 verbis,
1228 4377 1324 4434 sed
1353 4393 1422 4434 ex
1453 4381 1706 4449 operibus
1734 4382 1975 4439 eruditus
2003 4383 2070 4438 ad

476 4469 965 4540 parvipendendam
984 4471 1294 4541 nequitiam,
1317 4481 1374 4526 et
1389 4471 1637 4528 virtutem
1659 4476 2070 4545 assequendam.

477 4561 596 4617 Non
636 4562 780 4618 enim
822 4564 934 4617 vult
983 4563 1122 4619 Deus
1169 4572 1228 4618 ut
1263 4564 1416 4621 nobis
1442 4574 1650 4622 tantum
1695 4567 1853 4623 utiles
1881 4569 2068 4635 simus,

478 4653 576 4710 sed
597 4655 844 4709 omnibus
870 4656 1146 4726 proximis.
1169 4655 1224 4711 St
1244 4655 1401 4726 igitur
1417 4656 1652 4723 dederis,
1677 4669 1732 4714 et
1748 4675 1855 4714 non
1871 4659 2076 4730 judicio

478 4746 858 4812 contenderis,
887 4747 1032 4815 quod
1067 4747 1164 4803 tibi
1190 4748 1320 4802 utile
1357 4760 1474 4804 erat
1504 4757 1706 4804 tantum
1738 4752 2031 4820 quzesivisti
2057 4771 2072 4820 ;

480 4839 526 4893 si
557 4853 688 4894 vero
706 4839 851 4896 aliud
877 4840 1019 4893 dono
1042 4840 1333 4904 addideris,
1357 4841 1504 4895 illum
1529 4841 1810 4898 meliorem
1827 4843 2075 4900 effectum

481 4932 728 4988 dimittis.
753 4932 1066 5003 Hujusmodi
1097 4943 1180 4988 est
1206 4934 1305 5000 sal,
1335 4944 1393 4988 ut
1420 4935 1533 4988 vult
1560 4935 1814 4991 Dominus
1843 4937 2080 5008 discipu-

481 5025 565 5080 los
605 5039 727 5080 esse
756 5041 770 5078 :
799 5024 941 5095 quod
975 5035 1031 5080 et
1067 5025 1301 5095 seipsum
1344 5034 1560 5090 servat,
1601 5037 1656 5081 et
1695 5027 1799 5081 alia
1824 5043 2074 5100 corpora,

482 5119 800 5190 quibuscum
837 5118 1062 5176 mixtum
1088 5128 1192 5184 εει,
1224 5117 1405 5171 firmat
1431 5137 1444 5172 :
1474 5117 1594 5172 talis
1628 5127 1713 5174 est
1740 5121 1928 5175 oculus
1948 5162 1963 5188 ,
1987 5122 2079 5192 qui

461 5214 589 5274 sibi
618 5212 720 5282 ipsi
746 5212 889 5265 lucet
915 5220 970 5265 et
1005 5210 1145 5266 aliis.
1175 5210 1309 5276 Quia
1337 5210 1498 5282 igitur
1519 5227 1707 5267 eorum
1731 5222 1782 5268 te
1803 5215 1920 5269 vice
1946 5229 2082 5270 con-

459 5284 690 5370 istituit,
725 5303 964 5358 illumina
989 5318 1112 5358 eum
1136 5344 1152 5370 ,
1179 5303 1268 5372 qui
1303 5303 1354 5357 in
1387 5304 1622 5359 tenebris
1653 5305 1838 5372 sedet,
1868 5315 1924 5361 et
1946 5307 2082 5363 doce

485 5395 638 5449 illum
659 5435 674 5460 ,
703 5409 804 5449 nec
829 5394 1058 5464 primum
1085 5393 1300 5463 quidem
1327 5394 1568 5463 rapuisse
1594 5395 1874 5462 violenter,
1906 5412 2007 5452 nec
2032 5405 2084 5454 te

487 5485 692 5542 larsisse
707 5486 946 5540 omnino.
963 5485 1054 5542 Sic
1081 5486 1223 5541 enim
1240 5497 1297 5542 et
1315 5496 1371 5542 tu
1400 5489 1760 5544 venerabilior
1783 5490 2085 5562 clariorque

488 5579 600 5633 eris
619 5619 634 5642 ,
665 5578 713 5633 si
750 5578 1004 5634 oste-udas
1026 5619 1042 5644 ,
1070 5577 1286 5634 dedisse
1315 5587 1402 5645 te,
1435 5596 1540 5635 non
1577 5591 1784 5651 raptum
1814 5582 2082 5637 amisisse.

491 5671 598 5726 Fac
614 5671 774 5736 igitur
795 5687 888 5740 per
914 5671 1378 5728 mansuetudinem
1402 5682 1567 5740 tuam,
1592 5683 1646 5728 ut
1669 5673 1782 5744 ejus
1806 5681 2082 5744 peccaturo

491 5762 777 5819 liberalitas
803 5772 891 5818 tua
925 5764 1013 5820 sit.

1193 295 1253 353 S.
1293 291 1572 350 JOANNIS
1605 279 2086 346 CHRYSOSTOMI
2131 282 2451 340 ARCHIEP.
2494 282 3030 342 CONSTANTINOP.

3606 283 3716 344 268

2197 398 2454 466 Quantam
2499 399 2856 470 perfectionem
2896 368 3002 451 nos.
3035 395 3259 450 docuerit
3296 396 3547 452 Christus.
3579 396 3716 452 Per-

2121 491 2238 562 fecti
2263 490 2358 544 viri
2381 490 2622 544 utrumuis
2649 489 2883 561 fortiores
2906 488 3219 542 evadunt.—-
3235 487 3292 542 Si
3314 503 3443 543 vero
3468 488 3569 543 hoc
3593 504 3717 544 esse

2117 595 2374 658 magnum
2399 589 2574 650 putas,
2598 588 2872 648 exspecta,
2889 588 2944 633 et
2971 579 3116 634 clare
3141 577 3367 646 videbis,
3396 589 3447 632 te
3476 579 3717 634 nondum

2123 671 2188 726 ad
2217 670 2599 741 perfectionem
2624 670 2857 725 venisse.
2892 668 3010 724 Non
3038 669 3181 724 enim
3204 668 3291 723 hic
3319 669 3543 741 gradum
3574 671 3720 726 sistit

2124 765 2170 819 is
2193 752 2283 835 qui
2315 763 2585 834 patientia:
2607 763 2752 834 leges
2777 762 2943 829 dedit,
2973 762 3068 818 sed
3099 763 3321 819 ulterius
3349 763 3612 833 procedit,
3643 764 3720 819 ita

2124 859 2311 914 dicens
2340 875 2353 912 :
2383 859 2473 913 41.
2509 859 2571 913 Si
2603 859 2718 929 quis
2757 867 2805 912 te
2837 857 3180 928 angariaverit
3215 857 3514 911 milliarium
3536 874 3720 925 unum,

2125 949 2253 1005 uade
2287 966 2402 1003 cum
2443 949 2534 1004 illo
2568 958 2614 1003 et
2641 950 2764 1003 duo.
2799 948 3047 1004 Vidistin‘
3069 946 3422 1018 philosophia:
3447 948 3726 1004 excellen-

2127 1041 2296 1096 tiam?
2323 1041 2452 1097 Post
2479 1041 2659 1096 datam
2687 1040 2926 1096 tunicam
2949 1049 3006 1096 et
3031 1040 3276 1111 pallium,
3303 1040 3348 1097 si
3377 1040 3554 1096 adhuc
3576 1042 3728 1096 nudo

2126 1148 2355 1204 corpore
2384 1133 2461 1188 uti
2485 1132 2614 1188 velit
2642 1132 2982 1189 adversarius
3006 1133 3074 1188 ad
3103 1132 3343 1188 laborem
3368 1143 3423 1188 et
3449 1135 3726 1189 miseriam

2128 1225 2403 1282 ferendam
2424 1267 2440 1292 ,
2471 1243 2542 1283 ne
2569 1227 2649 1282 sic
2669 1226 2884 1297 quidem
2912 1227 3064 1282 illum
3085 1243 3341 1283 coercere
3369 1237 3602 1298 oportet,
3635 1229 3728 1284 in—

2128 1319 2264 1390 quit.
2305 1319 2496 1376 Omnia
2543 1319 2688 1375 enim
2727 1334 2828 1376 nos
2870 1313 3378 1376 communiter'vult
3422 1321 3727 1391 possidere,

2129 1425 2355 1481 corpora
2375 1453 2392 1478 ,
2423 1411 2713 1481 pecunias,
2742 1421 2799 1467 et
2817 1411 3000 1482 egenis
3030 1412 3232 1482 pariter
3256 1412 3613 1484 injuriamque
3641 1415 3731 1467 in-

2132 1505 2429 1560 ferentibus
2457 1505 2545 1561 illa
2575 1505 2816 1576 praebere
2846 1524 2858 1559 :
2891 1505 2995 1560 hoc
3030 1505 3173 1561 enim
3216 1505 3572 1570 fortitudinis,
3597 1506 3734 1561 illud

2132 1596 2475 1668 benignitatis
2501 1605 2606 1652 est.
2638 1595 2765 1652 Ideo
2793 1595 3006 1652 dicebat
3037 1615 3052 1652 :
3085 1597 3149 1652 Si
3171 1598 3284 1666 quis
3310 1607 3357 1652 te
3385 1599 3736 1668 angariaverit

2133 1691 2431 1746 milliarium
2459 1706 2648 1756 unum,
2677 1690 2807 1745 vade
2839 1706 2955 1744 cum
2987 1690 3080 1744 illo
3105 1700 3155 1746 et
3193 1691 3296 1748 duo
3315 1732 3332 1758 ,
3363 1691 3652 1748 sublimius
3681 1702 3737 1747 te

2134 1803 2348 1844 rursum
2382 1787 2629 1859 erigens,
2657 1796 2819 1858 atque
2844 1786 3090 1842 eamdem
3142 1785 3310 1856 ipsam
3357 1786 3741 1842 liberalitatem

2135 1881 2424 1937 ostendere
2451 1880 2672 1950 jubens.
2701 1880 2758 1936 Si
2793 1880 2939 1935 enim
2966 1877 3056 1934 illa
3077 1921 3092 1944 ,
3123 1893 3243 1949 quae
3273 1878 3328 1933 in
3365 1879 3630 1948 principio
3656 1879 3744 1933 di-

2137 1975 2301 2030 cebat
2319 2014 2338 2043 ,
2367 1972 2451 2029 his
2474 1973 2635 2044 longe
2662 1972 2871 2027 minora
2889 2013 2905 2036 ,
2937 1979 3016 2027 tot
3040 1980 3219 2026 tamen
3247 1970 3609 2026 beatitudines
3637 1970 3742 2023 ha-

2139 2066 2334 2133 beant,
2361 2065 2534 2137 cogita
2565 2073 2764 2135 quanta
2789 2078 2911 2119 sors
2941 2063 3060 2119 haec
3084 2062 3289 2132 majora
3322 2070 3610 2132 operantes
3635 2077 3742 2116 ex-

2141 2166 2385 2229 spectet,
2433 2167 2596 2227 atque
2648 2156 2809 2212 etiam
2859 2155 3046 2226 quales
3095 2155 3174 2209 illi
3221 2154 3306 2210 vel
3346 2165 3472 2210 ante
3516 2154 3746 2224 praemia

2141 2249 2406 2316 evadant,
2439 2251 2492 2304 in
2516 2250 2752 2304 humano
2779 2257 2835 2304 et
2866 2247 3107 2318 passibili
3137 2262 3363 2318 corpore
3396 2246 3747 2318 impassibili-

2143 2349 2310 2398 tatem
2353 2355 2568 2396 onmem
2597 2339 2934 2396 exhibentes.
2965 2339 3097 2394 Cum
3128 2339 3272 2394 enim
3313 2355 3491 2410 neque
3531 2341 3750 2394 calum-

2145 2435 2286 2500 niis,
2331 2449 2504 2506 neque
2547 2435 2756 2505 plagis,
2803 2448 2980 2504 neque
3031 2433 3377 2502 pecuniarum
3432 2433 3748 2502 direptione

2145 2525 2512 2594 mordeantur,
2551 2540 2725 2596 neque
2765 2525 2861 2579 ulli
2902 2525 2979 2579 rei
3019 2525 3183 2580 simili
3227 2541 3481 2594 umquam
3525 2526 3750 2586 cedant.

2148 2616 2256 2671 imo
2275 2617 2452 2687 potius
2471 2617 2725 2671 mrumnis
2753 2615 3002 2670 fortiores
3025 2616 3274 2682 evadant,
3303 2617 3582 2673 considera
3605 2633 3752 2688 qua-

2149 2710 2216 2765 lis
2244 2711 2421 2764 anima
2445 2724 2632 2764 eorum
2665 2709 2946 2764 efﬁciatur.
2977 2709 3270 2780 Propterea
3301 2711 3443 2781 quod
3476 2714 3526 2765 in
3552 2713 3750 2783 plagis,

2151 2801 2291 2873 quod
2319 2801 2369 2857 in
2396 2801 2636 2874 pecuniis
2658 2801 2828 2872 jubet,
2850 2801 2952 2858 hoc
2972 2810 3026 2858 et
3046 2801 3098 2858 in
3128 2802 3225 2857 hac
3255 2818 3313 2857 re
3333 2819 3542 2872 quoque
3570 2805 3756 2861 facere

2152 2898 2428 2967 prarcepit.
2474 2896 2614 2963 Quid
2659 2897 2870 2967 loquor,
2913 2896 3106 2967 inquit,
3155 2897 3223 2953 de
3269 2899 3628 2961 contumeliis,
3681 2899 3762 2956 de

2155 2987 2438 3057 pecuniis?
2480 2987 2536 3043 Si
2567 2988 2727 3042 etiam
2768 2988 2886 3058 ipso
2934 3004 3162 3059 corpore
3223 2998 3314 3045 tuo
3363 2992 3436 3044 uti
3497 2990 3626 3049 velit
3685 2994 3757 3046 ad

2157 3078 2395 3143 laborem
2421 3087 2478 3134 et
2504 3079 2935 3150 defatigationem
2963 3122 2980 3148 ,
3011 3080 3247 3151 illudque
3289 3085 3487 3156 injuste
3507 3125 3522 3148 ,
3562 3099 3762 3138 rursus

2156 3175 2396 3242 vincito,
2441 3183 2499 3231 et
2538 3175 2680 3230 illius
2720 3175 2954 3246 iniquam
3004 3176 3353 3246 cupiditatem
3401 3188 3757 3248 exsuperato.

2159 3269 2454 3339 Anguriare
2481 3268 2626 3324 enim
2647 3277 2730 3323 est
2767 3268 2948 3339 inique
2970 3269 3205 3332 trahere,
3239 3277 3293 3324 et
3317 3270 3433 3324 sine
3453 3269 3560 3324 ulla
3593 3287 3761 3339 pror-

2160 3376 2254 3418 sus
2276 3362 2484 3416 ratione
2510 3362 2618 3415 vim
2649 3360 2871 3417 inferre.
2907 3365 3154 3417 Attamen
3185 3361 3250 3416 ad
3277 3363 3378 3418 hoc
3404 3363 3562 3417 etiam
3594 3379 3726 3433 para
3751 3394 3763 3404 -

2164 3465 2249 3511 tus
2273 3466 2410 3520 esto,
2443 3469 2498 3512 ut
2524 3458 2754 3528 amplius
2784 3458 3025 3528 patiaris,
3049 3473 3208 3529 quam
3242 3458 3334 3514 ille
3363 3460 3490 3514 velit
3515 3460 3764 3530 exigere.

2163 3549 2254 3605 ΑΩ.
2281 3549 2480 3604 Petenti
2505 3559 2552 3604 te
2577 3550 2662 3614 da,
2687 3559 2732 3604 et
2753 3550 3002 3604 volentem
3029 3567 3060 3603 a
3087 3559 3134 3605 te
3149 3552 3392 3618 mutuari,
3417 3568 3479 3606 ne
3493 3555 3765 3608 averseris.

2165 3642 2292 3698 Haec
2315 3642 2522 3698 minora
2545 3641 2648 3697 illis
2664 3652 2822 3707 sunt;
2854 3642 2950 3698 sed
2979 3657 3045 3698 ne
3066 3643 3278 3698 mireris
3309 3659 3325 3698 :
3353 3644 3430 3698 sic
3457 3645 3599 3699 enim
3623 3645 3770 3700 solet

2168 3749 2382 3804 semper
2410 3733 2618 3797 facere,
2657 3733 2866 3805 magnis
2907 3749 3066 3804 parva
3107 3735 3361 3790 miscens.
3391 3735 3447 3791 Si
3491 3752 3618 3792 vero
3647 3736 3773 3792 haec

2168 3828 2376 3882 minora
2407 3828 2516 3882 sint
2543 3827 2667 3894 illis,
2697 3827 2917 3882 audiant
2946 3827 3034 3898 qui
3066 3827 3239 3882 aliena
3265 3829 3500 3897 rapiunt,
3528 3829 3618 3899 qui
3643 3845 3770 3883 me-

2169 3919 2456 3975 retricibus
2492 3935 2590 3975 sua
2630 3919 2950 3990 largiuntur,
2983 3928 3038 3974 et
3074 3917 3273 3989 duplex
3315 3920 3414 3976 sibi
3462 3930 3649 3991 parant
3688 3921 3774 3973 iu-

2171 4011 2418 4068 cendium
2445 4050 2462 4077 ,
2508 4020 2564 4066 et
2605 4027 2704 4081 per
2750 4011 2990 4080 iniquum
3037 4011 3238 4065 aditum
3264 4053 3279 4075 ,
3309 4021 3366 4066 et
3393 4027 3489 4081 per
3523 4023 3776 4080 sumptus

2175 4104 2523 4175 perniciosos.
2552 4103 2791 4158 Mutuum
2819 4112 2996 4159 autem
3037 4103 3123 4158 hic
3160 4118 3265 4157 non
3296 4104 3595 4157 usurarium
3638 4103 3777 4158 illud

2174 4195 2353 4252 faenus
2379 4196 2668 4266 appellant,
2692 4195 2786 4251 sed
2813 4210 2968 4250 usum
2996 4195 3312 4264 simplicem.
3346 4196 3483 4249 Alibi
3525 4211 3654 4250 vero
3686 4197 3775 4251 id-

2176 4290 2350 4358 ipsum
2384 4288 2648 4352 intendit,
2686 4289 2891 4355 dicens,
2930 4287 3036 4343 illis
3065 4287 3299 4342 dandum
3329 4303 3449 4342 esse
3469 4330 3483 4353 ,
3515 4305 3543 4343 a
3574 4290 3779 4359 quibus

2178 4382 2312 4436 nihil
2339 4390 2654 4451 recepturos
2684 4396 2784 4435 nos
2809 4395 3112 4449 speramus.
3139 4379 3228 4434 45.
3264 4379 3491 4434 Audistis
3531 4383 3651 4450 quia
3693 4383 3778 4434 div

2179 4482 2316 4526 ctum
2345 4482 2420 4527 est
2442 4489 2460 4526 :
2485 4471 2679 4543 Diliges
2707 4472 2993 4542 proximum
3029 4481 3171 4524 tuum
3195 4512 3209 4534 ,
3234 4481 3280 4524 et
3308 4472 3426 4525 odio
3449 4471 3650 4527 habebis
3669 4475 3778 4526 ini-

2181 4566 2368 4619 micum
2412 4577 2574 4618 tuum.
2613 4565 2703 4618 44.
2745 4563 2859 4634 Ego
2882 4573 3051 4617 autem
3080 4563 3194 4616 dico
3222 4563 3359 4617 vobis
3381 4581 3400 4618 :
3431 4563 3639 4634 Diligite
3673 4566 3780 4618 ini-

2181 4659 2339 4711 micos
2361 4666 2567 4719 uestros,
2589 4665 2633 4709 et
2659 4666 2799 4709 orate
2824 4672 2918 4724 pro
2947 4655 3371 4708 calumniantibus
3396 4666 3442 4708 et
3472 4673 3782 4727 persequen-

2183 4749 2314 4803 tibus
2339 4765 2468 4814 vos;
2517 4747 2792 4801 benedicite
2833 4746 3245 4800 maledicentibus
3281 4748 3419 4800 vobis
3443 4789 3456 4811 ,
3503 4747 3783 4815 benefacitc

2183 4842 2247 4896 iis
2271 4842 2356 4912 qui
2382 4858 2469 4895 vos
2507 4840 2756 4903 oderunt,
2790 4839 2881 4892 45.
2912 4849 2965 4892 ιιι
3010 4841 3119 4893 sitis
3160 4839 3350 4893 similes
3390 4839 3565 4893 Patris
3609 4844 3780 4906 uestri,

2185 4933 2273 5004 qui
2296 4941 2368 4986 cst
2392 4933 2445 4985 in
2472 4932 2610 4986 cwlis
2632 4973 2648 4998 ,
2678 4932 2765 5002 qui
2791 4931 2948 4985 solem
2972 4948 3119 4984 suun:
3145 4932 3267 4984 oriri
3295 4932 3418 5002 facit
3446 4949 3598 5002 super
3625 4933 3786 4988 bonos

2186 5034 2234 5078 et
2282 5025 2474 5089 malos,
2524 5034 2572 5076 et
2617 5024 2748 5094 pluit
2775 5040 2927 5092 super
2958 5025 3127 5093 justas
3152 5033 3198 5076 et
3223 5025 3458 5095 injustas.
3490 5024 3625 5079 Vide
3645 5042 3785 5096 quo-

2189 5117 2348 5173 modo
2377 5118 2618 5172 ultimam
2644 5117 2907 5170 bonorum
2931 5115 3240 5169 coronidem
3271 5118 3465 5184 posuit.
3492 5117 3781 5188 Propterea

2187 5211 2332 5265 enim
2371 5209 2533 5264 docet
2554 5251 2569 5274 ,
2599 5223 2704 5261 non
2736 5208 2897 5260 modo
2921 5207 3163 5276 colaphis
3187 5207 3458 5262 euadentes
3488 5208 3660 5275 ferre,
3688 5212 3783 5264 sed

2190 5302 2351 5356 etiam
2369 5300 2644 5355 dexteram
2663 5297 2934 5352 maxillam
2961 5298 3200 5368 praebere
3223 5338 3238 5362 ,
3274 5313 3450 5367 neque
3478 5307 3680 5354 tantum
3702 5311 3784 5355 tn-

2190 5395 2327 5449 nica:
2352 5392 2568 5460 pallium
2594 5389 2849 5459 adjicere,
2872 5388 2965 5444 sed
3001 5403 3122 5443 cum
3153 5389 3463 5459 angariante
3507 5391 3574 5444 ad
3619 5407 3782 5446 unum

2192 5485 2497 5540 milliarium
2543 5498 2638 5552 per
2665 5481 2772 5535 duo
2803 5481 3049 5534 milliaria
3087 5480 3372 5546 incedere,
3415 5490 3473 5535 ut
3511 5481 3658 5551 quod
3700 5484 3784 5539 his

2195 5579 2354 5648 longe
2383 5577 2555 5644 majus
2581 5583 2697 5630 erat
2734 5589 2856 5629 cum
2885 5574 3032 5628 omni
3065 5571 3317 5629 facilitate
3345 5574 3669 5644 susciperes.
3718 5576 3786 5631 Et

2194 5671 2342 5740 quid,
2367 5670 2594 5738 inquies,
2621 5667 2702 5720 his
2726 5667 2898 5736 majus
2917 5667 3041 5720 est?
3074 5665 3225 5721 illum
3243 5667 3332 5736 qui
3357 5668 3470 5721 hzcc
3500 5666 3658 5723 faciat
3682 5682 3785 5721 non

2196 5765 2468 5822 inimicum
2509 5763 2706 5820 habere
2738 5778 2752 5816 :
2784 5762 2892 5818 imo
2921 5769 2977 5818 ct
3004 5760 3202 5831 aliquid
3243 5759 3388 5816 aliud
3429 5760 3624 5832 majus.
3667 5759 3784 5817 Non
