4056 6360
410 366 517 424 269

413 473 530 539 μετ’
548 470 798 536 εὐκολίας
825 470 950 544 δέξῃ
978 473 1176 545 πάσης.
1210 475 1320 528 Kal
1346 475 1399 528 τί
1415 475 1622 529 τούτων
1652 473 1814 528 πλέον
1842 471 1991 535 ἐστί;

409 572 480 619 φιτ
493 551 564 605 σί.
602 555 675 607 Τὸ
722 554 814 608 τὸν
859 555 1116 610 ποιοῦντα
1166 555 1342 612 ταῦτα
1389 557 1524 628 μηδέ
1574 556 1768 628 ἐχθρὸν
1807 555 1989 626 ἐχειν·

411 635 616 703 μᾶλλον
641 636 697 690 δέ
744 639 839 691 καὶ
871 638 1061 691 τούτου
1088 638 1277 710 ἕτερόν
1311 657 1366 693 τι
1395 641 1578 695 πλέον.
1610 641 1685 694 Οὐ
1709 639 1817 712 γὰρ
1845 636 1988 703 εἷπε,

411 723 499 794 Μὴ
534 721 796 798 μισήσῃς,
815 725 972 790 ἀλλὰ,
1017 725 1372 796 Ἇγάπησον·
1403 729 1504 782 οὐκ
1533 726 1675 795 εἷπε,
1693 727 1785 799 Μὴ
1805 727 1994 799 ἀδική-

410 823 528 878 σῃς.
562 809 698 863 ἀλλὰ
726 811 792 869 ’⁷.
845 809 1048 877 Καλῶς
1080 813 1364 879 ποίησον.

478 888 540 944 δ’.
566 893 629 946 Et
658 891 714 945 δέ
745 910 832 956 τις
864 892 1111 965 ἀκριϐῶς
1132 893 1428 959 ἐξετάσειε,
1459 894 1553 949 καὶ
1581 894 1784 949 τούτων
1810 893 1991 948 αὐτῶν

408 971 602 1045 ἑτέραν
650 975 839 1046 ὄψεται
892 977 1208 1049 προσθήκην
1259 977 1440 1048 πολλῷ
1493 977 1717 1050 μείζονα
1761 977 1987 1031 τούτων.

409 1058 544 1111 Οὐδὲ
575 1058 683 1130 γὰρ
717 1058 902 1124 ἁπλῶς
934 1059 1220 1114 ἐκέλευσεν
1256 1061 1498 1132 ἀγαπᾷν,
1541 1061 1678 1115 ἀλλά
1709 1062 1802 1115 καὶ
1829 1060 1988 1132 εὐχε-

409 1141 556 1198 σθαι.
585 1138 740 1207 Εἶδες
768 1143 925 1209 ὅσους
952 1145 1120 1216 ἀνέϐη
1152 1145 1412 1216 βαθμοὺς,
1433 1147 1527 1200 καὶ
1559 1147 1677 1211 πῶς
1709 1148 1790 1210 είς
1817 1147 1988 1218 αὐτὴν

407 1226 554 1296 ἡμᾶς
583 1226 681 1297 τὴν
719 1228 962 1301 κορυφὴν
1000 1229 1196 1301 ἔστησε
1240 1231 1340 1301 τῆς
1391 1231 1622 1302 ἀρετῆς;
1675 1232 1876 1286 Σκόπει
1929 1231 1987 1285 δέ

405 1307 612 1363 ἀνωθεν
661 1310 932 1382 ἀριθμῶν.
987 1313 1208 1384 Πρῶτός
1255 1315 1372 1367 ἐστι
1405 1313 1630 1385 βαθμὸς,
1669 1315 1744 1387 μὴ
1797 1315 1987 1386 ἄρχειν

405 1390 653 1456 ἀδικίας·
694 1392 982 1464 δεύτερος,
1037 1396 1175 1467 μετά
1208 1395 1269 1449 τὸ
1297 1395 1564 1467 ἄρξασθαι
1597 1397 1664 1464 ⁸⁸,
1701 1400 1816 1463 τοῖς
1851 1399 1987 1462 [σοις

404 1473 716 1544 ἀμύνασθαι
745 1476 824 1508 ⁹⁹·
869 1478 1072 1550 τρίτος,
1121 1479 1195 1550 μὴ
1238 1480 1436 1552 δρᾶσαι
1464 1480 1556 1534 τὸν
1608 1480 1986 1552 ἐπηρεάζοντα

402 1557 574 1611 ταῦτα
623 1559 660 1613 ἃ
713 1558 932 1626 ἔπαθεν,
966 1562 1082 1616 ἀλλ’
1117 1564 1423 1634 ήσυχάσαι·
1475 1565 1755 1637 τέταρτος,
1802 1566 1862 1618 τὸ
1891 1567 1984 1620 καὶ

403 1643 705 1711 παρασχεῖν
743 1643 933 1698 ἐαυτὸν
956 1647 1035 1709 είς
1064 1645 1124 1699 τὸ
1146 1647 1342 1701 παθεῖν
1367 1647 1555 1712 κακῶς
1579 1665 1593 1680 ·
1627 1649 1894 1720 πέμπτος,
1923 1650 1992 1704 τὸ,

402 1725 497 1776 καὶ
521 1724 679 1778 πλέον
700 1730 1002 1797 παρασχεῖν
1037 1729 1068 1800 ἢ
1101 1730 1308 1794 ἐκεῖνος
1355 1730 1601 1802 βούλεται
1640 1734 1669 1786 ὁ
1715 1734 1943 1804 ποιήσας
1963 1750 1976 1763 ·

401 1805 578 1872 ἕκτος,
607 1808 668 1860 τὺ
697 1808 773 1881 μὴ
805 1811 1028 1882 μισῆσαι
1059 1811 1149 1866 τὸν
1176 1811 1352 1868 ταῦτα
1394 1814 1769 1887 ἐργασάμενον
1796 1819 1813 1847 ¹
1837 1834 1852 1849 ·
1891 1816 1982 1869 ἐϐ-

397 1890 581 1963 δομος,
609 1893 671 1946 τὸ
698 1895 794 1950 καὶ
813 1895 1126 1966 ἀγαπῆσαι·
1161 1897 1365 1966 ὁγδοος,
1394 1899 1454 1951 τὸ
1476 1899 1571 1952 καὶ
1597 1899 1976 1972 εὐεργετῆσαι·

398 1973 634 2042 ἐννατος,
652 1977 714 2030 τὸ
733 1979 828 2032 καὶ
847 1979 938 2033 τὸν
955 1979 1086 2035 Θεὸν
1103 1981 1241 2054 ὑπὲρ
1265 1982 1430 2036 αὐτοῦ
1454 2001 1530 2036 πα
1538 1984 1810 2056 ρακαλεῖν.
1828 1981 1980 2050 Εἶδες

399 2059 533 2130 ὕψος
559 2061 873 2133 φιλοσοφίας
897 2081 912 2131 ;
940 2065 1038 2118 Διά
1065 2082 1146 2119 τοι
1167 2065 1325 2120 τοῦτο
1351 2068 1446 2121 καὶ
1481 2067 1734 2138 λαμπρὸν
1776 2068 1839 2122 τὸ
1881 2069 1981 2123 έπ-

395 2141 559 2197 αθλον
587 2142 726 2216 ἔχει.
772 2147 991 2218 Ἐπειδὴ
1024 2147 1132 2220 γὰρ
1163 2150 1306 2220 μέγα
1351 2145 1419 2221 ῆν
1453 2149 1518 2204 τὸ
1546 2151 1849 2222 ἐπίταγμα,
1884 2152 1980 2206 καὶ

393 2230 650 2301 νεανικῆς
693 2229 944 2301 δεόμενον
985 2230 1165 2302 ψυχῆς
1209 2233 1304 2286 καὶ
1337 2232 1539 2305 πολλῆς
1577 2235 1677 2307 τῆς
1721 2236 1976 2306 σπουδῆς,

397 2308 548 2384 [259]
579 2313 673 2366 καὶ
703 2313 893 2384 μισθὸν
931 2314 1080 2386 αὐτῷ
1118 2315 1300 2386 τίθησι
1330 2317 1590 2384 τοιοῦτον,
1643 2313 1754 2372 οἷον
1803 2318 1979 2372 οὐδενὶ

391 2393 502 2447 τῶν
532 2396 833 2467 προτέρων.
863 2397 936 2451 Οὐ
957 2397 1065 2468 γὰρ
1088 2397 1193 2469 γῆς
1220 2399 1455 2453 ἐνταῦθα
1487 2401 1782 2472 μέμνηται,
1811 2400 1980 2455 καθά-

392 2495 500 2550 περ
521 2481 615 2533 ἐπὶ
648 2481 754 2536 τῶν
786 2481 1014 2553 πράων·
1047 2481 1172 2536 οὐτε
1207 2485 1605 2555 παρακλήσεως
1655 2488 1752 2540 καὶ
1795 2486 1973 2552 ἐλέου,

392 2563 643 2636 καθάπερ
685 2565 778 2619 ἐπὶ
822 2565 934 2619 τῶν
959 2566 1300 2622 πενθούντων
1350 2569 1444 2623 καὶ
1477 2569 1816 2642 ἐλεημόνων·
1849 2570 1974 2626 οὔτε

393 2645 672 2714 βασιλείας
695 2648 940 2721 οὐρανῶν
963 2667 976 2678 ·
1007 2651 1122 2704 ἀλλ’
1142 2651 1170 2704 ὁ
1200 2653 1418 2707 πάντων
1441 2653 1644 2706 τούτων
1674 2649 1741 2724 ἦν
1767 2672 1976 2726 φρικω-

389 2729 663 2803 δέστερον,
683 2732 745 2786 τὸ
774 2733 1026 2802 γενέσθαι
1053 2735 1264 2806 ὁμοίους
1282 2735 1360 2808 τῷ
1392 2736 1530 2808 Θεῷ,
1561 2737 1636 2802 ὡς
1655 2738 1975 2810 ἀνθρώπους

389 2815 644 2882 γενέσθαι
678 2817 842 2880 εἰκός.
868 2818 1064 2884 Ὅπως
1093 2819 1200 2891 γάρ
1227 2820 1486 2890 γένησθε
1505 2824 1548 2887 ⁸,
1576 2821 1760 2893 φησὶν,
1780 2821 1972 2888 ὅμοιοι

389 2897 497 2952 τοῦ
530 2899 754 2968 Πατρός
783 2901 950 2970 ὑμῶν
985 2904 1093 2958 τοῦ
1121 2904 1191 2956 ἐν
1215 2905 1512 2972 οὐρανοῖς.
1547 2906 1618 2958 Σὺ
1645 2905 1702 2958 δέ
1732 2923 1820 2976 μοι
1869 2924 1974 2960 πα-

393 2982 639 3052 ρατήρει,
674 2983 791 3047 πῶς
817 2985 937 3039 οὐδὲ
963 2986 1199 3040 ἐνταῦθα
1221 3029 1236 3050 ,
1285 2987 1406 3042 οὐδὲ
1438 2992 1496 3042 ἐν
1521 2991 1632 3052 τοῖς
1661 2988 1972 3060 ἔμπροσθεν

390 3065 609 3138 Πατέρα
638 3067 830 3122 ἐαυτοῦ
853 3068 1007 3123 καλεῖ
1029 3085 1042 3099 ·
1068 3069 1181 3125 ἀλλ’
1208 3071 1327 3126 ἐκεῖ
1360 3070 1458 3142 μὲν
1475 3071 1607 3126 θεὸν
1629 3073 1722 3125 καὶ
1747 3072 1972 3142 βασιλέα

392 3149 588 3220 μέγαν,
624 3150 711 3204 ὅτε
749 3153 877 3224 περὶ
917 3153 1026 3208 τῶν
1068 3155 1248 3226 ὅρκων
1290 3155 1593 3224 διελέγετο·
1640 3157 1876 3210 ἐνταῦθα
1913 3157 1972 3212 δὲ

388 3233 610 3304 Πατέρα
637 3235 834 3290 αὐτῶν.
859 3238 1010 3292 Ποιεῖ
1039 3238 1096 3292 δὲ
1127 3237 1305 3305 τοῦτο,
1330 3239 1408 3311 τῷ
1437 3241 1768 3311 προσήκοντι
1793 3240 1973 3313 καιρῷ

386 3319 514 3381 τοὺς
535 3321 663 3391 περὶ
679 3319 886 3374 τούτων
914 3321 1098 3393 τηρῶν
1120 3323 1333 3391 λόγους.
1359 3319 1494 3378 Εἶτα
1516 3325 1611 3378 καὶ
1633 3326 1925 3396 προσάγων
1949 3327 1972 3358 ³

386 3401 487 3471 τὴν
523 3403 838 3475 ὁμοιότητα,
873 3407 1038 3476 φησὶν
1062 3445 1078 3472 ,
1118 3406 1200 3460 ὅτι
1237 3408 1349 3461 Τὸν
1393 3407 1574 3477 ἣλιον
1600 3409 1787 3465 αὑτοῦ
1826 3411 1972 3467 dra-

387 3483 586 3540 τέλλει
612 3487 710 3542 ἐπὶ
737 3489 1043 3556 πονηροὺς
1071 3489 1171 3544 καί
1191 3490 1472 3560 ἀγαθοὺξ,
1497 3492 1598 3546 καὶ
1625 3493 1836 3564 βρέχει
1868 3493 1970 3549 ἐπί

386 3566 658 3636 δικαίους
689 3570 789 3627 καί
809 3571 1078 3639 ἀδίκους.
1134 3575 1245 3628 Καὶ
1269 3574 1378 3647 γάρ
1410 3576 1573 3639 αὐτὸς
1594 3576 1614 3607 ⁸
1634 3577 1693 3629 οὐ
1725 3577 1884 3648 μόνον
1907 3577 1967 3632 οὐ

389 3654 560 3722 μισεῖ,
589 3655 774 3726 φησὶν,
812 3655 946 3710 ἀλλὰ
977 3657 1073 3712 καὶ
1118 3658 1400 3732 εὐεργετεῖ
1450 3661 1577 3724 τούς
1624 3661 1966 3734 ὑϐρίζοντας.

386 3734 645 3806 Καίτοιγε
675 3737 910 3809 οὐδαμοῦ
937 3739 1000 3794 τὸ
1033 3741 1054 3772 ⁵
1079 3741 1362 3810 γινόμενον
1399 3742 1511 3797 ἴσον
1534 3785 1555 3810 ,
1579 3744 1641 3796 οὐ
1684 3745 1843 3815 μόναν
1879 3743 1970 3798 διά

384 3823 485 3894 τὴν
522 3823 620 3892 τῆς
643 3823 963 3894 εὐεργεσίας
993 3825 1318 3898 ὑπερϐολὴν,
1348 3827 1486 3882 ἀλλά
1509 3828 1602 3882 καὶ
1633 3829 1720 3883 διά
1750 3829 1847 3902 τὴν
1867 3833 1968 3902 τῆς

385 3908 542 3975 ἀξίας
572 3906 865 3980 ὑπεροχήν.
923 3909 994 3962 Σὺ
1047 3909 1147 3980 μὲν
1199 3910 1309 3981 γάρ
1357 3913 1508 3984 παρὰ
1532 3913 1626 3967 τοῦ
1678 3915 1966 3984 ὁμοδούλου

384 3995 720 4069 καταφρον-ᾖ,
762 3994 986 4069 ἐκεῖνος⁸
1021 3994 1080 4069 δέ
1130 3994 1284 4069 παρὰ,
1309 3996 1402 4069 τοῦ
1427 3994 1741 4069 δούλου-καὶ
1794 4000 1966 4069 μυρία

383 4063 835 4136 εὐεργετηθέντος
857 4081 871 4097 ·
903 4063 998 4117 xal
1027 4065 1092 4118 σὺ
1137 4063 1234 4135 μὲν
1263 4067 1484 4138 ῥήματα
1511 4067 1710 4140 χαρίζῃ
1739 4063 1967 4140 εὐχόμε-

381 4165 472 4210 νος
493 4147 632 4220 ὑπὲρ
652 4147 837 4212 αὐτοῦ,
869 4146 1032 4210 αὐτὸς
1051 4147 1106 4201 δέ
1139 4148 1442 4221 πράγματα
1471 4149 1606 4204 πολύ
1636 4153 1848 4222 μεγάλα
1869 4155 1965 4207 καὶ

381 4231 692 4302 θαυμαστά,
737 4231 830 4285 τὸν
877 4231 1028 4304 ἥλιον
1081 4232 1359 4296 ἀνάπτων,
1400 4236 1495 4289 καὶ
1531 4237 1659 4300 τοὺς
1712 4237 1963 4306 ἐτησίους

378 4314 619 4387 ὄμϐρους
665 4313 859 4378 διδούς.
906 4315 1044 4368 Ἀλλ’
1098 4317 1248 4387 ὅμως
1296 4317 1388 4371 καὶ
1415 4317 1558 4372 οὑτω
1605 4319 1794 4390 δίδωμι
1849 4321 1962 4375 ἴσον

379 4396 540 4463 εἶναι,
574 4397 650 4462 ὡς
679 4399 962 4470 ἄνθρωπον
997 4401 1230 4472 ἐγχωρεῖ
1251 4396 1412 4456 εἶναι.
1468 4401 1560 4474 Μὴ
1605 4403 1783 4456 τοίνυν
1813 4404 1962 4476 μίσει

377 4482 471 4535 τὸν
491 4480 749 4536 ποιοῦντα
777 4483 980 4547 κακῶς,
997 4483 1254 4538 τοιούτων
1279 4485 1409 4539 ὁντα
1431 4502 1511 4538 σοι
1545 4486 1802 4557 πρόξενον
1825 4488 1962 4556 ἀγα-

378 4564 509 4631 θῶν,
540 4565 634 4618 καὶ
665 4567 745 4629 είς
777 4565 1047 4638 τοσαύτην
1077 4567 1278 4634 ἄγοντά
1309 4585 1368 4622 σε
1401 4571 1568 4640 τιμήν
1587 4585 1600 4598 ·
1637 4571 1711 4642 μὴ
1735 4571 1960 4642 καταρῶ

377 4647 455 4720 τῷ
473 4648 834 4721 ἐπηρεάζοντι
853 4664 868 4680 ·
894 4651 1017 4704 ἐπεὶ
1044 4652 1136 4705 τὸν
1172 4653 1272 4723 μέν
1295 4653 1457 4707 πόνον
1484 4654 1744 4725 ὑπέστης,
1784 4655 1877 4710 τοῦ
1902 4656 1960 4710 δὲ

377 4734 592 4806 καρποῦ
621 4735 1035 4808 ἀπεστερήθης·
1096 4737 1192 4791 καὶ
1243 4738 1345 4811 τὴν
1397 4739 1497 4811 μὲν
1526 4739 1732 4812 ζημίαν
1768 4741 1957 4808 οἴσεις,

375 4817 467 4871 τὸν
495 4818 553 4871 δέ
580 4817 771 4889 μισθὸν
807 4820 1059 4885 ἀπολεῖς·
1099 4822 1235 4895 ὅπερ
1266 4824 1505 4895 ἐσχάτης
1543 4825 1692 4878 ἐστὶν
1734 4825 1920 4889 ἀνοίας
1941 4869 1956 4892 ,

373 4903 438 4957 τὺ
460 4903 837 4975 χαλεπώτερον
880 4906 1299 4977 ὑπομείναντας,
1327 4908 1388 4962 τὸ
1421 4908 1640 4963 έλαττον
1663 4908 1853 4962 τούτου
1881 4910 1957 4982 μὴ

375 4986 585 5059 φέρειν.
619 4987 727 5040 Kal
749 4987 865 5052 πῶς
892 4989 972 5043 ένι
999 4989 1157 5045 τοῦτο
1181 4991 1464 5060 γενέσθαι;
1489 4991 1638 5062 φησί.
1669 4991 1802 5046 Θεὸν
1834 4993 1957 5046 ἰδὼν

372 5070 659 5142 ἄνθρωπον
687 5073 977 5144 γενόμενον
997 5116 1012 5140 ,
1049 5075 1145 5129 καὶ
1181 5075 1434 5130 τοσοῦτον
1467 5076 1816 5141 καταϐάντα,
1862 5077 1958 5130 καὶ

371 5153 610 5209 τοσαῦτα
628 5155 870 5211 παθόντα
891 5157 980 5212 διὰ
1004 5159 1082 5220 σὲ,
1109 5160 1321 5230 ἐρωτᾷς
1349 5159 1428 5213 ἔτι
1454 5161 1548 5214 καὶ
1569 5158 1955 5232 ἀμφιϐάλλεις,

371 5237 493 5301 πῶς
536 5238 760 5294 δυνατὸν
803 5243 916 5304 τοῖς
966 5241 1276 5312 ὁμοδούλοις
1303 5244 1522 5312 ἀφεῖναι
1557 5246 1658 5308 τὰς
1702 5244 1953 5309 ἀδικίας;

371 5321 487 5376 Οὐκ
516 5321 736 5390 ἀκούεις
769 5324 936 5378 αὐτοῦ
969 5327 1029 5380 ἐν
1068 5324 1147 5396 τῷ
1197 5325 1416 5398 σταυρῷ
1443 5325 1730 5395 λέγοντος·
1779 5329 1955 5397 Ἄφες

1108 357 1169 411 S.
1197 353 1484 413 JOANNIS
1519 352 2006 412 CHRYSOSTOMI
2045 349 2364 408 ARCHIEP.
2403 345 2955 407 CONSTANTINOP.

3560 341 3671 400 970

2098 470 2304 536 αὐτοῖς
2324 488 2341 504 ο
2381 468 2590 538 οὐγὰρ
2619 465 2820 521 οῑὸασι
2855 464 2915 518 τι
2945 461 3259 527 ποιοῦσιν,
3310 458 3426 514 θύκ
3457 460 3678 524 ἀκούεις

2098 553 2310 607 Παύλου
2343 552 2616 620 λέγοντος,
2667 549 2750 603 ὅτι
2796 549 2860 601 '0
2887 545 3114 611 ἀναϐὰς
3143 543 3267 598 ἄνω
3297 543 3397 597 καὶ
3427 540 3676 614 καθήμε-

2095 655 2205 704 νος
2240 639 2310 693 ἐν
2338 635 2508 704 ὸεειᾷ
2527 632 2880 704 ἐντυγχάνει
2903 631 3057 701 ὑπὲρ
3078 627 3248 700 ἡμῶν
3264 670 3280 694 ,
3309 629 3423 700 Οὐχ
3442 631 3574 701 ὁρᾷς
3593 631 3675 683 ὅτι

2095 721 2188 776 καὶ
2219 735 2357 792 μετα
2394 721 2483 774 τὸν
2513 717 2744 788 σταυρὸν
2778 717 2874 771 καὶ
2907 714 3046 786 μετὰ
3077 713 3176 783 τὴν
3214 712 3513 782 ἀνάληψιν,
3563 716 3675 775 τοῖς

2091 804 2426 876 ἀνῃρηκόσιν
2469 803 2741 864 Ἰουδαίοις
2778 799 2994 871 ἔπεμπε
3024 800 3046 830 ⁸
3079 799 3206 862 τοὺς
3234 796 3567 856 ἀποστόλους
3606 796 3677 849 τά

2095 886 2266 959 μυρία
2289 887 2537 950 οίσοντας
2570 884 2753 954 ἀγαθὰ
2773 925 2789 950 ,
2835 883 2930 938 καὶ
2967 881 3139 936 ταῦτα
3180 880 3351 952 μυρία
3385 879 3676 950 μέλλοντας

2092 971 2227 1041 παρ’
2255 968 2435 1023 αὐτῶν
2464 969 2698 1040 πάσχειν
2728 967 2911 1032 δεινά;
2956 964 3117 1019 Ἀλλά
3151 966 3214 1018 σὺ
3243 962 3456 1034 μεγάλα
3480 961 3674 1033 ἠδίκη-

2091 1069 2182 1106 σαι
2204 1069 2219 1118 ;
2245 1053 2358 1107 Καὶ
2376 1052 2428 1105 τί
2460 1051 2703 1106 τοιοῦτον
2730 1049 3027 1114 πέπονθας,
3053 1042 3166 1102 οἷον
3189 1047 3217 1099 ὁ
3249 1046 3342 1110 σὺς
3371 1045 3673 1115 Δεσπότης,

2087 1135 2473 1206 δεσμούμενος,
2504 1134 2915 1206 μαστιζόμενος,
2940 1129 3324 1201 ραπιζόμενος,
3355 1130 3507 1202 παρά
3526 1131 3674 1183 οἰκε-

2087 1219 2198 1272 τῶν
2254 1218 2654 1289 ἐμπτυόμενος,
2699 1216 2926 1271 θάνατον
2953 1213 3262 1285 ὑπομένων,
3295 1213 3394 1268 καὶ
3443 1214 3672 1269 θάνατον

2085 1303 2179 1357 τὸν
2204 1303 2224 1334 ⁷
2255 1302 2504 1357 θανάτων
2560 1301 2817 1356 ἁπάντων
2868 1301 3171 1370 αἴσχιστον,
3235 1298 3375 1370 μετά
3424 1298 3620 1370 μυρίας
3650 1298 3673 1330 ⁸

2085 1385 2407 1454 εὐεργεσίας
2427 1401 2441 1450 ;
2473 1386 2536 1438 Εἰ
2563 1384 2619 1438 δέ
2641 1385 2735 1438 καὶ
2759 1382 2971 1454 μεγάλα
2990 1381 3266 1452 ἠδίκησαι,
3290 1383 3386 1435 καὶ
3407 1381 3496 1436 διὰ
3513 1380 3672 1435 τοῦτο

2089 1469 2326 1542 μάλιστα
2373 1467 2752 1543 εὐεργέτησον,
2797 1467 2884 1521 ἵνα
2938 1467 3034 1521 καὶ
3079 1465 3261 1537 σαυτῷ
3293 1465 3670 1538 λαμπρότερον

2085 1555 2316 1624 ποιήσῃς
2343 1552 2436 1606 τὸν
2487 1551 2771 1621 στέφανον,
2797 1551 2892 1607 καὶ
2933 1551 3026 1606 τὸν
3054 1550 3280 1620 ἀδελφὸν
3305 1551 3404 1622 τῆς
3433 1551 3669 1623 ἐσχάτης

2083 1636 2402 1708 ἀπαλλάξῃς
2445 1637 2781 1709 ἀρρωστίας.
2839 1636 2992 1690 Ἐπεὶ
3040 1636 3136 1690 καὶ
3167 1637 3215 1689 οί
3252 1639 3274 1670 ⁸
3312 1637 3508 1707 ἰατροὶ,
3540 1637 3668 1690 ὅταν

2083 1719 2448 1784 λακτίζωνται
2491 1721 2586 1775 καὶ
2621 1720 2954 1793 ὑϐρίζωνται
2983 1720 3136 1792 παρά
3153 1719 3262 1774 τῶν
3291 1719 3443 1793 [240]
3487 1738 3670 1792 μαινο-

2086 1804 2284 1876 μένων,
2304 1803 2424 1857 τότε
2453 1803 2686 1874 μάλιστα
2712 1804 2910 1867 αὐτοὺς
2931 1802 3162 1868 ἐλεοῦσι,
3193 1803 3286 1857 καὶ
3320 1803 3668 1874 παρασκευά-

2082 1889 2265 1953 ζονται
2300 1889 2437 1961 πρὸς
2480 1888 2581 1961 τὴν
2612 1888 2836 1943 ἐκείνων
2879 1887 3186 1959 διόρθωσιν,
3217 1886 3418 1950 εἰδότες
3451 1887 3532 1940 ὅτι
3563 1887 3666 1957 τῆς

2083 1973 2389 2045 ὑπερϐολῆς
2403 1973 2498 2028 τοῦ
2516 1973 2825 2044 νοσήματος
2853 1973 2888 2043 ή
2910 1971 3072 2044 ὕϐρις
3096 1969 3234 2026 ἐστι.
3264 1971 3378 2045 Kal
3403 1971 3468 2025 σὺ
3487 1969 3668 2025 τοίνυν

2079 2041 2284 2127 ταύτην
2316 2041 2444 2127 περὶ
2488 2057 2599 2110 τῶν
2635 2041 3104 2110 ἐπιϐουλευόντων
3137 2055 3230 2126 ἔχε
3267 2041 3371 2127 ἶτὴν
3417 2053 3664 2127 γνώμην,

2079 2143 2172 2196 καὶ
2200 2141 2344 2196 οὕτω
2389 2141 2628 2213 κέχρησο
2656 2144 2768 2206 τοῖς
2816 2140 3130 2195 ἀδικοῦσιν·
3165 2141 3366 2194 ἐκεῖνοι
3413 2139 3524 2211 γάρ
3556 2141 3666 2194 είσι

2058 2227 2316 2314 ίμάλιστα
2341 2228 2392 2280 οἱ
2428 2226 2712 2314 νοσούντες
2736 2226 2829 2314 καὶ
2853 2226 2954 2314 τὴν
2987 2224 3494 2314 βίανῌὺιπομένοντες
3521 2224 3666 2314 ἀπα-

2032 2307 2178 2379 ξσαν
2209 2311 2273 2363 ¹⁰.
2317 2310 2650 2376 Ἀπάλλαξον
2677 2309 2854 2365 τοίνυν
2881 2309 3045 2364 αὐτὸν
3065 2308 3168 2380 τῆς
3185 2308 3430 2380 χαλεπῆς
3459 2307 3667 2380 ταύτης

2076 2394 2363 2466 ἐπηρείας,
2403 2395 2499 2449 καὶ
2539 2394 2630 2458 δὸς
2661 2394 2877 2462 ἀφεῖναι
2932 2391 3033 2464 τὴν
3059 2391 3251 2463 ὀργὴν,
3289 2393 3384 2446 καὶ
3411 2392 3666 2464 δαίμονος

2075 2476 2441 2549 ἐλευθέρωσον
2467 2475 2726 2548 χαλεποῦ,
2758 2475 2852 2530 τοῦ
2876 2474 3071 2546 θυμοῦ.
3096 2475 3205 2528 Καὶ
3231 2475 3340 2546 γὰρ
3368 2474 3666 2547 δαιμονῶν-

2074 2578 2174 2624 τας
2210 2560 2250 2590 “
2301 2561 2399 2613 ἐὰν
2447 2561 2666 2630 ἴδωμεν,
2703 2557 3058 2631 δακρύομεν,
3108 2557 3230 2628 οὐχὶ
3282 2557 3379 2612 καὶ
3429 2557 3582 2611 αὐτοὶ
3619 2559 3662 2589 ¹¹

2077 2642 2450 2714 σπουδάζομεν
2487 2643 2766 2716 δαιμονᾷν.
2801 2643 2973 2697 Τοῦτο
3002 2641 3096 2696 καὶ
3136 2641 3232 2696 νῦν
3280 2640 3526 2712 ποιῶμεν
3568 2640 3662 2694 ἐπὶ

2074 2728 2182 2784 τῶν
2211 2728 2580 2801 ὀργιζομένων
2596 2746 2611 2761 ·
2639 2729 2736 2783 καὶ
2757 2727 2866 2799 γάρ
2887 2727 3118 2788 ἐκείνοις
3138 2726 3378 2781 ἐοίκασιν
3393 2728 3442 2780 οί
3463 2726 3663 2798 θυμού-

2078 2829 2266 2883 μενοι·
2306 2811 2506 2882 μᾶλλον
2546 2811 2604 2866 δὲ
2637 2811 2906 2867 κάκείνων
2937 2813 3074 2864 είσὶν
3107 2809 3425 2881 ἀθλιώτεροι
3440 2839 3472 2874 -,
3524 2810 3662 2880 μετά

2073 2895 2378 2966 αἰσθήσεως
2407 2895 2743 2968 μαινόμενοι.
2777 2893 2869 2948 Διὸ
2895 2895 2988 2949 καὶ
3009 2893 3394 2964 ἀσύγγνωστος
3418 2893 3597 2948 αὐτῶν
3625 2895 3660 2964 ή

2074 2978 2456 3051 παραπληξία.

2144 3068 2205 3116 ε’.
2225 3062 2315 3134 Μὴ
2334 3063 2515 3117 τοίνυν
2530 3061 2627 3117 ἐπέ
2635 3063 2828 3134 μϐαινε
2842 3061 3100 3135 κειμένῳ,
3114 3062 3251 3117 ἀλλά
3266 3063 3361 3117 καὶ
3383 3061 3542 3118 ἐλέει.
3558 3059 3662 3115 Καὶ

2071 3145 2184 3218 γάρ
2203 3145 2270 3200 ἂν
2303 3146 2347 3178 ¹³
2383 3146 2488 3200 ὑπὸ
2507 3145 2668 3218 χολῆς
2703 3145 3088 3217 ἐνοχλούμενον
3117 3145 3214 3200 καὶ
3249 3144 3660 3200 σκοτοδινιῶντα

2072 3231 2166 3284 καὶ
2197 3228 2393 3301 ἐμέσαι
2446 3231 2802 3301 ἐπειγόμενον
2830 3229 2922 3284 τὸν
2976 3227 3214 3300 πονηρὸν
3263 3229 3454 3282 τοῦτον
3486 3229 3660 3304 χυμὸν

2073 3313 2292 3384 ἴδωμεν,
2326 3315 2485 3386 χεῖρα
2504 3313 2790 3386 ὁρέγομεν,
2829 3315 2923 3368 καὶ
2952 3313 3385 3384 διαϐαστάζομεν
3413 3330 3660 3384 σπαρατ-

2071 3399 2321 3469 τόμενον,
2350 3395 2453 3452 κᾶν
2489 3396 2553 3450 τὸ
2601 3398 2816 3467 ἱμάτιον
2867 3396 3205 3468 μολύνωμεν,
3249 3398 3350 3452 οὐκ
3401 3398 3657 3468 ἐπιστρε-

2071 3482 2287 3555 φόμεθα
2323 3481 2389 3547 ⁸⁵,
2438 3481 2554 3537 ἀλλ’
2600 3481 2660 3535 ἒν
2714 3481 2875 3553 μόνον
2923 3481 3216 3555 ζητοῦμεν,
3257 3483 3408 3546 ὅπως
3453 3483 3660 3535 ἐκεῖνον

2070 3566 2471 3636 ἀπαλλάξωμεν
2536 3565 2640 3635 τῆς
2699 3565 2942 3637 χαλεπῆς
3010 3564 3216 3638 ταύτης
3276 3565 3656 3636 στενοχωρίας.

2070 3649 2241 3704 Τοῦτο
2261 3651 2440 3704 τοίνυν
2469 3651 2564 3708 καὶ
2590 3651 2685 3704 ἐπὶ
2711 3650 2917 3706 τούτων
2949 3651 3218 3723 ποιῶμεν,
3244 3653 3337 3704 καὶ
3363 3651 3660 3710 διαϐαστά-

2069 3735 2252 3805 ζωμεν
2280 3732 2549 3805 ἐμοῦντας
2577 3734 2673 3787 καὶ
2700 3735 3201 3806 σπαραττομένους·
3231 3734 3370 3806 μηδὲ
3393 3734 3660 3806 πρότερον

2069 3818 2318 3889 ἀφῶμεν,
2350 3819 2456 3882 ’έως
2485 3817 2552 3872 ἂν
2579 3818 2801 3874 ἃπασαν
2825 3819 3097 3891 ἀπόθηται
3123 3820 3222 3891 τὴν
3256 3817 3502 3891 πικρίαν.
3546 3819 3659 3874 Καὶ

2065 3902 2187 3955 τότε
2219 3918 2300 3954 σοι
2325 3901 2484 3973 χάριν
2513 3901 2719 3954 εἴσεται
2755 3902 3049 3974 μεγίστην·
3095 3903 3315 3957 ἐπειδάν
3355 3902 3653 3974 παύσηται,

2065 3985 2186 4038 τότε
2221 3983 2490 4052 γνώσεται
2519 3985 2728 4054 σαφῶς,
2764 3985 2896 4056 ὅσης
2921 3985 3085 4039 αὐτὸν
3120 3985 3440 4058 ἀπήλλαξας
3482 4003 3658 4057 ταρα-

2066 4067 2189 4139 χῆς.
2218 4067 2324 4122 Καὶ
2365 4067 2420 4121 τί
2443 4067 2588 4138 λέγω
2611 4069 2710 4141 τὴν
2753 4071 2886 4141 παρ’
2935 4069 3148 4124 ἐκείνου
3201 4070 3402 4140 χάριν;
3453 4070 3511 4124 ’0
3543 4069 3656 4140 γὰρ

2065 4151 2198 4214 Θεός
2226 4168 2287 4204 σε
2312 4151 2516 4216 εὐθέως
2555 4150 2912 4222 στεφανώσει,
2969 4153 3066 4208 καὶ
3107 4153 3325 4224 μυρίοις
3359 4153 3655 4225 ἀμείψεται

2066 4234 2271 4301 καλοῖς,
2296 4237 2379 4290 ὅτι
2407 4253 2499 4290 σου
2532 4236 2624 4290 τὸν
2651 4235 2880 4307 ἀδελφὺν
2926 4237 3234 4308 νοσήματος
3270 4237 3652 4308 ἠλευθέρωσας

2063 4320 2302 4392 χαλεποῦ
2323 4338 2336 4351 ·
2370 4321 2623 4387 κάκεῖνος
2651 4321 2708 4377 δὲ
2744 4322 2821 4386 ὼς
2853 4322 3132 4395 Δεσπότην
3159 4324 3402 4394 τιμήσει,
3423 4323 3653 4379 διαπαν-

2061 4406 2154 4470 τὴς
2185 4405 2503 4476 αἰδούμενός
2531 4423 2624 4460 σου
2653 4406 2751 4480 τὴν
2781 4407 3104 4462 ἐπιείκειαν.
3146 4408 3259 4479 Οὐχ
3278 4408 3412 4479 ὁρᾷς
3436 4407 3536 4473 τὰς
3566 4425 3651 4461 τι-

2063 4487 2295 4553 κτούσας
2331 4492 2615 4558 γυναῖκας,
2674 4489 2791 4554 πῶς
2838 4490 3091 4546 δάκνουσι
3120 4491 3218 4554 τὰς
3268 4490 3652 4562 παρεστώσας,

2063 4573 2158 4636 καὶ
2209 4574 2310 4627 οὐκ
2351 4573 2610 4642 ἀλγοῦσιν
2651 4575 2896 4640 ἐκεῖναι;
2944 4575 3149 4646 μᾶλλον
3171 4575 3228 4629 δέ
3261 4573 3490 4644 ἀλγοῦσι
3525 4575 3650 4646 μὲν,

2064 4657 2366 4728 φέρουσιδέ
2384 4659 2668 4726 γενναίως,
2688 4657 2782 4712 καὶ
2802 4658 3070 4727 συναλγοῦ
3079 4677 3129 4712 σι
3150 4661 3268 4722 ταῖς
3283 4657 3649 4730 ὁδυνωμέναις

2063 4742 2158 4793 καὶ
2180 4740 2636 4812 διακοπτομέναις
2667 4741 2775 4797 ὑπὸ
2802 4741 2902 4813 τῆς
2949 4741 3155 4806 ὠδῖνος.
3196 4742 3412 4806 Ταύτας
3450 4743 3546 4796 καὶ
3581 4743 3646 4797 σὺ

2062 4823 2329 4892 ζήλωσον,
2375 4826 2469 4879 καὶ
2532 4825 2607 4897 μὴ
2670 4826 2824 4893 γίνου
2896 4827 3286 4898 μαλακώτερος
3348 4828 3644 4893 γυναικῶν.

2074 4908 2322 4962 Ἐπειδὰν
2343 4910 2452 4980 γάρ
2477 4909 2709 4964 τέκωσιν
2754 4912 2813 4964 αἱ
2850 4913 3110 4978 γυναῖκες
3154 4907 3314 4967 αὗται
3338 4911 3646 4984 (γυναικῶν

2059 4991 2171 5062 γάρ
2193 4992 2300 5044 εἰσι
2327 4992 2826 5066 μικροψυχότεροι),
2846 4995 2970 5048 τότε
2991 5013 3051 5048 σε
3073 4995 3164 5049 τὸν
3190 4996 3360 5068 ἄνδρα
3384 4995 3643 5052 εἴσονται.

2060 5075 2126 5127 Εἰ
2158 5074 2214 5128 δὲ
2247 5075 2421 5147 βαρέα
2447 5076 2515 5130 τὰ
2553 5079 2926 5149 ἐπιτάγματα,
2973 5080 3225 5148 ἐννόησον
3252 5080 3336 5134 ὅτι
3367 5081 3455 5137 διὰ
3487 5078 3646 5133 τοῦτο

2064 5157 2456 5249 παρεγένετοΑὸ
2485 5161 2740 5249 Χριστδς,
2775 5163 2872 5249 ῖνα-
2889 5161 3064 5249 ταῦτα
3093 5165 3150 5217 ἐν
3178 5165 3244 5234 τῇ
3271 5163 3516 5249 ἡμετέρα
3545 5180 3644 5218 κα-

2060 5240 2376 5316 ταφυτεύσῃ
2403 5243 2634 5318 διανοίᾳ,
2682 5240 2766 5299 ἵνα
2791 5247 2885 5300 καὶ
2923 5247 3136 5318 ἐχθροῖς
3170 5250 3264 5300 καὶ
3296 5247 3470 5318 φίλοις
3503 5265 3642 5318 χρη-

2063 5326 2257 5399 σίμους
2286 5330 2690 5403 κατασκευάσῃ.
2707 5331 2806 5386 Διά
2823 5330 2982 5387 τοῦτο
3019 5332 3114 5388 καὶ
3133 5333 3409 5406 ἑκατέρων
3436 5332 3642 5386 τούτων

440 5476 487 5508 ’⁷
508 5474 664 5556 ἀλλὰ]
684 5475 819 5556 _ad(_l.
851 5477 948 5556 καὶ
989 5477 1075 5556 CL
1143 5477 1193 5556 _”
1217 5478 1476 5556 ἄρξαι
1520 5479 1692 5556 Totus
1719 5480 1887 5556 _Ioous
1922 5480 1972 5556 i_n

2074 5479 2195 5556 )ng
2223 5481 2422 5556 Ingiuglj
2451 5501 2464 5538 :
2498 5483 2634 5554 μετά
2659 5483 2719 5537 τὸ
2759 5483 3049 5556 ἄρξασθαι,
3076 5485 3169 5538 τὸν
3205 5484 3493 5539 ἀδικοῦντα
3527 5488 3641 5550 τοῖς

371 5545 508 5629 ξσοις
531 5545 996 5629 ’μὴ’ἀμύνεσθαι.
1034 5547 1210 5629 νει·ρβ
1243 5545 1333 5606 τὸν
1365 5549 1901 5629 ἀδικοῦνταῌόβειμιι
1940 5553 1972 5629 ξι

2074 5545 2306 5629 [ῐιῖιρίὺυ-εἶ
2355 5545 3046 5629 ἓοςιίιιιθιιιᾼριιξιίἒιιιειιί
3070 5572 3170 5629 c_ur
3209 5572 3334 5629 curm
3375 5574 3485 5629 ιιιιο
3511 5545 3636 5611 cod:

372 5615 431 5695 Ξῖ.
459 5615 872 5695 ρειέξετίιιιηίη
915 5620 1391 5695 qdnog._di(;lurlgs
1431 5637 1574 5695 sum.
1650 5621 1972 5695 "apu'vscg

2074 5621 2114 5676 3.
2144 5623 2206 5677 (Σ.
2247 5623 2306 5676 Ε.
2355 5615 2477 5678 Mai
2504 5625 2650 5695 άπερ

368 5683 430 5742 B.
459 5686 520 5741 D.
559 5685 621 5743 F.
693 5689 714 5719 ¹
743 5689 854 5765 γάρ
880 5689 1394 5765 γένησθε]γένησθε
1421 5691 1531 5765 γάρ
1561 5695 1626 5746 Α.
1665 5683 1910 5765 γάῤ-(μη.
1937 5693 2072 5747 Edd.
2097 5707 2168 5765 _p.

367 5767 424 5814 cl.
457 5778 476 5809 ι
505 5775 645 5812 unus
668 5777 687 5811 ι
714 5760 854 5844 alma
879 5760 1302 5844 Bylliprptergni
1320 5760 1618 5844 βαι-αξιοῄ
1638 5760 1915 5844 ςυηί-Μρτ.
1944 5760 2171 5844 προϊῶν.

2677 5625 2882 5698 ἔπαθεν
3004 5625 3062 5680 Β.
3087 5626 3146 5681 F.
3230 5629 3244 5658 ⁸
3276 5627 3639 5698 ἐργαζόμενον

2206 5709 2261 5817 ἓ.
2291 5695 2349 5747 ἐν
2374 5696 2486 5758 τοῖς
2532 5697 2785 5781 οὐρανοῖς
2815 5697 2875 5751 Β.
2917 5696 2985 5784 Ρ.
3063 5699 3083 5730 ³
3112 5695 3429 5768 προσάγων]
3452 5695 3543 5752 Sic
3571 5697 3632 5750 Ε.

2253 5763 2344 5817 Ita
2374 5765 2812 5817 ὲπεΕηγουμενος
2844 5768 2944 5817 τὴν
2962 5768 3272 5817 οαοιότητα.
3318 5767 3446 5817 Sav.
3475 5785 3632 5817 nllem

2275 5765 2812 5838 tadémﬁnyo'éagvoc
2844 5768 2944 5838 τὴν
2962 5765 3272 5838 ὁμοιότητα.
3318 5765 3446 5823 δαν.
3475 5785 3634 5837 quem

367 5838 692 5923 sgculusgsl
726 5829 949 5923 δίμυξξῇ
1006 5829 1230 5923 δἀὐτὸς]
1249 5833 1527 5923 καὶᾼαύτὸς
1638 5835 1700 5890 ι’.
1769 5833 1889 5923 ’τιδι
1917 5829 2158 5923 τρύτοῇΑ.
2175 5833 2251 5918 .C.
2301 5829 2570 5923 θέπεμιὲέ
2794 5829 2819 5870 ῖ
2843 5829 2956 5910 τὸν]
2983 5829 3325 5923 τῶνιμ.’“[).“
3350 5829 3634 5923 ⁸ημυρίας3

365 5901 463 5983 τάς
510 5900 715 5983 μυρίαις
862 5900 921 5955 Ε.
939 5917 1008 5983 ρ.
1041 5900 1231 5983 ιληκαέί
1267 5915 1393 5983 an_l_c
1419 5906 1799 5983 μεγάλα-σηπ-
1932 5905 1972 5983 _F

2079 5905 2100 5936 ⁹
2132 5905 2192 5983 οἱ
2225 5921 2336 5983 om_.
2489 5900 2576 5983 _
2633 5911 2675 5940 ¹⁰
2700 5909 2919 5983 ἃπασαν
2937 5901 3149 5983 'o_n_1.B.
3180 5910 3263 5983 D._
3287 5909 3359 5983 F_._
3384 5900 3628 5983 Τυὲιιιιίῆ

369 5969 606 6039 Ιηιιξτριιζ
679 5969 1075 6040 ¹¹δαιμονῶντα
1102 5973 1158 6026 Β.
1189 5974 1250 6029 1³.

370 6051 488 6107 pust
550 6039 954 6110 ἐνοχλούμενον,
980 6041 1176 6113 E.posl
1202 6047 1360 6118 χολῆς
1409 6046 1539 6101 Ειιιί.

1331 5978 1373 6008 ¹⁸
1393 5977 1571 6048 αὐτοὶ]
1601 5979 1726 6032 add.
1755 5976 1814 6028 δὲ
1835 5975 1965 6030 ΙίίιΙιΙ.
2002 5975 2099 6048 οὐχ
2132 5975 2219 6048 ξνα
2241 5976 2334 6048 καὶ
2361 5978 2514 6030 αὐτοὶ
2537 5979 2598 6032 (3.

1695 6051 1972 6117 ὀεπιστρε

2074 6044 2218 6116 ιεθα]
2256 6045 2345 6103 Sic
2377 6063 2567 6106 omnes
2602 6050 2728 6106 mci.
2750 6044 3207 6122 ἀποστρεφόμεθα
3243 6052 3378 6106 Ειιό.
3449 6048 3630 6117 \‘crss,

2753 5980 2796 6011 ³³
2819 5979 2911 6050 ἂν]
2938 5979 3064 6033 add.
3089 5997 3210 6050 τινα
3232 5980 3292 6034 Β.
3325 5979 3515 6050 liabet,
3538 5982 3633 6035 sed
