4050 6364
301 388 410 445 Ξϐξ)

300 518 444 556 enim
476 502 551 557 ait
574 542 591 567 ,
630 500 709 557 Ne
760 500 888 556 odio
937 499 1155 567 habeas,
1185 498 1301 565 sed,
1332 497 1507 569 Dilige
1534 514 1549 552 :
1583 511 1689 551 non
1720 493 1888 561 dixit,

301 593 380 648 Ne
398 593 564 649 laedas
586 635 602 659 ,
631 593 748 658 sed,
778 592 1100 648 Benefaeito.

372 686 422 739 4.
462 684 658 739 Nouem
684 684 958 739 Christiani
1002 700 1121 753 erga
1148 682 1378 737 inimicos
1401 679 1562 752 ofﬁcii
1586 678 1796 750 gradus.
1825 706 1895 717 —

298 777 351 831 Si
380 777 501 845 quis
530 791 661 832 vero
685 776 801 831 haec
830 785 1075 831 accurate
1106 772 1487 841 exploraverit,
1519 770 1661 826 aliud
1692 769 1896 825 videbit

297 870 723 925 additamentum
744 868 827 925 his
846 869 1001 938 longe
1023 866 1210 937 majus.
1238 866 1354 921 Non
1375 866 1518 921 enim
1544 864 1715 919 solum
1734 862 1894 931 jussit

295 962 558 1032 diligere,
601 960 699 1017 sed
728 968 784 1015 et
821 975 919 1030 pro
949 959 1013 1013 iis
1042 974 1219 1013 orare.
1257 956 1446 1011 Viden‘
1474 970 1609 1026 quos
1636 953 1893 1009 ascende-

297 1055 364 1107 rit
391 1053 610 1124 gradus,
640 1062 699 1108 et
728 1052 999 1123 quomodo
1025 1066 1124 1106 nos
1150 1051 1201 1105 in
1233 1050 1407 1120 ipsum
1438 1049 1651 1104 virtutis
1676 1049 1888 1103 culmen

294 1146 680 1202 ﬂlllSlilueI'il?
709 1144 1035 1201 Consideres
1073 1143 1235 1199 velim
1264 1157 1358 1198 eos
1385 1157 1416 1196 a
1458 1140 1721 1212 principio
1759 1155 1893 1195 enu-

294 1254 533 1296 merans.
585 1239 799 1294 Primus
840 1237 1039 1309 gradus
1076 1247 1190 1303 est,
1220 1252 1327 1291 non
1371 1237 1617 1306 injuriam
1651 1234 1888 1300 inferre;

293 1333 587 1398 secundus,
610 1333 700 1387 ubi
732 1334 937 1401 incepta
964 1340 1048 1387 est
1072 1331 1287 1398 injuria,
1318 1346 1422 1384 non
1456 1331 1601 1384 illam
1631 1330 1744 1399 pari
1774 1329 1891 1385 vice

292 1424 514 1490 ulcisci;
538 1424 747 1489 tertius,
771 1439 876 1477 non
900 1422 1161 1477 inferrein
1186 1421 1469 1476 laedentem
1495 1421 1724 1491 idipsum
1749 1420 1889 1490 quod

291 1531 486 1588 passus
510 1530 608 1580 es,
639 1514 734 1570 sed
761 1514 1079 1584 quiescere;
1113 1522 1334 1582 quartus
1354 1553 1370 1579 ,
1404 1527 1462 1567 se
1492 1512 1666 1582 ipsum
1693 1511 1889 1568 oﬁ'erre

291 1609 360 1664 ad
403 1608 609 1663 malum
653 1606 1001 1678 patiendum;
1031 1606 1248 1677 quintus
1273 1646 1288 1671 ,
1333 1605 1481 1675 plura
1520 1605 1597 1659 illi
1626 1605 1886 1675 praebere,

292 1716 454 1771 quam
484 1701 602 1770 ipse
635 1699 766 1754 velit
793 1700 883 1768 qui
913 1699 1113 1753 malum
1136 1697 1312 1752 intulit
1339 1713 1353 1762 ;
1384 1706 1567 1752 sextus
1588 1738 1603 1764 ,
1629 1712 1736 1751 non
1766 1696 1891 1752 odio

294 1792 497 1848 habere
526 1792 678 1847 illum
708 1793 797 1863 qui
830 1791 951 1846 talia
982 1790 1182 1861 egerit;
1216 1788 1495 1859 septimus,
1529 1788 1703 1858 ipsum
1728 1789 1891 1843 etiam

292 1886 553 1957 diligere;
574 1894 814 1951 octavus,
840 1883 941 1954 ipsi
961 1881 1276 1939 benefacere
1295 1898 1310 1947 ;
1328 1895 1519 1946 nonus,
1540 1880 1707 1935 Deum
1728 1880 1890 1935 etiam

295 1997 392 2050 pro
414 1981 536 2049 ipso
557 1979 788 2050 precari.
818 1977 1065 2033 Vidistin‘
1094 1976 1449 2047 philosophiae
1472 1975 1689 2031 culmen
1713 1974 1738 2029 Ἰ
1765 1974 1890 2031 Ideo

291 2074 456 2126 etiam
503 2069 847 2141 splendidum
885 2069 976 2124 ille
1020 2068 1299 2138 praemium
1345 2064 1528 2122 habet.
1578 2065 1712 2134 Quia
1742 2066 1888 2121 enim

293 2179 550 2233 magnum
593 2172 921 2233 praeceptum
959 2170 1111 2226 erat,
1141 2174 1205 2215 ac
1231 2168 1456 2214 strenuo
1484 2174 1621 2228 opus
1656 2157 1891 2213 habebat

290 2256 497 2321 animo,
523 2268 824 2325 magnaque
852 2252 1150 2322 diligentia,
1175 2250 1477 2306 mercedem
1510 2249 1588 2304 illi
1613 2250 1889 2305 constituit

290 2347 499 2412 talem,
550 2347 763 2416 qualem
811 2345 941 2399 nulli
992 2345 1253 2415 priorum.
1306 2342 1423 2399 Non
1485 2342 1630 2398 enim
1686 2351 1886 2399 terram

291 2440 381 2494 hic
407 2445 823 2505 commemorat,
870 2446 932 2493 ut
973 2452 1094 2493 cum
1137 2436 1205 2492 de
1249 2436 1467 2493 mitibus
1510 2444 1732 2508 ageret;
1779 2452 1887 2493 non

290 2530 722 2586 consolationem
773 2538 828 2584 et
882 2529 1329 2597 misericordiam,
1362 2537 1421 2583 ut
1447 2543 1569 2584 cum
1601 2528 1669 2584 de
1700 2528 1889 2599 lugen-

291 2623 435 2678 tibus
466 2621 613 2678 etde
640 2621 1078 2677 misericordibus
1106 2637 1122 2685 ;
1166 2636 1272 2676 non
1295 2621 1364 2676 de
1394 2636 1561 2693 regno
1589 2621 1841 2677 caelorum
1873 2638 1888 2677 :

289 2713 387 2769 sed
415 2713 565 2785 quod
593 2713 832 2769 omnium
863 2713 1320 2770 mirabilissimum
1344 2723 1494 2780 erat,
1521 2713 1662 2785 quod
1700 2714 1892 2770 ﬁerent

290 2806 387 2861 Dei
413 2806 657 2872 similes,
685 2814 941 2877 quantum
990 2814 1216 2876 possunt
1258 2805 1504 2861 homines
1538 2806 1636 2875 ipsi
1667 2820 1788 2861 esse
1812 2806 1888 2861 si.

291 2899 473 2954 miles.
504 2897 576 2954 Ut
594 2898 727 2963 sitis,
759 2896 949 2968 inquit,
977 2898 1168 2953 similes
1192 2897 1367 2953 Patris
1391 2899 1541 2953 vestri
1564 2898 1652 2967 qui
1671 2898 1725 2952 in
1752 2899 1891 2953 cazlis

291 3002 386 3047 est.
414 2990 505 3046 'I‘u
524 3004 656 3046 vero
675 2990 930 3046 observes
960 2990 1144 3057 velim,
1174 2989 1351 3060 ipsum
1380 3005 1554 3061 neque
1583 2989 1690 3056 hic,
1717 3005 1891 3060 neque

292 3084 345 3138 in
377 3081 749 3152 superioribus
778 3082 997 3137 Patrem
1043 3097 1198 3137 suum
1242 3096 1475 3147 vocare;
1509 3082 1605 3137 sed
1637 3082 1745 3138 illic
1772 3083 1892 3153 qui-

290 3177 416 3231 dem
449 3175 622 3229 Deum
662 3183 718 3230 et
754 3189 936 3244 regem
982 3189 1233 3244 magnum
1255 3215 1271 3240 ,
1300 3187 1421 3228 cum
1464 3172 1531 3228 de
1565 3172 1890 3243 iuramentis

290 3270 401 3339 agit
428 3286 444 3332 ;
473 3268 567 3323 hic
595 3281 722 3322 vero
751 3267 965 3322 Patrem
1005 3266 1267 3335 ipsorum.
1298 3264 1355 3320 Id
1382 3280 1514 3321 vero
1542 3266 1651 3336 agit
1678 3264 1777 3320 hos
1805 3266 1888 3320 lo-

289 3359 493 3433 qnendi
540 3358 730 3414 modos
776 3358 829 3413 in
882 3366 1244 3427 opportunum
1296 3364 1509 3427 tempus
1576 3373 1885 3413 reservans.

289 3452 502 3509 Deinde
553 3452 605 3507 in
655 3466 939 3522 progressu
977 3450 1382 3507 simililudinem
1430 3451 1577 3506 illam
1612 3451 1887 3506 declarat:

293 3545 397 3611 Qui
443 3543 607 3599 solem
657 3559 804 3597 suum
844 3543 973 3597 oriri
1015 3542 1137 3613 facit
1181 3559 1333 3613 super
1360 3542 1516 3596 bonos
1542 3551 1587 3596 et
1617 3544 1810 3607 malos,
1839 3553 1890 3598 et

289 3636 424 3708 pluit
453 3652 608 3706 super
627 3636 795 3706 justas
830 3643 880 3689 et
922 3634 1160 3705 injustas.
1191 3635 1399 3689 Etenim
1427 3634 1546 3689 illos
1591 3650 1695 3689 non
1726 3635 1887 3691 modo

289 3745 400 3784 non
426 3728 565 3794 odit,
597 3728 787 3799 inquit,
812 3727 906 3783 sed
927 3729 1090 3783 etiam
1115 3727 1376 3783 beneﬁcio
1397 3727 1562 3783 afﬁcit
1589 3743 1682 3785 eos
1711 3728 1801 3799 qui
1827 3743 1887 3785 se

288 3820 485 3889 injuria
507 3817 768 3874 afﬁciunt.
791 3818 1125 3889 Quamquam
1155 3818 1298 3873 nulla
1324 3818 1395 3873 sit
1415 3818 1514 3874 hac
1543 3819 1596 3873 in
1621 3833 1681 3874 re
1706 3834 1887 3890 aequa-

287 3912 435 3975 litas,
463 3926 576 3966 non
602 3910 775 3965 solum
803 3919 1024 3980 propter
1048 3909 1293 3965 benelicii
1320 3909 1760 3979 magnitudinem,
1789 3911 1885 3966 sed

285 4004 453 4059 etiam
481 4010 703 4072 propter
734 4000 1009 4072 dignitatis
1033 4001 1400 4057 eminentiam.
1427 4001 1507 4058 Tu
1530 4003 1675 4057 enim
1695 4018 1725 4057 a
1749 4018 1883 4058 con-

285 4110 447 4151 servo
493 4092 812 4165 despiceris,
844 4093 935 4147 ille
975 4100 1157 4148 autem
1185 4108 1215 4147 a
1245 4107 1401 4150 servo
1428 4110 1586 4164 quem
1614 4094 1883 4151 sexcentis

286 4184 569 4240 beneﬁciis
609 4182 791 4239 aﬁ‘ecit
823 4198 842 4248 ;
890 4190 946 4239 et
998 4193 1055 4239 tu
1095 4184 1311 4255 quidem
1346 4185 1512 4240 verba
1537 4184 1728 4253 donas,
1755 4185 1881 4242 dum

286 4294 384 4348 pro
415 4277 512 4332 illo
542 4276 781 4346 precaris
800 4316 816 4343 ,
846 4275 941 4331 ille
977 4291 1107 4331 vero
1151 4291 1238 4333 res
1263 4277 1549 4333 admodum
1576 4295 1799 4351 magnas
1828 4289 1883 4337 et

285 4371 589 4438 mirabiles,
616 4369 787 4425 solem
815 4368 1115 4425 accendens
1141 4377 1197 4425 et
1217 4385 1424 4425 annuos
1450 4372 1650 4429 imbres
1681 4388 1881 4444 suppe-

286 4465 469 4519 ditans
494 4464 536 4517 ¹.
565 4462 816 4517 Attamen
838 4461 917 4517 sic
938 4461 1178 4518 concedo
1205 4470 1256 4517 te
1270 4462 1531 4533 aequalem
1552 4480 1692 4532 esse,
1713 4481 1881 4536 quan-

285 4568 397 4613 tum
452 4565 635 4630 potest
676 4556 858 4611 homo.
888 4555 968 4612 Ne
997 4556 1175 4627 itaque
1214 4557 1340 4611 odio
1370 4557 1566 4614 habeas
1606 4558 1878 4616 hominem

282 4652 371 4722 qui
402 4659 457 4706 te
487 4649 632 4704 malo
670 4648 853 4713 afﬁcit,
885 4663 1007 4704 cum
1038 4649 1131 4704 tibi
1164 4657 1242 4703 tot
1264 4649 1404 4705 bona
1424 4650 1696 4716 conciliet,
1727 4661 1783 4707 et
1811 4653 1879 4707 ad

283 4757 493 4800 tantum
541 4753 594 4799 te
637 4742 902 4797 honorem
929 4742 1125 4807 ducat;
1161 4758 1229 4797 ne
1268 4741 1556 4798 maledicas
1600 4742 1650 4799 ei
1690 4746 1780 4815 qui
1828 4754 1880 4800 te

280 4839 483 4895 damno
509 4836 714 4891 afﬁcit:
738 4836 971 4905 alioquin
999 4844 1053 4891 et
1078 4834 1318 4890 laborem
1345 4835 1656 4903 sustinebis,
1685 4848 1741 4891 et
1760 4837 1879 4907 ejus

279 4931 458 4987 fructu
486 4927 824 4999 privaberis;
865 4926 1118 4982 damnum
1164 4925 1306 4982 feres
1334 4936 1390 4981 et
1418 4927 1724 4983 mercedem
1756 4945 1878 4998 per-

280 5022 412 5086 des;
442 5019 590 5090 quod
616 5029 872 5075 extremae
900 5026 983 5073 est
1009 5018 1315 5085 dementia},
1348 5019 1489 5089 quod
1517 5020 1721 5075 scilicet
1750 5036 1872 5076 cum

278 5115 531 5187 graviora
552 5112 983 5178 sustinuerimus,
1008 5113 1215 5166 minora
1246 5126 1352 5167 non
1376 5113 1628 5168 feramus.
1652 5113 1720 5167 Et
1743 5128 1877 5183 quo-

280 5207 445 5263 modo
469 5247 486 5271 ,
534 5205 778 5275 inquies,
816 5211 996 5274 potest
1023 5204 1127 5258 hoc
1156 5204 1311 5259 ﬁeri?
1337 5203 1471 5260 Cum
1502 5205 1668 5260 Deum
1692 5205 1876 5261 videas

280 5298 560 5356 hominem
577 5296 777 5351 factum
805 5305 1008 5351 tantum
1038 5295 1406 5363 descendisse,
1439 5306 1493 5353 et
1522 5306 1667 5354 tanta
1699 5313 1797 5369 pro
1822 5308 1875 5356 te

278 5406 498 5463 passum
529 5403 652 5446 esse
669 5429 685 5453 ,
713 5390 1011 5459 interrogas
1036 5388 1211 5469 adhuc
1235 5398 1289 5444 et
1314 5389 1540 5459 ambigis
1559 5432 1576 5455 ,
1603 5391 1873 5461 quomodo

277 5498 569 5554 possumus
619 5482 845 5552 injurias
895 5483 1169 5537 conservis
1216 5483 1676 5539 remittereiNon
1717 5485 1871 5541 audis

275 5578 429 5632 illum
475 5578 528 5632 in
571 5592 734 5632 cruce
782 5575 1049 5631 dicentem
1083 5595 1098 5629 :
1131 5575 1340 5629 Dimitte
1380 5576 1538 5641 illis;
1592 5593 1694 5631 non
1739 5579 1872 5632 enim

275 5672 440 5724 sciunt
469 5669 594 5740 quid
623 5669 817 5738 faciunt
846 5668 996 5739 (Luc.
1021 5667 1110 5724 25.
1146 5668 1287 5739 '54)?
1321 5667 1439 5724 Non
1468 5668 1619 5724 audis
1643 5668 1877 5728 Paulum.

338 5808 360 5842 ι
392 5814 524 5856 Unus
545 5806 713 5868 habet,
738 5812 782 5856 τι
798 5804 935 5871 quasi
950 5818 1110 5857 annua
1132 5805 1265 5859 nobis
1282 5806 1463 5859 solvens
1484 5806 1676 5860 tributa.

1444 380 1512 437 IN
1547 375 1960 436 MATTHIEUM
2000 375 2225 435 HOMIL.
2271 380 2457 439 XVIII.

3476 400 3583 456 270

2002 490 2267 585 dicentem
2302 514 2316 552 :
2351 497 2453 563 Qui
2486 504 2711 557 ascendit
2740 522 2943 560 sursum
2969 550 2981 573 ,
3012 519 3057 563 et
3095 512 3232 565 sedet
3268 513 3319 567 in
3351 519 3579 585 dextera,

1999 584 2287 657 interpellat
2311 607 2404 659 pro
2424 591 2564 647 nobis
2588 593 2766 662 (Rom.
2798 598 2851 653 8.
2879 599 3000 669 34)?
3018 600 3135 658 Non
3161 604 3307 659 vides
3331 584 3580 674 quoniam

2000 686 2121 747 post
2146 695 2361 737 crucem
2407 692 2461 741 et
2500 690 2869 745 ascensionem
2895 692 3115 760 Iudaeis,
3148 700 3237 767 qni
3266 716 3323 755 se
3355 703 3582 759 interfe-

1998 779 2202 837 cerant,
2232 775 2437 831 miserit
2461 780 2751 847 apostolos,
2778 784 2868 853 qui
2895 800 3146 844 sexcenta
3174 790 3300 860 ipsis
3325 794 3583 853 afferrent

1998 860 2155 927 bona,
2189 864 2346 935 idque
2373 884 2495 924 cum
2524 872 2669 927 mille
2693 874 2761 929 ab
2788 876 2918 944 ipsis
2946 883 3152 948 passuri
3187 896 3371 940 essent
3396 889 3533 943 mala
3563 893 3585 945 ?

1997 949 2069 1005 At
2093 960 2147 1006 tu
2175 954 2334 1011 lmsus
2359 958 2645 1016 admodum
2673 964 2778 1019 es?
2804 966 2871 1021 Et
2894 969 3018 1036 quid
3053 981 3254 1028 tantum
3286 991 3475 1045 passus
3501 995 3581 1044 es,

1998 1054 2251 1111 quantum
2290 1048 2547 1107 Dominus
2572 1062 2712 1123 tuus,
2744 1058 2974 1126 vinctus,
3006 1063 3245 1134 colaphis
3271 1084 3462 1138 cassus,
3488 1073 3582 1127 ﬁa«

1997 1139 2240 1207 gellatus,
2269 1157 2297 1193 a
2326 1144 2499 1198 servis
2519 1160 2831 1219 consputus,
2864 1165 3090 1211 mortem
3113 1174 3321 1228 passus,
3352 1177 3580 1221 mortem

1996 1231 2237 1285 omnium
2268 1236 2627 1304 turpissimam
2652 1282 2667 1305 ,
2699 1242 2859 1313 idque
2904 1256 3026 1315 post
3055 1250 3204 1307 mille
3237 1253 3381 1309 illata
3416 1257 3580 1312 bene-

1999 1318 2158 1418 ﬁcia?
2186 1322 2241 1377 Si
2265 1339 2425 1393 porro
2455 1328 2675 1385 multum
2700 1333 2860 1391 laesus
2885 1337 2991 1403 sis,
3033 1339 3155 1395 ideo
3189 1346 3420 1401 maxime
3450 1348 3583 1418 ipsis

1998 1410 2253 1468 beneﬁcia
2273 1418 2476 1485 confer,
2497 1430 2554 1475 ut
2576 1432 2630 1478 et
2656 1425 2745 1479 tibi
2773 1428 3187 1497 splendidiorem
3214 1447 3395 1491 nectas
3422 1410 3580 1495 coro-

1997 1519 2142 1571 nam,
2173 1516 2227 1562 et
2253 1507 2468 1565 fratrem
2492 1528 2520 1566 a
2542 1516 2855 1584 gravissimo
2881 1524 3072 1579 morbo
3112 1526 3327 1584 liberes.
3367 1530 3496 1585 Nam
3523 1543 3578 1587 et

1996 1599 2224 1669 medici,
2271 1605 2482 1674 quando
2506 1608 2576 1663 ab
2601 1625 2744 1681 aegro
2772 1610 2982 1669 furente
3007 1618 3243 1674 calcibus
3290 1631 3343 1676 et
3374 1623 3580 1691 injuriis

1996 1695 2346 1768 impetuntur,
2395 1710 2519 1756 tunc
2562 1705 2793 1761 maxime
2841 1707 2984 1779 ipsos
3034 1711 3381 1780 miserantur,
3420 1727 3473 1771 et
3513 1718 3579 1772 ad

1995 1791 2277 1848 sanitatem
2328 1794 2458 1864 ipsis
2499 1796 2887 1855 restituendam
2934 1814 3054 1857 sese
3100 1816 3382 1874 apparanl,
3426 1810 3578 1879 gnari

1994 1886 2369 1941 contumeliam
2398 1887 2540 1943 illam
2570 1906 2599 1943 a
2630 1891 2880 1947 violentia
2910 1897 3080 1952 morbi
3109 1899 3396 1967 proﬁcisci.
3428 1902 3494 1957 Et
3522 1914 3578 1957 ιιι

1995 1975 2173 2047 itaque
2205 1977 2341 2033 hanc
2365 1980 2506 2036 circa
2529 1982 2864 2041 insidiatores
2888 1994 3066 2042 teneto
3091 1994 3408 2046 sententiam
3433 2036 3447 2057 ,
3477 1995 3579 2049 sic-

1995 2091 2101 2145 que
2142 2091 2268 2146 erga
2314 2077 2569 2135 laedentes
2597 2090 2649 2134 te
2674 2096 2829 2152 geras
2863 2101 2876 2137 :
2916 2083 2988 2137 illi
3033 2099 3265 2156 namque
3310 2098 3437 2142 sunt
3489 2092 3578 2157 qui

1996 2183 2122 2223 vere
2144 2170 2330 2225 morbo
2352 2170 2595 2226 laborant
2621 2183 2677 2229 ct
2698 2174 2801 2229 vim
2826 2176 3100 2245 patiuntur
3124 2195 3357 2235 omnem.
3385 2182 3577 2237 Libera

1997 2259 2157 2329 igitur
2183 2276 2304 2315 eum
2335 2277 2365 2315 a
2391 2264 2538 2333 gravi
2562 2265 2663 2319 isto
2685 2265 2903 2333 damno,
2929 2276 2983 2322 et
3011 2267 3077 2323 da
3103 2284 3321 2341 Operam
3362 2284 3418 2327 ut
3444 2274 3576 2327 iram

1994 2350 2269 2419 remittat;
2293 2370 2322 2408 a
2344 2369 2489 2410 saevo
2509 2355 2774 2423 daemone,
2806 2374 2999 2429 nempe
3024 2361 3224 2431 furore,
3248 2366 3416 2434 eripe.
3445 2365 3576 2421 Nam

1995 2460 2120 2501 cum
2149 2445 2510 2503 dazmoniacos
2538 2450 2803 2517 videmus,
2846 2450 3236 2524 lacrymamur,
3265 2472 3439 2528 neque
3466 2469 3577 2514 stu-

1995 2536 2185 2593 demus
2228 2540 2329 2609 ipsi
2358 2554 2389 2595 a
2419 2540 2663 2598 daemone
2703 2543 2909 2612 agitari.
2941 2544 3051 2599 Hoc
3077 2546 3236 2616 igitur
3258 2564 3383 2619 erga
3413 2550 3578 2608 iratos

1995 2648 2135 2688 nunc
2148 2631 2432 2702 faciamus;
2457 2650 2583 2690 nam
2606 2637 2669 2691 iis
2689 2638 2889 2694 similes
2907 2649 3031 2695 sunt
3054 2641 3289 2697 iracundi
3307 2643 3454 2709 ;.imo
3477 2646 3578 2702 illis

1994 2724 2301 2781 miseriores
2350 2734 2517 2793 sunt,
2567 2728 2658 2799 qui
2708 2730 2955 2786 sensibus
3002 2731 3225 2803 integris
3279 2736 3574 2795 insaniunt.

1993 2815 2352 2885 Quamobrem
2402 2816 2616 2873 illorum
2644 2821 2876 2875 amentia
2906 2822 3114 2877 veniam
3160 2840 3267 2881 non
3311 2837 3574 2884 meretur.

2065 2911 2120 2966 5.
2159 2908 2237 2967 Ne
2273 2911 2450 2982 itaque
2469 2911 2731 2983 jacentem
2759 2914 3001 2982 invadas,
3034 2918 3143 2973 imo
3179 2921 3356 2989 potius
3404 2924 3577 2992 ipsum

1992 3002 2272 3060 miserare.
2294 3003 2430 3060 Nam
2458 3006 2504 3060 si
2532 3006 2833 3077 quempiam
2862 3008 3139 3066 videamus
3158 3028 3187 3066 a
3212 3013 3318 3069 bile
3344 3018 3576 3086 exagita-

1996 3104 2106 3149 tum
2135 3103 2190 3151 et
2216 3095 2477 3167 vertigine
2499 3107 2734 3168 captum,
2766 3114 2830 3155 ac
2859 3115 3081 3170 pravum
3127 3104 3272 3159 illum
3296 3105 3574 3162 humorem

1994 3200 2249 3244 evomere
2283 3187 2647 3258 festinantem,
2674 3206 2892 3247 manum
2917 3194 3258 3264 porrigimus,
3284 3207 3338 3252 et
3358 3197 3437 3252 sic
3458 3200 3573 3268 agi-

2001 3284 2171 3330 tatum
2187 3287 2793 3349 sustentamus,etiamsi
2809 3289 3032 3357 pallium
3052 3290 3422 3362 inquinentus,
3438 3295 3578 3351 nihil

1999 3382 2288 3438 curamus;
2344 3374 2438 3429 sed
2469 3376 2520 3429 id
2554 3378 2732 3432 solum
2761 3394 3041 3445 curamus.
3083 3392 3143 3437 ut
3169 3384 3320 3440 illum
3348 3402 3380 3443 a
3420 3391 3573 3457 gravi

1997 3458 2311 3529 hujusmodi
2340 3468 2591 3537 angustia
2622 3486 2902 3529 eruamus.
2940 3472 3051 3530 Hoc
3075 3476 3256 3547 itaque
3278 3493 3408 3550 erga
3437 3480 3574 3536 istos

1993 3551 2155 3606 etiam
2190 3568 2435 3624 agamus,
2487 3571 2855 3619 sustentemus
2902 3579 3183 3624 vomentes
3228 3578 3284 3625 et
3312 3573 3568 3642 agitatas,

1993 3657 2170 3713 neque
2202 3648 2354 3715 prius
2380 3649 2742 3721 dimittamus,
2782 3672 2947 3725 quam
2980 3658 3122 3715 hanc
3147 3664 3568 3721 amaritudinem

1990 3752 2210 3793 omnem
2232 3740 2602 3810 deposuerint.
2663 3745 2731 3800 Et
2764 3756 2897 3804 tunc
2943 3751 3039 3806 tibi
3062 3755 3265 3823 gratias
3292 3755 3570 3814 habebunt

1990 3830 2275 3898 maximas,
2294 3849 2417 3889 cum
2441 3837 2781 3907 quieverint:
2812 3850 2943 3897 tunc
2969 3842 3017 3898 is
3039 3844 3185 3899 clare
3203 3855 3515 3916 cognoscet,
3538 3864 3571 3903 a

1990 3934 2195 3992 quanta
2221 3928 2371 3983 illum
2396 3932 2803 3999 perturbatione
2830 3937 3061 3991 erueris.
3101 3936 3166 3991 Et
3198 3939 3327 4008 quid
3357 3941 3479 3995 dico
3500 3942 3571 3996 ab

1990 4014 2086 4074 illo
2103 4017 2196 4073 tibi
2213 4019 2439 4089 gratiam
2460 4036 2580 4077 esse
2603 4023 2938 4080 referendam
2958 4026 3129 4081 ?Nam
3149 4037 3201 4083 te
3224 4028 3365 4085 Deus
3385 4032 3569 4085 statim

1987 4111 2284 4177 coronabit,
2312 4122 2366 4168 et
2392 4112 2685 4168 innumeris
2715 4114 3078 4170 remunerabit
3105 4115 3280 4181 bonis,
3309 4116 3431 4186 quia
3464 4116 3570 4170 fra-

1989 4212 2124 4258 trem
2169 4212 2316 4258 tuum
2344 4204 2539 4273 agravi
2558 4203 2748 4259 morbo
2764 4204 3041 4259 liberasti:
3082 4204 3175 4260 sed
3201 4205 3359 4260 etiam
3403 4206 3491 4261 ille
3519 4216 3571 4261 te

1987 4306 2046 4349 ut
2071 4293 2346 4349 dominum
2387 4292 2702 4360 honorabit,
2730 4302 2874 4349 tuam
2906 4294 3123 4349 omnino
3152 4297 3413 4351 reveritus
3457 4312 3572 4351 mo-

1985 4384 2338 4440 derationem.
2369 4384 2560 4441 Annon
2579 4384 2733 4440 vides
2760 4385 3028 4455 parientes
3049 4385 3320 4452 mulieres,
3347 4402 3571 4457 quomo-

1986 4476 2056 4532 do
2097 4478 2300 4533 vicinas
2328 4477 2428 4532 sibi
2451 4479 2752 4543 mordeant,
2777 4488 2832 4535 et
2853 4479 2956 4533 illa:
2986 4488 3162 4535 tamen
3193 4496 3299 4535 non
3346 4481 3569 4537 dolent?

1986 4568 2096 4623 Imo
2123 4569 2324 4633 dolent,
2352 4570 2446 4625 sed
2477 4570 2605 4624 illud
2636 4570 2845 4626 fortiter
2883 4572 3093 4639 ferunt,
3141 4580 3197 4626 ct
3219 4573 3568 4628 commisera-

1986 4663 2131 4716 tione
2157 4662 2423 4716 ducuntur
2447 4678 2569 4732 erga
2598 4662 2844 4720 dolentes
2896 4673 2951 4719 et
2996 4681 3026 4718 a
3078 4673 3232 4735 partu
3285 4665 3568 4721 disseetas.

1985 4753 2090 4806 llas
2129 4761 2184 4806 tn
2225 4768 2437 4822 quoque
2483 4753 2692 4808 imitare
2737 4770 2910 4824 neque
2961 4755 3035 4809 sis
3077 4756 3206 4824 ipsis
3259 4756 3571 4812 mulieribus

1984 4845 2215 4900 mollior.
2249 4846 2380 4901 Cum
2403 4846 2545 4900 enim
2587 4850 2891 4917 pepererint
2918 4849 3171 4904 mulieres
3198 4849 3313 4903 ista:
3341 4848 3361 4921 (
3378 4851 3569 4904 mulie-

1985 4938 2131 4992 ribus
2164 4940 2360 5009 quippe
2380 4948 2503 4993 sunt
2540 4939 2612 4992 illi
2642 4939 2769 4994 rixis
2825 4941 3102 4995 movendis
3148 4942 3566 5011 promptiores),

1983 5041 2109 5087 tunc
2135 5042 2185 5087 te
2217 5032 2387 5087 virum
2438 5047 2557 5088 esse
2584 5041 2927 5104 cognoscent.
2976 5032 3127 5101 Quod
3155 5034 3199 5087 si
3227 5034 3414 5103 gravia
3457 5033 3571 5088 hinc

1984 5137 2249 5197 praecepta
2284 5134 2429 5193 sunt,
2459 5126 2634 5197 cogita
2662 5127 2781 5180 ideo
2807 5127 3019 5183 venisse
3043 5125 3339 5193 Christum,
3372 5139 3429 5181 ut
3457 5127 3571 5181 lucc

1983 5218 2037 5274 in
2066 5218 2261 5273 animis
2292 5219 2491 5273 nostris
2513 5218 2794 5281 insereret,
2820 5226 2880 5271 ut
2904 5232 3002 5272 nos
3023 5225 3077 5273 et
3097 5218 3284 5272 amicis
3312 5228 3365 5272 et
3392 5217 3572 5271 inimi-

1981 5314 2059 5368 cis
2086 5313 2245 5368 utiles
2270 5312 2529 5367 efliceret.
2554 5309 2682 5366 Ideo
2705 5313 2986 5365 amborum
3031 5324 3213 5365 curam
3255 5325 3442 5379 gerere
3476 5308 3572 5378 ju-

1982 5405 2113 5470 bet;
2167 5404 2413 5469 fratrum,
2444 5419 2564 5458 cum
2625 5402 2785 5467 dicit,
2838 5401 2900 5456 Si
2948 5398 3101 5467 olfers
3145 5417 3327 5454 munus
3383 5410 3575 5463 tuum;

1980 5496 2345 5562 inimicorum,
2374 5510 2496 5550 eum
2525 5495 2643 5566 lege
2663 5494 2848 5549 statuit
2870 5500 2931 5547 ut
2958 5493 3102 5562 ipsos
3121 5491 3334 5562 diligas,
3367 5500 3422 5546 et
3467 5506 3568 5561 pro

1976 5584 2109 5661 ipsis
2138 5604 2280 5644 ores.
2313 5588 2496 5658 Neque
2522 5588 2614 5643 Dei
2643 5595 2845 5642 tantum
2868 5586 3117 5654 exemplo
3145 5584 3213 5639 ad
3252 5583 3357 5638 hoc
3383 5583 3568 5638 horta-

1978 5690 2087 5751 tur,
2117 5698 2300 5738 verum
2322 5683 2483 5738 etiam
2520 5697 2586 5737 cx
2616 5680 2922 5737 contrario:
2954 5694 3100 5745 nam,
3126 5678 3215 5734 46.
3243 5678 3303 5733 Si
3331 5674 3571 5734 dilexeri-

1978 5778 2060 5846 tis,
2092 5774 2281 5848 inquit,
2311 5792 2395 5832 eos
2420 5773 2506 5847 qui
2524 5789 2609 5831 vos
2636 5773 2887 5846 diligunt,
2916 5788 3071 5842 quam
3096 5769 3375 5827 mercedem
3414 5768 3563 5823 habe-
