4050 6364
468 325 567 383 ⁸371

467 444 581 496 bilis
603 441 815 498 fitonne
837 450 885 496 et
908 439 1163 512 publicani
1203 439 1296 493 hoc
1324 436 1566 509 faciunt?
1607 437 1719 493 lloc
1757 444 1814 493 et
1856 434 2053 490 Paulus

466 543 544 589 ait
567 553 579 587 :
608 531 850 588 Nondum
875 549 1034 602 usque
1056 531 1124 585 ad
1149 530 1445 601 sanguinem
1466 528 1718 583 restitistis
1741 536 1920 582 contra
1939 542 2052 597 pec-

466 638 637 680 catum
677 633 956 697 pugnantes
984 624 1003 696 (
1032 622 1189 677 Hebr.
1208 622 1295 677 12.
1323 623 1358 677 4
1376 622 1419 692 ).
1448 620 1504 678 Si
1536 620 1694 692 igitur
1714 619 1817 675 hoc
1841 618 2052 683 feceris,

468 734 592 773 cmn
618 720 727 772 Deo
755 726 901 782 stas;
955 719 1000 771 si
1030 716 1146 770 lltl‘c
1189 714 1474 784 reliqueris
1501 752 1518 780 ,
1571 727 1694 768 cum
1731 710 2052 783 publicanis.

472 811 658 867 \‘ideu’
687 808 955 881 quomodo
984 823 1090 864 non
1123 816 1265 862 tanta
1288 806 1361 861 sit
1381 813 1773 876 praeceptorum
1792 802 2056 874 magnitu-

396 922 399 923 ν
468 904 560 971 do,
583 915 776 973 quanta
805 916 1151 974 personarum
1176 899 1518 956 differentia?
1545 897 1623 954 Ne
1654 898 1832 968 itaque
1849 895 2056 967 cegite-

467 1011 587 1050 mus
612 994 828 1050 difficile
850 1003 1174 1066 praeceptum
1203 1007 1344 1058 esse,
1367 991 1461 1048 sed
1488 989 1793 1047 mercedem
1822 989 1878 1044 in
1907 1003 2056 1044 men-

468 1094 576 1141 tem
606 1101 939 1153 revocemus,
966 1085 1475 1155 consideremusque
1501 1083 1586 1139 eui
1605 1081 1810 1138 similes
1852 1079 2054 1137 efﬁcia-

467 1194 607 1242 mur,
639 1178 683 1232 si
713 1187 856 1234 recte
879 1192 980 1234 nos
1000 1177 1345 1249 gesserimus,
1378 1184 1434 1231 et
1459 1174 1653 1246 quibus
1680 1187 2048 1243 extr-queatur,

466 1272 512 1325 si
535 1285 836 1342 peccemus.
855 1270 1097 1327 Fratrem
1127 1270 1306 1340 itaque
1344 1266 1499 1337 jubet
1539 1265 1911 1330 reconciliari,
1954 1277 2054 1318 nec

468 1365 617 1433 prius
644 1362 957 1427 abscedere,
988 1362 1160 1418 donec
1178 1358 1511 1416 inimicitiam
1539 1357 1884 1422 auferamus;
1930 1370 2052 1411 cum

466 1463 644 1510 autem
673 1453 742 1510 de
764 1453 1014 1508 omnibus
1034 1452 1269 1516 disserit,
1294 1467 1398 1507 non
1419 1450 1560 1506 ultra
1590 1464 1688 1506 nos
1719 1446 1812 1504 tali
1842 1446 2056 1518 subjicit

467 1545 795 1611 necessitati,
822 1544 915 1600 sed
939 1555 1121 1600 nostra
1152 1553 1355 1599 tantum
1382 1542 1628 1614 requirit,
1667 1541 1877 1611 hocque
1899 1548 2055 1611 pacto

467 1637 638 1708 legem
670 1638 878 1694 facilem
927 1638 1113 1695 efficit.
1142 1638 1276 1707 Quia
1323 1638 1468 1694 enim
1520 1635 1696 1703 dixit,
1752 1633 2053 1704 Persequnti

466 1740 582 1785 sunt
611 1732 903 1801 prophetas,
933 1731 1023 1802 qui
1058 1740 1176 1785 ante
1212 1747 1298 1785 vos
1324 1738 1488 1793 erant,
1518 1744 1586 1786 ne
1613 1738 1894 1800 propterea
1923 1728 2053 1797 ipsis

466 1823 660 1878 infensi
686 1833 900 1889 essent,
929 1823 1081 1893 jubet
1108 1839 1215 1879 non
1247 1822 1408 1879 modo
1433 1823 1553 1878 illos
1580 1822 1698 1878 luce
1717 1832 1937 1893 agentes
1968 1831 2052 1876 to-

465 1914 660 1980 lerare,
690 1916 787 1972 sed
816 1917 977 1972 etiam
1004 1915 1248 1988 diligere.
1276 1915 1465 1971 Viden‘
1494 1914 1765 1985 quomodo
1792 1914 1924 1968 iram
1949 1954 1965 1980 ,
1996 1922 2053 1970 et

464 2010 953 2079 concupiscentiam
1000 2010 1468 2081 sive‘corporum,
1500 2008 1614 2064 sive
1664 2007 2008 2078 pecuniarum
2033 2049 2049 2074 ,

462 2101 578 2156 sive
602 2101 804 2171 glorim,
828 2102 942 2157 sive
970 2116 1148 2157 rerum
1170 2099 1236 2155 ad
1266 2109 1581 2172 prtesentem
1609 2099 1772 2157 vitam
1802 2111 2052 2169 spectan-

464 2192 595 2247 tium
626 2191 883 2247 radicitus
901 2191 1149 2247 auferat?
1178 2191 1289 2247 Hoc
1309 2192 1452 2247 enim
1474 2190 1599 2247 fecit
1623 2190 1692 2247 ab
1714 2191 1887 2258 initio,
1908 2191 2050 2246 mul-

466 2293 626 2353 toque
653 2284 823 2353 magis
851 2298 1012 2339 nunc.
1042 2282 1177 2339 Nam
1206 2283 1298 2354 qui
1325 2298 1548 2354 pauper,
1595 2283 1689 2355 qui
1742 2281 1887 2339 mitis
1941 2290 2043 2350 est,

461 2376 550 2443 qui
583 2374 746 2445 luget,
780 2376 911 2431 iram
945 2390 1163 2445 prorsus
1201 2386 1422 2431 evacuat
1443 2393 1460 2443 ;
1485 2375 1576 2447 qui
1597 2376 1775 2447 justus
1802 2385 1857 2432 et
1883 2376 2048 2433 mise-
2083 2407 2087 2413 ν

462 2470 632 2523 ricors
655 2511 670 2530 ,
710 2467 1055 2538 pecuniarum
1082 2467 1432 2538 cupiditatem
1473 2467 1741 2534 excludit;
1779 2467 1867 2542 qui
1887 2467 2049 2524 corde

460 2558 722 2623 tnundus,
752 2573 781 2611 a
812 2558 1243 2628 concupiscentia
1269 2559 1407 2613 mala
1430 2559 1567 2615 liber
1592 2568 1706 2622 est;
1736 2561 1826 2631 qui
1858 2575 2048 2632 perse-

460 2651 774 2721 quutionem
805 2652 1003 2723 patitur
1027 2661 1083 2707 et
1110 2651 1333 2721 injurias
1357 2653 1603 2713 sustinet.
1656 2652 1867 2708 etiamsi
1905 2652 2047 2709 male

458 2741 678 2810 audiat,
727 2742 1071 2812 praesentium
1147 2741 1384 2796 omnium
1454 2754 1632 2796 rerum
1680 2752 2077 2812 contemptum;

459 2831 684 2896 obtinet,
718 2841 878 2903 atque
903 2847 934 2886 a
963 2832 1102 2888 fastu
1129 2842 1187 2888 et
1209 2848 1340 2887 vana
1367 2833 1534 2904 gloria
1556 2834 1831 2889 liberatur.
1879 2833 2047 2890 Audi-

460 2932 577 2978 tore
608 2924 771 2994 igitur
791 2924 863 2981 ab
884 2925 1033 2981 hisce
1052 2925 1281 2981 vinculis
1313 2926 1525 2992 soluto,
1557 2936 1613 2982 et
1635 2926 1703 2983 ad
1749 2929 2046 2984 certamina

460 3016 713 3081 inuucto,
756 3031 942 3074 rursus
967 3018 1076 3072 alio
1091 3019 1251 3074 modo
1292 3028 1486 3074 etcum
1516 3019 1706 3089 majori
1752 3020 2031 3092 diligentia

461 3107 579 3163 haec
608 3108 733 3163 vitia
755 3108 957 3164 evellit.
984 3108 1152 3165 Orsus
1181 3111 1326 3166 enim
1353 3110 1422 3165 ab
1451 3111 1530 3167 ira
1551 3150 1568 3177 ,
1621 3111 1886 3183 hujusque
1930 3115 2045 3169 vitii

460 3198 640 3254 nervis
662 3201 884 3256 omnino
912 3201 1175 3267 succisis;
1213 3212 1494 3274 postquam
1524 3203 1688 3269 dixit,
1719 3204 1820 3273 Qui
1862 3204 2046 3260 irasci-

461 3299 548 3345 tur
570 3290 718 3345 fratri
748 3307 849 3347 suo
872 3333 887 3359 ,
912 3299 967 3347 et
993 3293 1083 3363 qui
1111 3292 1315 3348 mtuum
1343 3302 1520 3360 vocat,
1549 3303 1605 3349 et
1632 3294 1723 3365 qui
1744 3310 1864 3350 raea
1895 3295 2043 3364 dicit,

462 3386 709 3453 puniatur
734 3404 749 3442 :
781 3394 836 3441 et
863 3387 952 3457 qui
984 3386 1141 3441 offert
1172 3385 1371 3441 donum
1392 3427 1408 3451 ,
1465 3404 1533 3443 ne
1561 3388 1709 3457 prius
1731 3387 1954 3445 accedat
1978 3389 2046 3445 ad

462 3491 742 3542 mensam,
774 3492 933 3547 quam
953 3478 1167 3534 solverit
1193 3478 1557 3534 inimicitiam:
1600 3488 1658 3536 et
1680 3480 1770 3549 qui
1795 3479 2048 3537 adversa-

458 3569 597 3622 l'iutn
623 3568 802 3633 habet,
830 3569 1133 3639 priusquam
1155 3569 1411 3639 judicium
1457 3569 1654 3650 videat,
1685 3571 1913 3628 amicum
1944 3572 2044 3627 sibi

458 3679 583 3717 eum
628 3678 695 3717 ex
742 3662 958 3718 inimico
983 3664 1175 3727 faciat,
1230 3663 1298 3718 ad
1343 3664 1833 3734 concupiscentiam
1861 3681 2048 3723 rursus

460 3756 672 3811 transit.
700 3756 769 3810 Et
800 3756 926 3826 quid
953 3756 1067 3811 ait?
1097 3757 1197 3824 Qui
1224 3758 1443 3828 respicit
1467 3758 1748 3829 impudicis
1768 3760 1957 3826 oculis,
1990 3769 2049 3816 ut

460 3846 709 3903 tumchus
724 3848 1009 3917 puniatur;
1036 3848 1125 3918 qui
1157 3848 1529 3904 oil‘endiculnm
1564 3851 1759 3919 patitur
1773 3851 1841 3907 ab
1867 3851 2045 3923 impu-

460 3940 578 3994 dica
606 3939 859 4005 muliere,
912 3949 1003 3993 aut
1030 3956 1060 3993 a
1099 3939 1244 4007 viro,
1288 3943 1702 4012 autaquopiam
1728 3943 1836 3998 alio
1859 3959 2047 4000 eorum

459 4030 548 4098 qui
576 4029 676 4084 sibi
702 4029 1277 4100 necessitudiuejuncti
1299 4038 1446 4097 sunt,
1486 4030 1587 4087 bos
1605 4046 1796 4089 omnes
1824 4033 2039 4104 penitus

459 4123 755 4188 abscindat;
780 4124 869 4193 qui
901 4124 1017 4194 lege
1036 4124 1286 4179 connubii
1304 4140 1529 4181 uxorem
1548 4123 1728 4191 habet,
1757 4142 2045 4198 numquam

463 4215 610 4269 illam
633 4215 909 4286 repudiet,
940 4230 1042 4271 nec
1062 4215 1129 4270 ad
1159 4215 1316 4270 aliam
1344 4216 1614 4286 respiciat.
1639 4217 1743 4273 Per
1770 4216 1885 4274 hinc
1904 4219 2046 4274 enim

463 4308 618 4361 mala:
632 4307 1080 4377 concupiscentia:
1105 4309 1313 4363 radices
1338 4310 1551 4364 evulsit.
1569 4310 1769 4367 Deinde
1799 4311 2050 4383 pecunia-

463 4412 581 4452 rum
611 4411 850 4453 amorem
899 4406 1131 4466 coercet,
1156 4399 1354 4471 jubens
1400 4416 1573 4472 neque
1601 4401 1817 4473 jurare,
1873 4419 2051 4475 neque

462 4487 701 4554 mentiri,
739 4503 915 4560 neque
942 4489 1177 4546 tunicam
1205 4491 1439 4547 retinere
1459 4535 1475 4559 ,
1507 4508 1611 4564 qua
1639 4495 1760 4566 quis
1779 4494 2046 4554 induitur:

464 4582 574 4635 imo
610 4581 770 4636 etiam
800 4582 1002 4638 volenti
1048 4583 1272 4653 pallium
1313 4584 1543 4652 offerre,
1584 4595 1640 4641 et
1679 4588 1924 4658 corporis
1965 4590 2050 4646 sui

463 4690 717 4746 operam:
747 4676 894 4731 omni
920 4677 1098 4732 studio
1124 4679 1467 4749 pecuniarum
1512 4696 1750 4738 amorem
1777 4682 2045 4740 auferens.

534 4767 588 4822 6.
604 4766 854 4823 Cacumen
874 4768 1070 4823 virtutis
1094 4778 1165 4824 est
1190 4787 1282 4840 pro
1301 4771 1518 4825 inimicis
1541 4773 1909 4829 oram—Post
1935 4774 2051 4830 ha‘c

463 4863 645 4908 autem
667 4857 846 4909 omnia
866 4858 1183 4928 variamque
1200 4862 1460 4917 horumce
1483 4874 1873 4932 praeceptorum
1891 4878 2050 4919 coro-

462 4946 948 5018 natn,subjungit:
993 4948 1158 5005 Orate
1181 4968 1277 5021 pro
1323 4953 1768 5007 calumniantibus
1816 4970 1927 5018 vos,
1980 4952 2049 5008 ad

459 5052 777 5109 supremum
810 5041 1171 5110 philosophia:
1196 5057 1457 5099 cacumen
1486 5044 2049 5111 attollens.Quemad-

465 5131 683 5185 modum
712 5130 856 5186 enim
883 5131 1140 5202 colaphos
1191 5133 1303 5204 pati
1334 5134 1507 5203 majus
1552 5145 1668 5203 est,
1718 5152 1875 5207 quam
1930 5153 2051 5195 esse

463 5224 675 5291 mitem,
705 5233 759 5280 et
788 5225 1010 5296 pallium
1036 5241 1157 5281 cum
1179 5227 1356 5288 tunica
1381 5227 1651 5284 dimittere
1673 5231 2050 5300 praestantius,

461 5331 624 5386 quant
650 5315 1051 5372 misericordem
1081 5331 1200 5372 esSe
1226 5332 1242 5383 ;
1266 5325 1323 5373 et
1347 5317 1571 5388 injurias
1597 5318 1759 5383 ferre,
1785 5335 1943 5391 quam
1964 5321 2052 5392 ju-

460 5416 603 5462 stum
624 5421 767 5474 esse;
783 5415 838 5463 et
851 5408 1034 5481 alapas
1060 5406 1199 5464 ferre
1218 5419 1274 5464 et
1297 5408 1365 5464 ad
1384 5410 1715 5482 sequendum
1729 5413 1868 5483 cogi,
1894 5429 2052 5485 quam

461 5502 741 5571 pacificum
792 5518 949 5560 esse:
982 5504 1062 5560 sic
1084 5504 1427 5576 persequenti
1466 5520 1525 5561 se
1568 5505 1889 5564 benedicere
1936 5523 2056 5579 per-

463 5593 652 5648 fectius
676 5603 760 5650 est
786 5609 946 5666 quam
977 5594 1403 5666 persecutionem
1430 5595 1557 5665 pati.
1582 5595 1744 5652 Vides
1785 5599 2056 5669 quomodo

465 5686 722 5755 paulatim
774 5702 874 5744 nos
925 5689 994 5743 ad
1035 5689 1181 5760 ipsos
1234 5690 1490 5745 caelorum
1539 5688 1773 5747 fornices
1806 5691 2057 5748 attollat?

464 5776 716 5849 Quonam
746 5777 906 5853 igitur
927 5778 1071 5852 digni
1110 5781 1371 5854 supplicio
1410 5784 1616 5853 sumus,
1645 5783 1735 5855 qui
1776 5782 1842 5840 ad
1891 5784 2053 5841 Deum

1237 319 1295 375 S.
1335 318 1610 376 JO.\NNIS
1647 313 2117 377 CHRYSOSTOMI
2157 314 2472 373 ARCIllEP.
2510 316 3040 378 CONSTANTINOP.

3653 324 3768 387 272

2162 432 2475 489 nnitandum
2498 434 2732 491 Sttltllllm
2780 451 2980 506 ponere
3000 436 3163 506 jussi,
3215 452 3283 492 ne
3306 436 3607 506 publicanis
3637 443 3767 511 qui-

2160 527 2282 582 dem
2308 544 2462 598 pares
2508 527 2646 584 forte
2701 529 2907 584 simus?
2958 530 3015 585 Si
3074 530 3218 586 enim
3270 530 3482 586 amicos
3527 532 3764 604 diligere

2162 619 2609 689 publicanorum,
2658 633 2998 695 peccatorum
3049 633 3208 694 atque
3245 625 3587 682 ethnicorum
3656 627 3761 682 sit:

2161 710 2377 781 quando
2413 727 2481 767 ne
2544 711 2595 767 id
2626 712 2838 783 quidem
2868 714 3093 770 facimus
3126 718 3145 788 (
3176 733 3281 772 non
3334 721 3478 774 enim
3525 721 3767 776 facimus

2161 801 2374 871 quando
2422 801 2578 858 laude
2607 801 2920 859 florentibus
2946 804 3205 863 fratribus
3235 809 3583 883 invidemus),
3614 827 3764 884 quas

2160 909 2266 949 non
2297 893 2542 952 dabimus
2571 911 2780 966 peculas,
2801 899 2890 970 qui
2917 900 3120 957 scribas
3136 917 3389 972 superare
3408 903 3567 975 jussi,
3588 906 3759 963 etiam

2161 985 2390 1041 ethnicis
2407 986 2687 1045 inferiores
2714 992 2940 1046 sunms?
2963 991 3268 1061 Quomodo,
3297 1010 3502 1066 quaso,
3523 1012 3753 1068 regnum

2160 1074 2493 1133 videbimus?
2516 1080 2786 1150 quomodo
2828 1096 2985 1138 sacra
3014 1083 3105 1138 illa
3129 1084 3400 1142 adibimus
3427 1088 3692 1144 vestibula
3725 1128 3747 1153 ,

2162 1181 2272 1221 non
2296 1166 2547 1224 meliores
2573 1170 2912 1241 publicanis?
2962 1173 3097 1231 illud
3121 1177 3262 1231 enim
3287 1179 3647 1237 subindicavit
3667 1181 3760 1237 his

2162 1260 2358 1328 verbis,
2380 1260 2566 1319 Nonne
2586 1273 2632 1319 et
2656 1264 2912 1336 publicani
2938 1268 3033 1323 hoc
3052 1270 3286 1342 faciunt?
3306 1270 3360 1327 In
3386 1289 3494 1342 quo
3518 1275 3758 1332 maxime

2160 1350 2278 1422 ejus
2303 1350 2546 1408 doctrina
2568 1363 2652 1410 est
2686 1354 3025 1424 admiranda,
3056 1360 3199 1431 quod
3225 1378 3347 1417 cum
3374 1362 3573 1435 ubique
3612 1379 3758 1435 pm-

2159 1443 2264 1495 mia
2316 1444 2670 1500 certaminum
2747 1449 3245 1517 superabundanter
3292 1463 3494 1523 ponat,
3546 1456 3756 1514 scilicet

2161 1531 2327 1588 Deum
2373 1534 2580 1604 videre,
2610 1552 2836 1610 regnum
2862 1541 3115 1598 caalorum
3147 1544 3445 1605 hereditate
3464 1551 3712 1619 accipere
3730 1589 3753 1614 .

2159 1623 2301 1679 filios
2330 1625 2419 1682 Dei
2451 1627 2587 1697 fieri,
2620 1630 2671 1685 ei
2699 1630 2902 1687 similes
2938 1648 3080 1703 esse,
3111 1636 3531 1695 misericordiam
3566 1656 3757 1698 conse-

2156 1718 2246 1788 qui
2271 1758 2288 1784 ,
2317 1719 2739 1777 consolationem
2766 1724 3028 1795 accipere,
3069 1726 3122 1781 iu
3151 1729 3296 1785 caulis
3322 1746 3566 1802 magnam
3592 1749 3755 1803 repo-

2158 1811 2315 1864 sitam
2360 1811 2561 1870 habere
2596 1816 2944 1883 mercedem;
2991 1818 3038 1874 si
3080 1820 3294 1888 quando
3326 1822 3556 1877 tristium
3596 1840 3752 1880 men-

2161 1901 2500 1959 tiohabenda
2526 1906 2618 1973 sit,
2667 1906 2721 1962 id
2778 1911 2992 1980 parcius
3033 1909 3191 1978 facit;
3239 1912 3501 1984 gehenna:
3546 1917 3753 1987 quippe

2158 2010 2355 2051 nomen
2385 1998 2556 2055 semel
2580 2006 2782 2055 tantum
2813 2003 2863 2054 in
2898 2012 2975 2057 tot
2993 2004 3332 2060 sermonibus
3360 2007 3574 2075 posuit;
3608 2011 3750 2064 etin

2153 2087 2272 2142 aliis
2303 2082 2620 2158 quibusdam
2677 2091 2996 2160 remissius,
3041 2093 3305 2152 hortando
3363 2113 3531 2168 magis
3582 2115 3749 2170 quam

2153 2181 2547 2247 comminando,
2563 2183 2859 2241 auditorem
2876 2187 3091 2257 corrigit
3105 2187 3289 2244 dicens
3304 2206 3317 2243 :
3330 2188 3512 2248 Nonne
3521 2202 3570 2247 et
3585 2194 3755 2263 publi-

2152 2270 2269 2324 cani
2283 2271 2378 2326 hoc
2395 2273 2588 2345 faciunt
2599 2274 2711 2341 fet,
2726 2276 2786 2332 Si
2805 2277 2885 2332 sat
2898 2277 3206 2347 infamatum
3220 2281 3393 2351 fuerit;
3408 2290 3482 2350 et,
3499 2282 3551 2335 Μ
3558 2283 3753 2339 inimus

2151 2360 2407 2416 vocabitur
2424 2362 2476 2417 in
2494 2381 2649 2436 regno
2665 2365 2926 2423 cartorum.
2953 2368 3044 2423 Est
3058 2368 3218 2423 etiam
3230 2385 3351 2425 cum
3369 2382 3578 2441 peccata
3597 2378 3754 2444 ponit

2152 2466 2251 2522 pro
2267 2454 2460 2524 poenis,
2475 2456 2720 2528 supplicii
2739 2460 2950 2531 pondus
2968 2461 3198 2517 auditori
3231 2461 3747 2535 subintelligendum

2152 2544 2454 2614 proferens;
2472 2556 2661 2604 utcum
2678 2546 2827 2607 dicit:
2849 2550 3133 2608 Machatus
3153 2565 3225 2610 est
3240 2571 3351 2610 eam
3370 2556 3424 2611 in
3443 2557 3596 2613 corde
3618 2576 3746 2625 suo;

2150 2647 2225 2703 et,
2246 2636 2347 2705 Qui
2365 2638 2590 2707 dimittit,
2618 2641 2741 2712 facit
2768 2659 2879 2698 eam
2899 2646 3138 2701 nime/tari
3153 2664 3173 2715 ;
3198 2658 3274 2711 et,
3301 2648 3451 2716 Quod
3479 2649 3557 2705 his
3575 2651 3749 2706 abun-

2150 2729 2358 2786 dantius
2381 2741 2476 2798 est,
2502 2750 2535 2786 a
2563 2734 2700 2790 mata
2733 2746 2826 2792 est.
2857 2738 2991 2795 Nam
3023 2748 3207 2796 mente
3234 2743 3474 2811 przeditis
3495 2760 3595 2815 pro
3610 2761 3751 2817 sup-

2149 2821 2292 2893 plicii
2320 2824 2539 2881 nomine
2581 2825 2780 2884 sufficit
2803 2829 2872 2885 ad
2896 2832 3327 2889 emendationem
3379 2837 3587 2906 peccati
3617 2854 3744 2893 ma-

2148 2914 2393 2984 gnitudo.
2418 2916 2779 2986 Quamobrem
2827 2921 2914 2979 hic
2960 2940 3175 2996 quoque
3201 2926 3446 2984 ethnicos
3469 2938 3528 2986 et
3554 2931 3744 3002 publi-

2147 3021 2312 3062 canos
2339 3006 2391 3063 in
2422 3010 2655 3065 medium
2683 3011 2895 3070 adducit
2914 3055 2931 3084 ,
2962 3030 3027 3072 ex
3060 3032 3300 3086 persona:
3325 3019 3629 3077 conditione
3655 3023 3747 3078 dio

2148 3100 2413 3170 scipulum
2444 3101 2647 3172 pudore
2666 3102 3090 3174 afficiens.Quod
3109 3119 3165 3164 et
3183 3108 3379 3165 Paulus
3408 3110 3637 3169 faciebat
3664 3116 3746 3170 di-

2148 3207 2277 3248 cens
2298 3192 2519 3267 :.Nolite
2543 3196 2834 3251 contristari
2852 3198 2981 3253 sicut
3005 3209 3052 3254 et
3080 3202 3271 3267 caeteri,
3325 3203 3414 3271 qui
3446 3221 3588 3276 spem
3628 3222 3739 3262 non

2148 3286 2369 3355 habent;
2405 3298 2481 3358 et,
2530 3289 2676 3344 Sicut
2724 3300 2896 3363 gentes
2918 3332 2935 3359 ,
2985 3309 3100 3364 qua:
3134 3295 3370 3366 ignorant
3420 3295 3585 3353 Deum
3632 3301 3742 3372 (1.

2150 3376 2333 3434 Thess.
2369 3381 2425 3437 4.
2478 3381 2563 3436 l2.
2593 3381 2699 3454 5).
2749 3382 2820 3439 Et
2866 3384 3159 3441 ostendens
3206 3401 3267 3442 se
3314 3387 3446 3443 nihil
3496 3390 3568 3444 ita
3615 3393 3742 3447 exi-

2149 3471 2317 3527 mium
2359 3481 2562 3542 petere,
2588 3474 2683 3529 sed
2702 3475 2861 3541 paulo
2901 3477 3130 3548 amplius
3173 3478 3333 3534 solito
3354 3522 3371 3549 ,
3406 3481 3517 3537 ait:
3550 3480 3746 3538 Nonne

2147 3572 2198 3617 et
2239 3564 2425 3619 ethnici
2467 3565 2563 3620 hoc
2606 3567 2848 3637 faciunt?
2879 3567 3128 3626 Attamen
3170 3585 3278 3625 non
3325 3571 3409 3627 hic
3446 3575 3609 3630 linem
3649 3576 3741 3630 di-

2151 3658 2307 3713 cendi
2340 3658 2487 3721 facit,
2533 3659 2628 3714 sed
2671 3660 2725 3715 in
2766 3666 2984 3731 prmmia
3010 3671 3065 3718 et
3102 3663 3156 3718 in
3184 3663 3377 3719 bonam
3405 3682 3555 3737 spem
3630 3665 3746 3721 de-

2145 3749 2274 3808 sinit
2300 3749 2385 3807 his
2400 3751 2577 3807 verbis
2601 3768 2615 3805 :
2644 3751 2735 3807 48.
2761 3751 2939 3808 Estote
2972 3770 3093 3826 ergo
3121 3756 3332 3826 perfecti
3353 3797 3370 3823 ,
3400 3758 3530 3812 sicut
3553 3769 3603 3814 et
3632 3759 3745 3813 Pa-

2151 3854 2227 3901 ter
2266 3855 2425 3900 vester
2478 3844 2712 3903 catestis.
2760 3846 3023 3920 Smpeque
3065 3849 3321 3906 caelorum
3365 3867 3560 3909 nomen
3604 3855 3744 3911 ubi-

2148 3953 2257 4009 que
2306 3938 2654 4008 disseminat,
2698 3955 2730 3994 a
2777 3940 2898 3997 loco
2943 3940 3104 3997 etiam
3158 3957 3349 3999 sensus
3393 3960 3578 4000 eorum
3615 3948 3743 4003 eri-

2148 4046 2299 4104 gens.
2329 4030 2600 4089 Haetenus
2619 4032 2763 4088 enim
2792 4031 3112 4090 infirmiores
3140 4035 3538 4107 crassioresque
3559 4049 3740 4093 erant.

2149 4125 2343 4182 Omnia
2380 4125 2541 4197 igitur
2576 4140 2696 4196 quae
2737 4124 2877 4179 dicta
2918 4134 3045 4180 sunt
3079 4137 3259 4181 mente
3300 4128 3595 4195 volventes,
3623 4145 3741 4185 ma-

2150 4235 2310 4291 gnam
2335 4219 2496 4274 etiam
2521 4232 2651 4288 erga
2680 4216 2928 4273 inimicos
2943 4216 3221 4272 caritatem
3254 4217 3641 4276 exhibeamus:
3686 4231 3749 4277 et

2150 4313 2430 4371 ridiculam
2453 4311 2594 4366 illam
2615 4309 3059 4367 consuetudinem
3086 4309 3381 4380 ejiciamns,
3413 4328 3572 4382 quam
3605 4314 3748 4367 mul-

2152 4406 2191 4461 ti
2219 4422 2287 4462 ex
2314 4406 2399 4470 iis,
2421 4403 2513 4475 qui
2537 4404 2713 4458 minus
2754 4403 2965 4458 ratione
2987 4400 3192 4467 valent,
3213 4402 3514 4471 sustinent,
3541 4419 3745 4474 exape—

2151 4508 2359 4557 ctantes
2401 4507 2461 4555 ut
2500 4498 2593 4569 qui
2620 4497 2832 4555 obviam
2861 4497 3083 4553 veniunt
3109 4511 3170 4553 se
3196 4495 3343 4567 prius
3387 4497 3661 4553 salutent:
3689 4497 3745 4554 id

2151 4592 2294 4664 quod
2324 4590 2546 4646 multam
2601 4589 2987 4646 beatitudinem
3059 4589 3302 4645 continet
3357 4588 3736 4659 negligentes;

2144 4685 2297 4757 quod
2321 4693 2500 4740 autem
2537 4681 2820 4738 ridiculum
2869 4689 2954 4737 est
2985 4681 3281 4752 exigentes.
3335 4680 3448 4748 Qua
3498 4697 3628 4753 ergo
3675 4681 3750 4737 de

2153 4792 2315 4834 causa
2337 4791 2444 4832 non
2478 4775 2625 4831 illum
2647 4774 2797 4846 prior
2817 4773 3062 4829 salutas?
3103 4773 3239 4841 Quia
3270 4773 3372 4830 hoc
3418 4783 3701 4844 exspeCtat
3727 4814 3746 4840 ,

2154 4869 2385 4941 inquies.
2425 4868 2585 4940 Atqui
2622 4867 2751 4922 ideo
2788 4865 3022 4923 maxime
3046 4864 3304 4923 festinare
3341 4866 3658 4937 oportebat,
3689 4877 3752 4922 ut

2155 4972 2212 5019 tu
2250 4977 2504 5018 coronam
2531 4961 2826 5030 acciperes.
2855 4959 2996 5026 Non,
3061 4960 3319 5030 inquies;
3372 4959 3495 5030 Quia
3522 4959 3624 5014 huc
3666 4959 3751 5029 ip-

2155 5073 2275 5113 sum
2316 5056 2406 5113 ille
2429 5054 2700 5127 quaesivit.
2746 5053 2817 5109 Et
2837 5053 2964 5124 quid
3028 5051 3132 5110 hac
3180 5052 3419 5108 sitientia
3460 5050 3752 5107 deterius?

2155 5148 2292 5215 Quia
2321 5148 2465 5204 enim
2487 5146 2540 5202 id
2571 5146 2661 5202 ille
2684 5144 2955 5216 quaesivit,
2980 5144 3158 5214 inquis
3183 5184 3201 5211 ,
3237 5153 3297 5198 ut
3324 5144 3586 5199 mercedis
3617 5145 3750 5200 mihi

2156 5242 2313 5299 fleret
2330 5240 2564 5306 occasio,
2594 5239 2722 5296 nolo
2750 5237 2889 5294 hanc
2912 5237 3155 5308 arripere
3181 5236 3519 5293 occasionem
3549 5235 3650 5308 (τι).
3676 5239 3749 5292 At

2222 5418 2296 5484 (α)
2330 5424 2464 5468 Hune
2484 5415 2643 5484 locum
2661 5429 2717 5484 tu
2747 5422 2862 5465 nota
2885 5413 3194 5484 explicantes
3223 5420 3305 5462 I‘P.
3339 5412 3643 5484 Benedlctini
3675 5416 3749 5462 sic

2157 5475 2344 5546 habent
2367 5494 2381 5530 :
2407 5480 2527 5540 Quia
2559 5477 2614 5529 id
2654 5475 3029 5546 iiie_curavit_{ut
3190 5475 3429 5546 mercedis
3451 5475 3653 5546 occasio
3671 5487 3749 5546 es-

2158 5551 2262 5605 set;
2285 5543 2352 5608 id_
2372 5535 2469 5599 est,
2486 5546 2554 5608 ut,
2579 5553 2657 5592 me
2678 5538 2840 5608 primo
2869 5536 3127 5608 salutatus,
3150 5535 3255 5600 ipse
3278 5535 3548 5608 reddenda:
3577 5535 3752 5608 salutis

2157 5596 2430 5671 mercedem
2440 5596 2704 5671 tribueret,
2737 5600 2994 5671 notatione
3013 5596 3234 5671 arripere
3256 5597 3587 5671 occasionem;
3610 5596 3751 5671 stulto

2159 5668 2319 5730 potius
2339 5665 2598 5731 crederem
2622 5665 2703 5713 hic
2733 5663 2811 5725 agi
2832 5662 2910 5731 tle
2948 5659 3182 5731 mercede
3217 5674 3363 5713 uuam
3398 5659 3748 5731 humilitati-et

2157 5722 2520 5778 mansuetudini
2547 5734 2676 5795 Deus
2694 5722 2933 5795 ριςίῐιιξίδίι.
2957 5726 3049 5795 Hie
3064 5724 3194 5772 enim
3218 5722 3751 5795 sensusmagisobvius

2162 5800 2259 5855 est,
2282 5791 2383 5841 imo
2406 5798 2457 5841 et
2480 5790 2637 5853 magis
2657 5785 2829 5839 rationi
2851 5793 3216 5836 consentaneus
3240 5785 3380 5834 Eutr.
