4050 6364
454 309 565 366 273

455 443 614 482 τουτο
652 425 964 502 διώκοντες..
992 429 1148 493 Τίνος
1181 424 1276 484 οὖν
1307 430 1493 486 ἕνεκεν
1535 432 1598 484 οὐ
1635 433 1923 502 προσερεῖς
1953 431 2052 485 αὐ-

454 508 546 559 τὸν
584 507 883 578 πρότερος;
923 501 1144 580 Ἐπειδὴ
1182 509 1341 563 τοῦτο
1369 509 1651 580 ἀναμένει,
1685 501 1872 582 φησίν.
1904 509 2052 564 Οὐκ-

455 585 548 637 οῦν
574 584 641 638 δι’
666 586 798 638 αὐτὸ
829 585 988 639 τοῦτο
1019 588 1256 656 μάλιστα
1281 590 1552 659 ἐπιπηδᾷν
1591 589 1719 654 ἔδει,
1753 589 1839 643 ἵνα
1867 591 1932 644 σὺ
1958 588 2053 643 λά-

456 666 560 735 ὅλης
583 663 675 717 τὸν
698 665 981 734 στέφανον.
1004 660 1101 731 Οὐ,
1124 667 1308 737 φησιν’
1331 668 1521 740 ἐπειδὴ
1542 668 1700 722 τοῦτο
1722 667 2047 724 ἐσπούδακε.

457 743 571 795 Kal
633 744 688 795 τί
749 743 952 815 ταύτης
1013 745 1115 815 τῆς
1180 745 1404 815 ἀλογίας
1456 750 1638 818 χεῖρον
1699 749 1895 816 γένοιτ’
1951 747 2051 815 av;

471 820 689 893 Ἐπειδὴ
715 822 824 893 γὰρ
847 823 1004 877 τοῦτο
1025 820 1354 890 ἐσπούδακε,
1375 825 1528 894 φησὶ,
1558 824 1751 896 μισθοῦ
1788 843 1878 897 μοι
1899 826 2053 896 γενέ-

463 900 587 954 σθαι
640 902 920 974 πρόξενος,
965 903 1028 957 οὐ
1076 900 1338 975 βούλομαι
1373 905 1731 960 ἐπιλαϐέσθαι
1770 907 1870 976 τῆς
1917 908 2054 961 ὐπο-

459 981 664 1044 θέσεως
712 979 933 1059 ταύτης.
979 980 1076 1038 Ἂν
1118 985 1216 1056 μὲν
1255 981 1349 1040 οῦν
1401 986 1610 1050 ἐκεῖνός
1665 1003 1725 1040 σε
1777 988 2055 1059 προσείπῃ

463 1061 748 1132 πρότερος,
792 1057 946 1116 οὐδέν
981 1081 1064 1117 σοι
1097 1063 1308 1132 γίνεται
1342 1064 1503 1118 πλέον
1545 1066 1641 1119 xal
1677 1057 2051 1136 προσειπόντιῖ

461 1141 558 1194 ἐὰν
617 1141 675 1194 δέ
737 1143 802 1196 σύ
868 1142 1133 1217 πρότερος
1198 1145 1540 1218 ἐπιπηδήσεις
1597 1148 1663 1217 τῇ
1728 1148 2052 1219 προσρήσει,

467 1221 904 1292 ἐπραγματεύσω
929 1224 1019 1278 τὸν
1051 1225 1217 1294 τῦφον
1237 1225 1470 1290 ἐκείνου,
1500 1226 1593 1278 καὶ
1616 1225 1812 1296 δαψιλῆ
1838 1243 1960 1279 τινα
1990 1228 2055 1281 ἐκ

463 1300 565 1369 τῆς
597 1302 855 1366 ἀπονοίας
887 1304 1052 1360 αὐτοῦ
1086 1309 1177 1363 τὸν
1209 1308 1423 1379 καρπὸν
1453 1307 1784 1379 ἐτρύγησας.
1815 1307 1940 1370 Πῶς
1962 1303 2056 1362 οὖν

463 1380 565 1471 οὐκ
606 1381 842 1471 ἐσχάτης
878 1384 1082 1471 ἀνοίας,
1124 1385 1363 1471 τοσαῦτα
1390 1381 1682 1471 μέλλοντας
1711 1386 2055 1471 καρποῦσθαι

464 1459 574 1512 ἀπὸ
596 1458 766 1527 ψιλῶν
789 1463 1072 1533 ῥημάτων,
1103 1458 1409 1537 προδιδόναι
1431 1464 1491 1519 τὸ
1512 1465 1725 1536 κέρδος,
1761 1467 1855 1519 καὶ
1886 1482 2057 1518 κατα-

463 1537 823 1618 γινώσκοντος
859 1543 1044 1610 αὐτοῦ,
1071 1547 1184 1608 τοῖς
1209 1544 1392 1609 αὐτοῖς
1434 1545 1814 1616 περιπίπτειν;
1851 1545 1914 1598 El
1945 1545 2056 1618 γὰρ

463 1617 554 1671 διὰ
601 1619 759 1673 τοῦτο
797 1621 969 1699 αὐτὸν
1013 1627 1182 1697 αἰτιᾷ,
1222 1620 1309 1679 ’ὅτι
1339 1625 1604 1698 πρότερος
1648 1625 1910 1697 ἀναμένει
1955 1617 2055 1698 τὴν

465 1699 594 1768 παρ’
620 1699 806 1770 ἐτέρου
837 1701 1158 1772 πρόσρησιν,
1198 1703 1343 1767 τίνος
1374 1699 1560 1758 ἕνεκεν
1593 1703 1775 1774 ζηλοῖς
1803 1704 1939 1776 ὅπερ
1964 1705 2054 1772 ἐγ-

462 1778 669 1844 καλεῖς,
709 1781 803 1833 καὶ¹
830 1777 971 1852 ’ὅπερ
999 1782 1136 1854 ἐφης
1163 1778 1303 1837 εἶναι
1335 1783 1592 1856 πονηρὸν,
1617 1782 1776 1837 τοῦτο
1809 1782 1882 1848 ὡς
1917 1784 2057 1852 ἀγα-

465 1857 558 1911 θὸν
581 1859 863 1929 μιμεῖσθαι
893 1857 1269 1931 ἐσπούδακαςς
1314 1861 1478 1935 Ὁρᾷς
1515 1856 1634 1927 πῶς
1668 1863 1823 1916 οὐδὲν
1845 1861 2056 1934 ἀνθρώ·

465 1955 568 1990 που
617 1939 788 2011 κακίᾳ
832 1940 1102 2006 συζῶντος
1159 1943 1546 2015 ἀνοητότε-ρον;
1594 1939 1686 1996 Διδ
1730 1941 2054 2015 παρακαλῶ,

466 2018 728 2090 φύγωμεν
775 2019 837 2073 τδ
875 2021 1110 2092 πονηρὸν
1141 2023 1298 2076 τοῦτο
1330 2022 1451 2086 ἔθος
1493 2024 1587 2077 καὶ
1628 2023 2055 2091 καταγέλαστον.

464 2095 577 2150 Καὶ
617 2098 725 2170 γὰρ
771 2100 970 2170 μυρίας
1010 2095 1275 2173 ἀνέτρεψε
1316 2102 1498 2173 φιλίας
1531 2103 1593 2156 τὸ
1633 2103 1846 2174 νόσημα
1878 2101 2058 2168 τοῦτο,

466 2177 561 2230 καὶ
586 2177 787 2258 πολλὰ-ς
824 2178 1024 2258 ἔχθρας
1056 2180 1372 2252 εἰργάσατο.
1415 2183 1513 2236 Διὰ
1544 2183 1610 2254 δὴ
1645 2181 1804 2235 τοῦτο
1842 2181 2060 2251 φθάνω·-

467 2273 570 2325 μεν
623 2257 821 2321 αὐτοὺς
877 2257 1058 2330 ἡμεῖς.
1113 2261 1176 2314 Ol
1217 2261 1326 2334 γάρ
1366 2260 1690 2331 ῥαπίζεσθαι
1739 2259 1836 2314 καὶ
1883 2260 2060 2328 ἀγγα-

467 2335 724 2407 ρεύεσθαι
768 2337 863 2392 καὶ
907 2339 1247 2410 γυμνοῦσθαι
1291 2342 1421 2414 παρ’
1446 2341 1656 2414 ἐχθρῶν
1695 2339 2058 2411 κελευόμενοι,

467 2415 562 2468 καὶ
613 2415 821 2487 φέρειν,
875 2418 1034 2480 ποίας
1089 2417 1156 2472 ἂν
1197 2420 1390 2490 εἴημεν
1436 2417 1768 2490 συγγνώμης
1806 2417 1968 2482 ἄξιοι,
2003 2418 2061 2469 ἐν

469 2497 774 2566 προσρήσει
833 2495 964 2568 ψιλῇ
1022 2497 1292 2567 τοσαύτην
1337 2499 1773 2570 ἐπιδεικνύμενοι
1826 2497 2062 2568 φιλονει-

467 2574 630 2640 κίαν;
663 2575 1168 2648 Καταφρονούμεθα
1201 2578 1329 2650 γὰρ,
1359 2580 1515 2650 φησὶ,
1541 2581 1634 2633 καὶ
1663 2576 2059 2647 διαπτυόμεθα,

1053 310 1112 367 8.
1147 309 1436 368 JOANNIS
1470 309 1966 370 CHRYSOSTOMI
1999 309 2328 369 ARCHIEP.
2366 307 2924 368 CONSTANTINOP.

3641 305 3759 366 27L

2158 433 2288 486 ὅταν
2312 429 2464 502 αὐτῷ
2497 429 2858 503 χαρισώμεθα
2881 427 3062 483 τοῦτο.
3095 427 3209 482 Kal
3232 428 3321 482 ἵνα
3355 426 3431 499 μὴ
3471 445 3756 497 καταφρο-

2157 511 2301 583 νήσῃ
2325 511 2444 542 ⁶⁰·⁶¹
2493 509 2806 582 ἄνθρωπος,
2851 507 3216 580 προσκρούεις
3243 507 3394 577 Θεῷ;
3425 508 3518 560 καὶ
3545 508 3634 561 ἵνα
3677 509 3760 580 μὴ

2158 590 2551 663 καταφρονήσῃ
2574 605 2669 642 σου
2708 590 2738 642 ὁ
2771 587 3100 659 μαινόμενος
3135 586 3445 658 όμόδουλος,
3479 603 3764 658 καταφρο-

2159 672 2270 734 νεῖς
2289 669 2383 724 τοῦ
2405 668 2702 732 Δεσπότου,
2726 667 2820 722 τοῦ
2848 666 3089 722 τοσαῦτά
3118 684 3178 720 σε
3199 666 3658 737 εὐεργετηκότος;
3691 667 3762 720 El

2125 795 2134 804 .
2159 751 2269 822 γὰρ
2300 749 2504 804 ἄτοπον
2524 750 2586 803 τὸ
2614 750 2978 820 καταφρονεῖν
3010 763 3102 800 σου
3134 746 3228 800 τὸν
3262 745 3545 816 ὁμότιμον,
3576 743 3765 814 πολλῷ

2164 829 2364 901 μᾶλλον
2392 829 2452 882 τό
2486 845 2546 881 σε
2575 827 2937 898 καταφρονεῖν
2967 824 3061 880 τοῦ
3094 842 3154 878 σε
3193 824 3559 895 πεποιηκότος
3593 822 3761 876 Θεοῦ.

2160 907 2318 963 Μετὰ
2343 909 2400 962 δέ
2426 907 2618 961 τούτου
2647 908 2872 960 κάκεῖνο
2902 904 3116 968 σκόπει,
3155 904 3238 957 ὅτι
3275 905 3406 957 ὅταν
3452 920 3546 956 σου
3585 917 3766 955 κατα-

2161 989 2428 1059 φρονήσῃ,
2460 986 2583 1040 τότε
2618 1003 2701 1040 σοι
2732 983 2980 1055 μείζονος
3015 982 3211 1054 μισθοῦ
3235 981 3444 1051 γίνεται
3471 979 3762 1051 πρόξενος.

2160 1069 2260 1122 Διά
2286 1068 2396 1140 γὰρ
2415 1068 2508 1121 τὸν
2530 1067 2664 1122 Θεὸν
2691 1067 2863 1122 ταῦτα
2886 1067 3200 1138 ὑπομένεις,
3226 1063 3418 1135 ἐπειδὴ
3447 1062 3560 1116 τῶν
3588 1060 3760 1116 αὐτοῦ

2161 1149 2344 1219 νόμων
2381 1148 2640 1219 ήκουσας.
2690 1147 2863 1201 Τοῦτο
2914 1146 2971 1200 δέ
3024 1145 3186 1208 ποίας
3233 1143 3333 1197 οὐκ
3368 1142 3436 1196 ἂν
3467 1142 3554 1212 εἴη
3587 1141 3764 1211 τιμῆς

2159 1227 2446 1293 ἀντάξιονς
2500 1227 2682 1282 πόσων
2729 1225 3113 1296 διαδημάτων;
3182 1223 3337 1295 Ἐμοὶ
3388 1221 3599 1291 γένοιτο
3660 1220 3767 1273 καὶ

2163 1306 2502 1378 ὑϐρίζεσθαι,
2531 1307 2626 1361 καὶ
2657 1304 3116 1376 καταφρονεῖσθαι
3164 1302 3252 1357 διὰ
3284 1301 3375 1354 τὸν
3417 1300 3571 1366 Θεὸν,
3603 1300 3638 1371 ἢ
3671 1316 3764 1378 τι·

2166 1377 2371 1457 μεῖσθαι
2412 1385 2564 1457 παρὰ
2611 1385 2875 1456 βασιλέων
2926 1382 3204 1436 ἁπάντων*
3257 1381 3410 1434 οὐδὲν
3440 1378 3567 1450 γὰρ,
3603 1377 3766 1457 οὐδέν

2161 1454 2262 1536 τῆς
2293 1464 2452 1535 δόξης
2483 1454 2687 1534 ταύτης
2717 1465 2852 1518 ἴσον.
2878 1461 3097 1532 Ταύτην
3129 1460 3308 1514 τοίνυν
3342 1457 3644 1536 διώκωμεν
3663 1454 3767 1536 οὖ-

2161 1535 2292 1608 τως,
2323 1544 2399 1608 ὡς
2417 1542 2580 1606 αὐτὸς
2600 1542 2874 1604 ἐκέλευσε,
2906 1541 3002 1595 καὶ⁵
3030 1540 3141 1592 τῶν
3164 1538 3524 1610 ἀνθρωπίνων
3551 1535 3766 1607 μηδένα

2161 1622 2476 1693 ποιούμενοι
2505 1621 2553 1654 ⁴²
2579 1622 2756 1690 λόγον.
2779 1621 2915 1675 ἀλλὰ
2937 1623 3035 1694 τὴν
3056 1619 3256 1690 ἀκριϐῆ
3284 1615 3610 1694 φιλοσοφίαν
3628 1615 3765 1694 ἐπιο

2161 1692 2502 1773 δεικνύμενοι
2531 1700 2620 1755 διὰ
2648 1701 2884 1764 πάντων,
2915 1692 3060 1753 οὕτω
3085 1699 3176 1752 τὸν
3215 1695 3427 1750 ἑαυτῶν
3461 1692 3612 1766 [244]
3642 1693 3768 1764 βίον

2158 1780 2551 1852 οἰκονομῶμεν.
2592 1780 2701 1834 Καὶ
2721 1780 2830 1851 γὰρ
2851 1779 2959 1834 τῶν
2975 1777 3220 1850 οὐρανῶν
3250 1776 3294 1806 ⁸³
3316 1775 3412 1830 καὶ
3437 1773 3548 1826 τῶν
3578 1775 3768 1827 ἐκεῖσε

2162 1861 2440 1930 στεφάνων
2474 1859 2723 1914 ἐντεῦθεν
2768 1859 2870 1931 ἤδη
2903 1855 3311 1930 καρπωσόμεθα
3355 1853 3427 1906 τὰ
3450 1853 3650 1921 ἀγαθὰ,
3673 1852 3767 1931 ,ὡς

2158 1939 2381 2010 ἄγγελοι
2424 1939 2562 2011 μετά
2604 1930 2910 2011 ἀνθρώπων
2953 1936 3284 2009 βαδίζοντες,
3313 1933 3390 1997 ὡς
3417 1933 3476 1986 αἱ
3513 1933 3622 1986 τῶν
3656 1930 3769 2001 ἀγ-

2160 2021 2336 2089 γέλων
2362 2019 2619 2089 δυνάμεις
2647 2019 2705 2071 ἐν
2739 2020 2805 2090 τῇ
2849 2019 2920 2089 γῇ
2954 2014 3400 2088 περιπολοῦντες,
3438 2012 3532 2066 καὶ
3574 2012 3769 2083 πάσης

2165 2101 2264 2172 μὲν
2285 2098 2602 2169 ἐπιθυμίας,
2633 2097 2814 2167 πάσης
2837 2097 2893 2150 δὲ
2919 2097 3076 2159 ἐκτὸς
3105 2097 3358 2166 μένοντες
3375 2095 3641 2164 ταραχῆς·
3661 2091 3769 2147 καὶ

2167 2179 2309 2251 μετὰ
2327 2177 2534 2251 τούτων
2559 2179 2617 2232 δὲ
2638 2177 2857 2233 πάντων
2883 2178 2981 2230 καὶ
3007 2175 3075 2229 τά
3106 2175 3394 2246 ἀπόρρητα
3417 2172 3773 2244 ἀποληψόμε-

2165 2250 2235 2314 θα
2263 2258 2466 2328 ἀγαθὼ
2499 2250 2574 2313 ὧν
2604 2258 2815 2327 γένοιτο
2841 2256 3048 2318 πάντας
3073 2256 3222 2326 ἡμᾶς
3259 2256 3556 2325 ἐπιτυχεῖν,
3573 2253 3770 2323 χάριτι

2166 2339 2264 2393 καὶ
2297 2337 2682 2411 φιλανθρωπίᾳ
2721 2335 2815 2390 τοῦ
2849 2334 3055 2407 Κυρίου
3095 2334 3251 2406 ἡμῶν
3291 2333 3466 2405 Ἰησοῦ
3496 2329 3766 2411 Χριστοῦ,

2163 2411 2210 2486 ᾧ
2236 2419 2269 2488 ή
2309 2417 2436 2482 δόξα
2477 2409 2570 2472 καὶ
2599 2419 2660 2470 τὸ
2692 2417 2892 2487 κράτος
2930 2415 3024 2468 καὶ
3056 2415 3090 2484 ἡ
3133 2413 3527 2484 προσκύνησις,
3554 2411 3652 2464 σὺν
3675 2409 3767 2478 τῷ

2164 2497 2387 2569 ἀνάρχῳ
2414 2498 2592 2568 Πατρὶ
2621 2497 2716 2549 καὶ
2737 2494 2814 2567 τῷ
2836 2493 2977 2565 ἀγίῳ
3000 2493 3095 2547 καὶ
3119 2492 3308 2563 ἀγαθῷ
3332 2491 3634 2562 Πνεύματι,
3658 2488 3766 2543 νῦν

2167 2577 2262 2630 καὶ
2291 2578 2380 2631 ἀεὶ
2405 2579 2498 2631 καὶ
2525 2579 2607 2641 εἰς
2633 2577 2761 2639 τοὺς
2793 2573 2995 2637 αἰῶνας
3025 2572 3134 2626 τῶν
3163 2571 3396 2627 αἰώνων.
3437 2571 3631 2644 Ἀμήν.

539 2682 1087 2757 ΜΜ¹κατιιιφρονήσῃ]
1105 2685 1228 2740 add.
1258 2702 1353 2738 σου
1378 2685 1519 2740 A.C.
1575 2689 1620 2720 “
1642 2687 1927 2759 ποιώμεθα
1956 2686 2021 2744 C.
2055 2705 2064 2739 τ

2168 2687 2359 2759 δύμεθα
2390 2685 2450 2742 F.
2508 2687 2554 2719 ⁸⁸
2575 2683 2844 2757 οὐρανῶν]
2868 2683 2963 2739 Sic
2985 2682 3045 2738 Β.
3075 2682 3138 2736 Ε.
3157 2681 3256 2738 Ge.
3277 2681 3444 2754 vulgo
3467 2679 3766 2752 οὐρανίων.

1970 2861 2216 2914 ΟΜΙΛΙΑ
2251 2861 2355 2917 ιε’.

471 2949 807 3022 Προσέχετε
861 2949 995 3022 τὴν,
1034 2949 1460 3022 ἐλεημοσύνην
1517 2948 1686 3020 ὑμῶν
1728 2946 1814 3021 μὴ
1866 2952 2059 3007 ποιεῖν’
2161 2955 2242 3016 εἰς
2261 2953 2439 3015 τοῦτο,
2477 2950 2572 3005 καὶ
2592 2953 2767 3022 κομᾷν
2787 2949 2973 3004 ἔπεισε
2993 2952 3060 3021 τῇ
3086 2945 3337 3019 δαψιλείᾳ.
3360 2946 3458 3016 τῆς
3473 2943 3767 3017 χορηγίας,

542 3021 884 3110 ἐμπρρσθεν
925 3019 1042 3075 τῶν
1076 3019 1424 3090 ἀνθρώπων,
1467 3019 1617 3090 πρὸς
1659 3019 1742 3076 τό
1777 3022 2062 3093 θεαθῆναι

542 3109 766 3157 αυτοις.

544 3207 612 3255 α’.
628 3198 700 3254 Τὸ
717 3198 1179 3272 τυραννικώτερον
1194 3199 1412 3254 πάντων
1427 3199 1610 3254 λοιπὸν
1625 3200 1855 3274 ἐξορίζει
1871 3201 2060 3269 πάθος,

473 3285 571 3356 τὴν
603 3284 804 3338 λύσσαν
831 3284 926 3338 καὶ
949 3283 1049 3355 τὴν
1082 3285 1279 3356 μανίαν
1307 3285 1407 3356 τὴν
1434 3285 1564 3354 περὶ
1595 3284 1693 3357 τὴν
1719 3285 1880 3357 κενὴν
1906 3287 2063 3352 δόξαν

475 3369 832 3441 ἐγγινομένην
880 3371 993 3431 τοῖς
1035 3366 1408 3441 κατορθοῦσιν.
1465 3368 1555 3435 Ἐξ
1605 3369 1781 3442 ἀρχῆς
1823 3369 1921 3440 μὲν
1954 3369 2063 3440 γὰρ

475 3454 625 3508 οὐδὲν
651 3453 781 3525 περὶ
804 3451 968 3506 αὐτοῦ
997 3452 1266 3525 διελέχθη·
1293 3455 1390 3507 καὶ
1415 3453 1522 3524 γὰρ
1543 3449 1611 3526 ἦν
1638 3453 1910 3523 περιττὸν,
1932 3455 2063 3524 πρὶν

477 3537 511 3608 ῆ
546 3539 728 3591 πεῖσαι
764 3539 933 3590 ποιεῖν
968 3553 1020 3589 τι
1055 3535 1164 3589 τῶν
1211 3532 1466 3602 δεόντων,
1517 3538 1647 3609 περὶ
1691 3537 1786 3592 τοῦ
1841 3537 1961 3601 πῶς
1987 3539 2068 3591 δεῖ

479 3625 650 3675 ποιεῖν
679 3621 817 3675 αὐτά
862 3623 956 3674 καὶ
996 3621 1239 3692 μετιέναι
1274 3621 1565 3678 διδάσκειν.
1611 3622 1830 3693 Ἐπειδὴ
1877 3621 1934 3676 δὲ
1977 3625 2067 3676 ἐν-

477 3707 614 3776 ῆγεν
647 3708 726 3769 εἰς
747 3704 1086 3775 φιλοσοφίαν,
1113 3705 1234 3758 τότε
1269 3705 1454 3759 λοιπὸν
1479 3706 1572 3760 καὶ
1603 3705 1700 3778 τὴν
1724 3721 2069 3778 παρυφιστα-

483 3789 652 3860 μένην
683 3788 819 3860 αὐτῇ
855 3788 1112 3859 καθαίρει
1133 3787 1332 3860 λύμην.
1377 3789 1510 3843 Οὐδέ
1532 3788 1643 3860 γάρ
1671 3789 1860 3853 ἁπλῶς
1883 3789 2067 3842 τίκτε-

481 3890 574 3926 ται
605 3871 763 3925 τοῦτο
789 3872 851 3924 τὸ
877 3873 1113 3942 νόσημα,
1141 3872 1258 3925 ἀλλ’
1283 3873 1412 3926 ὅταν
1434 3872 1606 3926 πολλά
1633 3872 2069 3944 κατορθώσωμεν

483 3956 593 4010 τῶν
627 3955 1084 4026 ἐπιταττομένων.
1115 3956 1262 4008 Ἔδει
1295 3955 1472 4009 τοίνυν
1506 3957 1772 4028 πρότερον
1803 3956 2070 4026 φυτεῦσαι

483 4040 582 4111 τὴν
617 4041 840 4112 ἀρετὴν,
870 4039 961 4092 καὶ
985 4039 1106 4092 τότε
1134 4040 1197 4092 τὸ
1217 4039 1524 4110 ἐπηρεάζον
1553 4041 1721 4110 αὐτῆς
1745 4040 1836 4094 τὸν
1859 4041 2072 4112 καρπὸν

485 4123 691 4178 ἀνελεῖν
718 4122 909 4186 πάθος.
936 4122 1045 4175 Καὶ
1070 4123 1170 4194 ὅρα
1206 4122 1372 4175 πόθεν
1394 4123 1640 4193 ἄρχεται·
1665 4123 1774 4176 ἀπὸ
1792 4125 2068 4194 νηστείας,

487 4208 581 4263 καὶ
623 4207 811 4278 εὐχῆς,
851 4207 944 4259 καὶ
981 4205 1368 4277 ἐλεημοσύνης.
1413 4205 1634 4269 Τούτοις
1675 4207 1784 4278 γάρ
1839 4207 2074 4277 μάλιστα

487 4292 882 4362 ἐμφιλοχωρεῖν
909 4290 1069 4343 εἴωθε
1095 4291 1208 4353 τοῖς
1237 4288 1681 4360 κατορθώμασιν.
1724 4290 1782 4344 '0
1812 4290 1944 4361 γοῦν
1969 4292 2076 4344 Φα-

493 4377 699 4447 ρισαῖος
728 4371 976 4426 ἐντεῦθεν
1019 4373 1256 4441 ἐφυσᾶτο
1284 4371 1480 4442 λέγων’
1515 4375 1802 4442 Νηστεύω
1839 4375 1935 4441 δίς
1965 4373 2070 4446 τῆς

490 4459 834 4528 ἑϐδομάδος,
860 4455 1206 4513 ἀποδεκατῶ
1224 4475 1344 4526 μου
1378 4457 1450 4510 τὰ
1487 4456 1859 4526 ὑπάρχοντα·
1895 4460 1989 4512 καὶ
2019 4461 2075 4512 ἐν

491 4545 629 4614 αὐτῇ
659 4543 715 4596 δὲ
737 4540 1030 4606 ἐκενοδόξει
1051 4539 1170 4572 “'“
1195 4542 1260 4610 τῇ
1290 4541 1448 4612 εὐχῇ,
1471 4541 1608 4612 πρὸς
1628 4541 1884 4607 ἐπίδειξιν
1906 4543 2076 4612 αὐτὴν

493 4627 834 4697 ποιούμενος.
879 4625 1097 4695 Ἐπειδὴ
1137 4624 1245 4696 γὰρ
1265 4624 1440 4687 οὐδεὶς
1466 4624 1624 4690 ἄλλος
1644 4627 1846 4698 παρῆν,
1875 4627 1953 4697 τῷ
1991 4645 2078 4680 τε·

494 4711 636 4784 λώνῃ
683 4710 1014 4763 ἐνεδείκνυτο
1051 4710 1095 4742 δ’
1130 4709 1323 4778 λέγων·
1369 4709 1492 4761 Οὐκ
1527 4709 1645 4780 είμί
1684 4710 1765 4775 ὡς
1793 4713 1848 4764 οἱ
1876 4712 2077 4765 ,λοιποὶ

493 4795 807 4863 ἂνθρωποι,
847 4793 988 4848 οὐδὲ
1023 4793 1104 4859 ὠς
1131 4793 1314 4858 αὐτὸς
1354 4796 1386 4847 ὀ
1410 4792 1694 4859 τελώνης.
1737 4794 1847 4847 Kal
1885 4795 2076 4848 σκόπει

497 4880 613 4942 πῶς
663 4877 886 4949 ἤρξατο,
925 4877 1002 4940 ὡς
1038 4878 1167 4949 περὶ
1215 4876 1405 4948 θηρίου
1457 4877 1598 4940 τινὸς
1644 4877 1690 4909 ⁸⁸
1721 4877 2077 4950 δυσφωράτου

494 4964 893 5033 διαλεγόμενος,
923 4963 1017 5016 καὶ
1044 4961 1217 5015 δεινοῦ
1245 4961 1440 5031 κλέψαι
1471 4963 1563 5015 τὸν
1588 4962 1662 5032 μὴ
1693 4963 1897 5034 σφόδρα
1917 4966 2082 5034 ἐγρη-

496 5048 716 5120 γορότα.
747 5046 1082 5115 Προσέχετε
1125 5047 1255 5117 γὰρ,
1305 5048 1458 5117 φησὶ,
1510 5044 1627 5114 τὴν
1659 5047 2082 5116 ἐλεημοσύνην

495 5132 682 5201 ὑμῶν.
717 5131 875 5186 Οὕτω
907 5131 1002 5184 καὶ
1032 5133 1062 5184 ό
1088 5131 1301 5194 Παῦλος
1329 5130 1480 5198 λέγει
1503 5129 1901 5199 Φιλιππησίοις·
1935 5131 2082 5184 Βλέ-

497 5230 640 5269 πετε
671 5214 809 5280 τοὺς
851 5216 1059 5281 κύνας.
1093 5214 1202 5268 Kal
1248 5212 1358 5285 γάρ
1389 5212 1563 5284 λάθρα
1594 5213 1972 5283 ἐπεισέρχεται
2020 5213 2082 5267 τὸ

501 5302 706 5372 θηρίον,
736 5301 830 5355 καὶ
861 5301 1037 5355 πάντα
1071 5302 1286 5370 ἐκφυσᾷ
1317 5299 1576 5370 ἀψοφητὶ,
1616 5297 1709 5351 καὶ
1748 5299 2082 5370 ἀνεπαισθή..

499 5404 608 5450 τως
660 5386 883 5458 ἐκφέρει
933 5385 1002 5439 τά
1056 5384 1204 5439 ἔνδον
1232 5383 1275 5415 δ’
1308 5383 1539 5438 ἅπαντα.
1600 5381 1753 5436 Ἐπεὶ
1784 5379 1877 5436 οὖν
1916 5382 2083 5435 πολὺν

501 5472 630 5542 περὶ⁵
661 5472 760 5540 τῆς
790 5468 1158 5541 ἐλεημοσύνης
1187 5468 1482 5539 ἐποιήσατο
1501 5467 1677 5535 λόγον,
1711 5467 1804 5520 καὶ
1832 5467 1922 5520 τὸν
1951 5466 2084 5519 Θεὸν

502 5556 583 5618 είς
605 5554 768 5624 μέσον
798 5553 998 5625 ῆγαγε,
1040 5552 1152 5606 Τὸν
1183 5551 1594 5606 ἀνατέλλοντα
1639 5550 1746 5603 τόν
1775 5549 1953 5617 ἣλιον
1981 5548 2078 5602 ἐπὶ

503 5637 806 5705 πονηροὺς
834 5637 932 5690 καί
957 5634 1236 5706 ἀγαθοὺς,
1265 5634 1359 5688 καὶ
1389 5634 1722 5704 πανταχόθεν
1751 5633 2081 5704 προέτρεψεν

2162 3036 2379 3107 ἀναιρεῖ
2420 3033 2610 3088 λοιπὸν
2654 3035 2750 3088 καὶ
2788 3033 2860 3087 τὰ
2903 3032 3224 3104 ἐνοχλοῦντα
3281 3031 3348 3101 τῇ
3397 3028 3536 3099 καλῇ
3583 3026 3769 3099 ταύτῃ

2163 3117 2321 3190 ἐλαίᾳ⁴
2346 3120 2539 3174 πάντα.
2582 3117 2675 3173 Διό
2713 3132 2868 3190 φησι·
2905 3118 3243 3185 Προσέχετε
3261 3112 3418 3187 {245]
3446 3113 3561 3181 τὴν
3582 3113 3768 3178 ἐλεη-

2159 3201 2448 3276 μοσύνην
2479 3201 2647 3274 ὑμῶν
2679 3202 2764 3272 μὴ
2792 3201 2986 3255 ποιεῖν
3009 3201 3353 3270 ἔμπροσθεν
3386 3196 3506 3251 τῶν
3538 3195 3772 3264 ἀνθρώ-

2165 3306 2313 3343 mur.
2353 3288 2564 3357 Ἐκείνη
2607 3285 2716 3359 γὰρ
2748 3288 2782 3357 ὴ
2815 3285 3126 3357 ἔμπροσθεν
3169 3281 3458 3354 εἰρημένη,
3493 3279 3588 3334 τοῦ
3621 3278 3769 3332 Θεοῦ

2167 3374 2316 3426 ἐστιν
2345 3370 2705 3441 ἐλεημοσύνη.
2739 3371 2849 3422 Kal
2865 3367 3057 3432 εἰπὼν,
3081 3367 3177 3435 Μὴ
3204 3365 3400 3419 ποιεῖν
3420 3364 3773 3434 ἔμπροσθεν

2167 3458 2286 3512 τῶν
2326 3458 2677 3524 ἀνθρώπων,
2728 3458 2996 3527 ἐπήγαγε.
3032 3455 3191 3522 Πρός
3225 3452 3292 3507 τὸ
3334 3449 3620 3518 θεαθῆναι
3651 3450 3771 3503 αὑ-

2166 3541 2313 3608 τοῖς.
2347 3543 2459 3595 Kal
2477 3540 2626 3594 8')er
2657 3541 2756 3612 μὲν
2785 3539 3040 3610 δεύτερον
3067 3538 3115 3570 ⁵⁸
3148 3535 3401 3608 εἰρῆσθαι
3425 3535 3482 3588 τὺ
3509 3533 3660 3586 αὐτό’
3695 3531 3773 3586 ἂν

2167 3623 2224 3678 δέ
2248 3643 2332 3688 τις
2353 3625 2598 3696 ἀκριϐῶς
2636 3624 2902 3695 προσέχῃ,
2935 3623 3036 3676 οὐκ
3069 3621 3186 3674 ἐστι
3219 3620 3281 3673 τὸ
3319 3617 3470 3682 αὐτὸ,
3502 3615 3616 3670 ἀλλ’
3646 3614 3774 3667 ἐτε-

2171 3726 2265 3782 ρον
2299 3709 2476 3771 τοῦτο,
2521 3708 2618 3761 καὶ
2665 3707 2851 3778 ἕτερον
2895 3708 3091 3765 ἐκεῖνο.
3125 3705 3221 3758 καὶ
3260 3702 3461 3773 πολλὴν
3505 3700 3618 3771 ἔχει
3663 3697 3772 3770 τὴν

2170 3792 2490 3861 ἀσφάλειαν,
2515 3792 2610 3844 καὶ
2634 3791 2841 3860 ἄφατον
2864 3791 2962 3860 τὴν
2985 3788 3312 3860 κηδεμονίαν
3337 3787 3431 3840 καὶ
3455 3785 3553 3855 τὴν
3575 3782 3768 3853 φειδώ.

2175 3879 2331 3930 Ἐστι
2362 3875 2471 3948 γὰρ
2511 3877 2606 3929 καὶ
2643 3873 2954 3946 ἔμπροσθεν
2986 3873 3096 3926 τῶν
3135 3869 3441 3942 ἀνθρώπων
3483 3867 3768 3930 ποιοῦντα,

2175 3959 2250 4031 μὴ
2314 3959 2450 4030 πρὸς
2497 3958 2559 4011 τὸ
2604 3956 2862 4028 θεαθῆναι
2913 3956 3186 4010 ποιεῖν⁸⁶’
3239 3954 3335 4008 καὶ
3386 3953 3460 4024 μὴ
3507 3950 3775 4004 ποιοῦντα

2173 4042 2482 4115 ἔμπροσθεν
2527 4041 2712 4104 πάλιν,
2763 4040 2900 4112 πρὸς
2937 4040 2998 4093 τὸ
3039 4039 3302 4110 θεαθῆναι
3339 4039 3530 4090 ποιεῖν.
3564 4035 3773 4106 Διόπερ

2172 4129 2272 4198 οὐχ
2311 4126 2498 4190 ἁπλῶς
2522 4126 2584 4178 τὸ
2608 4125 2914 4196 γινόμενον,
2946 4123 3086 4178 ἀλλὰ
3117 4123 3216 4194 τὴν
3242 4120 3468 4192 γνώμην
3493 4119 3586 4173 καὶ
3611 4121 3657 4150 ⁵³
3682 4135 3776 4170 κο-

2173 4211 2328 4276 λάζει
2378 4211 2471 4264 καὶ
2513 4211 2786 4278 στεφανοῖ.
2834 4209 2897 4261 El
2943 4206 3053 4279 γὰρ
3105 4206 3180 4278 μὴ
3229 4205 3370 4276 αὐτὴ
3420 4205 3454 4275 ή
3507 4201 3774 4273 ἀκρίϐεια

2176 4295 2546 4369 προσκείμένη
2607 4290 2698 4366 ἦν,
2751 4291 2980 4355 πολλοὺς
3032 4291 3098 4346 ἂν
3152 4289 3312 4344 τοῦτο
3369 4285 3774 4369 ὀκνηροτέρους

2175 4367 2402 4450 ἐποίησε
2443 4380 2573 4450 περὶ
2599 4378 2698 4450 τὴν
2729 4376 2830 4446 τῆς
2867 4370 3240 4446 ἐλεημοσύνης
3258 4371 3427 4435 δόσιν,
3458 4370 3547 4423 διὰ
3585 4368 3647 4421 τὺ
3689 4367 3774 4441 μὴ

2179 4462 2454 4533 πανταχοῦ
2478 4461 2694 4526 πάντως
2710 4461 2932 4514 δυνατὸν
2954 4456 3092 4512 εἶναι
3107 4456 3482 4518 λανθανόντως
3501 4454 3547 4485 ⁸³
3569 4455 3767 4508 ποιεῖν.

2176 4549 2276 4603 Διά
2301 4545 2459 4601 τοῦτο
2503 4545 2754 4600 ἀπολύων
2795 4561 2855 4596 σε
2901 4544 3000 4614 τῆς
3033 4543 3280 4611 ἀνάγκης
3327 4539 3556 4609 ταύτης,
3596 4538 3656 4589 οὐ
3690 4535 3775 4607 τῷ

2175 4633 2320 4686 τέλει
2347 4627 2440 4684 τοῦ
2465 4630 2813 4701 πράγματος,
2835 4626 2974 4681 ἀλλά
2993 4630 3062 4698 τῇ
3091 4623 3408 4697 προαιρέσει
3430 4619 3524 4674 τοῦ
3551 4619 3777 4672 ποιοῦν-

2176 4735 2290 4780 τος,
2320 4714 2417 4768 καὶ
2443 4713 2542 4785 τὴν
2585 4712 2790 4784 ζημίαν
2825 4712 2918 4765 καὶ
2943 4710 3034 4764 τὸν
3067 4709 3257 4780 μισθὸν
3281 4706 3474 4779 ὁρίζει.
3510 4706 3631 4757 ’ῐνα
3660 4704 3776 4773 γὰρ

2183 4799 2258 4870 μὴ
2284 4799 2469 4871 λέγῃς·
2493 4795 2559 4849 Τί
2587 4795 2696 4866 γὰρ
2715 4795 2829 4863 ἐγὼ
2858 4794 3036 4858 πάθω,
3062 4793 3128 4846 ἂν
3147 4792 3333 4863 ἐτερος
3357 4790 3477 4862 ίδῃ;
3505 4788 3580 4842 Οὐ
3610 4787 3776 4840 τοῦτο

2180 4883 2350 4956 ζητῶ,
2409 4881 2595 4951 φησὶν,
2635 4879 2774 4933 ἀλλά
2817 4879 2916 4950 τὴν
2964 4877 3204 4932 διάνοιαν
3248 4874 3348 4945 τὴν
3386 4873 3506 4944 σὴν,
3543 4871 3638 4956 καὶ
3678 4871 3776 4923 τὶν

2180 4955 2380 5038 τρόπον
2419 4963 2514 5019 τοῦ
2567 4962 2874 5034 γινομένου.
2929 4963 3041 5031 Τὴν
3096 4961 3204 5030 γὰρ
3253 4957 3433 5028 ψυχὴν
3473 4955 3774 5010 διαπλάσαι

2185 5049 2454 5120 βούλεται,
2483 5049 2578 5102 καὶ
2610 5045 2812 5108 παντὸς
2830 5043 3138 5108 ἀπαλλάξαι
3165 5043 3495 5112 νοσήματος.
3531 5039 3797 5114 ’Δπαγοειθ

2184 5135 2383 5206 ρεύσας
2415 5134 2595 5186 τοίνυν
2635 5132 2699 5185 τὺ
2737 5131 2878 5202 πρὸς
2911 5129 3169 5193 ἐπίδειξιν
3201 5129 3397 5192 ποιεῖν,
3432 5125 3527 5180 καὶ
3564 5124 3668 5194 τὴν
3706 5126 3765 5181 ἐι

2181 5218 2370 5274 τούτου
2430 5216 2634 5287 ζημίαν
2684 5215 2922 5280 διδάξας,
2969 5214 3032 5267 τὸ
3080 5213 3275 5283 μάτην-
3302 5210 3396 5266 καὶ
3442 5208 3564 5279 είκῆ
3610 5208 3766 5265 τοῦτο

2184 5304 2379 5364 ποιεῖν,
2415 5301 2575 5354 πάλιν
2598 5298 2778 5353 αὐτῶν
2806 5297 3011 5370 ἐγείρει
3045 5297 3116 5350 τὰ
3143 5296 3489 5368 φρονήματα,
3523 5292 3618 5344 τοῦ
3651 5292 3768 5344 Πα-

2182 5385 2310 5458 τρὸς
2353 5385 2670 5457 ἀναμνήσας
2702 5383 2796 5438 καὶ
2836 5381 2930 5435 τοῦ
2963 5381 3216 5452 οὐρανοῦ,
3258 5380 3346 5433 ἵνα
3391 5378 3464 5448 μὴ
3499 5379 3564 5448 τῇ
3592 5376 3770 5446 ζημία

2189 5470 2323 5540 μόνῃ
2354 5469 2688 5538 καθάψηται,
2724 5465 2861 5520 ἀλλά
2888 5464 2983 5520 καὶ
3008 5468 3074 5537 τῇ
3107 5466 3296 5536 μνήμῃ
3319 5462 3414 5516 τοῦ
3447 5461 3771 5530 γεγεννηκό-

2184 5570 2275 5616 τος
2306 5551 2555 5623 ἐντρέψῃ.
2595 5553 2716 5605 Οὐκ
2745 5551 2914 5619 ἔχετε
2945 5549 3053 5620 γὰρ
3073 5547 3296 5617 μισθόν
3318 5549 3383 5611 ⁵⁸,
3415 5545 3567 5615 φησὶ,
3607 5541 3770 5610 παρὰ

2188 5633 2267 5700 τῷ
2297 5635 2477 5702 Πατρὶ
2505 5633 2672 5703 ὑμῶν
2695 5632 2776 5699 τῷ
2802 5634 2872 5687 ἐν
2899 5630 3199 5700 οὐρανοῖς.
3234 5630 3346 5683 Kal
3380 5629 3503 5682 οὐδὲ
3532 5625 3769 5680 ἐνταῦθα

573 5741 694 5813 ’ξδοδε
715 5743 1003 5808 κενοδοξῶν
1025 5746 1086 5798 Β.
1113 5744 1516 5810 κενοδοξοῦντος
1540 5743 1600 5798 F.
1627 5754 1681 5797 et
1697 5760 1778 5813 pr.
1798 5742 1862 5797 D.
1917 5742 1961 5774 ⁸⁷
1985 5743 2329 5796 ἐπεδείκνυτο
2354 5741 2513 5813 ΕυιΙι.
2543 5742 2631 5813 τὸν
2651 5740 2893 5813 τελώνην
2905 5739 3150 5813 ,ἐδείκνυε
3167 5736 3372 5813 _Mo_x
3389 5735 3438 5788 οἱ
3460 5732 3638 5813 λοιποί
3658 5732 3768 5813 τῶν

560 5883 571 5900 1

556 5901 588 5954 η
612 5901 664 5937 υ.
689 5901 864 5938 ποιειν
889 5901 950 5939 ιλ.
973 5901 1034 5940 υ.
1053 5901 1087 5939 l"

509 5901 769 6017 θιάνοντας
790 5955 853 6008 Α.
930 5957 976 5986 ⁵⁸
996 5956 1087 6008 τὸν

505 6024 754 6096 οὐρανοῖς
779 6025 839 6078 Β.
873 6026 932 6082 C.
957 6026 990 6080 4
1019 6025 1228 6094 Mosqq.

1813 6141 1900 6152 ..ο-οι·
1929 6147 1940 6153 -

556 5883 588 5958 ὴ
612 5877 664 5937 θ.
689 5887 864 5958 ποιεῖν
889 5886 950 5958 C.
973 5886 1112 5958 01F.
1145 5877 1852 5958 Ερτνπρδςῲθε-μὴποιεῖν
1876 5884 1941 5937 Α.
1967 5884 2045 5958 μὴ

2315 5884 2394 5958 ’⁵⁸
2425 5884 2517 5936 καὶ
2547 5877 2885 5958 ξιροιίινιιίςυ
2907 5877 3309 5958 όθθεξεειιρρφά

505 5805 978 5936 ἀνθρώπωνρλῗ.
1054 5816 1100 5849 ⁸⁸
1133 5815 1225 5871 Sic
1245 5805 1510 5882 ECVulgo'
1531 5805 1965 5884 δυσφορωτάτου.
1990 5815 2064 5899 νὴ

513 5901 588 5936 un
649 5921 664 5936 .
689 5901 864 5936 ποιειν
889 5886 950 5936 C.
973 5886 1034 5936 D.
1053 5886 1112 5936 Ρ.
1145 5885 1244 5936 En.
1271 5887 1404 5936 ποὺς
1418 5885 1540 5936 τὸθ.
1580 5885 1652 5936 μὴ
1677 5886 1852 5936 ποιεῖν
1876 5884 1941 5936 Α.
1971 5901 2044 5936 μη

2168 5815 2255 5869 dn.
2330 5813 2375 5844 "
2398 5812 2568 5885 ἔνδον]
2589 5813 2718 5865 ὄντα
2738 5816 2802 5864 Α.
2844 5805 2919 5841 ’⁵ο
2934 5807 3209 5880 δεύτερον]
3234 5807 3294 5862 Β.
3463 5805 3506 5837 ⁵³
3537 5805 3673 5906 πρὸς
3705 5805 3768 5855 τὸ

2168 5925 2178 5936 .
2209 5883 2273 5936 Ε.
2349 5884 2394 5914 ⁵⁸
2425 5884 2517 5936 καὶ
2547 5884 2689 5936 uuod
2725 5881 2885 5936 vultzo
2907 5881 3080 5936 deest.
3105 5877 3416 5936 suppeditat
3451 5875 3514 5930 Ε.
3600 5874 3764 5926 ³λανο

3317 5879 3416 5932 ilal
3451 5875 3514 5930 Ε.
3572 5874 3622 5906 ⁸³
3637 5874 3764 5926 lav-

1125 5946 1402 6024 μισθὸνῚὶξ
1431 5955 1490 6010 F.
1525 5946 1592 6010 ΕΣ
1620 5946 1718 6008 οὐκ
1751 5954 1897 6025 ἔχετε
1933 5946 2064 6022 τδνᾷ

2168 5954 2239 6007 νὺν
2267 5953 2394 6023 γὰρ,
2426 5946 2647 6023 φησί’ί).
2677 5946 2994 6008 Nihil—notat
3035 5946 3339 6005 Mallhzius
3390 5963 3444 6018 p.
3473 5963 3528 6018 p.
3561 5946 3622 6002 ἐν
3650 5947 3764 6008 τοῖς
