4056 6360
357 340 460 394 275

360 458 404 509 si
446 457 536 511 ille
578 467 627 511 te
665 456 813 526 prior
841 456 1075 525 salutet,
1106 457 1238 512 nihil
1289 457 1380 513 tibi
1421 457 1540 528 plus
1574 461 1676 516 erit
1718 453 1764 514 si
1803 461 1950 516 salu-

361 559 465 604 tem
508 549 741 614 reddas;
791 549 837 603 si
890 564 1019 605 vero
1065 557 1120 604 tu
1150 549 1297 620 prior
1323 565 1578 621 properes
1607 552 1674 606 ad
1709 552 1947 607 salutan-

362 641 510 706 dum,
533 639 734 694 fastum
779 640 900 710 ejus
940 641 1308 711 intercepisti,
1359 648 1415 696 et
1463 642 1668 712 largum
1707 657 1774 697 ex
1821 642 1938 713 ejus

355 732 663 802 arrogantia
706 732 933 787 fructum
987 733 1276 789 messuisti.
1317 733 1598 802 Quomodo
1640 735 1800 806 igitur
1839 751 1944 790 non

357 833 614 879 extrema:
680 824 966 880 dementiae
1010 824 1212 890 fuerit,
1264 839 1385 880 cum
1433 841 1501 882 ex
1553 827 1712 882 nudis
1764 827 1944 883 verbis

359 925 563 969 tantum
617 930 814 986 capere
865 915 1094 970 fructum
1178 917 1486 986 valeamus,
1543 917 1751 974 lucrum
1823 933 1945 988 per-

351 1011 502 1071 dere,
535 1019 590 1064 et
620 1024 742 1063 cum
770 1008 919 1063 illum
940 1009 1326 1078 improbemus,
1359 1011 1413 1065 in
1443 1010 1632 1066 eadem
1661 1011 1940 1067 incidere?

352 1100 406 1156 Si
436 1101 580 1155 enim
612 1101 758 1154 illum
791 1100 912 1154 ideo
943 1101 1131 1170 culpas
1157 1100 1298 1170 quod
1326 1101 1471 1170 prior
1490 1101 1716 1156 aliorum
1746 1102 1946 1158 saluta-

357 1193 558 1245 tionem
607 1201 914 1262 exspectet,
965 1207 1062 1247 cur
1113 1192 1340 1246 imitaris
1371 1191 1424 1246 id
1453 1191 1596 1262 quod
1627 1191 1938 1262 improbas;

353 1297 409 1340 et
439 1285 580 1356 quod
603 1288 800 1340 malum
830 1301 951 1340 esse
971 1285 1125 1350 dicis,
1167 1285 1268 1340 hoc
1295 1293 1352 1340 ut
1378 1286 1575 1340 bonum
1627 1286 1939 1340 azmularis?

353 1378 544 1433 Viden‘
573 1377 702 1432 nihil
733 1377 944 1432 stultius
991 1393 1109 1434 esse
1133 1377 1346 1433 homine
1369 1377 1421 1432 in
1443 1378 1673 1448 nequitia
1699 1378 1943 1433 vivente?

351 1470 716 1539 Quamobrem
765 1470 991 1525 obsecro
1014 1510 1030 1536 ,
1062 1472 1198 1525 bane
1240 1469 1536 1540 improbam
1564 1479 1617 1524 et
1660 1469 1939 1524 ridiculam

349 1565 795 1620 consuetudinem
840 1565 1122 1635 fugiamus.
1169 1563 1264 1619 Hic
1288 1565 1483 1634 quippe
1529 1563 1746 1619 morbus
1794 1564 1941 1620 mille

350 1657 615 1711 amicitias
644 1657 853 1722 evertit,
887 1657 1189 1726 multasque
1217 1657 1424 1725 peperit
1451 1655 1778 1710 inimicitias.
1813 1655 1940 1709 ldeo

350 1764 450 1803 nos
471 1748 860 1819 praeveniamus
876 1748 1030 1803 alios.
1054 1747 1186 1802 Nam
1208 1748 1297 1816 qui
1315 1747 1567 1815 jubemur
1587 1747 1725 1801 ferre
1742 1757 1800 1800 ut
1823 1747 1937 1800 ala-

348 1846 430 1914 pis
459 1843 839 1912 percutiamur,
869 1841 969 1896 iter
996 1841 1166 1896 coacti
1192 1840 1564 1910 suscipiamus,
1590 1839 1852 1894 nudemnr
1871 1839 1939 1894 ab

347 1936 600 2000 inimicis,
621 1949 722 2005 qua
747 1934 900 1989 venia
917 1933 1060 2003 dignl
1087 1933 1308 1997 erimus,
1337 1932 1382 1988 si
1413 1932 1464 1986 in
1491 1932 1716 2002 simplici
1740 1933 1938 1987 saluta-

347 2031 492 2085 tione
535 2038 735 2083 tantam
758 2025 1104 2082 adhibeamus
1125 2026 1560 2082 contentionem?
1583 2027 1933 2096 DeSpicimur,

345 2125 576 2193 inquies,
594 2133 649 2178 et
660 2124 1024 2193 conspuimur,
1037 2138 1156 2177 cum
1174 2122 1276 2176 hoc
1293 2122 1391 2192 ipsi
1407 2121 1766 2176 concedimus.
1789 2122 1854 2175 Et
1871 2138 1936 2175 ne

345 2228 395 2270 te
409 2215 668 2285 despiciat
681 2215 860 2281 homo,
883 2215 1047 2268 Deum
1062 2213 1286 2268 offendis
1302 2212 1324 2265 ?
1339 2229 1405 2268 ne
1419 2223 1469 2268 te
1485 2224 1789 2268 contemnat
1807 2228 1934 2268 con-

343 2323 533 2362 servus
554 2306 754 2370 furens,
791 2306 1071 2360 Dominum
1095 2307 1414 2372 contemnis,
1443 2305 1532 2374 qui
1556 2315 1695 2358 tanta
1729 2305 1819 2359 tibi
1852 2304 1936 2359 be-

346 2406 536 2460 neﬁcia
563 2405 789 2458 contulit
803 2402 824 2455 ?
838 2401 892 2457 Si
911 2402 1053 2457 enim
1065 2399 1352 2455 absurdum
1366 2409 1448 2455 est
1467 2409 1516 2453 te
1537 2401 1791 2469 :equalem
1806 2414 1933 2454 con-

1515 343 1579 400 lN
1618 343 2026 402 MATTHEUM
2066 346 2292 403 HOMIL.
2338 347 2477 404 XIX.

3545 360 3647 414 274

2058 470 2316 527 temnere,
2334 465 2504 519 multo
2525 464 2693 534 magis
2711 464 2998 522 absurdum
3020 475 3366 526 contemnere
3382 478 3435 526 te
3450 470 3616 527 Deum
3632 517 3647 540 ,

2055 553 2147 623 qui
2176 562 2229 608 te
2250 553 2394 611 fecit.
2425 555 2505 610 Ad
2529 556 2642 611 lucc
2659 557 2975 615 consideres
3003 559 3180 626 velim,
3206 574 3326 614 cum
3355 570 3406 617 te
3436 562 3523 618 ille
3547 564 3647 619 de-

2054 648 2246 717 spicit,
2278 658 2401 704 tunc
2417 649 2675 719 majorem
2708 651 2799 706 tibi
2836 652 3141 708 mercedem
3166 653 3472 710 conciliare.
3505 656 3641 711 Pro-

2051 751 2171 811 pter
2196 741 2360 795 Deum
2392 743 2534 796 enim
2565 743 2679 798 haec
2706 744 2925 813 pateris,
2955 746 3076 815 quia
3099 747 3244 816 leges
3265 747 3382 818 ejus
3424 746 3646 804 audisti.

2053 831 2167 887 Hoc
2212 844 2389 888 autem
2415 851 2521 904 quo
2547 851 2652 890 non
2677 836 2881 891 honore
2927 837 3144 907 dignum
3189 841 3292 894 sit?
3319 841 3510 912 quibus
3535 857 3644 897 non

2051 924 2441 981 diadematibus
2457 927 2480 980 ‘l
2499 927 2785 998 Contingat
2822 929 2950 984 mihi
2975 941 3029 985 et
3055 934 3392 989 contumeliis
3417 934 3558 989 afﬁci
3584 945 3642 990 et

2051 1018 2325 1072 contemni
2385 1029 2602 1088 propter
2648 1020 2835 1086 Deum,
2869 1023 3045 1090 potius
3086 1039 3247 1093 quam
3290 1024 3541 1080 honorari
3571 1027 3641 1081 ab

2050 1111 2297 1166 omnibus
2327 1112 2543 1181 regibus
2593 1130 2605 1165 :
2652 1113 2781 1169 nihil
2811 1116 2975 1178 enim,
3006 1117 3136 1171 nihil
3164 1118 3345 1188 utique
3374 1119 3498 1174 huic
3538 1121 3642 1174 ho-

2051 1204 2166 1258 nori
2195 1218 2290 1273 par
2318 1214 2418 1258 est.
2452 1203 2602 1258 Hunc
2641 1205 2818 1274 itaque
2837 1217 3210 1262 eonsectemur
3255 1220 3314 1264 ut
3339 1209 3426 1263 ille
3444 1209 3639 1278 jussit;

2051 1295 2418 1364 humanosque
2448 1294 2681 1350 honores
2711 1295 2859 1350 nihili
2879 1296 3158 1365 facientes,
3191 1299 3284 1354 sed
3320 1315 3497 1354 veram
3529 1300 3640 1368 phi-

2050 1387 2351 1457 losophiam
2379 1403 2474 1457 per
2520 1389 2696 1441 omnia
2729 1388 3076 1458 exhibentes,
3106 1392 3184 1445 sic
3218 1393 3379 1446 vitam
3423 1392 3641 1445 ordine-

2048 1494 2168 1534 mus
2222 1487 2480 1533 nostram.
2530 1477 2663 1534 Nam
2703 1481 2993 1535 ccclestium
3033 1496 3350 1538 coronarum
3391 1483 3500 1553 jam
3551 1485 3636 1539 hic

2045 1571 2278 1626 fructum
2328 1570 2707 1641 percipiemus,
2750 1572 2899 1641 quasi
2929 1574 3101 1642 angeli
3158 1589 3278 1628 cum
3328 1573 3635 1628 hominibus

2046 1674 2342 1730 versantes,
2379 1674 2647 1733 tamquam
2677 1665 2932 1734 angelica:
2958 1672 3248 1734 potestates
3277 1664 3332 1718 in
3356 1675 3495 1719 terra
3527 1667 3634 1719 cir-

2046 1768 2359 1813 cumemttes
2387 1799 2403 1826 ,
2437 1758 2584 1812 omni
2627 1758 2917 1828 cupiditate
2956 1758 3210 1826 omnique
3236 1759 3634 1828 perturbatione

2043 1849 2279 1919 exempti
2304 1866 2318 1914 ;
2343 1859 2398 1903 et
2421 1865 2541 1903 cum
2562 1849 2649 1904 his
2669 1849 2916 1904 omnibus
2937 1848 3218 1904 ineffabilia
3242 1864 3634 1920 consequemur

2041 1940 2180 1994 bona
2213 1960 2225 1994 :
2253 1957 2372 2010 qua:
2395 1941 2593 1995 utinam
2617 1957 2716 1996 nos
2738 1956 2928 1997 omnes
2959 1941 3315 2012 adipiscamur
3342 1984 3356 2008 ,
3385 1944 3552 2013 gratia
3581 1952 3635 1996 (ιι

2043 2035 2370 2104 benignitate
2424 2035 2634 2088 Domini
2683 2034 2852 2088 nostri
2901 2033 3027 2088 Jesu
3057 2033 3278 2098 Christi,
3310 2035 3392 2088 cui
3441 2035 3627 2103 gloria,

2042 2129 2324 2197 imperium
2353 2138 2409 2183 et
2436 2129 2682 2183 adoratio
2707 2143 2828 2198 cum
2857 2127 3101 2198 principii
3138 2138 3359 2196 experte
3400 2127 3556 2181 Patre
3579 2137 3634 2181 et

2040 2232 2226 2276 sancto
2254 2223 2502 2292 bonoque
2529 2220 2752 2292 Spiritu,
2786 2235 2928 2275 nunc
2949 2229 3004 2275 et
3028 2234 3262 2290 semper,
3285 2229 3338 2275 et
3355 2219 3408 2274 in
3433 2221 3630 2274 stecula

2036 2314 2373 2369 saeculorum.
2401 2315 2589 2368 Amen.

346 2532 3630 2561 Μ

1697 2602 2045 2682 HOMILIA
2090 2620 2270 2681 XIX.

343 2770 472 2824 CAP.
517 2769 571 2824 6.
599 2771 737 2824 v.1.
767 2767 1020 2823 Attendite
1068 2784 1131 2822 ne
1183 2768 1552 2838 eleemosynam
1594 2778 1811 2822 vestram
1851 2771 1932 2840 fa-

414 2864 561 2917 ciatis
588 2880 760 2916 coram
787 2863 1090 2926 hominibus,
1123 2871 1176 2916 ut
1206 2862 1476 2916 videamini
1500 2860 1562 2915 ab
1588 2863 1680 2916 eis.

413 2960 437 3009 1
451 2997 463 3009 .
481 2955 624 3009 Vana
651 2956 813 3026 gloria
834 2955 1014 3024 probos
1031 2955 1181 3008 etiam
1199 2954 1742 3010 invadit.—0mnium
1763 2953 1931 3009 maxi-

343 3064 431 3102 me
459 3050 792 3118 tyrannicum
814 3048 922 3119 jam
948 3049 1184 3104 eliminat
1203 3048 1367 3104 animi
1393 3047 1634 3104 morbum
1660 3089 1674 3114 ,
1702 3046 1926 3112 rabiem,

340 3139 581 3212 inquam,
612 3141 752 3194 illam
792 3148 846 3195 et
887 3139 1119 3194 furorem
1143 3140 1284 3196 circa
1305 3154 1495 3194 vanam
1520 3136 1741 3210 gloriam
1765 3179 1779 3202 ,
1812 3153 1930 3208 qua:

339 3232 588 3286 homines
633 3234 790 3286 etiam
837 3231 1003 3301 probe
1044 3240 1263 3302 agentes
1304 3230 1524 3287 invadit.
1579 3233 1624 3286 Α
1669 3231 1930 3300 principio

337 3324 556 3396 quidem
586 3325 716 3379 nihil
743 3324 844 3380 hac
868 3323 935 3380 de
961 3339 1022 3380 re
1042 3324 1291 3396 loquutus
1310 3333 1410 3380 est.
1438 3323 1571 3379 Nam
1600 3325 1926 3395 superﬂuum

338 3420 547 3486 fuisset,
580 3419 886 3489 priusquam
913 3417 1053 3473 bona
1075 3432 1235 3488 opera
1257 3416 1417 3473 edere
1437 3417 1703 3482 suaderet,
1732 3417 1927 3473 docere

338 3511 612 3580 quomodo
641 3511 728 3566 illa
758 3510 997 3566 facienda
1042 3519 1098 3565 et
1136 3507 1380 3564 adeunda
1405 3519 1605 3564 essent.
1635 3509 1922 3580 Postquam

336 3614 513 3661 autem
535 3608 586 3661 in
608 3605 996 3678 philosophiam
1024 3605 1246 3670 induxit,
1267 3614 1392 3659 tunc
1410 3603 1624 3659 demum
1645 3618 1785 3671 eam,
1807 3618 1926 3673 qua:

337 3699 679 3769 subrependo
705 3700 874 3770 ipsam
901 3699 1119 3754 inﬁcere
1147 3698 1306 3764 solet,
1334 3707 1539 3768 pestem
1563 3695 1774 3752 auferre
1801 3697 1925 3751 niti-

336 3804 444 3848 tur.
475 3794 657 3865 Neque
682 3793 826 3848 enim
871 3802 1155 3863 utcumque
1180 3792 1412 3864 gignitur
1437 3790 1524 3846 hic
1551 3789 1799 3854 morbus,
1828 3788 1924 3846 sed

336 3895 618 3956 postquam
649 3886 816 3941 multa
839 3893 1100 3956 praecepta
1127 3883 1340 3955 egregie
1360 3881 1716 3952 implevimus.
1749 3880 1922 3950 Opor-

336 3978 480 4033 tebat
521 3979 681 4049 igitur
723 3978 870 4048 prius
911 3976 1160 4031 virtutem
1205 3976 1478 4040 inserere,
1526 3983 1581 4029 et
1621 3981 1746 4028 tunc
1772 3973 1920 4028 illum

333 4069 498 4124 animi
524 4069 772 4124 aﬂ'ectum
801 4066 1046 4137 auferre,
1090 4067 1179 4138 qui
1214 4067 1330 4138 ejus
1358 4067 1586 4122 fructum
1617 4066 1920 4122 labefactat.

332 4169 412 4220 Ac
440 4165 562 4220 vide
585 4163 726 4222 unde
755 4162 1031 4219 exordium
1061 4170 1267 4218 sumat:
1299 4176 1329 4216 a
1355 4160 1580 4231 jejunio,
1611 4160 1852 4215 oratione
1868 4167 1924 4214 et

332 4261 696 4329 eleemosyna.
729 4256 786 4312 In
815 4257 897 4314 his
919 4257 1063 4313 enim
1091 4255 1325 4310 maxime
1363 4263 1511 4310 recte
1538 4253 1690 4309 factis
1717 4253 1919 4308 versari

331 4354 491 4408 solet.
511 4352 643 4406 Nam
671 4351 972 4407 Pharisazus
992 4349 1118 4406 inde
1140 4349 1352 4404 inflatus
1373 4348 1617 4403 dicebat:
1643 4346 1831 4418 Jejuno
1846 4346 1921 4401 bis

335 4453 383 4506 in
415 4448 751 4515 hebdomada,
780 4447 1000 4502 decimas
1030 4445 1095 4500 do
1115 4444 1338 4500 omnium
1361 4459 1475 4514 quw
1503 4443 1734 4512 possidco
1762 4441 1916 4513 (Luc.

334 4545 420 4600 18.
454 4543 522 4598 l2
547 4543 566 4613 )
593 4561 605 4596 :
635 4541 689 4596 in
719 4541 831 4611 ipsa
852 4540 1094 4594 oratione
1120 4552 1308 4593 vanam
1333 4535 1581 4607 captabat
1602 4534 1846 4604 gloriam,
1866 4543 1922 4589 et

330 4639 399 4692 ad
431 4635 840 4692 ostentationem
872 4633 1205 4704 precabatur.
1232 4630 1363 4699 Quia
1392 4629 1533 4683 enim
1560 4626 1739 4682 nullus
1782 4627 1919 4682 alius

334 4732 559 4796 aderat,
588 4727 925 4798 publicanum
953 4724 1222 4781 indicabat
1241 4723 1425 4778 dicens
1455 4739 1468 4775 :
1497 4719 1620 4775 Non
1649 4736 1763 4773 sum
1789 4721 1919 4775 sicut

331 4823 502 4880 cccteri
545 4821 806 4876 hominum
827 4861 842 4883 ,
890 4834 1047 4888 neque
1087 4817 1217 4872 sicut
1245 4817 1325 4870 hic
1355 4814 1652 4886 publicanus
1677 4812 1838 4887 (Ibid.
1863 4829 1912 4868 υ.

330 4917 394 4972 Η
433 4916 471 4983 ).
490 4913 560 4968 Et
579 4911 699 4968 vide
724 4910 994 4982 quomodo
1015 4909 1267 4964 Servator
1286 4906 1531 4977 coeperit,
1554 4920 1618 4962 ac
1637 4906 1683 4962 si
1712 4905 1779 4961 de
1806 4905 1916 4961 fera

328 5012 506 5058 astuta
544 5017 610 5058 ac
637 5003 976 5072 deprehensu
999 5002 1199 5057 difﬁcili
1230 5011 1432 5073 ageret,
1455 5018 1577 5072 quae
1597 5019 1703 5057 non
1722 5005 1910 5056 admo—

327 5096 460 5151 dum
473 5095 687 5166 vigilem
703 5109 894 5165 capere
905 5103 1083 5165 posset
1114 5111 1127 5147 :
1150 5109 1274 5148 nam
1288 5094 1364 5149 ait
1385 5111 1396 5148 :
1414 5095 1452 5147 Α
1467 5094 1682 5148 (tendite
1701 5111 1762 5148 ne
1776 5093 1910 5148 elee-

329 5205 606 5258 mosynam
624 5197 978 5252 vestram,etc.
996 5187 1085 5243 Sic
1097 5196 1150 5242 et
1161 5186 1360 5242 Paulus
1373 5187 1508 5242 Phili
1516 5187 1810 5258 ppensibus
1827 5187 1910 5240 di-

331 5281 409 5333 cit
427 5296 440 5334 :
458 5277 636 5332 Videte
653 5295 806 5332 canes
821 5277 1074 5350 (Philipp.
1095 5279 1149 5332 ’5.
1167 5278 1243 5347 2).
1270 5277 1422 5332 Clam
1441 5278 1584 5332 enim
1608 5277 1908 5346 ingreditur

327 5370 718 5434 fera,etomnia
733 5371 848 5425 sine
859 5371 1083 5441 strepitu
1098 5370 1434 5440 inﬂat,atque
1447 5369 1628 5424 omnia
1640 5369 1912 5439 quzeintra

326 5465 464 5521 nihil
480 5466 804 5519 sentientem
822 5463 1158 5519 suntaufert.
1174 5464 1312 5531 Quia
1333 5461 1495 5533 igitur
1513 5462 1807 5532 plurimum
1836 5458 1914 5518 fe-

325 5561 400 5613 cit
423 5558 490 5612 dc
516 5555 858 5624 eleemosyna
901 5564 1204 5606 sermonem
1227 5589 1243 5615 ,
1286 5548 1562 5619 Deumque
1599 5547 1652 5602 in
1680 5549 1915 5604 medium

329 5647 572 5713 adduxit,
607 5644 708 5712 Qui
737 5641 893 5698 solem
911 5657 1058 5696 suum
1084 5639 1206 5694 oriri
1236 5639 1360 5710 facit
1382 5655 1535 5708 super
1561 5638 1722 5693 malos
1751 5650 1796 5694 et
1821 5639 1916 5693 bo-

327 5758 440 5802 nos,
474 5747 529 5794 et
558 5735 788 5805 undique
815 5733 878 5788 ad
905 5732 957 5788 id
983 5731 1292 5787 cohortatus
1311 5738 1413 5795 est,
1441 5739 1494 5785 et
1519 5730 1777 5786 donorum
1809 5731 1918 5785 lar-

327 5841 491 5908 gitate
518 5827 839 5891 conspicuos
879 5838 998 5882 esse
1029 5823 1232 5888 suasit,
1277 5823 1490 5880 demum
1518 5824 1694 5882 omnia
1735 5824 1869 5881 tollit
1893 5865 1908 5884 .

2037 2783 2158 2838 quae
2195 2765 2320 2822 huic
2345 2765 2582 2838 pulchrae
2622 2768 2755 2824 oleae
2785 2783 2980 2824 nocere
3007 2777 3245 2839 possent.
3293 2768 3629 2840 Quapropter

2037 2861 2148 2914 ait:
2194 2860 2448 2915 Attendite
2472 2878 2533 2916 ne
2557 2862 2925 2932 eleemosynam
2967 2873 3185 2916 vestram
3222 2864 3423 2934 faciatis
3456 2881 3628 2918 coram

2039 2954 2344 3008 hominibus.
2372 2954 2505 3008 Nam
2531 2955 2621 3010 illa
2650 2956 2794 3024 prius
2821 2966 3136 3022 memorata,
3164 2957 3256 3010 Dei
3282 2965 3364 3011 est
3390 2957 3626 3012 eleemo-

2036 3063 2187 3118 syna.
2212 3045 2345 3102 Cum
2367 3063 2495 3103 vero
2513 3047 2756 3116 dixisset,
2788 3047 2871 3102 Ne
2893 3050 3096 3120 faciatis
3123 3065 3296 3102 coram
3319 3050 3623 3116 hominibus,

2036 3140 2332 3210 subjunxit,
2368 3139 2436 3195 Ut
2462 3141 2732 3194 videamini
2761 3143 2823 3195 ab
2852 3143 2944 3196 eis.
2977 3141 3046 3196 Et
3074 3142 3280 3196 videtur
3301 3142 3514 3211 quidem
3544 3142 3627 3197 id-

2035 3232 2208 3302 ipsum
2234 3234 2345 3302 jam
2371 3242 2495 3289 ante
2521 3233 2751 3288 dixisse:
2785 3232 2832 3288 si
2859 3232 2981 3303 quis
3001 3248 3128 3288 vero
3148 3233 3428 3304 diligenter
3452 3244 3626 3290 atten-

2033 3323 2145 3391 dat,
2174 3339 2280 3378 non
2308 3323 2537 3394 idipsum
2565 3333 2686 3380 est:
2717 3324 2813 3379 sed
2839 3323 2981 3379 aliud
3010 3324 3142 3391 hoc,
3175 3325 3316 3379 aliud
3344 3325 3472 3381 illud
3496 3335 3619 3382 est:

2035 3416 2367 3486 multamque
2394 3415 2613 3471 adhibet
2636 3416 2960 3480 cautionem,
2982 3415 3412 3487 ineﬂ'abilemque
3438 3419 3621 3487 provi-

2032 3508 2266 3564 dentiam
2287 3517 2446 3578 atque
2468 3508 2867 3580 indulgentiam.
2893 3510 3076 3564 Potest
3095 3509 3236 3565 enim
3260 3509 3304 3564 is
3329 3510 3417 3581 qui
3439 3526 3620 3566 coram

2033 3601 2338 3656 hominibus
2368 3600 2422 3654 id
2448 3600 2594 3667 facit,
2613 3616 2720 3656 non
2755 3609 2812 3656 ut
2835 3600 3080 3656 videatur
3114 3601 3165 3656 id
3188 3602 3400 3658 facere:
3429 3612 3483 3658 et
3503 3620 3621 3659 rur-

2030 3709 2121 3749 sus
2139 3695 2227 3766 qui
2253 3709 2431 3750 coram
2458 3694 2511 3748 id
2539 3709 2642 3749 non
2661 3693 2804 3758 facit,
2828 3694 3162 3758 utvideatur,
3187 3694 3385 3750 facere.
3415 3695 3616 3763 Quam-

2029 3787 2217 3845 obrem
2261 3803 2368 3843 non
2400 3787 2714 3858 simpliciter
2742 3803 2885 3853 rem,
2918 3787 3014 3843 sed
3043 3788 3367 3844 voluntatem
3416 3790 3498 3843 vel
3531 3805 3620 3858 pu-

2029 3882 2108 3936 nit
2132 3881 2219 3938 vel
2243 3891 2485 3936 coronat.
2513 3879 2625 3935 Nisi
2658 3880 2802 3935 enim
2837 3895 2900 3936 ea
2934 3879 3278 3936 adhiberetur
3305 3881 3574 3936 accuratin
3598 3924 3615 3946 ,

2028 3973 2131 4030 hoc
2174 3973 2373 4028 multos
2418 3971 2487 4027 ad
2531 3972 2929 4042 eleemosynam
2972 3972 3294 4042 erogandam
3341 3974 3617 4042 segniores

2026 4065 2370 4130 reddidisset,
2399 4064 2521 4134 quia
2545 4063 2598 4118 id
2629 4078 2733 4118 non
2762 4063 2956 4134 ubique
2977 4063 3112 4118 clam
3138 4062 3251 4118 ﬁeri
3275 4073 3468 4133 potest.
3493 4063 3616 4117 Iden

2027 4158 2096 4214 ab
2127 4159 2226 4213 hac
2255 4169 2304 4212 te
2328 4156 2613 4212 absolvens
2648 4156 2991 4223 necessitate,
3023 4172 3129 4210 non
3161 4155 3250 4209 ﬁni
3273 4155 3484 4225 Operis,
3518 4158 3612 4210 sed

2024 4248 2286 4304 voluntati
2314 4247 2554 4302 facientis
2578 4286 2594 4312 ,
2622 4255 2678 4302 et
2706 4261 2917 4316 poenam
2945 4256 2998 4301 et
3019 4245 3322 4302 mercedem
3351 4246 3608 4300 decernit.

2024 4342 2103 4399 Ne
2123 4342 2269 4398 dicas
2293 4341 2456 4406 enim,
2481 4339 2617 4406 Quid
2645 4339 2866 4394 interest
2885 4354 3004 4394 mea
3025 4339 3070 4393 si
3093 4338 3228 4393 alius
3253 4337 3471 4393 videat?
3493 4338 3610 4393 Non

2025 4435 2128 4492 hoc
2153 4450 2355 4506 quaero,
2388 4431 2581 4503 inquit,
2610 4430 2705 4488 sed
2747 4440 2979 4487 mentem
3012 4442 3154 4486 tuam
3200 4440 3255 4485 et
3285 4429 3500 4485 modum
3530 4430 3611 4484 fa-

2023 4529 2228 4586 cienda:
2274 4527 2373 4584 rei.
2421 4526 2668 4582 Animam
2711 4525 2908 4598 quippe
2952 4525 3066 4580 vult
3109 4524 3432 4592 eﬂ'ormare,
3463 4535 3516 4580 et
3543 4526 3612 4580 ab

2023 4621 2172 4678 omni
2199 4620 2389 4675 morbo
2418 4619 2669 4673 liberare.
2711 4616 2995 4686 Postquam
3035 4616 3196 4686 igitur
3229 4617 3417 4684 edixit,
3450 4633 3516 4671 ne
3541 4618 3608 4670 ad

2023 4714 2437 4770 ostentationem
2469 4711 2596 4776 ﬁat,
2643 4717 2699 4764 et
2724 4709 2975 4764 damnum
3006 4707 3187 4763 docuit
3210 4723 3493 4779 emergens
3517 4750 3531 4773 ,
3563 4709 3608 4763 si

2023 4816 2227 4863 temere
2246 4814 2300 4860 et
2326 4803 2718 4860 inconsiderate
2739 4802 2849 4869 ﬁat,
2877 4815 3062 4856 rursus
3081 4801 3380 4856 auditorum
3402 4803 3610 4857 animos

2023 4901 2219 4972 erigit,
2259 4899 2473 4955 Patrem
2500 4910 2928 4954 commemorans
2959 4905 3120 4964 atque
3158 4895 3345 4949 etnlum
3365 4937 3381 4960 ,
3415 4910 3481 4948 ne
3510 4894 3608 4948 da-

2023 5006 2208 5049 mnum
2228 4990 2400 5046 solum
2424 4995 2690 5059 tangeret,
2704 4987 2796 5042 sed
2816 4987 2974 5042 etiam
2993 4985 3168 5040 Patris
3185 4985 3440 5040 memoria
3454 5000 3610 5038 coer-

2022 5095 2186 5145 ceret.
2218 5083 2341 5139 Non
2370 5083 2613 5138 habebitis
2633 5121 2648 5147 ,
2680 5080 2891 5148 inquit,
2923 5077 3201 5132 mercedem
3229 5075 3368 5146 apud
3398 5073 3608 5129 Patrem

2022 5189 2240 5234 vestrum
2269 5177 2355 5248 qui
2382 5176 2437 5230 in
2461 5174 2598 5230 caelis
2626 5180 2717 5228 est.
2742 5171 2926 5240 Neque
2952 5169 3037 5224 hic
3065 5168 3286 5239 gradum
3307 5168 3483 5234 sistit,
3513 5169 3608 5222 sed

2021 5271 2159 5326 ultra
2187 5267 2460 5339 procedit;
2484 5278 2837 5336 magnamque
2852 5263 2931 5318 eis
2952 5262 3110 5332 hujus
3135 5260 3247 5315 vitii
3272 5260 3606 5315 aversiouetu

2021 5360 2179 5417 indit.
2221 5356 2679 5427 Quemadmodum
2725 5354 2866 5410 enim
2904 5367 3063 5421 supra
3093 5350 3406 5421 publicanos
3433 5350 3608 5404 ethni-

2021 5468 2220 5523 cosque
2248 5450 2460 5522 posuit,
2510 5457 2570 5504 ut
2616 5446 2923 5502 conditione
2960 5456 3310 5513 personarum
3353 5440 3477 5495 illos
3515 5441 3604 5510 qui

2021 5545 2138 5601 hmc
2164 5545 2496 5599 imitarentur
2522 5539 2728 5611 pudore
2754 5537 2992 5592 afﬁceret
3019 5553 3032 5590 :
3062 5536 3130 5590 ita
3157 5534 3243 5588 hic
3272 5547 3483 5603 quoque
3511 5533 3608 5603 hy-

2020 5637 2254 5707 pocritas
2275 5642 2557 5690 memorat.
2585 5631 2639 5685 2.
2669 5629 2795 5684 Cum
2815 5627 2959 5698 facis,
2990 5625 3179 5696 inquit,
3205 5625 3573 5693 eleemosynam
3594 5665 3609 5682 ς

2019 5726 2125 5782 noli
2156 5726 2274 5780 tuba
2297 5739 2475 5778 canere
2503 5730 2620 5776 ante
2648 5729 2695 5774 te
2715 5761 2730 5784 ,
2777 5719 2904 5772 sicut
2945 5717 3222 5788 hypocrita:
3251 5715 3463 5785 faciunt.
3497 5714 3576 5767 llo

2021 5820 2185 5884 dicit.
2215 5835 2322 5894 non
2349 5816 2492 5884 quod
2520 5817 2596 5874 illi
2631 5814 2785 5871 tubas
2812 5812 3098 5881 haberent,
3128 5809 3222 5866 sed
3262 5818 3322 5864 ut
3348 5821 3543 5879 magna
