4050 6364
472 364 580 422 275

474 481 736 538 insaniam
757 477 1024 543 ostendat,
1047 474 1148 530 hac
1170 474 1480 544 metaphora
1505 473 1625 528 illos
1643 471 1851 528 deridet
1879 480 1933 526 et
1952 478 2062 526 tra-

472 576 656 638 ducit;
705 582 865 642 atque
889 570 1060 642 probe
1100 568 1627 640 hypocritas'vocat.
1661 565 1828 619 Larva
1868 565 2066 634 quippe

472 668 832 736 cleemosynte
875 672 1026 718 erat:
1059 676 1210 716 mens
1248 676 1376 716 vero
1404 659 1790 714 immanitatem
1827 656 2065 711 crudeli-

475 767 746 826 tatemque
788 755 1166 809 meditabatur.
1207 751 1324 807 Non
1366 752 1510 806 enim
1557 750 1610 804 id
1651 749 1880 820 agebant
1923 747 2067 819 quod

474 847 749 917 proximos
776 846 1181 907 miserarentur,
1210 842 1305 898 sed
1328 851 1385 896 ut
1411 842 1511 911 ipsi
1538 841 1705 912 gloria
1725 839 2028 894 fruerentur
2048 855 2066 892 :

475 938 618 1007 quod
659 949 916 993 extrema:
942 947 1060 992 erat
1083 934 1445 1001 crudelitatis,
1473 934 1580 988 alio
1607 933 1747 988 fame
1777 941 2031 1003 pereunte
2049 973 2066 999 ,

479 1030 737 1083 honorem
765 1038 982 1097 captare
1008 1069 1022 1088 .
1056 1042 1161 1080 non
1205 1025 1321 1095 ejus
1357 1025 1550 1094 inopiae
1583 1025 1886 1080 consulere.
1931 1023 2069 1078 Vera

477 1136 608 1190 ergo
635 1122 974 1191 eleemosyua
1004 1134 1108 1172 non
1131 1127 1210 1172 est
1242 1119 1417 1189 largiri
1445 1114 1671 1184 tantum,
1700 1117 1795 1173 sed
1827 1126 1884 1171 ut
1911 1131 2072 1186 opor-

483 1223 557 1268 tet
583 1214 733 1277 dare,
762 1221 814 1268 et
843 1222 1058 1283 prepter
1090 1211 1320 1279 inopiam
1346 1210 1498 1266 dare.

549 1309 605 1362 2.
652 1309 936 1362 Ostentatio
973 1323 1004 1360 a
1043 1305 1241 1361 Christo
1276 1304 1530 1376 prohibita
1556 1319 1576 1357 :
1616 1301 1935 1357 Humilitalis
1959 1304 2072 1374 fru-

479 1413 608 1456 ctus.
646 1400 805 1456 Vana:
832 1401 1010 1473 gloria:
1037 1399 1298 1454 damnum.
1322 1429 1393 1439 ——
1417 1399 1708 1469 Postquam
1749 1397 1908 1468 igitur
1943 1399 2074 1452 satis

485 1499 605 1554 illos
635 1499 868 1553 traduxit
893 1508 947 1552 et
986 1497 1218 1564 notavit,
1250 1503 1309 1550 ut
1337 1494 1632 1551 auditorem
1666 1492 1868 1564 pudore
1897 1492 2076 1547 allice-

481 1601 600 1655 ret,
640 1593 753 1661 jam
790 1590 1011 1659 corrigit
1052 1597 1286 1644 mentem
1327 1587 1430 1642 hoc
1467 1587 1656 1642 morbo
1697 1586 2072 1641 laborantem:

485 1699 713 1752 eumque
742 1682 1064 1736 ostendisset
1098 1679 1371 1750 quomodo
1401 1695 1506 1733 non
1535 1677 1652 1732 fieri
1680 1677 1922 1742 deberet,
1951 1692 2075 1730 rur-

485 1791 577 1832 sus
613 1775 886 1845 quomodo
927 1774 1039 1828 ﬁeri
1081 1773 1276 1828 debeat
1303 1770 1560 1826 ostendit.
1598 1769 1878 1837 Quomodo
1919 1768 2078 1837 igitur

488 1869 602 1923 ﬁeri
630 1867 829 1922 debet?
857 1868 910 1923 5.
941 1866 1150 1921 Nesciat
1173 1865 1381 1921 sinistra
1423 1876 1512 1919 tua
1551 1864 1675 1934 quid
1718 1864 1843 1934 facit
1873 1863 2080 1916 dextera

489 1969 595 2013 tua.
621 1959 830 2014 Rursus
861 1959 945 2014 hic
975 1974 1082 2014 non
1109 1973 1300 2013 manus
1327 1955 1665 2019 subindicat;
1697 1954 1792 2011 sed
1813 1955 2082 2026 hyperbo-

485 2053 589 2107 lice
619 2051 671 2107 id
703 2053 901 2122 posuit.
932 2050 1067 2106 Nam
1101 2053 1145 2107 si
1176 2050 1292 2106 ﬁeri
1322 2056 1533 2121 posset,
1562 2049 1732 2118 inquit
1755 2089 1770 2112 ,
1801 2056 1859 2102 ut
1887 2058 1939 2101 tu
1969 2048 2082 2115 ipse

489 2145 765 2214 ignorares
786 2187 800 2207 ,
833 2143 963 2198 illttd
991 2141 1150 2198 etiam
1179 2143 1475 2198 curandum
1503 2150 1665 2205 esset,
1693 2141 1854 2196 etiam
1883 2140 1926 2194 si
1957 2155 2081 2209 pos-

488 2247 574 2292 sct
601 2239 713 2292 ﬁeri
746 2238 890 2307 ipsas
917 2252 1106 2291 manus
1128 2235 1490 2290 ministrantes
1513 2234 1683 2288 latere
1703 2232 1943 2288 deberet.
1967 2231 2082 2285 Non

495 2339 554 2383 ut
595 2330 811 2399 quidam
857 2329 1042 2383 dicunt
1066 2369 1080 2392 ,
1112 2327 1164 2381 id
1198 2327 1376 2396 pravis
1421 2324 1797 2380 occultandam
1834 2333 2085 2393 oportere

494 2422 832 2475 hominibus:
864 2420 1071 2474 cunctis
1094 2419 1239 2474 enim
1260 2418 1422 2488 jussit
1448 2416 1724 2472 abscondi.
1752 2415 1953 2472 Deinde
1993 2430 2086 2469 co-

489 2515 597 2584 gita
636 2524 831 2584 quanta
877 2513 947 2566 sit
975 2527 1204 2566 merces.
1248 2511 1539 2580 Postquam
1582 2509 1726 2562 enim
1766 2506 2084 2580 supplicium

489 2609 757 2674 edixerat,
789 2606 1021 2663 ostendit
1039 2605 1165 2662 hinc
1191 2602 1585 2674 decernendum
1609 2603 1890 2667 honorem,
1916 2603 2089 2656 utrin-

489 2719 601 2773 que
645 2717 739 2757 eos
764 2701 1045 2771 impellens
1080 2710 1139 2754 et
1171 2699 1237 2754 ad
1259 2699 1543 2754 sublimem
1569 2712 1732 2768 agens
1761 2695 2083 2751 doctrinam.

495 2797 664 2850 Docet
683 2795 882 2865 quippe
909 2803 966 2847 ttt
992 2794 1160 2848 sciant
1184 2793 1382 2862 ubique
1405 2792 1571 2846 Deum
1596 2805 1717 2845 esse
1747 2797 2087 2858 prtesentem,

496 2903 690 2958 resque
721 2895 932 2941 nostras
959 2901 1064 2941 non
1091 2900 1214 2941 esse
1241 2884 1523 2954 praesentis
1551 2882 1675 2938 vita:
1706 2882 1962 2938 limitibus
1985 2882 2092 2936 cir-

490 2979 870 3047 tcutuscriptas,
902 2978 995 3031 sed
1024 2975 1313 3030 terribilius
1335 2973 1458 3028 hinc
1485 2987 1584 3028 nos
1602 2980 1948 3042 excepturum
1971 2984 2090 3026 esse

501 3070 756 3132 tribunal,
778 3079 831 3123 et
853 3069 1086 3124 rationes
1112 3065 1412 3122 reddendas
1440 3064 1554 3121 fore
1574 3075 1788 3119 actuum
1813 3063 2088 3128 omnium;

495 3161 729 3230 hincque
761 3159 839 3214 vel
861 3158 1097 3214 honores
1122 3158 1206 3212 vel
1227 3155 1505 3226 supplicia,
1536 3169 1601 3210 ac
1621 3169 1720 3208 nec
1744 3169 1964 3224 parvum
1993 3167 2094 3209 nec

496 3271 748 3325 maguum
776 3268 910 3322 opus
943 3253 1110 3306 latere
1145 3265 1303 3321 posse
1323 3291 1337 3314 ,
1370 3251 1497 3305 licet
1535 3247 1779 3303 homines
1807 3248 1973 3302 latere
2003 3247 2057 3300 vi
2077 3277 2092 3290 -

496 3350 708 3404 deatur.
750 3347 872 3400 Ilazc
919 3345 1118 3416 quippe
1144 3343 1322 3398 omnia
1369 3341 1726 3396 subindieavit
1762 3339 1985 3394 dicens:
2033 3338 2089 3394 4.

502 3439 662 3493 Pater
689 3449 837 3503 tuus,
865 3438 952 3508 qui
978 3436 1111 3490 videt
1141 3437 1194 3488 in
1223 3434 1516 3489 abscondito
1539 3473 1555 3499 ,
1587 3432 1763 3486 reddet
1789 3431 1878 3485 tibi
1905 3432 1959 3485 in
1985 3447 2094 3484 ma-

500 3534 685 3604 nifesto
706 3547 725 3586 τ
753 3544 1002 3599 magnum
1030 3538 1085 3583 et
1110 3525 1424 3582 honorabile
1455 3525 1724 3580 theatrum
1764 3525 1862 3593 ipsi
1889 3523 2093 3578 consti-

501 3634 660 3678 tuens
682 3665 700 3689 ,
728 3624 814 3676 ubi
843 3622 893 3675 id
922 3620 1063 3691 quod
1086 3619 1418 3690 concupiscit
1437 3659 1452 3683 ,
1479 3619 1528 3674 ei
1550 3617 1762 3673 abunde
1805 3616 2094 3672 admodum

499 3714 732 3768 dabitur.
781 3713 918 3779 Quid
966 3711 1086 3765 vis?
1129 3711 1366 3780 inquiet:
1414 3726 1594 3766 annon
1641 3711 1851 3780 aliquos
1894 3709 2094 3765 habere

497 3818 777 3876 gestorum
825 3804 1196 3874 Spectatores?
1224 3804 1365 3859 Ecce
1389 3802 1554 3858 habes
1581 3844 1596 3868 ,
1639 3819 1745 3858 non
1789 3804 2011 3873 angelos
2041 3810 2096 3858 ct

499 3897 851 3966 archaugclos
894 3905 1140 3962 tantum,
1180 3896 1274 3950 sed
1317 3905 1373 3950 et
1414 3896 1782 3950 universorum
1815 3894 1979 3950 Deum
2007 3912 2020 3948 :
2047 3895 2095 3951 si

498 3992 664 4046 etiam
706 3989 954 4044 homines
1003 3987 1199 4042 habere
1241 3995 1570 4057 spectatores
1613 3987 1983 4056 concupiscis,
2025 4002 2095 4042 ne

503 4082 607 4138 hoc
631 4081 846 4152 quidem
891 4079 1216 4135 desiderium
1253 4078 1424 4133 fructu
1465 4093 1690 4134 vacuum
1721 4080 1824 4133 erit
1850 4089 2095 4148 tempore

497 4186 842 4248 opportuno;
876 4175 984 4229 imo
1015 4171 1066 4228 id
1094 4173 1186 4228 tibi
1213 4187 1336 4227 (mm
1364 4171 1553 4240 majori
1581 4171 1798 4226 cumulo
1827 4170 2095 4240 prmstztbi-

499 4279 611 4324 tur.
643 4267 793 4323 Nunc
831 4266 974 4321 enim
1002 4265 1046 4320 si
1092 4275 1143 4319 te
1189 4263 1545 4319 ostentam-ris
1568 4306 1583 4328 ,
1613 4262 1753 4332 apud
1791 4261 1978 4318 decem
2007 4262 2092 4318 vel

500 4360 713 4431 viginti,
737 4359 820 4415 vel
851 4367 1064 4414 centum
1090 4355 1337 4411 homines
1367 4364 1573 4409 tantum
1602 4362 1875 4409 ostentare
1907 4363 1959 4409 te
1991 4368 2090 4424 po-

499 4451 668 4515 teris;
697 4449 779 4504 sin
811 4447 1028 4503 studeas
1058 4461 1199 4501 nunc
1225 4447 1412 4510 latere,
1432 4453 1558 4499 tunc
1587 4455 1640 4500 te
1660 4444 1776 4514 ipse
1798 4444 1940 4498 Deus
1963 4457 2094 4514 prte-

497 4542 722 4604 dicabit,
749 4549 860 4596 toto
889 4548 1152 4609 praesente
1177 4538 1325 4604 orbe.
1353 4537 1535 4606 Itaque
1575 4535 1619 4591 si
1651 4544 1930 4606 tantopere
1959 4537 2092 4591 velis

495 4633 751 4706 homines
779 4639 927 4700 gesta
953 4639 1040 4685 tua
1063 4628 1268 4695 videre,
1297 4627 1568 4683 absconde
1588 4641 1731 4681 nunc
1756 4627 1865 4694 illa,
1887 4635 2089 4682 utcum

501 4724 694 4794 majori
727 4723 932 4777 honore
958 4730 1052 4776 ttto
1081 4720 1169 4776 illa
1197 4733 1385 4774 omnes
1413 4728 1541 4772 tunc
1567 4717 1805 4782 videant,
1832 4717 1942 4771 Deo
1977 4717 2089 4787 ipsa

488 4814 783 4872 'manifesta
815 4813 1093 4875 reddente,
1125 4812 1420 4866 extollente
1442 4851 1456 4875 ,
1485 4820 1542 4865 et
1570 4809 1710 4880 apud
1739 4825 1928 4864 omnes
1955 4825 2091 4878 prce-

496 4909 737 4964 dicaute.
767 4905 918 4960 Nunc
949 4917 1126 4959 autent
1161 4913 1212 4958 te
1255 4905 1345 4972 qui
1382 4901 1615 4956 viderint
1639 4901 2001 4966 damnabunt,
2035 4911 2093 4957 ut

500 5015 652 5056 vana:
675 4998 863 5070 gloriae
887 4997 1135 5067 cupidum
1159 5012 1175 5054 :
1198 5009 1319 5049 cum
1343 5009 1502 5063 porro
1525 5003 1576 5048 te
1601 5001 1916 5048 coronatum
1942 4991 2091 5047 vide-

494 5092 654 5160 bunt,
681 5106 789 5145 non
813 5088 972 5144 modo
998 5102 1104 5142 non
1129 5085 1479 5150 damnabunt,
1508 5083 1602 5140 sed
1625 5085 1786 5139 etiam
1815 5083 2090 5138 mirabun-

494 5196 587 5241 tur
611 5199 822 5241 omnes.
853 5183 989 5237 Cum
1018 5181 1198 5250 itaque
1225 5189 1281 5234 et
1310 5191 1518 5233 merces
1561 5187 1744 5248 parata
1771 5177 1841 5232 sit
1865 5218 1880 5242 ,
1911 5185 1966 5232 et
1991 5177 2088 5231 ad-

492 5277 766 5334 mirationi
804 5275 1012 5330 futurus
1037 5273 1134 5338 sis,
1164 5273 1210 5326 si
1244 5271 1458 5342 paulum
1505 5268 1764 5340 temporis
1784 5278 2086 5338 exspectes,

494 5371 669 5442 cogita
690 5375 902 5440 quanta;
921 5365 1160 5420 stultitia:
1176 5372 1320 5419 esset
1340 5372 1624 5432 utrumque
1644 5363 1804 5416 simut
1819 5362 2086 5424 amittere,

493 5462 622 5518 dum
651 5474 704 5516 et
730 5475 760 5514 a
782 5458 896 5515 Deo
917 5471 1124 5513 merces
1141 5456 1362 5528 petitur,
1385 5465 1440 5510 et
1465 5455 1577 5509 Deo
1601 5453 1814 5508 vidente
1841 5451 2089 5506 homines

499 5561 791 5609 evocantur
827 5559 1102 5621 gestorum
1145 5556 1495 5618 spectatores.
1526 5545 1582 5601 Si
1609 5545 1750 5599 enim
1781 5559 1878 5598 nos
1903 5552 2088 5598 osten-

499 5653 616 5700 tare
643 5643 912 5709 volumus,
944 5640 1090 5696 Patri
1112 5648 1236 5695 ante
1261 5639 1438 5693 omnia
1469 5653 1589 5693 sese
1615 5637 1902 5692 ostendere
1929 5649 2091 5704 Opor-

497 5742 575 5790 tet
600 5751 616 5800 ;
654 5735 885 5788 maxime
911 5748 1042 5789 vero
1069 5747 1192 5787 cum
1220 5739 1276 5787 et
1304 5729 1597 5786 coronandi
1638 5736 1694 5783 et
1720 5727 1972 5797 puniendi
1991 5725 2089 5780 do-

493 5824 678 5880 minus
702 5825 770 5881 sit
792 5824 970 5882 Pater.
989 5824 1147 5882 Certe
1172 5823 1382 5882 etiamsi
1404 5823 1607 5886 nullum
1633 5821 1758 5878 hinc
1775 5826 2091 5892 sequeretur

1216 357 1274 415 S.
1319 355 1598 414 JOANNIS
1634 347 2138 410 CHRYSOSTOMI.

2171 350 2494 409 ARCHIEP.
2534 352 3076 412 CONSTANTINOP.
3653 359 3754 417 276

2178 471 2436 528 damnum
2457 514 2472 539 ,
2495 487 2602 526 non
2623 481 2899 543 oporteret
2918 473 3103 543 gloriae
3125 475 3379 546 cupidum
3405 517 3421 542 ,
3449 476 3551 532 hoc
3578 478 3762 534 relicto

2173 563 2384 619 theatro
2409 565 2684 619 hominum
2715 573 2968 635 expetere
3007 566 3298 621 theatrum.
3347 567 3479 636 Quis
3519 570 3661 624 enim
3692 571 3762 627 ita

2172 657 2338 711 miser
2365 667 2530 720 esset,
2560 668 2618 711 ιιι
2643 673 2769 727 rege
2795 658 3081 713 festinante
3097 657 3164 712 ad
3186 667 3331 713 recte
3357 657 3620 713 factorum
3649 660 3764 730 ejus

2173 749 2538 820 spectaculum
2587 747 2863 816 accedere,
2896 747 2986 804 illo
3028 747 3236 816 relicto,
3266 764 3559 820 pauperum
3608 759 3766 821 atque

2175 841 2542 898 mendicorum
2593 843 2696 898 sibi
2743 843 3108 913 spectaculum
3149 845 3448 899 statueret?
3489 841 3613 898 Ideo
3659 859 3765 898 non

2175 938 2338 993 modo
2364 938 2605 1008 praecipit
2633 946 2691 992 ιιι
2733 952 2833 993 nos
2863 953 2966 992 non
2993 947 3327 993 ostentemus
3345 979 3360 1002 ,
3403 937 3498 992 sed
3523 938 3683 992 etiam
3711 950 3769 992 ut

2177 1030 2346 1085 latere
2386 1030 2718 1085 studeamus.
2754 1030 2870 1084 Non
2901 1033 3044 1086 enim
3075 1032 3279 1102 aequale
3307 1041 3422 1100 est,
3462 1046 3570 1086 non
3592 1046 3654 1087 se
3675 1047 3766 1086 os-

2179 1124 2417 1179 tentandi
2444 1124 2676 1178 stttdittm
2709 1124 2908 1180 habere
2933 1167 2947 1190 ,
2975 1134 3032 1179 et
3060 1126 3291 1180 latebras
3328 1143 3590 1195 quaerere.
3618 1128 3671 1182 5.
3706 1125 3770 1183 Et

2179 1232 2294 1270 cum
2328 1217 2486 1270 oratis
2510 1257 2523 1281 ,
2556 1217 2713 1270 nolite
2745 1217 2857 1284 ﬁeri
2903 1218 3032 1270 sicut
3059 1219 3337 1288 hypocrita?
3359 1260 3374 1285 ,
3407 1219 3495 1288 qui
3524 1230 3698 1273 amant
3719 1221 3770 1274 in

2179 1309 2453 1379 synagogis
2493 1318 2540 1362 et
2563 1309 2617 1362 in
2645 1309 2848 1378 angulis
2887 1309 3171 1379 platearum
3193 1320 3381 1365 stantes
3404 1328 3552 1366 orare
3573 1353 3588 1376 ,
3620 1325 3676 1364 ut
3701 1314 3773 1366 vi-

2181 1399 2396 1454 deantur
2419 1399 2482 1453 ab
2508 1400 2812 1455 hominibus.
2836 1401 2995 1455 Amen
3014 1401 3126 1456 dico
3149 1403 3305 1466 vobis,
3325 1415 3619 1472 receperunt
3646 1422 3775 1458 mer-

2181 1492 2352 1545 cedem
2379 1508 2545 1546 suam.
2577 1493 2632 1547 6.
2663 1490 2740 1546 Tu
2769 1503 2935 1547 autem
2975 1509 3091 1548 cum
3116 1495 3338 1550 oraveris
3355 1535 3372 1562 ,
3404 1496 3540 1549 intra
3567 1497 3620 1550 in
3644 1496 3775 1549 cubi-

2183 1585 2355 1640 culum
2386 1595 2528 1640 tuum
2554 1628 2568 1650 ,
2601 1596 2649 1640 et
2673 1587 2850 1640 clauso
2880 1589 3033 1652 ostio,
3062 1604 3155 1643 ora
3176 1585 3386 1642 Patrem
3421 1599 3564 1643 tuum
3587 1592 3674 1656 qui
3703 1601 3774 1644 est

2181 1681 2237 1734 in
2261 1680 2578 1736 abscondito.
2619 1681 2848 1738 Rursum
2881 1683 2978 1737 Itos
3010 1682 3314 1754 hypocritas
3344 1696 3537 1752 vocat,
3580 1695 3633 1740 et
3657 1686 3776 1757 jure

2184 1770 2399 1842 quidem
2428 1787 2443 1824 :
2467 1773 2587 1841 quia
2613 1786 2737 1826 cum
2769 1789 2828 1827 se
2851 1773 3017 1828 Deum
3043 1789 3199 1830 orare
3229 1776 3503 1844 simulant,
3536 1778 3777 1834 homines

2185 1863 2642 1933 circumspiciunt,
2677 1879 2780 1919 non
2810 1865 3111 1936 supplicum
3138 1879 3288 1922 veste
3307 1869 3498 1936 indttti,
3530 1870 3623 1924 sed
3653 1870 3779 1924 ridi-

2185 1956 2432 2012 culorum
2477 1956 2776 2014 hominum.
2819 1961 2919 2026 ριιί
2965 1961 3107 2016 enim
3151 1962 3216 2016 ad
3263 1965 3673 2034 supplicandum
3722 1985 3779 2022 se

2187 2059 2454 2120 prtcparat
2475 2093 2490 2116 ,
2518 2051 2769 2107 omnibus
2788 2052 3013 2120 relictis,
3047 2055 3192 2109 illum
3223 2056 3456 2112 intuetur
3482 2075 3670 2125 unum,
3692 2063 3778 2130 qui

2190 2152 2368 2214 potest
2390 2145 2654 2215 postulata
2685 2146 2834 2201 dare.
2864 2146 3018 2215 Quod
3047 2148 3091 2202 si
3123 2149 3216 2202 illo
3244 2149 3451 2215 relicto,
3483 2151 3780 2207 circumcas

2193 2251 2381 2290 errans
2403 2277 2420 2302 ,
2450 2245 2507 2292 et
2534 2235 2769 2306 undique
2813 2239 3250 2311 circumspiciens
3271 2282 3287 2307 ,
3328 2242 3509 2297 vacuis
3535 2245 3781 2300 manibus

2188 2329 2468 2386 abscedes.
2501 2330 2613 2385 lloc
2634 2334 2781 2390 enim
2819 2341 2876 2388 tu
2912 2333 3146 2390 voluisti.
3174 2335 3298 2392 Ideo
3330 2350 3436 2390 non
3467 2335 3618 2403 dixit,
3649 2336 3777 2390 tales

2193 2419 2440 2480 homines
2475 2424 2772 2480 mercedem
2806 2441 2911 2482 non
2954 2439 3270 2498 accepturos
3306 2444 3428 2485 esse
3449 2472 3463 2494 ,
3488 2429 3585 2485 sed
3633 2445 3783 2486 rece-

2193 2526 2370 2595 pisse;
2395 2525 2447 2580 id
2468 2533 2552 2580 est
2573 2567 2588 2590 ,
2619 2526 2878 2595 recipient
2901 2527 3116 2596 quidem
3138 2568 3152 2593 ,
3181 2529 3276 2583 sed
3302 2543 3334 2583 a
3357 2529 3548 2599 quibus
3573 2529 3783 2585 deside-

2193 2627 2335 2671 rant.
2373 2615 2490 2672 Non
2517 2618 2660 2673 enim
2695 2617 2796 2672 hoc
2831 2619 2974 2675 Deus
3009 2620 3244 2684 volebat.
3271 2620 3368 2677 sed
3392 2623 3642 2692 cupiebat
3675 2624 3784 2692 ipse

2193 2726 2348 2766 suam
2371 2711 2613 2782 praebere
2640 2712 2964 2768 mercedem.
2997 2713 3075 2768 llli
3106 2730 3236 2770 vero
3262 2715 3564 2771 mercedem
3599 2716 3670 2771 ab
3693 2716 3786 2770 ho-

2197 2804 2433 2860 minibus
2462 2817 2770 2875 quaerentes
2791 2845 2808 2870 ,
2836 2821 2944 2860 non
2975 2805 3044 2860 ab
3082 2806 3176 2862 illo
3204 2817 3476 2863 merentur
3500 2810 3747 2879 accipere
3769 2853 3786 2876 ,

2197 2908 2420 2970 propter
2449 2914 2606 2969 quem
2629 2899 2762 2953 nihil
2789 2899 3050 2956 fecerunt.
3067 2900 3147 2956 Tu
3173 2918 3300 2957 vero
3319 2902 3451 2957 mihi
3478 2903 3786 2961 consideres

2197 2993 2354 3048 velim
2383 2992 2478 3049 Dei
2519 2993 2900 3065 benignitatem
2922 3037 2937 3063 ,
2969 3000 3227 3066 quoniam
3252 3001 3317 3054 de
3343 2997 3534 3066 quibus
3564 3014 3596 3052 a
3639 2998 3789 3054 nobis

2199 3093 2416 3156 rogatur
2441 3085 2596 3142 bonis
2620 3128 2636 3154 ,
2665 3085 2969 3142 mercedem
2996 3101 3055 3142 se
3083 3087 3330 3142 daturum
3372 3089 3676 3159 pollicetur.
3704 3089 3788 3144 Vi-

2200 3186 2453 3247 tuperans
2497 3177 2660 3248 igitur
2696 3178 2855 3244 illos,
2897 3179 2987 3250 qui
3030 3195 3136 3233 non
3183 3188 3240 3234 ut
3282 3179 3438 3236 decet
3481 3179 3584 3236 hoc
3614 3180 3790 3236 ofﬁcio

2199 3281 2441 3336 utuntur,
2471 3283 2584 3329 tum
2610 3288 2640 3328 a
2671 3271 2808 3341 loco,
2836 3284 2946 3329 tum
2976 3273 3044 3329 ab
3073 3273 3286 3341 aﬂ‘ectu,
3315 3291 3437 3331 eum
3466 3274 3791 3332 ostendisset

2200 3366 2319 3422 illos
2347 3366 2634 3422 admodum
2662 3366 2916 3423 ridiculos
2943 3382 3084 3432 esse,
3106 3369 3364 3440 optimum
3393 3370 3657 3426 orationis
3685 3385 3790 3425 mo-

2199 3458 2325 3515 dum
2366 3459 2605 3525 inducit,
2638 3469 2695 3516 et
2736 3476 2924 3516 rursus
2970 3460 3275 3517 mercedem
3305 3461 3530 3529 tribuit,
3553 3461 3742 3519 dicens
3775 3481 3788 3516 ;

2199 3551 2349 3608 Intra
2374 3555 2429 3609 in
2457 3553 2744 3608 cubiculum
2770 3565 2934 3607 tuum.

2269 3649 2324 3703 5.
2353 3648 2532 3717 Qualis
2551 3650 2836 3720 requiratur
2854 3649 2905 3703 in
2927 3648 3154 3703 oratione
3173 3647 3452 3704 humilitas.
3479 3649 3662 3704 Oratio
3682 3665 3791 3703 cum

2199 3741 2471 3796 voluntatis
2500 3740 2669 3795 studio
2698 3741 2991 3794 emittenda.
3024 3739 3294 3795 Precantis
3322 3757 3424 3794 non
3453 3757 3550 3795 vox
3575 3741 3793 3813 requiri-

2200 3846 2302 3889 tur.
2331 3865 2403 3876 —
2421 3831 2560 3903 Quid
2589 3832 2768 3906 igitur,
2801 3834 2993 3905 inquit,
3021 3835 3074 3889 in
3105 3834 3331 3890 ecclesia
3359 3850 3464 3890 non
3497 3833 3793 3889 orandum?

2198 3928 2339 3984 Sane
2364 3927 2577 3999 quidem
2617 3925 2876 3984 orandum
2896 3969 2912 3994 ,
2943 3926 3038 3983 sed
3067 3942 3189 3984 cum
3219 3927 3486 3984 voluntate
3518 3928 3630 3983 tali.
3664 3929 3792 3982 Nam

2201 4025 2343 4080 Deus
2365 4022 2561 4094 ubique
2580 4037 2704 4079 cum
2734 4023 2823 4088 sit,
2848 4033 3120 4093 gestorum
3147 4037 3367 4094 scopum
3390 4023 3635 4094 requirit.
3661 4022 3793 4077 Alio-

2199 4117 2326 4186 quin
2356 4115 2402 4170 si
2431 4115 2485 4170 in
2512 4113 2816 4170 cubiculum
2853 4115 3125 4184 ingressus
3154 4113 3228 4170 sis
3250 4155 3264 4180 ,
3293 4115 3622 4184 januamque
3646 4113 3793 4169 clau-

2198 4208 2331 4276 das,
2361 4207 2520 4278 idque
2554 4207 2621 4262 ad
2651 4205 3060 4263 ostentationem
3103 4207 3296 4273 facias,
3329 4207 3458 4262 nihil
3491 4208 3582 4262 tibi
3617 4207 3794 4276 januis

2201 4315 2336 4370 opus
2364 4309 2467 4355 est.
2499 4296 2632 4354 Vide
2659 4297 2819 4369 igitur
2857 4307 2912 4354 et
2947 4299 3034 4354 hic
3070 4313 3230 4369 quam
3259 4308 3563 4354 accuratam
3597 4297 3792 4355 distin-

2197 4393 2430 4449 ctionem
2458 4391 2699 4463 posuerit
2722 4389 2928 4457 dicens,
2957 4388 3028 4445 Ut
3049 4399 3330 4462 appareant
3354 4389 3662 4445 hominibus.
3692 4389 3794 4444 Ita-

2197 4503 2305 4559 que
2350 4486 2559 4543 etiamsi
2595 4486 2787 4556 januas
2825 4484 3119 4550 elauseris,
3163 4483 3215 4539 id
3261 4493 3312 4538 te
3352 4483 3467 4538 vult
3505 4493 3792 4554 antequam

2198 4580 2418 4636 claudas
2448 4588 2593 4635 recte
2619 4576 2794 4634 facere
2815 4618 2832 4644 ,
2863 4593 3056 4648 nempe
3082 4587 3138 4632 ut
3163 4577 3324 4633 etiam
3353 4579 3548 4634 mentis
3576 4587 3684 4632 tua:
3709 4577 3792 4648 ja-

2201 4689 2333 4730 uuas
2361 4672 2597 4728 claudas.
2628 4669 2762 4726 Nam
2792 4685 2926 4725 vana
2966 4669 3133 4740 gloria
3175 4685 3388 4740 semper
3415 4685 3643 4725 vacuum
3671 4685 3794 4725 esse

2195 4767 2456 4836 optimum
2482 4774 2599 4830 est;
2627 4761 2861 4819 maxime
2885 4778 3016 4819 vero
3043 4763 3096 4817 in
3123 4763 3385 4818 oratione.
3413 4759 3473 4818 Si
3496 4765 3643 4818 enim
3674 4764 3795 4818 abs-

2195 4874 2301 4929 que
2339 4857 2441 4912 hoe
2476 4857 2607 4911 vitio
2646 4864 2828 4912 mente
2865 4870 3140 4920 erramus,
3172 4864 3227 4910 et
3253 4854 3719 4922 circumferimur;
3748 4855 3792 4908 si

2195 4966 2319 5006 cum
2347 4950 2447 5004 hoc
2477 4951 2665 5004 morbo
2693 4947 3074 5019 ingrediamur,
3103 4945 3442 5018 quandonam
3473 4962 3535 5001 ea
3561 4962 3684 5016 qua:
3708 4945 3789 5000 di-

2194 5043 2368 5097 cimus
2407 5039 2728 5097 audiemus?
2763 5041 2846 5096 sin
2891 5055 2989 5096 nos
3027 5040 3118 5110 qui
3156 5039 3517 5109 supplicamus
3545 5049 3600 5093 et
3630 5038 3790 5094 obse-

2192 5152 2409 5193 cramus
2428 5177 2445 5203 ,
2475 5152 2580 5190 non
2607 5135 2854 5191 audimus
2874 5177 2890 5201 ,
2916 5132 3185 5205 quomodo
3212 5134 3375 5188 Deum
3409 5141 3465 5187 ut
3489 5131 3674 5187 audiat
3699 5147 3789 5187 ro-

2194 5230 2420 5302 gamus?
2445 5228 2694 5285 Attamen
2725 5229 2939 5300 qttidam
2979 5236 3102 5282 sunt
3134 5226 3225 5298 qui
3264 5235 3386 5296 post
3427 5234 3505 5280 tot
3538 5234 3778 5296 tantaque

2196 5335 2460 5393 praecepta
2487 5327 2561 5382 ita
2589 5321 2812 5392 turpiter
2831 5321 2886 5376 in
2907 5319 3150 5377 oratione
3175 5335 3235 5375 se
3259 5328 3470 5391 gerunt,
3499 5329 3556 5374 ut
3577 5318 3772 5375 etiams‘

2195 5428 2423 5483 corpore
2451 5413 2645 5471 occulti
2671 5413 2817 5482 sint,
2849 5427 2982 5468 voce
3018 5411 3267 5467 omnibus
3295 5426 3356 5467 se
3389 5410 3583 5466 faciant
3612 5413 3782 5464 mani-

2197 5503 2359 5561 festos
2378 5548 2391 5570 ,
2420 5506 2721 5563 scurriliter
2747 5505 3040 5560 clamantes
3063 5546 3080 5572 ,
3108 5513 3162 5559 et
3191 5503 3374 5559 habitu
3405 5517 3641 5574 voceque
3671 5516 3790 5558 sese

2195 5597 2451 5653 ridiculos
2491 5597 2825 5654 exhibentes.
2862 5601 3058 5653 Annon
3097 5597 3247 5652 vides
3279 5597 3442 5654 etiam
3473 5597 3526 5651 in
3555 5596 3676 5650 foro
3697 5637 3713 5660 ,
3745 5594 3788 5648 si

2194 5698 2316 5768 quis
2345 5691 2414 5744 ita
2444 5705 2503 5746 se
2532 5700 2703 5761 gerat,
2732 5701 2928 5746 etcum
2954 5691 3189 5747 clamore
3212 5690 3494 5760 supplicet,
3518 5684 3790 5759 quomodo

2199 5792 2344 5848 illum
2366 5799 2526 5846 etiam
2555 5803 2715 5860 quem
2753 5796 2904 5858 rogat
2932 5792 3179 5842 atuoveat
3203 5801 3217 5854 ;
3247 5783 3294 5840 si
3322 5791 3501 5839 autem
3525 5779 3706 5853 quiete
3733 5788 3788 5836 et
