4050 6364
286 317 392 377 9.75

284 439 434 508 ἔστη,
463 437 600 491 ἀλλά
625 440 722 492 καὶ
743 443 1052 514 περαιτέρω
1069 444 1306 512 πρόεισι,
1332 445 1426 498 καί
1444 447 1510 499 δι’
1532 447 1740 518 ἐτέρων
1761 447 1885 501 πολ-

282 520 380 592 λὴν
397 522 499 592 τὴν
519 523 840 595 ἀποτροπὴν
859 526 1246 597 ἐργαζόμενος.
1269 530 1481 600 Ὥσπερ
1499 531 1608 600 γάρ
1624 531 1885 601 ἀνωτέρω

286 605 522 668 τελώνας
547 608 641 659 καὶ
671 607 919 672 ἐθνικοὺς
949 611 1185 675 τέθεικε,
1217 614 1284 683 τῇ
1319 614 1568 684 ποιότητι
1597 613 1691 668 τοῦ
1717 631 1886 685 προσ-

281 689 432 742 ώπου
456 692 840 762 καταισχύνων
855 695 981 757 τοὺς
1001 697 1392 766 μιμουμένους·
1418 697 1561 751 οὕτω
1582 699 1677 752 καὶ
1701 698 1886 752 ἐνταῦ-

280 771 350 827 θα
377 773 506 836 τοὺς
544 775 868 846 ὑποκριτάς.
905 777 1094 832 Ὅταν
1118 775 1234 834 οὖν
1262 779 1462 848 ποιῇς,
1499 782 1684 851 φησὶν,
1713 781 1886 848 ἐλεη-

277 859 582 928 μοσύνην.
607 859 691 927 μὴ
721 862 1041 930 σαλπίσῃς
1068 864 1414 932 ἔμπροσθέν
1434 881 1574 931 σου,
1593 863 1802 934 ὥσπερ
1829 869 1884 920 οι

277 944 624 1010 ὑποκριταί.
666 946 776 1014 Ούχ
803 947 885 999 ὅτι
917 947 1225 1015 σάλπιγγας
1261 943 1408 1017 εἶχον
1430 949 1629 1001 ἐκεῖνοι
1650 949 1718 1010 ⁸³,
1745 947 1885 1002 ἀλλά

283 1025 378 1096 τὴν
407 1027 615 1098 πολλὴν
650 1029 829 1080 αὐτῶν
861 1031 1126 1095 ἐπιδεῖξαι
1161 1031 1410 1101 βούλεται
1454 1033 1651 1103 μανίαν
1683 1036 1751 1105 τῇ
1794 1034 1882 1086 λέ-

275 1109 360 1174 ξει
390 1111 492 1181 τῆς
517 1114 831 1180 μεταφορᾶς
854 1115 1080 1186 ταύτης,
1109 1115 1386 1186 κωμῳδῶν
1409 1116 1581 1188 ταύτῃ
1606 1119 1654 1149 ⁵⁸
1675 1119 1769 1170 καὶ
1794 1120 1885 1170 ἐκ-

282 1195 586 1263 πομπεύων
630 1195 848 1260 αὐτούς.
892 1198 1003 1250 Καὶ
1048 1199 1226 1262 καλῶς
1276 1200 1581 1272 ὑποκριτὰς
1617 1197 1762 1255 εἷπε.
1809 1203 1885 1254 Τὸ

284 1280 382 1346 μὲν
406 1279 520 1350 γὰρ
560 1284 923 1350 προσωπεῖον,
956 1281 1331 1354 ἐλεημοσύνης
1360 1281 1449 1356 ἦν’
1493 1287 1526 1356 ή
1565 1285 1623 1338 δέ
1651 1286 1880 1348 διάνοια,

277 1365 566 1434 ὠμότητος
594 1367 685 1419 καί
713 1367 1131 1440 ἀπανθρωπίας.
1159 1369 1233 1420 Ού
1257 1370 1364 1439 γάρ
1401 1369 1488 1422 διὰ
1509 1371 1636 1433 τοὺς
1667 1371 1712 1402 ³⁷
1746 1370 1884 1441 πλη-

280 1451 393 1500 σίον
433 1449 608 1502 ἐλεεῖν
648 1449 913 1514 ποιοῦσιν,
964 1451 1101 1504 ἀλλά
1147 1451 1237 1503 διὰ
1285 1453 1346 1504 τὸ
1388 1452 1547 1524 δόξης
1589 1453 1883 1508 ἀπολαύειν

279 1535 497 1597 αὐτούς·
525 1537 660 1608 ὅπερ
695 1537 931 1605 ἐσχάτης
962 1531 1031 1606 ἦν
1060 1536 1362 1606 ὠμότητος,
1391 1538 1580 1607 ἐτέρου
1601 1537 1746 1608 λιμῷ
1765 1539 1881 1592 δια-

280 1617 644 1689 φθειρομένου
672 1618 983 1689 φιλοτιμίαν
1005 1619 1209 1690 ζητεῖν,
1235 1622 1329 1672 κα“ι
1356 1621 1430 1691 μὴ
1454 1620 1602 1674 λύειν
1623 1622 1720 1692 τὴν
1743 1640 1883 1692 συμ-

277 1705 472 1772 φοράν.
504 1705 620 1757 Οὐκ
650 1705 756 1775 ἄρα
786 1704 847 1757 τὸ
864 1703 1048 1756 δοῦναι
1075 1704 1444 1774 ἐλεημοσύνην
1461 1706 1527 1768 ⁸⁸,
1554 1706 1690 1758 ἀλλὰ
1717 1707 1778 1759 τὸ
1806 1707 1882 1769 ῶς

279 1788 380 1857 χρὴ
411 1787 603 1839 δοῦναί
630 1789 746 1840 ἐστι
773 1787 836 1839 τὸ
863 1786 1216 1858 ζητούμενον,
1251 1789 1345 1840 καὶ
1371 1788 1462 1842 διά
1491 1788 1652 1842 τοῦτο
1673 1789 1876 1844 δοῦναι.

349 1869 415 1938 β’.
433 1870 690 1941 Κωμῳδή
699 1887 796 1933 σας
812 1870 990 1924 τοίνυν
1013 1872 1251 1933 ἐκείνους
1271 1871 1490 1935 ἱκανῶς,
1513 1873 1608 1925 καὶ
1632 1873 1883 1941 καθαψάο

284 1971 445 2026 μενος
480 1956 686 2016 αὐτῶν,
715 1955 792 2019 ὡς
823 1957 916 2009 καὶ
949 1956 1305 2026 αἰσχυνθῆναι
1337 1957 1430 2008 τὸν
1463 1958 1762 2028 ἀκροατὴν,
1799 1957 1882 2010 δι-

279 2037 536 2109 ορθοῦται
591 2040 755 2092 πάλιν
808 2041 906 2111 τὴν
949 2040 1020 2092 τά
1061 2038 1287 2092 τοιαῦτα
1328 2041 1591 2094 νοσοῦσαν
1631 2039 1878 2111 γνώμην·

279 2125 371 2176 καὶ
424 2123 600 2176 εἰπὼν
650 2123 769 2188 πῶς
805 2125 886 2177 δεῖ
927 2126 1000 2195 μὴ
1045 2128 1244 2188 ποιεῖν,
1280 2125 1521 2179 δείκνυσι
1567 2125 1730 2179 πάλιν
1764 2125 1882 2188 πῶς

279 2207 355 2258 δεῖ
381 2209 582 2259 ποιεῖν.
619 2207 743 2270 Πῶς
777 2203 870 2260 οὖν
894 2208 976 2261 δεῖ
1003 2211 1176 2262 ποιεῖν
1202 2226 1216 2272 ;
1250 2209 1346 2277 Μὴ
1367 2209 1586 2279 γνώτω,
1621 2210 1808 2280 φησὶν,
1841 2212 1882 2278 ἡ

277 2289 570 2357 ἀριστερά
590 2305 708 2343 σου
736 2292 794 2344 τί
823 2291 978 2344 ποιεῖ
1010 2293 1047 2358 ἡ
1077 2291 1246 2355 δεξιά
1283 2309 1419 2346 σου.
1447 2293 1616 2346 Πάλιν
1646 2293 1884 2346 ἐνταῦθα

277 2377 336 2427 οὐ
390 2379 587 2448 χεῖρας
619 2376 936 2441 αἰνίττεται,
977 2377 1091 2429 ἀλλ’
1128 2375 1504 2448 ὑπερϐολικῶς
1550 2378 1681 2431 αὐτὸ
1729 2377 1881 2450 [2461

279 2462 546 2513 τέθεικεν.
586 2461 647 2514 ΕΞ
685 2463 794 2532 γάρ
822 2455 934 2514 οἷόν
961 2462 1020 2513 τέ
1058 2463 1196 2523 ἐστι,
1235 2462 1389 2531 φησὶ,
1425 2462 1650 2514 σεαυτὸν
1683 2462 1883 2532 ἀγνοῆ-

281 2564 392 2607 σαι,
439 2545 916 2617 περισπούδαστον
952 2546 1095 2599 ἔστω
1133 2563 1214 2599 σοι
1245 2546 1421 2603 τοῦτο,
1459 2545 1560 2599 κᾶν
1589 2545 1762 2610 αὐτάς
1792 2546 1884 2598 δυ-

278 2629 444 2682 νατὸν
578 2629 681 2693 τὰς
719 2629 1142 2701 διακονουμένας
1184 2634 1374 2701 χεῖρας
1423 2629 1626 2683 λαθεῖν.
1659 2632 1770 2700 Ούχ
1807 2629 1884 2694 ὥς

277 2713 424 2776 τινές
468 2727 660 2783 φασιν,
693 2714 776 2766 ὄτι
820 2715 944 2776 τοὺς
996 2715 1220 2776 σκαιοὺς
1264 2714 1345 2765 δεῖ
1380 2711 1646 2784 κρύπτειν
1667 2711 1882 2782 ἀνθρώ-

279 2815 437 2861 πους·
471 2799 681 2860 πάντας
707 2799 815 2868 γάρ
835 2797 1071 2852 ἐνταῦθα
1094 2797 1382 2852 λανθάνειν
1413 2797 1720 2852 ἐκέλευσεν.
1750 2792 1882 2850 Εἶτα

278 2885 371 2936 καὶ
400 2886 430 2936 6
468 2882 665 2952 μισθὸς
703 2883 957 2952 ἐννόησον
1003 2885 1144 2944 ὅσος.
1189 2882 1409 2953 Ἐπειδὴ
1453 2882 1564 2953 γὰρ
1615 2877 1736 2935 εἷπε
1779 2880 1882 2952 τὴν

281 2968 495 3021 ἐκεῖθεν
536 2968 781 3031 κόλασιν,
821 2967 1060 3020 δείκνυσι
1101 2965 1196 3019 καὶ
1248 2966 1349 3038 τὴν
1403 2966 1652 3020 ἐντεῦθεν
1695 2965 1878 3036 τιμὴν,

281 3051 630 3122 ἑκατέρωθεν
671 3051 868 3114 αὐτοὺς
901 3050 1079 3112 ώθῶν,
1107 3050 1201 3103 καὶ
1230 3053 1310 3114 είς
1347 3050 1528 3120 ὑψηλά
1557 3049 1707 3118 ἄγων
1735 3049 1879 3103 διδά-

279 3154 489 3207 γματα.
539 3133 649 3188 Καὶ
691 3135 800 3203 γὰρ
849 3133 1024 3187 πείθει
1061 3135 1279 3199 εἰδέναι,
1317 3135 1398 3188 ὅτι
1425 3133 1704 3204 πανταχοῦ
1735 3134 1880 3205 πάρ-

279 3238 427 3274 εστιν
472 3222 503 3273 ὁ
553 3219 705 3282 Θεός·
755 3220 850 3271 καὶ
891 3219 972 3271 ὅτι
1012 3218 1072 3270 οὐ
1111 3218 1274 3288 μέχρι
1316 3217 1411 3271 τοῦ
1459 3218 1726 3288 παρόντος
1766 3217 1882 3287 βίου

277 3307 480 3376 ἔστηκε
510 3304 582 3357 τά
599 3304 867 3376 ἡμέτερα,
902 3302 1036 3356 ἀλλὰ
1063 3304 1157 3356 καὶ
1187 3303 1562 3374 φοϐερώτερον
1585 3302 1704 3336 "'“
1734 3303 1883 3373 ἡμᾶς

275 3388 536 3442 ἐντεῦθεν
563 3388 842 3452 ἐκδέξεται
873 3387 1245 3457 δικαστήριον.
1285 3389 1380 3440 καὶ
1422 3390 1474 3439 αἱ
1521 3387 1631 3440 τῶν
1663 3402 1876 3457 πεπρα-

275 3475 505 3544 γμένων
555 3472 780 3526 εὐθῦναι
823 3473 1099 3535 ἁπάντων,
1136 3471 1231 3523 καὶ
1277 3474 1434 3541 τιμαὶ
1475 3477 1570 3525 καὶ
1605 3471 1879 3534 κολάσειςο

274 3560 372 3612 καὶ
396 3559 483 3612 ὅτι
509 3557 686 3618 οὐδὲν,
722 3557 783 3610 ού
817 3555 1033 3627 μικρὸν,
1057 3555 1120 3606 ού
1147 3556 1290 3626 μέγα
1320 3573 1404 3618 τις
1435 3554 1604 3608 ποιῶν
1633 3556 1880 3624 λήσεται,

276 3642 378 3696 κάν
441 3642 576 3716 δόξῃ
623 3643 751 3704 τοὺς
803 3638 1124 3712 ἀνθρώπους
1178 3639 1481 3694 λανθάνειν.
1543 3641 1728 3696 Ταῦτα
1774 3639 1884 3710 γὰρ

278 3729 503 3782 ᾶπαντα
547 3727 768 3799 ᾐνίξατο
806 3726 996 3779 εἰπών’·
1036 3724 1091 3777 '0
1127 3725 1332 3794 Πατήρ
1373 3740 1512 3787 σου,
1561 3727 1594 3778 ὁ
1630 3724 1885 3789 ,βλέπων

277 3814 348 3865 ἐν
378 3809 464 3876 τῷ
492 3809 756 3879 κρυπτῷ,
787 3809 1090 3864 ἀποδώσει
1121 3825 1221 3862 σοι
1254 3809 1324 3862 ὲν
1345 3807 1426 3873 τῷ
1450 3807 1708 3876 φανερῷο
1739 3808 1885 3878 μέγα

273 3897 374 3950 καὶ
412 3896 618 3965 σεμνὸν
649 3892 798 3964 αὐτῷ
827 3891 1069 3955 καθίζων
1112 3891 1360 3963 θέατρον,
1404 3895 1497 3945 καὶ
1523 3893 1660 3962 ὅπερ
1693 3891 1885 3944 ἐπιθυ-

281 3985 394 4051 μεῖ,
440 3981 601 4033 τοῦτο
637 3980 773 4049 μετὰ
803 3978 1004 4048 πολλῆς
1035 3977 1184 4048 αύτῷ
1207 3977 1383 4040 διδοὺς
1414 3979 1514 4049 τῆς
1541 3979 1880 4048 περιουσίας.

280 4066 344 4120 Τί
371 4065 487 4136 γὰρ
521 4063 702 4134 βούλει
726 4080 740 4123 ς
768 4064 952 4132 φησίν
985 4062 1108 4132 οὐχὶ
1136 4061 1336 4122 θεατὰς
1362 4059 1448 4130 ἐχε
1460 4079 1506 4113 ιν
1532 4060 1640 4115 τῶν
1666 4061 1885 4130 γινομέ-

279 4166 386 4204 νων
413 4149 604 4212 τινάςς
641 4148 766 4201 Ἰδοὺ
805 4148 985 4201 τοίνυν
1012 4146 1176 4214 ἔχεις,
1207 4147 1329 4216 ούχὶ
1362 4146 1654 4216 ἀγγέλους,
1689 4146 1812 4200 οὐδὲ
1838 4148 1888 4178 θ’

278 4234 683 4306 ἀρχαγγέλους.
712 4232 851 4286 ἀλλά
875 4231 965 4284 τὸν
997 4231 1105 4283 τῶν
1131 4230 1270 4284 ὅλων
1302 4231 1454 4285 Θεόν.
1489 4232 1551 4283 Εἰ
1581 4231 1638 4283 δὲ
1665 4231 1758 4284 καὶ
1789 4231 1886 4284 άν-

278 4320 542 4390 θρώπους
583 4317 871 4386 ἐπιθυμεῖς
916 4315 1061 4386 ἐχειν
1099 4314 1358 4386 θεωροὺς,
1409 4315 1531 4368 οὐδὲ
1575 4315 1781 4386 ταύτης
1821 4333 1882 4368 σε

277 4403 584 4473 ἀποστερεῖ
613 4403 710 4470 τῆς
735 4400 1030 4469 ἐπιθυμίας
1054 4398 1231 4469 καιρῷ
1256 4398 1335 4468 τῷ
1359 4401 1711 4470 προσήκοντι,
1747 4399 1883 4453 ἀλλά

277 4489 375 4540 καὶ
427 4486 568 4556 μετά
601 4483 848 4547 πλείονός
886 4499 968 4535 σοι
1000 4482 1134 4535 αὐτὸ
1167 4483 1393 4554 παρέχει
1426 4483 1526 4552 τῆς
1553 4482 1879 4555 ὑπερϐολῆς.

276 4571 398 4625 Νῦν
445 4569 546 4640 μὲν
585 4568 693 4638 γάρ
737 4565 806 4621 ἂν
847 4565 1114 4638 ἐπιδείξῃ,
1151 4566 1283 4618 δέκα
1332 4567 1428 4618 καί
1468 4567 1692 4633 εἴκοσιν,
1721 4565 1755 4635 ἢ
1788 4566 1884 4618 καὶ

276 4655 481 4710 ὲκατὸν
506 4653 817 4724 ἀνθρώποις
848 4651 1220 4716 ἐπιδείξασθαι
1247 4651 1452 4723 δυνήσῃ
1497 4652 1701 4719 μόνοιςο
1731 4651 1796 4705 ἂν
1824 4651 1884 4704 δὲ

277 4738 600 4810 σπουδάζῃς
638 4736 733 4790 νῦν
776 4736 960 4790 λαθεῖν
984 4736 1050 4802 ⁸⁸,
1079 4735 1204 4788 τότε
1236 4753 1295 4788 σε
1326 4736 1487 4798 αὐτὸς
1529 4739 1557 4788 6
1589 4735 1723 4798 Θεὸς
1754 4737 1885 4787 ἀνα-

281 4823 542 4896 κηρύξει,
589 4825 688 4894 τῆς
733 4822 1062 4893 οἰκουμένης
1109 4820 1392 4892 παρούσης
1433 4820 1670 4891 ἀπάσης.
1719 4821 1884 4873 Ὥστε

285 4910 530 4981 μάλιστα
555 4909 604 4961 εἰ
635 4906 814 4977 βούλει
845 4905 1169 4977 ἀνθρώπους
1211 4905 1338 4958 ἰδεῖν
1368 4921 1462 4957 σου
1509 4904 1580 4957 τὰ
1608 4903 1875 4976 κατορθώ-

286 5010 460 5064 ματα,
501 4991 711 5062 κρύψον
764 4990 903 5044 αύτά
961 4989 1077 5053 νῦν,
1125 4989 1213 5042 ἵνα
1249 4989 1388 5060 μετὰ
1422 4989 1665 5052 πλείονος
1719 4989 1885 5059 τιμῆς

281 5077 406 5130 τότε
475 5075 619 5129 αὐτὰ
676 5073 880 5136 πάντες
943 5073 1263 5136 θεάσωνται,
1323 5072 1418 5126 τοῦ
1475 5071 1610 5126 Θεοῦ
1673 5075 1886 5144 φανερά

281 5161 568 5223 ποιοῦντος
593 5160 687 5212 καὶ
717 5159 1037 5227 ἐπαίροντος
1067 5159 1160 5210 καὶ
1198 5159 1348 5229 παρά
1373 5159 1542 5212 πᾶσιν
1575 5158 1886 5230 ἀνακηρύτ-

278 5263 490 5308 τοντος.
521 5244 636 5297 Νῦν
668 5243 768 5314 μὲν
791 5245 902 5314 γάρ
933 5261 1026 5296 σου
1047 5244 1144 5296 καὶ
1175 5243 1618 5312 καταγνώσονται
1640 5245 1693 5298 οί
1723 5247 1888 5317 ὀρῶν-

281 5347 396 5394 τες,
427 5329 506 5393 ὡς
544 5329 846 5395 κενοδόξου·
891 5327 1325 5398 στεφανούμενον
1354 5327 1411 5380 δὲ
1441 5329 1660 5392 ἰδόντες,
1697 5332 1757 5383 ού
1792 5333 1888 5400 μό-

283 5431 374 5467 νον
400 5413 463 5466 ού
495 5411 964 5480 καταγνώσονται,
994 5411 1132 5464 ἀλλά
1168 5411 1264 5464 καὶ
1297 5411 1669 5481 θαυμάσονταιι
1710 5414 1887 5468 ἀπαν-

253 5513 396 5568 ,τες.
424 5498 600 5550 Ὅταν
640 5492 735 5551 οὖν
769 5499 864 5550 καὶ
901 5497 1093 5567 μισθὸν
1135 5491 1170 5568 ᾖ
1217 5497 1265 5528 ⁶δ
1307 5495 1510 5561 λαϐεῖν,
1554 5500 1647 5550 καὶ
1692 5497 1888 5569 ’θαῦμα

285 5581 692 5654 καρπώσασθαι
749 5582 956 5654 μεῖζον,
1005 5581 1187 5650 ὀλίγον
1256 5582 1626 5652 ἀναμείναντα
1671 5585 1888 5654 χρόνον,

1411 311 1487 382 'fN
1530 314 1951 386 MAT‘IIIJEUM
1981 317 2228 388 'HOMIL.
2267 321 2412 388 XIX.

3473 340 3582 394 276

1989 447 2243 518 ἐννόησον
2297 449 2494 521 ἡλίκης
2533 452 2717 518 ἀνοίας
2764 456 2912 508 ἐστὶν
2953 457 3276 526 ἀμφοτέρων
3329 457 3585 512 ἐκπεσεῖν

1987 533 2214 596 τούτων,
2246 535 2341 588 καὶ
2373 535 2524 605 παρά
2566 537 2661 590 τοῦ
2703 538 2837 592 Θεοῦ
2883 540 2974 593 τὸν
3008 540 3197 610 μισθὸν
3231 542 3487 596 αἰτοῦντα
3513 543 3582 603 ⁸³,

1987 617 2082 669 καὶ
2131 615 2224 670 τοῦ
2267 617 2403 673 Θεοῦ
2432 620 2688 690 ὁρῶντος.
2718 623 2844 686 τοὺς
2871 623 3196 695 ἀνθρώπους
3228 624 3414 678 καλεῖν
3447 625 3582 698 πρὸς

1985 699 2083 769 τὴν
2118 699 2374 767 ἐπίδειξιν
2417 703 2524 754 τῶν
2558 706 2878 775 γινομένων.
2922 707 2984 760 Εἰ
3017 707 3128 778 γὰρ
3173 707 3583 764 ἐπιδείκνυσθαι

1984 781 2087 844 δεῖ,
2135 782 2215 854 τῷ
2247 785 2421 855 Πατρί
2465 787 2570 856 πρὸ
2607 789 2825 841 πάντων
2864 790 3272 844 ἐπιδείκνυσθαι
3319 793 3445 862 χρή·
3485 792 3585 846 καὶ

1990 867 2224 936 μάλιστα
2259 869 2389 922 ὅταν
2418 872 2516 922 καὶ
2545 872 2639 924 τοῦ
2677 873 3020 942 στεφανῶσαι
3053 875 3268 928 καὶτοῦ
3302 876 3583 948 ζημιῶσαι

1987 951 2176 1021 κύριος
2219 954 2249 1006 6
2283 955 2475 1026 Πατὴρ
2598 957 2789 1010 Καίτοι
2833 959 2881 1011 εί
2915 959 3008 1011 καὶ
3038 960 3213 1031 ζημία
3251 959 3326 1031 μὴ
3364 955 3454 1032 ἦν,
3483 961 3585 1016 ούκ

1985 1034 2091 1087 ἔδει
2131 1036 2193 1088 τὸ
2226 1036 2456 1109 θέατρον
2491 1039 2650 1092 τοῦτο
2676 1040 2906 1109 ἀφιέντα
2937 1043 3002 1107 ⁸⁸,
3041 1043 3480 1110 ἀνταλλάξασθαι
3521 1044 3584 1098 τὸ

1984 1119 2094 1172 τῶν
2121 1119 2448 1192 ἀνθρώπων,
2479 1121 2576 1174 τὸν
2601 1121 2760 1192 δόξης
2791 1124 3183 1195 ἐπιθυμοῦντα.
3215 1128 3312 1190 Τίς
3347 1128 3456 1198 γάρ
3485 1125 3582 1182 οῦ-

1984 1218 2093 1265 τως
2138 1203 2340 1269 ἄθλιος,
2387 1204 2463 1268 ὼς
2515 1206 2615 1260 τοῦ
2671 1206 2934 1275 βασιλέως
2981 1210 3304 1274 σπεύδοντος
3350 1213 3442 1264 ἐπί⁵
3485 1211 3584 1284 τὴν

1985 1285 2221 1356 θεωρίαν
2244 1285 2352 1338 τῶν
2373 1287 2539 1340 αὑτοῦ
2568 1293 3010 1362 κατορθωμάτων
3030 1293 3225 1357 ἐλθεῖν,
3248 1297 3457 1348 ἐκεῖνον
3482 1296 3584 1366 μὲν

1983 1369 2228 1436 ἀφιέναι,
2262 1371 2373 1424 ἀπὸ
2401 1372 2458 1426 δὲ
2490 1373 2600 1426 τῶν
2633 1372 2865 1445 πτωχῶν
2910 1378 3002 1429 καὶ
3033 1378 3347 1450 προσαιτῶν
3377 1379 3420 1410 ⁸⁷
3449 1379 3583 1432 καθο

1987 1450 2123 1514 ίζειν
2148 1454 2312 1506 αὐτοῦ
2340 1455 2400 1508 τὸ
2430 1455 2655 1526 θέατρον
2681 1476 2693 1522 ;
2724 1459 2822 1511 Διά
2856 1461 2918 1530 δὴ
2952 1460 3109 1514 τοῦτο
3139 1462 3262 1532 οὐχὶ
3289 1462 3447 1531 μόνον
3482 1463 3583 1515 οὐκ

1983 1536 2391 1591 ἐπιδείκνυσθαι
2424 1539 2656 1606 κελεύει,
2704 1543 2840 1596 ἀλλά
2882 1545 2976 1598 καὶ
3016 1544 3341 1608 σπουδάζειν
3386 1545 3583 1599 λανθά-

1985 1640 2117 1676 νειν.
2144 1623 2280 1676 Οὐδὲ
2309 1623 2419 1695 γάρ
2443 1626 2591 1677 ἐστιν
2625 1627 2756 1692 ἴσον,
2792 1627 2942 1700 1247]
2973 1629 3048 1700 μὴ
3078 1631 3375 1683 σπουδάσαι
3407 1630 3584 1700 φανῆ⁸

1985 1723 2096 1769 ναι,
2123 1706 2222 1760 καὶ
2257 1708 2558 1762 σπουδάσαι
2589 1709 2790 1765 λαθεῖν.
2823 1712 2933 1765 Καὶ
2962 1713 3108 1766 ὅταν
3133 1717 3578 1783 προσεύχησθε,

1985 1791 2172 1860 φησὶν,
2227 1792 2338 1844 οὐκ
2380 1792 2602 1846 ἔσεσθε
2637 1794 2840 1863 ῶσπερ
2885 1799 2940 1849 οἱ
2984 1797 3318 1864 ὑποκριταί·
3363 1798 3452 1850 ὅτι
3480 1814 3580 1865 φι-

1955 1877 2208 1958 Ηλοῦσιν
2241 1877 2312 1928 ἐν
2351 1877 2483 1942 ταῖς
2510 1879 2890 1948 συναγωγαῖς
2918 1881 3018 1934 καὶ
3064 1881 3135 1933 ἐν
3163 1881 3295 1946 ταῖς
3338 1881 3578 1950 γωνίαις

1986 1959 2104 2013 τῶν
2158 1959 2459 2015 πλατειῶν
2499 1962 2758 2028 ἑστῶτες
2794 1965 3239 2034 προσεύχεσθαι
3267 1965 3332 2016 ⁸⁸.
3390 1964 3582 2036 Ἀμὴν

1983 2044 2140 2112 λέγω
2181 2045 2344 2113 ὑμῖν,
2383 2045 2682 2114 ἀπέχουσι
2725 2047 2828 2098 τᾶν
2872 2047 3096 2116 μισθὸν
3133 2046 3353 2102 αὐτῶν.
3395 2049 3480 2103 Σὺ
3510 2050 3582 2102 δὲ

1985 2129 2131 2180 ὅταν
2155 2130 2487 2197 προσεύχῃ,
2515 2130 2757 2183 εἴσελθε
2791 2133 2878 2196 εἰς
2918 2132 2985 2184 τὸ
3009 2132 3272 2200 ταμιεῖόν
3299 2148 3440 2196 σου,
3480 2133 3581 2186 καὶ

1984 2211 2239 2277 κλείσας
2264 2211 2380 2276 τὴν
2409 2213 2598 2280 θύραν
2621 2231 2762 2277 σου,
2790 2214 3119 2282 πρόσευξαι
3145 2215 3225 2281 τῷ
3249 2217 3434 2284 Πατρί
3460 2231 3582 2271 σου

1983 2293 2066 2358 τῷ
2109 2295 2179 2346 ὲν
2208 2295 2289 2360 ’τῷ
2331 2295 2594 2363 κρυπτῷ.
2647 2298 2815 2351 Πάλιν
2869 2300 2964 2351 καὶ
3008 2299 3229 2363 τούτους
3278 2299 3581 2372 ὑποκριτὰς
3635 2363 3641 2376 δ

1985 2377 2160 2442 καλεῖ,
2194 2378 2287 2431 καί
2334 2379 2478 2449 μάλα
2505 2380 2754 2443 εἰκότωςο
2789 2382 2871 2434 ὅτι
2902 2381 3022 2451 Θεῷ
3044 2382 3089 2412 ⁶⁹
3121 2383 3582 2454 προσποιούμενοι

1986 2459 2408 2531 προσεύχεσθαι,
2434 2463 2756 2534 ἀνθρώπους
2783 2465 3232 2536 περισκοποῦσιν,
3258 2467 3356 2538 οὐχ
3387 2465 3582 2520 ἱκετῶν

1985 2545 2358 2616 περικείμενοι
2392 2547 2598 2618 σχῆμα,
2636 2548 2752 2601 ἀλλ’
2783 2549 3089 2623 ἀνθρώπων
3133 2549 3578 2618 καταγελάστων.

1995 2629 2057 2682 ’0
2081 2629 2192 2700 γὰρ
2225 2629 2435 2700 μέλλων
2459 2631 2754 2696 ἱκετεύειν,
2788 2633 3034 2698 ἅπαντας
3061 2635 3240 2705 ἀφεὶς,
3274 2635 3412 2706 πρὸς
3437 2637 3583 2688 ἐκεῖ-

1984 2731 2074 2766 νον
2113 2713 2274 2784 μόνον
2315 2715 2416 2785 ὁρᾷ
2449 2715 2541 2768 τὸν
2581 2715 2770 2787 κύριον
2808 2718 2937 2771 ὄντα
2987 2718 3172 2772 δοῦναι
3202 2718 3303 2789 τὴν
3341 2717 3580 2790 αἴτησιν.

1987 2800 2084 2849 "Av
2145 2797 2203 2850 δὲ
2266 2798 2456 2852 τοῦτον
2507 2800 2690 2869 ἀφεὶς,
2747 2804 3016 2877 περιέρχῃ
3075 2803 3427 2873 πλανώμενος
3486 2803 3584 2857 καὶ

1987 2880 2265 2952 πανταχοῦ
2289 2883 2604 2954 περιφέρων
2637 2885 2763 2948 τοὺς
2785 2885 3115 2956 ὀφθαλμοὺς,
3141 2890 3325 2950 κεναῖς
3348 2886 3583 2940 ἀπελεύ-

1987 2982 2056 3035 σῃ
2093 2966 2268 3036 χερσί.
2302 2965 2471 3020 Τοῦτο
2495 2967 2605 3038 γάρ
2627 2967 2791 3032 αὐτὸς
2818 2969 3137 3043 ἐϐουλήθης.
3166 2971 3266 3024 Διά
3295 2971 3455 3026 τοῦτο
3479 2973 3583 3026 οὐκ

1984 3043 2158 3111 εἶπεν,
2182 3049 2263 3102 ὃτι
2287 3050 2348 3102 ού
2367 3049 2626 3122 λήψονται
2661 3051 2853 3120 μισθὸν
2879 3056 2928 3106 οἰ
2953 3055 3204 3115 τοιοῦτοι,
3234 3055 3347 3108 ἀλλ’
3375 3056 3457 3108 ὅτι
3484 3055 3585 3109 ἀπ-

1984 3132 2188 3202 έχουσι,
2224 3133 2525 3198 τουτέστιν,
2558 3136 2638 3188 ὅτι
2669 3136 2931 3206 λήψονται
2967 3137 3088 3208 μὲν,
3115 3139 3246 3210 παρ’
3275 3133 3351 3192 ῶν
3376 3139 3434 3192 δέ
3457 3141 3582 3193 ἐπι-

1985 3213 2249 3284 θυμοῦσιν
2286 3217 2456 3269 αὐτοί.
2491 3218 2565 3270 υύ
2601 3219 2710 3290 γὰρ
2738 3222 2767 3272 6
2792 3219 2928 3284 Θεὸς
2968 3220 3239 3290 βούλεται,
3270 3222 3386 3276 ἀλλ’
3419 3221 3582 3286 αὐτὸς

1987 3301 2087 3370 μὲν
2147 3301 2246 3371 τὴν
2314 3303 2446 3373 παρ’
2500 3303 2697 3356 ἐαυτοῦ
2751 3305 3013 3376 παρέχειν
3063 3305 3255 3376 ἤθελεν
3319 3305 3579 3377 ἀμοιϐήνο

1985 3387 2182 3436 ἐκεῖνοι
2209 3385 2266 3437 δὲ
2301 3388 2400 3457 τὴν
2429 3387 2581 3456 παρὰ
2606 3386 2716 3439 τῶν
2739 3387 3045 3458 ἀνθρώπιον
3072 3387 3379 3457 ζητοῦντες,
3401 3389 3583 3442 οὐκέτ’

1986 3468 2049 3520 ἂν
2085 3465 2194 3520 εἶεν
2229 3467 2426 3523 δίκαιοι
2458 3470 2643 3524 λαϐεῖν
2684 3473 2816 3542 παρ’
2849 3472 3078 3531 ἐκείνου,
3111 3473 3176 3526 δι’
3210 3474 3271 3526 ὃν
3302 3473 3454 3526 οὐδὲν
3483 3491 3584 3527 πε-

1985 3554 2265 3620 ποιήκασι.
2293 3554 2366 3607 Σὺ
2395 3554 2452 3606 δέ
2486 3573 2576 3625 μοι
2618 3556 2809 3608 σκόπει
2839 3555 2932 3609 τοῦ
2969 3555 3104 3608 Θεοῦ
3144 3555 3244 3628 τὴν
3286 3556 3584 3628 φιλανθρω-

1987 3635 2138 3698 πίαν,
2177 3638 2260 3688 ὅτι
2321 3639 2416 3690 καὶ
2451 3639 2592 3708 ὑπὲρ
2622 3632 2698 3692 ὧν
2721 3641 2953 3692 αἰτεῖται
2985 3639 3117 3710 παρ’
3156 3639 3313 3710 ἡμῶν
3339 3638 3580 3708 ἀγαθῶν,

1985 3721 2384 3789 ἐπαγγέλλεται
2413 3722 2606 3794 μισθὸν
2637 3723 2918 3796 παρέξειν.
2947 3723 3227 3778 Διαϐαλὼν
3255 3726 3434 3778 τοίνυν
3456 3726 3585 3790 τοὺς

1984 3804 2046 3855 ού
2087 3807 2477 3877 προσηκόντως
2522 3807 2604 3878 τῷ
2644 3808 2934 3882 πράγματι
2977 3810 3316 3880 χρωμένους,
3345 3808 3441 3862 καὶ
3477 3809 3584 3862 ἀπὺ

1988 3887 2084 3940 τοῦ
2126 3889 2317 3952 τόπου,
2349 3893 2443 3944 καὶ
2484 3892 2594 3946 ἀπὸ
2629 3893 2733 3963 τῆς
2762 3892 3077 3958 διαθέσεως,
3104 3894 3199 3948 καὶ
3235 3892 3417 3958 δείξας
3450 3892 3586 3963 σφό-

1984 3971 2086 4043 δρα
2135 3977 2578 4043 καταγελάστους
2625 3977 2806 4040 όντας,
2854 3978 3067 4046 εἰσάγει
3104 3978 3196 4030 τὸν
3228 3978 3450 4049 ἄριστον
3484 3979 3584 4047 τῆς

1986 4063 2298 4130 προσευχῆς
2347 4062 2570 4132 τρόπον,
2618 4064 2711 4116 καί
2763 4063 2925 4115 πάλιν
2973 4063 3065 4116 τὸν
3110 4062 3303 4133 μισθὸν
3343 4063 3581 4124 δίδωσιν,

1986 4147 2177 4200 εἰπών·
2212 4139 2468 4202 Εἵσελθε
2498 4151 2584 4214 είς
2612 4149 2679 4202 τὸ
2713 4149 2978 4219 ταμιεῖόν
3013 4164 3149 4202 σοιν.
3318 4153 3329 4159 ’

2056 4237 2126 4298 7'.
2165 4231 2231 4283 Τί
2255 4227 2389 4298 οῦν;
2435 4233 2495 4285 ἐν
2538 4231 2838 4304 ἐκκλησίᾳ,
2876 4233 3074 4303 φησὶν,
3117 4233 3180 4284 ού
3219 4231 3301 4285 δεῖ
3347 4232 3584 4304 προσεύ-

1991 4315 2211 4386 χεσθαι;
2230 4317 2338 4369 Καὶ
2363 4317 2565 4387 σφόδρα
2588 4316 2707 4388 μὲν,
2730 4315 2866 4370 ἀλλὰ
2893 4318 3034 4386 μετά
3060 4315 3284 4386 γνώμης
3303 4318 3577 4389 τοιαύτης.

1993 4398 2274 4468 Πανταχοῦ
2322 4401 2430 4471 γὰρ
2458 4402 2486 4452 6
2510 4401 2642 4464 Θεὸς
2681 4399 2772 4452 τὸν
2817 4400 3020 4452 σκοπὸν
3075 4398 3232 4469 ζητεί
3294 4400 3406 4453 τῶν
3434 4417 3583 4468 γινο-

1995 4485 2192 4553 μένων.
2254 4484 2409 4538 Ἐπεὶ
2465 4483 2568 4537 κάν
2609 4486 2691 4548 εἰς
2747 4485 2810 4538 τὸ
2856 4487 3108 4554 ταμιεῖον
3171 4483 3444 4556 εἰσέλθῃς,
3485 4488 3584 4540 καὶ

1992 4569 2347 4632 ἀποκλείσας,
2397 4570 2534 4640 πρὸς
2561 4566 2822 4634 ἐπίδειξιν
2865 4569 2998 4623 αὐτὸ
3025 4569 3259 4643 ἐργάσῃ,
3293 4570 3444 4624 οὐδέν
3498 4588 3584 4624 σοι

1990 4653 2100 4704 τῶν
2146 4653 2326 4724 θυρῶν
2370 4653 2580 4720 ὄφελος.
2632 4653 2774 4723 Ὅρα
2821 4653 2956 4722 γοῦν
3007 4653 3102 4707 καὶ
3172 4653 3410 4707 ἐνταῦθα
3464 4655 3582 4719 πῶς

1993 4738 2199 4809 ἀκριϐῆ
2256 4740 2346 4791 τὸν
2421 4738 2703 4808 διορισμὸν
2765 4738 3036 4801 τέθεικεν,
3115 4738 3304 4802 εἰπὼν,
3380 4738 3584 4806 Ὅπως

1992 4820 2229 4890 φανῶσι
2291 4821 2415 4887 τοῖς
2462 4821 2814 4889 ἀνθρώποις.
2874 4822 3039 4875 Ὥστε
3116 4821 3216 4875 κᾶν
3267 4823 3368 4886 τάς
3412 4821 3582 4894 θύρας

1995 4903 2348 4976 ἀποκλείσῃς,
2375 4904 2534 4957 τοῦτο
2577 4905 2683 4972 πρὸ
2725 4907 2824 4972 τῆς
2855 4907 2965 4959 τῶν
2996 4905 3177 4977 θυρῶν
3211 4906 3584 4969 ἀποκλείσεως

1957 4986 2340 5058 ,κατορθῶσαί
2405 5005 2464 5040 σε
2521 4988 2791 5058 βούλεται,
2865 4991 2958 5044 καὶ
3027 4988 3128 5054 τὰς
3190 4991 3290 5059 τῆς
3341 4990 3584 5053 διανοίας

1991 5072 2308 5127 ἀποκλείειν
2359 5071 2552 5143 θύρας.
2611 5072 2932 5137 Κενοδοξίας
2985 5073 3096 5144 γάρ
3145 5073 3428 5144 πανταχοῦ
3481 5073 3584 5145 μὲν

1994 5156 2341 5227 ἀπηλλάχθαι
2367 5157 2554 5219 καλὸν,
2590 5157 2828 5226 μάλιστα
2852 5157 2909 5210 δὲ
2950 5158 3008 5210 ἐν
3040 5157 3198 5229 εὐχῇ.
3249 5159 3313 5210 Εἰ
3346 5157 3460 5230 γάρ
3486 5159 3583 5212 καὶ

1994 5242 2187 5294 τούτου
2233 5242 2404 5311 χωρὶς
2443 5239 2777 5311 πλανώμεθα
2809 5241 2901 5293 καὶ
2935 5242 3368 5314 περιφερόμεθα,
3394 5241 3461 5296 ἀν
3491 5243 3587 5296 καὶ

1993 5325 2199 5396 ταύτην
2230 5322 2606 5394 εἰσερχώμεθα
2629 5325 2728 5395 τὴν
2772 5325 2930 5378 νόσον
2980 5327 3217 5396 ἔχοντες,
3259 5325 3391 5380 πότε
3424 5328 3585 5379 ἀκου-

1996 5412 2202 5481 σόμεθα
2235 5409 2346 5462 τῶν
2377 5411 2509 5479 παρ’
2539 5408 2698 5479 ἡμῶν
2749 5408 3098 5480 λεγομένων;
3148 5411 3197 5462 εί
3246 5409 3307 5464 δὶ
3343 5413 3506 5481 ἡμεῖς
3535 5412 3586 5464 οῖ

1991 5497 2239 5568 δεόμενοι
2264 5495 2358 5548 καὶ
2383 5493 2831 5564 παρακαλοῦντες
2855 5494 2958 5547 οὐκ
2998 5493 3298 5566 ἀκούομεν.
3332 5495 3452 5559 πῶς
3497 5496 3587 5548 τὸν

1993 5583 2129 5639 Θεὸν
2175 5580 2440 5652 ἀξιοῦμεν
2490 5579 2741 5647 ἀκούειν;
2800 5578 2942 5633 Ἀλλ’
2989 5579 3139 5650 ὅμως
3189 5577 3302 5632 εἰσί
3341 5583 3582 5642 τινες,οί

354 5728 421 5812 ’ξ⁸
436 5721 660 5812 ἐκεῖνοι]
683 5725 807 5812 εδει.
833 5722 990 5812 τοῦτο
1001 5723 1167 5812 (λέγει
1199 5723 1336 5812 Εὼξξ
1367 5723 1784 5812 ail’vefsaqtib‘tls
1807 5740 1883 5812 σοι

1987 5722 2234 5808 :lYerss.
2290 5721 2357 5812 j“
2391 5721 2569 5804 ταύτῃ
2598 5736 2712 5812 ορι.
2739 5717 3052 5812 ’ξενλϐεέι
3126 5715 3174 5804 ξ’
3213 5715 3368 5794 τοὺς]
3395 5721 3488 5776 τὸν

826 5796 952 5850 add.
997 5795 1238 5849 διδάσκει
1295 5795 1357 5847 Β.
1397 5795 1574 5850 Verba
1620 5796 1738 5850 ἐστὶ
1788 5798 1848 5849 τὸ

777 5908 788 5919 .
822 5883 920 5934 np.

291 5869 409 5900 ιλιι
451 5868 582 5936 φοεε
593 5869 684 5936 ρδν

291 5941 392 5993 ιρι-ἰ
443 5939 752 6002 αἰτοῦντας.

998 5867 1042 5898 ⁸³
1086 5867 1208 5920 οὐδὲ
1245 5867 1340 5919 καί
1369 5867 1429 5920 D.
1509 5868 1556 5899 ⁸³
1601 5865 1886 5921 λανθάνειν
1928 5865 2066 5921 Edd.

1903 5788 2575 5876 ζητο-ύμενονῃόεὲιιηῐῆῑῖὶ
2827 5790 2915 5874 ’τὸ
2960 5788 3315 5876 Ίζῃτούμενον
3346 5788 3475 5876 "qm.
3521 5791 3585 5847 Ο.

2155 5863 2206 5936 ’Ὺ
2232 5860 2430 5936 ᾗὶίδέῃ
2483 5862 2585 5936 F.”
2621 5860 2980 5936 Ψαίτοῦντα]
3015 5860 3320 5936 Sic_A._D.
3350 5862 3448 5936 Ge.
3491 5879 3582 5917 om.

830 5931 879 5969 ⁶¹ί
914 5936 1165 6008 ἀφιέντα]
1217 5936 1310 5992 Sic
1355 5939 1426 5995 Ἀ.
1474 5938 1531 5992 Β.
1589 5948 1641 5990 et
1694 5954 1839 5992 corr.
1881 5959 1883 5972 λ

1992 5937 2156 6006 νιιιευ
2186 5931 2469 6008 ἀφιένῖᾴςο
2541 5933 2585 5964 ⁸⁷
2613 5935 2708 6008 κεῖ
2728 5931 3183 6008 εῶδιπρρεἱαιξῷγ
3215 5931 3282 6008 9ο
3311 5934 3400 6008 ..⁸⁸
3429 5947 3583 6006 προο-

294 6011 567 6082 ιύχεσθαι]
598 5999 727 6064 add:
745 6011 893 6071 ὅπως
919 5999 987 6061 ἂν
1013 5999 1222 6076 φανῶσι
1241 6010 1356 6072 τοῖς
1382 6007 1690 6080 ἀνθρώποις
1715 6010 1776 6064 C.
1808 6008 1869 6062 E.

1990 5999 2195 6063 mm'sso
2227 5999 2316 6073 ἃν)
2351 6004 2570 6074 1Mosq.
2645 6006 2690 6037 σο
2717 6003 2861 6076 Θεῷ]
2891 5999 3102 6074 τῷΘεῷ
3131 6002 3187 6057 ιι.
3215 6001 3273 6056 ε.
3310 5999 3370 6054 F.

633 6123 908 6179 ΡΑτιιοι..
959 6121 1072 6179 Gn.
1129 6120 1313 6180 LVII.

3180 6113 3252 6171 13
