  <div class='ocr_page' id='page_1' title='image "/cluster/home/n/w/nwhite01/storage/ocr_20150623/57/nnc1.0046980075/204.png"; bbox 0 0 4038 6364; ppageno 0'>
   <div class='ocr_carea' id='block_1_1' title="bbox 250 381 354 437">
    <p class='ocr_par' dir='ltr' id='par_1_1' title="bbox 250 381 354 437">
     <span class='ocr_line' id='line_1_1' title="bbox 250 381 354 437; baseline 0 -3"><span class='ocrx_word' id='word_1_1' title='bbox 250 381 354 437; x_wconf 72' lang='grc' dir='ltr'><strong>ΞἺἻ</strong></span> 
     </span>
    </p>
   </div>
   <div class='ocr_carea' id='block_1_2' title="bbox 250 498 1838 573">
    <p class='ocr_par' dir='ltr' id='par_1_2' title="bbox 250 498 1838 573">
     <span class='ocr_line' id='line_1_2' title="bbox 250 498 1838 573; baseline 0.003 -21"><span class='ocrx_word' id='word_1_2' title='bbox 250 515 370 552; x_wconf 91' lang='lat' dir='ltr'><strong>cum</strong></span> <span class='ocrx_word' id='word_1_3' title='bbox 401 498 617 553; x_wconf 83' lang='lat' dir='ltr'><strong>decenti</strong></span> <span class='ocrx_word' id='word_1_4' title='bbox 664 498 883 556; x_wconf 82' lang='lat' dir='ltr'><strong>habitu.</strong></span> <span class='ocrx_word' id='word_1_5' title='bbox 916 507 1027 552; x_wconf 86' lang='lat' dir='ltr'><strong>tum</strong></span> <span class='ocrx_word' id='word_1_6' title='bbox 1068 499 1296 553; x_wconf 75' lang='lat' dir='ltr'><strong>maxime</strong></span> <span class='ocrx_word' id='word_1_7' title='bbox 1326 501 1565 556; x_wconf 84' lang='lat' dir='ltr'><strong>inﬂectat</strong></span> <span class='ocrx_word' id='word_1_8' title='bbox 1599 518 1719 557; x_wconf 92' lang='lat' dir='ltr'><strong>eum</strong></span> <span class='ocrx_word' id='word_1_9' title='bbox 1750 506 1838 573; x_wconf 90' lang='lat' dir='ltr'><strong>qui</strong></span> 
     </span>
    </p>
   </div>
   <div class='ocr_carea' id='block_1_3' title="bbox 247 590 1842 663">
    <p class='ocr_par' dir='ltr' id='par_1_3' title="bbox 247 590 1842 663">
     <span class='ocr_line' id='line_1_3' title="bbox 247 590 1842 663; baseline 0.003 -19"><span class='ocrx_word' id='word_1_10' title='bbox 247 592 475 662; x_wconf 70' lang='lat' dir='ltr'><strong>gratiam</strong></span> <span class='ocrx_word' id='word_1_11' title='bbox 508 590 759 645; x_wconf 88' lang='lat' dir='ltr'><strong>conferre</strong></span> <span class='ocrx_word' id='word_1_12' title='bbox 795 591 1007 659; x_wconf 83' lang='lat' dir='ltr'><strong>potest?</strong></span> <span class='ocrx_word' id='word_1_13' title='bbox 1034 590 1112 644; x_wconf 86' lang='lat' dir='ltr'><strong>Ne</strong></span> <span class='ocrx_word' id='word_1_14' title='bbox 1152 590 1329 660; x_wconf 87' lang='lat' dir='ltr'><strong>itaque</strong></span> <span class='ocrx_word' id='word_1_15' title='bbox 1358 591 1538 646; x_wconf 90' lang='lat' dir='ltr'><strong>habitu</strong></span> <span class='ocrx_word' id='word_1_16' title='bbox 1566 596 1804 663; x_wconf 86' lang='lat' dir='ltr'><strong>corporis</strong></span> <span class='ocrx_word' id='word_1_17' title='bbox 1826 638 1842 661; x_wconf 91' lang='lat'><strong>,</strong></span> 
     </span>
    </p>
   </div>
   <div class='ocr_carea' id='block_1_4' title="bbox 248 684 1847 754">
    <p class='ocr_par' dir='ltr' id='par_1_4' title="bbox 248 684 1847 754">
     <span class='ocr_line' id='line_1_4' title="bbox 248 684 1847 754; baseline 0.001 -15"><span class='ocrx_word' id='word_1_18' title='bbox 248 699 422 754; x_wconf 87' lang='lat' dir='ltr'><strong>neque</strong></span> <span class='ocrx_word' id='word_1_19' title='bbox 450 685 600 739; x_wconf 93' lang='lat' dir='ltr'><strong>vocis</strong></span> <span class='ocrx_word' id='word_1_20' title='bbox 628 685 865 738; x_wconf 87' lang='lat' dir='ltr'><strong>clamore</strong></span> <span class='ocrx_word' id='word_1_21' title='bbox 885 724 900 747; x_wconf 87' lang='lat'><strong>,</strong></span> <span class='ocrx_word' id='word_1_22' title='bbox 932 684 1025 737; x_wconf 88' lang='lat' dir='ltr'><strong>sed</strong></span> <span class='ocrx_word' id='word_1_23' title='bbox 1058 685 1345 739; x_wconf 70' lang='lat' dir='ltr'><strong>voluntatis</strong></span> <span class='ocrx_word' id='word_1_24' title='bbox 1373 686 1549 741; x_wconf 91' lang='lat' dir='ltr'><strong>studio</strong></span> <span class='ocrx_word' id='word_1_25' title='bbox 1576 689 1847 743; x_wconf 88' lang='lat' dir='ltr'><strong>orationes</strong></span> 
     </span>
    </p>
   </div>
   <div class='ocr_carea' id='block_1_5' title="bbox 246 778 1843 846">
    <p class='ocr_par' dir='ltr' id='par_1_5' title="bbox 246 778 1843 846">
     <span class='ocr_line' id='line_1_5' title="bbox 246 778 1843 846; baseline 0.001 -15"><span class='ocrx_word' id='word_1_26' title='bbox 246 778 592 841; x_wconf 82' lang='lat' dir='ltr'><strong>emittamus;</strong></span> <span class='ocrx_word' id='word_1_27' title='bbox 638 792 811 846; x_wconf 89' lang='lat' dir='ltr'><strong>neque</strong></span> <span class='ocrx_word' id='word_1_28' title='bbox 857 792 977 830; x_wconf 90' lang='lat' dir='ltr'><strong>cum</strong></span> <span class='ocrx_word' id='word_1_29' title='bbox 1027 779 1251 845; x_wconf 74' lang='lat' dir='ltr'><strong>strepitu</strong></span> <span class='ocrx_word' id='word_1_30' title='bbox 1294 788 1347 831; x_wconf 92' lang='lat' dir='ltr'><strong>et</strong></span> <span class='ocrx_word' id='word_1_31' title='bbox 1393 781 1609 840; x_wconf 87' lang='lat' dir='ltr'><strong>sonitu,</strong></span> <span class='ocrx_word' id='word_1_32' title='bbox 1656 782 1737 834; x_wconf 87' lang='lat' dir='ltr'><strong>vel</strong></span> <span class='ocrx_word' id='word_1_33' title='bbox 1778 783 1843 833; x_wconf 90' lang='lat' dir='ltr'><strong>ad</strong></span> 
     </span>
    </p>
   </div>
   <div class='ocr_carea' id='block_1_6' title="bbox 244 872 1843 941">
    <p class='ocr_par' dir='ltr' id='par_1_6' title="bbox 244 872 1843 941">
     <span class='ocr_line' id='line_1_6' title="bbox 244 872 1843 941; baseline 0 -15"><span class='ocrx_word' id='word_1_34' title='bbox 244 872 701 936; x_wconf 71' lang='lat' dir='ltr'><strong>ostentationem,</strong></span> <span class='ocrx_word' id='word_1_35' title='bbox 736 886 803 924; x_wconf 90' lang='lat' dir='ltr'><strong>ne</strong></span> <span class='ocrx_word' id='word_1_36' title='bbox 841 872 1112 939; x_wconf 78' lang='lat' dir='ltr'><strong>proximos</strong></span> <span class='ocrx_word' id='word_1_37' title='bbox 1156 872 1308 925; x_wconf 89' lang='lat' dir='ltr'><strong>nobis</strong></span> <span class='ocrx_word' id='word_1_38' title='bbox 1346 873 1675 941; x_wconf 81' lang='lat' dir='ltr'><strong>expellamus</strong></span> <span class='ocrx_word' id='word_1_39' title='bbox 1698 915 1711 938; x_wconf 90' lang='lat'><strong>,</strong></span> <span class='ocrx_word' id='word_1_40' title='bbox 1750 873 1843 927; x_wconf 85' lang='lat' dir='ltr'><strong>sed</strong></span> 
     </span>
    </p>
   </div>
   <div class='ocr_carea' id='block_1_7' title="bbox 243 962 1843 1035">
    <p class='ocr_par' dir='ltr' id='par_1_7' title="bbox 243 962 1843 1035">
     <span class='ocr_line' id='line_1_7' title="bbox 243 962 1843 1035; baseline -0.001 -18"><span class='ocrx_word' id='word_1_41' title='bbox 243 978 366 1017; x_wconf 85' lang='lat' dir='ltr'><strong>cum</strong></span> <span class='ocrx_word' id='word_1_42' title='bbox 413 962 679 1017; x_wconf 82' lang='lat' dir='ltr'><strong>modestia</strong></span> <span class='ocrx_word' id='word_1_43' title='bbox 720 962 901 1024; x_wconf 85' lang='lat' dir='ltr'><strong>omni,</strong></span> <span class='ocrx_word' id='word_1_44' title='bbox 932 962 1093 1015; x_wconf 84' lang='lat' dir='ltr'><strong>animi</strong></span> <span class='ocrx_word' id='word_1_45' title='bbox 1132 964 1448 1017; x_wconf 84' lang='lat' dir='ltr'><strong>contritione</strong></span> <span class='ocrx_word' id='word_1_46' title='bbox 1468 1004 1483 1028; x_wconf 95' lang='lat'><strong>,</strong></span> <span class='ocrx_word' id='word_1_47' title='bbox 1512 973 1567 1019; x_wconf 91' lang='lat' dir='ltr'><strong>et</strong></span> <span class='ocrx_word' id='word_1_48' title='bbox 1595 964 1843 1035; x_wconf 89' lang='lat' dir='ltr'><strong>lacrymis</strong></span> 
     </span>
    </p>
   </div>
   <div class='ocr_carea' id='block_1_8' title="bbox 244 1052 1842 1122">
    <p class='ocr_par' dir='ltr' id='par_1_8' title="bbox 244 1052 1842 1122">
     <span class='ocr_line' id='line_1_8' title="bbox 244 1052 1842 1122; baseline 0.001 -15"><span class='ocrx_word' id='word_1_49' title='bbox 244 1054 612 1108; x_wconf 88' lang='lat' dir='ltr'><strong>interioribus.</strong></span> <span class='ocrx_word' id='word_1_50' title='bbox 644 1052 749 1108; x_wconf 91' lang='lat' dir='ltr'><strong>Sed</strong></span> <span class='ocrx_word' id='word_1_51' title='bbox 778 1053 927 1108; x_wconf 87' lang='lat' dir='ltr'><strong>doles</strong></span> <span class='ocrx_word' id='word_1_52' title='bbox 957 1053 1169 1120; x_wconf 91' lang='lat' dir='ltr'><strong>animo,</strong></span> <span class='ocrx_word' id='word_1_53' title='bbox 1206 1068 1303 1107; x_wconf 91' lang='lat' dir='ltr'><strong>nec</strong></span> <span class='ocrx_word' id='word_1_54' title='bbox 1333 1062 1483 1122; x_wconf 89' lang='lat' dir='ltr'><strong>potes</strong></span> <span class='ocrx_word' id='word_1_55' title='bbox 1514 1070 1618 1107; x_wconf 91' lang='lat' dir='ltr'><strong>non</strong></span> <span class='ocrx_word' id='word_1_56' title='bbox 1646 1054 1842 1108; x_wconf 86' lang='lat' dir='ltr'><strong>clama-</strong></span> 
     </span>
    </p>
   </div>
   <div class='ocr_carea' id='block_1_9' title="bbox 242 1147 1843 1210">
    <p class='ocr_par' dir='ltr' id='par_1_9' title="bbox 242 1147 1843 1210">
     <span class='ocr_line' id='line_1_9' title="bbox 242 1147 1843 1210; baseline 0.001 -7"><span class='ocrx_word' id='word_1_57' title='bbox 242 1149 339 1203; x_wconf 87' lang='lat' dir='ltr'><strong>re?</strong></span> <span class='ocrx_word' id='word_1_58' title='bbox 384 1148 498 1202; x_wconf 81' lang='lat' dir='ltr'><strong>lino</strong></span> <span class='ocrx_word' id='word_1_59' title='bbox 530 1149 766 1203; x_wconf 81' lang='lat' dir='ltr'><strong>maxime</strong></span> <span class='ocrx_word' id='word_1_60' title='bbox 791 1147 1019 1201; x_wconf 88' lang='lat' dir='ltr'><strong>dolentis</strong></span> <span class='ocrx_word' id='word_1_61' title='bbox 1049 1156 1129 1202; x_wconf 89' lang='lat' dir='ltr'><strong>est</strong></span> <span class='ocrx_word' id='word_1_62' title='bbox 1158 1147 1236 1201; x_wconf 90' lang='lat' dir='ltr'><strong>sic</strong></span> <span class='ocrx_word' id='word_1_63' title='bbox 1259 1162 1413 1203; x_wconf 90' lang='lat' dir='ltr'><strong>orare</strong></span> <span class='ocrx_word' id='word_1_64' title='bbox 1434 1191 1446 1210; x_wconf 85' lang='lat'><strong>,</strong></span> <span class='ocrx_word' id='word_1_65' title='bbox 1477 1158 1533 1202; x_wconf 91' lang='lat' dir='ltr'><strong>et</strong></span> <span class='ocrx_word' id='word_1_66' title='bbox 1558 1149 1843 1204; x_wconf 73' lang='lat' dir='ltr'><strong>obsecrare</strong></span> 
     </span>
    </p>
   </div>
   <div class='ocr_carea' id='block_1_10' title="bbox 242 1238 1843 1308">
    <p class='ocr_par' dir='ltr' id='par_1_10' title="bbox 242 1238 1843 1308">
     <span class='ocr_line' id='line_1_10' title="bbox 242 1238 1843 1308; baseline 0 -14"><span class='ocrx_word' id='word_1_67' title='bbox 242 1250 300 1294; x_wconf 89' lang='lat' dir='ltr'><strong>ut</strong></span> <span class='ocrx_word' id='word_1_68' title='bbox 342 1240 477 1293; x_wconf 77' lang='lat' dir='ltr'><strong>dixi.</strong></span> <span class='ocrx_word' id='word_1_69' title='bbox 526 1240 659 1293; x_wconf 83' lang='lat' dir='ltr'><strong>Nam</strong></span> <span class='ocrx_word' id='word_1_70' title='bbox 698 1251 754 1293; x_wconf 90' lang='lat' dir='ltr'><strong>et</strong></span> <span class='ocrx_word' id='word_1_71' title='bbox 795 1239 1003 1308; x_wconf 73' lang='lat' dir='ltr'><strong>Moyses</strong></span> <span class='ocrx_word' id='word_1_72' title='bbox 1040 1238 1283 1303; x_wconf 84' lang='lat' dir='ltr'><strong>dolebat,</strong></span> <span class='ocrx_word' id='word_1_73' title='bbox 1317 1239 1497 1307; x_wconf 90' lang='lat' dir='ltr'><strong>sicque</strong></span> <span class='ocrx_word' id='word_1_74' title='bbox 1538 1239 1755 1305; x_wconf 84' lang='lat' dir='ltr'><strong>orabat,</strong></span> <span class='ocrx_word' id='word_1_75' title='bbox 1788 1248 1843 1294; x_wconf 91' lang='lat' dir='ltr'><strong>et</strong></span> 
     </span>
    </p>
   </div>
   <div class='ocr_carea' id='block_1_11' title="bbox 239 1329 1840 1398">
    <p class='ocr_par' dir='ltr' id='par_1_11' title="bbox 239 1329 1840 1398">
     <span class='ocr_line' id='line_1_11' title="bbox 239 1329 1840 1398; baseline -0.001 -13"><span class='ocrx_word' id='word_1_76' title='bbox 239 1332 565 1386; x_wconf 71' lang='lat' dir='ltr'><strong>audiebatur</strong></span> <span class='ocrx_word' id='word_1_77' title='bbox 591 1350 604 1384; x_wconf 90' lang='lat'><strong>:</strong></span> <span class='ocrx_word' id='word_1_78' title='bbox 636 1331 860 1398; x_wconf 82' lang='lat' dir='ltr'><strong>ideoque</strong></span> <span class='ocrx_word' id='word_1_79' title='bbox 888 1330 1025 1383; x_wconf 81' lang='lat' dir='ltr'><strong>dixit</strong></span> <span class='ocrx_word' id='word_1_80' title='bbox 1068 1330 1140 1383; x_wconf 88' lang='lat' dir='ltr'><strong>illi</strong></span> <span class='ocrx_word' id='word_1_81' title='bbox 1189 1331 1325 1383; x_wconf 89' lang='lat' dir='ltr'><strong>Deus</strong></span> <span class='ocrx_word' id='word_1_82' title='bbox 1354 1347 1370 1380; x_wconf 71' lang='grc' dir='ltr'><strong>ι</strong></span> <span class='ocrx_word' id='word_1_83' title='bbox 1399 1329 1535 1394; x_wconf 80' lang='lat' dir='ltr'><strong>Quid</strong></span> <span class='ocrx_word' id='word_1_84' title='bbox 1556 1331 1750 1385; x_wconf 86' lang='lat' dir='ltr'><strong>clamas</strong></span> <span class='ocrx_word' id='word_1_85' title='bbox 1773 1332 1840 1384; x_wconf 86' lang='lat' dir='ltr'><strong>ad</strong></span> 
     </span>
    </p>
   </div>
   <div class='ocr_carea' id='block_1_12' title="bbox 239 1422 1838 1495">
    <p class='ocr_par' dir='ltr' id='par_1_12' title="bbox 239 1422 1838 1495">
     <span class='ocr_line' id='line_1_12' title="bbox 239 1422 1838 1495; baseline 0 -18"><span class='ocrx_word' id='word_1_86' title='bbox 239 1442 318 1479; x_wconf 84' lang='lat' dir='ltr'><strong>me</strong></span> <span class='ocrx_word' id='word_1_87' title='bbox 360 1424 563 1494; x_wconf 72' lang='lat' dir='ltr'><strong>(Exod.</strong></span> <span class='ocrx_word' id='word_1_88' title='bbox 599 1425 687 1478; x_wconf 75' lang='lat' dir='ltr'><strong>H.</strong></span> <span class='ocrx_word' id='word_1_89' title='bbox 720 1422 857 1495; x_wconf 68' lang='lat'><strong>15)?</strong></span> <span class='ocrx_word' id='word_1_90' title='bbox 898 1426 1049 1476; x_wconf 81' lang='lat' dir='ltr'><strong>Anna</strong></span> <span class='ocrx_word' id='word_1_91' title='bbox 1078 1438 1288 1491; x_wconf 90' lang='lat' dir='ltr'><strong>quoque</strong></span> <span class='ocrx_word' id='word_1_92' title='bbox 1322 1439 1554 1487; x_wconf 87' lang='lat' dir='ltr'><strong>rursum,</strong></span> <span class='ocrx_word' id='word_1_93' title='bbox 1584 1437 1705 1477; x_wconf 90' lang='lat' dir='ltr'><strong>cum</strong></span> <span class='ocrx_word' id='word_1_94' title='bbox 1736 1440 1838 1477; x_wconf 78' lang='lat' dir='ltr'><strong>VUX</strong></span> 
     </span>
    </p>
   </div>
   <div class='ocr_carea' id='block_1_13' title="bbox 239 1514 1839 1584">
    <p class='ocr_par' dir='ltr' id='par_1_13' title="bbox 239 1514 1839 1584">
     <span class='ocr_line' id='line_1_13' title="bbox 239 1514 1839 1584; baseline -0.001 -14"><span class='ocrx_word' id='word_1_95' title='bbox 239 1532 348 1570; x_wconf 85' lang='lat' dir='ltr'><strong>non</strong></span> <span class='ocrx_word' id='word_1_96' title='bbox 378 1516 680 1580; x_wconf 85' lang='lat' dir='ltr'><strong>audiretur,</strong></span> <span class='ocrx_word' id='word_1_97' title='bbox 711 1515 888 1569; x_wconf 88' lang='lat' dir='ltr'><strong>omnia</strong></span> <span class='ocrx_word' id='word_1_98' title='bbox 914 1530 1033 1584; x_wconf 71' lang='lat' dir='ltr'><strong>qua:</strong></span> <span class='ocrx_word' id='word_1_99' title='bbox 1059 1514 1224 1567; x_wconf 88' lang='lat' dir='ltr'><strong>voluit</strong></span> <span class='ocrx_word' id='word_1_100' title='bbox 1252 1514 1572 1580; x_wconf 74' lang='lat' dir='ltr'><strong>impetravit,</strong></span> <span class='ocrx_word' id='word_1_101' title='bbox 1599 1516 1720 1583; x_wconf 87' lang='lat' dir='ltr'><strong>quia</strong></span> <span class='ocrx_word' id='word_1_102' title='bbox 1746 1530 1839 1569; x_wconf 86' lang='lat' dir='ltr'><strong>cor</strong></span> 
     </span>
    </p>
   </div>
   <div class='ocr_carea' id='block_1_14' title="bbox 239 1604 1837 1678">
    <p class='ocr_par' dir='ltr' id='par_1_14' title="bbox 239 1604 1837 1678">
     <span class='ocr_line' id='line_1_14' title="bbox 239 1604 1837 1678; baseline -0.001 -17"><span class='ocrx_word' id='word_1_103' title='bbox 239 1606 356 1676; x_wconf 89' lang='lat' dir='ltr'><strong>ejus</strong></span> <span class='ocrx_word' id='word_1_104' title='bbox 400 1606 670 1660; x_wconf 86' lang='lat' dir='ltr'><strong>clamabat</strong></span> <span class='ocrx_word' id='word_1_105' title='bbox 712 1604 789 1678; x_wconf 85' lang='grc'><strong>(1.</strong></span> <span class='ocrx_word' id='word_1_106' title='bbox 816 1604 942 1675; x_wconf 83' lang='lat' dir='ltr'><strong>Reg.</strong></span> <span class='ocrx_word' id='word_1_107' title='bbox 974 1604 1051 1675; x_wconf 84' lang='grc'><strong>1).</strong></span> <span class='ocrx_word' id='word_1_108' title='bbox 1080 1605 1214 1658; x_wconf 80' lang='lat' dir='ltr'><strong>Abel</strong></span> <span class='ocrx_word' id='word_1_109' title='bbox 1240 1620 1367 1658; x_wconf 88' lang='lat' dir='ltr'><strong>vero</strong></span> <span class='ocrx_word' id='word_1_110' title='bbox 1398 1620 1501 1658; x_wconf 93' lang='lat' dir='ltr'><strong>non</strong></span> <span class='ocrx_word' id='word_1_111' title='bbox 1528 1606 1689 1660; x_wconf 89' lang='lat' dir='ltr'><strong>silens</strong></span> <span class='ocrx_word' id='word_1_112' title='bbox 1718 1620 1837 1659; x_wconf 91' lang='lat' dir='ltr'><strong>mo-</strong></span> 
     </span>
    </p>
   </div>
   <div class='ocr_carea' id='block_1_15' title="bbox 238 1696 1838 1766">
    <p class='ocr_par' dir='ltr' id='par_1_15' title="bbox 238 1696 1838 1766">
     <span class='ocr_line' id='line_1_15' title="bbox 238 1696 1838 1766; baseline 0 -15"><span class='ocrx_word' id='word_1_113' title='bbox 238 1700 342 1758; x_wconf 77' lang='lat' dir='ltr'><strong>do.</strong></span> <span class='ocrx_word' id='word_1_114' title='bbox 373 1698 472 1751; x_wconf 91' lang='lat' dir='ltr'><strong>sed</strong></span> <span class='ocrx_word' id='word_1_115' title='bbox 518 1699 681 1751; x_wconf 82' lang='lat' dir='ltr'><strong>etiam</strong></span> <span class='ocrx_word' id='word_1_116' title='bbox 723 1698 957 1751; x_wconf 83' lang='lat' dir='ltr'><strong>moriens</strong></span> <span class='ocrx_word' id='word_1_117' title='bbox 1002 1698 1349 1766; x_wconf 83' lang='lat' dir='ltr'><strong>precabatur,</strong></span> <span class='ocrx_word' id='word_1_118' title='bbox 1380 1708 1435 1751; x_wconf 91' lang='lat' dir='ltr'><strong>et</strong></span> <span class='ocrx_word' id='word_1_119' title='bbox 1476 1697 1692 1766; x_wconf 84' lang='lat' dir='ltr'><strong>sanguis</strong></span> <span class='ocrx_word' id='word_1_120' title='bbox 1721 1696 1838 1766; x_wconf 85' lang='lat' dir='ltr'><strong>ejus</strong></span> 
     </span>
    </p>
   </div>
   <div class='ocr_carea' id='block_1_16' title="bbox 238 1789 1838 1861">
    <p class='ocr_par' dir='ltr' id='par_1_16' title="bbox 238 1789 1838 1861">
     <span class='ocr_line' id='line_1_16' title="bbox 238 1789 1838 1861; baseline 0.001 -17"><span class='ocrx_word' id='word_1_121' title='bbox 238 1792 361 1846; x_wconf 89' lang='lat' dir='ltr'><strong>tuba</strong></span> <span class='ocrx_word' id='word_1_122' title='bbox 388 1791 674 1845; x_wconf 81' lang='lat' dir='ltr'><strong>clariorem</strong></span> <span class='ocrx_word' id='word_1_123' title='bbox 714 1791 993 1844; x_wconf 84' lang='lat' dir='ltr'><strong>emittebat</strong></span> <span class='ocrx_word' id='word_1_124' title='bbox 1026 1806 1233 1844; x_wconf 89' lang='lat' dir='ltr'><strong>vocem.</strong></span> <span class='ocrx_word' id='word_1_125' title='bbox 1275 1789 1568 1861; x_wconf 86' lang='lat' dir='ltr'><strong>lngemisce</strong></span> <span class='ocrx_word' id='word_1_126' title='bbox 1598 1791 1755 1859; x_wconf 79' lang='lat' dir='ltr'><strong>igitur</strong></span> <span class='ocrx_word' id='word_1_127' title='bbox 1782 1802 1838 1845; x_wconf 90' lang='lat' dir='ltr'><strong>et</strong></span> 
     </span>
    </p>
   </div>
   <div class='ocr_carea' id='block_1_17' title="bbox 238 1881 1832 1952">
    <p class='ocr_par' dir='ltr' id='par_1_17' title="bbox 238 1881 1832 1952">
     <span class='ocr_line' id='line_1_17' title="bbox 238 1881 1832 1952; baseline -0.001 -16"><span class='ocrx_word' id='word_1_128' title='bbox 238 1893 292 1936; x_wconf 90' lang='lat' dir='ltr'><strong>tu</strong></span> <span class='ocrx_word' id='word_1_129' title='bbox 318 1884 574 1937; x_wconf 84' lang='lat' dir='ltr'><strong>similiter</strong></span> <span class='ocrx_word' id='word_1_130' title='bbox 604 1892 660 1937; x_wconf 91' lang='lat' dir='ltr'><strong>ut</strong></span> <span class='ocrx_word' id='word_1_131' title='bbox 689 1883 781 1938; x_wconf 89' lang='lat' dir='ltr'><strong>ille</strong></span> <span class='ocrx_word' id='word_1_132' title='bbox 812 1892 1027 1937; x_wconf 89' lang='lat' dir='ltr'><strong>sanctus</strong></span> <span class='ocrx_word' id='word_1_133' title='bbox 1056 1899 1069 1932; x_wconf 90' lang='lat'>:</span> <span class='ocrx_word' id='word_1_134' title='bbox 1098 1882 1151 1937; x_wconf 90' lang='lat' dir='ltr'><strong>id</strong></span> <span class='ocrx_word' id='word_1_135' title='bbox 1181 1898 1287 1936; x_wconf 91' lang='lat' dir='ltr'><strong>non</strong></span> <span class='ocrx_word' id='word_1_136' title='bbox 1319 1881 1571 1952; x_wconf 90' lang='lat' dir='ltr'><strong>impedio.</strong></span> <span class='ocrx_word' id='word_1_137' title='bbox 1605 1882 1832 1947; x_wconf 88' lang='lat' dir='ltr'><strong>Scinde,</strong></span> 
     </span>
    </p>
   </div>
   <div class='ocr_carea' id='block_1_18' title="bbox 236 1973 1833 2045">
    <p class='ocr_par' dir='ltr' id='par_1_18' title="bbox 236 1973 1833 2045">
     <span class='ocr_line' id='line_1_18' title="bbox 236 1973 1833 2045; baseline -0.003 -15"><span class='ocrx_word' id='word_1_138' title='bbox 236 1986 294 2030; x_wconf 86' lang='lat' dir='ltr'><strong>ut</strong></span> <span class='ocrx_word' id='word_1_139' title='bbox 319 1977 585 2045; x_wconf 84' lang='lat' dir='ltr'><strong>prOpheta</strong></span> <span class='ocrx_word' id='word_1_140' title='bbox 618 1975 813 2045; x_wconf 82' lang='lat' dir='ltr'><strong>jussit,</strong></span> <span class='ocrx_word' id='word_1_141' title='bbox 844 1989 939 2029; x_wconf 90' lang='lat' dir='ltr'><strong>cor</strong></span> <span class='ocrx_word' id='word_1_142' title='bbox 968 1982 1118 2029; x_wconf 86' lang='lat' dir='ltr'><strong>tuum</strong></span> <span class='ocrx_word' id='word_1_143' title='bbox 1141 2014 1155 2040; x_wconf 94' lang='lat'><strong>,</strong></span> <span class='ocrx_word' id='word_1_144' title='bbox 1186 1983 1241 2027; x_wconf 91' lang='lat' dir='ltr'><strong>et</strong></span> <span class='ocrx_word' id='word_1_145' title='bbox 1267 1988 1372 2028; x_wconf 92' lang='lat' dir='ltr'><strong>non</strong></span> <span class='ocrx_word' id='word_1_146' title='bbox 1401 1973 1713 2028; x_wconf 88' lang='lat' dir='ltr'><strong>vestimenta</strong></span> <span class='ocrx_word' id='word_1_147' title='bbox 1748 1984 1833 2026; x_wconf 86' lang='lat' dir='ltr'><strong>tua</strong></span> 
     </span>
    </p>
   </div>
   <div class='ocr_carea' id='block_1_19' title="bbox 235 2065 1837 2139">
    <p class='ocr_par' dir='ltr' id='par_1_19' title="bbox 235 2065 1837 2139">
     <span class='ocr_line' id='line_1_19' title="bbox 235 2065 1837 2139; baseline -0.004 -16"><span class='ocrx_word' id='word_1_148' title='bbox 235 2068 402 2139; x_wconf 78' lang='lat' dir='ltr'><strong>(Joel</strong></span> <span class='ocrx_word' id='word_1_149' title='bbox 431 2068 487 2122; x_wconf 75' lang='grc'><strong>2.</strong></span> <span class='ocrx_word' id='word_1_150' title='bbox 519 2070 589 2123; x_wconf 75' lang='grc'><strong>15</strong></span> <span class='ocrx_word' id='word_1_151' title='bbox 623 2070 661 2138; x_wconf 93' lang='grc'><strong>).</strong></span> <span class='ocrx_word' id='word_1_152' title='bbox 695 2069 769 2122; x_wconf 90' lang='lat' dir='ltr'><strong>De</strong></span> <span class='ocrx_word' id='word_1_153' title='bbox 809 2066 1083 2136; x_wconf 84' lang='lat' dir='ltr'><strong>profundis</strong></span> <span class='ocrx_word' id='word_1_154' title='bbox 1127 2066 1312 2119; x_wconf 89' lang='lat' dir='ltr'><strong>invoca</strong></span> <span class='ocrx_word' id='word_1_155' title='bbox 1356 2065 1560 2129; x_wconf 87' lang='lat' dir='ltr'><strong>Deum;</strong></span> <span class='ocrx_word' id='word_1_156' title='bbox 1602 2080 1722 2119; x_wconf 83' lang='lat' dir='ltr'><strong>nam</strong></span> <span class='ocrx_word' id='word_1_157' title='bbox 1761 2066 1837 2118; x_wconf 86' lang='lat' dir='ltr'><strong>ait</strong></span> 
     </span>
    </p>
   </div>
   <div class='ocr_carea' id='block_1_20' title="bbox 233 2154 1830 2231">
    <p class='ocr_par' dir='ltr' id='par_1_20' title="bbox 233 2154 1830 2231">
     <span class='ocr_line' id='line_1_20' title="bbox 233 2154 1830 2231; baseline -0.004 -16"><span class='ocrx_word' id='word_1_158' title='bbox 233 2162 323 2215; x_wconf 80' lang='lat' dir='ltr'><strong>ille</strong></span> <span class='ocrx_word' id='word_1_159' title='bbox 345 2203 361 2228; x_wconf 90' lang='lat'><strong>,</strong></span> <span class='ocrx_word' id='word_1_160' title='bbox 393 2159 477 2213; x_wconf 88' lang='lat' dir='ltr'><strong>De</strong></span> <span class='ocrx_word' id='word_1_161' title='bbox 503 2159 773 2231; x_wconf 74' lang='lat' dir='ltr'><strong>profundis</strong></span> <span class='ocrx_word' id='word_1_162' title='bbox 800 2158 1014 2212; x_wconf 66' lang='lat' dir='ltr'><strong>clamaui</strong></span> <span class='ocrx_word' id='word_1_163' title='bbox 1039 2158 1107 2210; x_wconf 89' lang='lat' dir='ltr'><strong>ad</strong></span> <span class='ocrx_word' id='word_1_164' title='bbox 1136 2167 1215 2224; x_wconf 88' lang='lat' dir='ltr'><strong>te,</strong></span> <span class='ocrx_word' id='word_1_165' title='bbox 1242 2155 1463 2210; x_wconf 80' lang='lat' dir='ltr'><strong>Domine</strong></span> <span class='ocrx_word' id='word_1_166' title='bbox 1493 2156 1512 2226; x_wconf 84' lang='lat'>(</span> <span class='ocrx_word' id='word_1_167' title='bbox 1529 2154 1675 2209; x_wconf 87' lang='lat' dir='ltr'><strong>Psal.</strong></span> <span class='ocrx_word' id='word_1_168' title='bbox 1707 2155 1830 2209; x_wconf 71' lang='grc'><strong>129.</strong></span> 
     </span>
    </p>
   </div>
   <div class='ocr_carea' id='block_1_21' title="bbox 232 2249 1830 2323">
    <p class='ocr_par' dir='ltr' id='par_1_21' title="bbox 232 2249 1830 2323">
     <span class='ocr_line' id='line_1_21' title="bbox 232 2249 1830 2323; baseline -0.003 -16"><span class='ocrx_word' id='word_1_169' title='bbox 232 2254 287 2323; x_wconf 79' lang='grc'><strong>1)</strong></span> <span class='ocrx_word' id='word_1_170' title='bbox 320 2271 335 2307; x_wconf 88' lang='lat'><strong>:</strong></span> <span class='ocrx_word' id='word_1_171' title='bbox 367 2268 437 2309; x_wconf 79' lang='lat' dir='ltr'><strong>ex</strong></span> <span class='ocrx_word' id='word_1_172' title='bbox 478 2253 669 2307; x_wconf 91' lang='lat' dir='ltr'><strong>intimo</strong></span> <span class='ocrx_word' id='word_1_173' title='bbox 697 2252 875 2307; x_wconf 89' lang='lat' dir='ltr'><strong>cordis</strong></span> <span class='ocrx_word' id='word_1_174' title='bbox 905 2252 981 2305; x_wconf 91' lang='lat' dir='ltr'><strong>tui</strong></span> <span class='ocrx_word' id='word_1_175' title='bbox 1012 2266 1200 2307; x_wconf 87' lang='lat' dir='ltr'><strong>vocem</strong></span> <span class='ocrx_word' id='word_1_176' title='bbox 1242 2249 1449 2304; x_wconf 86' lang='lat' dir='ltr'><strong>attrahe</strong></span> <span class='ocrx_word' id='word_1_177' title='bbox 1472 2291 1486 2314; x_wconf 90' lang='lat'><strong>,</strong></span> <span class='ocrx_word' id='word_1_178' title='bbox 1520 2249 1604 2304; x_wconf 90' lang='lat' dir='ltr'><strong>fac</strong></span> <span class='ocrx_word' id='word_1_179' title='bbox 1631 2250 1830 2303; x_wconf 89' lang='lat' dir='ltr'><strong>oratio-</strong></span> 
     </span>
    </p>
   </div>
   <div class='ocr_carea' id='block_1_22' title="bbox 232 2340 1832 2415">
    <p class='ocr_par' dir='ltr' id='par_1_22' title="bbox 232 2340 1832 2415">
     <span class='ocr_line' id='line_1_22' title="bbox 232 2340 1832 2415; baseline -0.004 -15"><span class='ocrx_word' id='word_1_180' title='bbox 232 2360 354 2400; x_wconf 87' lang='lat' dir='ltr'><strong>nem</strong></span> <span class='ocrx_word' id='word_1_181' title='bbox 387 2355 539 2399; x_wconf 84' lang='lat' dir='ltr'><strong>tuam</strong></span> <span class='ocrx_word' id='word_1_182' title='bbox 569 2359 689 2400; x_wconf 80' lang='lat' dir='ltr'><strong>esse</strong></span> <span class='ocrx_word' id='word_1_183' title='bbox 728 2343 1063 2415; x_wconf 76' lang='lat' dir='ltr'><strong>mysterium.</strong></span> <span class='ocrx_word' id='word_1_184' title='bbox 1100 2342 1214 2397; x_wconf 87' lang='lat' dir='ltr'><strong>Non</strong></span> <span class='ocrx_word' id='word_1_185' title='bbox 1252 2342 1400 2396; x_wconf 83' lang='lat' dir='ltr'><strong>vides</strong></span> <span class='ocrx_word' id='word_1_186' title='bbox 1430 2342 1481 2394; x_wconf 92' lang='lat' dir='ltr'><strong>in</strong></span> <span class='ocrx_word' id='word_1_187' title='bbox 1503 2341 1644 2396; x_wconf 84' lang='lat' dir='ltr'><strong>aulis</strong></span> <span class='ocrx_word' id='word_1_188' title='bbox 1673 2340 1832 2410; x_wconf 88' lang='lat' dir='ltr'><strong>regiis</strong></span> 
     </span>
    </p>
   </div>
   <div class='ocr_carea' id='block_1_23' title="bbox 230 2434 1831 2503">
    <p class='ocr_par' dir='ltr' id='par_1_23' title="bbox 230 2434 1831 2503">
     <span class='ocr_line' id='line_1_23' title="bbox 230 2434 1831 2503; baseline -0.004 -9"><span class='ocrx_word' id='word_1_189' title='bbox 230 2440 525 2493; x_wconf 86' lang='lat' dir='ltr'><strong>tumultum</strong></span> <span class='ocrx_word' id='word_1_190' title='bbox 546 2454 766 2493; x_wconf 87' lang='lat' dir='ltr'><strong>onmem</strong></span> <span class='ocrx_word' id='word_1_191' title='bbox 791 2436 1057 2491; x_wconf 90' lang='lat' dir='ltr'><strong>eliminari</strong></span> <span class='ocrx_word' id='word_1_192' title='bbox 1076 2476 1090 2499; x_wconf 91' lang='lat'><strong>,</strong></span> <span class='ocrx_word' id='word_1_193' title='bbox 1118 2444 1176 2490; x_wconf 88' lang='lat' dir='ltr'><strong>et</strong></span> <span class='ocrx_word' id='word_1_194' title='bbox 1204 2436 1427 2489; x_wconf 89' lang='lat' dir='ltr'><strong>multum</strong></span> <span class='ocrx_word' id='word_1_195' title='bbox 1454 2434 1683 2503; x_wconf 82' lang='lat' dir='ltr'><strong>undique</strong></span> <span class='ocrx_word' id='word_1_196' title='bbox 1711 2448 1831 2487; x_wconf 77' lang='lat' dir='ltr'><strong>esse</strong></span> 
     </span>
    </p>
   </div>
   <div class='ocr_carea' id='block_1_24' title="bbox 229 2526 1831 2601">
    <p class='ocr_par' dir='ltr' id='par_1_24' title="bbox 229 2526 1831 2601">
     <span class='ocr_line' id='line_1_24' title="bbox 229 2526 1831 2601; baseline -0.006 -13"><span class='ocrx_word' id='word_1_197' title='bbox 229 2532 547 2590; x_wconf 80' lang='lat' dir='ltr'><strong>silentium?</strong></span> <span class='ocrx_word' id='word_1_198' title='bbox 580 2533 647 2587; x_wconf 76' lang='lat' dir='ltr'><strong>Et</strong></span> <span class='ocrx_word' id='word_1_199' title='bbox 686 2542 741 2586; x_wconf 93' lang='lat' dir='ltr'><strong>tu</strong></span> <span class='ocrx_word' id='word_1_200' title='bbox 782 2531 958 2601; x_wconf 82' lang='lat' dir='ltr'><strong>itaque</strong></span> <span class='ocrx_word' id='word_1_201' title='bbox 994 2529 1146 2600; x_wconf 88' lang='lat' dir='ltr'><strong>quasi</strong></span> <span class='ocrx_word' id='word_1_202' title='bbox 1186 2532 1237 2584; x_wconf 86' lang='lat' dir='ltr'><strong>in</strong></span> <span class='ocrx_word' id='word_1_203' title='bbox 1281 2528 1482 2597; x_wconf 83' lang='lat' dir='ltr'><strong>regiam</strong></span> <span class='ocrx_word' id='word_1_204' title='bbox 1529 2526 1831 2596; x_wconf 89' lang='lat' dir='ltr'><strong>ingrediens</strong></span> 
     </span>
    </p>
   </div>
   <div class='ocr_carea' id='block_1_25' title="bbox 230 2621 1830 2689">
    <p class='ocr_par' dir='ltr' id='par_1_25' title="bbox 230 2621 1830 2689">
     <span class='ocr_line' id='line_1_25' title="bbox 230 2621 1830 2689; baseline -0.007 -8"><span class='ocrx_word' id='word_1_205' title='bbox 230 2640 335 2681; x_wconf 89' lang='lat' dir='ltr'><strong>non</strong></span> <span class='ocrx_word' id='word_1_206' title='bbox 365 2634 663 2689; x_wconf 86' lang='lat' dir='ltr'><strong>terrenam,</strong></span> <span class='ocrx_word' id='word_1_207' title='bbox 690 2623 786 2679; x_wconf 87' lang='lat' dir='ltr'><strong>sed</strong></span> <span class='ocrx_word' id='word_1_208' title='bbox 810 2624 863 2677; x_wconf 88' lang='lat' dir='ltr'><strong>in</strong></span> <span class='ocrx_word' id='word_1_209' title='bbox 888 2623 1057 2677; x_wconf 89' lang='lat' dir='ltr'><strong>multo</strong></span> <span class='ocrx_word' id='word_1_210' title='bbox 1083 2621 1477 2684; x_wconf 89' lang='lat' dir='ltr'><strong>terribiliorem,</strong></span> <span class='ocrx_word' id='word_1_211' title='bbox 1509 2634 1703 2689; x_wconf 87' lang='lat' dir='ltr'><strong>nempe</strong></span> <span class='ocrx_word' id='word_1_212' title='bbox 1727 2634 1830 2673; x_wconf 84' lang='lat' dir='ltr'><strong>ca:-</strong></span> 
     </span>
    </p>
   </div>
   <div class='ocr_carea' id='block_1_26' title="bbox 228 2710 1831 2786">
    <p class='ocr_par' dir='ltr' id='par_1_26' title="bbox 228 2710 1831 2786">
     <span class='ocr_line' id='line_1_26' title="bbox 228 2710 1831 2786; baseline -0.006 -15"><span class='ocrx_word' id='word_1_213' title='bbox 228 2718 446 2781; x_wconf 88' lang='lat' dir='ltr'><strong>lestem,</strong></span> <span class='ocrx_word' id='word_1_214' title='bbox 479 2730 729 2786; x_wconf 87' lang='lat' dir='ltr'><strong>magnam</strong></span> <span class='ocrx_word' id='word_1_215' title='bbox 760 2713 954 2770; x_wconf 77' lang='lat' dir='ltr'><strong>exhibe</strong></span> <span class='ocrx_word' id='word_1_216' title='bbox 982 2712 1319 2768; x_wconf 85' lang='lat' dir='ltr'><strong>modestiam.</strong></span> <span class='ocrx_word' id='word_1_217' title='bbox 1351 2710 1484 2766; x_wconf 88' lang='lat' dir='ltr'><strong>Nam</strong></span> <span class='ocrx_word' id='word_1_218' title='bbox 1511 2722 1565 2766; x_wconf 91' lang='lat' dir='ltr'><strong>et</strong></span> <span class='ocrx_word' id='word_1_219' title='bbox 1588 2726 1708 2765; x_wconf 91' lang='lat' dir='ltr'><strong>cum</strong></span> <span class='ocrx_word' id='word_1_220' title='bbox 1734 2726 1831 2764; x_wconf 87' lang='lat' dir='ltr'><strong>an-</strong></span> 
     </span>
    </p>
   </div>
   <div class='ocr_carea' id='block_1_27' title="bbox 229 2804 1830 2879">
    <p class='ocr_par' dir='ltr' id='par_1_27' title="bbox 229 2804 1830 2879">
     <span class='ocr_line' id='line_1_27' title="bbox 229 2804 1830 2879; baseline -0.003 -17"><span class='ocrx_word' id='word_1_221' title='bbox 229 2809 362 2879; x_wconf 81' lang='lat' dir='ltr'><strong>gelis</strong></span> <span class='ocrx_word' id='word_1_222' title='bbox 397 2807 632 2863; x_wconf 83' lang='lat' dir='ltr'><strong>choreas</strong></span> <span class='ocrx_word' id='word_1_223' title='bbox 674 2808 821 2877; x_wconf 89' lang='lat' dir='ltr'><strong>agis,</strong></span> <span class='ocrx_word' id='word_1_224' title='bbox 862 2815 916 2861; x_wconf 90' lang='lat' dir='ltr'><strong>et</strong></span> <span class='ocrx_word' id='word_1_225' title='bbox 953 2804 1393 2876; x_wconf 87' lang='lat' dir='ltr'><strong>archangelorum</strong></span> <span class='ocrx_word' id='word_1_226' title='bbox 1431 2820 1491 2859; x_wconf 89' lang='lat' dir='ltr'><strong>es</strong></span> <span class='ocrx_word' id='word_1_227' title='bbox 1528 2805 1705 2859; x_wconf 88' lang='lat' dir='ltr'><strong>socius</strong></span> <span class='ocrx_word' id='word_1_228' title='bbox 1728 2844 1744 2868; x_wconf 95' lang='lat'><strong>,</strong></span> <span class='ocrx_word' id='word_1_229' title='bbox 1771 2812 1830 2857; x_wconf 86' lang='lat' dir='ltr'><strong>et</strong></span> 
     </span>
    </p>
   </div>
   <div class='ocr_carea' id='block_1_28' title="bbox 229 2897 1827 2970">
    <p class='ocr_par' dir='ltr' id='par_1_28' title="bbox 229 2897 1827 2970">
     <span class='ocr_line' id='line_1_28' title="bbox 229 2897 1827 2970; baseline -0.004 -13"><span class='ocrx_word' id='word_1_230' title='bbox 229 2918 350 2957; x_wconf 85' lang='lat' dir='ltr'><strong>cum</strong></span> <span class='ocrx_word' id='word_1_231' title='bbox 380 2900 671 2970; x_wconf 85' lang='lat' dir='ltr'><strong>Seraphim</strong></span> <span class='ocrx_word' id='word_1_232' title='bbox 696 2900 845 2955; x_wconf 86' lang='lat' dir='ltr'><strong>canis</strong></span> <span class='ocrx_word' id='word_1_233' title='bbox 870 2900 908 2952; x_wconf 86' lang='grc'><strong>¹.</strong></span> <span class='ocrx_word' id='word_1_234' title='bbox 938 2897 1137 2954; x_wconf 86' lang='lat' dir='ltr'><strong>Omnes</strong></span> <span class='ocrx_word' id='word_1_235' title='bbox 1178 2912 1337 2967; x_wconf 89' lang='lat' dir='ltr'><strong>porro</strong></span> <span class='ocrx_word' id='word_1_236' title='bbox 1377 2898 1464 2952; x_wconf 90' lang='lat' dir='ltr'><strong>isti</strong></span> <span class='ocrx_word' id='word_1_237' title='bbox 1500 2907 1673 2952; x_wconf 74' lang='lat' dir='ltr'><strong>cauus</strong></span> <span class='ocrx_word' id='word_1_238' title='bbox 1707 2911 1827 2951; x_wconf 84' lang='lat' dir='ltr'><strong>ma-</strong></span> 
     </span>
    </p>
   </div>
   <div class='ocr_carea' id='block_1_29' title="bbox 228 2990 1824 3065">
    <p class='ocr_par' dir='ltr' id='par_1_29' title="bbox 228 2990 1824 3065">
     <span class='ocr_line' id='line_1_29' title="bbox 228 2990 1824 3065; baseline -0.003 -16"><span class='ocrx_word' id='word_1_239' title='bbox 228 3010 390 3065; x_wconf 85' lang='lat' dir='ltr'><strong>gnum</strong></span> <span class='ocrx_word' id='word_1_240' title='bbox 420 2993 688 3047; x_wconf 77' lang='lat' dir='ltr'><strong>exhibent</strong></span> <span class='ocrx_word' id='word_1_241' title='bbox 713 2993 955 3048; x_wconf 87' lang='lat' dir='ltr'><strong>ordinem</strong></span> <span class='ocrx_word' id='word_1_242' title='bbox 978 3033 994 3058; x_wconf 87' lang='lat'><strong>,</strong></span> <span class='ocrx_word' id='word_1_243' title='bbox 1026 3006 1146 3047; x_wconf 92' lang='lat' dir='ltr'><strong>cum</strong></span> <span class='ocrx_word' id='word_1_244' title='bbox 1177 2991 1401 3046; x_wconf 87' lang='lat' dir='ltr'><strong>horrore</strong></span> <span class='ocrx_word' id='word_1_245' title='bbox 1428 2990 1598 3045; x_wconf 90' lang='lat' dir='ltr'><strong>multo</strong></span> <span class='ocrx_word' id='word_1_246' title='bbox 1635 2992 1824 3061; x_wconf 89' lang='lat' dir='ltr'><strong>mysti-</strong></span> 
     </span>
    </p>
   </div>
   <div class='ocr_carea' id='block_1_30' title="bbox 230 3083 1826 3154">
    <p class='ocr_par' dir='ltr' id='par_1_30' title="bbox 230 3083 1826 3154">
     <span class='ocr_line' id='line_1_30' title="bbox 230 3083 1826 3154; baseline -0.003 -12"><span class='ocrx_word' id='word_1_247' title='bbox 230 3106 348 3143; x_wconf 90' lang='lat' dir='ltr'><strong>cum</strong></span> <span class='ocrx_word' id='word_1_248' title='bbox 382 3089 517 3143; x_wconf 90' lang='lat' dir='ltr'><strong>illud</strong></span> <span class='ocrx_word' id='word_1_249' title='bbox 546 3088 714 3141; x_wconf 90' lang='lat' dir='ltr'><strong>melos</strong></span> <span class='ocrx_word' id='word_1_250' title='bbox 742 3095 798 3141; x_wconf 90' lang='lat' dir='ltr'><strong>et</strong></span> <span class='ocrx_word' id='word_1_251' title='bbox 823 3100 1006 3140; x_wconf 89' lang='lat' dir='ltr'><strong>sacros</strong></span> <span class='ocrx_word' id='word_1_252' title='bbox 1037 3086 1264 3154; x_wconf 84' lang='lat' dir='ltr'><strong>hymnos</strong></span> <span class='ocrx_word' id='word_1_253' title='bbox 1288 3092 1540 3138; x_wconf 78' lang='lat' dir='ltr'><strong>canentes</strong></span> <span class='ocrx_word' id='word_1_254' title='bbox 1568 3083 1679 3154; x_wconf 89' lang='lat' dir='ltr'><strong>regi</strong></span> <span class='ocrx_word' id='word_1_255' title='bbox 1711 3084 1826 3137; x_wconf 85' lang='lat' dir='ltr'><strong>uni-</strong></span> 
     </span>
    </p>
   </div>
   <div class='ocr_carea' id='block_1_31' title="bbox 233 3176 1820 3255">
    <p class='ocr_par' dir='ltr' id='par_1_31' title="bbox 233 3176 1820 3255">
     <span class='ocr_line' id='line_1_31' title="bbox 233 3176 1820 3255; baseline -0.007 -20"><span class='ocrx_word' id='word_1_256' title='bbox 233 3195 512 3236; x_wconf 75' lang='lat' dir='ltr'><strong>versorum</strong></span> <span class='ocrx_word' id='word_1_257' title='bbox 543 3179 673 3234; x_wconf 90' lang='lat' dir='ltr'><strong>Deo.</strong></span> <span class='ocrx_word' id='word_1_258' title='bbox 706 3179 802 3232; x_wconf 82' lang='lat' dir='ltr'><strong>llis</strong></span> <span class='ocrx_word' id='word_1_259' title='bbox 831 3178 1006 3247; x_wconf 82' lang='lat' dir='ltr'><strong>itaque</strong></span> <span class='ocrx_word' id='word_1_260' title='bbox 1038 3184 1090 3232; x_wconf 89' lang='lat' dir='ltr'><strong>te</strong></span> <span class='ocrx_word' id='word_1_261' title='bbox 1112 3176 1412 3231; x_wconf 85' lang='lat' dir='ltr'><strong>admisceas</strong></span> <span class='ocrx_word' id='word_1_262' title='bbox 1442 3176 1493 3229; x_wconf 93' lang='lat' dir='ltr'><strong>in</strong></span> <span class='ocrx_word' id='word_1_263' title='bbox 1523 3176 1820 3255; x_wconf 74' lang='lat' dir='ltr'><strong>precando,</strong></span> 
     </span>
    </p>
   </div>
   <div class='ocr_carea' id='block_1_32' title="bbox 232 3267 1821 3345">
    <p class='ocr_par' dir='ltr' id='par_1_32' title="bbox 232 3267 1821 3345">
     <span class='ocr_line' id='line_1_32' title="bbox 232 3267 1821 3345; baseline -0.004 -18"><span class='ocrx_word' id='word_1_264' title='bbox 232 3274 626 3345; x_wconf 74' lang='lat' dir='ltr'><strong>mysticumque</strong></span> <span class='ocrx_word' id='word_1_265' title='bbox 664 3271 900 3339; x_wconf 86' lang='lat' dir='ltr'><strong>ipsorum</strong></span> <span class='ocrx_word' id='word_1_266' title='bbox 935 3277 1178 3323; x_wconf 84' lang='lat' dir='ltr'><strong>ornatum</strong></span> <span class='ocrx_word' id='word_1_267' title='bbox 1216 3269 1441 3322; x_wconf 89' lang='lat' dir='ltr'><strong>imitare.</strong></span> <span class='ocrx_word' id='word_1_268' title='bbox 1469 3267 1653 3337; x_wconf 87' lang='lat' dir='ltr'><strong>Neque</strong></span> <span class='ocrx_word' id='word_1_269' title='bbox 1679 3268 1821 3321; x_wconf 81' lang='lat' dir='ltr'><strong>enim</strong></span> 
     </span>
    </p>
   </div>
   <div class='ocr_carea' id='block_1_33' title="bbox 230 3361 1821 3435">
    <p class='ocr_par' dir='ltr' id='par_1_33' title="bbox 230 3361 1821 3435">
     <span class='ocr_line' id='line_1_33' title="bbox 230 3361 1821 3435; baseline -0.006 -15"><span class='ocrx_word' id='word_1_270' title='bbox 230 3366 541 3421; x_wconf 89' lang='lat' dir='ltr'><strong>hominibus</strong></span> <span class='ocrx_word' id='word_1_271' title='bbox 569 3364 840 3435; x_wconf 89' lang='lat' dir='ltr'><strong>precaris;</strong></span> <span class='ocrx_word' id='word_1_272' title='bbox 871 3363 963 3417; x_wconf 91' lang='lat' dir='ltr'><strong>sed</strong></span> <span class='ocrx_word' id='word_1_273' title='bbox 994 3363 1106 3417; x_wconf 89' lang='lat' dir='ltr'><strong>Deo</strong></span> <span class='ocrx_word' id='word_1_274' title='bbox 1132 3361 1328 3432; x_wconf 88' lang='lat' dir='ltr'><strong>ubique</strong></span> <span class='ocrx_word' id='word_1_275' title='bbox 1359 3362 1603 3429; x_wconf 66' lang='lat' dir='ltr'><strong>praesenti</strong></span> <span class='ocrx_word' id='word_1_276' title='bbox 1622 3403 1637 3427; x_wconf 94' lang='lat'><strong>,</strong></span> <span class='ocrx_word' id='word_1_277' title='bbox 1667 3374 1821 3413; x_wconf 78' lang='lat' dir='ltr'><strong>antc—</strong></span> 
     </span>
    </p>
   </div>
   <div class='ocr_carea' id='block_1_34' title="bbox 228 3454 1820 3530">
    <p class='ocr_par' dir='ltr' id='par_1_34' title="bbox 228 3454 1820 3530">
     <span class='ocr_line' id='line_1_34' title="bbox 228 3454 1820 3530; baseline -0.005 -15"><span class='ocrx_word' id='word_1_278' title='bbox 228 3477 386 3530; x_wconf 87' lang='lat' dir='ltr'><strong>quam</strong></span> <span class='ocrx_word' id='word_1_279' title='bbox 429 3474 624 3514; x_wconf 82' lang='lat' dir='ltr'><strong>vocem</strong></span> <span class='ocrx_word' id='word_1_280' title='bbox 676 3458 933 3513; x_wconf 74' lang='lat' dir='ltr'><strong>emittas’</strong></span> <span class='ocrx_word' id='word_1_281' title='bbox 974 3454 1248 3520; x_wconf 87' lang='lat' dir='ltr'><strong>audienti,</strong></span> <span class='ocrx_word' id='word_1_282' title='bbox 1292 3455 1381 3525; x_wconf 91' lang='lat' dir='ltr'><strong>qui</strong></span> <span class='ocrx_word' id='word_1_283' title='bbox 1436 3455 1583 3509; x_wconf 90' lang='lat' dir='ltr'><strong>novit</strong></span> <span class='ocrx_word' id='word_1_284' title='bbox 1627 3470 1820 3507; x_wconf 81' lang='lat' dir='ltr'><strong>arcana</strong></span> 
     </span>
    </p>
   </div>
   <div class='ocr_carea' id='block_1_35' title="bbox 229 3549 1817 3617">
    <p class='ocr_par' dir='ltr' id='par_1_35' title="bbox 229 3549 1817 3617">
     <span class='ocr_line' id='line_1_35' title="bbox 229 3549 1817 3617; baseline -0.006 -9"><span class='ocrx_word' id='word_1_285' title='bbox 229 3555 443 3609; x_wconf 88' lang='lat' dir='ltr'><strong>mentis.</strong></span> <span class='ocrx_word' id='word_1_286' title='bbox 476 3554 536 3609; x_wconf 88' lang='lat' dir='ltr'><strong>Si</strong></span> <span class='ocrx_word' id='word_1_287' title='bbox 565 3554 643 3608; x_wconf 87' lang='lat' dir='ltr'><strong>sic</strong></span> <span class='ocrx_word' id='word_1_288' title='bbox 669 3552 913 3607; x_wconf 87' lang='lat' dir='ltr'><strong>oraveris</strong></span> <span class='ocrx_word' id='word_1_289' title='bbox 933 3592 947 3615; x_wconf 92' lang='lat'><strong>,</strong></span> <span class='ocrx_word' id='word_1_290' title='bbox 973 3550 1196 3605; x_wconf 87' lang='lat' dir='ltr'><strong>multam</strong></span> <span class='ocrx_word' id='word_1_291' title='bbox 1237 3549 1465 3617; x_wconf 85' lang='lat' dir='ltr'><strong>recipies</strong></span> <span class='ocrx_word' id='word_1_292' title='bbox 1491 3549 1817 3604; x_wconf 87' lang='lat' dir='ltr'><strong>mercedem.</strong></span> 
     </span>
    </p>
   </div>
   <div class='ocr_carea' id='block_1_36' title="bbox 232 3641 1822 3716">
    <p class='ocr_par' dir='ltr' id='par_1_36' title="bbox 232 3641 1822 3716">
     <span class='ocr_line' id='line_1_36' title="bbox 232 3641 1822 3716; baseline -0.004 -15"><span class='ocrx_word' id='word_1_293' title='bbox 232 3647 404 3710; x_wconf 84' lang='lat' dir='ltr'><strong>Pater,</strong></span> <span class='ocrx_word' id='word_1_294' title='bbox 434 3646 629 3716; x_wconf 83' lang='lat' dir='ltr'><strong>inquit,</strong></span> <span class='ocrx_word' id='word_1_295' title='bbox 661 3654 794 3709; x_wconf 85' lang='lat' dir='ltr'><strong>tuus,</strong></span> <span class='ocrx_word' id='word_1_296' title='bbox 824 3646 910 3713; x_wconf 81' lang='lat' dir='ltr'><strong>qui</strong></span> <span class='ocrx_word' id='word_1_297' title='bbox 943 3644 1077 3697; x_wconf 86' lang='lat' dir='ltr'><strong>videt</strong></span> <span class='ocrx_word' id='word_1_298' title='bbox 1104 3644 1159 3696; x_wconf 84' lang='lat' dir='ltr'><strong>in</strong></span> <span class='ocrx_word' id='word_1_299' title='bbox 1192 3641 1502 3705; x_wconf 84' lang='lat' dir='ltr'><strong>abscondito,</strong></span> <span class='ocrx_word' id='word_1_300' title='bbox 1531 3642 1704 3695; x_wconf 82' lang='lat' dir='ltr'><strong>reddet</strong></span> <span class='ocrx_word' id='word_1_301' title='bbox 1734 3643 1822 3694; x_wconf 82' lang='lat' dir='ltr'><strong>tibi</strong></span> 
     </span>
    </p>
   </div>
   <div class='ocr_carea' id='block_1_37' title="bbox 224 3734 1819 3811">
    <p class='ocr_par' dir='ltr' id='par_1_37' title="bbox 224 3734 1819 3811">
     <span class='ocr_line' id='line_1_37' title="bbox 224 3734 1819 3811; baseline -0.003 -18"><span class='ocrx_word' id='word_1_302' title='bbox 224 3743 279 3795; x_wconf 83' lang='lat' dir='ltr'><strong>in</strong></span> <span class='ocrx_word' id='word_1_303' title='bbox 316 3741 608 3811; x_wconf 77' lang='lat' dir='ltr'><strong>manifesto.</strong></span> <span class='ocrx_word' id='word_1_304' title='bbox 643 3738 753 3791; x_wconf 84' lang='lat' dir='ltr'><strong>Non</strong></span> <span class='ocrx_word' id='word_1_305' title='bbox 786 3738 876 3802; x_wconf 89' lang='lat' dir='ltr'><strong>ait,</strong></span> <span class='ocrx_word' id='word_1_306' title='bbox 916 3735 1142 3790; x_wconf 83' lang='lat' dir='ltr'><strong>Donabit</strong></span> <span class='ocrx_word' id='word_1_307' title='bbox 1171 3735 1288 3799; x_wconf 88' lang='lat' dir='ltr'><strong>tibi,</strong></span> <span class='ocrx_word' id='word_1_308' title='bbox 1321 3734 1435 3800; x_wconf 88' lang='lat' dir='ltr'><strong>sed,</strong></span> <span class='ocrx_word' id='word_1_309' title='bbox 1469 3734 1683 3788; x_wconf 82' lang='lat' dir='ltr'><strong>Reddet.</strong></span> <span class='ocrx_word' id='word_1_310' title='bbox 1714 3736 1819 3788; x_wconf 80' lang='lat' dir='ltr'><strong>lte-</strong></span> 
     </span>
    </p>
   </div>
   <div class='ocr_carea' id='block_1_38' title="bbox 227 3829 1820 3901">
    <p class='ocr_par' dir='ltr' id='par_1_38' title="bbox 227 3829 1820 3901">
     <span class='ocr_line' id='line_1_38' title="bbox 227 3829 1820 3901; baseline -0.003 -15"><span class='ocrx_word' id='word_1_311' title='bbox 227 3834 454 3887; x_wconf 86' lang='lat' dir='ltr'><strong>bitorem</strong></span> <span class='ocrx_word' id='word_1_312' title='bbox 495 3847 556 3887; x_wconf 91' lang='lat' dir='ltr'><strong>se</strong></span> <span class='ocrx_word' id='word_1_313' title='bbox 593 3832 792 3901; x_wconf 84' lang='lat' dir='ltr'><strong>quippe</strong></span> <span class='ocrx_word' id='word_1_314' title='bbox 820 3830 915 3885; x_wconf 87' lang='lat' dir='ltr'><strong>tibi</strong></span> <span class='ocrx_word' id='word_1_315' title='bbox 953 3829 1263 3896; x_wconf 90' lang='lat' dir='ltr'><strong>constituit,</strong></span> <span class='ocrx_word' id='word_1_316' title='bbox 1290 3836 1449 3898; x_wconf 87' lang='lat' dir='ltr'><strong>teque</strong></span> <span class='ocrx_word' id='word_1_317' title='bbox 1492 3845 1683 3898; x_wconf 84' lang='lat' dir='ltr'><strong>magno</strong></span> <span class='ocrx_word' id='word_1_318' title='bbox 1724 3846 1820 3895; x_wconf 86' lang='lat' dir='ltr'><strong>pro</strong></span> 
     </span>
    </p>
   </div>
   <div class='ocr_carea' id='block_1_39' title="bbox 228 3921 1820 3991">
    <p class='ocr_par' dir='ltr' id='par_1_39' title="bbox 228 3921 1820 3991">
     <span class='ocr_line' id='line_1_39' title="bbox 228 3921 1820 3991; baseline -0.003 -12"><span class='ocrx_word' id='word_1_319' title='bbox 228 3926 329 3980; x_wconf 88' lang='lat' dir='ltr'><strong>hoc</strong></span> <span class='ocrx_word' id='word_1_320' title='bbox 354 3927 521 3979; x_wconf 88' lang='lat' dir='ltr'><strong>etiam</strong></span> <span class='ocrx_word' id='word_1_321' title='bbox 550 3924 757 3978; x_wconf 88' lang='lat' dir='ltr'><strong>honore</strong></span> <span class='ocrx_word' id='word_1_322' title='bbox 787 3922 1024 3977; x_wconf 85' lang='lat' dir='ltr'><strong>donavit.</strong></span> <span class='ocrx_word' id='word_1_323' title='bbox 1062 3921 1193 3988; x_wconf 87' lang='lat' dir='ltr'><strong>Quia</strong></span> <span class='ocrx_word' id='word_1_324' title='bbox 1221 3921 1361 3975; x_wconf 91' lang='lat' dir='ltr'><strong>enim</strong></span> <span class='ocrx_word' id='word_1_325' title='bbox 1400 3922 1514 3991; x_wconf 91' lang='lat' dir='ltr'><strong>ipse</strong></span> <span class='ocrx_word' id='word_1_326' title='bbox 1543 3921 1820 3975; x_wconf 89' lang='lat' dir='ltr'><strong>invisibilis</strong></span> 
     </span>
    </p>
   </div>
   <div class='ocr_carea' id='block_1_40' title="bbox 226 4011 1819 4081">
    <p class='ocr_par' dir='ltr' id='par_1_40' title="bbox 226 4011 1819 4081">
     <span class='ocr_line' id='line_1_40' title="bbox 226 4011 1819 4081; baseline -0.002 -11"><span class='ocrx_word' id='word_1_327' title='bbox 226 4027 327 4081; x_wconf 81' lang='lat' dir='ltr'><strong>est,</strong></span> <span class='ocrx_word' id='word_1_328' title='bbox 357 4017 479 4070; x_wconf 91' lang='lat' dir='ltr'><strong>ideo</strong></span> <span class='ocrx_word' id='word_1_329' title='bbox 503 4015 616 4068; x_wconf 85' lang='lat' dir='ltr'><strong>vult</strong></span> <span class='ocrx_word' id='word_1_330' title='bbox 642 4014 938 4068; x_wconf 86' lang='lat' dir='ltr'><strong>orationem</strong></span> <span class='ocrx_word' id='word_1_331' title='bbox 963 4023 1106 4066; x_wconf 90' lang='lat' dir='ltr'><strong>tuam</strong></span> <span class='ocrx_word' id='word_1_332' title='bbox 1130 4011 1431 4080; x_wconf 90' lang='lat' dir='ltr'><strong>hujusmodi</strong></span> <span class='ocrx_word' id='word_1_333' title='bbox 1454 4026 1592 4066; x_wconf 88' lang='lat' dir='ltr'><strong>esse.</strong></span> <span class='ocrx_word' id='word_1_334' title='bbox 1622 4012 1819 4067; x_wconf 87' lang='lat' dir='ltr'><strong>Deinde</strong></span> 
     </span>
    </p>
   </div>
   <div class='ocr_carea' id='block_1_41' title="bbox 228 4104 1821 4175">
    <p class='ocr_par' dir='ltr' id='par_1_41' title="bbox 228 4104 1821 4175">
     <span class='ocr_line' id='line_1_41' title="bbox 228 4104 1821 4175; baseline -0.002 -14"><span class='ocrx_word' id='word_1_335' title='bbox 228 4110 387 4163; x_wconf 84' lang='lat' dir='ltr'><strong>verba</strong></span> <span class='ocrx_word' id='word_1_336' title='bbox 416 4109 536 4175; x_wconf 88' lang='lat' dir='ltr'><strong>ipsa</strong></span> <span class='ocrx_word' id='word_1_337' title='bbox 561 4106 819 4161; x_wconf 89' lang='lat' dir='ltr'><strong>orationis</strong></span> <span class='ocrx_word' id='word_1_338' title='bbox 860 4106 1042 4160; x_wconf 81' lang='lat' dir='ltr'><strong>refert.</strong></span> <span class='ocrx_word' id='word_1_339' title='bbox 1076 4105 1128 4158; x_wconf 88' lang='lat'><strong>7.</strong></span> <span class='ocrx_word' id='word_1_340' title='bbox 1165 4104 1409 4169; x_wconf 82' lang='lat' dir='ltr'><strong>Orontes,</strong></span> <span class='ocrx_word' id='word_1_341' title='bbox 1440 4106 1636 4172; x_wconf 90' lang='lat' dir='ltr'><strong>inquit,</strong></span> <span class='ocrx_word' id='word_1_342' title='bbox 1667 4105 1821 4159; x_wconf 82' lang='lat' dir='ltr'><strong>nolite</strong></span> 
     </span>
    </p>
   </div>
   <div class='ocr_carea' id='block_1_42' title="bbox 226 4195 1817 4269">
    <p class='ocr_par' dir='ltr' id='par_1_42' title="bbox 226 4195 1817 4269">
     <span class='ocr_line' id='line_1_42' title="bbox 226 4195 1817 4269; baseline -0.003 -15"><span class='ocrx_word' id='word_1_343' title='bbox 226 4202 443 4254; x_wconf 85' lang='lat' dir='ltr'><strong>multum</strong></span> <span class='ocrx_word' id='word_1_344' title='bbox 472 4200 629 4269; x_wconf 80' lang='lat' dir='ltr'><strong>loqui,</strong></span> <span class='ocrx_word' id='word_1_345' title='bbox 657 4199 786 4253; x_wconf 87' lang='lat' dir='ltr'><strong>sicut</strong></span> <span class='ocrx_word' id='word_1_346' title='bbox 815 4198 998 4251; x_wconf 80' lang='lat' dir='ltr'><strong>ethnici</strong></span> <span class='ocrx_word' id='word_1_347' title='bbox 1026 4197 1238 4267; x_wconf 82' lang='lat' dir='ltr'><strong>faciunt.</strong></span> <span class='ocrx_word' id='word_1_348' title='bbox 1266 4195 1397 4250; x_wconf 88' lang='lat' dir='ltr'><strong>Nam</strong></span> <span class='ocrx_word' id='word_1_349' title='bbox 1427 4212 1546 4250; x_wconf 90' lang='lat' dir='ltr'><strong>cum</strong></span> <span class='ocrx_word' id='word_1_350' title='bbox 1575 4196 1644 4250; x_wconf 90' lang='lat' dir='ltr'><strong>de</strong></span> <span class='ocrx_word' id='word_1_351' title='bbox 1674 4197 1817 4249; x_wconf 80' lang='lat' dir='ltr'><strong>elec-</strong></span> 
     </span>
    </p>
   </div>
   <div class='ocr_carea' id='block_1_43' title="bbox 225 4288 1819 4363">
    <p class='ocr_par' dir='ltr' id='par_1_43' title="bbox 225 4288 1819 4363">
     <span class='ocr_line' id='line_1_43' title="bbox 225 4288 1819 4363; baseline -0.004 -15"><span class='ocrx_word' id='word_1_352' title='bbox 225 4308 449 4363; x_wconf 85' lang='lat' dir='ltr'><strong>mosyna</strong></span> <span class='ocrx_word' id='word_1_353' title='bbox 482 4290 831 4361; x_wconf 84' lang='lat' dir='ltr'><strong>loquebatur,</strong></span> <span class='ocrx_word' id='word_1_354' title='bbox 862 4304 1011 4344; x_wconf 76' lang='lat' dir='ltr'><strong>vana:</strong></span> <span class='ocrx_word' id='word_1_355' title='bbox 1049 4288 1232 4358; x_wconf 74' lang='lat' dir='ltr'><strong>glorize</strong></span> <span class='ocrx_word' id='word_1_356' title='bbox 1269 4295 1469 4356; x_wconf 87' lang='lat' dir='ltr'><strong>pestem</strong></span> <span class='ocrx_word' id='word_1_357' title='bbox 1501 4297 1702 4341; x_wconf 90' lang='lat' dir='ltr'><strong>tantum</strong></span> <span class='ocrx_word' id='word_1_358' title='bbox 1732 4302 1819 4341; x_wconf 80' lang='lat' dir='ltr'><strong>se-</strong></span> 
     </span>
    </p>
   </div>
   <div class='ocr_carea' id='block_1_44' title="bbox 226 4380 1815 4453">
    <p class='ocr_par' dir='ltr' id='par_1_44' title="bbox 226 4380 1815 4453">
     <span class='ocr_line' id='line_1_44' title="bbox 226 4380 1815 4453; baseline -0.002 -13"><span class='ocrx_word' id='word_1_359' title='bbox 226 4388 422 4446; x_wconf 84' lang='lat' dir='ltr'><strong>movit,</strong></span> <span class='ocrx_word' id='word_1_360' title='bbox 456 4384 699 4453; x_wconf 89' lang='lat' dir='ltr'><strong>nihilque</strong></span> <span class='ocrx_word' id='word_1_361' title='bbox 727 4382 956 4450; x_wconf 87' lang='lat' dir='ltr'><strong>amplius</strong></span> <span class='ocrx_word' id='word_1_362' title='bbox 983 4380 1214 4450; x_wconf 86' lang='lat' dir='ltr'><strong>adjecit,</strong></span> <span class='ocrx_word' id='word_1_363' title='bbox 1245 4395 1417 4449; x_wconf 90' lang='lat' dir='ltr'><strong>neque</strong></span> <span class='ocrx_word' id='word_1_364' title='bbox 1445 4381 1611 4445; x_wconf 81' lang='lat' dir='ltr'><strong>dixit,</strong></span> <span class='ocrx_word' id='word_1_365' title='bbox 1641 4381 1815 4437; x_wconf 89' lang='lat' dir='ltr'><strong>unde-</strong></span> 
     </span>
    </p>
   </div>
   <div class='ocr_carea' id='block_1_45' title="bbox 224 4472 1813 4546">
    <p class='ocr_par' dir='ltr' id='par_1_45' title="bbox 224 4472 1813 4546">
     <span class='ocr_line' id='line_1_45' title="bbox 224 4472 1813 4546; baseline -0.004 -13"><span class='ocrx_word' id='word_1_366' title='bbox 224 4495 343 4533; x_wconf 87' lang='lat' dir='ltr'><strong>nam</strong></span> <span class='ocrx_word' id='word_1_367' title='bbox 372 4479 775 4546; x_wconf 82' lang='lat' dir='ltr'><strong>eleeiuosynam</strong></span> <span class='ocrx_word' id='word_1_368' title='bbox 815 4474 994 4528; x_wconf 87' lang='lat' dir='ltr'><strong>facere</strong></span> <span class='ocrx_word' id='word_1_369' title='bbox 1033 4482 1342 4541; x_wconf 87' lang='lat' dir='ltr'><strong>oporteret;</strong></span> <span class='ocrx_word' id='word_1_370' title='bbox 1374 4472 1522 4527; x_wconf 86' lang='lat' dir='ltr'><strong>verbi</strong></span> <span class='ocrx_word' id='word_1_371' title='bbox 1559 4488 1717 4526; x_wconf 90' lang='lat' dir='ltr'><strong>causa</strong></span> <span class='ocrx_word' id='word_1_372' title='bbox 1750 4490 1813 4528; x_wconf 79' lang='lat' dir='ltr'><strong>ex</strong></span> 
     </span>
    </p>
   </div>
   <div class='ocr_carea' id='block_1_46' title="bbox 222 4565 1814 4642">
    <p class='ocr_par' dir='ltr' id='par_1_46' title="bbox 222 4565 1814 4642">
     <span class='ocr_line' id='line_1_46' title="bbox 222 4565 1814 4642; baseline -0.004 -16"><span class='ocrx_word' id='word_1_373' title='bbox 222 4573 375 4642; x_wconf 87' lang='lat' dir='ltr'><strong>justis</strong></span> <span class='ocrx_word' id='word_1_374' title='bbox 402 4567 702 4633; x_wconf 86' lang='lat' dir='ltr'><strong>laboribus,</strong></span> <span class='ocrx_word' id='word_1_375' title='bbox 732 4582 836 4620; x_wconf 87' lang='lat' dir='ltr'><strong>non</strong></span> <span class='ocrx_word' id='word_1_376' title='bbox 864 4582 929 4621; x_wconf 83' lang='lat' dir='ltr'><strong>ex</strong></span> <span class='ocrx_word' id='word_1_377' title='bbox 967 4566 1169 4634; x_wconf 87' lang='lat' dir='ltr'><strong>rapina,</strong></span> <span class='ocrx_word' id='word_1_378' title='bbox 1200 4565 1281 4618; x_wconf 85' lang='lat' dir='ltr'><strong>vel</strong></span> <span class='ocrx_word' id='word_1_379' title='bbox 1312 4580 1376 4618; x_wconf 85' lang='lat' dir='ltr'><strong>ex</strong></span> <span class='ocrx_word' id='word_1_380' title='bbox 1407 4565 1650 4619; x_wconf 89' lang='lat' dir='ltr'><strong>avaritia.</strong></span> <span class='ocrx_word' id='word_1_381' title='bbox 1682 4565 1814 4620; x_wconf 86' lang='lat' dir='ltr'><strong>Illud</strong></span> 
     </span>
    </p>
   </div>
   <div class='ocr_carea' id='block_1_47' title="bbox 226 4655 1812 4733">
    <p class='ocr_par' dir='ltr' id='par_1_47' title="bbox 226 4655 1812 4733">
     <span class='ocr_line' id='line_1_47' title="bbox 226 4655 1812 4733; baseline -0.006 -14"><span class='ocrx_word' id='word_1_382' title='bbox 226 4679 453 4733; x_wconf 86' lang='lat' dir='ltr'><strong>namque</strong></span> <span class='ocrx_word' id='word_1_383' title='bbox 477 4662 530 4715; x_wconf 92' lang='lat' dir='ltr'><strong>in</strong></span> <span class='ocrx_word' id='word_1_384' title='bbox 552 4658 801 4715; x_wconf 89' lang='lat' dir='ltr'><strong>confesso</strong></span> <span class='ocrx_word' id='word_1_385' title='bbox 824 4656 964 4728; x_wconf 90' lang='lat' dir='ltr'><strong>apud</strong></span> <span class='ocrx_word' id='word_1_386' title='bbox 986 4672 1172 4710; x_wconf 89' lang='lat' dir='ltr'><strong>omnes</strong></span> <span class='ocrx_word' id='word_1_387' title='bbox 1197 4666 1329 4709; x_wconf 86' lang='lat' dir='ltr'><strong>erat.</strong></span> <span class='ocrx_word' id='word_1_388' title='bbox 1358 4655 1614 4725; x_wconf 90' lang='lat' dir='ltr'><strong>Superius</strong></span> <span class='ocrx_word' id='word_1_389' title='bbox 1636 4665 1812 4709; x_wconf 76' lang='lat' dir='ltr'><strong>autem</strong></span> 
     </span>
    </p>
   </div>
   <div class='ocr_carea' id='block_1_48' title="bbox 224 4748 1817 4823">
    <p class='ocr_par' dir='ltr' id='par_1_48' title="bbox 224 4748 1817 4823">
     <span class='ocr_line' id='line_1_48' title="bbox 224 4748 1817 4823; baseline -0.006 -12"><span class='ocrx_word' id='word_1_390' title='bbox 224 4757 344 4811; x_wconf 84' lang='lat' dir='ltr'><strong>illud</strong></span> <span class='ocrx_word' id='word_1_391' title='bbox 366 4757 481 4823; x_wconf 89' lang='lat' dir='ltr'><strong>jam</strong></span> <span class='ocrx_word' id='word_1_392' title='bbox 511 4758 919 4822; x_wconf 80' lang='lat' dir='ltr'><strong>expurgavcrat,</strong></span> <span class='ocrx_word' id='word_1_393' title='bbox 945 4764 1064 4803; x_wconf 84' lang='lat' dir='ltr'><strong>cum</strong></span> <span class='ocrx_word' id='word_1_394' title='bbox 1087 4748 1385 4803; x_wconf 90' lang='lat' dir='ltr'><strong>esurientes</strong></span> <span class='ocrx_word' id='word_1_395' title='bbox 1407 4748 1666 4815; x_wconf 89' lang='lat' dir='ltr'><strong>justitiam</strong></span> <span class='ocrx_word' id='word_1_396' title='bbox 1694 4748 1817 4802; x_wconf 87' lang='lat' dir='ltr'><strong>bea-</strong></span> 
     </span>
    </p>
   </div>
   <div class='ocr_carea' id='block_1_49' title="bbox 224 4838 1814 4918">
    <p class='ocr_par' dir='ltr' id='par_1_49' title="bbox 224 4838 1814 4918">
     <span class='ocr_line' id='line_1_49' title="bbox 224 4838 1814 4918; baseline -0.007 -15"><span class='ocrx_word' id='word_1_397' title='bbox 224 4860 302 4903; x_wconf 89' lang='lat' dir='ltr'><strong>tos</strong></span> <span class='ocrx_word' id='word_1_398' title='bbox 332 4845 667 4918; x_wconf 71' lang='lat' dir='ltr'><strong>prmdicavit.</strong></span> <span class='ocrx_word' id='word_1_399' title='bbox 698 4843 855 4898; x_wconf 88' lang='lat' dir='ltr'><strong>Circa</strong></span> <span class='ocrx_word' id='word_1_400' title='bbox 880 4841 1177 4895; x_wconf 88' lang='lat' dir='ltr'><strong>orationem</strong></span> <span class='ocrx_word' id='word_1_401' title='bbox 1203 4854 1332 4894; x_wconf 87' lang='lat' dir='ltr'><strong>vero</strong></span> <span class='ocrx_word' id='word_1_402' title='bbox 1361 4838 1555 4909; x_wconf 86' lang='lat' dir='ltr'><strong>aliquid</strong></span> <span class='ocrx_word' id='word_1_403' title='bbox 1588 4840 1814 4909; x_wconf 84' lang='lat' dir='ltr'><strong>amplius</strong></span> 
     </span>
    </p>
   </div>
   <div class='ocr_carea' id='block_1_50' title="bbox 224 4930 1812 5010">
    <p class='ocr_par' dir='ltr' id='par_1_50' title="bbox 224 4930 1812 5010">
     <span class='ocr_line' id='line_1_50' title="bbox 224 4930 1812 5010; baseline -0.009 -17"><span class='ocrx_word' id='word_1_404' title='bbox 224 4940 437 5010; x_wconf 91' lang='lat' dir='ltr'><strong>adjicit,</strong></span> <span class='ocrx_word' id='word_1_405' title='bbox 462 4935 857 5005; x_wconf 90' lang='lat' dir='ltr'><strong>multiloquium</strong></span> <span class='ocrx_word' id='word_1_406' title='bbox 884 4948 1005 4987; x_wconf 83' lang='lat' dir='ltr'><strong>esse</strong></span> <span class='ocrx_word' id='word_1_407' title='bbox 1031 4930 1300 4985; x_wconf 88' lang='lat' dir='ltr'><strong>vitandum</strong></span> <span class='ocrx_word' id='word_1_408' title='bbox 1331 4948 1344 4982; x_wconf 89' lang='lat'><strong>:</strong></span> <span class='ocrx_word' id='word_1_409' title='bbox 1368 4945 1432 4984; x_wconf 91' lang='lat' dir='ltr'><strong>ac</strong></span> <span class='ocrx_word' id='word_1_410' title='bbox 1460 4931 1812 4999; x_wconf 82' lang='lat' dir='ltr'><strong>quemadmo-</strong></span> 
     </span>
    </p>
   </div>
   <div class='ocr_carea' id='block_1_51' title="bbox 222 5022 1813 5098">
    <p class='ocr_par' dir='ltr' id='par_1_51' title="bbox 222 5022 1813 5098">
     <span class='ocr_line' id='line_1_51' title="bbox 222 5022 1813 5098; baseline -0.006 -11"><span class='ocrx_word' id='word_1_411' title='bbox 222 5032 347 5087; x_wconf 91' lang='lat' dir='ltr'><strong>dum</strong></span> <span class='ocrx_word' id='word_1_412' title='bbox 376 5031 450 5085; x_wconf 93' lang='lat' dir='ltr'><strong>ibi</strong></span> <span class='ocrx_word' id='word_1_413' title='bbox 486 5029 811 5098; x_wconf 86' lang='lat' dir='ltr'><strong>hypocritas,</strong></span> <span class='ocrx_word' id='word_1_414' title='bbox 838 5026 907 5079; x_wconf 91' lang='lat' dir='ltr'><strong>ita</strong></span> <span class='ocrx_word' id='word_1_415' title='bbox 930 5035 982 5078; x_wconf 91' lang='lat' dir='ltr'><strong>et</strong></span> <span class='ocrx_word' id='word_1_416' title='bbox 1004 5023 1092 5078; x_wconf 91' lang='lat' dir='ltr'><strong>hic</strong></span> <span class='ocrx_word' id='word_1_417' title='bbox 1116 5022 1358 5077; x_wconf 88' lang='lat' dir='ltr'><strong>ethnicos</strong></span> <span class='ocrx_word' id='word_1_418' title='bbox 1386 5022 1591 5089; x_wconf 88' lang='lat' dir='ltr'><strong>irridet,</strong></span> <span class='ocrx_word' id='word_1_419' title='bbox 1620 5023 1813 5093; x_wconf 89' lang='lat' dir='ltr'><strong>ubique</strong></span> 
     </span>
    </p>
   </div>
   <div class='ocr_carea' id='block_1_52' title="bbox 222 5114 1809 5193">
    <p class='ocr_par' dir='ltr' id='par_1_52' title="bbox 222 5114 1809 5193">
     <span class='ocr_line' id='line_1_52' title="bbox 222 5114 1809 5193; baseline -0.005 -16"><span class='ocrx_word' id='word_1_420' title='bbox 222 5139 285 5177; x_wconf 80' lang='lat' dir='ltr'><strong>ex</strong></span> <span class='ocrx_word' id='word_1_421' title='bbox 333 5134 688 5193; x_wconf 87' lang='lat' dir='ltr'><strong>personarum</strong></span> <span class='ocrx_word' id='word_1_422' title='bbox 736 5118 935 5170; x_wconf 85' lang='lat' dir='ltr'><strong>vilitate</strong></span> <span class='ocrx_word' id='word_1_423' title='bbox 972 5116 1267 5169; x_wconf 89' lang='lat' dir='ltr'><strong>auditorem</strong></span> <span class='ocrx_word' id='word_1_424' title='bbox 1304 5115 1513 5184; x_wconf 81' lang='lat' dir='ltr'><strong>‘pudore</strong></span> <span class='ocrx_word' id='word_1_425' title='bbox 1549 5114 1809 5170; x_wconf 91' lang='lat' dir='ltr'><strong>afﬁciens.</strong></span> 
     </span>
    </p>
   </div>
   <div class='ocr_carea' id='block_1_53' title="bbox 223 5208 1809 5285">
    <p class='ocr_par' dir='ltr' id='par_1_53' title="bbox 223 5208 1809 5285">
     <span class='ocr_line' id='line_1_53' title="bbox 223 5208 1809 5285; baseline -0.006 -16"><span class='ocrx_word' id='word_1_426' title='bbox 223 5218 351 5285; x_wconf 86' lang='lat' dir='ltr'><strong>Quia</strong></span> <span class='ocrx_word' id='word_1_427' title='bbox 374 5216 523 5271; x_wconf 89' lang='lat' dir='ltr'><strong>enim</strong></span> <span class='ocrx_word' id='word_1_428' title='bbox 549 5222 606 5266; x_wconf 91' lang='lat' dir='ltr'><strong>ut</strong></span> <span class='ocrx_word' id='word_1_429' title='bbox 633 5212 919 5279; x_wconf 88' lang='lat' dir='ltr'><strong>plurimum</strong></span> <span class='ocrx_word' id='word_1_430' title='bbox 949 5209 1051 5263; x_wconf 86' lang='lat' dir='ltr'><strong>hoc</strong></span> <span class='ocrx_word' id='word_1_431' title='bbox 1078 5208 1313 5262; x_wconf 86' lang='lat' dir='ltr'><strong>maxime</strong></span> <span class='ocrx_word' id='word_1_432' title='bbox 1345 5209 1551 5262; x_wconf 91' lang='lat' dir='ltr'><strong>mordet</strong></span> <span class='ocrx_word' id='word_1_433' title='bbox 1569 5216 1623 5262; x_wconf 92' lang='lat' dir='ltr'><strong>et</strong></span> <span class='ocrx_word' id='word_1_434' title='bbox 1642 5208 1809 5277; x_wconf 75' lang='lat' dir='ltr'><strong>angit,</strong></span> 
     </span>
    </p>
   </div>
   <div class='ocr_carea' id='block_1_54' title="bbox 223 5302 1812 5379">
    <p class='ocr_par' dir='ltr' id='par_1_54' title="bbox 223 5302 1812 5379">
     <span class='ocr_line' id='line_1_54' title="bbox 223 5302 1812 5379; baseline -0.005 -15"><span class='ocrx_word' id='word_1_435' title='bbox 223 5327 338 5364; x_wconf 91' lang='lat' dir='ltr'><strong>cum</strong></span> <span class='ocrx_word' id='word_1_436' title='bbox 364 5308 491 5379; x_wconf 91' lang='lat' dir='ltr'><strong>quis</strong></span> <span class='ocrx_word' id='word_1_437' title='bbox 550 5303 778 5371; x_wconf 86' lang='lat' dir='ltr'><strong>abjectis</strong></span> <span class='ocrx_word' id='word_1_438' title='bbox 836 5302 1136 5357; x_wconf 89' lang='lat' dir='ltr'><strong>hominibus</strong></span> <span class='ocrx_word' id='word_1_439' title='bbox 1163 5311 1518 5369; x_wconf 84' lang='lat' dir='ltr'><strong>comparatur,</strong></span> <span class='ocrx_word' id='word_1_440' title='bbox 1545 5302 1669 5356; x_wconf 88' lang='lat' dir='ltr'><strong>hinc</strong></span> <span class='ocrx_word' id='word_1_441' title='bbox 1692 5303 1812 5356; x_wconf 91' lang='lat' dir='ltr'><strong>illos</strong></span> 
     </span>
    </p>
   </div>
   <div class='ocr_carea' id='block_1_55' title="bbox 222 5394 1811 5467">
    <p class='ocr_par' dir='ltr' id='par_1_55' title="bbox 222 5394 1811 5467">
     <span class='ocr_line' id='line_1_55' title="bbox 222 5394 1811 5467; baseline -0.004 -12"><span class='ocrx_word' id='word_1_442' title='bbox 222 5402 475 5467; x_wconf 86' lang='lat' dir='ltr'><strong>abducit,</strong></span> <span class='ocrx_word' id='word_1_443' title='bbox 515 5396 905 5467; x_wconf 90' lang='lat' dir='ltr'><strong>multiloquium</strong></span> <span class='ocrx_word' id='word_1_444' title='bbox 946 5396 1033 5450; x_wconf 93' lang='lat' dir='ltr'><strong>hic</strong></span> <span class='ocrx_word' id='word_1_445' title='bbox 1070 5395 1267 5449; x_wconf 70' lang='lat' dir='ltr'><strong>[utilem</strong></span> <span class='ocrx_word' id='word_1_446' title='bbox 1307 5394 1679 5463; x_wconf 88' lang='lat' dir='ltr'><strong>loquacitatem</strong></span> <span class='ocrx_word' id='word_1_447' title='bbox 1712 5411 1811 5448; x_wconf 90' lang='lat' dir='ltr'><strong>vo-</strong></span> 
     </span>
    </p>
   </div>
   <div class='ocr_carea' id='block_1_56' title="bbox 223 5486 1812 5558">
    <p class='ocr_par' dir='ltr' id='par_1_56' title="bbox 223 5486 1812 5558">
     <span class='ocr_line' id='line_1_56' title="bbox 223 5486 1812 5558; baseline -0.004 -10"><span class='ocrx_word' id='word_1_448' title='bbox 223 5510 382 5558; x_wconf 89' lang='lat' dir='ltr'><strong>cans;</strong></span> <span class='ocrx_word' id='word_1_449' title='bbox 407 5501 468 5546; x_wconf 93' lang='lat' dir='ltr'><strong>ut</strong></span> <span class='ocrx_word' id='word_1_450' title='bbox 492 5505 615 5545; x_wconf 90' lang='lat' dir='ltr'><strong>cum</strong></span> <span class='ocrx_word' id='word_1_451' title='bbox 644 5504 751 5543; x_wconf 91' lang='lat' dir='ltr'><strong>non</strong></span> <span class='ocrx_word' id='word_1_452' title='bbox 777 5497 1133 5543; x_wconf 88' lang='lat' dir='ltr'><strong>consentanea</strong></span> <span class='ocrx_word' id='word_1_453' title='bbox 1155 5502 1185 5540; x_wconf 90' lang='lat' dir='ltr'><strong>a</strong></span> <span class='ocrx_word' id='word_1_454' title='bbox 1208 5486 1317 5540; x_wconf 90' lang='lat' dir='ltr'><strong>Deo</strong></span> <span class='ocrx_word' id='word_1_455' title='bbox 1344 5487 1592 5554; x_wconf 89' lang='lat' dir='ltr'><strong>petimus,</strong></span> <span class='ocrx_word' id='word_1_456' title='bbox 1621 5500 1812 5555; x_wconf 90' lang='lat' dir='ltr'><strong>nempe</strong></span> 
     </span>
    </p>
   </div>
   <div class='ocr_carea' id='block_1_57' title="bbox 227 5575 1811 5656">
    <p class='ocr_par' dir='ltr' id='par_1_57' title="bbox 227 5575 1811 5656">
     <span class='ocr_line' id='line_1_57' title="bbox 227 5575 1811 5656; baseline -0.008 -16"><span class='ocrx_word' id='word_1_457' title='bbox 227 5585 515 5656; x_wconf 86' lang='lat' dir='ltr'><strong>potentiam</strong></span> <span class='ocrx_word' id='word_1_458' title='bbox 546 5591 602 5637; x_wconf 91' lang='lat' dir='ltr'><strong>et</strong></span> <span class='ocrx_word' id='word_1_459' title='bbox 638 5582 883 5653; x_wconf 83' lang='lat' dir='ltr'><strong>gloriam,</strong></span> <span class='ocrx_word' id='word_1_460' title='bbox 913 5579 1188 5634; x_wconf 90' lang='lat' dir='ltr'><strong>victoriam</strong></span> <span class='ocrx_word' id='word_1_461' title='bbox 1220 5579 1287 5632; x_wconf 89' lang='lat' dir='ltr'><strong>de</strong></span> <span class='ocrx_word' id='word_1_462' title='bbox 1318 5576 1564 5643; x_wconf 88' lang='lat' dir='ltr'><strong>inimicis,</strong></span> <span class='ocrx_word' id='word_1_463' title='bbox 1597 5575 1811 5631; x_wconf 78' lang='lat' dir='ltr'><strong>divitia-</strong></span> 
     </span>
    </p>
   </div>
   <div class='ocr_carea' id='block_1_58' title="bbox 227 5668 1811 5743">
    <p class='ocr_par' dir='ltr' id='par_1_58' title="bbox 227 5668 1811 5743">
     <span class='ocr_line' id='line_1_58' title="bbox 227 5668 1811 5743; baseline -0.006 -11"><span class='ocrx_word' id='word_1_464' title='bbox 227 5693 336 5732; x_wconf 89' lang='lat' dir='ltr'><strong>rum</strong></span> <span class='ocrx_word' id='word_1_465' title='bbox 365 5676 645 5731; x_wconf 86' lang='lat' dir='ltr'><strong>facultates</strong></span> <span class='ocrx_word' id='word_1_466' title='bbox 664 5715 679 5740; x_wconf 95' lang='lat'><strong>,</strong></span> <span class='ocrx_word' id='word_1_467' title='bbox 706 5673 1029 5743; x_wconf 89' lang='lat' dir='ltr'><strong>demumque</strong></span> <span class='ocrx_word' id='word_1_468' title='bbox 1056 5686 1117 5726; x_wconf 90' lang='lat' dir='ltr'><strong>ea</strong></span> <span class='ocrx_word' id='word_1_469' title='bbox 1143 5686 1263 5741; x_wconf 59' lang='lat' dir='ltr'><strong>qua;</strong></span> <span class='ocrx_word' id='word_1_470' title='bbox 1292 5670 1422 5725; x_wconf 89' lang='lat' dir='ltr'><strong>nihil</strong></span> <span class='ocrx_word' id='word_1_471' title='bbox 1452 5669 1604 5725; x_wconf 89' lang='lat' dir='ltr'><strong>nobis</strong></span> <span class='ocrx_word' id='word_1_472' title='bbox 1630 5668 1811 5740; x_wconf 89' lang='lat' dir='ltr'><strong>profu-</strong></span> 
     </span>
    </p>
   </div>
   <div class='ocr_carea' id='block_1_59' title="bbox 283 5827 1533 5901">
    <p class='ocr_par' dir='ltr' id='par_1_59' title="bbox 283 5827 1533 5901">
     <span class='ocr_line' id='line_1_59' title="bbox 283 5827 1533 5901; baseline -0.01 -14"><span class='ocrx_word' id='word_1_473' title='bbox 283 5839 301 5871; x_wconf 73' lang='grc'><strong><em>⁸</em></strong></span> <span class='ocrx_word' id='word_1_474' title='bbox 335 5836 450 5895; x_wconf 77' lang='lat' dir='ltr'><strong>Alii,</strong></span> <span class='ocrx_word' id='word_1_475' title='bbox 473 5834 718 5886; x_wconf 73' lang='lat' dir='ltr'><strong>canticum</strong></span> <span class='ocrx_word' id='word_1_476' title='bbox 740 5830 991 5898; x_wconf 65' lang='lat' dir='ltr'><strong>Seraphin:</strong></span> <span class='ocrx_word' id='word_1_477' title='bbox 1011 5830 1173 5901; x_wconf 64' lang='lat' dir='ltr'><strong>canis;</strong></span> <span class='ocrx_word' id='word_1_478' title='bbox 1200 5842 1298 5901; x_wconf 83' lang='lat' dir='ltr'><strong>non</strong></span> <span class='ocrx_word' id='word_1_479' title='bbox 1321 5827 1467 5879; x_wconf 86' lang='lat' dir='ltr'><strong>male.</strong></span> <span class='ocrx_word' id='word_1_480' title='bbox 1528 5831 1533 5837; x_wconf 89' lang='lat'><strong>‘</strong></span> 
     </span>
    </p>
   </div>
   <div class='ocr_carea' id='block_1_60' title="bbox 287 5898 1280 5961">
    <p class='ocr_par' dir='ltr' id='par_1_60' title="bbox 287 5898 1280 5961">
     <span class='ocr_line' id='line_1_60' title="bbox 287 5898 1280 5961; baseline -0.009 -12"><span class='ocrx_word' id='word_1_481' title='bbox 287 5903 307 5932; x_wconf 82' lang='grc'>¹</span> <span class='ocrx_word' id='word_1_482' title='bbox 338 5902 558 5957; x_wconf 85' lang='lat' dir='ltr'><strong>Quidam.</strong></span> <span class='ocrx_word' id='word_1_483' title='bbox 582 5904 837 5961; x_wconf 79' lang='lat' dir='ltr'><strong>antequam</strong></span> <span class='ocrx_word' id='word_1_484' title='bbox 868 5907 1062 5959; x_wconf 84' lang='lat' dir='ltr'><strong>precem</strong></span> <span class='ocrx_word' id='word_1_485' title='bbox 1079 5898 1280 5942; x_wconf 80' lang='lat' dir='ltr'><strong>emittas.</strong></span> 
     </span>
    </p>
   </div>
   <div class='ocr_carea' id='block_1_61' title="bbox 1392 386 2360 447">
    <p class='ocr_par' dir='ltr' id='par_1_61' title="bbox 1392 386 2360 447">
     <span class='ocr_line' id='line_1_61' title="bbox 1392 386 2360 447; baseline 0.007 -7"><span class='ocrx_word' id='word_1_486' title='bbox 1392 386 1461 440; x_wconf 78' lang='grc' dir='ltr'><strong>ἸΝ</strong></span> <span class='ocrx_word' id='word_1_487' title='bbox 1500 387 1903 445; x_wconf 66' lang='grc' dir='ltr'><strong>ΜΑΤΤΗΑΞΟΜ</strong></span> <span class='ocrx_word' id='word_1_488' title='bbox 1950 390 2175 447; x_wconf 86' lang='lat' dir='ltr'><strong>HOMIL.</strong></span> <span class='ocrx_word' id='word_1_489' title='bbox 2220 393 2360 447; x_wconf 74' lang='lat' dir='ltr'><strong>XIX.</strong></span> 
     </span>
    </p>
   </div>
   <div class='ocr_carea' id='block_1_62' title="bbox 3435 410 3539 463">
    <p class='ocr_par' dir='ltr' id='par_1_62' title="bbox 3435 410 3539 463">
     <span class='ocr_line' id='line_1_62' title="bbox 3435 410 3539 463; baseline 0 -1"><span class='ocrx_word' id='word_1_490' title='bbox 3435 410 3539 463; x_wconf 73' lang='lat'><strong>278</strong></span> 
     </span>
    </p>
   </div>
   <div class='ocr_carea' id='block_1_63' title="bbox 1961 508 3537 585">
    <p class='ocr_par' dir='ltr' id='par_1_63' title="bbox 1961 508 3537 585">
     <span class='ocr_line' id='line_1_63' title="bbox 1961 508 3537 585; baseline 0.013 -29"><span class='ocrx_word' id='word_1_491' title='bbox 1961 514 2074 557; x_wconf 91' lang='lat' dir='ltr'><strong>tura</strong></span> <span class='ocrx_word' id='word_1_492' title='bbox 2119 517 2260 559; x_wconf 91' lang='lat' dir='ltr'><strong>sunt.</strong></span> <span class='ocrx_word' id='word_1_493' title='bbox 2309 508 2419 560; x_wconf 82' lang='lat' dir='ltr'><strong>Scit</strong></span> <span class='ocrx_word' id='word_1_494' title='bbox 2465 509 2617 575; x_wconf 86' lang='lat' dir='ltr'><strong>enim,</strong></span> <span class='ocrx_word' id='word_1_495' title='bbox 2663 512 2860 580; x_wconf 89' lang='lat' dir='ltr'><strong>inquit,</strong></span> <span class='ocrx_word' id='word_1_496' title='bbox 2902 515 3080 583; x_wconf 78' lang='lat' dir='ltr'><strong>quibus</strong></span> <span class='ocrx_word' id='word_1_497' title='bbox 3120 532 3249 585; x_wconf 79' lang='lat' dir='ltr'><strong>Opus</strong></span> <span class='ocrx_word' id='word_1_498' title='bbox 3293 519 3537 577; x_wconf 80' lang='lat' dir='ltr'><strong>habeatis.</strong></span> 
     </span>
    </p>
   </div>
   <div class='ocr_carea' id='block_1_64' title="bbox 2022 595 3541 675">
    <p class='ocr_par' dir='ltr' id='par_1_64' title="bbox 2022 595 3541 675">
     <span class='ocr_line' id='line_1_64' title="bbox 2022 595 3541 675; baseline 0.013 -25"><span class='ocrx_word' id='word_1_499' title='bbox 2022 598 2076 651; x_wconf 77' lang='grc'><strong>4.</strong></span> <span class='ocrx_word' id='word_1_500' title='bbox 2107 595 2173 651; x_wconf 86' lang='lat' dir='ltr'><strong>In</strong></span> <span class='ocrx_word' id='word_1_501' title='bbox 2201 599 2429 654; x_wconf 88' lang='lat' dir='ltr'><strong>oratione</strong></span> <span class='ocrx_word' id='word_1_502' title='bbox 2454 606 2896 670; x_wconf 85' lang='lat' dir='ltr'><strong>perseverandum.</strong></span> <span class='ocrx_word' id='word_1_503' title='bbox 2932 607 3058 675; x_wconf 65' lang='lat' dir='ltr'><strong>Quae</strong></span> <span class='ocrx_word' id='word_1_504' title='bbox 3085 610 3147 663; x_wconf 85' lang='lat' dir='ltr'><strong>sit</strong></span> <span class='ocrx_word' id='word_1_505' title='bbox 3173 612 3415 668; x_wconf 82' lang='lat' dir='ltr'><strong>orationis</strong></span> <span class='ocrx_word' id='word_1_506' title='bbox 3442 617 3541 669; x_wconf 85' lang='lat' dir='ltr'><strong>uti—</strong></span> 
     </span>
    </p>
   </div>
   <div class='ocr_carea' id='block_1_65' title="bbox 1951 686 3538 764">
    <p class='ocr_par' dir='ltr' id='par_1_65' title="bbox 1951 686 3538 764">
     <span class='ocr_line' id='line_1_65' title="bbox 1951 686 3538 764; baseline 0.014 -25"><span class='ocrx_word' id='word_1_507' title='bbox 1951 686 2084 740; x_wconf 85' lang='lat' dir='ltr'><strong>litas.</strong></span> <span class='ocrx_word' id='word_1_508' title='bbox 2126 688 2423 759; x_wconf 82' lang='lat' dir='ltr'><strong>Adoptionis</strong></span> <span class='ocrx_word' id='word_1_509' title='bbox 2459 693 2643 748; x_wconf 75' lang='lat' dir='ltr'><strong>divina:</strong></span> <span class='ocrx_word' id='word_1_510' title='bbox 2678 695 2892 764; x_wconf 77' lang='lat' dir='ltr'><strong>fructus.</strong></span> <span class='ocrx_word' id='word_1_511' title='bbox 2930 729 3001 738; x_wconf 95' lang='lat'><strong><em>—</em></strong></span> <span class='ocrx_word' id='word_1_512' title='bbox 3045 699 3170 755; x_wconf 90' lang='lat' dir='ltr'><strong>Post</strong></span> <span class='ocrx_word' id='word_1_513' title='bbox 3209 701 3324 757; x_wconf 66' lang='lat' dir='ltr'><strong>haec</strong></span> <span class='ocrx_word' id='word_1_514' title='bbox 3360 714 3538 761; x_wconf 90' lang='lat' dir='ltr'><strong>autem</strong></span> 
     </span>
    </p>
   </div>
   <div class='ocr_carea' id='block_1_66' title="bbox 1951 777 3539 863">
    <p class='ocr_par' dir='ltr' id='par_1_66' title="bbox 1951 777 3539 863">
     <span class='ocr_line' id='line_1_66' title="bbox 1951 777 3539 863; baseline 0.016 -35"><span class='ocrx_word' id='word_1_515' title='bbox 1951 777 2160 832; x_wconf 88' lang='lat' dir='ltr'><strong>videtur</strong></span> <span class='ocrx_word' id='word_1_516' title='bbox 2204 781 2333 834; x_wconf 89' lang='lat' dir='ltr'><strong>mihi</strong></span> <span class='ocrx_word' id='word_1_517' title='bbox 2380 783 2568 852; x_wconf 84' lang='lat' dir='ltr'><strong>longas</strong></span> <span class='ocrx_word' id='word_1_518' title='bbox 2615 788 2886 843; x_wconf 86' lang='lat' dir='ltr'><strong>orationes</strong></span> <span class='ocrx_word' id='word_1_519' title='bbox 2934 798 3150 855; x_wconf 85' lang='lat' dir='ltr'><strong>vetare;</strong></span> <span class='ocrx_word' id='word_1_520' title='bbox 3198 793 3382 863; x_wconf 80' lang='lat' dir='ltr'><strong>longas</strong></span> <span class='ocrx_word' id='word_1_521' title='bbox 3430 813 3539 854; x_wconf 91' lang='lat' dir='ltr'><strong>non</strong></span> 
     </span>
    </p>
   </div>
   <div class='ocr_carea' id='block_1_67' title="bbox 1950 872 3538 950">
    <p class='ocr_par' dir='ltr' id='par_1_67' title="bbox 1950 872 3538 950">
     <span class='ocr_line' id='line_1_67' title="bbox 1950 872 3538 950; baseline 0.014 -29"><span class='ocrx_word' id='word_1_522' title='bbox 1950 876 2190 936; x_wconf 84' lang='lat' dir='ltr'><strong>tempore</strong></span> <span class='ocrx_word' id='word_1_523' title='bbox 2215 913 2227 934; x_wconf 92' lang='lat'><strong>,</strong></span> <span class='ocrx_word' id='word_1_524' title='bbox 2262 872 2353 925; x_wconf 88' lang='lat' dir='ltr'><strong>sed</strong></span> <span class='ocrx_word' id='word_1_525' title='bbox 2393 875 2731 932; x_wconf 86' lang='lat' dir='ltr'><strong>multitudine</strong></span> <span class='ocrx_word' id='word_1_526' title='bbox 2770 889 2824 933; x_wconf 90' lang='lat' dir='ltr'><strong>et</strong></span> <span class='ocrx_word' id='word_1_527' title='bbox 2862 880 3190 950; x_wconf 87' lang='lat' dir='ltr'><strong>longitudine</strong></span> <span class='ocrx_word' id='word_1_528' title='bbox 3227 887 3538 944; x_wconf 88' lang='lat' dir='ltr'><strong>verborum.</strong></span> 
     </span>
    </p>
   </div>
   <div class='ocr_carea' id='block_1_68' title="bbox 1949 961 3541 1044">
    <p class='ocr_par' dir='ltr' id='par_1_68' title="bbox 1949 961 3541 1044">
     <span class='ocr_line' id='line_1_68' title="bbox 1949 961 3541 1044; baseline 0.014 -31"><span class='ocrx_word' id='word_1_529' title='bbox 1949 961 2401 1019; x_wconf 82' lang='lat' dir='ltr'><strong>Perseverandum</strong></span> <span class='ocrx_word' id='word_1_530' title='bbox 2439 967 2581 1021; x_wconf 88' lang='lat' dir='ltr'><strong>enim</strong></span> <span class='ocrx_word' id='word_1_531' title='bbox 2610 982 2691 1022; x_wconf 90' lang='lat' dir='ltr'><strong>est</strong></span> <span class='ocrx_word' id='word_1_532' title='bbox 2720 971 2906 1026; x_wconf 88' lang='lat' dir='ltr'><strong>eadem</strong></span> <span class='ocrx_word' id='word_1_533' title='bbox 2938 974 3049 1042; x_wconf 85' lang='lat' dir='ltr'><strong>ipsa</strong></span> <span class='ocrx_word' id='word_1_534' title='bbox 3096 978 3325 1044; x_wconf 86' lang='lat' dir='ltr'><strong>petendo</strong></span> <span class='ocrx_word' id='word_1_535' title='bbox 3355 999 3369 1035; x_wconf 90' lang='lat'><strong>:</strong></span> <span class='ocrx_word' id='word_1_536' title='bbox 3402 980 3541 1035; x_wconf 84' lang='lat' dir='ltr'><strong>Ora-</strong></span> 
     </span>
    </p>
   </div>
   <div class='ocr_carea' id='block_1_69' title="bbox 1947 1055 3539 1141">
    <p class='ocr_par' dir='ltr' id='par_1_69' title="bbox 1947 1055 3539 1141">
     <span class='ocr_line' id='line_1_69' title="bbox 1947 1055 3539 1141; baseline 0.014 -35"><span class='ocrx_word' id='word_1_537' title='bbox 1947 1055 2091 1121; x_wconf 88' lang='lat' dir='ltr'><strong>tioni,</strong></span> <span class='ocrx_word' id='word_1_538' title='bbox 2122 1056 2308 1126; x_wconf 85' lang='lat' dir='ltr'><strong>inquit,</strong></span> <span class='ocrx_word' id='word_1_539' title='bbox 2332 1059 2574 1115; x_wconf 85' lang='lat' dir='ltr'><strong>instantes</strong></span> <span class='ocrx_word' id='word_1_540' title='bbox 2600 1061 2776 1132; x_wconf 77' lang='lat' dir='ltr'><strong>(Rom.</strong></span> <span class='ocrx_word' id='word_1_541' title='bbox 2807 1065 2893 1118; x_wconf 74' lang='grc'><strong>12.</strong></span> <span class='ocrx_word' id='word_1_542' title='bbox 2928 1067 3037 1137; x_wconf 77' lang='grc'><strong>12).</strong></span> <span class='ocrx_word' id='word_1_543' title='bbox 3070 1069 3134 1121; x_wconf 85' lang='lat' dir='ltr'><strong>Et</strong></span> <span class='ocrx_word' id='word_1_544' title='bbox 3161 1070 3273 1141; x_wconf 82' lang='lat' dir='ltr'><strong>ipse</strong></span> <span class='ocrx_word' id='word_1_545' title='bbox 3293 1072 3539 1129; x_wconf 87' lang='lat' dir='ltr'><strong>Christus</strong></span> 
     </span>
    </p>
   </div>
   <div class='ocr_carea' id='block_1_70' title="bbox 1946 1148 3535 1223">
    <p class='ocr_par' dir='ltr' id='par_1_70' title="bbox 1946 1148 3535 1223">
     <span class='ocr_line' id='line_1_70' title="bbox 1946 1148 3535 1223; baseline 0.015 -25"><span class='ocrx_word' id='word_1_546' title='bbox 1946 1148 2193 1217; x_wconf 65' lang='lat' dir='ltr'><strong>exemplo</strong></span> <span class='ocrx_word' id='word_1_547' title='bbox 2234 1150 2446 1217; x_wconf 69' lang='lat' dir='ltr'><strong>vidum,</strong></span> <span class='ocrx_word' id='word_1_548' title='bbox 2488 1170 2606 1222; x_wconf 73' lang='lat' dir='ltr'><strong>qua:</strong></span> <span class='ocrx_word' id='word_1_549' title='bbox 2656 1156 3132 1215; x_wconf 86' lang='lat' dir='ltr'><strong>immisericordem</strong></span> <span class='ocrx_word' id='word_1_550' title='bbox 3171 1173 3223 1217; x_wconf 91' lang='lat' dir='ltr'><strong>et</strong></span> <span class='ocrx_word' id='word_1_551' title='bbox 3265 1167 3535 1223; x_wconf 89' lang='lat' dir='ltr'><strong>crudelem</strong></span> 
     </span>
    </p>
   </div>
   <div class='ocr_carea' id='block_1_71' title="bbox 1947 1240 3535 1324">
    <p class='ocr_par' dir='ltr' id='par_1_71' title="bbox 1947 1240 3535 1324">
     <span class='ocr_line' id='line_1_71' title="bbox 1947 1240 3535 1324; baseline 0.014 -33"><span class='ocrx_word' id='word_1_552' title='bbox 1947 1240 2238 1309; x_wconf 79' lang='lat' dir='ltr'><strong>principem</strong></span> <span class='ocrx_word' id='word_1_553' title='bbox 2271 1244 2528 1299; x_wconf 87' lang='lat' dir='ltr'><strong>orationis</strong></span> <span class='ocrx_word' id='word_1_554' title='bbox 2560 1246 2806 1301; x_wconf 88' lang='lat' dir='ltr'><strong>instantia</strong></span> <span class='ocrx_word' id='word_1_555' title='bbox 2837 1249 2983 1304; x_wconf 83' lang='lat' dir='ltr'><strong>ﬂexit</strong></span> <span class='ocrx_word' id='word_1_556' title='bbox 3009 1251 3155 1321; x_wconf 84' lang='lat' dir='ltr'><strong>(Luc.</strong></span> <span class='ocrx_word' id='word_1_557' title='bbox 3190 1255 3317 1324; x_wconf 81' lang='lat'><strong>18);</strong></span> <span class='ocrx_word' id='word_1_558' title='bbox 3348 1272 3535 1312; x_wconf 78' lang='lat' dir='ltr'><strong>exem-</strong></span> 
     </span>
    </p>
   </div>
   <div class='ocr_carea' id='block_1_72' title="bbox 1944 1332 3538 1413">
    <p class='ocr_par' dir='ltr' id='par_1_72' title="bbox 1944 1332 3538 1413">
     <span class='ocr_line' id='line_1_72' title="bbox 1944 1332 3538 1413; baseline 0.012 -30"><span class='ocrx_word' id='word_1_559' title='bbox 1944 1332 2140 1400; x_wconf 89' lang='lat' dir='ltr'><strong>ploque</strong></span> <span class='ocrx_word' id='word_1_560' title='bbox 2164 1335 2321 1389; x_wconf 89' lang='lat' dir='ltr'><strong>amici</strong></span> <span class='ocrx_word' id='word_1_561' title='bbox 2352 1337 2495 1391; x_wconf 91' lang='lat' dir='ltr'><strong>illius</strong></span> <span class='ocrx_word' id='word_1_562' title='bbox 2520 1340 2608 1407; x_wconf 90' lang='lat' dir='ltr'><strong>qui</strong></span> <span class='ocrx_word' id='word_1_563' title='bbox 2635 1339 2947 1410; x_wconf 79' lang='lat' dir='ltr'><strong>intempesta</strong></span> <span class='ocrx_word' id='word_1_564' title='bbox 2973 1354 3129 1399; x_wconf 85' lang='lat' dir='ltr'><strong>nocte</strong></span> <span class='ocrx_word' id='word_1_565' title='bbox 3153 1348 3314 1413; x_wconf 89' lang='lat' dir='ltr'><strong>venit,</strong></span> <span class='ocrx_word' id='word_1_566' title='bbox 3339 1357 3392 1402; x_wconf 92' lang='lat' dir='ltr'><strong>et</strong></span> <span class='ocrx_word' id='word_1_567' title='bbox 3412 1348 3538 1404; x_wconf 89' lang='lat' dir='ltr'><strong>dor-</strong></span> 
     </span>
    </p>
   </div>
   <div class='ocr_carea' id='block_1_73' title="bbox 1946 1425 3536 1501">
    <p class='ocr_par' dir='ltr' id='par_1_73' title="bbox 1946 1425 3536 1501">
     <span class='ocr_line' id='line_1_73' title="bbox 1946 1425 3536 1501; baseline 0.012 -26"><span class='ocrx_word' id='word_1_568' title='bbox 1946 1425 2195 1478; x_wconf 85' lang='lat' dir='ltr'><strong>mientem</strong></span> <span class='ocrx_word' id='word_1_569' title='bbox 2232 1441 2261 1479; x_wconf 90' lang='lat' dir='ltr'><strong>a</strong></span> <span class='ocrx_word' id='word_1_570' title='bbox 2295 1425 2433 1481; x_wconf 87' lang='lat' dir='ltr'><strong>lecto</strong></span> <span class='ocrx_word' id='word_1_571' title='bbox 2471 1429 2777 1495; x_wconf 89' lang='lat' dir='ltr'><strong>suscitavit,</strong></span> <span class='ocrx_word' id='word_1_572' title='bbox 2811 1446 2915 1485; x_wconf 89' lang='lat' dir='ltr'><strong>non</strong></span> <span class='ocrx_word' id='word_1_573' title='bbox 2945 1447 3014 1486; x_wconf 82' lang='lat' dir='ltr'><strong>ex</strong></span> <span class='ocrx_word' id='word_1_574' title='bbox 3041 1436 3273 1488; x_wconf 85' lang='lat' dir='ltr'><strong>amicitia</strong></span> <span class='ocrx_word' id='word_1_575' title='bbox 3296 1477 3312 1501; x_wconf 91' lang='lat'><strong>,</strong></span> <span class='ocrx_word' id='word_1_576' title='bbox 3344 1437 3438 1492; x_wconf 89' lang='lat' dir='ltr'><strong>sed</strong></span> <span class='ocrx_word' id='word_1_577' title='bbox 3467 1454 3536 1495; x_wconf 77' lang='lat' dir='ltr'><strong>ex</strong></span> 
     </span>
    </p>
   </div>
   <div class='ocr_carea' id='block_1_74' title="bbox 1945 1517 3533 1598">
    <p class='ocr_par' dir='ltr' id='par_1_74' title="bbox 1945 1517 3533 1598">
     <span class='ocr_line' id='line_1_74' title="bbox 1945 1517 3533 1598; baseline 0.011 -31"><span class='ocrx_word' id='word_1_578' title='bbox 1945 1517 2337 1583; x_wconf 86' lang='lat' dir='ltr'><strong>perseverantia</strong></span> <span class='ocrx_word' id='word_1_579' title='bbox 2366 1517 2512 1587; x_wconf 87' lang='lat' dir='ltr'><strong>(Luc.</strong></span> <span class='ocrx_word' id='word_1_580' title='bbox 2547 1521 2636 1589; x_wconf 77' lang='grc'><strong>11)</strong></span> <span class='ocrx_word' id='word_1_581' title='bbox 2665 1538 2677 1575; x_wconf 94' lang='lat'>:</span> <span class='ocrx_word' id='word_1_582' title='bbox 2704 1521 2833 1575; x_wconf 88' lang='lat' dir='ltr'><strong>nihil</strong></span> <span class='ocrx_word' id='word_1_583' title='bbox 2858 1522 3000 1577; x_wconf 90' lang='lat' dir='ltr'><strong>aliud</strong></span> <span class='ocrx_word' id='word_1_584' title='bbox 3030 1526 3345 1593; x_wconf 67' lang='lat' dir='ltr'><strong>prmscribit,</strong></span> <span class='ocrx_word' id='word_1_585' title='bbox 3372 1544 3533 1598; x_wconf 89' lang='lat' dir='ltr'><strong>quam</strong></span> 
     </span>
    </p>
   </div>
   <div class='ocr_carea' id='block_1_75' title="bbox 1942 1607 3535 1686">
    <p class='ocr_par' dir='ltr' id='par_1_75' title="bbox 1942 1607 3535 1686">
     <span class='ocr_line' id='line_1_75' title="bbox 1942 1607 3535 1686; baseline 0.009 -28"><span class='ocrx_word' id='word_1_586' title='bbox 1942 1621 2129 1660; x_wconf 89' lang='lat' dir='ltr'><strong>omnes</strong></span> <span class='ocrx_word' id='word_1_587' title='bbox 2155 1607 2251 1676; x_wconf 91' lang='lat' dir='ltr'><strong>ipsi</strong></span> <span class='ocrx_word' id='word_1_588' title='bbox 2280 1609 2585 1679; x_wconf 85' lang='lat' dir='ltr'><strong>supplicare</strong></span> <span class='ocrx_word' id='word_1_589' title='bbox 2613 1611 2828 1666; x_wconf 92' lang='lat' dir='ltr'><strong>assidue</strong></span> <span class='ocrx_word' id='word_1_590' title='bbox 2857 1625 3125 1682; x_wconf 89' lang='lat' dir='ltr'><strong>oportere,</strong></span> <span class='ocrx_word' id='word_1_591' title='bbox 3156 1631 3260 1671; x_wconf 93' lang='lat' dir='ltr'><strong>non</strong></span> <span class='ocrx_word' id='word_1_592' title='bbox 3290 1632 3386 1686; x_wconf 87' lang='lat' dir='ltr'><strong>per</strong></span> <span class='ocrx_word' id='word_1_593' title='bbox 3413 1634 3535 1673; x_wconf 91' lang='lat' dir='ltr'><strong>ora-</strong></span> 
     </span>
    </p>
   </div>
   <div class='ocr_carea' id='block_1_76' title="bbox 1944 1697 3535 1777">
    <p class='ocr_par' dir='ltr' id='par_1_76' title="bbox 1944 1697 3535 1777">
     <span class='ocr_line' id='line_1_76' title="bbox 1944 1697 3535 1777; baseline 0.01 -28"><span class='ocrx_word' id='word_1_594' title='bbox 1944 1697 2140 1751; x_wconf 90' lang='lat' dir='ltr'><strong>tionem</strong></span> <span class='ocrx_word' id='word_1_595' title='bbox 2190 1698 2335 1752; x_wconf 87' lang='lat' dir='ltr'><strong>mille</strong></span> <span class='ocrx_word' id='word_1_596' title='bbox 2380 1701 2623 1755; x_wconf 87' lang='lat' dir='ltr'><strong>versibus</strong></span> <span class='ocrx_word' id='word_1_597' title='bbox 2669 1713 3038 1770; x_wconf 87' lang='lat' dir='ltr'><strong>constantem,</strong></span> <span class='ocrx_word' id='word_1_598' title='bbox 3081 1706 3174 1759; x_wconf 76' lang='lat' dir='ltr'><strong>sed</strong></span> <span class='ocrx_word' id='word_1_599' title='bbox 3222 1708 3535 1777; x_wconf 88' lang='lat' dir='ltr'><strong>simpliciter</strong></span> 
     </span>
    </p>
   </div>
   <div class='ocr_carea' id='block_1_77' title="bbox 1941 1789 3529 1859">
    <p class='ocr_par' dir='ltr' id='par_1_77' title="bbox 1941 1789 3529 1859">
     <span class='ocr_line' id='line_1_77' title="bbox 1941 1789 3529 1859; baseline 0.011 -18"><span class='ocrx_word' id='word_1_600' title='bbox 1941 1804 2054 1843; x_wconf 89' lang='lat' dir='ltr'><strong>rem</strong></span> <span class='ocrx_word' id='word_1_601' title='bbox 2081 1789 2274 1846; x_wconf 79' lang='lat' dir='ltr'><strong>efferre</strong></span> <span class='ocrx_word' id='word_1_602' title='bbox 2296 1792 2468 1859; x_wconf 85' lang='lat' dir='ltr'><strong>jubet.</strong></span> <span class='ocrx_word' id='word_1_603' title='bbox 2498 1792 2627 1848; x_wconf 91' lang='lat' dir='ltr'><strong>lllud</strong></span> <span class='ocrx_word' id='word_1_604' title='bbox 2658 1796 2799 1849; x_wconf 91' lang='lat' dir='ltr'><strong>enim</strong></span> <span class='ocrx_word' id='word_1_605' title='bbox 2827 1796 3182 1853; x_wconf 84' lang='lat' dir='ltr'><strong>subindicavit</strong></span> <span class='ocrx_word' id='word_1_606' title='bbox 3205 1800 3289 1856; x_wconf 89' lang='lat' dir='ltr'><strong>his</strong></span> <span class='ocrx_word' id='word_1_607' title='bbox 3311 1804 3490 1859; x_wconf 90' lang='lat' dir='ltr'><strong>verbis</strong></span> <span class='ocrx_word' id='word_1_608' title='bbox 3513 1820 3529 1858; x_wconf 89' lang='lat'><strong>:</strong></span> 
     </span>
    </p>
   </div>
   <div class='ocr_carea' id='block_1_78' title="bbox 1946 1880 3530 1958">
    <p class='ocr_par' dir='ltr' id='par_1_78' title="bbox 1946 1880 3530 1958">
     <span class='ocr_line' id='line_1_78' title="bbox 1946 1880 3530 1958; baseline 0.013 -27"><span class='ocrx_word' id='word_1_609' title='bbox 1946 1880 2138 1933; x_wconf 81' lang='lat' dir='ltr'><strong>Putant</strong></span> <span class='ocrx_word' id='word_1_610' title='bbox 2168 1883 2301 1936; x_wconf 80' lang='lat' dir='ltr'><strong>enim</strong></span> <span class='ocrx_word' id='word_1_611' title='bbox 2337 1886 2473 1954; x_wconf 84' lang='lat' dir='ltr'><strong>quod</strong></span> <span class='ocrx_word' id='word_1_612' title='bbox 2506 1886 2560 1939; x_wconf 89' lang='lat' dir='ltr'><strong>in</strong></span> <span class='ocrx_word' id='word_1_613' title='bbox 2596 1886 2917 1958; x_wconf 78' lang='lat' dir='ltr'><strong>multiloquio</strong></span> <span class='ocrx_word' id='word_1_614' title='bbox 2952 1907 3044 1945; x_wconf 82' lang='lat' dir='ltr'><strong>suo</strong></span> <span class='ocrx_word' id='word_1_615' title='bbox 3084 1893 3441 1950; x_wconf 73' lang='lat' dir='ltr'><strong>exaudiantur.</strong></span> <span class='ocrx_word' id='word_1_616' title='bbox 3474 1898 3530 1951; x_wconf 85' lang='lat'><strong>8.</strong></span> 
     </span>
    </p>
   </div>
   <div class='ocr_carea' id='block_1_79' title="bbox 1942 1972 3532 2057">
    <p class='ocr_par' dir='ltr' id='par_1_79' title="bbox 1942 1972 3532 2057">
     <span class='ocr_line' id='line_1_79' title="bbox 1942 1972 3532 2057; baseline 0.014 -33"><span class='ocrx_word' id='word_1_617' title='bbox 1942 1972 2025 2025; x_wconf 87' lang='lat' dir='ltr'><strong>Ne</strong></span> <span class='ocrx_word' id='word_1_618' title='bbox 2050 1976 2239 2029; x_wconf 81' lang='lat' dir='ltr'><strong>similes</strong></span> <span class='ocrx_word' id='word_1_619' title='bbox 2265 1985 2418 2030; x_wconf 83' lang='lat' dir='ltr'><strong>estote</strong></span> <span class='ocrx_word' id='word_1_620' title='bbox 2440 1979 2561 2033; x_wconf 80' lang='lat' dir='ltr'><strong>illis.</strong></span> <span class='ocrx_word' id='word_1_621' title='bbox 2594 1978 2705 2033; x_wconf 86' lang='lat' dir='ltr'><strong>Scit</strong></span> <span class='ocrx_word' id='word_1_622' title='bbox 2729 1983 2862 2034; x_wconf 88' lang='lat' dir='ltr'><strong>enim</strong></span> <span class='ocrx_word' id='word_1_623' title='bbox 2893 1982 3049 2038; x_wconf 88' lang='lat' dir='ltr'><strong>Pater</strong></span> <span class='ocrx_word' id='word_1_624' title='bbox 3075 1996 3231 2040; x_wconf 73' lang='lat' dir='ltr'><strong>vester</strong></span> <span class='ocrx_word' id='word_1_625' title='bbox 3254 1988 3376 2057; x_wconf 82' lang='lat' dir='ltr'><strong>quid</strong></span> <span class='ocrx_word' id='word_1_626' title='bbox 3396 1992 3532 2046; x_wconf 79' lang='lat' dir='ltr'><strong>vobis</strong></span> 
     </span>
    </p>
   </div>
   <div class='ocr_carea' id='block_1_80' title="bbox 1940 2066 3529 2151">
    <p class='ocr_par' dir='ltr' id='par_1_80' title="bbox 1940 2066 3529 2151">
     <span class='ocr_line' id='line_1_80' title="bbox 1940 2066 3529 2151; baseline 0.013 -34"><span class='ocrx_word' id='word_1_627' title='bbox 1940 2081 2067 2133; x_wconf 75' lang='lat' dir='ltr'><strong>opus</strong></span> <span class='ocrx_word' id='word_1_628' title='bbox 2089 2066 2175 2132; x_wconf 78' lang='lat' dir='ltr'><strong>sit,</strong></span> <span class='ocrx_word' id='word_1_629' title='bbox 2205 2079 2473 2136; x_wconf 82' lang='lat' dir='ltr'><strong>antequam</strong></span> <span class='ocrx_word' id='word_1_630' title='bbox 2495 2072 2557 2124; x_wconf 93' lang='lat' dir='ltr'><strong>ab</strong></span> <span class='ocrx_word' id='word_1_631' title='bbox 2582 2072 2671 2125; x_wconf 87' lang='lat' dir='ltr'><strong>illo</strong></span> <span class='ocrx_word' id='word_1_632' title='bbox 2707 2075 2908 2142; x_wconf 79' lang='lat' dir='ltr'><strong>petatis.</strong></span> <span class='ocrx_word' id='word_1_633' title='bbox 2945 2076 3077 2131; x_wconf 89' lang='lat' dir='ltr'><strong>Etsi</strong></span> <span class='ocrx_word' id='word_1_634' title='bbox 3105 2080 3271 2145; x_wconf 81' lang='lat' dir='ltr'><strong>nevit,</strong></span> <span class='ocrx_word' id='word_1_635' title='bbox 3301 2083 3529 2151; x_wconf 85' lang='lat' dir='ltr'><strong>inquies,</strong></span> 
     </span>
    </p>
   </div>
   <div class='ocr_carea' id='block_1_81' title="bbox 1938 2157 3531 2235">
    <p class='ocr_par' dir='ltr' id='par_1_81' title="bbox 1938 2157 3531 2235">
     <span class='ocr_line' id='line_1_81' title="bbox 1938 2157 3531 2235; baseline 0.014 -27"><span class='ocrx_word' id='word_1_636' title='bbox 1938 2157 2128 2223; x_wconf 82' lang='lat' dir='ltr'><strong>quibus</strong></span> <span class='ocrx_word' id='word_1_637' title='bbox 2154 2175 2286 2228; x_wconf 93' lang='lat' dir='ltr'><strong>opus</strong></span> <span class='ocrx_word' id='word_1_638' title='bbox 2310 2160 2594 2231; x_wconf 85' lang='lat' dir='ltr'><strong>habemus,</strong></span> <span class='ocrx_word' id='word_1_639' title='bbox 2621 2179 2719 2219; x_wconf 89' lang='lat' dir='ltr'><strong>cur</strong></span> <span class='ocrx_word' id='word_1_640' title='bbox 2742 2175 2954 2235; x_wconf 81' lang='lat' dir='ltr'><strong>Oportet</strong></span> <span class='ocrx_word' id='word_1_641' title='bbox 2977 2183 3133 2224; x_wconf 83' lang='lat' dir='ltr'><strong>orare</strong></span> <span class='ocrx_word' id='word_1_642' title='bbox 3150 2170 3173 2222; x_wconf 68' lang='grc' dir='ltr'><strong>ἶ)</strong></span> <span class='ocrx_word' id='word_1_643' title='bbox 3192 2170 3305 2226; x_wconf 88' lang='lat' dir='ltr'><strong>Non</strong></span> <span class='ocrx_word' id='word_1_644' title='bbox 3330 2182 3387 2228; x_wconf 94' lang='lat' dir='ltr'><strong>ut</strong></span> <span class='ocrx_word' id='word_1_645' title='bbox 3406 2190 3531 2231; x_wconf 90' lang='lat' dir='ltr'><strong>eum</strong></span> 
     </span>
    </p>
   </div>
   <div class='ocr_carea' id='block_1_82' title="bbox 1938 2250 3529 2336">
    <p class='ocr_par' dir='ltr' id='par_1_82' title="bbox 1938 2250 3529 2336">
     <span class='ocr_line' id='line_1_82' title="bbox 1938 2250 3529 2336; baseline 0.012 -33"><span class='ocrx_word' id='word_1_646' title='bbox 1938 2250 2130 2305; x_wconf 88' lang='lat' dir='ltr'><strong>doceas</strong></span> <span class='ocrx_word' id='word_1_647' title='bbox 2152 2294 2168 2317; x_wconf 95' lang='lat'><strong>,</strong></span> <span class='ocrx_word' id='word_1_648' title='bbox 2199 2253 2291 2307; x_wconf 90' lang='lat' dir='ltr'><strong>sed</strong></span> <span class='ocrx_word' id='word_1_649' title='bbox 2322 2264 2379 2307; x_wconf 92' lang='lat' dir='ltr'><strong>ut</strong></span> <span class='ocrx_word' id='word_1_650' title='bbox 2410 2257 2648 2311; x_wconf 88' lang='lat' dir='ltr'><strong>inflectas</strong></span> <span class='ocrx_word' id='word_1_651' title='bbox 2672 2275 2687 2324; x_wconf 88' lang='lat'><strong>;</strong></span> <span class='ocrx_word' id='word_1_652' title='bbox 2716 2269 2775 2312; x_wconf 90' lang='lat' dir='ltr'><strong>ut</strong></span> <span class='ocrx_word' id='word_1_653' title='bbox 2804 2261 3207 2328; x_wconf 86' lang='lat' dir='ltr'><strong>supplicationis</strong></span> <span class='ocrx_word' id='word_1_654' title='bbox 3232 2263 3529 2336; x_wconf 87' lang='lat' dir='ltr'><strong>frequentia</strong></span> 
     </span>
    </p>
   </div>
   <div class='ocr_carea' id='block_1_83' title="bbox 1940 2340 3529 2423">
    <p class='ocr_par' dir='ltr' id='par_1_83' title="bbox 1940 2340 3529 2423">
     <span class='ocr_line' id='line_1_83' title="bbox 1940 2340 3529 2423; baseline 0.013 -30"><span class='ocrx_word' id='word_1_655' title='bbox 1940 2340 2012 2395; x_wconf 93' lang='lat' dir='ltr'><strong>illi</strong></span> <span class='ocrx_word' id='word_1_656' title='bbox 2047 2340 2320 2398; x_wconf 86' lang='lat' dir='ltr'><strong>familiaris</strong></span> <span class='ocrx_word' id='word_1_657' title='bbox 2357 2347 2551 2400; x_wconf 89' lang='lat' dir='ltr'><strong>evadas</strong></span> <span class='ocrx_word' id='word_1_658' title='bbox 2574 2388 2590 2411; x_wconf 96' lang='lat'><strong>,</strong></span> <span class='ocrx_word' id='word_1_659' title='bbox 2621 2358 2680 2402; x_wconf 94' lang='lat' dir='ltr'><strong>ut</strong></span> <span class='ocrx_word' id='word_1_660' title='bbox 2720 2350 3017 2405; x_wconf 90' lang='lat' dir='ltr'><strong>humilieris</strong></span> <span class='ocrx_word' id='word_1_661' title='bbox 3042 2392 3058 2417; x_wconf 93' lang='lat'><strong>,</strong></span> <span class='ocrx_word' id='word_1_662' title='bbox 3090 2361 3149 2406; x_wconf 91' lang='lat' dir='ltr'><strong>ut</strong></span> <span class='ocrx_word' id='word_1_663' title='bbox 3185 2366 3529 2423; x_wconf 88' lang='lat' dir='ltr'><strong>peccatorum</strong></span> 
     </span>
    </p>
   </div>
   <div class='ocr_carea' id='block_1_84' title="bbox 1939 2436 3528 2510">
    <p class='ocr_par' dir='ltr' id='par_1_84' title="bbox 1939 2436 3528 2510">
     <span class='ocr_line' id='line_1_84' title="bbox 1939 2436 3528 2510; baseline 0.012 -25"><span class='ocrx_word' id='word_1_664' title='bbox 1939 2443 2148 2487; x_wconf 88' lang='lat' dir='ltr'><strong>tuorum</strong></span> <span class='ocrx_word' id='word_1_665' title='bbox 2173 2436 2492 2492; x_wconf 86' lang='lat' dir='ltr'><strong>recorderis.</strong></span> <span class='ocrx_word' id='word_1_666' title='bbox 2525 2438 2580 2493; x_wconf 91' lang='lat'><strong>9.</strong></span> <span class='ocrx_word' id='word_1_667' title='bbox 2611 2439 2700 2494; x_wconf 89' lang='lat' dir='ltr'><strong>Sic</strong></span> <span class='ocrx_word' id='word_1_668' title='bbox 2728 2441 2882 2510; x_wconf 86' lang='lat' dir='ltr'><strong>igitur</strong></span> <span class='ocrx_word' id='word_1_669' title='bbox 2911 2452 3067 2507; x_wconf 85' lang='lat' dir='ltr'><strong>orate,</strong></span> <span class='ocrx_word' id='word_1_670' title='bbox 3101 2444 3176 2499; x_wconf 87' lang='lat' dir='ltr'><strong>ait</strong></span> <span class='ocrx_word' id='word_1_671' title='bbox 3205 2464 3218 2499; x_wconf 91' lang='lat'>:</span> <span class='ocrx_word' id='word_1_672' title='bbox 3249 2446 3405 2503; x_wconf 86' lang='lat' dir='ltr'><strong>Pater</strong></span> <span class='ocrx_word' id='word_1_673' title='bbox 3431 2466 3528 2504; x_wconf 86' lang='lat' dir='ltr'><strong>no-</strong></span> 
     </span>
    </p>
   </div>
   <div class='ocr_carea' id='block_1_85' title="bbox 1935 2527 3530 2609">
    <p class='ocr_par' dir='ltr' id='par_1_85' title="bbox 1935 2527 3530 2609">
     <span class='ocr_line' id='line_1_85' title="bbox 1935 2527 3530 2609; baseline 0.013 -32"><span class='ocrx_word' id='word_1_674' title='bbox 1935 2536 2037 2578; x_wconf 83' lang='lat' dir='ltr'><strong>ster</strong></span> <span class='ocrx_word' id='word_1_675' title='bbox 2054 2527 2141 2597; x_wconf 77' lang='lat' dir='ltr'><strong>qui</strong></span> <span class='ocrx_word' id='word_1_676' title='bbox 2160 2543 2211 2581; x_wconf 86' lang='lat' dir='ltr'><strong>es</strong></span> <span class='ocrx_word' id='word_1_677' title='bbox 2237 2528 2290 2581; x_wconf 86' lang='lat' dir='ltr'><strong>in</strong></span> <span class='ocrx_word' id='word_1_678' title='bbox 2309 2530 2468 2591; x_wconf 74' lang='lat' dir='ltr'><strong>cretis,</strong></span> <span class='ocrx_word' id='word_1_679' title='bbox 2499 2532 2839 2599; x_wconf 84' lang='lat' dir='ltr'><strong>sancti/icetur</strong></span> <span class='ocrx_word' id='word_1_680' title='bbox 2876 2551 3057 2589; x_wconf 84' lang='lat' dir='ltr'><strong>nomen</strong></span> <span class='ocrx_word' id='word_1_681' title='bbox 3094 2547 3234 2591; x_wconf 87' lang='lat' dir='ltr'><strong>tuum</strong></span> <span class='ocrx_word' id='word_1_682' title='bbox 3266 2538 3364 2609; x_wconf 90' lang='lat' dir='ltr'><strong>(a).</strong></span> <span class='ocrx_word' id='word_1_683' title='bbox 3394 2540 3530 2597; x_wconf 82' lang='lat' dir='ltr'><strong>Vide</strong></span> 
     </span>
    </p>
   </div>
   <div class='ocr_carea' id='block_1_86' title="bbox 1935 2619 3529 2691">
    <p class='ocr_par' dir='ltr' id='par_1_86' title="bbox 1935 2619 3529 2691">
     <span class='ocr_line' id='line_1_86' title="bbox 1935 2619 3529 2691; baseline 0.011 -21"><span class='ocrx_word' id='word_1_684' title='bbox 1935 2619 2205 2687; x_wconf 83' lang='lat' dir='ltr'><strong>quomodo</strong></span> <span class='ocrx_word' id='word_1_685' title='bbox 2231 2622 2410 2675; x_wconf 89' lang='lat' dir='ltr'><strong>statim</strong></span> <span class='ocrx_word' id='word_1_686' title='bbox 2438 2622 2735 2679; x_wconf 81' lang='lat' dir='ltr'><strong>auditorem</strong></span> <span class='ocrx_word' id='word_1_687' title='bbox 2764 2627 2973 2691; x_wconf 82' lang='lat' dir='ltr'><strong>erexit,</strong></span> <span class='ocrx_word' id='word_1_688' title='bbox 2999 2636 3055 2682; x_wconf 91' lang='lat' dir='ltr'><strong>et</strong></span> <span class='ocrx_word' id='word_1_689' title='bbox 3083 2643 3241 2684; x_wconf 91' lang='lat' dir='ltr'><strong>omne</strong></span> <span class='ocrx_word' id='word_1_690' title='bbox 3282 2630 3529 2688; x_wconf 79' lang='lat' dir='ltr'><strong>beneficii</strong></span> 
     </span>
    </p>
   </div>
   <div class='ocr_carea' id='block_1_87' title="bbox 1933 2713 3527 2789">
    <p class='ocr_par' dir='ltr' id='par_1_87' title="bbox 1933 2713 3527 2789">
     <span class='ocr_line' id='line_1_87' title="bbox 1933 2713 3527 2789; baseline 0.008 -23"><span class='ocrx_word' id='word_1_691' title='bbox 1933 2728 2102 2781; x_wconf 85' lang='lat' dir='ltr'><strong>genus</strong></span> <span class='ocrx_word' id='word_1_692' title='bbox 2125 2713 2175 2765; x_wconf 92' lang='lat' dir='ltr'><strong>in</strong></span> <span class='ocrx_word' id='word_1_693' title='bbox 2200 2714 2475 2782; x_wconf 72' lang='lat' dir='ltr'><strong>prommiis</strong></span> <span class='ocrx_word' id='word_1_694' title='bbox 2499 2717 2831 2770; x_wconf 83' lang='lat' dir='ltr'><strong>memoravit.</strong></span> <span class='ocrx_word' id='word_1_695' title='bbox 2858 2717 2990 2771; x_wconf 89' lang='lat' dir='ltr'><strong>Nam</strong></span> <span class='ocrx_word' id='word_1_696' title='bbox 3013 2721 3101 2789; x_wconf 92' lang='lat' dir='ltr'><strong>qui</strong></span> <span class='ocrx_word' id='word_1_697' title='bbox 3125 2719 3335 2775; x_wconf 88' lang='lat' dir='ltr'><strong>Patrem</strong></span> <span class='ocrx_word' id='word_1_698' title='bbox 3358 2721 3527 2779; x_wconf 90' lang='lat' dir='ltr'><strong>Deum</strong></span> 
     </span>
    </p>
   </div>
   <div class='ocr_carea' id='block_1_88' title="bbox 1933 2804 3528 2882">
    <p class='ocr_par' dir='ltr' id='par_1_88' title="bbox 1933 2804 3528 2882">
     <span class='ocr_line' id='line_1_88' title="bbox 1933 2804 3528 2882; baseline 0.008 -25"><span class='ocrx_word' id='word_1_699' title='bbox 1933 2804 2258 2872; x_wconf 86' lang='lat' dir='ltr'><strong>appellavit,</strong></span> <span class='ocrx_word' id='word_1_700' title='bbox 2300 2815 2353 2860; x_wconf 88' lang='lat' dir='ltr'><strong>et</strong></span> <span class='ocrx_word' id='word_1_701' title='bbox 2392 2816 2730 2875; x_wconf 91' lang='lat' dir='ltr'><strong>peccatorum</strong></span> <span class='ocrx_word' id='word_1_702' title='bbox 2766 2809 3175 2877; x_wconf 88' lang='lat' dir='ltr'><strong>remissionem,</strong></span> <span class='ocrx_word' id='word_1_703' title='bbox 3202 2819 3257 2865; x_wconf 90' lang='lat' dir='ltr'><strong>et</strong></span> <span class='ocrx_word' id='word_1_704' title='bbox 3282 2813 3528 2882; x_wconf 88' lang='lat' dir='ltr'><strong>supplicii</strong></span> 
     </span>
    </p>
   </div>
   <div class='ocr_carea' id='block_1_89' title="bbox 1933 2897 3528 2969">
    <p class='ocr_par' dir='ltr' id='par_1_89' title="bbox 1933 2897 3528 2969">
     <span class='ocr_line' id='line_1_89' title="bbox 1933 2897 3528 2969; baseline 0.008 -19"><span class='ocrx_word' id='word_1_705' title='bbox 1933 2897 2331 2967; x_wconf 85' lang='lat' dir='ltr'><strong>abrogationem</strong></span> <span class='ocrx_word' id='word_1_706' title='bbox 2359 2939 2374 2961; x_wconf 89' lang='lat'><strong>,</strong></span> <span class='ocrx_word' id='word_1_707' title='bbox 2403 2906 2459 2953; x_wconf 90' lang='lat' dir='ltr'><strong>et</strong></span> <span class='ocrx_word' id='word_1_708' title='bbox 2492 2899 2750 2967; x_wconf 89' lang='lat' dir='ltr'><strong>justitiam</strong></span> <span class='ocrx_word' id='word_1_709' title='bbox 2776 2941 2792 2964; x_wconf 89' lang='lat'><strong>,</strong></span> <span class='ocrx_word' id='word_1_710' title='bbox 2827 2909 2881 2955; x_wconf 90' lang='lat' dir='ltr'><strong>et</strong></span> <span class='ocrx_word' id='word_1_711' title='bbox 2922 2902 3399 2960; x_wconf 86' lang='lat' dir='ltr'><strong>sanctiﬁcationem</strong></span> <span class='ocrx_word' id='word_1_712' title='bbox 3424 2946 3440 2969; x_wconf 91' lang='lat'><strong>,</strong></span> <span class='ocrx_word' id='word_1_713' title='bbox 3471 2916 3528 2963; x_wconf 83' lang='lat' dir='ltr'><strong>et</strong></span> 
     </span>
    </p>
   </div>
   <div class='ocr_carea' id='block_1_90' title="bbox 1932 2989 3521 3061">
    <p class='ocr_par' dir='ltr' id='par_1_90' title="bbox 1932 2989 3521 3061">
     <span class='ocr_line' id='line_1_90' title="bbox 1932 2989 3521 3061; baseline 0.008 -20"><span class='ocrx_word' id='word_1_714' title='bbox 1932 2989 2378 3058; x_wconf 81' lang='lat' dir='ltr'><strong>redemptionem,</strong></span> <span class='ocrx_word' id='word_1_715' title='bbox 2406 2999 2462 3044; x_wconf 90' lang='lat' dir='ltr'><strong>et</strong></span> <span class='ocrx_word' id='word_1_716' title='bbox 2494 2990 2725 3045; x_wconf 91' lang='lat' dir='ltr'><strong>ﬁliorum</strong></span> <span class='ocrx_word' id='word_1_717' title='bbox 2757 2990 3123 3061; x_wconf 87' lang='lat' dir='ltr'><strong>adoptionem,</strong></span> <span class='ocrx_word' id='word_1_718' title='bbox 3155 3003 3210 3050; x_wconf 90' lang='lat' dir='ltr'><strong>et</strong></span> <span class='ocrx_word' id='word_1_719' title='bbox 3248 2994 3521 3053; x_wconf 78' lang='lat' dir='ltr'><strong>heredita-</strong></span> 
     </span>
    </p>
   </div>
   <div class='ocr_carea' id='block_1_91' title="bbox 1932 3082 3523 3158">
    <p class='ocr_par' dir='ltr' id='par_1_91' title="bbox 1932 3082 3523 3158">
     <span class='ocr_line' id='line_1_91' title="bbox 1932 3082 3523 3158; baseline 0.006 -21"><span class='ocrx_word' id='word_1_720' title='bbox 1932 3093 2058 3146; x_wconf 89' lang='lat' dir='ltr'><strong>tem,</strong></span> <span class='ocrx_word' id='word_1_721' title='bbox 2089 3094 2143 3137; x_wconf 90' lang='lat' dir='ltr'><strong>et</strong></span> <span class='ocrx_word' id='word_1_722' title='bbox 2181 3082 2563 3138; x_wconf 88' lang='lat' dir='ltr'><strong>fraternitatem</strong></span> <span class='ocrx_word' id='word_1_723' title='bbox 2591 3100 2712 3139; x_wconf 90' lang='lat' dir='ltr'><strong>cum</strong></span> <span class='ocrx_word' id='word_1_724' title='bbox 2746 3086 3049 3157; x_wconf 88' lang='lat' dir='ltr'><strong>Unigenito,</strong></span> <span class='ocrx_word' id='word_1_725' title='bbox 3081 3097 3135 3144; x_wconf 90' lang='lat' dir='ltr'><strong>et</strong></span> <span class='ocrx_word' id='word_1_726' title='bbox 3161 3090 3392 3158; x_wconf 89' lang='lat' dir='ltr'><strong>Spiritus</strong></span> <span class='ocrx_word' id='word_1_727' title='bbox 3420 3091 3523 3146; x_wconf 88' lang='lat' dir='ltr'><strong>do-</strong></span> 
     </span>
    </p>
   </div>
   <div class='ocr_carea' id='block_1_92' title="bbox 1931 3175 3521 3251">
    <p class='ocr_par' dir='ltr' id='par_1_92' title="bbox 1931 3175 3521 3251">
     <span class='ocr_line' id='line_1_92' title="bbox 1931 3175 3521 3251; baseline 0.006 -23"><span class='ocrx_word' id='word_1_728' title='bbox 1931 3190 2019 3242; x_wconf 89' lang='lat' dir='ltr'><strong>na,</strong></span> <span class='ocrx_word' id='word_1_729' title='bbox 2049 3175 2147 3229; x_wconf 90' lang='lat' dir='ltr'><strong>hac</strong></span> <span class='ocrx_word' id='word_1_730' title='bbox 2170 3191 2274 3229; x_wconf 92' lang='lat' dir='ltr'><strong>una</strong></span> <span class='ocrx_word' id='word_1_731' title='bbox 2297 3175 2730 3232; x_wconf 86' lang='lat' dir='ltr'><strong>denominatiune</strong></span> <span class='ocrx_word' id='word_1_732' title='bbox 2747 3179 3027 3235; x_wconf 90' lang='lat' dir='ltr'><strong>confessus</strong></span> <span class='ocrx_word' id='word_1_733' title='bbox 3047 3187 3149 3235; x_wconf 92' lang='lat' dir='ltr'><strong>est.</strong></span> <span class='ocrx_word' id='word_1_734' title='bbox 3173 3181 3355 3251; x_wconf 84' lang='lat' dir='ltr'><strong>Neque</strong></span> <span class='ocrx_word' id='word_1_735' title='bbox 3376 3183 3521 3238; x_wconf 91' lang='lat' dir='ltr'><strong>enim</strong></span> 
     </span>
    </p>
   </div>
   <div class='ocr_carea' id='block_1_93' title="bbox 1932 3266 3521 3339">
    <p class='ocr_par' dir='ltr' id='par_1_93' title="bbox 1932 3266 3521 3339">
     <span class='ocr_line' id='line_1_93' title="bbox 1932 3266 3521 3339; baseline 0.006 -19"><span class='ocrx_word' id='word_1_736' title='bbox 1932 3268 2096 3321; x_wconf 90' lang='lat' dir='ltr'><strong>Deum</strong></span> <span class='ocrx_word' id='word_1_737' title='bbox 2127 3266 2338 3321; x_wconf 89' lang='lat' dir='ltr'><strong>Patrem</strong></span> <span class='ocrx_word' id='word_1_738' title='bbox 2366 3269 2484 3337; x_wconf 89' lang='lat' dir='ltr'><strong>quis</strong></span> <span class='ocrx_word' id='word_1_739' title='bbox 2514 3270 2785 3338; x_wconf 86' lang='lat' dir='ltr'><strong>appellare</strong></span> <span class='ocrx_word' id='word_1_740' title='bbox 2820 3280 2995 3339; x_wconf 89' lang='lat' dir='ltr'><strong>potest</strong></span> <span class='ocrx_word' id='word_1_741' title='bbox 3017 3313 3033 3338; x_wconf 89' lang='lat'><strong>,</strong></span> <span class='ocrx_word' id='word_1_742' title='bbox 3066 3273 3164 3327; x_wconf 86' lang='lat' dir='ltr'><strong>nisi</strong></span> <span class='ocrx_word' id='word_1_743' title='bbox 3196 3272 3311 3328; x_wconf 65' lang='lat' dir='ltr'><strong>haec</strong></span> <span class='ocrx_word' id='word_1_744' title='bbox 3338 3276 3521 3329; x_wconf 90' lang='lat' dir='ltr'><strong>omnia</strong></span> 
     </span>
    </p>
   </div>
   <div class='ocr_carea' id='block_1_94' title="bbox 1928 3358 3520 3430">
    <p class='ocr_par' dir='ltr' id='par_1_94' title="bbox 1928 3358 3520 3430">
     <span class='ocr_line' id='line_1_94' title="bbox 1928 3358 3520 3430; baseline 0.004 -18"><span class='ocrx_word' id='word_1_745' title='bbox 1928 3358 2068 3413; x_wconf 85' lang='lat' dir='ltr'><strong>bona</strong></span> <span class='ocrx_word' id='word_1_746' title='bbox 2093 3367 2472 3428; x_wconf 90' lang='lat' dir='ltr'><strong>consequutus.</strong></span> <span class='ocrx_word' id='word_1_747' title='bbox 2499 3359 2703 3428; x_wconf 88' lang='lat' dir='ltr'><strong>Duplici</strong></span> <span class='ocrx_word' id='word_1_748' title='bbox 2730 3360 2890 3430; x_wconf 85' lang='lat' dir='ltr'><strong>igitur</strong></span> <span class='ocrx_word' id='word_1_749' title='bbox 2917 3361 3075 3416; x_wconf 88' lang='lat' dir='ltr'><strong>modo</strong></span> <span class='ocrx_word' id='word_1_750' title='bbox 3100 3378 3285 3416; x_wconf 88' lang='lat' dir='ltr'><strong>eorum</strong></span> <span class='ocrx_word' id='word_1_751' title='bbox 3311 3364 3520 3419; x_wconf 87' lang='lat' dir='ltr'><strong>animos</strong></span> 
     </span>
    </p>
   </div>
   <div class='ocr_carea' id='block_1_95' title="bbox 1927 3451 3520 3523">
    <p class='ocr_par' dir='ltr' id='par_1_95' title="bbox 1927 3451 3520 3523">
     <span class='ocr_line' id='line_1_95' title="bbox 1927 3451 3520 3523; baseline 0.004 -18"><span class='ocrx_word' id='word_1_752' title='bbox 1927 3451 2120 3521; x_wconf 84' lang='lat' dir='ltr'><strong>erigit;</strong></span> <span class='ocrx_word' id='word_1_753' title='bbox 2150 3460 2205 3507; x_wconf 89' lang='lat' dir='ltr'><strong>et</strong></span> <span class='ocrx_word' id='word_1_754' title='bbox 2241 3466 2306 3507; x_wconf 83' lang='lat' dir='ltr'><strong>ex</strong></span> <span class='ocrx_word' id='word_1_755' title='bbox 2344 3451 2599 3521; x_wconf 82' lang='lat' dir='ltr'><strong>dignitate</strong></span> <span class='ocrx_word' id='word_1_756' title='bbox 2627 3451 2743 3523; x_wconf 85' lang='lat' dir='ltr'><strong>ejus</strong></span> <span class='ocrx_word' id='word_1_757' title='bbox 2776 3469 2935 3523; x_wconf 91' lang='lat' dir='ltr'><strong>quem</strong></span> <span class='ocrx_word' id='word_1_758' title='bbox 2977 3455 3185 3510; x_wconf 88' lang='lat' dir='ltr'><strong>Patrem</strong></span> <span class='ocrx_word' id='word_1_759' title='bbox 3215 3467 3433 3521; x_wconf 85' lang='lat' dir='ltr'><strong>vocant,</strong></span> <span class='ocrx_word' id='word_1_760' title='bbox 3464 3467 3520 3512; x_wconf 86' lang='lat' dir='ltr'><strong>et</strong></span> 
     </span>
    </p>
   </div>
   <div class='ocr_carea' id='block_1_96' title="bbox 1926 3542 3513 3615">
    <p class='ocr_par' dir='ltr' id='par_1_96' title="bbox 1926 3542 3513 3615">
     <span class='ocr_line' id='line_1_96' title="bbox 1926 3542 3513 3615; baseline 0.004 -18"><span class='ocrx_word' id='word_1_761' title='bbox 1926 3558 1992 3597; x_wconf 80' lang='lat' dir='ltr'><strong>ex</strong></span> <span class='ocrx_word' id='word_1_762' title='bbox 2020 3542 2385 3613; x_wconf 88' lang='lat' dir='ltr'><strong>magnitudine</strong></span> <span class='ocrx_word' id='word_1_763' title='bbox 2413 3559 2621 3606; x_wconf 91' lang='lat' dir='ltr'><strong>eorum,</strong></span> <span class='ocrx_word' id='word_1_764' title='bbox 2653 3560 2770 3614; x_wconf 64' lang='lat' dir='ltr'><strong>qua;</strong></span> <span class='ocrx_word' id='word_1_765' title='bbox 2799 3560 3074 3615; x_wconf 89' lang='lat' dir='ltr'><strong>accepere,</strong></span> <span class='ocrx_word' id='word_1_766' title='bbox 3113 3549 3513 3603; x_wconf 89' lang='lat' dir='ltr'><strong>beneﬁciorum.</strong></span> 
     </span>
    </p>
   </div>
   <div class='ocr_carea' id='block_1_97' title="bbox 1925 3635 3518 3704">
    <p class='ocr_par' dir='ltr' id='par_1_97' title="bbox 1925 3635 3518 3704">
     <span class='ocr_line' id='line_1_97' title="bbox 1925 3635 3518 3704; baseline 0.003 -13"><span class='ocrx_word' id='word_1_767' title='bbox 1925 3635 2058 3691; x_wconf 87' lang='lat' dir='ltr'><strong>Cum</strong></span> <span class='ocrx_word' id='word_1_768' title='bbox 2081 3646 2259 3691; x_wconf 86' lang='lat' dir='ltr'><strong>autem</strong></span> <span class='ocrx_word' id='word_1_769' title='bbox 2284 3636 2433 3701; x_wconf 90' lang='lat' dir='ltr'><strong>dicit,</strong></span> <span class='ocrx_word' id='word_1_770' title='bbox 2456 3636 2525 3689; x_wconf 89' lang='lat' dir='ltr'><strong>1n</strong></span> <span class='ocrx_word' id='word_1_771' title='bbox 2548 3637 2705 3704; x_wconf 68' lang='lat' dir='ltr'><strong>cretis,</strong></span> <span class='ocrx_word' id='word_1_772' title='bbox 2730 3652 2836 3692; x_wconf 93' lang='lat' dir='ltr'><strong>non</strong></span> <span class='ocrx_word' id='word_1_773' title='bbox 2864 3638 2933 3692; x_wconf 91' lang='lat' dir='ltr'><strong>ibi</strong></span> <span class='ocrx_word' id='word_1_774' title='bbox 2962 3639 3129 3694; x_wconf 91' lang='lat' dir='ltr'><strong>Deum</strong></span> <span class='ocrx_word' id='word_1_775' title='bbox 3161 3639 3264 3696; x_wconf 86' lang='lat' dir='ltr'><strong>hoc</strong></span> <span class='ocrx_word' id='word_1_776' title='bbox 3289 3641 3518 3696; x_wconf 88' lang='lat' dir='ltr'><strong>dieemlo</strong></span> 
     </span>
    </p>
   </div>
   <div class='ocr_carea' id='block_1_98' title="bbox 1926 3727 3516 3796">
    <p class='ocr_par' dir='ltr' id='par_1_98' title="bbox 1926 3727 3516 3796">
     <span class='ocr_line' id='line_1_98' title="bbox 1926 3727 3516 3796; baseline 0.006 -17"><span class='ocrx_word' id='word_1_777' title='bbox 1926 3727 2233 3793; x_wconf 92' lang='lat' dir='ltr'><strong>concludit,</strong></span> <span class='ocrx_word' id='word_1_778' title='bbox 2263 3727 2355 3781; x_wconf 91' lang='lat' dir='ltr'><strong>sed</strong></span> <span class='ocrx_word' id='word_1_779' title='bbox 2389 3737 2693 3796; x_wconf 84' lang='lat' dir='ltr'><strong>precantem</strong></span> <span class='ocrx_word' id='word_1_780' title='bbox 2722 3728 2787 3783; x_wconf 91' lang='lat' dir='ltr'><strong>de</strong></span> <span class='ocrx_word' id='word_1_781' title='bbox 2816 3739 2955 3783; x_wconf 90' lang='lat' dir='ltr'><strong>terra</strong></span> <span class='ocrx_word' id='word_1_782' title='bbox 2983 3731 3233 3795; x_wconf 90' lang='lat' dir='ltr'><strong>abducit,</strong></span> <span class='ocrx_word' id='word_1_783' title='bbox 3261 3746 3312 3786; x_wconf 91' lang='lat' dir='ltr'><strong>et</strong></span> <span class='ocrx_word' id='word_1_784' title='bbox 3342 3733 3392 3787; x_wconf 91' lang='lat' dir='ltr'><strong>in</strong></span> <span class='ocrx_word' id='word_1_785' title='bbox 3418 3751 3516 3788; x_wconf 79' lang='lat' dir='ltr'><strong>ex-</strong></span> 
     </span>
    </p>
   </div>
   <div class='ocr_carea' id='block_1_99' title="bbox 1924 3820 3518 3894">
    <p class='ocr_par' dir='ltr' id='par_1_99' title="bbox 1924 3820 3518 3894">
     <span class='ocr_line' id='line_1_99' title="bbox 1924 3820 3518 3894; baseline 0.005 -22"><span class='ocrx_word' id='word_1_786' title='bbox 1924 3820 2080 3873; x_wconf 91' lang='lat' dir='ltr'><strong>celsis</strong></span> <span class='ocrx_word' id='word_1_787' title='bbox 2121 3820 2250 3874; x_wconf 90' lang='lat' dir='ltr'><strong>locis</strong></span> <span class='ocrx_word' id='word_1_788' title='bbox 2290 3821 2638 3890; x_wconf 80' lang='lat' dir='ltr'><strong>supernisque</strong></span> <span class='ocrx_word' id='word_1_789' title='bbox 2673 3820 2987 3877; x_wconf 88' lang='lat' dir='ltr'><strong>habitaculis</strong></span> <span class='ocrx_word' id='word_1_790' title='bbox 3014 3823 3200 3894; x_wconf 90' lang='lat' dir='ltr'><strong>afﬁgit.</strong></span> <span class='ocrx_word' id='word_1_791' title='bbox 3234 3826 3396 3880; x_wconf 89' lang='lat' dir='ltr'><strong>Docet</strong></span> <span class='ocrx_word' id='word_1_792' title='bbox 3423 3841 3518 3880; x_wconf 86' lang='lat' dir='ltr'><strong>au-</strong></span> 
     </span>
    </p>
   </div>
   <div class='ocr_carea' id='block_1_100' title="bbox 1927 3910 3515 3981">
    <p class='ocr_par' dir='ltr' id='par_1_100' title="bbox 1927 3910 3515 3981">
     <span class='ocr_line' id='line_1_100' title="bbox 1927 3910 3515 3981; baseline 0.006 -16"><span class='ocrx_word' id='word_1_793' title='bbox 1927 3923 2030 3965; x_wconf 90' lang='lat' dir='ltr'><strong>tem</strong></span> <span class='ocrx_word' id='word_1_794' title='bbox 2053 3926 2387 3966; x_wconf 89' lang='lat' dir='ltr'><strong>communem</strong></span> <span class='ocrx_word' id='word_1_795' title='bbox 2412 3927 2507 3981; x_wconf 90' lang='lat' dir='ltr'><strong>pro</strong></span> <span class='ocrx_word' id='word_1_796' title='bbox 2530 3910 2779 3967; x_wconf 87' lang='lat' dir='ltr'><strong>fratribus</strong></span> <span class='ocrx_word' id='word_1_797' title='bbox 2796 3915 3091 3970; x_wconf 90' lang='lat' dir='ltr'><strong>orationem</strong></span> <span class='ocrx_word' id='word_1_798' title='bbox 3113 3918 3377 3973; x_wconf 69' lang='lat' dir='ltr'><strong>emittere.</strong></span> <span class='ocrx_word' id='word_1_799' title='bbox 3396 3918 3515 3974; x_wconf 88' lang='lat' dir='ltr'><strong>Non</strong></span> 
     </span>
    </p>
   </div>
   <div class='ocr_carea' id='block_1_101' title="bbox 1925 4003 3516 4075">
    <p class='ocr_par' dir='ltr' id='par_1_101' title="bbox 1925 4003 3516 4075">
     <span class='ocr_line' id='line_1_101' title="bbox 1925 4003 3516 4075; baseline 0.004 -17"><span class='ocrx_word' id='word_1_800' title='bbox 1925 4004 2066 4058; x_wconf 90' lang='lat' dir='ltr'><strong>enim</strong></span> <span class='ocrx_word' id='word_1_801' title='bbox 2096 4003 2260 4067; x_wconf 90' lang='lat' dir='ltr'><strong>dicit,</strong></span> <span class='ocrx_word' id='word_1_802' title='bbox 2294 4003 2451 4058; x_wconf 91' lang='lat' dir='ltr'><strong>Pater</strong></span> <span class='ocrx_word' id='word_1_803' title='bbox 2480 4019 2665 4065; x_wconf 87' lang='lat' dir='ltr'><strong>meus,</strong></span> <span class='ocrx_word' id='word_1_804' title='bbox 2695 4006 2786 4075; x_wconf 94' lang='lat' dir='ltr'><strong>qui</strong></span> <span class='ocrx_word' id='word_1_805' title='bbox 2819 4020 2878 4061; x_wconf 91' lang='lat' dir='ltr'><strong>es</strong></span> <span class='ocrx_word' id='word_1_806' title='bbox 2907 4008 2959 4061; x_wconf 90' lang='lat' dir='ltr'><strong>in</strong></span> <span class='ocrx_word' id='word_1_807' title='bbox 2992 4008 3163 4073; x_wconf 65' lang='lat' dir='ltr'><strong>cmlis;</strong></span> <span class='ocrx_word' id='word_1_808' title='bbox 3193 4010 3285 4065; x_wconf 90' lang='lat' dir='ltr'><strong>sed</strong></span> <span class='ocrx_word' id='word_1_809' title='bbox 3311 4052 3324 4072; x_wconf 91' lang='lat'><strong>,</strong></span> <span class='ocrx_word' id='word_1_810' title='bbox 3361 4010 3516 4065; x_wconf 87' lang='lat' dir='ltr'><strong>Pater</strong></span> 
     </span>
    </p>
   </div>
   <div class='ocr_carea' id='block_1_102' title="bbox 1924 4098 3510 4169">
    <p class='ocr_par' dir='ltr' id='par_1_102' title="bbox 1924 4098 3510 4169">
     <span class='ocr_line' id='line_1_102' title="bbox 1924 4098 3510 4169; baseline 0.005 -19"><span class='ocrx_word' id='word_1_811' title='bbox 1924 4108 2111 4163; x_wconf 82' lang='lat' dir='ltr'><strong>noster,</strong></span> <span class='ocrx_word' id='word_1_812' title='bbox 2139 4113 2234 4166; x_wconf 87' lang='lat' dir='ltr'><strong>pro</strong></span> <span class='ocrx_word' id='word_1_813' title='bbox 2259 4098 2527 4151; x_wconf 87' lang='lat' dir='ltr'><strong>communi</strong></span> <span class='ocrx_word' id='word_1_814' title='bbox 2552 4112 2781 4167; x_wconf 87' lang='lat' dir='ltr'><strong>corpore</strong></span> <span class='ocrx_word' id='word_1_815' title='bbox 2805 4102 3219 4169; x_wconf 88' lang='lat' dir='ltr'><strong>supplicationes</strong></span> <span class='ocrx_word' id='word_1_816' title='bbox 3241 4103 3510 4167; x_wconf 87' lang='lat' dir='ltr'><strong>emittens,</strong></span> 
     </span>
    </p>
   </div>
   <div class='ocr_carea' id='block_1_103' title="bbox 1926 4191 3514 4267">
    <p class='ocr_par' dir='ltr' id='par_1_103' title="bbox 1926 4191 3514 4267">
     <span class='ocr_line' id='line_1_103' title="bbox 1926 4191 3514 4267; baseline 0.007 -26"><span class='ocrx_word' id='word_1_817' title='bbox 1926 4205 2025 4245; x_wconf 88' lang='lat' dir='ltr'><strong>nec</strong></span> <span class='ocrx_word' id='word_1_818' title='bbox 2051 4206 2298 4259; x_wconf 90' lang='lat' dir='ltr'><strong>umquam</strong></span> <span class='ocrx_word' id='word_1_819' title='bbox 2341 4192 2553 4260; x_wconf 84' lang='lat' dir='ltr'><strong>prepria</strong></span> <span class='ocrx_word' id='word_1_820' title='bbox 2582 4191 2859 4247; x_wconf 87' lang='lat' dir='ltr'><strong>commoda</strong></span> <span class='ocrx_word' id='word_1_821' title='bbox 2890 4203 3170 4263; x_wconf 91' lang='lat' dir='ltr'><strong>spectans,</strong></span> <span class='ocrx_word' id='word_1_822' title='bbox 3199 4196 3291 4251; x_wconf 92' lang='lat' dir='ltr'><strong>sed</strong></span> <span class='ocrx_word' id='word_1_823' title='bbox 3319 4196 3514 4267; x_wconf 82' lang='lat' dir='ltr'><strong>ubique</strong></span> 
     </span>
    </p>
   </div>
   <div class='ocr_carea' id='block_1_104' title="bbox 1923 4285 3515 4354">
    <p class='ocr_par' dir='ltr' id='par_1_104' title="bbox 1923 4285 3515 4354">
     <span class='ocr_line' id='line_1_104' title="bbox 1923 4285 3515 4354; baseline 0.004 -16"><span class='ocrx_word' id='word_1_824' title='bbox 1923 4285 2172 4354; x_wconf 84' lang='lat' dir='ltr'><strong>proximi.</strong></span> <span class='ocrx_word' id='word_1_825' title='bbox 2202 4285 2315 4339; x_wconf 82' lang='lat' dir='ltr'><strong>Hoc</strong></span> <span class='ocrx_word' id='word_1_826' title='bbox 2339 4293 2515 4340; x_wconf 86' lang='lat' dir='ltr'><strong>autem</strong></span> <span class='ocrx_word' id='word_1_827' title='bbox 2544 4287 2709 4341; x_wconf 89' lang='lat' dir='ltr'><strong>verbo</strong></span> <span class='ocrx_word' id='word_1_828' title='bbox 2750 4286 3052 4343; x_wconf 87' lang='lat' dir='ltr'><strong>inimicitias</strong></span> <span class='ocrx_word' id='word_1_829' title='bbox 3078 4288 3146 4343; x_wconf 90' lang='lat' dir='ltr'><strong>de</strong></span> <span class='ocrx_word' id='word_1_830' title='bbox 3171 4289 3348 4345; x_wconf 88' lang='lat' dir='ltr'><strong>medio</strong></span> <span class='ocrx_word' id='word_1_831' title='bbox 3376 4291 3515 4345; x_wconf 91' lang='lat' dir='ltr'><strong>tollit</strong></span> 
     </span>
    </p>
   </div>
   <div class='ocr_carea' id='block_1_105' title="bbox 1922 4376 3510 4449">
    <p class='ocr_par' dir='ltr' id='par_1_105' title="bbox 1922 4376 3510 4449">
     <span class='ocr_line' id='line_1_105' title="bbox 1922 4376 3510 4449; baseline 0.004 -17"><span class='ocrx_word' id='word_1_832' title='bbox 1922 4386 1977 4432; x_wconf 89' lang='lat' dir='ltr'><strong>et</strong></span> <span class='ocrx_word' id='word_1_833' title='bbox 1999 4376 2354 4446; x_wconf 88' lang='lat' dir='ltr'><strong>arrogantiam</strong></span> <span class='ocrx_word' id='word_1_834' title='bbox 2393 4376 2666 4446; x_wconf 91' lang='lat' dir='ltr'><strong>reprimit,</strong></span> <span class='ocrx_word' id='word_1_835' title='bbox 2697 4377 3061 4449; x_wconf 89' lang='lat' dir='ltr'><strong>invidiamque</strong></span> <span class='ocrx_word' id='word_1_836' title='bbox 3087 4381 3365 4447; x_wconf 91' lang='lat' dir='ltr'><strong>eliminat;</strong></span> <span class='ocrx_word' id='word_1_837' title='bbox 3392 4398 3510 4438; x_wconf 86' lang='lat' dir='ltr'><strong>ma-</strong></span> 
     </span>
    </p>
   </div>
   <div class='ocr_carea' id='block_1_106' title="bbox 1925 4469 3515 4541">
    <p class='ocr_par' dir='ltr' id='par_1_106' title="bbox 1925 4469 3515 4541">
     <span class='ocr_line' id='line_1_106' title="bbox 1925 4469 3515 4541; baseline 0.005 -18"><span class='ocrx_word' id='word_1_838' title='bbox 1925 4479 2057 4525; x_wconf 89' lang='lat' dir='ltr'><strong>trem</strong></span> <span class='ocrx_word' id='word_1_839' title='bbox 2080 4484 2208 4523; x_wconf 87' lang='lat' dir='ltr'><strong>vero</strong></span> <span class='ocrx_word' id='word_1_840' title='bbox 2229 4469 2466 4523; x_wconf 91' lang='lat' dir='ltr'><strong>omnium</strong></span> <span class='ocrx_word' id='word_1_841' title='bbox 2491 4469 2752 4525; x_wconf 90' lang='lat' dir='ltr'><strong>bonorum</strong></span> <span class='ocrx_word' id='word_1_842' title='bbox 2776 4470 3054 4526; x_wconf 89' lang='lat' dir='ltr'><strong>caritatem</strong></span> <span class='ocrx_word' id='word_1_843' title='bbox 3079 4473 3300 4541; x_wconf 90' lang='lat' dir='ltr'><strong>inducit,</strong></span> <span class='ocrx_word' id='word_1_844' title='bbox 3326 4473 3515 4530; x_wconf 89' lang='lat' dir='ltr'><strong>huma-</strong></span> 
     </span>
    </p>
   </div>
   <div class='ocr_carea' id='block_1_107' title="bbox 1923 4560 3514 4632">
    <p class='ocr_par' dir='ltr' id='par_1_107' title="bbox 1923 4560 3514 4632">
     <span class='ocr_line' id='line_1_107' title="bbox 1923 4560 3514 4632; baseline 0.005 -18"><span class='ocrx_word' id='word_1_845' title='bbox 1923 4575 2219 4629; x_wconf 89' lang='lat' dir='ltr'><strong>narumque</strong></span> <span class='ocrx_word' id='word_1_846' title='bbox 2258 4574 2439 4615; x_wconf 89' lang='lat' dir='ltr'><strong>rerum</strong></span> <span class='ocrx_word' id='word_1_847' title='bbox 2478 4560 2894 4630; x_wconf 72' lang='lat' dir='ltr'><strong>inaequalitatem</strong></span> <span class='ocrx_word' id='word_1_848' title='bbox 2924 4564 3173 4632; x_wconf 81' lang='lat' dir='ltr'><strong>expellit,</strong></span> <span class='ocrx_word' id='word_1_849' title='bbox 3206 4577 3261 4619; x_wconf 91' lang='lat' dir='ltr'><strong>et</strong></span> <span class='ocrx_word' id='word_1_850' title='bbox 3290 4567 3514 4623; x_wconf 88' lang='lat' dir='ltr'><strong>multam</strong></span> 
     </span>
    </p>
   </div>
   <div class='ocr_carea' id='block_1_108' title="bbox 1922 4652 3516 4724">
    <p class='ocr_par' dir='ltr' id='par_1_108' title="bbox 1922 4652 3516 4724">
     <span class='ocr_line' id='line_1_108' title="bbox 1922 4652 3516 4724; baseline 0.004 -17"><span class='ocrx_word' id='word_1_851' title='bbox 1922 4654 2063 4723; x_wconf 88' lang='lat' dir='ltr'><strong>regis</strong></span> <span class='ocrx_word' id='word_1_852' title='bbox 2088 4668 2206 4706; x_wconf 91' lang='lat' dir='ltr'><strong>cum</strong></span> <span class='ocrx_word' id='word_1_853' title='bbox 2239 4667 2469 4722; x_wconf 90' lang='lat' dir='ltr'><strong>paupere</strong></span> <span class='ocrx_word' id='word_1_854' title='bbox 2509 4652 2727 4707; x_wconf 90' lang='lat' dir='ltr'><strong>honoris</strong></span> <span class='ocrx_word' id='word_1_855' title='bbox 2752 4653 3109 4722; x_wconf 69' lang='lat' dir='ltr'><strong>aequalitatem</strong></span> <span class='ocrx_word' id='word_1_856' title='bbox 3141 4657 3408 4724; x_wconf 90' lang='lat' dir='ltr'><strong>ostendit;</strong></span> <span class='ocrx_word' id='word_1_857' title='bbox 3439 4660 3516 4713; x_wconf 89' lang='lat' dir='ltr'><strong>si-</strong></span> 
     </span>
    </p>
   </div>
   <div class='ocr_carea' id='block_1_109' title="bbox 1920 4743 3513 4814">
    <p class='ocr_par' dir='ltr' id='par_1_109' title="bbox 1920 4743 3513 4814">
     <span class='ocr_line' id='line_1_109' title="bbox 1920 4743 3513 4814; baseline 0.004 -15"><span class='ocrx_word' id='word_1_858' title='bbox 1920 4744 2133 4814; x_wconf 89' lang='lat' dir='ltr'><strong>quidem</strong></span> <span class='ocrx_word' id='word_1_859' title='bbox 2183 4745 2234 4797; x_wconf 93' lang='lat' dir='ltr'><strong>in</strong></span> <span class='ocrx_word' id='word_1_860' title='bbox 2286 4743 2533 4799; x_wconf 82' lang='lat' dir='ltr'><strong>maximis</strong></span> <span class='ocrx_word' id='word_1_861' title='bbox 2585 4756 2640 4799; x_wconf 91' lang='lat' dir='ltr'><strong>et</strong></span> <span class='ocrx_word' id='word_1_862' title='bbox 2683 4746 2906 4799; x_wconf 92' lang='lat' dir='ltr'><strong>omnino</strong></span> <span class='ocrx_word' id='word_1_863' title='bbox 2953 4749 3271 4805; x_wconf 75' lang='lat' dir='ltr'><strong>necessariis</strong></span> <span class='ocrx_word' id='word_1_864' title='bbox 3322 4765 3513 4806; x_wconf 87' lang='lat' dir='ltr'><strong>omnes</strong></span> 
     </span>
    </p>
   </div>
   <div class='ocr_carea' id='block_1_110' title="bbox 1922 4836 3512 4904">
    <p class='ocr_par' dir='ltr' id='par_1_110' title="bbox 1922 4836 3512 4904">
     <span class='ocr_line' id='line_1_110' title="bbox 1922 4836 3512 4904; baseline 0.004 -13"><span class='ocrx_word' id='word_1_865' title='bbox 1922 4836 2296 4891; x_wconf 87' lang='lat' dir='ltr'><strong>communione</strong></span> <span class='ocrx_word' id='word_1_866' title='bbox 2334 4836 2506 4904; x_wconf 89' lang='lat' dir='ltr'><strong>juncti</strong></span> <span class='ocrx_word' id='word_1_867' title='bbox 2540 4850 2743 4891; x_wconf 91' lang='lat' dir='ltr'><strong>sumus.</strong></span> <span class='ocrx_word' id='word_1_868' title='bbox 2774 4836 2910 4903; x_wconf 87' lang='lat' dir='ltr'><strong>Quid</strong></span> <span class='ocrx_word' id='word_1_869' title='bbox 2937 4838 3079 4892; x_wconf 91' lang='lat' dir='ltr'><strong>enim</strong></span> <span class='ocrx_word' id='word_1_870' title='bbox 3112 4842 3414 4896; x_wconf 90' lang='lat' dir='ltr'><strong>nocumenti</strong></span> <span class='ocrx_word' id='word_1_871' title='bbox 3443 4857 3512 4898; x_wconf 77' lang='lat' dir='ltr'><strong>ex</strong></span> 
     </span>
    </p>
   </div>
   <div class='ocr_carea' id='block_1_111' title="bbox 1922 4929 3511 5001">
    <p class='ocr_par' dir='ltr' id='par_1_111' title="bbox 1922 4929 3511 5001">
     <span class='ocr_line' id='line_1_111' title="bbox 1922 4929 3511 5001; baseline 0.003 -18"><span class='ocrx_word' id='word_1_872' title='bbox 1922 4940 2132 4985; x_wconf 89' lang='lat' dir='ltr'><strong>terrena</strong></span> <span class='ocrx_word' id='word_1_873' title='bbox 2159 4929 2473 4999; x_wconf 88' lang='lat' dir='ltr'><strong>cognatione</strong></span> <span class='ocrx_word' id='word_1_874' title='bbox 2496 4970 2511 4992; x_wconf 91' lang='lat'><strong>,</strong></span> <span class='ocrx_word' id='word_1_875' title='bbox 2541 4943 2663 4983; x_wconf 92' lang='lat' dir='ltr'><strong>cum</strong></span> <span class='ocrx_word' id='word_1_876' title='bbox 2690 4929 2982 4984; x_wconf 90' lang='lat' dir='ltr'><strong>secundum</strong></span> <span class='ocrx_word' id='word_1_877' title='bbox 3009 4944 3293 5001; x_wconf 88' lang='lat' dir='ltr'><strong>supernam</strong></span> <span class='ocrx_word' id='word_1_878' title='bbox 3321 4948 3511 4989; x_wconf 88' lang='lat' dir='ltr'><strong>omnes</strong></span> 
     </span>
    </p>
   </div>
   <div class='ocr_carea' id='block_1_112' title="bbox 1984 5085 3511 5151">
    <p class='ocr_par' dir='ltr' id='par_1_112' title="bbox 1984 5085 3511 5151">
     <span class='ocr_line' id='line_1_112' title="bbox 1984 5085 3511 5151; baseline 0.004 -16"><span class='ocrx_word' id='word_1_879' title='bbox 1984 5086 2070 5151; x_wconf 84' lang='lat' dir='ltr'><strong>(a)_</strong></span> <span class='ocrx_word' id='word_1_880' title='bbox 2090 5085 2386 5151; x_wconf 51' lang='lat' dir='ltr'><strong>t_t:ec__verl1a,</strong></span> <span class='ocrx_word' id='word_1_881' title='bbox 2425 5091 2567 5151; x_wconf 73' lang='lat' dir='ltr'><strong>Pater</strong></span> <span class='ocrx_word' id='word_1_882' title='bbox 2584 5091 2821 5151; x_wconf 54' lang='grc' dir='ltr'><strong>τιθείη...</strong></span> <span class='ocrx_word' id='word_1_883' title='bbox 2846 5086 3156 5151; x_wconf 61' lang='lat' dir='ltr'><strong>tmtnntituli</strong></span> <span class='ocrx_word' id='word_1_884' title='bbox 3184 5102 3321 5138; x_wconf 89' lang='lat' dir='ltr'><strong>more</strong></span> <span class='ocrx_word' id='word_1_885' title='bbox 3341 5091 3511 5151; x_wconf 88' lang='lat' dir='ltr'><strong>jacent</strong></span> 
     </span>
    </p>
   </div>
   <div class='ocr_carea' id='block_1_113' title="bbox 1920 5145 3511 5210">
    <p class='ocr_par' dir='ltr' id='par_1_113' title="bbox 1920 5145 3511 5210">
     <span class='ocr_line' id='line_1_113' title="bbox 1920 5145 3511 5210; baseline 0.003 -14"><span class='ocrx_word' id='word_1_886' title='bbox 1920 5150 1970 5196; x_wconf 92' lang='lat' dir='ltr'><strong>in</strong></span> <span class='ocrx_word' id='word_1_887' title='bbox 1995 5145 2291 5210; x_wconf 75' lang='lat' dir='ltr'><strong>Editionihus</strong></span> <span class='ocrx_word' id='word_1_888' title='bbox 2314 5145 2600 5210; x_wconf 86' lang='lat' dir='ltr'><strong>Commelini</strong></span> <span class='ocrx_word' id='word_1_889' title='bbox 2639 5154 2691 5195; x_wconf 89' lang='lat' dir='ltr'><strong>et</strong></span> <span class='ocrx_word' id='word_1_890' title='bbox 2717 5148 2913 5203; x_wconf 83' lang='lat' dir='ltr'><strong>Mcrelli,</strong></span> <span class='ocrx_word' id='word_1_891' title='bbox 2942 5150 3053 5210; x_wconf 89' lang='lat' dir='ltr'><strong>quia</strong></span> <span class='ocrx_word' id='word_1_892' title='bbox 3092 5149 3143 5198; x_wconf 89' lang='lat' dir='ltr'><strong>in</strong></span> <span class='ocrx_word' id='word_1_893' title='bbox 3167 5145 3511 5201; x_wconf 51' lang='lat' dir='ltr'><strong>latinis-Mitis</strong></span> 
     </span>
    </p>
   </div>
   <div class='ocr_carea' id='block_1_114' title="bbox 1920 5209 3510 5274">
    <p class='ocr_par' dir='ltr' id='par_1_114' title="bbox 1920 5209 3510 5274">
     <span class='ocr_line' id='line_1_114' title="bbox 1920 5209 3510 5274; baseline 0.002 -15"><span class='ocrx_word' id='word_1_894' title='bbox 1920 5209 2115 5274; x_wconf 76' lang='lat' dir='ltr'><strong>homilia</strong></span> <span class='ocrx_word' id='word_1_895' title='bbox 2141 5209 2262 5266; x_wconf 62' lang='lat' dir='ltr'><strong>hsce,</strong></span> <span class='ocrx_word' id='word_1_896' title='bbox 2281 5209 2658 5274; x_wconf 52' lang='lat' dir='ltr'><strong>quaeinter-tegis</strong></span> <span class='ocrx_word' id='word_1_897' title='bbox 2687 5209 3017 5274; x_wconf 76' lang='lat' dir='ltr'><strong>manuscriptis</strong></span> <span class='ocrx_word' id='word_1_898' title='bbox 3039 5225 3133 5260; x_wconf 89' lang='lat' dir='ltr'><strong>una</strong></span> <span class='ocrx_word' id='word_1_899' title='bbox 3160 5214 3294 5262; x_wconf 87' lang='lat' dir='ltr'><strong>serie</strong></span> <span class='ocrx_word' id='word_1_900' title='bbox 3314 5214 3510 5274; x_wconf 87' lang='lat' dir='ltr'><strong>ponitur</strong></span> 
     </span>
    </p>
   </div>
   <div class='ocr_carea' id='block_1_115' title="bbox 1920 5270 3511 5337">
    <p class='ocr_par' dir='ltr' id='par_1_115' title="bbox 1920 5270 3511 5337">
     <span class='ocr_line' id='line_1_115' title="bbox 1920 5270 3511 5337; baseline 0.003 -17"><span class='ocrx_word' id='word_1_901' title='bbox 1920 5280 2019 5320; x_wconf 89' lang='lat' dir='ltr'><strong>uta</strong></span> <span class='ocrx_word' id='word_1_902' title='bbox 2043 5270 2381 5337; x_wconf 66' lang='lat' dir='ltr'><strong>Chrysostomo</strong></span> <span class='ocrx_word' id='word_1_903' title='bbox 2404 5271 2567 5337; x_wconf 82' lang='lat' dir='ltr'><strong>habita</strong></span> <span class='ocrx_word' id='word_1_904' title='bbox 2590 5270 2697 5327; x_wconf 84' lang='lat' dir='ltr'><strong>fuit,</strong></span> <span class='ocrx_word' id='word_1_905' title='bbox 2719 5271 2769 5319; x_wconf 90' lang='lat' dir='ltr'><strong>in</strong></span> <span class='ocrx_word' id='word_1_906' title='bbox 2788 5272 2909 5337; x_wconf 87' lang='lat' dir='ltr'><strong>duas</strong></span> <span class='ocrx_word' id='word_1_907' title='bbox 2923 5270 3073 5321; x_wconf 84' lang='lat' dir='ltr'><strong>divisa</strong></span> <span class='ocrx_word' id='word_1_908' title='bbox 3094 5274 3198 5322; x_wconf 78' lang='lat' dir='ltr'><strong>fuit.</strong></span> <span class='ocrx_word' id='word_1_909' title='bbox 3217 5270 3370 5323; x_wconf 73' lang='lat' dir='ltr'><strong>latini</strong></span> <span class='ocrx_word' id='word_1_910' title='bbox 3396 5290 3511 5337; x_wconf 89' lang='lat' dir='ltr'><strong>por-</strong></span> 
     </span>
    </p>
   </div>
   <div class='ocr_carea' id='block_1_116' title="bbox 1918 5332 3510 5403">
    <p class='ocr_par' dir='ltr' id='par_1_116' title="bbox 1918 5332 3510 5403">
     <span class='ocr_line' id='line_1_116' title="bbox 1918 5332 3510 5403; baseline 0.004 -23"><span class='ocrx_word' id='word_1_911' title='bbox 1918 5347 1993 5403; x_wconf 62' lang='lat' dir='ltr'><strong>ro,</strong></span> <span class='ocrx_word' id='word_1_912' title='bbox 2019 5332 2308 5403; x_wconf 56' lang='lat' dir='ltr'><strong>uLyidetur,</strong></span> <span class='ocrx_word' id='word_1_913' title='bbox 2340 5334 2513 5403; x_wconf 75' lang='lat' dir='ltr'><strong>quoin</strong></span> <span class='ocrx_word' id='word_1_914' title='bbox 2543 5346 2687 5403; x_wconf 77' lang='lat' dir='ltr'><strong>unam</strong></span> <span class='ocrx_word' id='word_1_915' title='bbox 2717 5335 2993 5403; x_wconf 77' lang='lat' dir='ltr'><strong>Orationem</strong></span> <span class='ocrx_word' id='word_1_916' title='bbox 3027 5336 3313 5403; x_wconf 74' lang='lat' dir='ltr'><strong>Dominicam</strong></span> <span class='ocrx_word' id='word_1_917' title='bbox 3348 5332 3510 5385; x_wconf 81' lang='lat' dir='ltr'><strong>Homi-</strong></span> 
     </span>
    </p>
   </div>
   <div class='ocr_carea' id='block_1_117' title="bbox 1920 5393 3509 5458">
    <p class='ocr_par' dir='ltr' id='par_1_117' title="bbox 1920 5393 3509 5458">
     <span class='ocr_line' id='line_1_117' title="bbox 1920 5393 3509 5458; baseline 0.004 -16"><span class='ocrx_word' id='word_1_918' title='bbox 1920 5393 2032 5444; x_wconf 85' lang='lat' dir='ltr'><strong>liam</strong></span> <span class='ocrx_word' id='word_1_919' title='bbox 2056 5393 2380 5455; x_wconf 73' lang='lat' dir='ltr'><strong>Chrysostomi</strong></span> <span class='ocrx_word' id='word_1_920' title='bbox 2398 5394 2654 5458; x_wconf 88' lang='lat' dir='ltr'><strong>haberent,</strong></span> <span class='ocrx_word' id='word_1_921' title='bbox 2675 5394 2797 5441; x_wconf 87' lang='lat' dir='ltr'><strong>hanc</strong></span> <span class='ocrx_word' id='word_1_922' title='bbox 2817 5396 2868 5458; x_wconf 84' lang='lat' dir='ltr'><strong>in</strong></span> <span class='ocrx_word' id='word_1_923' title='bbox 2891 5396 3011 5443; x_wconf 89' lang='lat' dir='ltr'><strong>duas</strong></span> <span class='ocrx_word' id='word_1_924' title='bbox 3032 5408 3197 5458; x_wconf 83' lang='lat' dir='ltr'><strong>partes</strong></span> <span class='ocrx_word' id='word_1_925' title='bbox 3218 5397 3509 5458; x_wconf 87' lang='lat' dir='ltr'><strong>diviserunt,</strong></span> 
     </span>
    </p>
   </div>
   <div class='ocr_carea' id='block_1_118' title="bbox 1920 5457 3509 5520">
    <p class='ocr_par' dir='ltr' id='par_1_118' title="bbox 1920 5457 3509 5520">
     <span class='ocr_line' id='line_1_118' title="bbox 1920 5457 3509 5520; baseline 0.001 -15"><span class='ocrx_word' id='word_1_926' title='bbox 1920 5471 2123 5520; x_wconf 84' lang='lat' dir='ltr'><strong>quarum</strong></span> <span class='ocrx_word' id='word_1_927' title='bbox 2149 5461 2395 5520; x_wconf 75' lang='lat' dir='ltr'><strong>postrema</strong></span> <span class='ocrx_word' id='word_1_928' title='bbox 2426 5457 2665 5504; x_wconf 88' lang='lat' dir='ltr'><strong>orationis</strong></span> <span class='ocrx_word' id='word_1_929' title='bbox 2696 5457 2951 5505; x_wconf 69' lang='lat' dir='ltr'><strong>Dominicae</strong></span> <span class='ocrx_word' id='word_1_930' title='bbox 2970 5457 3353 5520; x_wconf 78' lang='lat' dir='ltr'><strong>explicationem</strong></span> <span class='ocrx_word' id='word_1_931' title='bbox 3376 5457 3509 5508; x_wconf 49' lang='lat' dir='ltr'><strong>com;</strong></span> 
     </span>
    </p>
   </div>
   <div class='ocr_carea' id='block_1_119' title="bbox 1920 5517 3508 5582">
    <p class='ocr_par' dir='ltr' id='par_1_119' title="bbox 1920 5517 3508 5582">
     <span class='ocr_line' id='line_1_119' title="bbox 1920 5517 3508 5582; baseline 0.003 -17"><span class='ocrx_word' id='word_1_932' title='bbox 1920 5517 2164 5582; x_wconf 77' lang='lat' dir='ltr'><strong>plectitur,</strong></span> <span class='ocrx_word' id='word_1_933' title='bbox 2194 5524 2246 5565; x_wconf 86' lang='lat' dir='ltr'><strong>et</strong></span> <span class='ocrx_word' id='word_1_934' title='bbox 2268 5517 2393 5566; x_wconf 89' lang='lat' dir='ltr'><strong>hanc</strong></span> <span class='ocrx_word' id='word_1_935' title='bbox 2418 5523 2709 5582; x_wconf 80' lang='lat' dir='ltr'><strong>postremam</strong></span> <span class='ocrx_word' id='word_1_936' title='bbox 2735 5526 2923 5579; x_wconf 89' lang='lat' dir='ltr'><strong>partem</strong></span> <span class='ocrx_word' id='word_1_937' title='bbox 2950 5517 3197 5567; x_wconf 84' lang='lat' dir='ltr'><strong>Homiliam</strong></span> <span class='ocrx_word' id='word_1_938' title='bbox 3220 5520 3508 5582; x_wconf 85' lang='lat' dir='ltr'><strong>vigesimam</strong></span> 
     </span>
    </p>
   </div>
   <div class='ocr_carea' id='block_1_120' title="bbox 1919 5579 3508 5643">
    <p class='ocr_par' dir='ltr' id='par_1_120' title="bbox 1919 5579 3508 5643">
     <span class='ocr_line' id='line_1_120' title="bbox 1919 5579 3508 5643; baseline 0.003 -16"><span class='ocrx_word' id='word_1_939' title='bbox 1919 5581 2298 5643; x_wconf 80' lang='lat' dir='ltr'><strong>inscripserunt:</strong></span> <span class='ocrx_word' id='word_1_940' title='bbox 2317 5579 2585 5643; x_wconf 85' lang='lat' dir='ltr'><strong>secundum</strong></span> <span class='ocrx_word' id='word_1_941' title='bbox 2607 5592 2753 5642; x_wconf 84' lang='lat' dir='ltr'><strong>quem</strong></span> <span class='ocrx_word' id='word_1_942' title='bbox 2772 5579 3333 5643; x_wconf 57' lang='lat' dir='ltr'><strong>numerum,sequentEs</strong></span> <span class='ocrx_word' id='word_1_943' title='bbox 3350 5583 3508 5631; x_wconf 87' lang='lat' dir='ltr'><strong>homi-</strong></span> 
     </span>
    </p>
   </div>
   <div class='ocr_carea' id='block_1_121' title="bbox 1920 5641 3510 5705">
    <p class='ocr_par' dir='ltr' id='par_1_121' title="bbox 1920 5641 3510 5705">
     <span class='ocr_line' id='line_1_121' title="bbox 1920 5641 3510 5705; baseline 0.003 -15"><span class='ocrx_word' id='word_1_944' title='bbox 1920 5642 2092 5705; x_wconf 80' lang='lat' dir='ltr'><strong>liarum</strong></span> <span class='ocrx_word' id='word_1_945' title='bbox 2110 5642 2299 5705; x_wconf 80' lang='lat' dir='ltr'><strong>numeri</strong></span> <span class='ocrx_word' id='word_1_946' title='bbox 2318 5641 2679 5705; x_wconf 60' lang='lat' dir='ltr'><strong>concinnantur.</strong></span> <span class='ocrx_word' id='word_1_947' title='bbox 2699 5642 2782 5699; x_wconf 90' lang='lat' dir='ltr'><strong>Qui</strong></span> <span class='ocrx_word' id='word_1_948' title='bbox 2799 5643 2989 5705; x_wconf 78' lang='lat' dir='ltr'><strong>numeri</strong></span> <span class='ocrx_word' id='word_1_949' title='bbox 3006 5644 3120 5705; x_wconf 84' lang='lat' dir='ltr'><strong>quia</strong></span> <span class='ocrx_word' id='word_1_950' title='bbox 3138 5641 3171 5705; x_wconf 15' lang='lat' dir='ltr'><strong>a7</strong></span> <span class='ocrx_word' id='word_1_951' title='bbox 3187 5646 3510 5705; x_wconf 82' lang='lat' dir='ltr'><strong>scriptoribus</strong></span> 
     </span>
    </p>
   </div>
   <div class='ocr_carea' id='block_1_122' title="bbox 1920 5696 3509 5769">
    <p class='ocr_par' dir='ltr' id='par_1_122' title="bbox 1920 5696 3509 5769">
     <span class='ocr_line' id='line_1_122' title="bbox 1920 5696 3509 5769; baseline 0 -14"><span class='ocrx_word' id='word_1_952' title='bbox 1920 5703 2241 5769; x_wconf 67' lang='lat' dir='ltr'><strong>Chrysostomi</strong></span> <span class='ocrx_word' id='word_1_953' title='bbox 2257 5702 2361 5751; x_wconf 86' lang='lat' dir='ltr'><strong>loca</strong></span> <span class='ocrx_word' id='word_1_954' title='bbox 2378 5702 2701 5751; x_wconf 80' lang='lat' dir='ltr'><strong>aﬁ’erentibus</strong></span> <span class='ocrx_word' id='word_1_955' title='bbox 2717 5696 2915 5769; x_wconf 77' lang='lat' dir='ltr'><strong>semper</strong></span> <span class='ocrx_word' id='word_1_956' title='bbox 2929 5696 3128 5769; x_wconf 79' lang='lat' dir='ltr'><strong>adhibiti</strong></span> <span class='ocrx_word' id='word_1_957' title='bbox 3154 5696 3369 5769; x_wconf 82' lang='lat' dir='ltr'><strong>fuerunt,</strong></span> <span class='ocrx_word' id='word_1_958' title='bbox 3384 5714 3509 5769; x_wconf 67' lang='lat' dir='ltr'><strong>post.</strong></span> 
     </span>
    </p>
   </div>
   <div class='ocr_carea' id='block_1_123' title="bbox 1921 5765 3507 5829">
    <p class='ocr_par' dir='ltr' id='par_1_123' title="bbox 1921 5765 3507 5829">
     <span class='ocr_line' id='line_1_123' title="bbox 1921 5765 3507 5829; baseline 0.003 -15"><span class='ocrx_word' id='word_1_959' title='bbox 1921 5779 2068 5829; x_wconf 14' lang='lat' dir='ltr'><strong>quam,</strong></span> <span class='ocrx_word' id='word_1_960' title='bbox 2089 5765 2298 5829; x_wconf 72' lang='lat' dir='ltr'><strong>decimte</strong></span> <span class='ocrx_word' id='word_1_961' title='bbox 2317 5776 2459 5829; x_wconf 58' lang='lat' dir='ltr'><strong>nonas</strong></span> <span class='ocrx_word' id='word_1_962' title='bbox 2481 5778 2617 5814; x_wconf 88' lang='lat' dir='ltr'><strong>suam</strong></span> <span class='ocrx_word' id='word_1_963' title='bbox 2650 5766 2830 5814; x_wconf 88' lang='lat' dir='ltr'><strong>seriem</strong></span> <span class='ocrx_word' id='word_1_964' title='bbox 2860 5767 3180 5829; x_wconf 82' lang='lat' dir='ltr'><strong>restituimus,</strong></span> <span class='ocrx_word' id='word_1_965' title='bbox 3209 5768 3367 5829; x_wconf 87' lang='lat' dir='ltr'><strong>posito</strong></span> <span class='ocrx_word' id='word_1_966' title='bbox 3384 5765 3507 5819; x_wconf 74' lang='lat' dir='ltr'><strong>vero</strong></span> 
     </span>
    </p>
   </div>
   <div class='ocr_carea' id='block_1_124' title="bbox 1922 5825 3509 5891">
    <p class='ocr_par' dir='ltr' id='par_1_124' title="bbox 1922 5825 3509 5891">
     <span class='ocr_line' id='line_1_124' title="bbox 1922 5825 3509 5891; baseline 0.004 -16"><span class='ocrx_word' id='word_1_967' title='bbox 1922 5825 2240 5891; x_wconf 67' lang='lat' dir='ltr'><strong>genuinoque</strong></span> <span class='ocrx_word' id='word_1_968' title='bbox 2262 5825 2563 5891; x_wconf 77' lang='lat' dir='ltr'><strong>singularum</strong></span> <span class='ocrx_word' id='word_1_969' title='bbox 2578 5840 2800 5891; x_wconf 75' lang='lat' dir='ltr'><strong>numero,</strong></span> <span class='ocrx_word' id='word_1_970' title='bbox 2826 5834 3050 5891; x_wconf 81' lang='lat' dir='ltr'><strong>veterem</strong></span> <span class='ocrx_word' id='word_1_971' title='bbox 3071 5825 3509 5891; x_wconf 48' lang='lat' dir='ltr'><strong>illum‘adjecimus.</strong></span> 
     </span>
    </p>
   </div>
   <div class='ocr_carea' id='block_1_125' title="bbox 1926 5887 3132 5952">
    <p class='ocr_par' dir='ltr' id='par_1_125' title="bbox 1926 5887 3132 5952">
     <span class='ocr_line' id='line_1_125' title="bbox 1926 5887 3132 5952; baseline 0.001 -15"><span class='ocrx_word' id='word_1_972' title='bbox 1926 5888 2141 5951; x_wconf 78' lang='lat' dir='ltr'><strong>Exempli</strong></span> <span class='ocrx_word' id='word_1_973' title='bbox 2157 5887 2298 5938; x_wconf 83' lang='lat' dir='ltr'><strong>causa</strong></span> <span class='ocrx_word' id='word_1_974' title='bbox 2325 5887 2607 5952; x_wconf 54' lang='lat' dir='ltr'><strong>(vigesima,</strong></span> <span class='ocrx_word' id='word_1_975' title='bbox 2625 5887 2687 5938; x_wconf 91' lang='lat' dir='ltr'><strong>al.</strong></span> <span class='ocrx_word' id='word_1_976' title='bbox 2712 5889 2937 5951; x_wconf 68' lang='lat' dir='ltr'><strong>vigesima</strong></span> <span class='ocrx_word' id='word_1_977' title='bbox 2956 5890 3132 5948; x_wconf 81' lang='lat' dir='ltr'><strong>prima.</strong></span> 
     </span>
    </p>
   </div>
  </div>
