4038 6364
441 404 548 459 279

442 521 714 590 conjuncti
735 519 924 587 simus,
946 527 999 572 et
1021 531 1179 571 nemo
1197 518 1317 587 plus
1337 516 1507 571 altero
1525 514 1793 585 quidpiam
1817 513 2028 580 habeat,

442 629 550 668 non
589 612 739 668 dives
778 626 1048 683 paupere,
1079 625 1184 663 non
1227 609 1390 664 herus
1425 623 1614 671 servo,
1647 623 1752 662 non
1783 609 2035 677 princeps

437 704 690 770 subdito,
722 719 828 758 non
861 719 951 758 rex
994 703 1196 770 milite,
1239 718 1343 756 non
1387 701 1734 772 philosophus
1772 702 2030 768 barbaro,

443 811 544 853 nec
588 795 802 866 sapiens
848 795 1051 850 idiota?
1087 794 1348 849 Omnibus
1379 795 1576 863 quippe
1611 807 1770 846 unam
1816 793 2033 863 largitus

426 900 525 946 "est
549 891 878 946 nobilitatem
903 890 942 954 ⁸,
972 904 1094 943 cum
1125 889 1364 944 omnium
1395 886 1638 941 similiter
1672 887 1830 941 Pater
1853 887 2031 940 vocari

440 981 689 1053 dignatus
716 981 806 1036 sit.
841 981 1124 1050 Postquam
1167 980 1326 1049 igitur
1362 978 1502 1033 hanc
1543 977 1874 1032 nobilitatem
1913 994 2030 1032 me-

430 1074 708 1140 moravit,
753 1089 959 1128 necnon
1008 1088 1297 1137 supernum
1339 1071 1576 1134 donum,
1630 1070 1848 1125 honoris
1894 1071 2035 1124 inter

434 1171 630 1223 fratres
656 1167 967 1237 puritatem,
996 1175 1156 1233 atque
1183 1164 1490 1228 caritatem,
1523 1174 1804 1234 postquam
1825 1178 1857 1217 a
1888 1172 2027 1217 terra

435 1258 651 1314 abduxit
679 1267 734 1313 et
755 1258 890 1312 caelo
909 1255 1100 1320 afﬁxit,
1125 1255 1400 1310 videmnus
1420 1255 1544 1324 quid
1569 1254 1823 1324 deinceps
1843 1265 2030 1325 petere

434 1351 614 1421 iubeat
647 1368 660 1403 :
696 1363 816 1404 nam
861 1349 964 1404 hoc
997 1364 1210 1418 qunque
1246 1338 1448 1403 dictum
1486 1349 1664 1402 omnis
1692 1348 1902 1403 virtutis
1927 1347 2026 1402 do-

434 1441 660 1496 ctrinam
684 1443 920 1497 inserere
941 1439 1100 1494 valet.
1119 1439 1249 1494 Nam
1270 1439 1361 1510 qui
1377 1439 1586 1494 Patrem
1605 1439 1815 1493 vocavit
1832 1439 2027 1508 Deum,

433 1543 488 1587 et
525 1532 738 1587 Patrem
769 1547 1106 1588 communem
1130 1573 1145 1598 ,
1181 1533 1303 1601 jure
1337 1531 1493 1586 talem
1534 1531 1786 1587 exhibeat
1823 1534 1983 1588 vitam
2008 1575 2023 1599 ,

435 1641 538 1695 qua
576 1626 676 1680 hac
719 1626 1038 1680 nobilitate'
1081 1625 1327 1695 indignus
1378 1639 1482 1678 non
1523 1625 1798 1687 videatur,
1838 1634 1894 1680 et
1935 1642 2029 1694 par

431 1717 575 1770 dono
611 1716 846 1772 studium
884 1725 1124 1788 przestet.
1155 1716 1350 1771 Verum
1389 1715 1493 1770 hoc
1528 1731 1633 1770 non
1664 1724 1747 1771 sat
1785 1716 1860 1771 illi
1888 1715 2024 1784 fuit;

431 1808 524 1862 sed
556 1808 699 1862 aliud
729 1808 877 1862 addit
900 1809 971 1864 ita
993 1809 1218 1878 loquens
1243 1826 1257 1863 :
1282 1808 1639 1875 Sattctiﬁcetur
1659 1826 1838 1863 nomen
1861 1818 2022 1864 tuum.

431 1901 597 1970 Digna
620 1902 856 1972 precatio
879 1902 996 1972 ejus
1021 1902 1108 1972 qui
1140 1902 1306 1956 Deum
1335 1911 1489 1956 vocat
1510 1900 1718 1956 Patrem
1743 1901 1786 1967 ³,
1814 1911 1864 1956 ιιι
1891 1902 2024 1956 nihil

431 2003 578 2062 petat
607 2004 732 2049 ante
761 1995 935 2049 Patris
962 1995 1184 2064 gloriam
1209 2037 1224 2060 ,
1255 1994 1350 2049 sed
1391 1995 1567 2048 omnia
1600 2004 1885 2064 postponat
1910 1996 2026 2064 ejus

429 2086 694 2142 laudibus.
726 2086 861 2141 Illud
885 2089 1050 2150 enim,
1081 2087 1463 2155 Sanctiﬁcetur,
1493 2085 1595 2140 hoc
1620 2086 1718 2140 sibi
1751 2087 1883 2151 vult,
1912 2087 2026 2157 glo-

429 2179 690 2234 riﬁcetur.
719 2178 833 2235 Sibi
865 2194 1095 2248 namque
1131 2179 1405 2249 prepriam
1445 2177 1601 2232 habet
1638 2177 1864 2248 gloriam
1908 2180 2022 2248 ple-

428 2287 575 2338 nam,
600 2273 678 2327 sic
705 2287 920 2342 semper
945 2281 1270 2326 manentem.
1299 2269 1553 2325 Orantem
1579 2285 1706 2325 vero
1727 2271 1879 2339 jubet
1902 2285 2024 2339 pre-

425 2365 576 2428 cari,
609 2373 665 2417 ut
693 2379 788 2434 per
818 2365 978 2417 vitam
1011 2375 1248 2417 nostram
1289 2363 1617 2432 glorilicetur
1649 2361 1829 2432 :quod
1861 2363 2020 2417 etiam

426 2473 586 2528 supra
613 2457 827 2512 dicebat
859 2475 874 2511 :
903 2455 1089 2509 Lurcat
1120 2457 1210 2510 lux
1231 2466 1394 2510 vestra
1418 2471 1591 2508 coram
1618 2455 1902 2510 hominibus
1919 2499 1933 2521 ,
1967 2467 2022 2510 ut

422 2551 626 2604 uideant
649 2566 803 2620 opera
830 2552 958 2602 bona
985 2557 1167 2615 vestra,
1191 2558 1238 2602 et
1261 2547 1547 2619 glorificent
1577 2545 1782 2601 Patrem
1803 2559 2020 2602 vestrum

415 2641 510 2711 qui
533 2643 587 2696 in
615 2642 753 2695 etatis
777 2652 850 2694 est
878 2641 1091 2710 (Matth.
1122 2640 1174 2695 5.
1208 2640 1316 2708 I6).
1345 2637 1477 2693 Nam
1505 2637 1786 2709 Seraphini
1811 2640 2017 2709 gloriﬁ-

411 2745 607 2789 cantes
637 2734 825 2801 Deum,
856 2734 935 2788 sic
970 2732 1219 2787 dicebant
1245 2749 1258 2784 :
1289 2730 1532 2797 Sanctus,
1561 2741 1784 2798 sanctus,
1813 2743 2017 2787 sanctus

422 2825 574 2892 (visui.
607 2828 660 2880 6.
689 2825 768 2895 5).
800 2825 979 2896 Itaque
1011 2824 1160 2887 illud,
1191 2823 1573 2892 Sanetiﬁcetur,
1606 2825 1656 2877 id
1681 2833 1782 2886 est.
1813 2824 2016 2894 gloriﬁ-

405 2928 589 2973 catur.
615 2917 835 2988 Largire
863 2916 1018 2970 nobis
1038 2958 1052 2982 ,
1086 2917 1284 2985 inquit,
1316 2926 1373 2970 ut
1401 2917 1470 2970 ita
1500 2931 1629 2985 pure
1657 2917 1928 2981 vivamus,
1959 2925 2019 2970 ut

420 3025 516 3079 per
539 3026 636 3065 nos
665 3018 716 3064 te
743 3023 930 3062 omnes
957 3008 1277 3078 gloriﬁcent.
1308 3007 1364 3062 id
1389 3007 1531 3078 quod
1560 3023 1744 3063 rursus
1772 3007 2013 3078 philoso-

420 3099 558 3169 phize
581 3109 664 3155 est
687 3098 958 3170 perfectae,
982 3101 1143 3154 vitam
1172 3101 1243 3154 ita
1268 3099 1790 3169 irreprehensibilem
1819 3099 1872 3154 in
1900 3116 2017 3154 om-

419 3192 578 3247 nibus
602 3192 859 3246 exhibere
881 3232 895 3256 ,
929 3201 988 3245 ut
1029 3192 1269 3247 videntes
1307 3192 1502 3262 singuli
1549 3193 1776 3246 Domino
1804 3207 1902 3262 pro
1932 3193 2014 3246 his

419 3283 629 3340 laudem
653 3285 910 3340 referant.
941 3284 1029 3340 ιι).
1055 3285 1303 3338 Adueniat
1324 3301 1534 3355 regnum
1561 3295 1722 3338 tuum.
1747 3284 1858 3338 Hoc
1881 3301 2011 3354 quo~

404 3389 521 3447 “que
558 3379 695 3449 grati
727 3378 986 3449 probique
1013 3378 1106 3432 lilii
1134 3377 1334 3433 dictum
1377 3389 1460 3432 est
1483 3419 1498 3444 ,
1531 3378 1621 3449 qui
1661 3393 1768 3432 non
1813 3378 2015 3433 bazreat

415 3471 573 3526 rebus
600 3471 701 3524 sub
726 3481 1000 3540 aspectum
1025 3469 1359 3536 cadentibus,
1387 3485 1560 3541 neque
1587 3471 1869 3540 praesentia
1897 3455 2011 3525 ma-

415 3563 500 3631 gni
531 3563 807 3632 quidpiam
833 3577 954 3617 esse
987 3571 1163 3632 putet;
1195 3562 1295 3617 sed
1315 3561 1382 3617 ad
1416 3571 1620 3632 patrem
1647 3576 1862 3632 semper
1891 3572 2010 3617 leu-

415 3655 536 3719 dat,
569 3665 622 3709 et
660 3654 834 3708 futura
871 3663 1184 3723 exspectet,
1215 3655 1356 3724 quod
1397 3671 1462 3708 ex
1503 3655 1830 3710 conscientia
1870 3655 2008 3710 bona

412 3745 606 3808 oritur,
639 3754 693 3800 et
717 3761 784 3801 ex
814 3745 991 3799 anima
1016 3761 1046 3800 a
1079 3747 1304 3800 terrenis
1335 3745 1494 3800 rebus
1522 3746 1792 3815 expedita.

483 3837 535 3893 5.
559 3837 841 3892 Adventum
861 3838 1006 3908 regni
1028 3837 1125 3891 Dei
1143 3838 1392 3908 quomodo
1413 3837 1769 3892 desideraverit
1787 3835 2004 3891 Paulus.

420 3927 594 3984 Virtus
617 3946 717 3983 non
740 3946 802 3983 ea:
817 3929 986 3982 studio
1008 3938 1177 3982 nostro
1194 3939 1410 3988 tantum,
1429 3928 1520 3981 sed
1537 3928 1687 3981 etiam
1704 3944 1768 3982 ex
1785 3943 2009 3998 superna

411 4023 575 4094 gratia
602 4021 800 4090 pendet.
823 4052 890 4060 —
911 4020 1023 4076 IIoc
1048 4022 1188 4074 enim
1216 4021 1415 4075 Paulus
1442 4021 1663 4090 singulis
1691 4021 1880 4076 diebus
1906 4021 2005 4076 de-

409 4113 708 4178 siderabat,
750 4112 975 4182 ideoque
1001 4110 1213 4167 dicebat
1243 4128 1256 4164 :
1289 4109 1358 4164 Et
1385 4111 1485 4181 ipsi
1523 4111 1772 4180 primitias
1799 4113 2008 4178 spiritus

410 4211 644 4266 habentes
697 4209 1104 4279 ingemiscimus,
1161 4207 1484 4277 adoptionem
1543 4206 1763 4274 ﬁliorum
1830 4224 2007 4278 exspeo

409 4311 635 4365 etantes,
682 4300 1077 4371 redemptionem
1124 4299 1352 4368 corporis
1394 4297 1554 4352 nostri
1599 4296 1774 4368 (Itum.
1805 4297 1859 4354 8.
1887 4297 2002 4369 25).

408 4394 508 4462 Qui
551 4394 693 4448 enim
725 4392 829 4448 hoc
857 4408 1040 4448 amore
1080 4402 1268 4460 captus
1305 4400 1420 4453 est,
1469 4406 1641 4461 neque
1684 4390 1841 4460 hujus
1879 4391 2004 4445 vitae

406 4485 564 4540 bonis
590 4485 760 4539 inllari
793 4493 985 4555 potest,
1019 4499 1190 4553 neque
1218 4483 1379 4537 rebus
1408 4482 1647 4537 adversis
1676 4482 1832 4552 dejici
1865 4499 1879 4536 :
1908 4483 2005 4538 sed

407 4593 471 4633 ac
497 4579 542 4634 si
571 4578 627 4632 in
651 4577 798 4633 aclis
821 4585 1145 4639 versaretur,
1171 4575 1239 4631 ab
1267 4584 1490 4644 utraque
1520 4574 1620 4628 hac
1648 4575 2006 4646 intequalitalc

409 4669 660 4724 immunis
687 4678 792 4723 est.
818 4666 940 4721 Fiat
961 4667 1192 4721 voluntas
1218 4676 1301 4720 tua
1331 4667 1460 4720 sicut
1487 4667 1540 4719 in
1566 4665 1690 4719 caelo
1708 4676 1754 4719 et
1773 4666 1827 4720 in
1848 4675 2000 4720 terra.

414 4760 657 4815 Vidistin'
686 4761 943 4829 optimam
972 4759 1204 4812 seriem?
1232 4758 1391 4812 Jussit
1424 4758 1567 4812 enim
1597 4756 1771 4811 httnra
1803 4771 2004 4811 concu-

407 4853 637 4922 piscere,
669 4860 722 4905 et
749 4851 815 4904 ad
843 4851 983 4904 illam
1004 4849 1487 4920 peregrinationem
1518 4848 1769 4904 festinare
1793 4865 1805 4900 :
1829 4847 2004 4904 donec

407 4956 586 5002 autem
618 4945 671 5000 id
699 4945 936 5008 eveniat,
967 4943 1054 4999 hic
1078 4943 1335 5013 degentes
1359 4957 1570 5008 curare,
1597 4952 1654 4996 ut
1683 4957 1779 5010 par
1803 4943 2000 4997 CIBICSli

407 5037 621 5094 vivendi
663 5051 834 5109 genus
860 5033 1228 5091 exhibeamns.
1261 5033 1392 5087 Nam
1419 5033 1608 5087 caelum
1638 5034 1852 5102 quidem
1873 5075 1887 5097 ,
1917 5034 2002 5086 in-

406 5131 542 5202 quit,
573 5139 627 5186 et
650 5128 883 5184 caelestia
910 5127 1590 5196 eoneupiseamusoportet
1609 5144 1621 5179 :
1641 5125 1734 5181 sed
1767 5134 1822 5179 et
1844 5137 2002 5179 ante-

405 5238 567 5294 quam
616 5222 670 5278 iu
715 5221 907 5276 caelum
953 5218 1344 5284 concedamus,
1389 5234 1456 5272 ex
1506 5227 1645 5273 terra
1685 5217 1873 5272 cwlum
1904 5233 2000 5271 nos

470 5375 490 5408 ι
526 5373 712 5433 uorel.,
736 5385 883 5424 unam
905 5371 1108 5436 largitus
1121 5377 1192 5422 est
1211 5371 1559 5436 cognationem;
1581 5371 1742 5421 minus
1756 5378 1913 5421 recte.

470 5436 1039 5504 {Morel.,_gognatione.
1135 5502 1143 5504 Α
1369 5493 1422 5504 ί.
1701 5494 1730 5504 __
1817 5493 1829 5504 ,
1990 5493 2002 5504 ο

471 5500 494 5532 ³
533 5517 559 5546 ι
575 5493 908 5568 sanctiﬁcétur
933 5509 1106 5548 nomen
1109 5502 1328 5568 fuitin.)
1357 5493 1518 5559 Digna
1545 5493 1887 5568 precgtiqejus
1918 5493 2002 5556 qui

408 5569 567 5612 Deum
587 5555 790 5611 invocat.
815 5561 890 5610 sic
912 5571 1087 5609 omnes
1109 5557 1228 5627 miti
1251 5564 1306 5607 et
1325 5555 1637 5627 manuscripti
1880 5555 2002 5627 pree-

409 5631 489 5675 ter
513 5636 628 5686 eum
649 5636 748 5686 quo
765 5635 886 5673 usus
902 5629 981 5672 est
1009 5622 1249 5686 Georgius
1259 5617 1628 5686 'l‘rapemntiu’s,
1645 5619 1736 5686 qui
1756 5619 1822 5668 ita
1848 5617 1995 5679 legit:

405 5680 738 5748 smtiﬁeet’ur
747 5697 919 5736 nomen
929 5689 1086 5748 tuum.
1103 5680 1467 5748 lﬁgnaprorsus
1479 5693 1536 5730 eo
1543 5680 1628 5742 qui
1637 5680 1797 5730 Deum
1809 5687 2001 5748 Ijatrem

407 5695 738 5748 sam-timetur
747 5697 919 5736 nomen
934 5695 1086 5733 tuum.
1103 5695 1260 5745 mgna
1271 5695 1467 5793 prorsus
1479 5695 1536 5730 eo
1543 5695 1628 5742 qui
1637 5695 1797 5730 ueum
1809 5695 1996 5728 Patrem

407 5745 668 5809 appellavit
696 5748 868 5796 oratio.
892 5745 1074 5796 Placuit
1097 5757 1220 5807 ergo
1241 5744 1274 5792 il
1297 5745 1311 5792 i
1339 5741 1488 5814 lectio
1505 5750 1808 5814 musca,un
1829 5741 1996 5800 habet,

403 5803 488 5921 ait;
513 5822 651 5918 ‘31:.
681 5821 771 5860 θιδν
789 5821 933 5871 ηιτιρα
946 5821 1140 5865 ιὼιηος
1153 5803 1182 5867 εἶ
1191 5819 1274 5870 ιιιπῆ
1288 5845 1302 5867 ,
1329 5811 1380 5856 et
1399 5813 1491 5867 est,
1509 5803 1675 5870 procul
1696 5803 1862 5864 dubio,
1875 5816 1998 5867 pra:-

435 5884 530 5920 ’νει
613 5907 629 5918 .

435 5884 629 5920 Helm.

1173 399 1230 456 S.
1271 398 1546 457 JOANNIS
1572 396 2062 457 'CIIRYSOS'I'OMI
2100 399 2418 458 ARCHIEP.
2453 403 2988 464 CONS’I‘ANTINOP.

3627 405 3740 467 980

2145 515 2322 571 facere
2356 511 2539 587 jubet,
2586 515 2639 573 et
2667 521 2718 574 in
2753 529 2893 575 terra
2926 529 3204 576 versantes
3231 536 3295 577 ac
3321 523 3363 578 si
3395 523 3452 576 in
3477 524 3606 578 cado
3635 525 3737 578 de-

2141 621 2390 676 ger-emus
2412 649 2428 674 ,
2477 610 2555 665 sic
2581 612 2761 665 omnia
2805 612 2979 667 facere
3019 622 3076 667 et
3114 613 3315 678 dicere,
3347 625 3507 685 atque
3536 615 3637 670 hac
3666 616 3742 672 de

2141 715 2299 753 causa
2327 702 2608 756 Dominum
2636 706 2839 774 precari
2867 717 3136 776 Oportere.
3167 707 3306 763 Nihil
3336 711 3478 765 enim
3512 713 3742 782 impedio

2141 795 2446 860 quominus,
2478 796 2579 850 etsi
2623 797 2674 850 in
2719 806 2861 852 terra
2893 799 3227 864 habitemns,
3271 802 3336 855 ad
3376 817 3734 871 supernarum

2142 883 2395 938 virtutum
2423 884 2758 941 sedulitatem
2796 902 2858 943 ac
2895 889 3224 959 diligentiam
3253 892 3573 962 attingamus
3598 911 3610 948 :
3634 895 3745 950 sed

2142 987 2425 1043 possumus
2449 975 2537 1031 hic
2566 976 2866 1033 habitantes
2887 1023 2901 1044 ,
2933 982 3083 1050 quasi
3109 982 3218 1051 jam
3247 984 3296 1034 in
3327 983 3463 1038 caelo
3487 998 3736 1041 essemus

2140 1068 2315 1121 omnia
2336 1067 2530 1125 facere.
2545 1070 2693 1138 Quod
2713 1072 2869 1141 igitur
2895 1073 3045 1136 dicit,
3072 1074 3373 1145 bujusmodi
3399 1085 3482 1132 est
3497 1096 3509 1132 :
3524 1079 3730 1146 Quem—-

2139 1158 2424 1214 admodum
2456 1162 2525 1215 ibi
2559 1164 2736 1218 omnia
2767 1165 2881 1218 sine
2927 1165 3309 1234 impedimento
3339 1169 3473 1223 liunt
3493 1210 3508 1234 ,
3555 1185 3734 1241 neque

2137 1251 2312 1318 angeli
2357 1253 2517 1307 modo
2555 1253 2803 1318 audiunt,
2853 1256 3013 1309 modo
3034 1257 3180 1325 jussa
3221 1269 3599 1322 contemnunt,
3633 1262 3742 1316 sed-

2139 1340 2191 1394 in
2222 1343 2470 1397 omnibus
2494 1343 2692 1400 cedunt
2715 1356 2768 1400 et
2791 1348 3184 1416 obsequuntur;
3218 1366 3338 1405 nam
3367 1354 3460 1417 ait,
3486 1352 3732 1409 Potentes

2135 1431 2332 1497 virtute,
2354 1433 2593 1514 facientes
2614 1438 2816 1490 verbum
2835 1439 2973 1492 illius
2990 1437 3160 1509 (Psal.
3186 1440 3303 1496 102.
3325 1442 3416 1514 20)
3439 1461 3452 1497 :
3469 1445 3546 1498 sic
3563 1447 3731 1500 etiam

2136 1525 2292 1579 nobis
2316 1525 2620 1582 hominibus
2638 1528 2833 1599 largire
2855 1538 2911 1583 ut
2934 1546 3038 1584 non
3067 1548 3128 1585 ex
3153 1532 3374 1589 dimidio
3397 1535 3732 1592 voluntatem

2136 1622 2278 1668 tuam
2310 1614 2600 1684 faciamus,
2641 1619 2736 1674 sed
2776 1621 2954 1674 omnia
2985 1632 3040 1674 ut
3066 1623 3145 1676 vis
3175 1624 3509 1693 impleamus.
3542 1627 3718 1682 Viden

2133 1705 2402 1773 quomodo
2427 1707 2673 1764 modeste
2701 1725 2859 1781 agere
2884 1710 3075 1767 doceat
3094 1753 3110 1776 ,
3158 1714 3447 1770 ostendens
3475 1717 3744 1772 virtuti-m-

2135 1812 2239 1851 non
2266 1813 2331 1852 ex
2364 1809 2549 1854 nostro
2590 1801 2766 1856 studio
2796 1813 2997 1857 tantum
3019 1845 3034 1868 ,
3083 1802 3182 1860 sed
3211 1808 3372 1861 etiam
3400 1823 3468 1862 ex
3494 1823 3732 1880 superna

2133 1892 2301 1962 gratia
2332 1894 2604 1962 pendere?
2630 1893 2868 1966 Itemque
2906 1899 3068 1952 huius
3096 1899 3243 1954 orbis
3269 1901 3682 1958 sollicitudinem
3712 1944 3729 1965 ,

2133 1997 2230 2036 nos
2251 1985 2338 2054 qui
2365 1999 2581 2039 oramus
2604 1987 2844 2057 singulos
2868 2004 3058 2059 gerere
3083 1989 3342 2060 praecipit.
3369 1991 3553 2061 Neque
3578 1995 3731 2048 enim

2131 2072 2297 2139 dixit,
2345 2075 2464 2131 Fiat
2507 2077 2752 2132 voluntas
2783 2089 2867 2132 tua
2913 2080 2965 2133 in
2997 2095 3110 2144 me,
3155 2082 3324 2142 autin
3359 2083 3544 2146 nobis;
3591 2085 3729 2145 sed.

2132 2165 2341 2237 Ubique
2372 2176 2670 2233 terrarum,
2702 2179 2758 2225 ut
2801 2187 2952 2226 error
2978 2172 3237 2227 avellatur
3265 2183 3318 2228 et
3360 2175 3557 2228 veritas
3581 2174 3726 2232 iuse-

2131 2269 2310 2325 ratur,
2341 2263 2622 2332 omnisque
2652 2265 2882 2334 nequitia
2908 2265 3215 2320 eliminetur
3236 2304 3253 2332 ,
3284 2266 3460 2321 virtus
3483 2278 3732 2322 reverta-

2131 2359 2235 2414 tur,
2264 2362 2426 2422 atque
2452 2354 2505 2406 in
2528 2354 2614 2408 illa
2635 2355 2856 2410 colenda
2878 2356 3012 2410 nihil
3033 2355 3285 2425 deinceps
3302 2355 3512 2411 diii‘erat
3529 2356 3730 2412 uelum

2127 2459 2156 2497 a
2189 2451 2350 2501 terra.
2388 2444 2521 2499 Nam
2563 2447 2608 2500 si
2652 2445 2780 2500 illud
2821 2447 2941 2513 ﬁat,
2987 2448 3185 2518 inquit,
3235 2448 3368 2503 nihil
3395 2464 3621 2518 superna
3652 2450 3733 2504 ab

2130 2536 2472 2593 inferioribus
2501 2537 2912 2610 discrepabunt,
2959 2541 3171 2597 etiamsi
3217 2551 3402 2598 natura
3434 2541 3725 2604 dilierant,

2128 2645 2250 2684 cum
2294 2631 2499 2687 scilicet
2525 2633 2746 2702 angelos
2774 2633 2910 2688 alios
2944 2635 3096 2688 nobis
3128 2644 3270 2689 terra
3299 2634 3596 2692 exhibebit.
3624 2636 3726 2690 Η.

2128 2719 2323 2776 Panem
2352 2734 2581 2776 nostrum
2606 2725 2955 2794 quotidianum
2982 2726 3052 2778 da
3073 2726 3217 2780 nobis
3242 2727 3408 2784 hodie.
3436 2726 3576 2793 Quid
3599 2736 3687 2782 est
3703 2767 3725 2792 ,

2123 2812 2322 2868 Panem
2375 2818 2646 2869 ἐπιούσιονῖ
2689 2815 2744 2869 Id
2789 2825 2910 2879 est,
2955 2817 3342 2886 quotidianum.
3391 2818 3535 2885 Quia.
3571 2821 3726 2874 enim

2122 2906 2368 2973 dixerat,
2398 2906 2521 2962 Fiat
2546 2909 2778 2964 voluntas
2803 2919 2924 2975 tua,
2966 2911 3100 2964 sicut
3140 2913 3194 2965 in
3231 2913 3356 2966 eicio
3385 2923 3432 2966 et
3460 2914 3512 2967 in
3541 2923 3680 2968 terra
3700 2932 3726 2968 :

2125 2997 2476 3069 hominesque
2504 3000 2878 3070 alloquebatur
2905 3018 3068 3063 came
3098 3003 3310 3058 indutos
3336 3047 3350 3069 ,
3389 3015 3448 3061 et.
3475 3006 3722 3062 necessi-

2123 3090 2215 3143 tati
2245 3100 2447 3144 natum:
2471 3092 2759 3160 subjectos,
2789 3094 2880 3164 qui
2909 3111 3013 3148 non
3047 3095 3254 3164 possint
3277 3097 3520 3153 eamdem
3550 3114 3720 3168 quam

2120 3181 2292 3250 angeli
2324 3181 2803 3250 impassibilitatem
2831 3184 3030 3240 habere
3051 3203 3064 3238 :
3087 3196 3348 3256 prarcepta
3376 3187 3590 3258 quidem
3611 3205 3721 3245 nos

2120 3273 2344 3343 exsequi
2379 3274 2565 3341 jubet,
2607 3275 2830 3345 perinde
2855 3287 3014 3348 atque
3054 3293 3116 3332 ea
3142 3278 3372 3348 implent,
3392 3289 3447 3334 et
3474 3280 3580 3344 illi;
3611 3281 3719 3336 sed

2119 3365 2414 3421 inﬁrmitati
2444 3379 2648 3423 natura:
2676 3368 2934 3442 deinceps
2980 3385 3100 3426 sese
3141 3373 3528 3428 accommodat.
3573 3374 3720 3430 Nam

2116 3460 2447 3532 diligentiam
2467 3504 2483 3527 ,
2526 3463 2726 3533 inquit,
2763 3465 2816 3517 in
2847 3464 2970 3519 vita:
3001 3465 3243 3520 instituto
3272 3480 3460 3534 parem.
3481 3479 3677 3536 expeto
3697 3510 3718 3533 ,

2117 3551 2210 3606 sed
2244 3567 2350 3606 non
2388 3553 2904 3623 impassibilitatem;
2952 3570 3126 3625 neque
3165 3557 3306 3614 enim
3355 3557 3405 3612 id
3452 3557 3724 3627 permittit

2115 3655 2320 3699 naturae
2365 3647 2641 3716 tyrannis:
2666 3661 2802 3716 opus
2838 3649 2980 3703 enim
3032 3649 3188 3704 habet
3221 3651 3529 3710 necessario
3561 3651 3714 3706 cibo.

2115 3734 2194 3788 Tu
2221 3751 2351 3790 vero
2379 3737 2508 3790 mihi
2538 3738 2861 3794 consideres.
2888 3740 3050 3796 velim
3077 3781 3094 3805 ,
3134 3741 3295 3795 etiam
3327 3742 3378 3802 in
3409 3744 3716 3812 corporali-

2113 3827 2214 3883 bus
2245 3829 2530 3898 plurimum
2558 3832 2947 3900 spiritualitalis
2988 3834 3187 3890 inesse.
3221 3833 3405 3904 Neque
3433 3837 3575 3890 enim
3607 3851 3719 3903 pro

2114 3927 2376 3995 pecuniis.
2408 3942 2581 3998 neque
2610 3943 2707 3998 puo
2728 3927 2954 3995 deliciis,
2982 3944 3154 3998 neque
3179 3945 3275 3997 pro
3299 3929 3527 3986 vestium
3552 3944 3716 3984 sum-

2113 4019 2312 4087 ptibus,
2359 4019 2443 4073 vel
2489 4033 2587 4088 pro
2627 4019 2734 4073 alio
2777 4020 3026 4089 qu0piam
3070 4020 3265 4086 simili,
3315 4021 3421 4075 sed.
3444 4035 3539 4090 pro
3567 4036 3717 4089 pane

2115 4119 2319 4165 tantum
2352 4111 2512 4181 jussit
2552 4112 2849 4167 orationem
2890 4113 3095 4172 emitti,
3138 4121 3193 4167 et
3237 4128 3333 4182 pro
3361 4129 3496 4183 pane
3524 4114 3714 4182 quuti-

2111 4203 2292 4267 diano,
2326 4204 2397 4259 ita
2428 4215 2486 4259 ut
2513 4205 2581 4260 de
2608 4207 2844 4261 crastino
2878 4208 3089 4262 solliciti
3122 4225 3228 4262 non
3255 4209 3446 4266 simus.
3476 4210 3716 4280 Ideoque

2111 4295 2336 4362 addidit,
2367 4295 2563 4348 Panem
2584 4301 2838 4361 tumbam,
2887 4297 2938 4358 id
2964 4308 3067 4363 est,
3100 4299 3488 4368 (μιοιίἀὶιιηιιιιι.
3520 4301 3714 4370 Neque

2113 4385 2217 4440 hoc
2245 4395 2528 4441 contentus
2555 4386 2660 4442 fuit
2683 4388 2886 4454 verbo,
2928 4389 3021 4444 sed
3052 4399 3106 4443 et
3146 4390 3286 4445 aliud
3329 4391 3572 4456 addidit,
3618 4389 3714 4444 Da

2112 4477 2254 4532 nobis
2276 4478 2444 4544 hodie,
2478 4479 2548 4533 ita
2577 4487 2633 4532 ut
2658 4494 2766 4533 non
2788 4479 3024 4536 nlteriori
3049 4481 3152 4535 diei
3179 4481 3429 4538 crastina:
3453 4496 3580 4540 cura
3604 4497 3716 4538 nos

2115 4580 2478 4640 torqueamus.
2503 4569 2672 4640 Cujus
2695 4571 2837 4624 enim
2882 4571 2986 4626 diei
3035 4573 3222 4626 nescis.
3250 4589 3317 4630 an
3362 4573 3591 4643 spatium
3619 4573 3710 4626 vi-

2110 4677 2268 4716 surus
2293 4663 2399 4724 sis,
2437 4677 2534 4716 cur
2559 4662 2972 4716 sollicitudinem
3005 4662 3209 4718 habes?
3237 4663 3350 4718 Hoc
3375 4663 3621 4734 pluribus
3649 4664 3714 4719 in

2110 4753 2456 4823 sequentibus
2502 4753 2741 4822 praecipit
2775 4753 2958 4808 dicens
2993 4773 3004 4808 :
3041 4753 3216 4809 Nolite
3259 4755 3458 4809 solliciti
3497 4771 3604 4809 esse
3647 4755 3712 4816 iis

2109 4845 2387 4898 crastinum
2411 4843 2627 4914 (Matth.
2648 4845 2701 4899 6.
2721 4843 2832 4916 54).
2858 4845 2977 4900 Vult
3002 4847 3141 4900 enim
3169 4862 3264 4902 nos
3291 4861 3503 4917 semper
3523 4847 3706 4902 accin-

2109 4946 2227 4991 etos
2253 4944 2310 4990 et
2335 4937 2483 5006 quasi
2507 4940 2573 4990 ad
2596 4937 2834 4989 volatum
2862 4936 3144 5006 expeditos.
3167 4953 3308 5000 esse,
3335 4947 3538 4993 tantum
3562 4953 3707 4992 con-

2110 5027 2376 5083 cedentes.
2395 5036 2617 5092 naturae,
2640 5039 2896 5096 quantum
2948 5029 3241 5085 necessitas
3267 5043 3296 5086 ει
3328 5027 3481 5084 nobis
3515 5027 3706 5097 exigit-

2112 5117 2317 5173 Deinde
2340 5118 2464 5188 quia
2491 5119 2785 5188 contingit,
2831 5117 2993 5173 etiam
3023 5130 3144 5188 post
3173 5118 3441 5175 lavacrum
3472 5133 3714 5189 regene-

2109 5212 2351 5276 rationis,
2375 5220 2435 5265 ut
2457 5226 2743 5282 peccemus
2769 5229 2784 5266 :
2809 5211 3028 5266 multam
3055 5212 3142 5267 hic
3160 5227 3374 5283 quoque
3405 5212 3709 5282 benignita-

2109 5313 2216 5360 tem
2243 5304 2510 5360 exhibens
2530 5345 2544 5368 ,
2583 5304 2738 5373 jubet
2783 5320 2877 5373 pro
2921 5316 3258 5373 peccatorum
3289 5305 3605 5363 remissione
3634 5304 3708 5358 ad

2110 5393 2514 5450 misericordem
2547 5394 2715 5449 Deum
2743 5393 3020 5456 accedere,
3049 5405 3105 5450 ct
3133 5396 3211 5450 sic
3238 5395 3420 5450 dicere
3444 5415 3459 5450 :
3481 5393 3571 5449 12.
3601 5393 3708 5447 Di-

2109 5489 2247 5541 mitte
2284 5487 2426 5542 nobis
2451 5485 2618 5540 debita
2641 5495 2851 5553 nostra,
2880 5487 3009 5544 sicut
3039 5497 3086 5541 et
3113 5503 3210 5542 nos
3232 5487 3534 5546 dimittimus
3557 5485 3708 5540 debi-

2109 5580 2297 5633 toribus
2317 5579 2522 5636 nostris.
2554 5578 2798 5635 Vidistin’
2823 5580 3206 5638 misericordiae
3231 5581 3545 5646 cumulum?
3571 5579 3711 5635 Post

2109 5679 2190 5723 tot
2212 5669 2421 5724 sublata
2447 5669 2605 5734 mala,
2642 5679 2765 5740 post.
2789 5670 3112 5731 ineﬁ'abilem
3140 5671 3402 5736 donorum
3433 5672 3708 5742 magnitu-

2106 5761 2305 5826 dinem,
2330 5777 2541 5842 rursum
2568 5771 2853 5832 peccantes
2879 5764 3034 5819 venia
3061 5764 3328 5834 dignatur.
3346 5764 3495 5832 Quod
3523 5774 3708 5818 autem

2113 5852 2230 5910 lucc
2256 5854 2426 5911 oratio
2449 5853 2689 5914 ﬁdelibus
2715 5865 3004 5930 competat,
3032 5857 3178 5933 leges
3205 5858 3456 5915 Ecclesiae
3483 5857 3705 5921 docent,
