4038 6364
264 349 373 404 ΞδὝ

255 482 351 523 nec
366 461 760 521 non-orationis
790 460 1088 515 exordium.
1123 457 1366 513 Nondum
1397 459 1593 527 quippe
1616 456 1851 511 initiatus

261 574 363 611 non
396 567 573 628 potest
601 558 767 611 Deum
794 570 987 611 vocare
1018 555 1253 609 Patrem.
1299 554 1352 608 Si
1392 553 1571 622 itaque
1606 552 1854 606 fidelibus

263 648 373 703 hmo
401 648 663 718 competit
690 648 897 711 oratio,
948 655 1209 715 orantque
1246 644 1513 714 supplices
1557 652 1613 696 ut
1641 652 1854 712 peccata

262 739 361 794 sibi
382 739 723 795 dimittantur
748 757 762 793 :
789 739 912 793 hinc
934 738 1105 808 palam
1129 746 1231 802 est,
1253 752 1424 806 neque
1449 745 1569 804 post
1589 736 1853 789 lavacrum

262 830 370 885 tolli
400 830 732 899 poenitentiae
764 830 993 884 lucrum.
1035 828 1143 882 Nisi
1188 828 1329 881 enim
1363 826 1464 880 hoc
1490 826 1855 881 demonstrare

260 923 449 987 vellet,
498 938 607 977 non
652 938 783 976 sane
812 921 1081 975 docuisset
1110 934 1285 973 orare.
1330 918 1429 986 Qui
1473 932 1603 972 vero
1640 925 1854 987 peccata

260 1023 557 1080 memorat,
602 1013 859 1083 jubetque
898 1028 1085 1067 eorum
1130 1012 1499 1066 remissionem
1543 1019 1741 1079 petere,
1790 1026 1851 1064 ac

258 1108 416 1164 docet
446 1107 722 1178 quomodo
753 1106 889 1161 hanc
920 1105 1286 1160 remissionem
1317 1119 1734 1174 consequamur.
1768 1104 1849 1156 fa-

259 1201 525 1271 cilemque
551 1199 618 1254 ad
647 1200 792 1253 illam
822 1207 969 1267 parat
996 1199 1157 1261 viam,
1190 1196 1273 1250 hic
1298 1206 1355 1249 ut
1378 1196 1547 1264 palam
1579 1206 1679 1257 est,
1709 1196 1850 1265 quod

260 1293 467 1346 noverit
492 1301 545 1346 et
571 1291 761 1345 doceat
791 1303 947 1358 posse
976 1303 1072 1342 nos
1096 1288 1256 1342 etiam
1286 1297 1405 1355 post
1434 1288 1699 1341 lavacrum
1733 1301 1856 1356 pec-

260 1394 372 1436 cata
405 1383 662 1447 abluere,
694 1381 831 1435 hanc
860 1379 1261 1450 supplicationis
1307 1379 1472 1447 legem
1504 1378 1749 1442 induxit;
1785 1378 1857 1431 ita

262 1486 313 1526 ut
342 1474 471 1527 dum
501 1481 720 1543 peccata
749 1480 1044 1537 memorat,
1090 1485 1189 1524 nos
1224 1470 1288 1523 ad
1323 1469 1562 1524 modeste
1590 1470 1857 1539 agendum

262 1569 474 1623 inducat
502 1585 517 1631 ;
548 1568 676 1622 dum
706 1582 835 1621 vero
858 1565 1010 1635 jubet
1038 1566 1157 1618 aliis
1184 1564 1457 1619 remittere
1481 1604 1496 1629 ,
1528 1579 1741 1619 omnem
1774 1566 1857 1618 in-

259 1664 520 1732 juriurum
572 1664 884 1715 memoriam
929 1674 958 1712 a
991 1659 1143 1712 nobis
1187 1657 1459 1720 eliminet;
1507 1656 1632 1710 dum
1678 1668 1857 1711 autem

263 1771 355 1825 pro
394 1755 481 1808 his
511 1754 759 1807 onmibus
799 1768 858 1806 se
900 1751 1053 1805 nobis
1082 1748 1290 1804 veniam
1331 1762 1707 1803 concessurum
1738 1762 1861 1801 esse

260 1847 569 1915 pollicetur,
600 1845 749 1899 bona.
770 1860 867 1897 nos
909 1859 1003 1913 spe
1031 1841 1212 1896 fulciat
1232 1883 1246 1907 ,
1277 1856 1339 1896 ac
1369 1842 1506 1895 circa
1535 1840 1858 1895 ineffabilem

266 1938 354 1992 Dei
384 1936 810 1991 miscricordiam
846 1951 942 1989 nos
970 1933 1333 2003 philosophari
1362 1932 1573 1987 doceat.

328 2031 382 2083 6.
418 2028 488 2083 Ut
527 2029 642 2082 aliis
671 2027 966 2081 dimittimus
988 2068 1003 2093 ,
1033 2026 1105 2079 sic
1149 2024 1420 2077 dimittitur
1458 2024 1619 2077 nobis.
1650 2054 1719 2062 —
1749 2022 1862 2076 Hoc

261 2133 439 2175 autem
492 2121 725 2176 maxime
767 2117 1158 2173 observandum
1200 2125 1283 2171 est
1305 2159 1320 2182 ,
1349 2131 1469 2170 eum
1492 2157 1507 2179 ,
1529 2130 1648 2169 eum
1682 2114 1736 2168 in
1767 2129 1860 2168 su-

265 2212 524 2280 pradictis
575 2210 799 2281 singulis
849 2223 1063 2263 omnem
1127 2206 1372 2260 virtutem
1431 2212 1856 2270 commemoret,

262 2305 313 2358 in
344 2306 448 2358 hac
478 2304 645 2361 etiam
690 2302 1001 2371 iujuriarum
1043 2300 1473 2357 recordationem
1504 2297 1858 2367 complecti‘;

264 2411 386 2449 nam
417 2394 743 2449 sanctificari
774 2410 871 2458 per
900 2409 999 2447 nos
1026 2407 1220 2447 nomen
1252 2391 1367 2461 ejus
1393 2390 1459 2444 ad
1491 2390 1783 2459 perfectum
1810 2400 1863 2444 et

261 2488 728 2543 accuratissimum
756 2488 878 2540 vitae
909 2486 1208 2539 institutum
1238 2483 1506 2554 pertinet;
1539 2492 1593 2537 et
1621 2483 1865 2537 volunta-

262 2590 369 2634 tem
399 2580 523 2649 ejus
569 2579 682 2633 fieri
730 2579 959 2647 idipsum
1005 2591 1191 2631 rursus
1220 2575 1511 2645 signiﬁcat;
1554 2582 1609 2628 et
1652 2573 1865 2627 Patrem

264 2690 425 2741 posse
457 2673 629 2727 Deum
658 2686 851 2726 vocare
882 2670 1163 2739 inculpata:
1189 2668 1310 2723 vita:
1336 2667 1719 2722 demonstratio
1744 2674 1825 2720 est
1848 2681 1862 2729 ;

264 2771 316 2823 in
347 2769 548 2839 quibus
576 2767 826 2822 omnibus
854 2764 955 2818 hoc
981 2761 1487 2831 comprehenditur,
1531 2760 1672 2831 quod
1702 2774 1865 2829 opor-

268 2870 378 2915 teat
404 2862 544 2914 iram
571 2859 639 2914 de
679 2858 886 2927 injuriis
924 2865 1235 2925 conceptam
1276 2856 1580 2918 remittere;
1633 2861 1866 2907 attamen

265 2955 347 3007 liis
372 2962 664 3007 contentus
692 2966 797 3003 non
822 2949 950 3013 fuit;
987 2948 1077 3001 sed
1103 2945 1391 3001 ostendere
1412 2945 1597 2999 volens
1615 2951 1865 3013 quantam

265 3045 364 3098 hac
402 3044 473 3099 de
514 3059 571 3097 re
611 3051 762 3111 gerat
804 3038 1251 3104 sollicitudinem,
1302 3036 1529 3105 idipsum
1571 3034 1869 3105 specialiter

266 3136 494 3205 repetit;
544 3148 607 3187 ac
653 3144 771 3201 post
798 3131 1096 3185 orationem
1131 3128 1330 3183 nullum
1362 3126 1506 3181 aliud
1538 3141 1696 3196 quam
1727 3124 1869 3179 istud

266 3235 539 3281 memorat
567 3234 891 3294 prmceptum
914 3264 928 3287 ,
974 3221 1053 3276 sic
1090 3220 1308 3275 dicens:
1333 3218 1395 3273 Si
1419 3219 1551 3273 enim
1580 3216 1869 3269 dimiseritis

269 3320 566 3377 hominibus
597 3327 802 3387 peccata
832 3332 1027 3379 eorum,
1059 3314 1271 3367 dimittet
1298 3311 1433 3366 vobis
1460 3321 1507 3365 et
1535 3310 1690 3364 Pater
1715 3318 1872 3363 vester

267 3415 484 3470 cwlestis
514 3411 729 3481 (Matth.
761 3410 816 3465 6.
843 3408 954 3481 14).
982 3407 1163 3477 Itaque
1188 3423 1217 3461 a
1249 3406 1404 3461 nobis
1426 3404 1740 3474 principium
1769 3410 1868 3465 est,

268 3516 323 3562 et
344 3505 613 3577 judicium
654 3504 721 3557 de
766 3502 921 3556 nobis
964 3499 1241 3555 ferendum
1287 3499 1339 3551 in
1381 3505 1563 3551 nostra
1597 3496 1755 3550 situm
1787 3502 1873 3549 est

273 3606 566 3669 potestate.
596 3596 726 3651 Nam
757 3611 826 3651 ne
852 3594 1028 3649 vel-ex
1057 3591 1288 3661 stupidis
1309 3588 1575 3660 quispiam
1601 3587 1766 3658 possit
1788 3586 1873 3641 vel

272 3695 324 3747 in
355 3706 524 3763 parva
552 3689 637 3745 vel
664 3690 717 3743 in
745 3703 932 3757 magna
965 3702 1023 3741 re
1050 3684 1308 3754 conqueri
1338 3683 1463 3737 dum
1488 3681 1777 3751 judicatur,
1801 3690 1873 3742 te,

272 3799 454 3846 neum,
490 3779 682 3837 calculi
715 3777 918 3833 ferendi
949 3776 1225 3832 dominum
1255 3774 1406 3837 facit;
1439 3781 1494 3827 et
1518 3771 1873 3839 Quemadmo-

276 3878 431 3940 dum,
465 3873 663 3943 inquit,
696 3880 747 3925 tu
780 3870 846 3925 de
877 3878 930 3924 te
959 3870 1075 3939 ipso
1113 3866 1469 3937 judicavcris,
1500 3879 1599 3934 ego
1624 3863 1692 3916 de
1720 3874 1768 3915 te
1793 3862 1879 3931 ju-

274 3970 499 4026 dicabo.
546 3966 602 4022 Si
642 3978 907 4020 cooservo
933 3961 1231 4025 dimiseris,
1279 3974 1307 4011 a
1348 3972 1436 4013 me
1466 3970 1646 4027 parem
1678 3954 1878 4010 referes

277 4064 535 4135 gratiam,
562 4072 884 4129 quamquam
911 4070 998 4109 res
1027 4069 1131 4108 non
1163 4050 1395 4121 paris-sit
1424 4047 1768 4104 conditionis.
1798 4046 1876 4100 'l'u

277 4157 425 4210 enim
454 4151 599 4223 quod
629 4149 946 4205 remissione
970 4159 1148 4216 egeas,
1177 4140 1425 4202 remittis,
1443 4140 1584 4195 Deus
1604 4154 1736 4193 vero
1758 4153 1882 4194 cum

282 4247 437 4302 nullo
487 4260 625 4314 opus
673 4242 900 4303 habeat;
950 4247 1002 4291 tu
1051 4249 1349 4297 conservo,
1397 4233 1539 4287 Deus
1586 4246 1780 4296 servo;
1830 4242 1885 4286 ιιι

281 4348 667 4396 sexcentorum
701 4350 823 4390 reus
855 4342 1226 4403 peccatorum,
1265 4329 1404 4383 Deus
1447 4342 1577 4382 vero
1618 4330 1884 4398 impecca—

284 4434 409 4487 bilis
437 4446 563 4486 cum
608 4430 696 4483 sit.
738 4432 987 4482 Attamen
1032 4424 1110 4477 sic
1148 4423 1238 4477 ille
1280 4422 1699 4477 misericordiam
1735 4436 1884 4476 suam

282 4525 545 4583 ostendit.
577 4522 709 4577 Nam
737 4536 860 4575 cum
893 4529 1071 4590 posset
1102 4517 1217 4571 sine
1248 4516 1348 4569 hac
1379 4517 1547 4585 posita
1577 4515 1886 4571 conditione

286 4619 468 4674 omnia
517 4616 609 4670 tibi
652 4622 869 4684 peccata
913 4610 1251 4673 condonare;
1298 4611 1415 4664 vult
1457 4618 1634 4663 tamen
1682 4616 1735 4663 te
1766 4607 1890 4663 inde

286 4713 453 4766 etiam
488 4707 808 4762 beneficium
844 4705 1121 4772 accipere,
1166 4700 1314 4756 mille
1347 4701 1437 4755 tibi
1483 4701 1719 4770 undique
1741 4716 1891 4755 man-

289 4800 597 4857 suetudinis
625 4806 680 4852 et
711 4794 1058 4849 humanitatis
1088 4792 1402 4845 occasiones
1443 4791 1789 4856 ministrans,
1838 4800 1893 4845 et

287 4892 434 4965 quod
463 4893 519 4945 in
544 4900 595 4944 te
622 4888 913 4943 belluinum
936 4895 1019 4938 est
1041 4882 1346 4947 elimiuans,
1372 4883 1503 4936 iram
1526 4882 1888 4949 exstinguens,

286 4999 341 5042 et
374 4984 611 5054 undique
646 4990 699 5036 te
742 4978 984 5034 membro
1027 4987 1115 5031 tuo
1147 4975 1535 5046 conglutinans.
1584 4973 1722 5041 Quid
1765 4989 1894 5043 ergo

290 5080 478 5133 dicere
505 5074 721 5145 possis?
751 5087 817 5125 an
847 5079 899 5125 te
930 5070 1056 5123 mali
1080 5067 1349 5140 quidpiam
1376 5082 1404 5121 a
1427 5067 1670 5137 proximo
1699 5066 1893 5135 injuste

291 5184 513 5240 passum
541 5165 704 5221 esse?
733 5163 857 5217 Haec
872 5163 1070 5231 quippe
1094 5168 1219 5215 sunt
1242 5166 1492 5227 peccata;
1518 5172 1637 5210 nam
1666 5158 1707 5209 si
1728 5156 1891 5224 juste.‘

373 5400 389 5429 ί
424 5393 625 5454 Quidam
647 5397 755 5439 Mss.
795 5389 922 5437 hunc
948 5388 1107 5435 locum
1130 5389 1198 5434 sic
1242 5384 1423 5431 habent
1456 5388 1619 5429 Grtece
1654 5394 1665 5428 :
1706 5392 1726 5429 δ
1750 5388 1792 5429 δι
1836 5395 1904 5440 μά.

309 5484 420 5509 μισ-ω
528 5470 782 5518 παρατηρῆσαι
807 5491 819 5507 ,
841 5465 952 5500 τῶκὸ
977 5465 1073 5499 ἐστιν
1097 5460 1154 5497 ὅτι
1171 5458 1250 5496 καθ’
1275 5458 1425 5495 inme-1
1448 5461 1517 5492 τῶν
1547 5456 1730 5521 impii-m3
1753 5454 1905 5521 tilia-ait

308 5548 374 5583 νιν
413 5511 761 5583 με’νιιὶονιηδὶπεςξτῆς
792 5525 949 5583 detis,
982 5523 1108 5583 vim
1128 5522 1188 5558 και
1218 5521 1261 5578 τι
1294 5516 1750 5583 μγηεξεξεεῖῖέῑῗεέἒῗιὲ·
1767 5580 1773 5583 .
1793 5511 1909 5583 99.“?

308 5571 385 5631 sic.
414 5571 871 5635 converti’deben't,
907 5576 1045 5636 juxta
1078 5571 1335 5631 Georgium
1367 5571 1735 5636 :lrapezuntium
1762 5574 1904 5636 .‘HHoc

309 5624 720 5694 arim;-_r@im
736 5624 1095 5700 observandum
1108 5624 1469 5700 εδιξῄιιοιιίαιιί
1479 5625 1683 5700 singulis
1702 5624 1905 5696 quibus-

309 5691 672 5767 naesententiis
695 5699 1035 5763 perfectionem
1052 5691 1531 5747 virtutis'includens,
1549 5691 1693 5767 etiam
1713 5691 1763 5767 in
1782 5701 1907 5767 vrtte-

325 5762 825 5834 i'edentibusinjurim
863 5784 946 5819 nos
968 5767 1267 5834 prohibuerit
1306 5763 1577 5834 recordari.
1606 5762 1801 5834 Boisiu‘s
1826 5764 1903 5834 le-

322 5835 546 5891 gendum
571 5828 692 5882 vidit
719 5830 767 5881 in
792 5828 976 5892 (imco,
1001 5834 1078 5879 καὶ
1104 5833 1157 5879 τὸ
1203 5832 1263 5893 μὴ
1288 5829 1594 5891 μνησικακεῖν
1639 5828 1901 5887 περιέὶαὸῡ.

1403 340 1464 394 ΙΝ
1507 335 1907 394 MATTll/‘EUM
1949 336 2177 395 HOMIL.
2226 340 2360 396 XIX.

3443 344 3549 402 282

1969 468 2242 523 peccatum
2284 462 2486 513 nullum
2517 470 2618 514 cst.
2650 460 2718 512 At
2750 470 2800 513 tu
2834 460 3013 512 talium
3057 477 3179 514 vere
3210 472 3546 529 peccatorum

1965 550 2172 603 veniam
2204 552 2580 619 impetraturus
2606 552 2832 616 accedis,
2854 552 2973 605 'imo
2996 561 3048 605 et
3076 552 3240 605 multo
3265 552 3543 622 majorum.

1964 642 2029 695 Et
2063 654 2187 697 ante
2217 645 2425 699 veniam
2449 688 2462 708 ,
2507 660 2611 699 non
2654 646 2928 699 minimam
2959 655 3321 715 consequutus
3346 660 3404 699 es
3432 660 3553 716 gra-

1965 734 2126 793 tiam,
2168 734 2387 789 edoctus
2429 745 2480 789 te
2527 737 2813 795 humanam
2862 737 3058 792 habere
3102 739 3371 803 animam,
3404 747 3458 791 et
3486 738 3550 791 ad
3591 725 3597 733 ’

1962 839 2176 878 omnem
2232 828 2694 885 mansuetudinem
2741 829 3035 883 institutus.
3091 829 3218 882 Post
3264 828 3378 882 hmc
3425 843 3555 882 vero

1966 932 2156 986 magna
2186 919 2347 972 etiam
2388 920 2481 973 tibi
2523 934 2728 973 merces
2775 919 2882 975 illic
2931 921 3203 974 recondita
3233 921 3331 973 erit
3356 962 3369 981 ,
3412 919 3551 989 quod

1966 1008 2127 1061 nullae
2152 1023 2180 1060 a
2209 1017 2261 1063 te
2292 1018 2629 1077 peccatorum
2659 1011 2893 1065 rationes
2924 1012 3279 1079 postulentur.
3307 1012 3422 1079 Quo
3453 1013 3552 1081 igi-

1965 1108 2050 1152 tur
2077 1100 2219 1169 digni
2249 1102 2511 1172 supplicio
2542 1105 2774 1165 erimus,
2808 1104 2851 1158 si
2885 1104 2974 1157 tali
3004 1115 3218 1174 accepta
3248 1113 3510 1173 potestate
3537 1147 3551 1168 ,

1965 1193 2458 1247 salutem‘nostram
2492 1195 2818 1264 prodamus?
2847 1195 3115 1265 quomodo
3142 1203 3317 1249 autem
3351 1197 3400 1248 in
3434 1196 3554 1249 aliis

1969 1301 2066 1338 nos
2096 1286 2334 1340 exaudiri
2365 1303 2634 1355 rogamus,
2671 1303 2789 1340 etim
2825 1289 3074 1353 nolimus,
3109 1288 3233 1342 dum
3267 1304 3431 1359 penes
3457 1304 3553 1342 nos

1966 1385 2067 1438 est,
2099 1378 2250 1431 nobis
2278 1379 2405 1446 ipsis
2436 1381 2697 1446 parcere?
2724 1380 2806 1434 15,
2842 1378 2909 1432 Et
2929 1397 2988 1433 ne
3014 1397 3102 1435 nos
3127 1380 3338 1434 inducas
3366 1381 3418 1433 in
3447 1372 3555 1434 ten-

1968 1473 2227 1537 tationem,
2259 1473 2346 1526 sed
2373 1473 2526 1525 libera
2552 1490 2641 1526 nos
2670 1490 2701 1525 α
2728 1473 2881 1526 malo.
2912 1473 3043 1539 Quia
3066 1483 3204 1526 tuum
3224 1484 3296 1527 est
3320 1490 3551 1544 regnum,

1967 1574 2011 1616 et
2040 1566 2280 1632 potentia,
2308 1576 2353 1619 et
2382 1566 2544 1633 gloria
2573 1566 2626 1618 in
2653 1569 2859 1628 swcula,
2895 1582 3062 1618 auten.
3096 1566 3189 1619 Hic
3213 1566 3322 1635 jam
3352 1581 3449 1619 nos
3474 1568 3555 1618 vi-

1968 1654 2167 1707 litatem
2214 1664 2448 1709 nostram
2480 1656 2624 1709 clare
2653 1656 2846 1716 docet,
2894 1665 2948 1709 et
2981 1665 3243 1709 tumorem
3276 1657 3556 1725 reprimit:

1968 1743 2189 1798 hortans
2227 1753 2283 1797 ut.
2315 1748 2606 1799 certamina
2640 1746 2928 1815 fugiamus,
2959 1748 3052 1802 sed
3083 1764 3149 1802 ne
3176 1749 3226 1801 in
3258 1764 3319 1801 ea
3352 1749 3554 1802 insilia-

1970 1854 2107 1892 mus.
2142 1838 2214 1893 Ita
2243 1842 2385 1893 enim
2428 1853 2481 1894 et
2520 1841 2672 1894 nobis
2718 1842 2936 1895 victoria
2982 1841 3313 1909 splendidior
3339 1842 3469 1901 erit,
3502 1850 3569 1895 ct'

1970 1931 2166 1985 diaboli
2194 1932 2373 1987 clades
2415 1935 2583 2002 magis
2614 1934 2890 1987 ridebitur.
2925 1934 3054 1988 Cum
3088 1934 3349 1988 trahimur
3370 1936 3509 1989 enim
3538 1977 3553 2001 ,

1971 2025 2174 2077 fortiter
2204 2024 2451 2077 standum
2495 2035 2611 2090 est;
2662 2040 2765 2079 non
2817 2036 3030 2081 vocatos
3076 2037 3251 2082 autem
3282 2028 3556 2097 quiescere

1967 2125 2197 2183 oportet,
2223 2132 2284 2170 ac
2306 2126 2513 2186 tempus
2534 2120 2881 2173 certaminum
2905 2127 3233 2188 exspectare,
3255 2128 3315 2174 ut
3331 2129 3386 2175 et
3405 2137 3557 2175 vana)

1968 2209 2152 2275 glorise
2182 2217 2432 2277 expertes
2462 2219 2513 2264 et
2545 2218 2791 2265 strenuos
2819 2225 2919 2264 nos
2950 2212 3319 2266 exhibeamus.
3362 2212 3553 2265 Malam

1971 2308 2147 2353 autem
2179 2299 2263 2353 hic
2294 2300 2562 2355 diabolum
2588 2311 2763 2367 vocat,
2811 2302 3005 2371 jubens
3049 2319 3146 2357 nos
3174 2319 3297 2357 cum
3326 2304 3415 2357 illo
3442 2304 3556 2358 bel-

1970 2392 2077 2446 lum
2144 2393 2475 2462 inexpiabile
2526 2409 2749 2462 gerere,
2804 2403 2858 2449 et
2902 2394 3193 2450 ostendens
3236 2396 3406 2463 ipsum
3452 2412 3573 2451 non

1970 2496 2155 2540 natura
2183 2486 2343 2541 talem
2368 2500 2507 2541 esse.
2537 2487 2731 2540 Malitia
2761 2488 2901 2541 enim
2923 2502 3029 2541 non
3055 2503 3118 2542 ex
3144 2497 3355 2553 natura,
3380 2489 3471 2544 sed
3494 2504 3561 2542 ex

1970 2582 2245 2636 voluntate
2285 2581 2537 2651 gignitur.
2586 2580 2676 2635 Ille
2718 2590 2895 2636 autem
2937 2581 3201 2650 praecipue
3232 2582 3311 2637 sic
3342 2592 3562 2636 vocatur

1972 2674 2042 2727 ob
2091 2674 2359 2742 ingentem
2410 2672 2625 2726 malitia'
2671 2671 3088 2741 magnitudinem
3122 2682 3216 2726 :et
3258 2674 3379 2742 quia
3430 2672 3562 2725 nihil

1974 2766 2132 2820 Imsus
2161 2781 2190 2818 a
2223 2765 2375 2819 nobis
2414 2765 2733 2834 inexpiabile
2778 2774 2964 2819 contra
3010 2780 3110 2821 nos
3159 2766 3353 2821 bellum
3394 2766 3561 2835 gerit,

1974 2859 2095 2913 ideo
2120 2874 2226 2913 non
2256 2857 2411 2926 dixit,
2442 2858 2632 2913 Libera
2662 2872 2758 2911 nos
2787 2873 2816 2911 a
2850 2857 3037 2926 malis,
3072 2858 3166 2914 sed
3186 2901 3201 2925 ,
3234 2859 3273 2911 A
3306 2858 3439 2911 malo
3463 2902 3477 2921 ,
3509 2867 3579 2910 ut

1974 2970 2071 3008 nos
2096 2961 2311 3007 moneat
2332 2967 2399 3007 ne
2424 2960 2609 3007 contra
2631 2952 2933 3021 proximum
2962 2967 3145 3007 amaro
3167 2952 3346 3005 animo
3374 2952 3564 3016 simus,

1975 3046 2183 3100 etiamsi
2228 3045 2366 3099 male
2394 3043 2658 3113 patiamur
2687 3043 2754 3096 ab
2783 3043 2886 3098 illis
2907 3086 2921 3109 ,
2969 3044 3061 3098 sed
3093 3044 3159 3098 ab
3203 3043 3305 3097 illis
3346 3042 3472 3111 ipsis
3498 3042 3565 3095 ad

1975 3137 2246 3191 diabolum
2273 3135 2693 3190 transferendam
2720 3136 3051 3190 inimicitiam
3080 3151 3219 3202 esse,
3244 3144 3427 3205 utpote
3453 3151 3567 3188 ma-

1976 3229 2149 3281 lorum
2179 3227 2419 3280 omnium
2448 3241 2686 3282 causam.
2735 3228 2939 3283 inimici
2972 3228 3148 3297 itaque
3174 3242 3566 3281 commemora-

1977 3319 2120 3372 tione
2134 3316 2199 3371 ad
2219 3326 2492 3372 certamen
2516 3332 2615 3373 nos
2632 3334 2959 3388 praeparans,
2982 3326 3035 3373 et
3056 3318 3331 3389 segnitiem
3354 3332 3567 3372 omnem

1978 3425 2006 3463 a
2040 3408 2195 3463 nobis
2223 3409 2567 3477 exscindens,
2600 3426 2786 3465 rursus
2810 3410 3055 3465 fiduciam
3085 3410 3278 3479 ingerit
3298 3418 3355 3465 et
3380 3424 3569 3464 sensus

1978 3502 2154 3571 erigit,
2172 3501 2372 3571 Regem
2398 3516 2853 3565 commemorans,
2878 3502 2977 3557 sub
3001 3517 3108 3573 quo
3135 3503 3187 3556 in
3211 3502 3323 3557 acie
3344 3510 3566 3564 stamus,

1982 3601 2037 3646 et
2078 3594 2372 3648 ostendens
2426 3595 2600 3665 ipsum
2658 3610 2777 3649 esse
2824 3595 3063 3649 omnium
3117 3595 3567 3663 potentissimum.

1980 3683 2149 3738 Tuum
2189 3695 2261 3738 est
2286 3726 2303 3746 ,
2336 3686 2539 3756 inquit,
2584 3702 2824 3757 regnum,
2866 3696 2914 3740 et
2944 3687 3201 3757 potentia,
3233 3696 3278 3739 et
3307 3686 3489 3757 gloria.
3515 3685 3572 3740 Si

1982 3792 2111 3846 ergo
2134 3776 2275 3833 illius
2296 3787 2378 3833 est
2397 3794 2643 3848 regnum,
2662 3793 2820 3833 nemo
2846 3776 3112 3833 timendus
3143 3786 3244 3841 est,
3269 3793 3388 3833 cum
3415 3793 3574 3833 nemo

1985 3872 2055 3923 sit
2081 3871 2169 3941 qui
2198 3872 2461 3926 obsistere
2492 3871 2677 3939 possit,
2708 3880 2763 3925 et
2788 3870 2879 3940 qui
2909 3879 3090 3925 contra
3120 3871 3264 3924 illmn
3292 3870 3575 3939 imperium

1990 3970 2189 4018 teneat.
2219 3961 2352 4017 Cum
2384 3964 2525 4017 enim
2555 3963 2715 4017 dicit:
2763 3963 2926 4016 Tuum
2970 3975 3044 4017 est
3084 3980 3313 4033 regnum,
3342 3964 3579 4018 ostendit

1990 4057 2150 4109 etiam
2177 4071 2295 4110 eum
2323 4096 2338 4121 ,
2370 4055 2456 4125 qui
2490 4070 2588 4109 nos
2636 4055 2941 4124 impugnat,
2988 4055 3087 4123 ipsi
3115 4054 3382 4108 subditum
3415 4069 3536 4110 esse
3556 4096 3575 4122 ,

1991 4148 2202 4203 etiamsi
2247 4158 2435 4201 contra
2463 4155 2607 4200 stare
2650 4145 2896 4199 videatur
2918 4187 2933 4211 ,
2986 4145 3095 4200 Deo
3133 4147 3343 4199 interim
3375 4147 3426 4199 id
3459 4162 3579 4215 per-

1994 4240 2259 4293 mittente.
2285 4238 2415 4293 Nam
2448 4246 2502 4292 et
2535 4236 2647 4306 ipse
2675 4251 2741 4291 ex
2770 4251 3044 4291 servorum
3073 4251 3299 4289 numero
3324 4245 3427 4302 est,
3454 4237 3581 4291 licet

1996 4331 2269 4385 inl'amium
2322 4340 2376 4384 et
2424 4331 2805 4398 reproborum;
2860 4343 2959 4383 nec
3012 4330 3153 4382 ausit
3201 4344 3580 4383 conservorum

1996 4423 2296 4493 quempiam
2329 4421 2600 4484 invadere,
2634 4421 2737 4474 nisi
2763 4422 2909 4489 prius
2935 4420 3165 4488 desuper
3188 4422 3455 4491 acceperit
3479 4438 3579 4493 po-

1996 4524 2266 4573 testatem.
2303 4514 2501 4581 Ecquid
2530 4513 2650 4567 dico
2676 4512 3115 4566 conservorum?
3140 4511 3217 4565 Ne
3248 4528 3436 4581 porcos
3462 4516 3582 4583 qui-

1999 4606 2118 4661 dem
2150 4621 2312 4661 ausus
2340 4615 2423 4660 est
2452 4604 2723 4669 invadere,
2755 4603 2927 4658 donec
2958 4604 3071 4672 ipse
3103 4606 3376 4673 permisit;
3410 4621 3584 4676 neque
3622 4601 3629 4608 ’

1998 4699 2177 4752 ovium
2201 4698 2463 4765 boumque
2483 4711 2689 4765 greges,
2712 4695 2883 4749 donec
2904 4695 3168 4749 licentiam
3192 4705 3245 4750 et
3266 4706 3582 4766 potestatem

2000 4791 2313 4859 accepisset.
2348 4789 2528 4859 itaque
2555 4788 2763 4843 etiamsi
2792 4788 2948 4858 longe
2977 4788 3240 4843 infirmior
3267 4805 3436 4855 esses,
3465 4791 3585 4859 jure

1999 4881 2308 4936 consideres
2355 4890 2500 4934 tanto
2540 4881 2835 4950 imperante
2863 4895 3020 4950 rege.
3052 4882 3140 4949 qui
3187 4890 3362 4950 potest
3409 4898 3501 4949 per
3534 4892 3585 4937 te

2002 4974 2255 5043 praeclara
2274 4972 2423 5027 facile
2454 4988 2617 5041 Opera
2645 4971 2824 5026 cdere.
2842 4970 2909 5023 Et
2930 4972 3092 5042 gloria
3112 4973 3165 5024 in
3188 4973 3389 5035 alecula,
3417 4990 3585 5027 amen.

2070 5075 2121 5126 7.
2176 5071 2378 5137 Quanta
2415 5069 2469 5121 in
2517 5065 2621 5119 Deo
2668 5065 3011 5137 benefaciendi
3050 5075 3285 5133 potestas.
3331 5068 3586 5132 Quantum

2002 5168 2183 5220 oblivio
2212 5162 2519 5227 iniuriarum
2546 5159 2746 5213 Christo
2775 5160 2839 5211 sit
2869 5158 3028 5211 cordi.
3064 5157 3183 5211 Non
3210 5162 3374 5229 gratia
3398 5162 3585 5227 solum,

2002 5261 2091 5313 sed
2118 5259 2267 5313 etiam
2303 5254 2537 5322 operibus
2593 5250 2725 5319 ﬁlios
2773 5248 2871 5303 Dei
2908 5266 3013 5302 esse
3055 5260 3272 5317 oportet.
3319 5251 3457 5306 Deus
3498 5268 3590 5307 nos

2004 5355 2117 5424 plus
2145 5366 2295 5422 quam
2326 5356 2468 5418 pater
2496 5354 2542 5397 et
2581 5352 2739 5396 mater
2766 5342 3140 5413 diligit.—Non
3169 5344 3307 5396 enim
3338 5352 3388 5398 te
3416 5352 3590 5412 potest

2005 5447 2177 5500 solum
2199 5443 2267 5497 ab
2290 5436 2659 5510 ingruentibus
2677 5433 2828 5489 malis
2849 5448 3057 5495 eruere,
3087 5433 3178 5488 sed
3202 5434 3361 5487 etiam
3389 5435 3589 5504 glorio-

2005 5553 2122 5591 sum
2149 5532 2593 5604 splendidumque
2618 5527 2860 5581 reddere.
2907 5525 3054 5579 Sicut
3082 5525 3222 5579 enim
3266 5527 3434 5580 virtus
3476 5526 3592 5595 ejus

2007 5641 2225 5698 magna,
2261 5626 2332 5679 ita
2364 5632 2445 5677 est
2473 5620 2640 5691 gloria
2671 5618 2787 5688 ejus
2828 5615 3108 5670 ineﬂ'abilis
3141 5633 3153 5668 :
3187 5624 3241 5669 et
3272 5615 3384 5669 haec
3409 5618 3589 5673 omnia

2010 5726 2259 5791 perpetua
2292 5725 2452 5779 sunt,
2497 5714 2719 5781 finisque
2758 5725 2942 5765 eorum
2986 5709 3161 5763 nullus
3201 5720 3299 5762 est.
3346 5708 3591 5764 Vidistin‘

2011 5811 2276 5882 quomodo
2307 5806 2539 5876 undique
2570 5804 2820 5859 athletam
2854 5801 3078 5866 inunxit,
3113 5799 3316 5870 ipsique
3345 5801 3593 5856 fiduciam
