4038 6364
430 367 541 424 285

431 487 665 543 indidit?
691 489 887 545 Deinde
907 532 922 553 ,
950 499 1006 544 ut
1029 488 1139 560 jam
1169 492 1274 549 dixi
1300 534 1314 555 ,
1350 500 1404 545 ut
1433 491 1683 548 ostendat
1711 507 1769 546 se
1799 492 2019 555 iniuria-

430 595 550 635 rum
597 583 1021 637 recordationem
1049 583 1278 638 maxime
1303 584 1534 638 aversari
1563 592 1616 638 et
1640 584 1764 638 odio
1793 585 1987 638 habere
2007 627 2022 648 ,

431 670 668 742 itemque
714 674 837 728 huic
879 674 1177 743 oppositam
1224 675 1471 730 virtutem
1511 675 1744 731 maxime
1787 676 2024 732 omnium

431 775 707 834 acceptam
735 765 932 822 habere
954 809 970 834 ,
1007 775 1129 837 post
1167 767 1464 822 orationem
1494 782 1678 822 rursus
1703 766 1804 823 hoc
1827 768 2024 822 bonum

436 871 570 925 opus
596 859 946 924 memoravit,
980 868 1032 913 et
1059 874 1087 911 a
1117 859 1390 928 proposito
1426 859 1789 930 supplicio,et
1829 876 1859 914 a
1897 876 2029 916 eon-

433 947 619 1004 stituto
649 949 876 1019 praemio.
896 949 1192 1010 auditorem
1239 950 1492 1006 inducens
1519 951 1586 1005 ad
1623 952 2024 1022 obsequendum

436 1037 558 1092 huic
585 1050 870 1109 praecepto.
899 1041 1030 1096 Nam
1056 1042 1130 1096 ait
1159 1060 1172 1096 :
1205 1041 1288 1098 M.
1320 1043 1380 1098 Si
1403 1044 1688 1099 dimiseritis
1717 1045 2021 1110 hominibus,

433 1133 586 1186 etiam
616 1131 775 1188 Pater
800 1145 959 1189 vester
983 1135 1192 1190 scelestis
1221 1137 1433 1190 dimittet
1457 1138 1625 1202 vobis;
1656 1137 1743 1192 15.
1776 1138 1820 1192 si
1857 1149 2026 1196 autem

434 1241 537 1278 non
561 1227 889 1293 remiseritis,
919 1244 1075 1297 neque
1099 1229 1206 1296 ipse
1241 1226 1377 1282 vobis
1405 1231 1641 1282 remittet.
1679 1227 1803 1284 Ideo
1841 1243 2026 1284 rursus

433 1315 596 1370 cmlos
627 1327 680 1372 et
708 1317 917 1373 Patrem
949 1331 1357 1383 commemorat,
1387 1329 1444 1373 ut
1463 1336 1528 1374 ex
1560 1320 1661 1374 hoc
1685 1335 1898 1391 quoque
1923 1335 2021 1374 au-

427 1400 660 1465 ditorem
693 1409 893 1478 pudore
919 1408 1136 1473 afficiat,
1169 1410 1215 1465 si
1247 1411 1376 1466 tanti
1411 1411 1582 1468 Patris
1613 1411 1752 1466 filius
1779 1427 1901 1469 cum
1932 1412 2028 1478 sit,

432 1503 577 1557 ferus
601 1500 827 1564 evadat,
857 1510 911 1556 et
937 1500 1003 1556 ad
1032 1502 1221 1557 caelum
1258 1515 1498 1570 vocatus,
1541 1512 1811 1557 terrenum
1851 1517 2024 1558 smeu-

433 1592 708 1664 laremque
733 1608 948 1648 sensum
979 1592 1187 1648 habeat.
1216 1593 1332 1648 Non
1353 1595 1494 1657 enim
1516 1595 1684 1664 gratia
1712 1594 1905 1660 solum,
1929 1594 2022 1648 sed

432 1689 594 1743 etiam
621 1686 870 1758 operibus
899 1684 1037 1742 filios
1062 1686 1153 1740 Dei
1175 1701 1294 1741 esse
1321 1695 1554 1754 oportet.
1583 1685 1727 1746 Nihil
1750 1695 1926 1741 autem
1948 1685 2027 1745 sic

435 1781 548 1835 Deo
576 1781 803 1836 similem
833 1781 995 1835 efficit
1027 1790 1082 1833 ut
1107 1779 1352 1850 malignis
1381 1790 1539 1850 atque
1565 1779 1880 1835 hedentibus
1907 1793 2026 1835 esse

431 1871 780 1944 placabilem;
809 1870 1257 1941 quemadmodum
1285 1883 1337 1925 et
1375 1881 1499 1926 ante
1523 1871 1740 1936 docuit,
1784 1886 1905 1926 cum
1945 1869 2026 1924 di-

433 1973 584 2018 ceret
627 1963 799 2032 ipsum
826 1961 998 2017 solem
1024 1978 1178 2016 suum
1207 1963 1335 2020 oriri
1366 1961 1540 2017 facere
1569 1977 1732 2032 super
1756 1962 1928 2017 malos
1972 1969 2037 2023 et.

433 2055 624 2109 bonos.
652 2054 941 2124 Pr0pterea
975 2069 1069 2122 per
1097 2053 1302 2123 singula
1334 2054 1493 2107 verba
1522 2067 1837 2108 communes
1873 2051 2024 2121 jubet

432 2147 612 2202 facere
637 2147 907 2203 orationes
925 2187 938 2210 ,
975 2145 1128 2202 Pater
1156 2156 1325 2200 noster
1353 2146 1561 2210 dicens,
1590 2157 1664 2208 et,
1701 2144 1821 2198 Fiat
1849 2144 2030 2198 uolun-

433 2249 511 2294 tas
540 2251 648 2307 tua,
675 2240 800 2292 sicut
829 2240 882 2292 in
908 2239 1052 2302 calo,
1087 2248 1134 2290 et
1160 2238 1212 2291 in
1239 2246 1418 2311 terra;
1436 2246 1508 2300 et,
1542 2235 1730 2300 Panem
1757 2236 1823 2288 da
1849 2233 1990 2288 nobis
2007 2247 2036 2304 ς,

433 2341 490 2386 et
509 2371 525 2395 ,
554 2329 768 2384 Dimitte
795 2328 936 2385 nobis
964 2329 1130 2388 debita
1155 2339 1363 2392 nostra;
1395 2337 1482 2392 et,
1518 2326 1598 2382 Ne
1626 2344 1717 2382 nos
1744 2326 1956 2381 inducas
1975 2327 2030 2380 in

434 2423 801 2485 tentationem;
836 2430 926 2487 et,
959 2419 1142 2486 Libera
1171 2437 1261 2478 nos
1292 2436 1311 2473 :
1341 2420 1526 2488 plurali
1557 2434 1656 2480 nos
1686 2434 1898 2490 semper
1926 2435 2034 2479 nu-_

436 2531 590 2572 mero
618 2517 690 2568 uti
713 2514 911 2582 jubens
931 2555 946 2580 ,
977 2524 1034 2568 ut
1065 2530 1132 2569 ne
1161 2515 1441 2582 vestigium
1466 2513 1682 2584 quidem
1711 2513 1805 2569 ira:
1843 2513 2032 2568 adver-

438 2623 530 2662 sus
559 2607 858 2677 proximum
889 2607 1239 2666 retineamus.
1273 2606 1485 2672 Quanto
1516 2605 1694 2676 itaque
1721 2605 1866 2676 digni
1898 2619 2031 2677 sup-

439 2700 600 2770 plicio
633 2697 826 2752 fuerint
871 2699 906 2754 ii
949 2696 1051 2768 qui,
1084 2707 1201 2768 post
1239 2696 1355 2754 lucc
1379 2697 1560 2754 omnia
1602 2711 1711 2750 non
1747 2695 1906 2754 modo
1931 2695 2032 2765 ipsi

441 2807 548 2846 non
578 2791 888 2853 remittunt,
916 2791 1012 2848 sed
1039 2791 1198 2846 etiam
1230 2790 1394 2844 Deum
1423 2788 1489 2842 ad
1527 2788 1815 2843 vindictam
1859 2788 2035 2842 inimi-

439 2898 625 2938 corum
657 2883 938 2947 invocant,
984 2890 1038 2937 et
1078 2881 1227 2952 quasi
1273 2897 1341 2936 ex.
1377 2881 1640 2936 diametro
1683 2879 1821 2934 hanc
1862 2879 2031 2948 legem

445 2974 928 3045 transgrediuntur,
967 2982 1026 3029 et
1063 2973 1164 3031 hoc
1191 2988 1314 3028 eum
1346 2974 1433 3027 ille
1472 2971 1604 3027 nihil
1644 2986 1752 3027 non
1793 2971 1954 3026 faciat
1981 2979 2037 3026 et

443 3076 717 3136 operetur,
763 3075 819 3121 ut
863 3081 932 3121 ne
972 3066 1172 3120 mutuis
1215 3079 1315 3119 nos
1356 3064 1592 3125 dissidiis
1633 3064 2038 3135 disjungamus?

443 3161 577 3228 Quia
601 3160 744 3216 enim
765 3159 912 3214 radix
935 3158 1458 3226 bonorum-omnium
1483 3167 1568 3213 est
1588 3159 1804 3224 caritas,
1831 3172 1898 3227 ea,
1918 3173 2040 3228 quzc

445 3253 615 3324 ipsam
657 3250 1008 3324 pessumdaut
1057 3251 1226 3320 tollit,
1270 3259 1324 3306 et
1368 3251 1602 3322 undique
1643 3266 1742 3306 nos
1788 3254 2040 3322 copulare

445 3345 648 3402 studet.
676 3345 864 3400 Nullus
890 3345 1032 3400 enim
1060 3354 1161 3408 est,
1191 3345 1371 3400 nullus
1389 3354 1558 3412 certe,
1587 3345 1701 3400 sive
1727 3355 1898 3416 pater,
1925 3345 2040 3400 sive

447 3448 643 3506 mater,
671 3438 784 3494 sive
811 3438 1015 3494 amicus
1034 3480 1049 3503 ,
1081 3439 1196 3494 sive
1218 3438 1394 3508 quivis
1419 3438 1591 3504 alius,
1619 3440 1708 3506 qui
1737 3454 1834 3494 nos
1862 3439 1933 3493 ita
1958 3438 2042 3492 di-

449 3531 664 3597 lexerit,
697 3529 865 3600 utqui
891 3529 1015 3585 fecit
1039 3545 1138 3586 nos
1179 3531 1338 3585 Deus.
1367 3530 1602 3600 llhnlque
1627 3532 1795 3600 palam
1821 3531 2041 3592 omnino

451 3631 538 3678 est
560 3631 614 3678 et
639 3637 704 3676 ex
734 3622 1005 3677 beneticiis
1034 3639 1155 3692 qua:
1181 3623 1416 3692 quotidie
1445 3622 1692 3689 confert,
1723 3633 1778 3678 et
1807 3638 1872 3677 ex
1908 3638 2044 3692 prte-

453 3713 625 3784 eeptis
651 3729 770 3782 quae
791 3714 1082 3768 constituit.
1110 3713 1262 3782 Quod
1284 3715 1328 3768 si
1350 3722 1618 3769 a-riumnas
1647 3715 1774 3768 mihi
1797 3715 2042 3785 objicias,

453 3805 500 3859 si
531 3805 743 3860 dolores
771 3817 1070 3874 cauet-aque
1101 3805 1220 3859 vitae
1251 3807 1423 3871 mala;
1454 3807 1623 3876 cogita
1655 3808 1865 3876 quantis
1893 3807 2043 3862 illum

454 3895 693 3966 quotidie
733 3895 1001 3961 offendas,
1044 3910 1217 3965 neque
1258 3897 1392 3952 ultra
1435 3897 1746 3963 miraberis,
1795 3898 1839 3952 si
1883 3898 2045 3952 etiam

457 3988 611 4060 plura
644 3989 725 4042 his
757 3988 894 4042 mala
927 3998 977 4043 te
1004 3987 1296 4053 invadant;
1326 3988 1417 4042 sed
1448 3989 1493 4043 si
1525 3989 1665 4044 bono
1691 3989 1866 4058 aliquo
1906 3989 2048 4044 frua-

457 4082 567 4147 ris,
617 4090 743 4136 tunc
786 4095 916 4135 sane
959 4089 1171 4151 stupeas
1208 4095 1272 4135 ac
1301 4081 1530 4136 mireris.
1573 4081 1724 4147 Nune
1768 4098 1926 4152 porro
1971 4084 2044 4138 ir-

458 4185 676 4230 ruentes
693 4173 1022 4228 calamitates
1043 4173 1420 4244 conspicimus,
1444 4174 1674 4230 offensas
1689 4185 1889 4241 autem,
1915 4191 2049 4246 quas

459 4269 695 4341 quotidie
721 4266 1203 4338 admittimus,_non
1230 4271 1282 4321 in
1310 4276 1545 4322 mentem
1573 4282 1826 4323 vocamus
1850 4287 1862 4323 :
1898 4269 2048 4324 ideo-

461 4375 566 4427 que
614 4359 827 4429 indigne
878 4358 1114 4413 ferimus.
1169 4358 1322 4426 Quod
1373 4358 1418 4413 si
1483 4359 1640 4414 unius
1683 4360 1788 4416 diei
1835 4371 2050 4430 peccata

462 4460 649 4507 nostra
678 4460 922 4506 accurate
949 4450 1360 4520 reeogitaremus
1381 4494 1394 4514 ,
1427 4461 1550 4509 tunc
1574 4453 1716 4507 clare
1747 4468 2058 4527 nossemus,

464 4552 788 4615 quantorum
827 4544 903 4598 rei
934 4558 1174 4599 essemus
1216 4545 1500 4598 malorum.
1529 4546 1704 4614 Atque
1743 4555 1830 4610 ut.
1875 4548 2052 4604 missis

465 4635 584 4689 aliis
612 4651 732 4706 qum
758 4637 981 4705 quisque
1011 4647 1245 4691 vestrum
1275 4637 1538 4704 admittit,
1567 4637 1655 4692 illa
1688 4649 1902 4707 peccata
1931 4655 2052 4710 qua:

465 4729 627 4784 hodie
651 4726 786 4782 facta
815 4737 938 4782 sunt
964 4744 1291 4796 recenseam,
1308 4730 1514 4784 etiamsi
1536 4745 1645 4785 non
1676 4732 1846 4785 norim
1873 4733 1924 4786 in
1948 4748 2066 4802 quo,

466 4831 704 4877 vestrum
727 4821 917 4890 singuli
949 4824 1283 4890 peccaverint
1305 4842 1318 4877 :
1343 4833 1577 4879 attamen
1607 4833 1748 4880 tanta
1790 4838 1871 4881 est
1914 4825 2059 4881 deli-.

470 4926 681 4972 ctorum
721 4914 898 4984 copia,
941 4923 998 4968 ιιι
1037 4915 1083 4969 is
1109 4916 1293 4980 etiam,
1330 4916 1418 4985 Qui
1444 4925 1692 4972 accurate
1729 4920 1904 4972 omnia
1948 4935 2054 4973 non

470 5007 658 5073 novit,
687 5005 852 5075 possit
884 5015 1065 5060 tamen
1089 5022 1154 5062 ex
1186 5007 1248 5060 iis
1277 5009 1441 5062 multa
1467 5023 1707 5078 carpere.
1757 5010 1886 5078 Quis
1928 5027 2070 5082 ergo

470 5107 711 5154 nostrum
741 5113 845 5151 non
877 5097 1055 5167 segnis
1085 5097 1178 5151 fuit
1209 5098 1259 5152 in
1299 5099 1544 5154 orando?
1580 5101 1697 5170 quis
1727 5117 1830 5156 non
1871 5103 1922 5156 in
1961 5116 2056 5156 su—

470 5190 710 5259 perbiam
752 5189 975 5243 incidit?
1011 5190 1128 5258 quis
1170 5207 1275 5244 non
1324 5193 1374 5245 in
1413 5207 1602 5258 vanam
1647 5193 1911 5264 gloriam?
1939 5197 2059 5266 quis

471 5297 581 5337 non
611 5282 678 5336 de
708 5281 882 5335 fratris
909 5281 990 5336 sui
1022 5281 1158 5335 fama
1191 5283 1460 5348 detraxit,
1505 5299 1604 5340 nec
1632 5286 1824 5340 malam
1855 5302 2056 5343 concu-

473 5373 786 5444 pisceutiam
834 5372 1079 5428 admisit?
1117 5373 1236 5443 quis
1280 5388 1384 5435 non
1430 5375 1710 5444 impudicis
1751 5379 1921 5434 oculis
1968 5395 2058 5434 re-

474 5465 691 5536 spexit?
718 5470 836 5535 quis
866 5482 972 5519 non
1004 5466 1201 5519 inimici
1230 5480 1349 5521 cum
1377 5468 1539 5521 animi
1579 5479 1726 5525 motu
1752 5471 2060 5528 recordatus

475 5559 599 5614 est?
625 5559 744 5628 quis
774 5573 878 5613 nor.
909 5575 1002 5613 cor
1030 5573 1191 5613 suum
1213 5569 1422 5616 tumore
1447 5562 1708 5632 replevit?
1737 5565 1889 5632 Quod
1929 5567 1975 5620 si
2006 5568 2057 5620 in

475 5651 700 5706 ecclesia
730 5666 850 5706 cum
879 5653 1082 5719 simus,
1112 5652 1361 5721 brevique
1400 5661 1638 5722 tempore
1681 5666 1758 5711 tot
1797 5657 2060 5713 malorum

476 5743 554 5796 rei
583 5741 706 5796 facti
736 5757 952 5808 sumus,
983 5743 1198 5813 quinam
1225 5744 1423 5810 erimus
1443 5783 1459 5809 ,
1493 5745 1614 5800 inde
1639 5748 1880 5816 egressi?
1917 5750 1962 5804 si
2006 5751 2058 5805 in

480 5845 637 5915 portu
668 5846 746 5894 tot
773 5835 959 5890 fluctus
983 5877 999 5902 ,
1038 5851 1159 5892 cum
1188 5838 1398 5909 egressi,
1425 5839 1680 5904 fuerimus
1724 5843 1775 5896 in
1812 5842 2055 5914 euripum

1164 372 1219 426 S.
1262 371 1540 430 JOANNIS
1575 373 2059 431 CHRYSOSTOMI'
2089 376 2403 435 ARCHIEP.
2443 379 2973 442 CONSTANT-INOP.

3618 391 3725 446 931

2137 495 2416 561 malorum,
2451 499 2502 552 in
2533 499 2705 555 forum
2733 501 2872 568 dico,
2895 512 2950 558 et
2979 503 3188 560 urbana.
3209 504 3441 574 negotia,
3470 503 3726 559 domesti-

2133 603 2328 659 easque
2351 607 2528 660 curas,
2560 609 2626 647 an
2658 597 2950 665 poterimus
2976 597 3061 652 vel
3093 611 3191 652 nos
3221 597 3366 666 ipsos
3391 599 3724 668 agnoscere?

2130 680 2392 742 Attamen.
2410 685 2476 738 ad
2509 695 2583 740 tot
2616 696 2864 758 tantaque
2886 689 3112 744 eluenda
3134 700 3352 759 peccata
3377 690 3728 760 compendio-

2130 789 2245 828 sam
2269 777 2426 831 nobis
2447 788 2501 832 et
2528 779 2732 835 facilem
2756 780 2910 834 nobis
2935 781 3073 836 Deus
3092 783 3230 836 viam
3259 782 3439 848 dedit,
3471 783 3727 854 omnique

2130 863 2314 921 labore
2349 882 2590 922 vacuam.
2621 869 2755 937 Quis
2793 871 2942 926 labor
2982 872 3158 937 enim,
3194 872 3438 941 iniuriam
3471 871 3726 930 inferenti

2130 958 2434 1016 dimittere?
2463 962 2639 1017 Labor
2665 965 2844 1033 utique
2872 975 2953 1019 cst
2995 965 3048 1020 in
3087 983 3194 1021 non
3223 966 3542 1022 remittendo
3566 1009 3580 1029 ,
3628 967 3726 1020 sed

2131 1051 2409 1107 retinendo
2433 1054 2792 1119 inimicitiam;
2820 1067 2874 1110 ut
2895 1072 2925 1112 e
2947 1058 3216 1112 contrario
3237 1059 3281 1112 si
3305 1061 3378 1112 ira
3402 1059 3721 1128 deponatur,

2131 1142 2183 1196 id
2224 1159 2467 1213 magnam
2510 1147 2648 1214 parit
2687 1149 3164 1218 tranquillitatem,
3199 1163 3391 1219 resque
3433 1149 3739 1205 admodum.

2129 1243 2212 1289 est
2236 1235 2432 1290 volenti
2465 1236 2651 1293 facilis.

2201 1327 2255 1384 8.
2301 1327 2511 1383 Precnri
2539 1342 2714 1384 contra
2744 1333 2972 1388 inimicos
2999 1350 3150 1403 quam
3180 1335 3318 1388 mala
3343 1334 3737 1406 rea—Neque.

2128 1421 2270 1474 enim
2297 1436 2432 1492 opus
2461 1432 2544 1476 est
2573 1425 2738 1478 maria
2770 1423 3115 1480 transfretare
3139 1467 3153 1489 ,
3185 1441 3359 1496 neque
3385 1426 3601 1498 longam
3625 1444 3737 1496 pe—_

2130 1511 2546 1582 regrinationem
2576 1515 2850 1584 suscipere
2873 1557 2888 1581 ,
2929 1532 3106 1586 neque
3134 1517 3392 1572 montium
3429 1517 3554 1588 juga
3586 1532 3726 1572 eon-

2130 1603 2422 1670 scendere,
2457 1620 2630 1667 tneque
2659 1607 2912 1675 pecunias
2941 1607 3249 1677 impendere
3269 1650 3285 1675 ,
3318 1625 3490 1679 neque
3527 1624 3743 1678 corpus.

2131 1708 2423 1758 macerare,
2447 1696 2541 1750 sed
2569 1697 2706 1752 velle
2733 1706 2935 1752 tantum
2965 1701 3189 1765 sufficit,
3218 1710 3272 1754 et
3296 1701 3474 1755 omnia
3507 1711 3730 1771 peccata

2130 1788 2430 1843 solvuntur.
2459 1789 2514 1846 Si
2545 1805 2674 1846 vero
2701 1807 2804 1845 non
2833 1793 3007 1846 solum
3038 1792 3152 1861 ipse
3190 1807 3297 1847 non
3322 1789 3595 1859 remittas,
3627 1793 3744 1848 sed.

2129 1880 2290 1939 etiam
2321 1881 2485 1938 Deum
2510 1893 2694 1942 contra
2717 1883 2867 1948 illum
2896 1884 3155 1954 preceris,
3177 1899 3337 1954 quam
3359 1894 3542 1955 postea
3568 1899 3744 1956 spent,

2139 1971 2336 2028 salutis
2357 1968 2725 2038 habebis,quo
2745 1977 2988 2039 tempore
3024 1969 3135 2026 Deo
3166 1971 3441 2040 supplicas
3458 1971 3727 2042 illumque

2139 2061 2434 2132 propitiare
2444 2060 2762 2130 cupis,tunc
2776 2060 2955 2130 ipsum
2970 2076 3326 2131 exasperans:
3351 2062 3610 2131 supplicis
3628 2064 3727 2117 ha-

2140 2153 2251 2208 bitu
2269 2151 2398 2207 fera:
2421 2167 2608 2208 vocem
2627 2152 2899 2216 entittens,
2915 2161 2969 2207 et
2996 2153 3098 2207 tela
3124 2153 3342 2223 maligni
3362 2154 3512 2208 illius
3528 2162 3726 2208 contra

2139 2246 2371 2315 teipsum
2389 2245 2665 2314 ejaculans
2678 2244 2844 2300 ‘tldeo
2861 2244 3062 2304 Paulus
3078 2261 3202 2300 cum
3220 2245 3287 2301 de
3298 2246 3550 2300 oratione
3565 2261 3722 2301 men-

2140 2341 2342 2395 tionem
2363 2337 2736 2412 faceret,‘nihil
2756 2338 2930 2408 magis
2946 2337 3252 2408 requisivit,
3273 2353 3439 2407 quam
3460 2337 3595 2408 legis
3613 2337 3720 2391 hu-

2133 2433 2224 2502 jus
2234 2432 2666 2488 observationem
2688 2450 2700 2485 :
2721 2431 2994 2496 Levantes,
3017 2430 3210 2500 inquit,
3228 2446 3390 2498 puras
3406 2446 3591 2484 manus
3605 2431 3740 2486 sine.

2135 2527 2220 2578 ira
2230 2531 2281 2578 et
2296 2523 2693 2592 disceptatione(
2705 2523 2722 2574 l
2736 2521 3101 2592 .Tim.2.8).Si
3114 2521 3260 2577 enim
3273 2537 3396 2576 cum
3413 2521 3722 2575 misericor-

2135 2612 2219 2667 dia
2249 2627 2384 2684 opus
2411 2611 2611 2678 habes,
2658 2627 2726 2666 ne
2769 2623 2893 2667 tunc
2923 2611 3135 2680 quidem
3168 2611 3300 2666 iram
3331 2610 3591 2674 remittis,
3633 2608 3730 2662 sed

2136 2703 2278 2757 illam
2309 2703 2565 2758 memoria
2595 2703 2794 2757 retines
2817 2743 2832 2765 ,
2863 2705 2963 2756 etsi
3005 2701 3144 2756 scias
3182 2711 3233 2756 te
3274 2710 3458 2754 contra
3499 2700 3751 2768 teipsum,

2135 2794 2367 2866 gladium
2400 2793 2670 2864 impellere
2691 2836 2705 2862 ,
2747 2794 2962 2864 quando
2993 2793 3190 2861 poteris
3229 2807 3350 2848 esse
3388 2791 3729 2851 misericors.

2137 2897 2193 2942 et
2220 2887 2322 2942 hoc
2350 2888 2549 2943 malum
2592 2887 2844 2956 nequitiae
2884 2901 3150 2950 venenum
3179 2885 3464 2940 evomere?
3489 2884 3641 2951 Quod
3683 2883 3738 2936 si

2139 2979 2375 3035 nondum
2415 2980 2758 3035 absurditatis
2795 2978 3016 3048 hujusce
3058 2978 3474 3049 magnitudinem
3515 2976 3731 3041 videas,

2141 3070 2370 3138 idipsum
2402 3070 2540 3140 apud
2568 3069 2814 3125 homines
2844 3068 3042 3125 factum
3063 3069 3267 3139 cogita,
3295 3077 3350 3122 et
3378 3077 3505 3122 tunc
3531 3065 3737 3120 vidi-his

2141 3162 2481 3226 contumeliae
2505 3163 2610 3216 vim
2638 3177 2902 3231 magnam.
2927 3161 2982 3217 Si
3010 3161 3152 3216 enim
3183 3169 3234 3215 te
3261 3159 3532 3213 hominem
3563 3157 3750 3226 adiret,

2142 3255 2404 3325 quispiam
2433 3255 2758 3326 supplicans,
2782 3264 2838 3309 ut
2856 3253 2974 3324 ejus
2998 3253 3323 3318 miserearis,
3351 3250 3544 3306 deinde
3563 3291 3580 3316 ,
3611 3265 3735 3303 cum

2145 3348 2292 3404 humi
2317 3356 2517 3403 stratus
2539 3347 2746 3418 jaceret
2763 3386 2779 3410 ,
2808 3346 3084 3400 inimicum
3109 3345 3314 3399 videret
3331 3383 3345 3407 ,
3369 3353 3425 3398 et
3453 3352 3504 3396 te
3529 3341 3734 3410 precari

2144 3443 2413 3508 desinens,
2447 3441 2593 3496 illum
2616 3449 2949 3510 percuteret,
2971 3454 3148 3494 annon
3173 3437 3296 3505 hinc
3323 3437 3578 3504 majorem
3603 3434 3737 3487 iram

2145 3533 2494 3603 conciperes?
2524 3532 2637 3590 Hoc
2679 3532 2850 3602 cogita
2894 3540 2949 3586 et
2987 3530 3040 3584 in
3071 3530 3181 3584 Deo
3209 3526 3472 3582 accidere.
3506 3525 3639 3579 Nam
3680 3533 3740 3578 tu

2145 3640 2356 3697 quoque
2378 3625 2504 3680 dum
2533 3625 2644 3680 Deo
2670 3623 2937 3694 supplicos
2957 3664 2972 3689 ,
3004 3621 3386 3692 supplicatione
3412 3618 3624 3673 interim
3654 3633 3742 3670 re-

2150 3719 2272 3774 licta
2292 3757 2309 3783 ,
2342 3717 2615 3772 inimicum
2641 3715 2799 3770 dictis
2825 3715 3110 3776 verberas,
3143 3720 3197 3764 et
3237 3710 3328 3764 Dei
3368 3710 3515 3779 leges
3547 3716 3741 3762 contu-

2151 3808 2306 3862 melia
2331 3807 2499 3863 aflicis
2523 3849 2538 3874 ,
2567 3807 2692 3861 dum
2723 3806 2872 3860 illum
2915 3805 3005 3874 qui
3051 3803 3167 3872 lege
3200 3801 3469 3871 praecepit,
3505 3809 3560 3852 ut
3607 3800 3757 3860 iram.

2149 3901 2408 3954 adversus
2435 3913 2529 3952 eos
2554 3899 2641 3968 qui
2685 3911 2784 3951 nos
2824 3897 3018 3966 injuria
3057 3894 3333 3948 affecerint
3370 3893 3741 3961 deponamus,

2152 3995 2400 4058 invocas,
2431 4007 2692 4062 rogasque
2721 4001 2777 4044 ut
2804 3990 3085 4061 praeceptis
3123 3989 3235 4043 suis
3269 3987 3532 4042 contraria
3563 3986 3742 4040 faciat.

2153 4086 2268 4144 Non
2295 4100 2424 4155 ergo
2453 4085 2545 4138 tibi
2573 4084 2640 4139 ad
2671 4083 2958 4138 vindictam
2989 4082 3118 4136 satis
3147 4094 3249 4145 est,
3278 4080 3421 4151 quod
3448 4080 3616 4149 legem
3651 4078 3743 4132 Dei

2154 4177 2598 4247 transgrediaris,
2631 4175 2724 4231 sed
2753 4184 2808 4230 et
2833 4176 3004 4244 ipsum
3033 4175 3132 4229 hoc
3168 4186 3224 4226 ut
3264 4172 3423 4228 faciat
3466 4171 3701 4241 precaris
3720 4171 3760 4223 ?.

2152 4267 2417 4339 Numquid
2444 4283 2632 4324 eorum
2659 4282 2776 4337 qua:
2805 4267 3056 4336 prmcepit
3084 4265 3280 4320 oblitus
3319 4265 3440 4319 est?
3487 4261 3744 4332 numquid

2155 4363 2299 4427 enim
2330 4361 2491 4431 homo
2519 4360 2715 4430 estqui
2749 4361 2863 4413 haec
2899 4357 3240 4412 dixit?.Deus
3277 4364 3392 4423 est,
3432 4356 3522 4425 qui
3565 4356 3762 4414 omnia

2158 4453 2335 4520 novit,
2373 4461 2428 4508 et
2454 4453 2542 4522 qui
2581 4451 2696 4506 vult
2723 4452 2867 4521 leges
2895 4465 3020 4505 suas
3057 4458 3307 4504 accurate
3345 4448 3545 4503 servari
3577 4466 3591 4501 :
3625 4457 3748 4500 tan-

2161 4558 2380 4616 unnque
2401 4545 2556 4600 abest
2581 4554 2638 4598 ut
2665 4542 2823 4598 faciat
2849 4543 2935 4597 illa
2961 4558 3079 4611 qua:
3107 4540 3346 4612 postulas
3364 4581 3382 4608 ,
3414 4550 3472 4594 ut
3500 4540 3662 4594 etiam
3697 4551 3750 4594 te

2156 4640 2391 4711 quihaac
2417 4639 2550 4694 dicis
2576 4679 2591 4703 ,
2634 4647 2836 4692 tantum
2866 4636 2988 4706 quia
3026 4635 3162 4690 dicis
3189 4644 3488 4700 aversetur,
3516 4633 3752 4702 odioque

2160 4732 2368 4798 habeat,
2387 4738 2786 4798 extremamque
2805 4728 2901 4782 abs
2924 4737 2974 4782 te
2995 4742 3205 4796 pmnam
3228 4735 3452 4796 repetat.
3468 4724 3766 4794 Quomodo,

2159 4827 2319 4898 igitur
2363 4826 2431 4880 ab
2473 4825 2564 4879 illo
2601 4823 2853 4893 consequi
2885 4811 3120 4892 postulas
3148 4836 3209 4876 ea
3248 4835 3367 4889 qua:
3396 4833 3606 4874 summo
3633 4829 3752 4871 stu-

2159 4917 2249 4979 dio
2271 4918 2438 4972 vitare
2464 4919 2578 4986 ipse
2601 4915 2878 4986 praecipit?
2900 4913 3005 4969 Sed
3031 4912 3244 4982 quidam
3274 4920 3398 4965 sunt
3425 4910 3513 4980 qui
3539 4909 3604 4963 ad
3633 4918 3753 4962 tan-

2158 5019 2267 5064 tam
2315 4995 2602 5064 amentiam
2651 5014 3059 5076 processerunt,
3107 5013 3167 5057 ιιι
3213 5019 3317 5058 non
3361 5003 3520 5056 modo
3563 5010 3752 5056 Contra

2162 5101 2409 5157 inimicus
2437 5109 2738 5170 precentur,
2767 5098 2860 5153 sed
2886 5098 3046 5152 etiam
3077 5095 3198 5149 filiis
3226 5095 3460 5164 ipsorum
3490 5094 3625 5148 mala
3658 5096 3733 5148 im

2164 5203 2468 5264 precentur,
2499 5201 2659 5261 atque
2687 5191 2849 5245 etiam
2876 5190 2920 5243 si
2949 5189 3132 5242 liceret
3160 5187 3394 5257 ipsorum
3423 5201 3611 5240 carnes
3646 5184 3754 5240 de-

2162 5298 2377 5360 gustare
2403 5286 2632 5350 vellent,
2663 5285 2769 5338 imo
2799 5292 2854 5336 ct
2881 5283 3181 5352 degustent.
3224 5278 3300 5334 Ne
3343 5278 3470 5332 mihi
3511 5278 3748 5337 dixeris,

2165 5390 2216 5434 te
2242 5378 2431 5434 dentes
2457 5391 2563 5431 non
2595 5375 2835 5430 infixisse
2863 5374 2914 5427 in
2941 5388 3134 5441 corpus
3155 5371 3270 5442 ejus
3297 5371 3383 5440 qui
3417 5369 3552 5424 laesit
3582 5386 3594 5421 :
3625 5383 3754 5428 nam

2164 5472 2334 5528 multo
2358 5469 2610 5532 ferocius,
2639 5477 2895 5538 quantum
2924 5467 2975 5519 in
3006 5476 3056 5518 te
3087 5463 3182 5518 fuit
3205 5507 3220 5525 .
3253 5465 3304 5518 in
3333 5463 3479 5517 illutn
3510 5462 3753 5520 szeviisti.

2165 5581 2358 5635 rogans
2381 5563 2614 5632 desuper
2639 5563 2770 5616 iram
2803 5563 2852 5614 in
2887 5559 3032 5612 illum
3077 5558 3324 5624 immitti,
3368 5565 3424 5611 et
3464 5554 3754 5609 immortali

2168 5657 2302 5712 tradi
2345 5655 2638 5726 supplicio,
2683 5669 2912 5723 cumque
2973 5661 3084 5707 tota
3123 5650 3284 5705 domo
3322 5649 3509 5703 everti.
3549 5648 3756 5716 Quibus

2169 5749 2282 5802 lucc
2308 5747 2572 5802 morsibus
2617 5745 2858 5816 graviora
2901 5759 3004 5798 non
3052 5743 3214 5797 sunt?
3255 5740 3448 5812 quibus
3486 5740 3602 5795 telis
3644 5755 3754 5792 non

2171 5839 2480 5899 acerbiora?
2522 5839 2639 5896 Non
2673 5841 2785 5895 haec
2815 5847 2866 5895 te
2895 5837 3072 5894 docuit
3098 5835 3383 5903 Christus;
3421 5850 3527 5890 non
3570 5831 3646 5888 sic
3693 5847 3757 5892 ιδ

2423 5981 2493 5999 ν
2504 5955 2675 5986 .-.v"'"‘""‘
2704 5974 2708 5976 -
