4038 6364
320 340 426 398 9.85

319 464 602 509 cruentare
640 454 817 524 jussit.
866 454 998 509 Nam
1043 454 1348 525 hujusmndi
1390 455 1583 525 linguae
1625 452 1913 508 cruentatis

320 547 558 600 humano
597 549 854 617 sanguine
898 549 1081 603 buccis
1119 558 1244 602 sunt
1274 548 1590 604 deteriores.
1633 546 1912 614 Quomodo

320 640 482 709 igitur
512 640 729 695 fratrem
759 643 1141 712 amplecteris?
1166 642 1434 711 quomodo
1458 640 1775 695 sacrificium
1800 651 1913 694 tan—

319 732 449 799 ges?
470 732 739 801 quomodo
766 734 1075 802 sanguinem
1103 733 1425 786 dominicum
1455 731 1779 801 degustabis,
1804 739 1912 783 tam

318 822 496 876 dirum
525 825 705 877 animo
734 841 994 879 venenum
1024 825 1286 879 servans?
1324 824 1546 891 Quando
1573 823 1715 878 enim
1745 823 1877 877 dicis
1896 863 1911 883 ,

321 916 578 985 Discerpe
608 918 786 983 illum,
820 918 937 987 ejus
961 919 1175 972 domum
1207 928 1421 982 everte,
1449 918 1625 971 omnia
1656 915 1835 983 perde,
1862 923 1917 969 et

317 1010 482 1064 exitia
506 1011 651 1065 mille
677 1012 990 1079 imprecaris
1010 1053 1024 1075 ,
1054 1009 1184 1063 nihil
1210 1012 1277 1064 ab
1300 1009 1563 1064 homicida
1589 1008 1792 1075 dilfers,
1818 1022 1916 1061 nec

314 1115 345 1153 a
376 1100 490 1154 fera
520 1102 779 1156 humanas
807 1117 997 1156 carnes
1024 1111 1268 1155 vorante.

391 1192 445 1247 9.
479 1193 631 1247 Hunc
654 1196 829 1262 itaque
851 1194 1095 1247 morbum
1122 1193 1453 1263 deponamus
1477 1201 1635 1260 atque
1659 1190 1914 1253 furorem,

320 1292 375 1337 et
408 1284 837 1339 benevolentiam
861 1327 875 1349 ,
923 1294 979 1337 ut
1017 1285 1214 1354 jussit,
1260 1282 1605 1337 exhibeamns
1635 1296 1757 1348 erga
1798 1280 1917 1332 illos

321 1376 410 1443 qui
448 1390 548 1429 nos
578 1376 862 1440 laaserunt,
908 1384 966 1429 ut
1005 1376 1206 1429 similes
1237 1375 1403 1428 simus
1433 1374 1605 1427 Patris
1636 1372 1801 1425 nostri
1829 1371 1917 1438 qui

320 1466 374 1519 in
398 1467 547 1520 caelis
573 1475 677 1522 est.
711 1469 1049 1536 Deponemus
1077 1478 1254 1521 autem
1276 1508 1291 1531 ,
1322 1466 1367 1520 si
1413 1474 1626 1534 peccata
1658 1473 1835 1517 nostra
1866 1462 1916 1515 in

317 1561 636 1613 memoriam
671 1574 1020 1623 revocemus;
1063 1559 1108 1613 si
1138 1559 1330 1612 delicta
1359 1557 1540 1610 omnia
1569 1566 1750 1609 nostra
1794 1553 1917 1607 dili-

318 1662 510 1717 genter
538 1653 942 1717 examinemus,
970 1666 1088 1719 quae
1119 1652 1288 1714 intus,
1321 1665 1439 1718 qure
1482 1647 1611 1701 foris
1635 1688 1651 1711 ,
1700 1662 1818 1715 qua:
1866 1646 1916 1697 in

320 1724 456 1807 fori),
494 1759 613 1812 quae
643 1744 694 1796 in
723 1742 967 1796 ecclesia.
998 1741 1127 1795 Nam
1163 1741 1207 1795 si
1249 1756 1354 1793 non
1398 1740 1554 1792 aliam
1586 1739 1654 1792 ob
1681 1752 1916 1794 causam.

320 1832 389 1886 ob
416 1832 799 1902 negligentiam
829 1842 1003 1885 tamen
1026 1874 1042 1899 ,
1074 1846 1232 1900 quam
1266 1832 1350 1885 hic
1379 1830 1713 1893 exhibemus,
1740 1838 1918 1881 extre-

320 1924 424 1976 mis
450 1922 599 1992 digni
630 1938 814 1977 sumus
843 1924 1034 1992 pinnis.
1068 1922 1199 1976 Nam
1229 1921 1502 1991 prophetis
1531 1920 1881 1989 psallentibus
1901 1960 1916 1982 ,

318 2018 582 2085 apostolis
628 2017 863 2087 hymnos
909 2015 1260 2079 canentibus,
1308 2016 1413 2068 Deo
1458 2014 1744 2082 loquente,
1793 2011 1919 2065 foris

320 2124 604 2176 vagamur,
637 2120 691 2163 et
721 2110 1057 2162 saecularium
1090 2124 1269 2161 rerum
1303 2105 1585 2160 tumultum
1624 2104 1675 2157 in
1716 2117 1813 2157 nos
1842 2103 1919 2155 in-

320 2201 567 2255 ducimus
591 2219 604 2265 ;
637 2217 811 2271 neque
839 2211 1042 2255 tantum
1071 2201 1263 2270 quietis
1289 2209 1343 2254 et
1370 2198 1567 2253 silentii
1607 2196 1920 2251 adhibemus

321 2294 390 2347 ad
416 2294 514 2348 Dei
543 2295 688 2364 leges
712 2294 1005 2348 audiendas
1029 2336 1044 2361 ,
1076 2301 1333 2363 quantum
1366 2293 1419 2345 in
1462 2289 1685 2344 theatris
1714 2299 1920 2357 specta-

323 2394 474 2441 tores
523 2387 812 2453 adhibent,
860 2387 986 2441 dum
1039 2384 1396 2456 imperatoriae
1442 2385 1608 2438 litera:
1654 2382 1917 2452 leguntur.

320 2478 437 2534 Illic
464 2481 609 2534 enim
638 2490 691 2535 et
717 2480 964 2534 consules
993 2489 1046 2534 et
1072 2476 1338 2547 prmfeeti,
1380 2486 1430 2530 et
1472 2485 1689 2529 senatus
1728 2482 1781 2527 et
1822 2488 1920 2542 po-

325 2571 485 2641 pulus
513 2580 657 2624 stant
686 2585 874 2625 omnes
902 2586 1023 2625 eum
1050 2569 1231 2639 quiete
1257 2567 1434 2622 omnia
1460 2566 1765 2629 audientes;
1794 2572 1849 2618 et
1875 2564 1919 2616 si

323 2660 445 2732 quis
474 2661 615 2715 inter
641 2662 805 2714 altum
836 2660 967 2714 illud
998 2660 1269 2714 silentium
1300 2666 1520 2727 repente
1545 2656 1785 2709 insiliens
1813 2656 1921 2709 cla-

322 2753 590 2816 maverit,
640 2761 822 2820 utpote
850 2752 939 2821 qui
986 2749 1363 2819 Imperatorem
1409 2748 1600 2815 injuria
1644 2745 1918 2806 alfecerit,

322 2854 597 2900 extremas
626 2844 726 2898 luit
763 2858 948 2913 poenas
982 2859 995 2896 :
1027 2842 1113 2897 hic
1140 2857 1267 2896 vero
1302 2842 1430 2895 dum
1457 2840 1697 2894 crelestes
1726 2838 1827 2891 illae
1856 2837 1912 2889 li-

324 2946 455 2992 tera?
483 2938 754 3011 leguntur,
784 2938 984 2991 multus
1010 2936 1245 3006 undique
1273 2936 1444 2989 oritur
1477 2933 1762 2995 tumultus,
1800 2945 1921 2984 cum

322 3033 370 3087 is
395 3038 485 3104 qui
513 3034 697 3089 literas
724 3029 892 3097 misit,
937 3028 1095 3098 longe
1136 3026 1306 3096 major
1346 3024 1416 3079 sit
1462 3023 1823 3093 lmperatore,
1868 3028 1923 3075 et

322 3125 595 3181 theatrum
624 3123 990 3179 honorabilius
1013 3141 1025 3176 :
1048 3137 1152 3176 non
1184 3120 1341 3174 modo
1369 3116 1511 3171 enim
1544 3115 1807 3179 homines,
1836 3113 1929 3169 sed

322 3230 379 3276 et
402 3219 580 3290 angeli
605 3219 849 3283 adstant;
879 3226 932 3272 et
954 3215 1189 3270 victoria:
1215 3214 1453 3284 praemia,
1483 3227 1601 3280 quae
1630 3209 1777 3263 hisce
1804 3209 1924 3262 lite-

322 3316 401 3368 ris
439 3315 771 3377 nuntiantur,
803 3313 960 3381 longe
991 3310 1190 3379 majora
1222 3307 1447 3362 terrenis
1476 3305 1581 3359 illis
1617 3302 1920 3372 triumphis.

323 3407 664 3476 Quapropter
692 3422 797 3459 non
832 3405 1078 3458 homines
1106 3411 1305 3456 tantum
1331 3440 1345 3464 ,
1377 3397 1469 3453 sed
1509 3406 1562 3451 et
1586 3396 1794 3466 angeli,
1840 3408 1923 3447 ar-

324 3500 605 3571 changeli,
651 3511 705 3555 ct
745 3498 990 3554 caelestes
1030 3496 1249 3565 populi,
1283 3503 1337 3548 et
1365 3499 1627 3561 quotquot
1664 3489 1825 3543 etiam
1871 3488 1923 3542 in

326 3602 471 3645 terra
519 3600 679 3653 sunt,
730 3590 950 3643 laudare
990 3587 1244 3657 jubentur
1291 3602 1303 3638 :
1352 3582 1671 3647 Benedicite,
1718 3579 1921 3648 inquit,

324 3682 582 3748 Domino,
624 3682 795 3735 omnia
822 3697 974 3749 opera
1018 3680 1129 3749 ejus
1170 3676 1190 3747 (
1217 3676 1357 3731 Psal.
1389 3675 1511 3729 102.
1542 3670 1676 3743 2‘2);
1711 3671 1926 3725 Etenim

327 3790 439 3827 non
468 3774 658 3842 exigua
683 3779 807 3825 sunt
830 3772 916 3825 illa
944 3786 1063 3839 qua:
1093 3768 1236 3830 fecit,
1261 3766 1353 3821 sed
1378 3779 1589 3818 omnem
1620 3776 1922 3816 sermonem

324 3876 606 3934 superant,
634 3875 793 3935 atque
824 3872 1056 3919 mentem
1086 3860 1595 3931 intelligentiamque
1618 3856 1922 3909 humanam.

325 3960 399 4013 Et
427 3958 544 4011 hac
573 3956 809 4026 quotidie
838 3954 1127 4025 praedicant
1156 3951 1432 4024 propheta:
1452 3992 1466 4015 ,
1496 3949 1708 4004 diverse
1734 3947 1925 4016 singuli

326 4050 675 4123 splendidum
705 4048 833 4103 illud
862 4058 1119 4118 tropreum
1149 4046 1512 4103 celebrantes.
1537 4043 1667 4096 Nam
1698 4042 1783 4096 hic
1808 4041 1879 4094 ait
1910 4060 1921 4094 :

326 4141 619 4197 Ascendens
649 4141 701 4194 in
729 4145 889 4193 altum
918 4138 1166 4208 captivam
1196 4136 1387 4190 duxisti
1429 4135 1799 4203 captivitatem,
1842 4148 1925 4184 ce-

330 4235 451 4303 pisti
482 4234 621 4287 dona
650 4234 703 4285 in
733 4231 1016 4284 hominibus
1044 4226 1233 4301 (Psal.
1265 4227 1351 4282 67.
1388 4226 1452 4280 19
1479 4227 1495 4295 )
1522 4242 1535 4290 ;
1560 4234 1645 4289 et,
1682 4222 1927 4275 Dominus

329 4327 478 4394 fortis
501 4335 550 4379 et
579 4334 754 4395 potens
780 4324 831 4375 in
865 4323 1040 4392 praelia
1081 4320 1252 4389 (Psal.
1289 4320 1379 4373 25.
1406 4318 1483 4387 8).
1509 4317 1604 4371 Hic
1626 4331 1752 4369 vero
1776 4315 1923 4378 dicit,

331 4417 399 4471 Et
427 4417 638 4488 fortium
674 4413 859 4467 dividet
885 4414 1047 4483 spolia
1076 4411 1242 4482 (Isai.
1277 4412 1367 4465 55.
1400 4408 1523 4480 12).
1561 4407 1642 4462 Ad
1665 4410 1765 4461 hoc
1786 4406 1927 4460 enim

328 4508 479 4563 venit
504 4550 518 4572 ,
550 4517 611 4561 ut
641 4506 956 4576 przedicaret
980 4505 1203 4573 captivis
1228 4501 1600 4557 remissionem
1623 4542 1638 4566 ,
1680 4508 1733 4553 et
1772 4498 1930 4552 eteeis

332 4600 477 4652 visus
500 4598 920 4659 restitutionem,
947 4606 999 4648 et
1022 4595 1087 4649 de
1114 4595 1249 4648 victa
1276 4600 1446 4646 morte
1474 4588 1777 4661 triumphali
1800 4604 1929 4641 voce

327 4690 566 4759 jubilans
620 4688 834 4744 dicebat
868 4707 880 4741 :
916 4687 1012 4741 Ubi
1038 4695 1144 4750 est,
1191 4702 1360 4750 mors,
1389 4684 1597 4736 victoria
1646 4680 1774 4734 tua?
1807 4678 1926 4744 ubi,

332 4782 550 4852 inferne,
582 4780 820 4833 stimulus
847 4788 960 4832 tuus
985 4779 1069 4848 (1.
1098 4779 1213 4831 Cor.
1244 4778 1330 4831 15.
1357 4775 1503 4845 55)?
1533 4774 1684 4827 Alius
1715 4787 1927 4826 rursum

335 4872 655 4941 profundam
695 4886 880 4940 pacem
911 4870 1282 4940 evangelizans
1312 4867 1523 4931 dicebat
1555 4884 1566 4918 :
1600 4861 1930 4934 Confringent

335 4964 533 5034 gladios
564 4980 684 5016 suos
712 4964 765 5015 in
792 4972 963 5015 aratra
982 5004 996 5027 ,
1029 4971 1074 5015 et
1105 4962 1307 5015 lanceas
1335 4976 1453 5013 suas
1480 4958 1532 5010 in
1563 4956 1718 5027 falces
1757 4953 1824 5023 (1
1832 4954 1925 5005 sai.

334 5059 388 5111 ἓ.
418 5060 473 5109 Δ.
517 5056 641 5110 Joel
691 5057 743 5110 5.
776 5053 898 5125 10).
930 5054 994 5108 Ει
1020 5054 1106 5107 hic
1133 5053 1346 5123 quidem
1377 5050 1670 5105 Jerusalem
1698 5048 1772 5099 sic
1800 5045 1933 5097 alio-

338 5152 513 5220 quitnr
545 5166 558 5200 :
591 5147 791 5203 Laetare
821 5147 1054 5213 multum,
1090 5147 1199 5215 ﬁlia
1227 5146 1353 5200 Sion
1378 5187 1394 5211 ,
1415 5144 1535 5212 quia
1562 5158 1671 5195 ecce
1702 5156 1791 5193 rex
1819 5148 1931 5191 tuus

1414 343 1477 397 iN
1516 340 1918 397 MATTUA‘ZUM
1959 338 2189 393 ῙῘΟΜΙΙ...
2234 338 2348 392 XX.
2391 340 2460 394 al.
2506 339 2650 394 XXI.

3497 339 3599 393 286

2025 453 2154 505 venit
2184 453 2272 505 tibi
2300 462 2583 505 mansuetas
2604 494 2616 515 ,
2661 452 2837 505 sedens
2874 468 3025 521 super
3061 452 3379 523 subjugalem
3409 461 3461 505 et
3483 454 3602 523 pul-

2019 542 2126 596 lum
2155 542 2405 595 novellum
2434 542 2693 611 (Zacltar.
2727 543 2778 597 9.
2812 544 2901 611 9‘).
2954 544 3104 597 Alius
3144 558 3271 597 vero
3312 546 3601 599 secundum

2019 632 2136 701 ejus
2165 634 2452 687 adventum
2487 635 2741 702 prmdicat
2766 634 2849 688 his
2877 634 3051 689 verbis
3081 652 3092 685 :
3135 633 3309 688 Veniet
3335 633 3604 700 Dominus,

2019 740 2165 790 quem
2204 739 2291 777 vos
2330 726 2587 794 qua'ritis,
2634 735 2681 778 et
2723 726 2832 794 quis
2875 725 3133 779 sustinebit
3179 726 3309 778 diem
3350 726 3605 796 ingressus

2019 817 2127 884 ejus
2147 818 2173 868 ?
2201 815 2466 871 Exsultate
2491 818 2619 869 sicut
2649 818 2791 870 vituli
2820 834 2852 870 a
2877 818 3087 872 vinculis
3108 817 3322 871 absoluti
3349 818 3599 887 (Malaclt.

2019 907 2072 961 5.
2095 910 2142 963 1.
2164 908 2217 960 2.
2236 917 2281 962 et
2305 910 2359 964 4.
2379 909 2455 979 2).
2486 908 2552 962 Et
2570 909 2708 963 alter
2732 925 2913 964 rursus
2932 909 2997 963 de
3024 909 3105 963 his
3127 909 3602 979 obstupescensdi-

2019 1003 2173 1056 Cebat
2202 1020 2215 1055 :
2250 1002 2347 1055 Hic
2380 1013 2449 1055 est
2488 1001 2628 1057 Deus
2653 1014 2819 1055 noster
2835 1019 2854 1066 ;
2884 1020 2973 1056 nec
3000 1003 3313 1071 reputabitur
3340 1003 3468 1055 alter
3492 1019 3606 1054 cum

2020 1093 2111 1146 illo
2136 1094 2154 1164 (
2170 1092 2373 1147 Βαταεή
2407 1094 2459 1146 5.
2495 1091 2621 1164 56).
2647 1094 2894 1148 Attamen
2916 1108 3035 1148 eum
3062 1093 3176 1148 haec
3196 1102 3248 1147 et
3268 1092 3434 1147 multo
3458 1093 3606 1161 plura

2020 1186 2283 1251 dicantur,
2320 1202 2443 1241 cum
2473 1202 2570 1254 par
2605 1196 2746 1240 esset
2787 1185 3039 1249 horrere,
3086 1194 3141 1239 et
3180 1194 3365 1253 putare
3413 1200 3512 1238 nus
3555 1185 3604 1237 in

2023 1292 2161 1333 terra
2193 1294 2296 1333 non
2328 1294 2476 1341 esse;
2522 1278 2669 1347 quasi
2716 1279 2766 1331 in
2817 1277 2993 1331 medio
3037 1275 3153 1330 foro
3196 1276 3603 1341 tumultuamur,

2024 1372 2317 1437 turbamus,
2343 1371 2410 1425 de
2431 1372 2494 1426 iis
2516 1388 2633 1441 qua:
2660 1371 2788 1424 nihil
2811 1370 2876 1423 ad
2902 1385 2998 1424 nos
3021 1378 3263 1439 spectant
3288 1370 3606 1439 garrientes,

2025 1473 2190 1517 totum
2223 1465 2540 1517 insumimus
2569 1463 2809 1517 collecta:
2840 1472 3065 1529 tempus.
3102 1460 3233 1516 Cum
3266 1461 3443 1530 itaque
3472 1472 3526 1513 et
3556 1460 3606 1512 in

2023 1557 2225 1626 exiguis
2250 1566 2304 1611 et
2334 1557 2383 1610 in
2414 1557 2651 1625 magnis,
2683 1564 2737 1609 et
2773 1555 2823 1607 in
2852 1554 3037 1607 auditu
3063 1563 3119 1607 et
3149 1554 3199 1607 in
3230 1562 3371 1613 actu,
3401 1562 3454 1606 et
3481 1551 3609 1605 foris

2023 1660 2076 1703 et
2120 1650 2254 1703 intra
2299 1649 2619 1712 ecclesiam,
2663 1648 2733 1700 ita
2773 1649 2937 1700 simus
2974 1645 3215 1710 desides,
3256 1652 3451 1712 praeter
3495 1641 3608 1696 haec

2023 1742 2200 1795 omnia
2228 1740 2389 1794 etiam
2419 1748 2604 1793 contra
2633 1738 2876 1791 inimicos
2921 1752 3200 1805 precemur
3228 1755 3240 1789 :
3275 1734 3416 1789 unde
3457 1748 3607 1802 Spem

2023 1837 2210 1889 salutis
2240 1834 2555 1889 habebimus
2579 1875 2593 1894 ,
2640 1848 2760 1886 eum
2793 1840 2870 1884 tot
2899 1828 3423 1898 tantisquerpeccatis
3452 1826 3607 1881 addi-

2025 1939 2317 1983 tamentum
2344 1926 2486 1980 aliud
2513 1924 2907 1995 gravissimum,
2936 1938 3029 1990 par
3056 1921 3340 1989 prioribus,
3367 1920 3601 1988 iniquam

2023 2034 2216 2088 nempe
2244 2018 2384 2071 illam
2413 2017 2708 2070 orationem
2734 2012 3085 2083 adjiciamus?
3124 2013 3205 2065 An
3238 2026 3366 2079 ergo
3406 2012 3607 2063 miran-

2023 2113 2148 2167 dmn
2174 2155 2188 2178 ,
2231 2112 2277 2166 si
2302 2111 2426 2180 quid
2468 2109 2622 2163 nobis
2649 2109 2770 2162 mali
2800 2109 3214 2175 inexspectatum
3246 2103 3457 2169 accidit,
3486 2118 3607 2157 cum

2023 2216 2205 2261 contra
2237 2205 2534 2258 mirandum
2565 2214 2705 2257 esset
2734 2203 2778 2256 si
2819 2218 2922 2255 non
2961 2199 3252 2254 acciderit?
3292 2197 3423 2252 Illud
3466 2197 3610 2252 enim

2025 2314 2087 2351 ex
2117 2296 2494 2364 consequentia
2530 2310 2706 2348 rerum
2737 2302 2857 2357 est;
2890 2292 2991 2345 hoc
3015 2300 3191 2345 autem
3232 2298 3426 2359 praeter
3451 2292 3611 2344 ratio-

2026 2406 2146 2443 nem
2171 2398 2225 2443 et
2247 2388 2700 2457 eXSpectationem
2724 2395 2884 2439 esset.
2903 2385 3107 2438 Etenim
3128 2396 3323 2452 praeter
3350 2386 3607 2439 rationem

2024 2490 2201 2547 esset,
2241 2481 2486 2535 initnicos
2518 2480 2614 2533 Dei
2647 2479 2898 2540 effectos,
2945 2478 3199 2548 illumque
3230 2479 3293 2531 ad
3328 2479 3458 2530 iram
3492 2494 3612 2547 pro-

2025 2584 2277 2628 vncantes
2296 2573 2409 2627 sole
2432 2570 2530 2626 frui
2549 2583 2602 2625 et
2624 2572 2819 2643 pluviis
2839 2571 3064 2641 aliisque
3078 2572 3345 2637 omnibus,
3370 2569 3612 2624 homines

2026 2667 2355 2721 immanitate
2402 2666 2542 2719 feras
2582 2674 2936 2733 superantes,
2981 2672 3036 2717 et
3077 2662 3211 2716 alios
3254 2670 3437 2715 contra
3480 2660 3612 2714 alios

2025 2769 2264 2824 Stantes,
2310 2772 2372 2812 ac
2404 2758 2627 2826 proximi
2662 2758 2739 2811 sui
2786 2771 2965 2810 morsu
3008 2755 3187 2809 laniati
3229 2754 3483 2821 sanguine
3513 2752 3613 2804 lin-

2023 2868 2181 2923 guam
2212 2860 2594 2911 cruentantes;
2631 2861 2747 2920 post
2776 2865 3013 2904 mensam
3058 2849 3198 2903 illam
3244 2847 3568 2915 spiritualem
3594 2885 3609 2905 ,

2025 2955 2078 2999 et
2108 2954 2185 3000 tot
2228 2942 2486 2999 beneficia
2510 2985 2524 3009 ,
2552 2946 2938 3011 innumeraque
2965 2950 3250 3010 praecepta.
3287 2939 3410 2991 Haec
3439 2938 3613 3007 itaque

2027 3044 2351 3115 cogitantes,
2393 3040 2543 3093 virus
2578 3052 2889 3092 evomamus
2912 3079 2927 3102 ,
2973 3035 3241 3089 solvamus
3275 3033 3607 3095 inimicitias,

2026 3147 2079 3191 et
2106 3150 2310 3206 preces,
2339 3149 2459 3204 quae
2484 3142 2859 3187 consentaneae
2890 3128 3041 3182 nobis
3066 3128 3192 3194 sint,
3222 3126 3523 3189 fundamus,
3551 3140 3613 3179 ae

2028 3235 2144 3289 vice
2171 3233 2516 3288 dmniniiiaem
2548 3227 2686 3283 illius
2715 3226 2940 3280 feritatis
2966 3222 3277 3293 angelorum
3308 3229 3615 3275 mansuetu~

2027 3328 2204 3382 dinem
2232 3339 2564 3380 assumamus
2593 3340 2607 3376 :
2639 3332 2693 3377 et
2727 3319 3168 3389 quantiscumque
3206 3315 3412 3383 injuriis
3450 3313 3616 3365 simus

2028 3421 2236 3489 affecti,
2283 3434 2401 3489 qure
2447 3419 2683 3486 ipsorum
2726 3422 2852 3471 sunt
2895 3419 3074 3464 nostra
3119 3423 3240 3463 esse
3282 3406 3612 3476 cogitantes,

2030 3529 2237 3567 necnon
2278 3511 2579 3566 mercedem
2620 3508 2773 3562 nobis
2820 3520 2917 3575 pro
2963 3503 3064 3557 hoc
3093 3508 3304 3555 servato
3347 3505 3616 3568 praecepto

2030 3605 2349 3675 repositam.
2391 3602 2641 3656 sedemus
2671 3601 2836 3661 iram,
2888 3596 3077 3649 ﬂuctus
3119 3591 3513 3662 reprimamus,
3561 3596 3615 3640 ut

2031 3704 2348 3766 praesentem
2390 3694 2554 3748 vitam
2595 3694 2711 3745 sine
2752 3686 3152 3760 perturbatione
3184 3682 3517 3743 emetiamur,
3564 3687 3619 3732 et

2031 3788 2156 3841 illuc
2180 3785 2521 3840 advenientes
2550 3783 2708 3836 talem
2736 3779 3076 3848 experiamur
3102 3774 3403 3837 Dominum,
3436 3771 3618 3841 quales

2031 3894 2129 3933 nos
2157 3892 2281 3948 erga
2309 3888 2598 3931 conservos
2625 3872 2900 3927 fuerimus.
2929 3866 3082 3936 Quod
3123 3868 3167 3921 si
3208 3880 3371 3936 grave
3396 3863 3528 3918 illud
3565 3874 3619 3917 et

2031 3971 2273 4025 terribile
2302 3971 2391 4033 sit,
2416 3968 2533 4022 leve
2555 3965 2781 4035 idipsum
2803 3972 2857 4018 et
2883 3958 3237 4017 desiderabile
3263 3956 3535 4017 faciamus,
3566 3962 3620 4008 et

2030 4065 2335 4135 splendidas
2374 4061 2581 4117 ﬁducia:
2607 4074 2733 4129 erga
2766 4058 2913 4110 illum
2943 4064 3140 4108 nostrae
3180 4051 3371 4122 januas
3404 4046 3617 4117 aperia-

2032 4176 2184 4223 mus;
2230 4174 2293 4213 ac
2335 4156 2474 4227 quod
2523 4171 2627 4208 non
2662 4155 2933 4222 potuimus
2970 4146 3184 4216 assequi
3228 4141 3546 4199 abstinendo
3587 4157 3617 4193 a

2034 4251 2297 4322 peccatis,
2351 4250 2451 4301 hoc
2484 4260 2833 4314 assequamur
2873 4257 2967 4311 per
3015 4237 3477 4293 mansuetudinem
3519 4246 3620 4286 no-

2032 4356 2196 4403 stram
2226 4359 2349 4413 erga
2380 4357 2473 4396 eos
2502 4340 2591 4410 qui
2620 4340 2670 4393 in
2700 4352 2798 4391 nos
2827 4339 3211 4405 peccaverunt;
3263 4345 3432 4399 neque
3473 4327 3619 4382 enim

2029 4455 2191 4509 grave
2228 4437 2353 4491 illud
2395 4435 2476 4489 vel
2521 4433 2800 4487 molestum
2840 4438 2951 4494 est;
3001 4442 3064 4481 ac
3098 4424 3353 4480 beneficia
3390 4419 3620 4476 inimicis

2035 4531 2228 4586 nostris
2255 4528 2613 4591 conferentes,
2646 4524 2867 4577 muitam
2906 4518 3059 4573 nobis
3085 4516 3431 4571 conciliemus
3458 4514 3618 4566 mise-

2034 4624 2337 4681 ricordiam.
2371 4624 2458 4675 Sic
2488 4622 2627 4674 enim
2670 4627 2724 4671 et
2769 4617 2820 4670 in
2850 4612 3097 4684 praisenti
3137 4611 3246 4665 vita
3276 4610 3342 4663 ab
3370 4607 3620 4663 omnibus

2033 4717 2346 4779 atuabimur,
2396 4721 2448 4766 et
2492 4727 2598 4781 prie
2641 4707 2851 4763 carteris
2894 4703 3141 4758 omnibus
3181 4703 3319 4756 Deus
3363 4701 3476 4770 ipse
3522 4713 3621 4753 nos

2034 4792 2233 4864 amabit
2259 4819 2314 4861 et
2342 4805 2622 4860 coronabit
2669 4821 2681 4856 :
2725 4814 2929 4870 nosque
2957 4797 3149 4852 futuris
3175 4791 3421 4849 omnibus
3464 4792 3620 4847 bouis

2033 4900 2337 4972 dignabitur
2385 4916 2397 4950 :
2449 4913 2568 4967 quae
2613 4895 2811 4948 utinam
2858 4904 3046 4944 omnes
3094 4887 3303 4957 assequi
3355 4885 3623 4955 possimus

2034 4996 2197 5067 gratia
2226 5003 2280 5048 et
2305 4989 2632 5059 benignitate
2659 4984 2869 5041 Domini
2898 4983 3063 5037 nostri
3103 4981 3227 5036 Jesu
3256 4977 3487 5042 Christi,
3536 4982 3623 5036 cui

2035 5088 2200 5159 gloria
2226 5098 2281 5140 et
2306 5083 2588 5153 imperium
2618 5080 2667 5133 in
2696 5077 2890 5133 saecula
2917 5076 3257 5131 saeculorum.
3301 5076 3493 5125 Amen.

1782 5244 3550 5279 ______________________________

1524 5351 1873 5413 HOMILIA
1916 5347 2065 5407 XX.
2112 5345 2198 5406 al.
2243 5341 2424 5404 XXI.

341 5500 465 5556 Car.
499 5500 554 5556 6.
588 5515 639 5552 v.
672 5499 758 5554 16.
796 5498 924 5552 Cum
965 5507 1131 5550 autem
1171 5494 1452 5566 jejunatis,
1484 5492 1639 5545 nolite
1670 5490 1775 5559 ﬁeri
1804 5490 1931 5544 sicut

411 5591 689 5662 hypocrita:
734 5591 913 5643 tristes.
965 5587 1313 5640 Exterminant
1351 5584 1482 5639 enim
1513 5582 1666 5652 facies
1690 5596 1843 5645 suas,
1877 5588 1931 5632 ut

410 5692 692 5754 appareant
721 5682 1002 5735 hominibus
1018 5681 1333 5750 jejunantes.

418 5777 466 5830 1.
522 5774 621 5831 [lic
665 5773 852 5829 acerbe
896 5787 1110 5842 gemere
1161 5778 1215 5825 et
1264 5768 1464 5839 ejulare
1520 5778 1618 5820 nos
1658 5762 1923 5819 convenit.

2039 5484 2155 5538 Non
2177 5482 2348 5537 solum
2370 5480 2512 5535 enim
2536 5477 2842 5550 hypocritas
2860 5477 3147 5540 imitamur,
3170 5471 3263 5528 sed
3282 5470 3441 5527 etiam
3468 5483 3620 5536 supe-

2038 5591 2221 5632 ramus
2242 5576 2380 5628 illos.
2408 5573 2541 5627 Novi
2569 5573 2730 5634 enim,
2765 5569 2886 5623 novi
2907 5576 3051 5623 certe
3081 5566 3303 5628 multos,
3335 5578 3441 5617 non
3466 5558 3622 5613 modo

2038 5669 2124 5737 qui
2150 5668 2397 5743 jejunant
2418 5676 2471 5719 et
2500 5679 2618 5719 sese
2633 5672 2903 5717 ostentant
2922 5701 2937 5725 ,
2956 5658 3047 5713 sed
3072 5664 3228 5713 etiam
3253 5654 3345 5725 qui
3362 5668 3470 5708 non
3490 5651 3619 5721 jeju-

2038 5770 2233 5817 nantet
2256 5759 2605 5833 jejunantium
2632 5769 2915 5827 personam
2945 5769 3050 5823 pra-
3068 5766 3125 5805 sc
3152 5750 3346 5817 ierunt,
3377 5754 3613 5817 peccato-
