  <div class='ocr_page' id='page_1' title='image "/cluster/home/n/w/nwhite01/storage/ocr_20150623/57/nnc1.0046980075/213.png"; bbox 0 0 4038 6364; ppageno 0'>
   <div class='ocr_carea' id='block_1_1' title="bbox 395 310 497 364">
    <p class='ocr_par' dir='ltr' id='par_1_1' title="bbox 395 310 497 364">
     <span class='ocr_line' id='line_1_1' title="bbox 395 310 497 364; baseline -0.02 0"><span class='ocrx_word' id='word_1_1' title='bbox 395 310 497 364; x_wconf 74' lang='lat'><strong>9.87</strong></span> 
     </span>
    </p>
   </div>
   <div class='ocr_carea' id='block_1_2' title="bbox 393 409 1991 497">
    <p class='ocr_par' dir='ltr' id='par_1_2' title="bbox 393 409 1991 497">
     <span class='ocr_line' id='line_1_2' title="bbox 393 409 1991 497; baseline -0.014 -15"><span class='ocrx_word' id='word_1_2' title='bbox 393 444 497 497; x_wconf 85' lang='lat' dir='ltr'><strong>que</strong></span> <span class='ocrx_word' id='word_1_3' title='bbox 517 427 631 495; x_wconf 76' lang='lat' dir='ltr'><strong>ipso</strong></span> <span class='ocrx_word' id='word_1_4' title='bbox 644 424 945 495; x_wconf 74' lang='lat' dir='ltr'><strong>graviorem</strong></span> <span class='ocrx_word' id='word_1_5' title='bbox 960 431 1171 474; x_wconf 80' lang='lat' dir='ltr'><strong>excusat</strong></span> <span class='ocrx_word' id='word_1_6' title='bbox 1182 421 1356 476; x_wconf 76' lang='lat' dir='ltr'><strong>ionetn</strong></span> <span class='ocrx_word' id='word_1_7' title='bbox 1372 417 1617 476; x_wconf 77' lang='lat' dir='ltr'><strong>afferunt.</strong></span> <span class='ocrx_word' id='word_1_8' title='bbox 1637 415 1749 467; x_wconf 83' lang='lat' dir='ltr'><strong>llo‘c</strong></span> <span class='ocrx_word' id='word_1_9' title='bbox 1765 410 1902 465; x_wconf 87' lang='lat' dir='ltr'><strong>facio</strong></span> <span class='ocrx_word' id='word_1_10' title='bbox 1920 409 1991 462; x_wconf 87' lang='lat' dir='ltr'><strong>in-</strong></span> 
     </span>
    </p>
   </div>
   <div class='ocr_carea' id='block_1_3' title="bbox 397 500 1991 584">
    <p class='ocr_par' dir='ltr' id='par_1_3' title="bbox 397 500 1991 584">
     <span class='ocr_line' id='line_1_3' title="bbox 397 500 1991 584; baseline -0.011 -13"><span class='ocrx_word' id='word_1_11' title='bbox 397 519 605 584; x_wconf 86' lang='lat' dir='ltr'><strong>quiunt,</strong></span> <span class='ocrx_word' id='word_1_12' title='bbox 631 531 698 571; x_wconf 91' lang='lat' dir='ltr'><strong>ne</strong></span> <span class='ocrx_word' id='word_1_13' title='bbox 719 515 900 569; x_wconf 89' lang='lat' dir='ltr'><strong>multis</strong></span> <span class='ocrx_word' id='word_1_14' title='bbox 923 511 1246 567; x_wconf 80' lang='lat' dir='ltr'><strong>offendicula</strong></span> <span class='ocrx_word' id='word_1_15' title='bbox 1273 511 1396 564; x_wconf 90' lang='lat' dir='ltr'><strong>situ.</strong></span> <span class='ocrx_word' id='word_1_16' title='bbox 1435 507 1574 573; x_wconf 82' lang='lat' dir='ltr'><strong>Qid</strong></span> <span class='ocrx_word' id='word_1_17' title='bbox 1599 505 1773 560; x_wconf 89' lang='lat' dir='ltr'><strong>dicis?</strong></span> <span class='ocrx_word' id='word_1_18' title='bbox 1803 500 1991 556; x_wconf 87' lang='lat' dir='ltr'><strong>Divina</strong></span> 
     </span>
    </p>
   </div>
   <div class='ocr_carea' id='block_1_4' title="bbox 396 598 1992 678">
    <p class='ocr_par' dir='ltr' id='par_1_4' title="bbox 396 598 1992 678">
     <span class='ocr_line' id='line_1_4' title="bbox 396 598 1992 678; baseline -0.015 -11"><span class='ocrx_word' id='word_1_19' title='bbox 396 612 484 667; x_wconf 76' lang='lat' dir='ltr'><strong>lex</strong></span> <span class='ocrx_word' id='word_1_20' title='bbox 511 618 595 664; x_wconf 88' lang='lat' dir='ltr'><strong>est</strong></span> <span class='ocrx_word' id='word_1_21' title='bbox 623 624 740 678; x_wconf 80' lang='lat' dir='ltr'><strong>qua:</strong></span> <span class='ocrx_word' id='word_1_22' title='bbox 764 608 864 660; x_wconf 90' lang='lat' dir='ltr'><strong>hoc</strong></span> <span class='ocrx_word' id='word_1_23' title='bbox 896 604 1153 676; x_wconf 69' lang='lat' dir='ltr'><strong>prascipit,</strong></span> <span class='ocrx_word' id='word_1_24' title='bbox 1197 611 1251 657; x_wconf 82' lang='lat' dir='ltr'><strong>et</strong></span> <span class='ocrx_word' id='word_1_25' title='bbox 1277 611 1331 656; x_wconf 89' lang='lat' dir='ltr'><strong>tu</strong></span> <span class='ocrx_word' id='word_1_26' title='bbox 1367 598 1744 654; x_wconf 70' lang='lat' dir='ltr'><strong>offendiculum</strong></span> <span class='ocrx_word' id='word_1_27' title='bbox 1781 607 1992 649; x_wconf 86' lang='lat' dir='ltr'><strong>memo-</strong></span> 
     </span>
    </p>
   </div>
   <div class='ocr_carea' id='block_1_5' title="bbox 397 685 1991 761">
    <p class='ocr_par' dir='ltr' id='par_1_5' title="bbox 397 685 1991 761">
     <span class='ocr_line' id='line_1_5' title="bbox 397 685 1991 761; baseline -0.013 -3"><span class='ocrx_word' id='word_1_28' title='bbox 397 701 520 758; x_wconf 87' lang='lat' dir='ltr'><strong>ras?</strong></span> <span class='ocrx_word' id='word_1_29' title='bbox 551 711 605 756; x_wconf 90' lang='lat' dir='ltr'><strong>et</strong></span> <span class='ocrx_word' id='word_1_30' title='bbox 631 701 674 754; x_wconf 88' lang='lat' dir='ltr'><strong>si</strong></span> <span class='ocrx_word' id='word_1_31' title='bbox 705 698 975 753; x_wconf 76' lang='lat' dir='ltr'><strong>custodias</strong></span> <span class='ocrx_word' id='word_1_32' title='bbox 1004 698 1145 750; x_wconf 84' lang='lat' dir='ltr'><strong>illaut</strong></span> <span class='ocrx_word' id='word_1_33' title='bbox 1169 737 1184 761; x_wconf 95' lang='lat'><strong>,</strong></span> <span class='ocrx_word' id='word_1_34' title='bbox 1215 694 1532 749; x_wconf 76' lang='lat' dir='ltr'><strong>ofl‘endiculo</strong></span> <span class='ocrx_word' id='word_1_35' title='bbox 1555 707 1676 746; x_wconf 87' lang='lat' dir='ltr'><strong>esse</strong></span> <span class='ocrx_word' id='word_1_36' title='bbox 1712 701 1866 760; x_wconf 85' lang='lat' dir='ltr'><strong>putas</strong></span> <span class='ocrx_word' id='word_1_37' title='bbox 1892 728 1909 750; x_wconf 86' lang='lat'><strong>,</strong></span> <span class='ocrx_word' id='word_1_38' title='bbox 1947 685 1991 739; x_wconf 91' lang='lat' dir='ltr'><strong>si</strong></span> 
     </span>
    </p>
   </div>
   <div class='ocr_carea' id='block_1_6' title="bbox 399 779 1988 857">
    <p class='ocr_par' dir='ltr' id='par_1_6' title="bbox 399 779 1988 857">
     <span class='ocr_line' id='line_1_6' title="bbox 399 779 1988 857; baseline -0.011 -6"><span class='ocrx_word' id='word_1_39' title='bbox 399 812 505 851; x_wconf 89' lang='lat' dir='ltr'><strong>non</strong></span> <span class='ocrx_word' id='word_1_40' title='bbox 538 794 830 855; x_wconf 78' lang='lat' dir='ltr'><strong>custodias,</strong></span> <span class='ocrx_word' id='word_1_41' title='bbox 870 789 1063 844; x_wconf 88' lang='lat' dir='ltr'><strong>secus?</strong></span> <span class='ocrx_word' id='word_1_42' title='bbox 1089 788 1278 857; x_wconf 94' lang='lat' dir='ltr'><strong>ecquid</strong></span> <span class='ocrx_word' id='word_1_43' title='bbox 1309 789 1381 841; x_wconf 85' lang='lat' dir='ltr'><strong>sit</strong></span> <span class='ocrx_word' id='word_1_44' title='bbox 1442 787 1527 841; x_wconf 90' lang='lat' dir='ltr'><strong>his</strong></span> <span class='ocrx_word' id='word_1_45' title='bbox 1602 783 1822 852; x_wconf 87' lang='lat' dir='ltr'><strong>ineptiis</strong></span> <span class='ocrx_word' id='word_1_46' title='bbox 1889 779 1988 834; x_wconf 83' lang='lat' dir='ltr'><strong>de—</strong></span> 
     </span>
    </p>
   </div>
   <div class='ocr_carea' id='block_1_7' title="bbox 398 870 1989 950">
    <p class='ocr_par' dir='ltr' id='par_1_7' title="bbox 398 870 1989 950">
     <span class='ocr_line' id='line_1_7' title="bbox 398 870 1989 950; baseline -0.013 -7"><span class='ocrx_word' id='word_1_47' title='bbox 398 890 564 943; x_wconf 91' lang='lat' dir='ltr'><strong>terius</strong></span> <span class='ocrx_word' id='word_1_48' title='bbox 593 887 650 940; x_wconf 61' lang='lat' dir='ltr'><strong>li</strong></span> <span class='ocrx_word' id='word_1_49' title='bbox 680 890 872 940; x_wconf 88' lang='lat' dir='ltr'><strong>Annon</strong></span> <span class='ocrx_word' id='word_1_50' title='bbox 896 884 1108 938; x_wconf 87' lang='lat' dir='ltr'><strong>desines</strong></span> <span class='ocrx_word' id='word_1_51' title='bbox 1139 879 1433 950; x_wconf 83' lang='lat' dir='ltr'><strong>bypocritis</strong></span> <span class='ocrx_word' id='word_1_52' title='bbox 1461 891 1580 932; x_wconf 90' lang='lat' dir='ltr'><strong>esse</strong></span> <span class='ocrx_word' id='word_1_53' title='bbox 1610 875 1778 944; x_wconf 86' lang='lat' dir='ltr'><strong>pejor,</strong></span> <span class='ocrx_word' id='word_1_54' title='bbox 1811 870 1989 941; x_wconf 86' lang='lat' dir='ltr'><strong>dupli-</strong></span> 
     </span>
    </p>
   </div>
   <div class='ocr_carea' id='block_1_8' title="bbox 398 966 1990 1047">
    <p class='ocr_par' dir='ltr' id='par_1_8' title="bbox 398 966 1990 1047">
     <span class='ocr_line' id='line_1_8' title="bbox 398 966 1990 1047; baseline -0.011 -14"><span class='ocrx_word' id='word_1_55' title='bbox 398 992 622 1047; x_wconf 89' lang='lat' dir='ltr'><strong>cemque</strong></span> <span class='ocrx_word' id='word_1_56' title='bbox 667 975 968 1046; x_wconf 81' lang='lat' dir='ltr'><strong>hypocrisin</strong></span> <span class='ocrx_word' id='word_1_57' title='bbox 1009 987 1300 1041; x_wconf 87' lang='lat' dir='ltr'><strong>usurpare,</strong></span> <span class='ocrx_word' id='word_1_58' title='bbox 1326 985 1392 1024; x_wconf 88' lang='lat' dir='ltr'><strong>ac</strong></span> <span class='ocrx_word' id='word_1_59' title='bbox 1439 979 1642 1023; x_wconf 88' lang='lat' dir='ltr'><strong>tantum</strong></span> <span class='ocrx_word' id='word_1_60' title='bbox 1670 966 1784 1018; x_wconf 79' lang='lat' dir='ltr'><strong>vitii</strong></span> <span class='ocrx_word' id='word_1_61' title='bbox 1832 980 1990 1020; x_wconf 86' lang='lat' dir='ltr'><strong>cacu-</strong></span> 
     </span>
    </p>
   </div>
   <div class='ocr_carea' id='block_1_9' title="bbox 399 1057 1990 1138">
    <p class='ocr_par' dir='ltr' id='par_1_9' title="bbox 399 1057 1990 1138">
     <span class='ocr_line' id='line_1_9' title="bbox 399 1057 1990 1138; baseline -0.011 -13"><span class='ocrx_word' id='word_1_62' title='bbox 399 1087 523 1125; x_wconf 87' lang='lat' dir='ltr'><strong>men</strong></span> <span class='ocrx_word' id='word_1_63' title='bbox 550 1068 892 1138; x_wconf 72' lang='lat' dir='ltr'><strong>excogitare?</strong></span> <span class='ocrx_word' id='word_1_64' title='bbox 920 1082 1047 1119; x_wconf 88' lang='lat' dir='ltr'><strong>num</strong></span> <span class='ocrx_word' id='word_1_65' title='bbox 1075 1065 1190 1118; x_wconf 85' lang='lat' dir='ltr'><strong>sine</strong></span> <span class='ocrx_word' id='word_1_66' title='bbox 1213 1063 1414 1132; x_wconf 91' lang='lat' dir='ltr'><strong>pudore</strong></span> <span class='ocrx_word' id='word_1_67' title='bbox 1435 1061 1562 1116; x_wconf 91' lang='lat' dir='ltr'><strong>dicti</strong></span> <span class='ocrx_word' id='word_1_68' title='bbox 1591 1059 1748 1128; x_wconf 82' lang='lat' dir='ltr'><strong>hujus</strong></span> <span class='ocrx_word' id='word_1_69' title='bbox 1769 1057 1990 1126; x_wconf 67' lang='lat' dir='ltr'><strong>empha-</strong></span> 
     </span>
    </p>
   </div>
   <div class='ocr_carea' id='block_1_10' title="bbox 399 1152 1988 1235">
    <p class='ocr_par' dir='ltr' id='par_1_10' title="bbox 399 1152 1988 1235">
     <span class='ocr_line' id='line_1_10' title="bbox 399 1152 1988 1235; baseline -0.011 -15"><span class='ocrx_word' id='word_1_70' title='bbox 399 1167 500 1221; x_wconf 82' lang='lat' dir='ltr'><strong>sim</strong></span> <span class='ocrx_word' id='word_1_71' title='bbox 527 1164 826 1235; x_wconf 84' lang='lat' dir='ltr'><strong>percipies?</strong></span> <span class='ocrx_word' id='word_1_72' title='bbox 848 1162 960 1216; x_wconf 87' lang='lat' dir='ltr'><strong>Non</strong></span> <span class='ocrx_word' id='word_1_73' title='bbox 983 1161 1156 1215; x_wconf 91' lang='lat' dir='ltr'><strong>solum</strong></span> <span class='ocrx_word' id='word_1_74' title='bbox 1184 1160 1346 1223; x_wconf 90' lang='lat' dir='ltr'><strong>enim,</strong></span> <span class='ocrx_word' id='word_1_75' title='bbox 1376 1156 1566 1227; x_wconf 87' lang='lat' dir='ltr'><strong>inquit,</strong></span> <span class='ocrx_word' id='word_1_76' title='bbox 1593 1155 1866 1218; x_wconf 86' lang='lat' dir='ltr'><strong>simulant,</strong></span> <span class='ocrx_word' id='word_1_77' title='bbox 1895 1152 1988 1204; x_wconf 80' lang='lat' dir='ltr'><strong>sed</strong></span> 
     </span>
    </p>
   </div>
   <div class='ocr_carea' id='block_1_11' title="bbox 401 1243 1990 1321">
    <p class='ocr_par' dir='ltr' id='par_1_11' title="bbox 401 1243 1990 1321">
     <span class='ocr_line' id='line_1_11' title="bbox 401 1243 1990 1321; baseline -0.01 -9"><span class='ocrx_word' id='word_1_78' title='bbox 401 1266 456 1312; x_wconf 94' lang='lat' dir='ltr'><strong>ut</strong></span> <span class='ocrx_word' id='word_1_79' title='bbox 478 1257 597 1313; x_wconf 92' lang='lat' dir='ltr'><strong>illos</strong></span> <span class='ocrx_word' id='word_1_80' title='bbox 628 1253 994 1309; x_wconf 86' lang='lat' dir='ltr'><strong>vehementius</strong></span> <span class='ocrx_word' id='word_1_81' title='bbox 1028 1259 1242 1321; x_wconf 88' lang='lat' dir='ltr'><strong>pungat,</strong></span> <span class='ocrx_word' id='word_1_82' title='bbox 1288 1247 1639 1303; x_wconf 76' lang='lat' dir='ltr'><strong>Exterminant</strong></span> <span class='ocrx_word' id='word_1_83' title='bbox 1675 1245 1808 1298; x_wconf 80' lang='lat' dir='ltr'><strong>enim</strong></span> <span class='ocrx_word' id='word_1_84' title='bbox 1837 1243 1990 1314; x_wconf 75' lang='lat' dir='ltr'><strong>facies</strong></span> 
     </span>
    </p>
   </div>
   <div class='ocr_carea' id='block_1_12' title="bbox 401 1336 1992 1414">
    <p class='ocr_par' dir='ltr' id='par_1_12' title="bbox 401 1336 1992 1414">
     <span class='ocr_line' id='line_1_12' title="bbox 401 1336 1992 1414; baseline -0.009 -9"><span class='ocrx_word' id='word_1_85' title='bbox 401 1368 549 1414; x_wconf 77' lang='lat' dir='ltr'><strong>sitas,</strong></span> <span class='ocrx_word' id='word_1_86' title='bbox 582 1349 632 1404; x_wconf 93' lang='lat' dir='ltr'><strong>id</strong></span> <span class='ocrx_word' id='word_1_87' title='bbox 674 1359 776 1413; x_wconf 86' lang='lat' dir='ltr'><strong>est,</strong></span> <span class='ocrx_word' id='word_1_88' title='bbox 800 1354 1167 1414; x_wconf 79' lang='lat' dir='ltr'><strong>Corrumpunt,</strong></span> <span class='ocrx_word' id='word_1_89' title='bbox 1203 1342 1446 1412; x_wconf 87' lang='lat' dir='ltr'><strong>perdunt.</strong></span> <span class='ocrx_word' id='word_1_90' title='bbox 1476 1338 1535 1394; x_wconf 81' lang='lat' dir='ltr'><strong>Si</strong></span> <span class='ocrx_word' id='word_1_91' title='bbox 1572 1349 1747 1392; x_wconf 85' lang='lat' dir='ltr'><strong>autem</strong></span> <span class='ocrx_word' id='word_1_92' title='bbox 1778 1336 1880 1390; x_wconf 89' lang='lat' dir='ltr'><strong>hoc</strong></span> <span class='ocrx_word' id='word_1_93' title='bbox 1907 1342 1992 1391; x_wconf 84' lang='lat' dir='ltr'><strong>est</strong></span> 
     </span>
    </p>
   </div>
   <div class='ocr_carea' id='block_1_13' title="bbox 403 1429 1989 1505">
    <p class='ocr_par' dir='ltr' id='par_1_13' title="bbox 403 1429 1989 1505">
     <span class='ocr_line' id='line_1_13' title="bbox 403 1429 1989 1505; baseline -0.011 -6"><span class='ocrx_word' id='word_1_94' title='bbox 403 1444 557 1500; x_wconf 88' lang='lat' dir='ltr'><strong>faciei</strong></span> <span class='ocrx_word' id='word_1_95' title='bbox 577 1442 980 1501; x_wconf 79' lang='lat' dir='ltr'><strong>exterminatio,</strong></span> <span class='ocrx_word' id='word_1_96' title='bbox 1009 1439 1073 1492; x_wconf 88' lang='lat' dir='ltr'><strong>ad</strong></span> <span class='ocrx_word' id='word_1_97' title='bbox 1103 1452 1293 1493; x_wconf 89' lang='lat' dir='ltr'><strong>vanam</strong></span> <span class='ocrx_word' id='word_1_98' title='bbox 1331 1435 1556 1505; x_wconf 87' lang='lat' dir='ltr'><strong>gloriam</strong></span> <span class='ocrx_word' id='word_1_99' title='bbox 1582 1447 1702 1487; x_wconf 89' lang='lat' dir='ltr'><strong>sese</strong></span> <span class='ocrx_word' id='word_1_100' title='bbox 1733 1429 1989 1500; x_wconf 87' lang='lat' dir='ltr'><strong>pallidum</strong></span> 
     </span>
    </p>
   </div>
   <div class='ocr_carea' id='block_1_14' title="bbox 403 1521 1990 1604">
    <p class='ocr_par' dir='ltr' id='par_1_14' title="bbox 403 1521 1990 1604">
     <span class='ocr_line' id='line_1_14' title="bbox 403 1521 1990 1604; baseline -0.014 -9"><span class='ocrx_word' id='word_1_101' title='bbox 403 1537 660 1595; x_wconf 79' lang='lat' dir='ltr'><strong>exhibere</strong></span> <span class='ocrx_word' id='word_1_102' title='bbox 680 1577 696 1603; x_wconf 96' lang='lat'><strong>,</strong></span> <span class='ocrx_word' id='word_1_103' title='bbox 742 1534 867 1604; x_wconf 91' lang='lat' dir='ltr'><strong>quid</strong></span> <span class='ocrx_word' id='word_1_104' title='bbox 897 1531 1179 1586; x_wconf 89' lang='lat' dir='ltr'><strong>dicendum</strong></span> <span class='ocrx_word' id='word_1_105' title='bbox 1208 1529 1274 1582; x_wconf 89' lang='lat' dir='ltr'><strong>de</strong></span> <span class='ocrx_word' id='word_1_106' title='bbox 1304 1524 1638 1586; x_wconf 84' lang='lat' dir='ltr'><strong>mulieribus,</strong></span> <span class='ocrx_word' id='word_1_107' title='bbox 1671 1539 1791 1592; x_wconf 67' lang='lat' dir='ltr'><strong>qua:</strong></span> <span class='ocrx_word' id='word_1_108' title='bbox 1831 1521 1990 1575; x_wconf 88' lang='lat' dir='ltr'><strong>facies</strong></span> 
     </span>
    </p>
   </div>
   <div class='ocr_carea' id='block_1_15' title="bbox 403 1614 1989 1698">
    <p class='ocr_par' dir='ltr' id='par_1_15' title="bbox 403 1614 1989 1698">
     <span class='ocr_line' id='line_1_15' title="bbox 403 1614 1989 1698; baseline -0.014 -12"><span class='ocrx_word' id='word_1_109' title='bbox 403 1645 526 1686; x_wconf 85' lang='lat' dir='ltr'><strong>suas</strong></span> <span class='ocrx_word' id='word_1_110' title='bbox 553 1629 838 1698; x_wconf 81' lang='lat' dir='ltr'><strong>pigmentis</strong></span> <span class='ocrx_word' id='word_1_111' title='bbox 867 1635 922 1679; x_wconf 81' lang='lat' dir='ltr'><strong>et</strong></span> <span class='ocrx_word' id='word_1_112' title='bbox 941 1625 1073 1678; x_wconf 89' lang='lat' dir='ltr'><strong>fucis</strong></span> <span class='ocrx_word' id='word_1_113' title='bbox 1105 1631 1454 1689; x_wconf 89' lang='lat' dir='ltr'><strong>corrumpunt</strong></span> <span class='ocrx_word' id='word_1_114' title='bbox 1479 1617 1544 1670; x_wconf 88' lang='lat' dir='ltr'><strong>ad</strong></span> <span class='ocrx_word' id='word_1_115' title='bbox 1576 1615 1863 1684; x_wconf 86' lang='lat' dir='ltr'><strong>perniciem</strong></span> <span class='ocrx_word' id='word_1_116' title='bbox 1888 1614 1989 1665; x_wconf 78' lang='lat' dir='ltr'><strong>im—</strong></span> 
     </span>
    </p>
   </div>
   <div class='ocr_carea' id='block_1_16' title="bbox 406 1709 1992 1792">
    <p class='ocr_par' dir='ltr' id='par_1_16' title="bbox 406 1709 1992 1792">
     <span class='ocr_line' id='line_1_16' title="bbox 406 1709 1992 1792; baseline -0.012 -15"><span class='ocrx_word' id='word_1_117' title='bbox 406 1721 716 1792; x_wconf 86' lang='lat' dir='ltr'><strong>pudicorum</strong></span> <span class='ocrx_word' id='word_1_118' title='bbox 740 1715 1035 1789; x_wconf 72' lang='lat' dir='ltr'><strong>juvenuut?</strong></span> <span class='ocrx_word' id='word_1_119' title='bbox 1064 1715 1140 1767; x_wconf 93' lang='lat' dir='ltr'><strong>llli</strong></span> <span class='ocrx_word' id='word_1_120' title='bbox 1184 1713 1325 1767; x_wconf 89' lang='lat' dir='ltr'><strong>enim</strong></span> <span class='ocrx_word' id='word_1_121' title='bbox 1354 1710 1452 1765; x_wconf 85' lang='lat' dir='ltr'><strong>sibi</strong></span> <span class='ocrx_word' id='word_1_122' title='bbox 1496 1709 1627 1779; x_wconf 81' lang='lat' dir='ltr'><strong>ipsis</strong></span> <span class='ocrx_word' id='word_1_123' title='bbox 1658 1716 1859 1760; x_wconf 87' lang='lat' dir='ltr'><strong>tantum</strong></span> <span class='ocrx_word' id='word_1_124' title='bbox 1892 1721 1992 1758; x_wconf 87' lang='lat' dir='ltr'><strong>no-</strong></span> 
     </span>
    </p>
   </div>
   <div class='ocr_carea' id='block_1_17' title="bbox 403 1797 1989 1873">
    <p class='ocr_par' dir='ltr' id='par_1_17' title="bbox 403 1797 1989 1873">
     <span class='ocr_line' id='line_1_17' title="bbox 403 1797 1989 1873; baseline -0.012 -4"><span class='ocrx_word' id='word_1_125' title='bbox 403 1823 571 1869; x_wconf 86' lang='lat' dir='ltr'><strong>cent:</strong></span> <span class='ocrx_word' id='word_1_126' title='bbox 599 1812 683 1866; x_wconf 77' lang='lat' dir='ltr'><strong>ha:</strong></span> <span class='ocrx_word' id='word_1_127' title='bbox 712 1826 843 1864; x_wconf 91' lang='lat' dir='ltr'><strong>vero</strong></span> <span class='ocrx_word' id='word_1_128' title='bbox 890 1818 944 1863; x_wconf 90' lang='lat' dir='ltr'><strong>et</strong></span> <span class='ocrx_word' id='word_1_129' title='bbox 993 1807 1092 1860; x_wconf 84' lang='lat' dir='ltr'><strong>sibi</strong></span> <span class='ocrx_word' id='word_1_130' title='bbox 1136 1815 1192 1859; x_wconf 91' lang='lat' dir='ltr'><strong>et</strong></span> <span class='ocrx_word' id='word_1_131' title='bbox 1221 1805 1282 1858; x_wconf 88' lang='lat' dir='ltr'><strong>iis</strong></span> <span class='ocrx_word' id='word_1_132' title='bbox 1311 1802 1403 1873; x_wconf 85' lang='lat' dir='ltr'><strong>qui</strong></span> <span class='ocrx_word' id='word_1_133' title='bbox 1453 1802 1594 1870; x_wconf 88' lang='lat' dir='ltr'><strong>ipsas</strong></span> <span class='ocrx_word' id='word_1_134' title='bbox 1635 1797 1989 1867; x_wconf 71' lang='lat' dir='ltr'><strong>c0t13piciunt.</strong></span> 
     </span>
    </p>
   </div>
   <div class='ocr_carea' id='block_1_18' title="bbox 403 1890 1995 1976">
    <p class='ocr_par' dir='ltr' id='par_1_18' title="bbox 403 1890 1995 1976">
     <span class='ocr_line' id='line_1_18' title="bbox 403 1890 1995 1976; baseline -0.012 -15"><span class='ocrx_word' id='word_1_135' title='bbox 403 1907 740 1976; x_wconf 79' lang='lat' dir='ltr'><strong>Quapropter</strong></span> <span class='ocrx_word' id='word_1_136' title='bbox 767 1913 821 1956; x_wconf 90' lang='lat' dir='ltr'><strong>et</strong></span> <span class='ocrx_word' id='word_1_137' title='bbox 867 1902 1004 1954; x_wconf 89' lang='lat' dir='ltr'><strong>hanc</strong></span> <span class='ocrx_word' id='word_1_138' title='bbox 1030 1909 1080 1952; x_wconf 91' lang='lat' dir='ltr'><strong>et</strong></span> <span class='ocrx_word' id='word_1_139' title='bbox 1125 1898 1266 1952; x_wconf 84' lang='lat' dir='ltr'><strong>illam</strong></span> <span class='ocrx_word' id='word_1_140' title='bbox 1312 1903 1514 1966; x_wconf 83' lang='lat' dir='ltr'><strong>pestem</strong></span> <span class='ocrx_word' id='word_1_141' title='bbox 1546 1893 1767 1946; x_wconf 89' lang='lat' dir='ltr'><strong>omnino</strong></span> <span class='ocrx_word' id='word_1_142' title='bbox 1813 1890 1995 1960; x_wconf 82' lang='lat' dir='ltr'><strong>fugere</strong></span> 
     </span>
    </p>
   </div>
   <div class='ocr_carea' id='block_1_19' title="bbox 407 1988 1990 2069">
    <p class='ocr_par' dir='ltr' id='par_1_19' title="bbox 407 1988 1990 2069">
     <span class='ocr_line' id='line_1_19' title="bbox 407 1988 1990 2069; baseline -0.011 -16"><span class='ocrx_word' id='word_1_143' title='bbox 407 2014 503 2069; x_wconf 88' lang='lat' dir='ltr'><strong>par</strong></span> <span class='ocrx_word' id='word_1_144' title='bbox 527 2006 629 2052; x_wconf 88' lang='lat' dir='ltr'><strong>est.</strong></span> <span class='ocrx_word' id='word_1_145' title='bbox 657 1995 772 2050; x_wconf 86' lang='lat' dir='ltr'><strong>Non</strong></span> <span class='ocrx_word' id='word_1_146' title='bbox 801 1995 970 2048; x_wconf 87' lang='lat' dir='ltr'><strong>soltuu</strong></span> <span class='ocrx_word' id='word_1_147' title='bbox 1009 1991 1155 2045; x_wconf 88' lang='lat' dir='ltr'><strong>enim</strong></span> <span class='ocrx_word' id='word_1_148' title='bbox 1191 1988 1353 2057; x_wconf 86' lang='lat' dir='ltr'><strong>jussit</strong></span> <span class='ocrx_word' id='word_1_149' title='bbox 1396 2001 1500 2042; x_wconf 89' lang='lat' dir='ltr'><strong>non</strong></span> <span class='ocrx_word' id='word_1_150' title='bbox 1530 1999 1649 2039; x_wconf 88' lang='lat' dir='ltr'><strong>sese</strong></span> <span class='ocrx_word' id='word_1_151' title='bbox 1697 1993 1990 2046; x_wconf 78' lang='lat' dir='ltr'><strong>ostentare,</strong></span> 
     </span>
    </p>
   </div>
   <div class='ocr_carea' id='block_1_20' title="bbox 403 2075 1994 2146">
    <p class='ocr_par' dir='ltr' id='par_1_20' title="bbox 403 2075 1994 2146">
     <span class='ocr_line' id='line_1_20' title="bbox 403 2075 1994 2146; baseline -0.01 -2"><span class='ocrx_word' id='word_1_152' title='bbox 403 2089 500 2144; x_wconf 88' lang='lat' dir='ltr'><strong>sed</strong></span> <span class='ocrx_word' id='word_1_153' title='bbox 527 2089 688 2142; x_wconf 87' lang='lat' dir='ltr'><strong>etiam</strong></span> <span class='ocrx_word' id='word_1_154' title='bbox 719 2087 768 2139; x_wconf 90' lang='lat' dir='ltr'><strong>id</strong></span> <span class='ocrx_word' id='word_1_155' title='bbox 795 2085 1031 2146; x_wconf 79' lang='lat' dir='ltr'><strong>studere,</strong></span> <span class='ocrx_word' id='word_1_156' title='bbox 1065 2091 1122 2135; x_wconf 91' lang='lat' dir='ltr'><strong>ut</strong></span> <span class='ocrx_word' id='word_1_157' title='bbox 1151 2083 1349 2134; x_wconf 89' lang='lat' dir='ltr'><strong>lateant</strong></span> <span class='ocrx_word' id='word_1_158' title='bbox 1378 2094 1391 2130; x_wconf 90' lang='lat'>:</span> <span class='ocrx_word' id='word_1_159' title='bbox 1435 2076 1580 2146; x_wconf 85' lang='lat' dir='ltr'><strong>quod</strong></span> <span class='ocrx_word' id='word_1_160' title='bbox 1602 2086 1656 2130; x_wconf 92' lang='lat' dir='ltr'><strong>et</strong></span> <span class='ocrx_word' id='word_1_161' title='bbox 1682 2075 1795 2143; x_wconf 87' lang='lat' dir='ltr'><strong>ipse</strong></span> <span class='ocrx_word' id='word_1_162' title='bbox 1840 2081 1994 2128; x_wconf 88' lang='lat' dir='ltr'><strong>antea</strong></span> 
     </span>
    </p>
   </div>
   <div class='ocr_carea' id='block_1_21' title="bbox 404 2168 1996 2245">
    <p class='ocr_par' dir='ltr' id='par_1_21' title="bbox 404 2168 1996 2245">
     <span class='ocr_line' id='line_1_21' title="bbox 404 2168 1996 2245; baseline -0.012 -10"><span class='ocrx_word' id='word_1_163' title='bbox 404 2180 624 2235; x_wconf 80' lang='lat' dir='ltr'><strong>fecerat.</strong></span> <span class='ocrx_word' id='word_1_164' title='bbox 651 2179 724 2232; x_wconf 93' lang='lat' dir='ltr'><strong>De</strong></span> <span class='ocrx_word' id='word_1_165' title='bbox 750 2177 1086 2245; x_wconf 75' lang='lat' dir='ltr'><strong>eleetnosyna</strong></span> <span class='ocrx_word' id='word_1_166' title='bbox 1115 2188 1291 2242; x_wconf 89' lang='lat' dir='ltr'><strong>porro,</strong></span> <span class='ocrx_word' id='word_1_167' title='bbox 1335 2185 1439 2225; x_wconf 91' lang='lat' dir='ltr'><strong>non</strong></span> <span class='ocrx_word' id='word_1_168' title='bbox 1467 2168 1779 2238; x_wconf 81' lang='lat' dir='ltr'><strong>simpliciter</strong></span> <span class='ocrx_word' id='word_1_169' title='bbox 1805 2168 1872 2219; x_wconf 88' lang='lat' dir='ltr'><strong>ita</strong></span> <span class='ocrx_word' id='word_1_170' title='bbox 1902 2180 1996 2235; x_wconf 86' lang='lat' dir='ltr'><strong>po-</strong></span> 
     </span>
    </p>
   </div>
   <div class='ocr_carea' id='block_1_22' title="bbox 407 2259 1994 2336">
    <p class='ocr_par' dir='ltr' id='par_1_22' title="bbox 407 2259 1994 2336">
     <span class='ocr_line' id='line_1_22' title="bbox 407 2259 1994 2336; baseline -0.013 -9"><span class='ocrx_word' id='word_1_171' title='bbox 407 2274 548 2336; x_wconf 84' lang='lat' dir='ltr'><strong>suit;</strong></span> <span class='ocrx_word' id='word_1_172' title='bbox 577 2269 673 2325; x_wconf 90' lang='lat' dir='ltr'><strong>sed</strong></span> <span class='ocrx_word' id='word_1_173' title='bbox 707 2284 828 2322; x_wconf 92' lang='lat' dir='ltr'><strong>cum</strong></span> <span class='ocrx_word' id='word_1_174' title='bbox 851 2268 1073 2320; x_wconf 72' lang='lat' dir='ltr'><strong>dixisset</strong></span> <span class='ocrx_word' id='word_1_175' title='bbox 1101 2282 1113 2316; x_wconf 90' lang='lat'><strong>:</strong></span> <span class='ocrx_word' id='word_1_176' title='bbox 1145 2264 1400 2316; x_wconf 83' lang='lat' dir='ltr'><strong>Attendite</strong></span> <span class='ocrx_word' id='word_1_177' title='bbox 1428 2277 1491 2312; x_wconf 83' lang='lat' dir='ltr'><strong>ne</strong></span> <span class='ocrx_word' id='word_1_178' title='bbox 1519 2260 1886 2328; x_wconf 73' lang='lat' dir='ltr'><strong>elemosynam</strong></span> <span class='ocrx_word' id='word_1_179' title='bbox 1914 2259 1994 2327; x_wconf 79' lang='lat' dir='ltr'><strong>[a-</strong></span> 
     </span>
    </p>
   </div>
   <div class='ocr_carea' id='block_1_23' title="bbox 404 2349 1996 2422">
    <p class='ocr_par' dir='ltr' id='par_1_23' title="bbox 404 2349 1996 2422">
     <span class='ocr_line' id='line_1_23' title="bbox 404 2349 1996 2422; baseline -0.01 -5"><span class='ocrx_word' id='word_1_180' title='bbox 404 2363 552 2417; x_wconf 82' lang='lat' dir='ltr'><strong>ciatis</strong></span> <span class='ocrx_word' id='word_1_181' title='bbox 579 2377 751 2416; x_wconf 85' lang='lat' dir='ltr'><strong>coram</strong></span> <span class='ocrx_word' id='word_1_182' title='bbox 772 2357 1056 2412; x_wconf 83' lang='lat' dir='ltr'><strong>hominibus</strong></span> <span class='ocrx_word' id='word_1_183' title='bbox 1076 2398 1090 2421; x_wconf 94' lang='lat'><strong>,</strong></span> <span class='ocrx_word' id='word_1_184' title='bbox 1119 2355 1348 2422; x_wconf 87' lang='lat' dir='ltr'><strong>adjecit,</strong></span> <span class='ocrx_word' id='word_1_185' title='bbox 1386 2352 1452 2406; x_wconf 91' lang='lat' dir='ltr'><strong>Ut</strong></span> <span class='ocrx_word' id='word_1_186' title='bbox 1481 2351 1749 2405; x_wconf 78' lang='lat' dir='ltr'><strong>videamini</strong></span> <span class='ocrx_word' id='word_1_187' title='bbox 1791 2351 1853 2402; x_wconf 87' lang='lat' dir='ltr'><strong>ab</strong></span> <span class='ocrx_word' id='word_1_188' title='bbox 1883 2349 1996 2412; x_wconf 83' lang='lat' dir='ltr'><strong>eis;</strong></span> 
     </span>
    </p>
   </div>
   <div class='ocr_carea' id='block_1_24' title="bbox 405 2441 1994 2525">
    <p class='ocr_par' dir='ltr' id='par_1_24' title="bbox 405 2441 1994 2525">
     <span class='ocr_line' id='line_1_24' title="bbox 405 2441 1994 2525; baseline -0.009 -12"><span class='ocrx_word' id='word_1_189' title='bbox 405 2457 478 2512; x_wconf 88' lang='lat' dir='ltr'><strong>de</strong></span> <span class='ocrx_word' id='word_1_190' title='bbox 523 2455 728 2525; x_wconf 90' lang='lat' dir='ltr'><strong>jejunio</strong></span> <span class='ocrx_word' id='word_1_191' title='bbox 765 2463 940 2506; x_wconf 89' lang='lat' dir='ltr'><strong>autem</strong></span> <span class='ocrx_word' id='word_1_192' title='bbox 990 2459 1045 2504; x_wconf 90' lang='lat' dir='ltr'><strong>ct</strong></span> <span class='ocrx_word' id='word_1_193' title='bbox 1092 2448 1334 2503; x_wconf 85' lang='lat' dir='ltr'><strong>oratione</strong></span> <span class='ocrx_word' id='word_1_194' title='bbox 1364 2445 1494 2499; x_wconf 82' lang='lat' dir='ltr'><strong>nihil</strong></span> <span class='ocrx_word' id='word_1_195' title='bbox 1523 2444 1697 2501; x_wconf 86' lang='lat' dir='ltr'><strong>simile</strong></span> <span class='ocrx_word' id='word_1_196' title='bbox 1736 2441 1994 2498; x_wconf 76' lang='lat' dir='ltr'><strong>dtcrevit.</strong></span> 
     </span>
    </p>
   </div>
   <div class='ocr_carea' id='block_1_25' title="bbox 405 2525 1995 2610">
    <p class='ocr_par' dir='ltr' id='par_1_25' title="bbox 405 2525 1995 2610">
     <span class='ocr_line' id='line_1_25' title="bbox 405 2525 1995 2610; baseline -0.01 -8"><span class='ocrx_word' id='word_1_197' title='bbox 405 2546 518 2602; x_wconf 88' lang='lat' dir='ltr'><strong>Cur</strong></span> <span class='ocrx_word' id='word_1_198' title='bbox 546 2545 718 2601; x_wconf 89' lang='lat' dir='ltr'><strong>illud?</strong></span> <span class='ocrx_word' id='word_1_199' title='bbox 747 2544 878 2610; x_wconf 77' lang='lat' dir='ltr'><strong>Quia</strong></span> <span class='ocrx_word' id='word_1_200' title='bbox 910 2543 1249 2610; x_wconf 86' lang='lat' dir='ltr'><strong>eleentosyna</strong></span> <span class='ocrx_word' id='word_1_201' title='bbox 1296 2538 1462 2591; x_wconf 88' lang='lat' dir='ltr'><strong>latere</strong></span> <span class='ocrx_word' id='word_1_202' title='bbox 1507 2525 1708 2605; x_wconf 85' lang='lat' dir='ltr'><strong>nequit,</strong></span> <span class='ocrx_word' id='word_1_203' title='bbox 1735 2533 1995 2603; x_wconf 86' lang='lat' dir='ltr'><strong>jejunium</strong></span> 
     </span>
    </p>
   </div>
   <div class='ocr_carea' id='block_1_26' title="bbox 406 2625 1996 2701">
    <p class='ocr_par' dir='ltr' id='par_1_26' title="bbox 406 2625 1996 2701">
     <span class='ocr_line' id='line_1_26' title="bbox 406 2625 1996 2701; baseline -0.011 -9"><span class='ocrx_word' id='word_1_204' title='bbox 406 2648 583 2694; x_wconf 90' lang='lat' dir='ltr'><strong>autem</strong></span> <span class='ocrx_word' id='word_1_205' title='bbox 603 2646 657 2692; x_wconf 91' lang='lat' dir='ltr'><strong>et</strong></span> <span class='ocrx_word' id='word_1_206' title='bbox 676 2637 847 2690; x_wconf 86' lang='lat' dir='ltr'><strong>oratio</strong></span> <span class='ocrx_word' id='word_1_207' title='bbox 877 2633 1128 2687; x_wconf 87' lang='lat' dir='ltr'><strong>occultari</strong></span> <span class='ocrx_word' id='word_1_208' title='bbox 1163 2639 1356 2701; x_wconf 87' lang='lat' dir='ltr'><strong>potest.</strong></span> <span class='ocrx_word' id='word_1_209' title='bbox 1387 2629 1536 2684; x_wconf 88' lang='lat' dir='ltr'><strong>Sicut</strong></span> <span class='ocrx_word' id='word_1_210' title='bbox 1564 2629 1741 2695; x_wconf 81' lang='lat' dir='ltr'><strong>itaque</strong></span> <span class='ocrx_word' id='word_1_211' title='bbox 1763 2641 1883 2678; x_wconf 87' lang='lat' dir='ltr'><strong>cum</strong></span> <span class='ocrx_word' id='word_1_212' title='bbox 1910 2625 1996 2678; x_wconf 57' lang='lat' dir='ltr'><strong>di.</strong></span> 
     </span>
    </p>
   </div>
   <div class='ocr_carea' id='block_1_27' title="bbox 407 2715 1998 2793">
    <p class='ocr_par' dir='ltr' id='par_1_27' title="bbox 407 2715 1998 2793">
     <span class='ocr_line' id='line_1_27' title="bbox 407 2715 1998 2793; baseline -0.009 -8"><span class='ocrx_word' id='word_1_213' title='bbox 407 2731 504 2792; x_wconf 82' lang='lat' dir='ltr'><strong>xit,</strong></span> <span class='ocrx_word' id='word_1_214' title='bbox 539 2727 745 2782; x_wconf 84' lang='lat' dir='ltr'><strong>Nesciat</strong></span> <span class='ocrx_word' id='word_1_215' title='bbox 766 2727 970 2779; x_wconf 84' lang='lat' dir='ltr'><strong>sinistra</strong></span> <span class='ocrx_word' id='word_1_216' title='bbox 1011 2735 1098 2776; x_wconf 84' lang='lat' dir='ltr'><strong>tua</strong></span> <span class='ocrx_word' id='word_1_217' title='bbox 1119 2722 1238 2793; x_wconf 80' lang='lat' dir='ltr'><strong>quid</strong></span> <span class='ocrx_word' id='word_1_218' title='bbox 1259 2722 1381 2790; x_wconf 74' lang='lat' dir='ltr'><strong>facit</strong></span> <span class='ocrx_word' id='word_1_219' title='bbox 1412 2720 1621 2773; x_wconf 81' lang='lat' dir='ltr'><strong>dextera</strong></span> <span class='ocrx_word' id='word_1_220' title='bbox 1641 2728 1726 2770; x_wconf 81' lang='lat' dir='ltr'><strong>tua</strong></span> <span class='ocrx_word' id='word_1_221' title='bbox 1747 2759 1762 2782; x_wconf 91' lang='lat'><strong>,</strong></span> <span class='ocrx_word' id='word_1_222' title='bbox 1797 2731 1900 2770; x_wconf 80' lang='lat' dir='ltr'><strong>non</strong></span> <span class='ocrx_word' id='word_1_223' title='bbox 1928 2715 1998 2771; x_wconf 87' lang='lat' dir='ltr'><strong>de</strong></span> 
     </span>
    </p>
   </div>
   <div class='ocr_carea' id='block_1_28' title="bbox 409 2813 1997 2887">
    <p class='ocr_par' dir='ltr' id='par_1_28' title="bbox 409 2813 1997 2887">
     <span class='ocr_line' id='line_1_28' title="bbox 409 2813 1997 2887; baseline -0.01 -11"><span class='ocrx_word' id='word_1_224' title='bbox 409 2821 657 2876; x_wconf 85' lang='lat' dir='ltr'><strong>manibus</strong></span> <span class='ocrx_word' id='word_1_225' title='bbox 685 2819 937 2887; x_wconf 91' lang='lat' dir='ltr'><strong>l0quutus</strong></span> <span class='ocrx_word' id='word_1_226' title='bbox 971 2827 1076 2880; x_wconf 90' lang='lat' dir='ltr'><strong>est,</strong></span> <span class='ocrx_word' id='word_1_227' title='bbox 1126 2814 1216 2867; x_wconf 87' lang='lat' dir='ltr'><strong>sed</strong></span> <span class='ocrx_word' id='word_1_228' title='bbox 1248 2813 1512 2882; x_wconf 80' lang='lat' dir='ltr'><strong>significat</strong></span> <span class='ocrx_word' id='word_1_229' title='bbox 1537 2821 1787 2879; x_wconf 80' lang='lat' dir='ltr'><strong>Oportere</strong></span> <span class='ocrx_word' id='word_1_230' title='bbox 1811 2823 1997 2862; x_wconf 90' lang='lat' dir='ltr'><strong>omnes</strong></span> 
     </span>
    </p>
   </div>
   <div class='ocr_carea' id='block_1_29' title="bbox 406 2901 1992 2980">
    <p class='ocr_par' dir='ltr' id='par_1_29' title="bbox 406 2901 1992 2980">
     <span class='ocr_line' id='line_1_29' title="bbox 406 2901 1992 2980; baseline -0.012 -9"><span class='ocrx_word' id='word_1_231' title='bbox 406 2914 608 2980; x_wconf 89' lang='lat' dir='ltr'><strong>celari;</strong></span> <span class='ocrx_word' id='word_1_232' title='bbox 637 2920 692 2968; x_wconf 89' lang='lat' dir='ltr'><strong>et</strong></span> <span class='ocrx_word' id='word_1_233' title='bbox 721 2927 840 2966; x_wconf 88' lang='lat' dir='ltr'><strong>cum</strong></span> <span class='ocrx_word' id='word_1_234' title='bbox 859 2909 1018 2979; x_wconf 90' lang='lat' dir='ltr'><strong>jussit</strong></span> <span class='ocrx_word' id='word_1_235' title='bbox 1047 2910 1098 2961; x_wconf 90' lang='lat' dir='ltr'><strong>in</strong></span> <span class='ocrx_word' id='word_1_236' title='bbox 1129 2905 1430 2961; x_wconf 91' lang='lat' dir='ltr'><strong>cubiculum</strong></span> <span class='ocrx_word' id='word_1_237' title='bbox 1471 2904 1695 2963; x_wconf 90' lang='lat' dir='ltr'><strong>intrare,</strong></span> <span class='ocrx_word' id='word_1_238' title='bbox 1729 2917 1834 2954; x_wconf 89' lang='lat' dir='ltr'><strong>non</strong></span> <span class='ocrx_word' id='word_1_239' title='bbox 1863 2901 1992 2954; x_wconf 91' lang='lat' dir='ltr'><strong>illud</strong></span> 
     </span>
    </p>
   </div>
   <div class='ocr_carea' id='block_1_30' title="bbox 410 2993 1995 3078">
    <p class='ocr_par' dir='ltr' id='par_1_30' title="bbox 410 2993 1995 3078">
     <span class='ocr_line' id='line_1_30' title="bbox 410 2993 1995 3078; baseline -0.013 -14"><span class='ocrx_word' id='word_1_240' title='bbox 410 3005 704 3078; x_wconf 62' lang='lat' dir='ltr'><strong>praesertim</strong></span> <span class='ocrx_word' id='word_1_241' title='bbox 746 3002 992 3074; x_wconf 69' lang='lat' dir='ltr'><strong>praecipit</strong></span> <span class='ocrx_word' id='word_1_242' title='bbox 1040 3009 1097 3054; x_wconf 91' lang='lat' dir='ltr'><strong>ut</strong></span> <span class='ocrx_word' id='word_1_243' title='bbox 1127 2999 1196 3054; x_wconf 90' lang='lat' dir='ltr'><strong>ibi</strong></span> <span class='ocrx_word' id='word_1_244' title='bbox 1243 3011 1561 3067; x_wconf 86' lang='lat' dir='ltr'><strong>precemur,</strong></span> <span class='ocrx_word' id='word_1_245' title='bbox 1627 2994 1719 3048; x_wconf 89' lang='lat' dir='ltr'><strong>sed</strong></span> <span class='ocrx_word' id='word_1_246' title='bbox 1768 2993 1995 3062; x_wconf 87' lang='lat' dir='ltr'><strong>idipsum</strong></span> 
     </span>
    </p>
   </div>
   <div class='ocr_carea' id='block_1_31' title="bbox 408 3085 1996 3156">
    <p class='ocr_par' dir='ltr' id='par_1_31' title="bbox 408 3085 1996 3156">
     <span class='ocr_line' id='line_1_31' title="bbox 408 3085 1996 3156; baseline -0.013 0"><span class='ocrx_word' id='word_1_247' title='bbox 408 3101 569 3156; x_wconf 87' lang='lat' dir='ltr'><strong>etiam</strong></span> <span class='ocrx_word' id='word_1_248' title='bbox 599 3095 948 3153; x_wconf 87' lang='lat' dir='ltr'><strong>subindicavit</strong></span> <span class='ocrx_word' id='word_1_249' title='bbox 979 3111 990 3146; x_wconf 96' lang='lat'>:</span> <span class='ocrx_word' id='word_1_250' title='bbox 1017 3093 1095 3146; x_wconf 90' lang='lat' dir='ltr'><strong>sic</strong></span> <span class='ocrx_word' id='word_1_251' title='bbox 1123 3100 1176 3146; x_wconf 91' lang='lat' dir='ltr'><strong>et</strong></span> <span class='ocrx_word' id='word_1_252' title='bbox 1220 3090 1321 3143; x_wconf 89' lang='lat' dir='ltr'><strong>hoc</strong></span> <span class='ocrx_word' id='word_1_253' title='bbox 1358 3089 1474 3142; x_wconf 87' lang='lat' dir='ltr'><strong>loco</strong></span> <span class='ocrx_word' id='word_1_254' title='bbox 1512 3103 1631 3140; x_wconf 89' lang='lat' dir='ltr'><strong>cum</strong></span> <span class='ocrx_word' id='word_1_255' title='bbox 1668 3085 1996 3155; x_wconf 84' lang='lat' dir='ltr'><strong>jejunantem</strong></span> 
     </span>
    </p>
   </div>
   <div class='ocr_carea' id='block_1_32' title="bbox 409 3178 1997 3262">
    <p class='ocr_par' dir='ltr' id='par_1_32' title="bbox 409 3178 1997 3262">
     <span class='ocr_line' id='line_1_32' title="bbox 409 3178 1997 3262; baseline -0.012 -16"><span class='ocrx_word' id='word_1_256' title='bbox 409 3209 529 3248; x_wconf 87' lang='lat' dir='ltr'><strong>sese</strong></span> <span class='ocrx_word' id='word_1_257' title='bbox 554 3206 756 3262; x_wconf 88' lang='lat' dir='ltr'><strong>ungere</strong></span> <span class='ocrx_word' id='word_1_258' title='bbox 773 3188 952 3258; x_wconf 87' lang='lat' dir='ltr'><strong>jussit,</strong></span> <span class='ocrx_word' id='word_1_259' title='bbox 978 3201 1082 3239; x_wconf 91' lang='lat' dir='ltr'><strong>non</strong></span> <span class='ocrx_word' id='word_1_260' title='bbox 1103 3184 1323 3238; x_wconf 91' lang='lat' dir='ltr'><strong>omnino</strong></span> <span class='ocrx_word' id='word_1_261' title='bbox 1345 3180 1603 3250; x_wconf 64' lang='lat' dir='ltr'><strong>praecipit,</strong></span> <span class='ocrx_word' id='word_1_262' title='bbox 1634 3188 1692 3232; x_wconf 92' lang='lat' dir='ltr'><strong>ut</strong></span> <span class='ocrx_word' id='word_1_263' title='bbox 1719 3192 1816 3231; x_wconf 88' lang='lat' dir='ltr'><strong>nos</strong></span> <span class='ocrx_word' id='word_1_264' title='bbox 1845 3178 1997 3229; x_wconf 81' lang='lat' dir='ltr'><strong>inun-</strong></span> 
     </span>
    </p>
   </div>
   <div class='ocr_carea' id='block_1_33' title="bbox 407 3269 1999 3358">
    <p class='ocr_par' dir='ltr' id='par_1_33' title="bbox 407 3269 1999 3358">
     <span class='ocr_line' id='line_1_33' title="bbox 407 3269 1999 3358; baseline -0.013 -17"><span class='ocrx_word' id='word_1_265' title='bbox 407 3298 615 3358; x_wconf 82' lang='lat' dir='ltr'><strong>gamus,</strong></span> <span class='ocrx_word' id='word_1_266' title='bbox 652 3296 773 3336; x_wconf 88' lang='lat' dir='ltr'><strong>nam</strong></span> <span class='ocrx_word' id='word_1_267' title='bbox 803 3293 991 3334; x_wconf 90' lang='lat' dir='ltr'><strong>omnes</strong></span> <span class='ocrx_word' id='word_1_268' title='bbox 1019 3277 1157 3330; x_wconf 91' lang='lat' dir='ltr'><strong>hanc</strong></span> <span class='ocrx_word' id='word_1_269' title='bbox 1182 3273 1476 3342; x_wconf 77' lang='lat' dir='ltr'><strong>transgredi</strong></span> <span class='ocrx_word' id='word_1_270' title='bbox 1501 3272 1669 3341; x_wconf 83' lang='lat' dir='ltr'><strong>legem</strong></span> <span class='ocrx_word' id='word_1_271' title='bbox 1698 3269 1999 3338; x_wconf 89' lang='lat' dir='ltr'><strong>deprehen-</strong></span> 
     </span>
    </p>
   </div>
   <div class='ocr_carea' id='block_1_34' title="bbox 410 3367 1999 3444">
    <p class='ocr_par' dir='ltr' id='par_1_34' title="bbox 410 3367 1999 3444">
     <span class='ocr_line' id='line_1_34' title="bbox 410 3367 1999 3444; baseline -0.012 -8"><span class='ocrx_word' id='word_1_272' title='bbox 410 3383 696 3444; x_wconf 89' lang='lat' dir='ltr'><strong>deremur;</strong></span> <span class='ocrx_word' id='word_1_273' title='bbox 725 3377 956 3432; x_wconf 79' lang='lat' dir='ltr'><strong>maxime</strong></span> <span class='ocrx_word' id='word_1_274' title='bbox 994 3374 1029 3428; x_wconf 93' lang='lat' dir='ltr'><strong>ii</strong></span> <span class='ocrx_word' id='word_1_275' title='bbox 1075 3373 1126 3427; x_wconf 90' lang='lat' dir='ltr'><strong>in</strong></span> <span class='ocrx_word' id='word_1_276' title='bbox 1157 3370 1343 3441; x_wconf 88' lang='lat' dir='ltr'><strong>primis</strong></span> <span class='ocrx_word' id='word_1_277' title='bbox 1371 3369 1459 3438; x_wconf 92' lang='lat' dir='ltr'><strong>qui</strong></span> <span class='ocrx_word' id='word_1_278' title='bbox 1498 3367 1755 3438; x_wconf 88' lang='lat' dir='ltr'><strong>jejunium</strong></span> <span class='ocrx_word' id='word_1_279' title='bbox 1784 3378 1999 3419; x_wconf 87' lang='lat' dir='ltr'><strong>servare</strong></span> 
     </span>
    </p>
   </div>
   <div class='ocr_carea' id='block_1_35' title="bbox 409 3462 1994 3537">
    <p class='ocr_par' dir='ltr' id='par_1_35' title="bbox 409 3462 1994 3537">
     <span class='ocr_line' id='line_1_35' title="bbox 409 3462 1994 3537; baseline -0.011 -9"><span class='ocrx_word' id='word_1_280' title='bbox 409 3473 660 3537; x_wconf 86' lang='lat' dir='ltr'><strong>student,</strong></span> <span class='ocrx_word' id='word_1_281' title='bbox 688 3469 1070 3525; x_wconf 87' lang='lat' dir='ltr'><strong>monachorum</strong></span> <span class='ocrx_word' id='word_1_282' title='bbox 1103 3465 1312 3535; x_wconf 90' lang='lat' dir='ltr'><strong>populi,</strong></span> <span class='ocrx_word' id='word_1_283' title='bbox 1344 3462 1432 3532; x_wconf 88' lang='lat' dir='ltr'><strong>qui</strong></span> <span class='ocrx_word' id='word_1_284' title='bbox 1466 3469 1674 3514; x_wconf 85' lang='lat' dir='ltr'><strong>montes</strong></span> <span class='ocrx_word' id='word_1_285' title='bbox 1715 3465 1994 3525; x_wconf 85' lang='lat' dir='ltr'><strong>occupant.</strong></span> 
     </span>
    </p>
   </div>
   <div class='ocr_carea' id='block_1_36' title="bbox 412 3551 2000 3633">
    <p class='ocr_par' dir='ltr' id='par_1_36' title="bbox 412 3551 2000 3633">
     <span class='ocr_line' id='line_1_36' title="bbox 412 3551 2000 3633; baseline -0.013 -11"><span class='ocrx_word' id='word_1_286' title='bbox 412 3566 526 3622; x_wconf 85' lang='lat' dir='ltr'><strong>Non</strong></span> <span class='ocrx_word' id='word_1_287' title='bbox 558 3565 735 3633; x_wconf 89' lang='lat' dir='ltr'><strong>itaque</strong></span> <span class='ocrx_word' id='word_1_288' title='bbox 765 3561 866 3614; x_wconf 90' lang='lat' dir='ltr'><strong>hoc</strong></span> <span class='ocrx_word' id='word_1_289' title='bbox 908 3557 1180 3629; x_wconf 62' lang='lat' dir='ltr'><strong>praecipit;</strong></span> <span class='ocrx_word' id='word_1_290' title='bbox 1228 3570 1412 3610; x_wconf 93' lang='lat' dir='ltr'><strong>verum</strong></span> <span class='ocrx_word' id='word_1_291' title='bbox 1453 3553 1572 3622; x_wconf 87' lang='lat' dir='ltr'><strong>quia</strong></span> <span class='ocrx_word' id='word_1_292' title='bbox 1603 3551 1740 3618; x_wconf 89' lang='lat' dir='ltr'><strong>apud</strong></span> <span class='ocrx_word' id='word_1_293' title='bbox 1793 3558 2000 3602; x_wconf 82' lang='lat' dir='ltr'><strong>veteres</strong></span> 
     </span>
    </p>
   </div>
   <div class='ocr_carea' id='block_1_37' title="bbox 413 3640 1999 3719">
    <p class='ocr_par' dir='ltr' id='par_1_37' title="bbox 413 3640 1999 3719">
     <span class='ocr_line' id='line_1_37' title="bbox 413 3640 1999 3719; baseline -0.013 -6"><span class='ocrx_word' id='word_1_294' title='bbox 413 3671 532 3712; x_wconf 93' lang='lat' dir='ltr'><strong>mos</strong></span> <span class='ocrx_word' id='word_1_295' title='bbox 560 3655 680 3717; x_wconf 88' lang='lat' dir='ltr'><strong>fuit,</strong></span> <span class='ocrx_word' id='word_1_296' title='bbox 709 3661 769 3707; x_wconf 93' lang='lat' dir='ltr'><strong>ut</strong></span> <span class='ocrx_word' id='word_1_297' title='bbox 793 3667 912 3707; x_wconf 90' lang='lat' dir='ltr'><strong>sese</strong></span> <span class='ocrx_word' id='word_1_298' title='bbox 942 3657 1202 3719; x_wconf 87' lang='lat' dir='ltr'><strong>ungerent</strong></span> <span class='ocrx_word' id='word_1_299' title='bbox 1230 3662 1350 3710; x_wconf 87' lang='lat' dir='ltr'><strong>cum</strong></span> <span class='ocrx_word' id='word_1_300' title='bbox 1381 3646 1432 3700; x_wconf 92' lang='lat' dir='ltr'><strong>in</strong></span> <span class='ocrx_word' id='word_1_301' title='bbox 1479 3644 1672 3714; x_wconf 86' lang='lat' dir='ltr'><strong>gaudio</strong></span> <span class='ocrx_word' id='word_1_302' title='bbox 1715 3651 1772 3697; x_wconf 92' lang='lat' dir='ltr'><strong>et</strong></span> <span class='ocrx_word' id='word_1_303' title='bbox 1819 3640 1999 3694; x_wconf 71' lang='lat' dir='ltr'><strong>lmtitia</strong></span> 
     </span>
    </p>
   </div>
   <div class='ocr_carea' id='block_1_38' title="bbox 413 3734 2002 3814">
    <p class='ocr_par' dir='ltr' id='par_1_38' title="bbox 413 3734 2002 3814">
     <span class='ocr_line' id='line_1_38' title="bbox 413 3734 2002 3814; baseline -0.013 -9"><span class='ocrx_word' id='word_1_304' title='bbox 413 3755 775 3810; x_wconf 80' lang='lat' dir='ltr'><strong>versarentur,</strong></span> <span class='ocrx_word' id='word_1_305' title='bbox 807 3744 948 3814; x_wconf 89' lang='lat' dir='ltr'><strong>quod</strong></span> <span class='ocrx_word' id='word_1_306' title='bbox 979 3744 1030 3797; x_wconf 92' lang='lat' dir='ltr'><strong>in</strong></span> <span class='ocrx_word' id='word_1_307' title='bbox 1081 3741 1278 3795; x_wconf 86' lang='lat' dir='ltr'><strong>Davide</strong></span> <span class='ocrx_word' id='word_1_308' title='bbox 1301 3750 1356 3794; x_wconf 90' lang='lat' dir='ltr'><strong>et</strong></span> <span class='ocrx_word' id='word_1_309' title='bbox 1386 3740 1438 3792; x_wconf 91' lang='lat' dir='ltr'><strong>in</strong></span> <span class='ocrx_word' id='word_1_310' title='bbox 1472 3737 1687 3792; x_wconf 88' lang='lat' dir='ltr'><strong>Daniele</strong></span> <span class='ocrx_word' id='word_1_311' title='bbox 1733 3737 1876 3790; x_wconf 85' lang='lat' dir='ltr'><strong>clare</strong></span> <span class='ocrx_word' id='word_1_312' title='bbox 1921 3734 2002 3786; x_wconf 86' lang='lat' dir='ltr'><strong>tli-</strong></span> 
     </span>
    </p>
   </div>
   <div class='ocr_carea' id='block_1_39' title="bbox 413 3826 2000 3907">
    <p class='ocr_par' dir='ltr' id='par_1_39' title="bbox 413 3826 2000 3907">
     <span class='ocr_line' id='line_1_39' title="bbox 413 3826 2000 3907; baseline -0.011 -12"><span class='ocrx_word' id='word_1_313' title='bbox 413 3840 581 3895; x_wconf 86' lang='lat' dir='ltr'><strong>scitur</strong></span> <span class='ocrx_word' id='word_1_314' title='bbox 605 3880 619 3905; x_wconf 93' lang='lat'><strong>,</strong></span> <span class='ocrx_word' id='word_1_315' title='bbox 649 3852 847 3907; x_wconf 88' lang='lat' dir='ltr'><strong>ungere</strong></span> <span class='ocrx_word' id='word_1_316' title='bbox 874 3849 933 3888; x_wconf 87' lang='lat' dir='ltr'><strong>se</strong></span> <span class='ocrx_word' id='word_1_317' title='bbox 962 3843 1212 3902; x_wconf 92' lang='lat' dir='ltr'><strong>oportere</strong></span> <span class='ocrx_word' id='word_1_318' title='bbox 1241 3831 1393 3894; x_wconf 79' lang='lat' dir='ltr'><strong>dixit,</strong></span> <span class='ocrx_word' id='word_1_319' title='bbox 1431 3845 1536 3882; x_wconf 90' lang='lat' dir='ltr'><strong>non</strong></span> <span class='ocrx_word' id='word_1_320' title='bbox 1569 3839 1626 3882; x_wconf 92' lang='lat' dir='ltr'><strong>ut</strong></span> <span class='ocrx_word' id='word_1_321' title='bbox 1651 3828 1752 3881; x_wconf 90' lang='lat' dir='ltr'><strong>hoc</strong></span> <span class='ocrx_word' id='word_1_322' title='bbox 1780 3826 2000 3879; x_wconf 88' lang='lat' dir='ltr'><strong>omnino</strong></span> 
     </span>
    </p>
   </div>
   <div class='ocr_carea' id='block_1_40' title="bbox 413 3917 1997 3996">
    <p class='ocr_par' dir='ltr' id='par_1_40' title="bbox 413 3917 1997 3996">
     <span class='ocr_line' id='line_1_40' title="bbox 413 3917 1997 3996; baseline -0.013 -8"><span class='ocrx_word' id='word_1_323' title='bbox 413 3933 694 3996; x_wconf 82' lang='lat' dir='ltr'><strong>faciamus,</strong></span> <span class='ocrx_word' id='word_1_324' title='bbox 738 3928 831 3983; x_wconf 89' lang='lat' dir='ltr'><strong>sed</strong></span> <span class='ocrx_word' id='word_1_325' title='bbox 866 3937 924 3980; x_wconf 88' lang='lat' dir='ltr'><strong>ttt</strong></span> <span class='ocrx_word' id='word_1_326' title='bbox 958 3939 1080 3979; x_wconf 92' lang='lat' dir='ltr'><strong>cum</strong></span> <span class='ocrx_word' id='word_1_327' title='bbox 1125 3925 1268 3976; x_wconf 89' lang='lat' dir='ltr'><strong>omni</strong></span> <span class='ocrx_word' id='word_1_328' title='bbox 1313 3920 1490 3975; x_wconf 88' lang='lat' dir='ltr'><strong>studio</strong></span> <span class='ocrx_word' id='word_1_329' title='bbox 1536 3931 1697 3987; x_wconf 89' lang='lat' dir='ltr'><strong>atque</strong></span> <span class='ocrx_word' id='word_1_330' title='bbox 1726 3917 1997 3985; x_wconf 79' lang='lat' dir='ltr'><strong>diligentia</strong></span> 
     </span>
    </p>
   </div>
   <div class='ocr_carea' id='block_1_41' title="bbox 415 4011 2002 4084">
    <p class='ocr_par' dir='ltr' id='par_1_41' title="bbox 415 4011 2002 4084">
     <span class='ocr_line' id='line_1_41' title="bbox 415 4011 2002 4084; baseline -0.01 -4"><span class='ocrx_word' id='word_1_331' title='bbox 415 4026 520 4080; x_wconf 92' lang='lat' dir='ltr'><strong>hoc</strong></span> <span class='ocrx_word' id='word_1_332' title='bbox 541 4024 740 4078; x_wconf 91' lang='lat' dir='ltr'><strong>bonum</strong></span> <span class='ocrx_word' id='word_1_333' title='bbox 768 4034 1060 4074; x_wconf 84' lang='lat' dir='ltr'><strong>servemus.</strong></span> <span class='ocrx_word' id='word_1_334' title='bbox 1087 4019 1256 4084; x_wconf 83' lang='lat' dir='ltr'><strong>Atque</strong></span> <span class='ocrx_word' id='word_1_335' title='bbox 1285 4023 1340 4068; x_wconf 93' lang='lat' dir='ltr'><strong>ut</strong></span> <span class='ocrx_word' id='word_1_336' title='bbox 1374 4014 1550 4068; x_wconf 79' lang='lat' dir='ltr'><strong>discas</strong></span> <span class='ocrx_word' id='word_1_337' title='bbox 1580 4029 1693 4066; x_wconf 89' lang='lat' dir='ltr'><strong>rem</strong></span> <span class='ocrx_word' id='word_1_338' title='bbox 1725 4013 1792 4065; x_wconf 88' lang='lat' dir='ltr'><strong>ita</strong></span> <span class='ocrx_word' id='word_1_339' title='bbox 1822 4027 1880 4064; x_wconf 88' lang='lat' dir='ltr'><strong>se</strong></span> <span class='ocrx_word' id='word_1_340' title='bbox 1908 4011 2002 4064; x_wconf 88' lang='lat' dir='ltr'><strong>ha-</strong></span> 
     </span>
    </p>
   </div>
   <div class='ocr_carea' id='block_1_42' title="bbox 415 4101 2002 4182">
    <p class='ocr_par' dir='ltr' id='par_1_42' title="bbox 415 4101 2002 4182">
     <span class='ocr_line' id='line_1_42' title="bbox 415 4101 2002 4182; baseline -0.009 -12"><span class='ocrx_word' id='word_1_341' title='bbox 415 4117 545 4171; x_wconf 89' lang='lat' dir='ltr'><strong>bere</strong></span> <span class='ocrx_word' id='word_1_342' title='bbox 573 4132 587 4168; x_wconf 88' lang='lat'><strong>:</strong></span> <span class='ocrx_word' id='word_1_343' title='bbox 621 4114 714 4169; x_wconf 90' lang='lat' dir='ltr'><strong>ille</strong></span> <span class='ocrx_word' id='word_1_344' title='bbox 741 4113 853 4182; x_wconf 87' lang='lat' dir='ltr'><strong>ipse</strong></span> <span class='ocrx_word' id='word_1_345' title='bbox 882 4111 971 4182; x_wconf 93' lang='lat' dir='ltr'><strong>qui</strong></span> <span class='ocrx_word' id='word_1_346' title='bbox 998 4109 1099 4164; x_wconf 89' lang='lat' dir='ltr'><strong>hoc</strong></span> <span class='ocrx_word' id='word_1_347' title='bbox 1119 4107 1294 4161; x_wconf 86' lang='lat' dir='ltr'><strong>verbis</strong></span> <span class='ocrx_word' id='word_1_348' title='bbox 1318 4115 1665 4176; x_wconf 73' lang='lat' dir='ltr'><strong>praeceperat,</strong></span> <span class='ocrx_word' id='word_1_349' title='bbox 1694 4113 1748 4158; x_wconf 91' lang='lat' dir='ltr'><strong>et</strong></span> <span class='ocrx_word' id='word_1_350' title='bbox 1775 4103 1841 4157; x_wconf 90' lang='lat' dir='ltr'><strong>de</strong></span> <span class='ocrx_word' id='word_1_351' title='bbox 1862 4101 2002 4156; x_wconf 85' lang='lat' dir='ltr'><strong>faeto</strong></span> 
     </span>
    </p>
   </div>
   <div class='ocr_carea' id='block_1_43' title="bbox 414 4196 1998 4277">
    <p class='ocr_par' dir='ltr' id='par_1_43' title="bbox 414 4196 1998 4277">
     <span class='ocr_line' id='line_1_43' title="bbox 414 4196 1998 4277; baseline -0.009 -15"><span class='ocrx_word' id='word_1_352' title='bbox 414 4215 740 4277; x_wconf 78' lang='lat' dir='ltr'><strong>exsequutus</strong></span> <span class='ocrx_word' id='word_1_353' title='bbox 769 4213 884 4267; x_wconf 86' lang='lat' dir='ltr'><strong>est;</strong></span> <span class='ocrx_word' id='word_1_354' title='bbox 926 4217 1045 4257; x_wconf 92' lang='lat' dir='ltr'><strong>cum</strong></span> <span class='ocrx_word' id='word_1_355' title='bbox 1079 4217 1174 4271; x_wconf 91' lang='lat' dir='ltr'><strong>per</strong></span> <span class='ocrx_word' id='word_1_356' title='bbox 1198 4199 1544 4270; x_wconf 83' lang='lat' dir='ltr'><strong>quadraginta</strong></span> <span class='ocrx_word' id='word_1_357' title='bbox 1572 4197 1687 4251; x_wconf 90' lang='lat' dir='ltr'><strong>dies</strong></span> <span class='ocrx_word' id='word_1_358' title='bbox 1717 4196 1998 4266; x_wconf 88' lang='lat' dir='ltr'><strong>jejunavit,</strong></span> 
     </span>
    </p>
   </div>
   <div class='ocr_carea' id='block_1_44' title="bbox 415 4289 1998 4370">
    <p class='ocr_par' dir='ltr' id='par_1_44' title="bbox 415 4289 1998 4370">
     <span class='ocr_line' id='line_1_44' title="bbox 415 4289 1998 4370; baseline -0.008 -16"><span class='ocrx_word' id='word_1_359' title='bbox 415 4297 705 4370; x_wconf 77' lang='lat' dir='ltr'><strong>jejunando</strong></span> <span class='ocrx_word' id='word_1_360' title='bbox 725 4297 898 4358; x_wconf 85' lang='lat' dir='ltr'><strong>latuit,</strong></span> <span class='ocrx_word' id='word_1_361' title='bbox 922 4311 1092 4363; x_wconf 88' lang='lat' dir='ltr'><strong>neque</strong></span> <span class='ocrx_word' id='word_1_362' title='bbox 1118 4308 1240 4348; x_wconf 88' lang='lat' dir='ltr'><strong>sese</strong></span> <span class='ocrx_word' id='word_1_363' title='bbox 1259 4292 1430 4353; x_wconf 84' lang='lat' dir='ltr'><strong>unxit,</strong></span> <span class='ocrx_word' id='word_1_364' title='bbox 1456 4307 1630 4360; x_wconf 91' lang='lat' dir='ltr'><strong>neque</strong></span> <span class='ocrx_word' id='word_1_365' title='bbox 1655 4305 1774 4344; x_wconf 86' lang='lat' dir='ltr'><strong>sese</strong></span> <span class='ocrx_word' id='word_1_366' title='bbox 1801 4289 1998 4342; x_wconf 88' lang='lat' dir='ltr'><strong>abluit:</strong></span> 
     </span>
    </p>
   </div>
   <div class='ocr_carea' id='block_1_45' title="bbox 416 4382 2002 4452">
    <p class='ocr_par' dir='ltr' id='par_1_45' title="bbox 416 4382 2002 4452">
     <span class='ocr_line' id='line_1_45' title="bbox 416 4382 2002 4452; baseline -0.007 -6"><span class='ocrx_word' id='word_1_367' title='bbox 416 4401 473 4446; x_wconf 90' lang='lat' dir='ltr'><strong>et</strong></span> <span class='ocrx_word' id='word_1_368' title='bbox 519 4401 695 4445; x_wconf 82' lang='lat' dir='ltr'><strong>tamen</strong></span> <span class='ocrx_word' id='word_1_369' title='bbox 739 4387 944 4443; x_wconf 88' lang='lat' dir='ltr'><strong>etiamsi</strong></span> <span class='ocrx_word' id='word_1_370' title='bbox 980 4387 1078 4440; x_wconf 92' lang='lat' dir='ltr'><strong>hoc</strong></span> <span class='ocrx_word' id='word_1_371' title='bbox 1121 4403 1224 4440; x_wconf 90' lang='lat' dir='ltr'><strong>non</strong></span> <span class='ocrx_word' id='word_1_372' title='bbox 1256 4384 1476 4450; x_wconf 89' lang='lat' dir='ltr'><strong>fecerit,</strong></span> <span class='ocrx_word' id='word_1_373' title='bbox 1505 4383 1622 4438; x_wconf 86' lang='lat' dir='ltr'><strong>sine</strong></span> <span class='ocrx_word' id='word_1_374' title='bbox 1666 4397 1800 4436; x_wconf 89' lang='lat' dir='ltr'><strong>vana</strong></span> <span class='ocrx_word' id='word_1_375' title='bbox 1836 4382 2002 4452; x_wconf 81' lang='lat' dir='ltr'><strong>gloria</strong></span> 
     </span>
    </p>
   </div>
   <div class='ocr_carea' id='block_1_46' title="bbox 419 4475 2004 4546">
    <p class='ocr_par' dir='ltr' id='par_1_46' title="bbox 419 4475 2004 4546">
     <span class='ocr_line' id='line_1_46' title="bbox 419 4475 2004 4546; baseline -0.006 -9"><span class='ocrx_word' id='word_1_376' title='bbox 419 4484 653 4538; x_wconf 83' lang='lat' dir='ltr'><strong>maxime</strong></span> <span class='ocrx_word' id='word_1_377' title='bbox 678 4482 919 4536; x_wconf 90' lang='lat' dir='ltr'><strong>omnium</strong></span> <span class='ocrx_word' id='word_1_378' title='bbox 962 4489 1129 4532; x_wconf 92' lang='lat' dir='ltr'><strong>totum</strong></span> <span class='ocrx_word' id='word_1_379' title='bbox 1158 4477 1381 4546; x_wconf 74' lang='lat' dir='ltr'><strong>perfecit</strong></span> <span class='ocrx_word' id='word_1_380' title='bbox 1410 4494 1424 4530; x_wconf 91' lang='lat'><strong>:</strong></span> <span class='ocrx_word' id='word_1_381' title='bbox 1451 4475 1591 4545; x_wconf 91' lang='lat' dir='ltr'><strong>quod</strong></span> <span class='ocrx_word' id='word_1_382' title='bbox 1642 4475 1802 4528; x_wconf 87' lang='lat' dir='ltr'><strong>etiam</strong></span> <span class='ocrx_word' id='word_1_383' title='bbox 1851 4475 2004 4528; x_wconf 92' lang='lat' dir='ltr'><strong>nobis</strong></span> 
     </span>
    </p>
   </div>
   <div class='ocr_carea' id='block_1_47' title="bbox 419 4565 2006 4644">
    <p class='ocr_par' dir='ltr' id='par_1_47' title="bbox 419 4565 2006 4644">
     <span class='ocr_line' id='line_1_47' title="bbox 419 4565 2006 4644; baseline -0.006 -15"><span class='ocrx_word' id='word_1_384' title='bbox 419 4575 683 4644; x_wconf 75' lang='lat' dir='ltr'><strong>pra-cipit,</strong></span> <span class='ocrx_word' id='word_1_385' title='bbox 711 4572 1006 4644; x_wconf 84' lang='lat' dir='ltr'><strong>hypocritis</strong></span> <span class='ocrx_word' id='word_1_386' title='bbox 1033 4571 1084 4624; x_wconf 90' lang='lat' dir='ltr'><strong>itt</strong></span> <span class='ocrx_word' id='word_1_387' title='bbox 1117 4569 1351 4624; x_wconf 90' lang='lat' dir='ltr'><strong>medium</strong></span> <span class='ocrx_word' id='word_1_388' title='bbox 1377 4567 1641 4632; x_wconf 89' lang='lat' dir='ltr'><strong>adductis,</strong></span> <span class='ocrx_word' id='word_1_389' title='bbox 1671 4575 1725 4618; x_wconf 90' lang='lat' dir='ltr'><strong>et</strong></span> <span class='ocrx_word' id='word_1_390' title='bbox 1749 4565 2006 4618; x_wconf 84' lang='lat' dir='ltr'><strong>auditori-</strong></span> 
     </span>
    </p>
   </div>
   <div class='ocr_carea' id='block_1_48' title="bbox 419 4659 2004 4735">
    <p class='ocr_par' dir='ltr' id='par_1_48' title="bbox 419 4659 2004 4735">
     <span class='ocr_line' id='line_1_48' title="bbox 419 4659 2004 4735; baseline -0.008 -11"><span class='ocrx_word' id='word_1_391' title='bbox 419 4670 521 4724; x_wconf 91' lang='lat' dir='ltr'><strong>bus</strong></span> <span class='ocrx_word' id='word_1_392' title='bbox 562 4667 758 4735; x_wconf 90' lang='lat' dir='ltr'><strong>duplici</strong></span> <span class='ocrx_word' id='word_1_393' title='bbox 806 4673 1072 4734; x_wconf 78' lang='lat' dir='ltr'><strong>praecepto</strong></span> <span class='ocrx_word' id='word_1_394' title='bbox 1111 4664 1163 4718; x_wconf 92' lang='lat' dir='ltr'><strong>in</strong></span> <span class='ocrx_word' id='word_1_395' title='bbox 1208 4662 1534 4717; x_wconf 87' lang='lat' dir='ltr'><strong>contrarium</strong></span> <span class='ocrx_word' id='word_1_396' title='bbox 1587 4660 1862 4724; x_wconf 88' lang='lat' dir='ltr'><strong>avocatis;</strong></span> <span class='ocrx_word' id='word_1_397' title='bbox 1901 4659 2004 4712; x_wconf 90' lang='lat' dir='ltr'><strong>ali-</strong></span> 
     </span>
    </p>
   </div>
   <div class='ocr_carea' id='block_1_49' title="bbox 421 4748 2003 4829">
    <p class='ocr_par' dir='ltr' id='par_1_49' title="bbox 421 4748 2003 4829">
     <span class='ocr_line' id='line_1_49' title="bbox 421 4748 2003 4829; baseline -0.007 -17"><span class='ocrx_word' id='word_1_398' title='bbox 421 4759 549 4829; x_wconf 91' lang='lat' dir='ltr'><strong>quid</strong></span> <span class='ocrx_word' id='word_1_399' title='bbox 578 4760 736 4814; x_wconf 89' lang='lat' dir='ltr'><strong>etiam</strong></span> <span class='ocrx_word' id='word_1_400' title='bbox 764 4771 858 4826; x_wconf 90' lang='lat' dir='ltr'><strong>per</strong></span> <span class='ocrx_word' id='word_1_401' title='bbox 887 4755 1017 4812; x_wconf 91' lang='lat' dir='ltr'><strong>illud</strong></span> <span class='ocrx_word' id='word_1_402' title='bbox 1047 4769 1240 4808; x_wconf 90' lang='lat' dir='ltr'><strong>nomen</strong></span> <span class='ocrx_word' id='word_1_403' title='bbox 1265 4794 1279 4817; x_wconf 92' lang='lat'><strong>,</strong></span> <span class='ocrx_word' id='word_1_404' title='bbox 1312 4751 1708 4829; x_wconf 82' lang='lat' dir='ltr'><strong>bypocritarutu</strong></span> <span class='ocrx_word' id='word_1_405' title='bbox 1738 4748 2003 4812; x_wconf 84' lang='lat' dir='ltr'><strong>videlicet,</strong></span> 
     </span>
    </p>
   </div>
   <div class='ocr_carea' id='block_1_50' title="bbox 423 4825 2006 4916">
    <p class='ocr_par' dir='ltr' id='par_1_50' title="bbox 423 4825 2006 4916">
     <span class='ocr_line' id='line_1_50' title="bbox 423 4825 2006 4916; baseline -0.008 -12"><span class='ocrx_word' id='word_1_406' title='bbox 423 4849 800 4904; x_wconf 80' lang='lat' dir='ltr'><strong>subindicavit.</strong></span> <span class='ocrx_word' id='word_1_407' title='bbox 829 4847 1012 4916; x_wconf 87' lang='lat' dir='ltr'><strong>Neque</strong></span> <span class='ocrx_word' id='word_1_408' title='bbox 1054 4845 1196 4899; x_wconf 90' lang='lat' dir='ltr'><strong>enim</strong></span> <span class='ocrx_word' id='word_1_409' title='bbox 1229 4844 1399 4898; x_wconf 90' lang='lat' dir='ltr'><strong>solum</strong></span> <span class='ocrx_word' id='word_1_410' title='bbox 1422 4841 1564 4912; x_wconf 94' lang='lat' dir='ltr'><strong>quod</strong></span> <span class='ocrx_word' id='word_1_411' title='bbox 1594 4825 1678 4895; x_wconf 86' lang='lat' dir='ltr'><strong>res</strong></span> <span class='ocrx_word' id='word_1_412' title='bbox 1708 4849 1850 4894; x_wconf 80' lang='lat' dir='ltr'><strong>esset</strong></span> <span class='ocrx_word' id='word_1_413' title='bbox 1878 4838 2006 4893; x_wconf 90' lang='lat' dir='ltr'><strong>ridi-</strong></span> 
     </span>
    </p>
   </div>
   <div class='ocr_carea' id='block_1_51' title="bbox 420 4928 2007 5010">
    <p class='ocr_par' dir='ltr' id='par_1_51' title="bbox 420 4928 2007 5010">
     <span class='ocr_line' id='line_1_51' title="bbox 420 4928 2007 5010; baseline -0.009 -12"><span class='ocrx_word' id='word_1_414' title='bbox 420 4944 560 5004; x_wconf 88' lang='lat' dir='ltr'><strong>cula,</strong></span> <span class='ocrx_word' id='word_1_415' title='bbox 603 4956 773 5010; x_wconf 90' lang='lat' dir='ltr'><strong>neque</strong></span> <span class='ocrx_word' id='word_1_416' title='bbox 816 4940 954 5008; x_wconf 91' lang='lat' dir='ltr'><strong>quod</strong></span> <span class='ocrx_word' id='word_1_417' title='bbox 997 4938 1250 4992; x_wconf 87' lang='lat' dir='ltr'><strong>damnum</strong></span> <span class='ocrx_word' id='word_1_418' title='bbox 1283 4933 1504 4988; x_wconf 91' lang='lat' dir='ltr'><strong>inferret</strong></span> <span class='ocrx_word' id='word_1_419' title='bbox 1547 4933 1866 4995; x_wconf 83' lang='lat' dir='ltr'><strong>maximum,</strong></span> <span class='ocrx_word' id='word_1_420' title='bbox 1914 4928 2007 4984; x_wconf 86' lang='lat' dir='ltr'><strong>sed</strong></span> 
     </span>
    </p>
   </div>
   <div class='ocr_carea' id='block_1_52' title="bbox 423 5022 2007 5103">
    <p class='ocr_par' dir='ltr' id='par_1_52' title="bbox 423 5022 2007 5103">
     <span class='ocr_line' id='line_1_52' title="bbox 423 5022 2007 5103; baseline -0.009 -13"><span class='ocrx_word' id='word_1_421' title='bbox 423 5035 586 5091; x_wconf 88' lang='lat' dir='ltr'><strong>etiam</strong></span> <span class='ocrx_word' id='word_1_422' title='bbox 616 5032 754 5103; x_wconf 89' lang='lat' dir='ltr'><strong>quod</strong></span> <span class='ocrx_word' id='word_1_423' title='bbox 785 5028 1090 5099; x_wconf 88' lang='lat' dir='ltr'><strong>hujusmodi</strong></span> <span class='ocrx_word' id='word_1_424' title='bbox 1139 5027 1338 5081; x_wconf 83' lang='lat' dir='ltr'><strong>fallacia</strong></span> <span class='ocrx_word' id='word_1_425' title='bbox 1371 5035 1713 5095; x_wconf 87' lang='lat' dir='ltr'><strong>tctnporanca</strong></span> <span class='ocrx_word' id='word_1_426' title='bbox 1750 5022 2007 5078; x_wconf 78' lang='lat' dir='ltr'><strong>exhibea-</strong></span> 
     </span>
    </p>
   </div>
   <div class='ocr_carea' id='block_1_53' title="bbox 426 5117 2007 5199">
    <p class='ocr_par' dir='ltr' id='par_1_53' title="bbox 426 5117 2007 5199">
     <span class='ocr_line' id='line_1_53' title="bbox 426 5117 2007 5199; baseline -0.011 -14"><span class='ocrx_word' id='word_1_427' title='bbox 426 5139 511 5185; x_wconf 89' lang='lat' dir='ltr'><strong>tur</strong></span> <span class='ocrx_word' id='word_1_428' title='bbox 537 5173 556 5199; x_wconf 85' lang='lat'><strong>,</strong></span> <span class='ocrx_word' id='word_1_429' title='bbox 596 5143 626 5182; x_wconf 89' lang='lat' dir='ltr'><strong>a</strong></span> <span class='ocrx_word' id='word_1_430' title='bbox 654 5142 814 5197; x_wconf 80' lang='lat' dir='ltr'><strong>prava</strong></span> <span class='ocrx_word' id='word_1_431' title='bbox 863 5125 949 5178; x_wconf 90' lang='lat' dir='ltr'><strong>illa</strong></span> <span class='ocrx_word' id='word_1_432' title='bbox 977 5121 1407 5190; x_wconf 74' lang='lat' dir='ltr'><strong>concupiscentia</strong></span> <span class='ocrx_word' id='word_1_433' title='bbox 1447 5119 1680 5172; x_wconf 87' lang='lat' dir='ltr'><strong>abducit.</strong></span> <span class='ocrx_word' id='word_1_434' title='bbox 1725 5117 2007 5188; x_wconf 83' lang='lat' dir='ltr'><strong>llypncrita</strong></span> 
     </span>
    </p>
   </div>
   <div class='ocr_carea' id='block_1_54' title="bbox 423 5208 2011 5282">
    <p class='ocr_par' dir='ltr' id='par_1_54' title="bbox 423 5208 2011 5282">
     <span class='ocr_line' id='line_1_54' title="bbox 423 5208 2011 5282; baseline -0.009 -7"><span class='ocrx_word' id='word_1_435' title='bbox 423 5221 568 5276; x_wconf 88' lang='lat' dir='ltr'><strong>enim</strong></span> <span class='ocrx_word' id='word_1_436' title='bbox 591 5218 791 5272; x_wconf 87' lang='lat' dir='ltr'><strong>tamdiu</strong></span> <span class='ocrx_word' id='word_1_437' title='bbox 820 5214 1014 5270; x_wconf 89' lang='lat' dir='ltr'><strong>clarior</strong></span> <span class='ocrx_word' id='word_1_438' title='bbox 1042 5220 1264 5282; x_wconf 87' lang='lat' dir='ltr'><strong>apparet</strong></span> <span class='ocrx_word' id='word_1_439' title='bbox 1288 5252 1303 5276; x_wconf 90' lang='lat'><strong>,</strong></span> <span class='ocrx_word' id='word_1_440' title='bbox 1332 5209 1584 5280; x_wconf 89' lang='lat' dir='ltr'><strong>quamdiu</strong></span> <span class='ocrx_word' id='word_1_441' title='bbox 1615 5208 1877 5262; x_wconf 88' lang='lat' dir='ltr'><strong>theatrum</strong></span> <span class='ocrx_word' id='word_1_442' title='bbox 1926 5222 2011 5260; x_wconf 88' lang='lat' dir='ltr'><strong>sc-</strong></span> 
     </span>
    </p>
   </div>
   <div class='ocr_carea' id='block_1_55' title="bbox 423 5298 2008 5375">
    <p class='ocr_par' dir='ltr' id='par_1_55' title="bbox 423 5298 2008 5375">
     <span class='ocr_line' id='line_1_55' title="bbox 423 5298 2008 5375; baseline -0.013 -7"><span class='ocrx_word' id='word_1_443' title='bbox 423 5313 560 5368; x_wconf 90' lang='lat' dir='ltr'><strong>dcrit</strong></span> <span class='ocrx_word' id='word_1_444' title='bbox 587 5329 601 5366; x_wconf 90' lang='lat'><strong>:</strong></span> <span class='ocrx_word' id='word_1_445' title='bbox 631 5311 739 5364; x_wconf 90' lang='lat' dir='ltr'><strong>imo</strong></span> <span class='ocrx_word' id='word_1_446' title='bbox 763 5324 888 5362; x_wconf 89' lang='lat' dir='ltr'><strong>vero</strong></span> <span class='ocrx_word' id='word_1_447' title='bbox 910 5320 1081 5375; x_wconf 91' lang='lat' dir='ltr'><strong>neque</strong></span> <span class='ocrx_word' id='word_1_448' title='bbox 1109 5313 1232 5358; x_wconf 89' lang='lat' dir='ltr'><strong>tunc</strong></span> <span class='ocrx_word' id='word_1_449' title='bbox 1256 5300 1392 5370; x_wconf 90' lang='lat' dir='ltr'><strong>apud</strong></span> <span class='ocrx_word' id='word_1_450' title='bbox 1410 5315 1618 5353; x_wconf 89' lang='lat' dir='ltr'><strong>omnes.</strong></span> <span class='ocrx_word' id='word_1_451' title='bbox 1643 5298 1846 5352; x_wconf 82' lang='lat' dir='ltr'><strong>Norant</strong></span> <span class='ocrx_word' id='word_1_452' title='bbox 1869 5298 2008 5351; x_wconf 89' lang='lat' dir='ltr'><strong>enim</strong></span> 
     </span>
    </p>
   </div>
   <div class='ocr_carea' id='block_1_56' title="bbox 427 5392 2008 5475">
    <p class='ocr_par' dir='ltr' id='par_1_56' title="bbox 427 5392 2008 5475">
     <span class='ocr_line' id='line_1_56' title="bbox 427 5392 2008 5475; baseline -0.011 -15"><span class='ocrx_word' id='word_1_453' title='bbox 427 5404 641 5475; x_wconf 84' lang='lat' dir='ltr'><strong>plurimi</strong></span> <span class='ocrx_word' id='word_1_454' title='bbox 669 5411 1026 5472; x_wconf 91' lang='lat' dir='ltr'><strong>spectatorum</strong></span> <span class='ocrx_word' id='word_1_455' title='bbox 1051 5397 1138 5465; x_wconf 87' lang='lat' dir='ltr'><strong>qui</strong></span> <span class='ocrx_word' id='word_1_456' title='bbox 1161 5411 1280 5450; x_wconf 92' lang='lat' dir='ltr'><strong>cum</strong></span> <span class='ocrx_word' id='word_1_457' title='bbox 1303 5394 1410 5448; x_wconf 89' lang='lat' dir='ltr'><strong>sint</strong></span> <span class='ocrx_word' id='word_1_458' title='bbox 1440 5394 1511 5446; x_wconf 94' lang='lat' dir='ltr'><strong>illi</strong></span> <span class='ocrx_word' id='word_1_459' title='bbox 1539 5393 1714 5462; x_wconf 89' lang='lat' dir='ltr'><strong>qualia</strong></span> <span class='ocrx_word' id='word_1_460' title='bbox 1737 5392 2008 5446; x_wconf 88' lang='lat' dir='ltr'><strong>simulent.</strong></span> 
     </span>
    </p>
   </div>
   <div class='ocr_carea' id='block_1_57' title="bbox 427 5483 2013 5551">
    <p class='ocr_par' dir='ltr' id='par_1_57' title="bbox 427 5483 2013 5551">
     <span class='ocr_line' id='line_1_57' title="bbox 427 5483 2013 5551; baseline -0.011 0"><span class='ocrx_word' id='word_1_461' title='bbox 427 5496 692 5551; x_wconf 57' lang='lat' dir='ltr'><strong>Caeterum</strong></span> <span class='ocrx_word' id='word_1_462' title='bbox 721 5494 894 5548; x_wconf 89' lang='lat' dir='ltr'><strong>soluto</strong></span> <span class='ocrx_word' id='word_1_463' title='bbox 926 5491 1152 5551; x_wconf 87' lang='lat' dir='ltr'><strong>theatro,</strong></span> <span class='ocrx_word' id='word_1_464' title='bbox 1186 5484 1614 5539; x_wconf 68' lang='lat' dir='ltr'><strong>manifestissime</strong></span> <span class='ocrx_word' id='word_1_465' title='bbox 1655 5483 1902 5538; x_wconf 85' lang='lat' dir='ltr'><strong>omnibus</strong></span> <span class='ocrx_word' id='word_1_466' title='bbox 1929 5497 2013 5534; x_wconf 86' lang='lat' dir='ltr'><strong>re-</strong></span> 
     </span>
    </p>
   </div>
   <div class='ocr_carea' id='block_1_58' title="bbox 432 5575 2011 5658">
    <p class='ocr_par' dir='ltr' id='par_1_58' title="bbox 432 5575 2011 5658">
     <span class='ocr_line' id='line_1_58' title="bbox 432 5575 2011 5658; baseline -0.011 -12"><span class='ocrx_word' id='word_1_467' title='bbox 432 5592 692 5646; x_wconf 87' lang='lat' dir='ltr'><strong>velantur.</strong></span> <span class='ocrx_word' id='word_1_468' title='bbox 727 5589 837 5642; x_wconf 90' lang='lat' dir='ltr'><strong>lloc</strong></span> <span class='ocrx_word' id='word_1_469' title='bbox 864 5586 1022 5658; x_wconf 84' lang='lat' dir='ltr'><strong>igitur</strong></span> <span class='ocrx_word' id='word_1_470' title='bbox 1047 5581 1232 5654; x_wconf 79' lang='lat' dir='ltr'><strong>gloria:</strong></span> <span class='ocrx_word' id='word_1_471' title='bbox 1261 5578 1484 5649; x_wconf 91' lang='lat' dir='ltr'><strong>cupidos</strong></span> <span class='ocrx_word' id='word_1_472' title='bbox 1516 5578 1620 5647; x_wconf 90' lang='lat' dir='ltr'><strong>pati</strong></span> <span class='ocrx_word' id='word_1_473' title='bbox 1651 5575 2011 5632; x_wconf 83' lang='lat' dir='ltr'><strong>necessarium</strong></span> 
     </span>
    </p>
   </div>
   <div class='ocr_carea' id='block_1_59' title="bbox 495 5742 1595 5809">
    <p class='ocr_par' dir='ltr' id='par_1_59' title="bbox 495 5742 1595 5809">
     <span class='ocr_line' id='line_1_59' title="bbox 495 5742 1595 5809; baseline -0.005 -11"><span class='ocrx_word' id='word_1_474' title='bbox 495 5750 514 5782; x_wconf 77' lang='grc' dir='ltr'><strong>ι</strong></span> <span class='ocrx_word' id='word_1_475' title='bbox 547 5748 743 5809; x_wconf 78' lang='lat' dir='ltr'><strong>Quidam</strong></span> <span class='ocrx_word' id='word_1_476' title='bbox 767 5754 893 5804; x_wconf 69' lang='lat' dir='ltr'><strong>uss...</strong></span> <span class='ocrx_word' id='word_1_477' title='bbox 933 5750 1021 5801; x_wconf 80' lang='lat' dir='ltr'><strong>ttae</strong></span> <span class='ocrx_word' id='word_1_478' title='bbox 1039 5744 1343 5799; x_wconf 76' lang='lat' dir='ltr'><strong>excusatione</strong></span> <span class='ocrx_word' id='word_1_479' title='bbox 1363 5742 1595 5796; x_wconf 71' lang='lat' dir='ltr'><strong>deterius.</strong></span> 
     </span>
    </p>
   </div>
   <div class='ocr_carea' id='block_1_60' title="bbox 1127 292 2930 360">
    <p class='ocr_par' dir='ltr' id='par_1_60' title="bbox 1127 292 2930 360">
     <span class='ocr_line' id='line_1_60' title="bbox 1127 292 2930 360; baseline -0.002 -2"><span class='ocrx_word' id='word_1_480' title='bbox 1127 304 1182 358; x_wconf 90' lang='lat' dir='ltr'><strong>S.</strong></span> <span class='ocrx_word' id='word_1_481' title='bbox 1223 303 1500 360; x_wconf 79' lang='lat' dir='ltr'><strong>JOANNIS</strong></span> <span class='ocrx_word' id='word_1_482' title='bbox 1534 297 2014 358; x_wconf 78' lang='lat' dir='ltr'><strong>CHRYSOSTOMI</strong></span> <span class='ocrx_word' id='word_1_483' title='bbox 2049 292 2363 353; x_wconf 80' lang='lat' dir='ltr'><strong>AllCHlEP.</strong></span> <span class='ocrx_word' id='word_1_484' title='bbox 2403 299 2930 358; x_wconf 79' lang='lat' dir='ltr'><strong>CONSTANTINOP.</strong></span> 
     </span>
    </p>
   </div>
   <div class='ocr_carea' id='block_1_61' title="bbox 3573 311 3682 369">
    <p class='ocr_par' dir='ltr' id='par_1_61' title="bbox 3573 311 3682 369">
     <span class='ocr_line' id='line_1_61' title="bbox 3573 311 3682 369; baseline 0.037 -4"><span class='ocrx_word' id='word_1_485' title='bbox 3573 311 3682 369; x_wconf 69' lang='lat'><strong>983</strong></span> 
     </span>
    </p>
   </div>
   <div class='ocr_carea' id='block_1_62' title="bbox 2099 415 3683 489">
    <p class='ocr_par' dir='ltr' id='par_1_62' title="bbox 2099 415 3683 489">
     <span class='ocr_line' id='line_1_62' title="bbox 2099 415 3683 489; baseline 0.013 -27"><span class='ocrx_word' id='word_1_486' title='bbox 2099 424 2321 478; x_wconf 84' lang='lat' dir='ltr'><strong>prorsus</strong></span> <span class='ocrx_word' id='word_1_487' title='bbox 2346 423 2447 468; x_wconf 91' lang='lat' dir='ltr'><strong>est.</strong></span> <span class='ocrx_word' id='word_1_488' title='bbox 2481 415 2592 470; x_wconf 90' lang='lat' dir='ltr'><strong>ltno</strong></span> <span class='ocrx_word' id='word_1_489' title='bbox 2634 418 2796 472; x_wconf 88' lang='lat' dir='ltr'><strong>etiam</strong></span> <span class='ocrx_word' id='word_1_490' title='bbox 2829 418 3067 487; x_wconf 85' lang='lat' dir='ltr'><strong>plurimis</strong></span> <span class='ocrx_word' id='word_1_491' title='bbox 3094 421 3265 489; x_wconf 89' lang='lat' dir='ltr'><strong>palam</strong></span> <span class='ocrx_word' id='word_1_492' title='bbox 3283 431 3384 488; x_wconf 85' lang='lat' dir='ltr'><strong>est,</strong></span> <span class='ocrx_word' id='word_1_493' title='bbox 3414 435 3524 478; x_wconf 92' lang='lat' dir='ltr'><strong>non</strong></span> <span class='ocrx_word' id='word_1_494' title='bbox 3561 440 3683 482; x_wconf 86' lang='lat' dir='ltr'><strong>esse</strong></span> 
     </span>
    </p>
   </div>
   <div class='ocr_carea' id='block_1_63' title="bbox 2099 506 3678 590">
    <p class='ocr_par' dir='ltr' id='par_1_63' title="bbox 2099 506 3678 590">
     <span class='ocr_line' id='line_1_63' title="bbox 2099 506 3678 590; baseline 0.01 -32"><span class='ocrx_word' id='word_1_495' title='bbox 2099 506 2222 560; x_wconf 90' lang='lat' dir='ltr'><strong>illos</strong></span> <span class='ocrx_word' id='word_1_496' title='bbox 2247 506 2300 561; x_wconf 89' lang='lat' dir='ltr'><strong>id</strong></span> <span class='ocrx_word' id='word_1_497' title='bbox 2329 508 2470 576; x_wconf 89' lang='lat' dir='ltr'><strong>quod</strong></span> <span class='ocrx_word' id='word_1_498' title='bbox 2513 524 2632 564; x_wconf 84' lang='lat' dir='ltr'><strong>esse</strong></span> <span class='ocrx_word' id='word_1_499' title='bbox 2658 511 2937 578; x_wconf 86' lang='lat' dir='ltr'><strong>videntur;</strong></span> <span class='ocrx_word' id='word_1_500' title='bbox 2971 513 3065 568; x_wconf 85' lang='lat' dir='ltr'><strong>sed</strong></span> <span class='ocrx_word' id='word_1_501' title='bbox 3091 513 3440 578; x_wconf 80' lang='lat' dir='ltr'><strong>larvasolum</strong></span> <span class='ocrx_word' id='word_1_502' title='bbox 3479 517 3678 590; x_wconf 81' lang='lat' dir='ltr'><strong>obtegi.</strong></span> 
     </span>
    </p>
   </div>
   <div class='ocr_carea' id='block_1_64' title="bbox 2096 596 3683 675">
    <p class='ocr_par' dir='ltr' id='par_1_64' title="bbox 2096 596 3683 675">
     <span class='ocr_line' id='line_1_64' title="bbox 2096 596 3683 675; baseline 0.009 -25"><span class='ocrx_word' id='word_1_503' title='bbox 2096 596 2261 651; x_wconf 83' lang='lat' dir='ltr'><strong>Multo</strong></span> <span class='ocrx_word' id='word_1_504' title='bbox 2285 599 2454 668; x_wconf 86' lang='lat' dir='ltr'><strong>magis</strong></span> <span class='ocrx_word' id='word_1_505' title='bbox 2487 611 2665 656; x_wconf 87' lang='lat' dir='ltr'><strong>autem</strong></span> <span class='ocrx_word' id='word_1_506' title='bbox 2696 611 2876 670; x_wconf 84' lang='lat' dir='ltr'><strong>postea</strong></span> <span class='ocrx_word' id='word_1_507' title='bbox 2903 605 3198 673; x_wconf 83' lang='lat' dir='ltr'><strong>capientur,</strong></span> <span class='ocrx_word' id='word_1_508' title='bbox 3243 607 3458 675; x_wconf 87' lang='lat' dir='ltr'><strong>quando</strong></span> <span class='ocrx_word' id='word_1_509' title='bbox 3503 613 3683 666; x_wconf 88' lang='lat' dir='ltr'><strong>omnia</strong></span> 
     </span>
    </p>
   </div>
   <div class='ocr_carea' id='block_1_65' title="bbox 2096 685 3685 760">
    <p class='ocr_par' dir='ltr' id='par_1_65' title="bbox 2096 685 3685 760">
     <span class='ocr_line' id='line_1_65' title="bbox 2096 685 3685 760; baseline 0.01 -19"><span class='ocrx_word' id='word_1_510' title='bbox 2096 689 2237 742; x_wconf 76' lang='lat' dir='ltr'><strong>nuda</strong></span> <span class='ocrx_word' id='word_1_511' title='bbox 2265 699 2319 744; x_wconf 87' lang='lat' dir='ltr'><strong>et</strong></span> <span class='ocrx_word' id='word_1_512' title='bbox 2347 701 2528 760; x_wconf 82' lang='lat' dir='ltr'><strong>aperta</strong></span> <span class='ocrx_word' id='word_1_513' title='bbox 2553 701 2730 748; x_wconf 84' lang='lat' dir='ltr'><strong>erunt.</strong></span> <span class='ocrx_word' id='word_1_514' title='bbox 2761 685 2990 750; x_wconf 81' lang='lat' dir='ltr'><strong>Aliunde</strong></span> <span class='ocrx_word' id='word_1_515' title='bbox 3013 705 3191 751; x_wconf 89' lang='lat' dir='ltr'><strong>autem</strong></span> <span class='ocrx_word' id='word_1_516' title='bbox 3231 713 3441 757; x_wconf 85' lang='lat' dir='ltr'><strong>rursum</strong></span> <span class='ocrx_word' id='word_1_517' title='bbox 3473 701 3593 756; x_wconf 89' lang='lat' dir='ltr'><strong>illos</strong></span> <span class='ocrx_word' id='word_1_518' title='bbox 3615 703 3685 756; x_wconf 87' lang='lat' dir='ltr'><strong>ab</strong></span> 
     </span>
    </p>
   </div>
   <div class='ocr_carea' id='block_1_66' title="bbox 2097 778 3686 850">
    <p class='ocr_par' dir='ltr' id='par_1_66' title="bbox 2097 778 3686 850">
     <span class='ocr_line' id='line_1_66' title="bbox 2097 778 3686 850; baseline 0.01 -18"><span class='ocrx_word' id='word_1_519' title='bbox 2097 778 2388 850; x_wconf 75' lang='lat' dir='ltr'><strong>hypocritis</strong></span> <span class='ocrx_word' id='word_1_520' title='bbox 2418 782 2652 849; x_wconf 88' lang='lat' dir='ltr'><strong>abducit,</strong></span> <span class='ocrx_word' id='word_1_521' title='bbox 2681 795 2800 838; x_wconf 79' lang='lat' dir='ltr'><strong>cuin</strong></span> <span class='ocrx_word' id='word_1_522' title='bbox 2837 785 3070 841; x_wconf 79' lang='lat' dir='ltr'><strong>oStendit</strong></span> <span class='ocrx_word' id='word_1_523' title='bbox 3119 802 3220 842; x_wconf 88' lang='lat' dir='ltr'><strong>non</strong></span> <span class='ocrx_word' id='word_1_524' title='bbox 3249 800 3535 845; x_wconf 79' lang='lat' dir='ltr'><strong>onerosum</strong></span> <span class='ocrx_word' id='word_1_525' title='bbox 3563 809 3686 848; x_wconf 87' lang='lat' dir='ltr'><strong>esse</strong></span> 
     </span>
    </p>
   </div>
   <div class='ocr_carea' id='block_1_67' title="bbox 2098 873 3690 952">
    <p class='ocr_par' dir='ltr' id='par_1_67' title="bbox 2098 873 3690 952">
     <span class='ocr_line' id='line_1_67' title="bbox 2098 873 3690 952; baseline 0.006 -27"><span class='ocrx_word' id='word_1_526' title='bbox 2098 881 2442 941; x_wconf 70' lang='lat' dir='ltr'><strong>praeceptum.</strong></span> <span class='ocrx_word' id='word_1_527' title='bbox 2460 873 2642 944; x_wconf 80' lang='lat' dir='ltr'><strong>Neque</strong></span> <span class='ocrx_word' id='word_1_528' title='bbox 2659 877 2797 929; x_wconf 78' lang='lat' dir='ltr'><strong>enim</strong></span> <span class='ocrx_word' id='word_1_529' title='bbox 2815 877 3073 946; x_wconf 88' lang='lat' dir='ltr'><strong>jejunium</strong></span> <span class='ocrx_word' id='word_1_530' title='bbox 3095 881 3359 947; x_wconf 78' lang='lat' dir='ltr'><strong>extendit,</strong></span> <span class='ocrx_word' id='word_1_531' title='bbox 3375 897 3550 952; x_wconf 88' lang='lat' dir='ltr'><strong>neque</strong></span> <span class='ocrx_word' id='word_1_532' title='bbox 3570 884 3690 938; x_wconf 55' lang='lat' dir='ltr'><strong>lou.</strong></span> 
     </span>
    </p>
   </div>
   <div class='ocr_carea' id='block_1_68' title="bbox 2097 964 3690 1044">
    <p class='ocr_par' dir='ltr' id='par_1_68' title="bbox 2097 964 3690 1044">
     <span class='ocr_line' id='line_1_68' title="bbox 2097 964 3690 1044; baseline 0.009 -27"><span class='ocrx_word' id='word_1_533' title='bbox 2097 965 2213 1032; x_wconf 84' lang='lat' dir='ltr'><strong>gius</strong></span> <span class='ocrx_word' id='word_1_534' title='bbox 2247 964 2360 1019; x_wconf 87' lang='lat' dir='ltr'><strong>fieri</strong></span> <span class='ocrx_word' id='word_1_535' title='bbox 2403 967 2586 1035; x_wconf 88' lang='lat' dir='ltr'><strong>jubet;</strong></span> <span class='ocrx_word' id='word_1_536' title='bbox 2621 968 2717 1023; x_wconf 88' lang='lat' dir='ltr'><strong>sed</strong></span> <span class='ocrx_word' id='word_1_537' title='bbox 2760 985 2828 1024; x_wconf 90' lang='lat' dir='ltr'><strong>ne</strong></span> <span class='ocrx_word' id='word_1_538' title='bbox 2858 970 2972 1039; x_wconf 85' lang='lat' dir='ltr'><strong>ejus</strong></span> <span class='ocrx_word' id='word_1_539' title='bbox 2996 986 3193 1027; x_wconf 83' lang='lat' dir='ltr'><strong>corona</strong></span> <span class='ocrx_word' id='word_1_540' title='bbox 3226 984 3408 1044; x_wconf 79' lang='lat' dir='ltr'><strong>pereat</strong></span> <span class='ocrx_word' id='word_1_541' title='bbox 3463 976 3690 1037; x_wconf 77' lang='lat' dir='ltr'><strong>insistit.</strong></span> 
     </span>
    </p>
   </div>
   <div class='ocr_carea' id='block_1_69' title="bbox 2099 1057 3690 1142">
    <p class='ocr_par' dir='ltr' id='par_1_69' title="bbox 2099 1057 3690 1142">
     <span class='ocr_line' id='line_1_69' title="bbox 2099 1057 3690 1142; baseline 0.01 -33"><span class='ocrx_word' id='word_1_542' title='bbox 2099 1057 2283 1128; x_wconf 86' lang='lat' dir='ltr'><strong>Itaque</strong></span> <span class='ocrx_word' id='word_1_543' title='bbox 2309 1060 2449 1128; x_wconf 90' lang='lat' dir='ltr'><strong>quod</strong></span> <span class='ocrx_word' id='word_1_544' title='bbox 2478 1061 2650 1114; x_wconf 89' lang='lat' dir='ltr'><strong>solum</strong></span> <span class='ocrx_word' id='word_1_545' title='bbox 2681 1075 2967 1117; x_wconf 86' lang='lat' dir='ltr'><strong>onerosum</strong></span> <span class='ocrx_word' id='word_1_546' title='bbox 2992 1064 3228 1131; x_wconf 82' lang='lat' dir='ltr'><strong>videtur,</strong></span> <span class='ocrx_word' id='word_1_547' title='bbox 3250 1076 3306 1122; x_wconf 92' lang='lat' dir='ltr'><strong>et</strong></span> <span class='ocrx_word' id='word_1_548' title='bbox 3332 1068 3485 1124; x_wconf 86' lang='lat' dir='ltr'><strong>nobis</strong></span> <span class='ocrx_word' id='word_1_549' title='bbox 3503 1079 3559 1124; x_wconf 90' lang='lat' dir='ltr'><strong>et</strong></span> <span class='ocrx_word' id='word_1_550' title='bbox 3589 1071 3690 1142; x_wconf 80' lang='lat' dir='ltr'><strong>hy-</strong></span> 
     </span>
    </p>
   </div>
   <div class='ocr_carea' id='block_1_70' title="bbox 2097 1151 3689 1230">
    <p class='ocr_par' dir='ltr' id='par_1_70' title="bbox 2097 1151 3689 1230">
     <span class='ocr_line' id='line_1_70' title="bbox 2097 1151 3689 1230; baseline 0.008 -27"><span class='ocrx_word' id='word_1_551' title='bbox 2097 1151 2319 1221; x_wconf 85' lang='lat' dir='ltr'><strong>pocritis</strong></span> <span class='ocrx_word' id='word_1_552' title='bbox 2363 1167 2647 1208; x_wconf 88' lang='lat' dir='ltr'><strong>commune</strong></span> <span class='ocrx_word' id='word_1_553' title='bbox 2698 1163 2817 1209; x_wconf 84' lang='lat' dir='ltr'><strong>est:</strong></span> <span class='ocrx_word' id='word_1_554' title='bbox 2849 1170 2970 1210; x_wconf 89' lang='lat' dir='ltr'><strong>nam</strong></span> <span class='ocrx_word' id='word_1_555' title='bbox 3018 1167 3070 1209; x_wconf 89' lang='lat' dir='ltr'><strong>et</strong></span> <span class='ocrx_word' id='word_1_556' title='bbox 3115 1158 3187 1212; x_wconf 88' lang='lat' dir='ltr'><strong>illi</strong></span> <span class='ocrx_word' id='word_1_557' title='bbox 3234 1159 3509 1227; x_wconf 86' lang='lat' dir='ltr'><strong>jejnuant;</strong></span> <span class='ocrx_word' id='word_1_558' title='bbox 3542 1163 3689 1230; x_wconf 84' lang='lat' dir='ltr'><strong>quod</strong></span> 
     </span>
    </p>
   </div>
   <div class='ocr_carea' id='block_1_71' title="bbox 2095 1247 3693 1321">
    <p class='ocr_par' dir='ltr' id='par_1_71' title="bbox 2095 1247 3693 1321">
     <span class='ocr_line' id='line_1_71' title="bbox 2095 1247 3693 1321; baseline 0.007 -23"><span class='ocrx_word' id='word_1_559' title='bbox 2095 1255 2273 1299; x_wconf 87' lang='lat' dir='ltr'><strong>autem</strong></span> <span class='ocrx_word' id='word_1_560' title='bbox 2306 1258 2388 1300; x_wconf 90' lang='lat' dir='ltr'><strong>est</strong></span> <span class='ocrx_word' id='word_1_561' title='bbox 2418 1247 2748 1302; x_wconf 90' lang='lat' dir='ltr'><strong>levissimum</strong></span> <span class='ocrx_word' id='word_1_562' title='bbox 2791 1249 3026 1321; x_wconf 85' lang='lat' dir='ltr'><strong>ipsisque</strong></span> <span class='ocrx_word' id='word_1_563' title='bbox 3069 1253 3364 1321; x_wconf 88' lang='lat' dir='ltr'><strong>proprium,</strong></span> <span class='ocrx_word' id='word_1_564' title='bbox 3389 1269 3455 1311; x_wconf 91' lang='lat' dir='ltr'><strong>ne</strong></span> <span class='ocrx_word' id='word_1_565' title='bbox 3481 1255 3693 1309; x_wconf 84' lang='lat' dir='ltr'><strong>scilicet</strong></span> 
     </span>
    </p>
   </div>
   <div class='ocr_carea' id='block_1_72' title="bbox 2094 1338 3693 1415">
    <p class='ocr_par' dir='ltr' id='par_1_72' title="bbox 2094 1338 3693 1415">
     <span class='ocr_line' id='line_1_72' title="bbox 2094 1338 3693 1415; baseline 0.006 -23"><span class='ocrx_word' id='word_1_566' title='bbox 2094 1338 2403 1394; x_wconf 80' lang='lat' dir='ltr'><strong>laborantes</strong></span> <span class='ocrx_word' id='word_1_567' title='bbox 2431 1353 2628 1395; x_wconf 88' lang='lat' dir='ltr'><strong>corona</strong></span> <span class='ocrx_word' id='word_1_568' title='bbox 2671 1341 2960 1409; x_wconf 77' lang='lat' dir='ltr'><strong>priventttr,</strong></span> <span class='ocrx_word' id='word_1_569' title='bbox 3008 1342 3135 1396; x_wconf 90' lang='lat' dir='ltr'><strong>illttd</strong></span> <span class='ocrx_word' id='word_1_570' title='bbox 3167 1353 3291 1409; x_wconf 80' lang='lat' dir='ltr'><strong>est,</strong></span> <span class='ocrx_word' id='word_1_571' title='bbox 3322 1345 3507 1414; x_wconf 83' lang='lat' dir='ltr'><strong>inquit,</strong></span> <span class='ocrx_word' id='word_1_572' title='bbox 3543 1346 3693 1415; x_wconf 82' lang='lat' dir='ltr'><strong>quod</strong></span> 
     </span>
    </p>
   </div>
   <div class='ocr_carea' id='block_1_73' title="bbox 2090 1430 3689 1506">
    <p class='ocr_par' dir='ltr' id='par_1_73' title="bbox 2090 1430 3689 1506">
     <span class='ocr_line' id='line_1_73' title="bbox 2090 1430 3689 1506; baseline 0.006 -23"><span class='ocrx_word' id='word_1_573' title='bbox 2090 1430 2257 1500; x_wconf 87' lang='lat' dir='ltr'><strong>jnheo</strong></span> <span class='ocrx_word' id='word_1_574' title='bbox 2289 1447 2300 1483; x_wconf 93' lang='lat'>:</span> <span class='ocrx_word' id='word_1_575' title='bbox 2336 1431 2605 1488; x_wconf 87' lang='lat' dir='ltr'><strong>laboribus</strong></span> <span class='ocrx_word' id='word_1_576' title='bbox 2649 1433 2782 1488; x_wconf 92' lang='lat' dir='ltr'><strong>nihil</strong></span> <span class='ocrx_word' id='word_1_577' title='bbox 2809 1434 3048 1500; x_wconf 86' lang='lat' dir='ltr'><strong>addens,</strong></span> <span class='ocrx_word' id='word_1_578' title='bbox 3103 1435 3486 1506; x_wconf 87' lang='lat' dir='ltr'><strong>mercedesque</strong></span> <span class='ocrx_word' id='word_1_579' title='bbox 3535 1437 3689 1492; x_wconf 87' lang='lat' dir='ltr'><strong>vobis</strong></span> 
     </span>
    </p>
   </div>
   <div class='ocr_carea' id='block_1_74' title="bbox 2095 1525 3687 1594">
    <p class='ocr_par' dir='ltr' id='par_1_74' title="bbox 2095 1525 3687 1594">
     <span class='ocr_line' id='line_1_74' title="bbox 2095 1525 3687 1594; baseline 0.005 -17"><span class='ocrx_word' id='word_1_580' title='bbox 2095 1525 2353 1594; x_wconf 76' lang='lat' dir='ltr'><strong>colligens</strong></span> <span class='ocrx_word' id='word_1_581' title='bbox 2375 1541 2496 1580; x_wconf 89' lang='lat' dir='ltr'><strong>cum</strong></span> <span class='ocrx_word' id='word_1_582' title='bbox 2533 1529 2793 1582; x_wconf 89' lang='lat' dir='ltr'><strong>tutissima</strong></span> <span class='ocrx_word' id='word_1_583' title='bbox 2825 1529 3058 1592; x_wconf 87' lang='lat' dir='ltr'><strong>cautela,</strong></span> <span class='ocrx_word' id='word_1_584' title='bbox 3104 1544 3203 1584; x_wconf 90' lang='lat' dir='ltr'><strong>nec</strong></span> <span class='ocrx_word' id='word_1_585' title='bbox 3246 1529 3430 1584; x_wconf 91' lang='lat' dir='ltr'><strong>sinens</strong></span> <span class='ocrx_word' id='word_1_586' title='bbox 3469 1533 3687 1586; x_wconf 80' lang='lat' dir='ltr'><strong>incoro-</strong></span> 
     </span>
    </p>
   </div>
   <div class='ocr_carea' id='block_1_75' title="bbox 2098 1617 3701 1692">
    <p class='ocr_par' dir='ltr' id='par_1_75' title="bbox 2098 1617 3701 1692">
     <span class='ocr_line' id='line_1_75' title="bbox 2098 1617 3701 1692; baseline 0.004 -22"><span class='ocrx_word' id='word_1_587' title='bbox 2098 1628 2254 1674; x_wconf 81' lang='lat' dir='ltr'><strong>natos</strong></span> <span class='ocrx_word' id='word_1_588' title='bbox 2283 1617 2453 1682; x_wconf 86' lang='lat' dir='ltr'><strong>abire,</strong></span> <span class='ocrx_word' id='word_1_589' title='bbox 2484 1618 2621 1672; x_wconf 90' lang='lat' dir='ltr'><strong>sicut</strong></span> <span class='ocrx_word' id='word_1_590' title='bbox 2644 1619 2720 1674; x_wconf 90' lang='lat' dir='ltr'><strong>illi</strong></span> <span class='ocrx_word' id='word_1_591' title='bbox 2747 1620 2964 1685; x_wconf 85' lang='lat' dir='ltr'><strong>abeunt,</strong></span> <span class='ocrx_word' id='word_1_592' title='bbox 3002 1620 3093 1691; x_wconf 92' lang='lat' dir='ltr'><strong>qui</strong></span> <span class='ocrx_word' id='word_1_593' title='bbox 3121 1619 3310 1675; x_wconf 89' lang='lat' dir='ltr'><strong>nolunt</strong></span> <span class='ocrx_word' id='word_1_594' title='bbox 3349 1637 3464 1687; x_wconf 86' lang='lat' dir='ltr'><strong>eos,</strong></span> <span class='ocrx_word' id='word_1_595' title='bbox 3509 1623 3598 1692; x_wconf 77' lang='lat' dir='ltr'><strong>qui</strong></span> <span class='ocrx_word' id='word_1_596' title='bbox 3633 1624 3701 1682; x_wconf 62' lang='lat' dir='ltr'><strong>in.</strong></span> 
     </span>
    </p>
   </div>
   <div class='ocr_carea' id='block_1_76' title="bbox 2095 1708 3686 1784">
    <p class='ocr_par' dir='ltr' id='par_1_76' title="bbox 2095 1708 3686 1784">
     <span class='ocr_line' id='line_1_76' title="bbox 2095 1708 3686 1784; baseline 0.001 -22"><span class='ocrx_word' id='word_1_597' title='bbox 2095 1708 2391 1778; x_wconf 68' lang='lat' dir='ltr'><strong>Olytt‘tpicis</strong></span> <span class='ocrx_word' id='word_1_598' title='bbox 2421 1710 2558 1763; x_wconf 90' lang='lat' dir='ltr'><strong>ludis</strong></span> <span class='ocrx_word' id='word_1_599' title='bbox 2587 1710 2885 1777; x_wconf 85' lang='lat' dir='ltr'><strong>decertant,</strong></span> <span class='ocrx_word' id='word_1_600' title='bbox 2908 1713 3122 1778; x_wconf 90' lang='lat' dir='ltr'><strong>imitari,</strong></span> <span class='ocrx_word' id='word_1_601' title='bbox 3151 1715 3262 1782; x_wconf 89' lang='lat' dir='ltr'><strong>qui,</strong></span> <span class='ocrx_word' id='word_1_602' title='bbox 3294 1723 3441 1767; x_wconf 89' lang='lat' dir='ltr'><strong>tanto</strong></span> <span class='ocrx_word' id='word_1_603' title='bbox 3468 1717 3686 1784; x_wconf 81' lang='lat' dir='ltr'><strong>populo,</strong></span> 
     </span>
    </p>
   </div>
   <div class='ocr_carea' id='block_1_77' title="bbox 2097 1802 3698 1877">
    <p class='ocr_par' dir='ltr' id='par_1_77' title="bbox 2097 1802 3698 1877">
     <span class='ocr_line' id='line_1_77' title="bbox 2097 1802 3698 1877; baseline 0.004 -21"><span class='ocrx_word' id='word_1_604' title='bbox 2097 1812 2177 1856; x_wconf 92' lang='lat' dir='ltr'><strong>tot</strong></span> <span class='ocrx_word' id='word_1_605' title='bbox 2217 1802 2548 1872; x_wconf 81' lang='lat' dir='ltr'><strong>principibus</strong></span> <span class='ocrx_word' id='word_1_606' title='bbox 2598 1804 2944 1871; x_wconf 77' lang='lat' dir='ltr'><strong>sedentibus,</strong></span> <span class='ocrx_word' id='word_1_607' title='bbox 2994 1807 3081 1859; x_wconf 94' lang='lat' dir='ltr'><strong>uni</strong></span> <span class='ocrx_word' id='word_1_608' title='bbox 3133 1805 3314 1860; x_wconf 89' lang='lat' dir='ltr'><strong>volunt</strong></span> <span class='ocrx_word' id='word_1_609' title='bbox 3358 1807 3566 1875; x_wconf 86' lang='lat' dir='ltr'><strong>placere</strong></span> <span class='ocrx_word' id='word_1_610' title='bbox 3594 1809 3698 1877; x_wconf 80' lang='lat' dir='ltr'><strong>qui</strong></span> 
     </span>
    </p>
   </div>
   <div class='ocr_carea' id='block_1_78' title="bbox 2097 1894 3700 1967">
    <p class='ocr_par' dir='ltr' id='par_1_78' title="bbox 2097 1894 3700 1967">
     <span class='ocr_line' id='line_1_78' title="bbox 2097 1894 3700 1967; baseline 0.004 -20"><span class='ocrx_word' id='word_1_611' title='bbox 2097 1909 2352 1949; x_wconf 88' lang='lat' dir='ltr'><strong>coronam</strong></span> <span class='ocrx_word' id='word_1_612' title='bbox 2381 1894 2506 1963; x_wconf 86' lang='lat' dir='ltr'><strong>ipsis</strong></span> <span class='ocrx_word' id='word_1_613' title='bbox 2538 1895 2752 1962; x_wconf 83' lang='lat' dir='ltr'><strong>tribuat,</strong></span> <span class='ocrx_word' id='word_1_614' title='bbox 2782 1895 2906 1951; x_wconf 90' lang='lat' dir='ltr'><strong>licet</strong></span> <span class='ocrx_word' id='word_1_615' title='bbox 2945 1896 3031 1950; x_wconf 90' lang='lat' dir='ltr'><strong>ille</strong></span> <span class='ocrx_word' id='word_1_616' title='bbox 3071 1896 3225 1967; x_wconf 90' lang='lat' dir='ltr'><strong>longe</strong></span> <span class='ocrx_word' id='word_1_617' title='bbox 3246 1899 3315 1951; x_wconf 90' lang='lat' dir='ltr'><strong>sit</strong></span> <span class='ocrx_word' id='word_1_618' title='bbox 3349 1898 3598 1952; x_wconf 87' lang='lat' dir='ltr'><strong>inferior:</strong></span> <span class='ocrx_word' id='word_1_619' title='bbox 3631 1911 3700 1954; x_wconf 73' lang='lat' dir='ltr'><strong>tu.</strong></span> 
     </span>
    </p>
   </div>
   <div class='ocr_carea' id='block_1_79' title="bbox 2097 1985 3692 2057">
    <p class='ocr_par' dir='ltr' id='par_1_79' title="bbox 2097 1985 3692 2057">
     <span class='ocr_line' id='line_1_79' title="bbox 2097 1985 3692 2057; baseline 0.006 -19"><span class='ocrx_word' id='word_1_620' title='bbox 2097 1999 2226 2039; x_wconf 90' lang='lat' dir='ltr'><strong>vero</strong></span> <span class='ocrx_word' id='word_1_621' title='bbox 2252 2001 2374 2040; x_wconf 91' lang='lat' dir='ltr'><strong>cum</strong></span> <span class='ocrx_word' id='word_1_622' title='bbox 2398 1986 2530 2039; x_wconf 87' lang='lat' dir='ltr'><strong>duas</strong></span> <span class='ocrx_word' id='word_1_623' title='bbox 2561 1985 2759 2042; x_wconf 85' lang='lat' dir='ltr'><strong>habeas</strong></span> <span class='ocrx_word' id='word_1_624' title='bbox 2788 1988 3026 2042; x_wconf 69' lang='lat' dir='ltr'><strong>victoria:</strong></span> <span class='ocrx_word' id='word_1_625' title='bbox 3062 1989 3160 2057; x_wconf 86' lang='lat' dir='ltr'><strong>ipsi</strong></span> <span class='ocrx_word' id='word_1_626' title='bbox 3191 1990 3551 2044; x_wconf 70' lang='lat' dir='ltr'><strong>monstranda:</strong></span> <span class='ocrx_word' id='word_1_627' title='bbox 3568 2006 3692 2048; x_wconf 84' lang='lat' dir='ltr'><strong>cau-</strong></span> 
     </span>
    </p>
   </div>
   <div class='ocr_carea' id='block_1_80' title="bbox 2098 2078 3692 2155">
    <p class='ocr_par' dir='ltr' id='par_1_80' title="bbox 2098 2078 3692 2155">
     <span class='ocr_line' id='line_1_80' title="bbox 2098 2078 3692 2155; baseline 0.005 -24"><span class='ocrx_word' id='word_1_628' title='bbox 2098 2092 2206 2140; x_wconf 89' lang='lat' dir='ltr'><strong>sas,</strong></span> <span class='ocrx_word' id='word_1_629' title='bbox 2233 2088 2341 2132; x_wconf 88' lang='lat' dir='ltr'><strong>ttttn</strong></span> <span class='ocrx_word' id='word_1_630' title='bbox 2375 2078 2517 2148; x_wconf 91' lang='lat' dir='ltr'><strong>quod</strong></span> <span class='ocrx_word' id='word_1_631' title='bbox 2545 2080 2633 2134; x_wconf 91' lang='lat' dir='ltr'><strong>ille</strong></span> <span class='ocrx_word' id='word_1_632' title='bbox 2665 2080 2881 2149; x_wconf 58' lang='lat' dir='ltr'><strong>praemia</strong></span> <span class='ocrx_word' id='word_1_633' title='bbox 2913 2081 3216 2148; x_wconf 85' lang='lat' dir='ltr'><strong>distribuat,</strong></span> <span class='ocrx_word' id='word_1_634' title='bbox 3243 2092 3350 2136; x_wconf 89' lang='lat' dir='ltr'><strong>ttttn</strong></span> <span class='ocrx_word' id='word_1_635' title='bbox 3379 2084 3519 2154; x_wconf 89' lang='lat' dir='ltr'><strong>quod</strong></span> <span class='ocrx_word' id='word_1_636' title='bbox 3558 2099 3692 2155; x_wconf 77' lang='lat' dir='ltr'><strong>spe-</strong></span> 
     </span>
    </p>
   </div>
   <div class='ocr_carea' id='block_1_81' title="bbox 2098 2171 3694 2246">
    <p class='ocr_par' dir='ltr' id='par_1_81' title="bbox 2098 2171 3694 2246">
     <span class='ocr_line' id='line_1_81' title="bbox 2098 2171 3694 2246; baseline 0.003 -20"><span class='ocrx_word' id='word_1_637' title='bbox 2098 2180 2304 2226; x_wconf 83' lang='lat' dir='ltr'><strong>ctantes</strong></span> <span class='ocrx_word' id='word_1_638' title='bbox 2333 2183 2522 2225; x_wconf 86' lang='lat' dir='ltr'><strong>omnes</strong></span> <span class='ocrx_word' id='word_1_639' title='bbox 2547 2172 2665 2226; x_wconf 82' lang='lat' dir='ltr'><strong>sine</strong></span> <span class='ocrx_word' id='word_1_640' title='bbox 2705 2171 2811 2227; x_wconf 88' lang='lat' dir='ltr'><strong>ulla</strong></span> <span class='ocrx_word' id='word_1_641' title='bbox 2842 2175 3245 2240; x_wconf 80' lang='lat' dir='ltr'><strong>contparatiOne</strong></span> <span class='ocrx_word' id='word_1_642' title='bbox 3272 2188 3528 2246; x_wconf 84' lang='lat' dir='ltr'><strong>superet,</strong></span> <span class='ocrx_word' id='word_1_643' title='bbox 3565 2178 3694 2230; x_wconf 90' lang='lat' dir='ltr'><strong>aliis</strong></span> 
     </span>
    </p>
   </div>
   <div class='ocr_carea' id='block_1_82' title="bbox 2100 2264 3702 2337">
    <p class='ocr_par' dir='ltr' id='par_1_82' title="bbox 2100 2264 3702 2337">
     <span class='ocr_line' id='line_1_82' title="bbox 2100 2264 3702 2337; baseline 0.004 -21"><span class='ocrx_word' id='word_1_644' title='bbox 2100 2271 2152 2316; x_wconf 91' lang='lat' dir='ltr'><strong>te</strong></span> <span class='ocrx_word' id='word_1_645' title='bbox 2179 2272 2437 2330; x_wconf 81' lang='lat' dir='ltr'><strong>OSIentas,</strong></span> <span class='ocrx_word' id='word_1_646' title='bbox 2467 2264 2556 2333; x_wconf 92' lang='lat' dir='ltr'><strong>qui</strong></span> <span class='ocrx_word' id='word_1_647' title='bbox 2577 2279 2682 2317; x_wconf 92' lang='lat' dir='ltr'><strong>non</strong></span> <span class='ocrx_word' id='word_1_648' title='bbox 2706 2264 2867 2318; x_wconf 91' lang='lat' dir='ltr'><strong>modo</strong></span> <span class='ocrx_word' id='word_1_649' title='bbox 2889 2265 3017 2318; x_wconf 89' lang='lat' dir='ltr'><strong>nihil</strong></span> <span class='ocrx_word' id='word_1_650' title='bbox 3042 2266 3130 2320; x_wconf 91' lang='lat' dir='ltr'><strong>tibi</strong></span> <span class='ocrx_word' id='word_1_651' title='bbox 3161 2266 3416 2336; x_wconf 84' lang='lat' dir='ltr'><strong>prodesse</strong></span> <span class='ocrx_word' id='word_1_652' title='bbox 3445 2279 3702 2337; x_wconf 67' lang='lat' dir='ltr'><strong>possunt,</strong></span> 
     </span>
    </p>
   </div>
   <div class='ocr_carea' id='block_1_83' title="bbox 2099 2355 2909 2425">
    <p class='ocr_par' dir='ltr' id='par_1_83' title="bbox 2099 2355 2909 2425">
     <span class='ocr_line' id='line_1_83' title="bbox 2099 2355 2909 2425; baseline 0.004 -17"><span class='ocrx_word' id='word_1_653' title='bbox 2099 2355 2193 2409; x_wconf 84' lang='lat' dir='ltr'><strong>sed</strong></span> <span class='ocrx_word' id='word_1_654' title='bbox 2225 2356 2313 2425; x_wconf 93' lang='lat' dir='ltr'><strong>qui</strong></span> <span class='ocrx_word' id='word_1_655' title='bbox 2349 2367 2398 2410; x_wconf 89' lang='lat' dir='ltr'><strong>te</strong></span> <span class='ocrx_word' id='word_1_656' title='bbox 2427 2357 2660 2411; x_wconf 78' lang='lat' dir='ltr'><strong>maxime</strong></span> <span class='ocrx_word' id='word_1_657' title='bbox 2689 2355 2909 2412; x_wconf 73' lang='lat' dir='ltr'><strong>lccdunt.</strong></span> 
     </span>
    </p>
   </div>
   <div class='ocr_carea' id='block_1_84' title="bbox 2169 2446 3693 2523">
    <p class='ocr_par' dir='ltr' id='par_1_84' title="bbox 2169 2446 3693 2523">
     <span class='ocr_line' id='line_1_84' title="bbox 2169 2446 3693 2523; baseline 0.001 -19"><span class='ocrx_word' id='word_1_658' title='bbox 2169 2446 2224 2504; x_wconf 73' lang='grc'><strong>2.</strong></span> <span class='ocrx_word' id='word_1_659' title='bbox 2275 2446 2445 2502; x_wconf 78' lang='lat' dir='ltr'><strong>Virtus</strong></span> <span class='ocrx_word' id='word_1_660' title='bbox 2487 2448 2764 2517; x_wconf 76' lang='lat' dir='ltr'><strong>aliquando</strong></span> <span class='ocrx_word' id='word_1_661' title='bbox 2797 2463 2966 2503; x_wconf 85' lang='lat' dir='ltr'><strong>caram</strong></span> <span class='ocrx_word' id='word_1_662' title='bbox 2992 2449 3277 2506; x_wconf 74' lang='lat' dir='ltr'><strong>hominibus</strong></span> <span class='ocrx_word' id='word_1_663' title='bbox 3301 2451 3693 2523; x_wconf 80' lang='lat' dir='ltr'><strong>gloriﬁcabitur.</strong></span> 
     </span>
    </p>
   </div>
   <div class='ocr_carea' id='block_1_85' title="bbox 2098 2537 3700 2614">
    <p class='ocr_par' dir='ltr' id='par_1_85' title="bbox 2098 2537 3700 2614">
     <span class='ocr_line' id='line_1_85' title="bbox 2098 2537 3700 2614; baseline 0.002 -18"><span class='ocrx_word' id='word_1_664' title='bbox 2098 2537 2288 2596; x_wconf 82' lang='lat' dir='ltr'><strong>Contra</strong></span> <span class='ocrx_word' id='word_1_665' title='bbox 2315 2539 2604 2594; x_wconf 76' lang='lat' dir='ltr'><strong>simulatam</strong></span> <span class='ocrx_word' id='word_1_666' title='bbox 2632 2544 2958 2596; x_wconf 81' lang='lat' dir='ltr'><strong>virtutem.—</strong></span> <span class='ocrx_word' id='word_1_667' title='bbox 2980 2545 3247 2608; x_wconf 86' lang='lat' dir='ltr'><strong>Attamen,</strong></span> <span class='ocrx_word' id='word_1_668' title='bbox 3275 2545 3466 2614; x_wconf 91' lang='lat' dir='ltr'><strong>inquit,</strong></span> <span class='ocrx_word' id='word_1_669' title='bbox 3496 2560 3562 2599; x_wconf 91' lang='lat' dir='ltr'><strong>ne</strong></span> <span class='ocrx_word' id='word_1_670' title='bbox 3587 2543 3700 2600; x_wconf 86' lang='lat' dir='ltr'><strong>hoc</strong></span> 
     </span>
    </p>
   </div>
   <div class='ocr_carea' id='block_1_86' title="bbox 2099 2627 3697 2704">
    <p class='ocr_par' dir='ltr' id='par_1_86' title="bbox 2099 2627 3697 2704">
     <span class='ocr_line' id='line_1_86' title="bbox 2099 2627 3697 2704; baseline 0.004 -19"><span class='ocrx_word' id='word_1_671' title='bbox 2099 2648 2312 2704; x_wconf 86' lang='lat' dir='ltr'><strong>quoque</strong></span> <span class='ocrx_word' id='word_1_672' title='bbox 2337 2627 2591 2704; x_wconf 87' lang='lat' dir='ltr'><strong>impedio.</strong></span> <span class='ocrx_word' id='word_1_673' title='bbox 2619 2631 2750 2688; x_wconf 87' lang='lat' dir='ltr'><strong>Nam</strong></span> <span class='ocrx_word' id='word_1_674' title='bbox 2779 2634 2821 2689; x_wconf 87' lang='lat' dir='ltr'><strong>si</strong></span> <span class='ocrx_word' id='word_1_675' title='bbox 2871 2635 3176 2695; x_wconf 79' lang='lat' dir='ltr'><strong>hominibus</strong></span> <span class='ocrx_word' id='word_1_676' title='bbox 3205 2643 3255 2690; x_wconf 89' lang='lat' dir='ltr'><strong>te</strong></span> <span class='ocrx_word' id='word_1_677' title='bbox 3279 2633 3562 2692; x_wconf 90' lang='lat' dir='ltr'><strong>ostendere</strong></span> <span class='ocrx_word' id='word_1_678' title='bbox 3593 2653 3697 2692; x_wconf 85' lang='lat' dir='ltr'><strong>ve-</strong></span> 
     </span>
    </p>
   </div>
   <div class='ocr_carea' id='block_1_87' title="bbox 2101 2727 3702 2801">
    <p class='ocr_par' dir='ltr' id='par_1_87' title="bbox 2101 2727 3702 2801">
     <span class='ocr_line' id='line_1_87' title="bbox 2101 2727 3702 2801; baseline 0.004 -22"><span class='ocrx_word' id='word_1_679' title='bbox 2101 2727 2188 2782; x_wconf 87' lang='lat' dir='ltr'><strong>lis.</strong></span> <span class='ocrx_word' id='word_1_680' title='bbox 2220 2737 2503 2796; x_wconf 80' lang='lat' dir='ltr'><strong>exspecta;</strong></span> <span class='ocrx_word' id='word_1_681' title='bbox 2547 2741 2670 2781; x_wconf 89' lang='lat' dir='ltr'><strong>natn</strong></span> <span class='ocrx_word' id='word_1_682' title='bbox 2701 2728 2801 2781; x_wconf 90' lang='lat' dir='ltr'><strong>hoc</strong></span> <span class='ocrx_word' id='word_1_683' title='bbox 2827 2744 2925 2797; x_wconf 85' lang='lat' dir='ltr'><strong>ego</strong></span> <span class='ocrx_word' id='word_1_684' title='bbox 2954 2729 3045 2782; x_wconf 88' lang='lat' dir='ltr'><strong>tibi</strong></span> <span class='ocrx_word' id='word_1_685' title='bbox 3074 2729 3431 2786; x_wconf 87' lang='lat' dir='ltr'><strong>abundantius</strong></span> <span class='ocrx_word' id='word_1_686' title='bbox 3461 2742 3702 2801; x_wconf 72' lang='lat' dir='ltr'><strong>praesta-</strong></span> 
     </span>
    </p>
   </div>
   <div class='ocr_carea' id='block_1_88' title="bbox 2102 2819 3700 2893">
    <p class='ocr_par' dir='ltr' id='par_1_88' title="bbox 2102 2819 3700 2893">
     <span class='ocr_line' id='line_1_88' title="bbox 2102 2819 3700 2893; baseline 0.003 -19"><span class='ocrx_word' id='word_1_687' title='bbox 2102 2821 2189 2884; x_wconf 87' lang='lat' dir='ltr'><strong>ho,</strong></span> <span class='ocrx_word' id='word_1_688' title='bbox 2221 2829 2275 2874; x_wconf 90' lang='lat' dir='ltr'><strong>et</strong></span> <span class='ocrx_word' id='word_1_689' title='bbox 2299 2835 2418 2874; x_wconf 94' lang='lat' dir='ltr'><strong>cum</strong></span> <span class='ocrx_word' id='word_1_690' title='bbox 2447 2834 2638 2890; x_wconf 90' lang='lat' dir='ltr'><strong>magno</strong></span> <span class='ocrx_word' id='word_1_691' title='bbox 2661 2819 2827 2875; x_wconf 92' lang='lat' dir='ltr'><strong>lucro.</strong></span> <span class='ocrx_word' id='word_1_692' title='bbox 2851 2821 3001 2875; x_wconf 84' lang='lat' dir='ltr'><strong>Nunc</strong></span> <span class='ocrx_word' id='word_1_693' title='bbox 3016 2821 3156 2876; x_wconf 91' lang='lat' dir='ltr'><strong>enim</strong></span> <span class='ocrx_word' id='word_1_694' title='bbox 3183 2833 3232 2877; x_wconf 84' lang='lat' dir='ltr'><strong>te</strong></span> <span class='ocrx_word' id='word_1_695' title='bbox 3259 2821 3362 2878; x_wconf 88' lang='lat' dir='ltr'><strong>hoc</strong></span> <span class='ocrx_word' id='word_1_696' title='bbox 3387 2823 3455 2878; x_wconf 89' lang='lat' dir='ltr'><strong>ab</strong></span> <span class='ocrx_word' id='word_1_697' title='bbox 3481 2840 3542 2879; x_wconf 91' lang='lat' dir='ltr'><strong>ea</strong></span> <span class='ocrx_word' id='word_1_698' title='bbox 3572 2840 3700 2893; x_wconf 70' lang='lat' dir='ltr'><strong>qua:</strong></span> 
     </span>
    </p>
   </div>
   <div class='ocr_carea' id='block_1_89' title="bbox 2101 2910 3703 2984">
    <p class='ocr_par' dir='ltr' id='par_1_89' title="bbox 2101 2910 3703 2984">
     <span class='ocr_line' id='line_1_89' title="bbox 2101 2910 3703 2984; baseline 0.006 -21"><span class='ocrx_word' id='word_1_699' title='bbox 2101 2913 2240 2979; x_wconf 83' lang='lat' dir='ltr'><strong>apud</strong></span> <span class='ocrx_word' id='word_1_700' title='bbox 2269 2926 2355 2968; x_wconf 92' lang='lat' dir='ltr'><strong>tne</strong></span> <span class='ocrx_word' id='word_1_701' title='bbox 2379 2921 2460 2965; x_wconf 91' lang='lat' dir='ltr'><strong>est</strong></span> <span class='ocrx_word' id='word_1_702' title='bbox 2485 2911 2651 2981; x_wconf 87' lang='lat' dir='ltr'><strong>gloria</strong></span> <span class='ocrx_word' id='word_1_703' title='bbox 2675 2910 2899 2978; x_wconf 86' lang='lat' dir='ltr'><strong>divellit,</strong></span> <span class='ocrx_word' id='word_1_704' title='bbox 2931 2915 3068 2967; x_wconf 79' lang='lat' dir='ltr'><strong>sicut</strong></span> <span class='ocrx_word' id='word_1_705' title='bbox 3094 2913 3143 2967; x_wconf 88' lang='lat' dir='ltr'><strong>id</strong></span> <span class='ocrx_word' id='word_1_706' title='bbox 3185 2915 3462 2984; x_wconf 78' lang='lat' dir='ltr'><strong>despicere</strong></span> <span class='ocrx_word' id='word_1_707' title='bbox 3501 2927 3552 2971; x_wconf 92' lang='lat' dir='ltr'><strong>te</strong></span> <span class='ocrx_word' id='word_1_708' title='bbox 3579 2933 3703 2972; x_wconf 87' lang='lat' dir='ltr'><strong>tne-</strong></span> 
     </span>
    </p>
   </div>
   <div class='ocr_carea' id='block_1_90' title="bbox 2101 3003 3695 3074">
    <p class='ocr_par' dir='ltr' id='par_1_90' title="bbox 2101 3003 3695 3074">
     <span class='ocr_line' id='line_1_90' title="bbox 2101 3003 3695 3074; baseline 0.002 -15"><span class='ocrx_word' id='word_1_709' title='bbox 2101 3021 2222 3059; x_wconf 88' lang='lat' dir='ltr'><strong>cutn</strong></span> <span class='ocrx_word' id='word_1_710' title='bbox 2250 3005 2498 3074; x_wconf 85' lang='lat' dir='ltr'><strong>copulat;</strong></span> <span class='ocrx_word' id='word_1_711' title='bbox 2550 3015 2676 3059; x_wconf 90' lang='lat' dir='ltr'><strong>tunc</strong></span> <span class='ocrx_word' id='word_1_712' title='bbox 2717 3020 2847 3060; x_wconf 80' lang='lat' dir='ltr'><strong>vero</strong></span> <span class='ocrx_word' id='word_1_713' title='bbox 2873 3007 3121 3060; x_wconf 89' lang='lat' dir='ltr'><strong>onmibus</strong></span> <span class='ocrx_word' id='word_1_714' title='bbox 3151 3003 3342 3061; x_wconf 88' lang='lat' dir='ltr'><strong>frueris</strong></span> <span class='ocrx_word' id='word_1_715' title='bbox 3371 3025 3491 3061; x_wconf 70' lang='lat' dir='ltr'><strong>cum</strong></span> <span class='ocrx_word' id='word_1_716' title='bbox 3523 3007 3695 3062; x_wconf 88' lang='lat' dir='ltr'><strong>liber-</strong></span> 
     </span>
    </p>
   </div>
   <div class='ocr_carea' id='block_1_91' title="bbox 2105 3099 3710 3172">
    <p class='ocr_par' dir='ltr' id='par_1_91' title="bbox 2105 3099 3710 3172">
     <span class='ocr_line' id='line_1_91' title="bbox 2105 3099 3710 3172; baseline -0.001 -18"><span class='ocrx_word' id='word_1_717' title='bbox 2105 3112 2211 3154; x_wconf 90' lang='lat' dir='ltr'><strong>tate</strong></span> <span class='ocrx_word' id='word_1_718' title='bbox 2241 3101 2406 3164; x_wconf 89' lang='lat' dir='ltr'><strong>omui,</strong></span> <span class='ocrx_word' id='word_1_719' title='bbox 2445 3115 2544 3156; x_wconf 89' lang='lat' dir='ltr'><strong>nec</strong></span> <span class='ocrx_word' id='word_1_720' title='bbox 2573 3115 2790 3168; x_wconf 85' lang='lat' dir='ltr'><strong>parvum</strong></span> <span class='ocrx_word' id='word_1_721' title='bbox 2821 3108 2944 3154; x_wconf 90' lang='lat' dir='ltr'><strong>ante</strong></span> <span class='ocrx_word' id='word_1_722' title='bbox 2972 3099 3195 3154; x_wconf 91' lang='lat' dir='ltr'><strong>fructum</strong></span> <span class='ocrx_word' id='word_1_723' title='bbox 3244 3100 3329 3163; x_wconf 89' lang='lat' dir='ltr'><strong>hic</strong></span> <span class='ocrx_word' id='word_1_724' title='bbox 3371 3110 3710 3172; x_wconf 33' lang='lat' dir='ltr'><strong>excepturus.</strong></span> 
     </span>
    </p>
   </div>
   <div class='ocr_carea' id='block_1_92' title="bbox 2101 3190 3710 3263">
    <p class='ocr_par' dir='ltr' id='par_1_92' title="bbox 2101 3190 3710 3263">
     <span class='ocr_line' id='line_1_92' title="bbox 2101 3190 3710 3263; baseline -0.001 -16"><span class='ocrx_word' id='word_1_725' title='bbox 2101 3208 2178 3257; x_wconf 89' lang='lat' dir='ltr'><strong>es,</strong></span> <span class='ocrx_word' id='word_1_726' title='bbox 2208 3191 2353 3263; x_wconf 89' lang='lat' dir='ltr'><strong>quod</strong></span> <span class='ocrx_word' id='word_1_727' title='bbox 2377 3207 2566 3262; x_wconf 87' lang='lat' dir='ltr'><strong>nempe</strong></span> <span class='ocrx_word' id='word_1_728' title='bbox 2591 3207 2801 3246; x_wconf 90' lang='lat' dir='ltr'><strong>omnem</strong></span> <span class='ocrx_word' id='word_1_729' title='bbox 2820 3190 3103 3250; x_wconf 85' lang='lat' dir='ltr'><strong>humanam</strong></span> <span class='ocrx_word' id='word_1_730' title='bbox 3126 3192 3348 3261; x_wconf 86' lang='lat' dir='ltr'><strong>gloriam</strong></span> <span class='ocrx_word' id='word_1_731' title='bbox 3370 3191 3650 3247; x_wconf 87' lang='lat' dir='ltr'><strong>conculces</strong></span> <span class='ocrx_word' id='word_1_732' title='bbox 3676 3235 3710 3261; x_wconf 26' lang='grc' dir='ltr'><strong>,κ</strong></span> 
     </span>
    </p>
   </div>
   <div class='ocr_carea' id='block_1_93' title="bbox 2102 3283 3696 3355">
    <p class='ocr_par' dir='ltr' id='par_1_93' title="bbox 2102 3283 3696 3355">
     <span class='ocr_line' id='line_1_93' title="bbox 2102 3283 3696 3355; baseline -0.001 -16"><span class='ocrx_word' id='word_1_733' title='bbox 2102 3295 2156 3339; x_wconf 89' lang='lat' dir='ltr'><strong>et</strong></span> <span class='ocrx_word' id='word_1_734' title='bbox 2183 3300 2213 3338; x_wconf 89' lang='lat' dir='ltr'><strong>a</strong></span> <span class='ocrx_word' id='word_1_735' title='bbox 2246 3285 2394 3355; x_wconf 88' lang='lat' dir='ltr'><strong>gravi</strong></span> <span class='ocrx_word' id='word_1_736' title='bbox 2416 3283 2503 3338; x_wconf 80' lang='lat' dir='ltr'><strong>illa</strong></span> <span class='ocrx_word' id='word_1_737' title='bbox 2537 3283 2812 3339; x_wconf 90' lang='lat' dir='ltr'><strong>hominum</strong></span> <span class='ocrx_word' id='word_1_738' title='bbox 2837 3283 3096 3337; x_wconf 85' lang='lat' dir='ltr'><strong>servitute</strong></span> <span class='ocrx_word' id='word_1_739' title='bbox 3117 3284 3380 3348; x_wconf 72' lang='lat' dir='ltr'><strong>libereris,</strong></span> <span class='ocrx_word' id='word_1_740' title='bbox 3409 3300 3550 3339; x_wconf 75' lang='lat' dir='ltr'><strong>vera:</strong></span> <span class='ocrx_word' id='word_1_741' title='bbox 3580 3286 3696 3337; x_wconf 63' lang='lat' dir='ltr'><strong>viro</strong></span> 
     </span>
    </p>
   </div>
   <div class='ocr_carea' id='block_1_94' title="bbox 2105 3377 3698 3447">
    <p class='ocr_par' dir='ltr' id='par_1_94' title="bbox 2105 3377 3698 3447">
     <span class='ocr_line' id='line_1_94' title="bbox 2105 3377 3698 3447; baseline 0.001 -17"><span class='ocrx_word' id='word_1_742' title='bbox 2105 3379 2231 3433; x_wconf 82' lang='lat' dir='ltr'><strong>tutis</strong></span> <span class='ocrx_word' id='word_1_743' title='bbox 2257 3379 2517 3437; x_wconf 76' lang='lat' dir='ltr'><strong>exercitio</strong></span> <span class='ocrx_word' id='word_1_744' title='bbox 2545 3387 2824 3447; x_wconf 69' lang='lat' dir='ltr'><strong>praestans.</strong></span> <span class='ocrx_word' id='word_1_745' title='bbox 2862 3377 3011 3432; x_wconf 86' lang='lat' dir='ltr'><strong>Nunc</strong></span> <span class='ocrx_word' id='word_1_746' title='bbox 3048 3387 3230 3432; x_wconf 89' lang='lat' dir='ltr'><strong>contra</strong></span> <span class='ocrx_word' id='word_1_747' title='bbox 3272 3380 3316 3432; x_wconf 91' lang='lat' dir='ltr'><strong>si</strong></span> <span class='ocrx_word' id='word_1_748' title='bbox 3345 3379 3436 3431; x_wconf 91' lang='lat' dir='ltr'><strong>illo</strong></span> <span class='ocrx_word' id='word_1_749' title='bbox 3469 3377 3698 3432; x_wconf 86' lang='lat' dir='ltr'><strong>affectus</strong></span> 
     </span>
    </p>
   </div>
   <div class='ocr_carea' id='block_1_95' title="bbox 2103 3469 3699 3536">
    <p class='ocr_par' dir='ltr' id='par_1_95' title="bbox 2103 3469 3699 3536">
     <span class='ocr_line' id='line_1_95' title="bbox 2103 3469 3699 3536; baseline -0.001 -12"><span class='ocrx_word' id='word_1_750' title='bbox 2103 3471 2178 3525; x_wconf 88' lang='lat' dir='ltr'><strong>sis</strong></span> <span class='ocrx_word' id='word_1_751' title='bbox 2208 3470 2402 3536; x_wconf 91' lang='lat' dir='ltr'><strong>modo,</strong></span> <span class='ocrx_word' id='word_1_752' title='bbox 2434 3478 2487 3524; x_wconf 91' lang='lat' dir='ltr'><strong>et</strong></span> <span class='ocrx_word' id='word_1_753' title='bbox 2524 3471 2567 3523; x_wconf 89' lang='lat' dir='ltr'><strong>si</strong></span> <span class='ocrx_word' id='word_1_754' title='bbox 2601 3471 2652 3528; x_wconf 88' lang='lat' dir='ltr'><strong>in</strong></span> <span class='ocrx_word' id='word_1_755' title='bbox 2678 3469 2892 3526; x_wconf 85' lang='lat' dir='ltr'><strong>deserto</strong></span> <span class='ocrx_word' id='word_1_756' title='bbox 2930 3473 3035 3534; x_wconf 90' lang='lat' dir='ltr'><strong>sis,</strong></span> <span class='ocrx_word' id='word_1_757' title='bbox 3069 3471 3211 3523; x_wconf 76' lang='lat' dir='ltr'><strong>ontni</strong></span> <span class='ocrx_word' id='word_1_758' title='bbox 3258 3485 3457 3524; x_wconf 84' lang='lat' dir='ltr'><strong>vacuus</strong></span> <span class='ocrx_word' id='word_1_759' title='bbox 3498 3472 3699 3523; x_wconf 79' lang='lat' dir='ltr'><strong>virtute</strong></span> 
     </span>
    </p>
   </div>
   <div class='ocr_carea' id='block_1_96' title="bbox 2105 3560 3696 3633">
    <p class='ocr_par' dir='ltr' id='par_1_96' title="bbox 2105 3560 3696 3633">
     <span class='ocr_line' id='line_1_96' title="bbox 2105 3560 3696 3633; baseline -0.002 -15"><span class='ocrx_word' id='word_1_760' title='bbox 2105 3563 2211 3618; x_wconf 89' lang='lat' dir='ltr'><strong>eris</strong></span> <span class='ocrx_word' id='word_1_761' title='bbox 2237 3605 2250 3626; x_wconf 90' lang='lat'><strong>,</strong></span> <span class='ocrx_word' id='word_1_762' title='bbox 2283 3578 2388 3616; x_wconf 91' lang='lat' dir='ltr'><strong>non</strong></span> <span class='ocrx_word' id='word_1_763' title='bbox 2419 3562 2639 3616; x_wconf 84' lang='lat' dir='ltr'><strong>habens</strong></span> <span class='ocrx_word' id='word_1_764' title='bbox 2670 3572 3018 3633; x_wconf 83' lang='lat' dir='ltr'><strong>spectatores.</strong></span> <span class='ocrx_word' id='word_1_765' title='bbox 3047 3560 3199 3633; x_wconf 87' lang='lat' dir='ltr'><strong>Quod</strong></span> <span class='ocrx_word' id='word_1_766' title='bbox 3229 3569 3375 3616; x_wconf 90' lang='lat' dir='ltr'><strong>certe</strong></span> <span class='ocrx_word' id='word_1_767' title='bbox 3400 3568 3482 3615; x_wconf 90' lang='lat' dir='ltr'><strong>est</strong></span> <span class='ocrx_word' id='word_1_768' title='bbox 3510 3562 3696 3615; x_wconf 87' lang='lat' dir='ltr'><strong>virtuti</strong></span> 
     </span>
    </p>
   </div>
   <div class='ocr_carea' id='block_1_97' title="bbox 2105 3650 3691 3735">
    <p class='ocr_par' dir='ltr' id='par_1_97' title="bbox 2105 3650 3691 3735">
     <span class='ocr_line' id='line_1_97' title="bbox 2105 3650 3691 3735; baseline -0.001 -28"><span class='ocrx_word' id='word_1_769' title='bbox 2105 3667 2350 3724; x_wconf 87' lang='lat' dir='ltr'><strong>magnam</strong></span> <span class='ocrx_word' id='word_1_770' title='bbox 2383 3653 2581 3707; x_wconf 84' lang='lat' dir='ltr'><strong>inferre</strong></span> <span class='ocrx_word' id='word_1_771' title='bbox 2623 3651 3093 3735; x_wconf 38' lang='lat' dir='ltr'><strong>cotttum‘eliam,,si</strong></span> <span class='ocrx_word' id='word_1_772' title='bbox 3123 3667 3228 3705; x_wconf 89' lang='lat' dir='ltr'><strong>non</strong></span> <span class='ocrx_word' id='word_1_773' title='bbox 3255 3661 3467 3721; x_wconf 90' lang='lat' dir='ltr'><strong>propter</strong></span> <span class='ocrx_word' id='word_1_774' title='bbox 3495 3650 3691 3721; x_wconf 87' lang='lat' dir='ltr'><strong>ipsam,</strong></span> 
     </span>
    </p>
   </div>
   <div class='ocr_carea' id='block_1_98' title="bbox 2105 3745 3712 3818">
    <p class='ocr_par' dir='ltr' id='par_1_98' title="bbox 2105 3745 3712 3818">
     <span class='ocr_line' id='line_1_98' title="bbox 2105 3745 3712 3818; baseline -0.002 -15"><span class='ocrx_word' id='word_1_775' title='bbox 2105 3748 2197 3803; x_wconf 87' lang='lat' dir='ltr'><strong>sed</strong></span> <span class='ocrx_word' id='word_1_776' title='bbox 2226 3757 2447 3818; x_wconf 88' lang='lat' dir='ltr'><strong>propter</strong></span> <span class='ocrx_word' id='word_1_777' title='bbox 2465 3747 2719 3812; x_wconf 83' lang='lat' dir='ltr'><strong>l&#39;unarios,</strong></span> <span class='ocrx_word' id='word_1_778' title='bbox 2739 3747 2976 3818; x_wconf 65' lang='lat' dir='ltr'><strong>:Ljrarios,</strong></span> <span class='ocrx_word' id='word_1_779' title='bbox 2996 3745 3245 3814; x_wconf 89' lang='lat' dir='ltr'><strong>aliudque</strong></span> <span class='ocrx_word' id='word_1_780' title='bbox 3273 3745 3480 3804; x_wconf 74' lang='lat' dir='ltr'><strong>forense</strong></span> <span class='ocrx_word' id='word_1_781' title='bbox 3507 3747 3712 3815; x_wconf 70' lang='lat' dir='ltr'><strong>vulgus</strong></span> 
     </span>
    </p>
   </div>
   <div class='ocr_carea' id='block_1_99' title="bbox 2106 3837 3697 3908">
    <p class='ocr_par' dir='ltr' id='par_1_99' title="bbox 2106 3837 3697 3908">
     <span class='ocr_line' id='line_1_99' title="bbox 2106 3837 3697 3908; baseline -0.003 -14"><span class='ocrx_word' id='word_1_782' title='bbox 2106 3841 2252 3894; x_wconf 88' lang='lat' dir='ltr'><strong>illam</strong></span> <span class='ocrx_word' id='word_1_783' title='bbox 2281 3837 2482 3903; x_wconf 90' lang='lat' dir='ltr'><strong>adeas;</strong></span> <span class='ocrx_word' id='word_1_784' title='bbox 2516 3847 2650 3892; x_wconf 89' lang='lat' dir='ltr'><strong>utet</strong></span> <span class='ocrx_word' id='word_1_785' title='bbox 2677 3837 2928 3906; x_wconf 90' lang='lat' dir='ltr'><strong>improbi,</strong></span> <span class='ocrx_word' id='word_1_786' title='bbox 2960 3845 3015 3891; x_wconf 85' lang='lat' dir='ltr'><strong>et</strong></span> <span class='ocrx_word' id='word_1_787' title='bbox 3043 3837 3134 3906; x_wconf 91' lang='lat' dir='ltr'><strong>qui</strong></span> <span class='ocrx_word' id='word_1_788' title='bbox 3161 3838 3228 3890; x_wconf 88' lang='lat' dir='ltr'><strong>:tb</strong></span> <span class='ocrx_word' id='word_1_789' title='bbox 3269 3837 3354 3890; x_wconf 91' lang='lat' dir='ltr'><strong>illa</strong></span> <span class='ocrx_word' id='word_1_790' title='bbox 3405 3837 3558 3908; x_wconf 86' lang='lat' dir='ltr'><strong>longe</strong></span> <span class='ocrx_word' id='word_1_791' title='bbox 3603 3839 3697 3892; x_wconf 81' lang='lat' dir='ltr'><strong>di-</strong></span> 
     </span>
    </p>
   </div>
   <div class='ocr_carea' id='block_1_100' title="bbox 2105 3927 3700 3996">
    <p class='ocr_par' dir='ltr' id='par_1_100' title="bbox 2105 3927 3700 3996">
     <span class='ocr_line' id='line_1_100' title="bbox 2105 3927 3700 3996; baseline -0.001 -12"><span class='ocrx_word' id='word_1_792' title='bbox 2105 3941 2247 3987; x_wconf 84' lang='lat' dir='ltr'><strong>stant</strong></span> <span class='ocrx_word' id='word_1_793' title='bbox 2274 3941 2325 3985; x_wconf 90' lang='lat' dir='ltr'><strong>te</strong></span> <span class='ocrx_word' id='word_1_794' title='bbox 2350 3929 2703 3996; x_wconf 88' lang='lat' dir='ltr'><strong>admirentur,</strong></span> <span class='ocrx_word' id='word_1_795' title='bbox 2726 3928 3074 3996; x_wconf 80' lang='lat' dir='ltr'><strong>inimicosque</strong></span> <span class='ocrx_word' id='word_1_796' title='bbox 3099 3928 3215 3996; x_wconf 87' lang='lat' dir='ltr'><strong>ejus</strong></span> <span class='ocrx_word' id='word_1_797' title='bbox 3237 3943 3395 3984; x_wconf 88' lang='lat' dir='ltr'><strong>vocas</strong></span> <span class='ocrx_word' id='word_1_798' title='bbox 3419 3927 3700 3988; x_wconf 79' lang='lat' dir='ltr'><strong>adesten-</strong></span> 
     </span>
    </p>
   </div>
   <div class='ocr_carea' id='block_1_101' title="bbox 2107 4015 3697 4094">
    <p class='ocr_par' dir='ltr' id='par_1_101' title="bbox 2107 4015 3697 4094">
     <span class='ocr_line' id='line_1_101' title="bbox 2107 4015 3697 4094; baseline -0.004 -15"><span class='ocrx_word' id='word_1_799' title='bbox 2107 4027 2359 4079; x_wconf 78' lang='lat' dir='ltr'><strong>tationem</strong></span> <span class='ocrx_word' id='word_1_800' title='bbox 2390 4032 2444 4079; x_wconf 92' lang='lat' dir='ltr'><strong>et</strong></span> <span class='ocrx_word' id='word_1_801' title='bbox 2467 4021 2829 4094; x_wconf 82' lang='lat' dir='ltr'><strong>spectaculum</strong></span> <span class='ocrx_word' id='word_1_802' title='bbox 2863 4039 2875 4074; x_wconf 93' lang='lat'>:</span> <span class='ocrx_word' id='word_1_803' title='bbox 2905 4015 2969 4076; x_wconf 73' lang='lat' dir='ltr'><strong>a&#39;c</strong></span> <span class='ocrx_word' id='word_1_804' title='bbox 2991 4021 3035 4075; x_wconf 91' lang='lat' dir='ltr'><strong>si</strong></span> <span class='ocrx_word' id='word_1_805' title='bbox 3063 4021 3183 4091; x_wconf 93' lang='lat' dir='ltr'><strong>quis</strong></span> <span class='ocrx_word' id='word_1_806' title='bbox 3205 4021 3394 4089; x_wconf 86' lang='lat' dir='ltr'><strong>pudice</strong></span> <span class='ocrx_word' id='word_1_807' title='bbox 3417 4035 3575 4090; x_wconf 84' lang='lat' dir='ltr'><strong>agere</strong></span> <span class='ocrx_word' id='word_1_808' title='bbox 3595 4036 3697 4074; x_wconf 86' lang='lat' dir='ltr'><strong>ve-</strong></span> 
     </span>
    </p>
   </div>
   <div class='ocr_carea' id='block_1_102' title="bbox 2106 4111 3708 4184">
    <p class='ocr_par' dir='ltr' id='par_1_102' title="bbox 2106 4111 3708 4184">
     <span class='ocr_line' id='line_1_102' title="bbox 2106 4111 3708 4184; baseline -0.004 -14"><span class='ocrx_word' id='word_1_809' title='bbox 2106 4119 2186 4184; x_wconf 88' lang='lat' dir='ltr'><strong>lit,</strong></span> <span class='ocrx_word' id='word_1_810' title='bbox 2219 4133 2320 4170; x_wconf 92' lang='lat' dir='ltr'><strong>non</strong></span> <span class='ocrx_word' id='word_1_811' title='bbox 2377 4127 2594 4184; x_wconf 86' lang='lat' dir='ltr'><strong>propter</strong></span> <span class='ocrx_word' id='word_1_812' title='bbox 2656 4114 2827 4183; x_wconf 85' lang='lat' dir='ltr'><strong>ipsum</strong></span> <span class='ocrx_word' id='word_1_813' title='bbox 2885 4112 3148 4182; x_wconf 68' lang='lat' dir='ltr'><strong>pudicitiae</strong></span> <span class='ocrx_word' id='word_1_814' title='bbox 3213 4111 3434 4177; x_wconf 90' lang='lat' dir='ltr'><strong>bonum,</strong></span> <span class='ocrx_word' id='word_1_815' title='bbox 3493 4111 3588 4166; x_wconf 86' lang='lat' dir='ltr'><strong>sed</strong></span> <span class='ocrx_word' id='word_1_816' title='bbox 3638 4119 3708 4165; x_wconf 81' lang='lat' dir='ltr'><strong>ut.</strong></span> 
     </span>
    </p>
   </div>
   <div class='ocr_carea' id='block_1_103' title="bbox 2107 4201 3697 4280">
    <p class='ocr_par' dir='ltr' id='par_1_103' title="bbox 2107 4201 3697 4280">
     <span class='ocr_line' id='line_1_103' title="bbox 2107 4201 3697 4280; baseline -0.005 -17"><span class='ocrx_word' id='word_1_817' title='bbox 2107 4210 2315 4280; x_wconf 88' lang='lat' dir='ltr'><strong>placeat</strong></span> <span class='ocrx_word' id='word_1_818' title='bbox 2338 4206 2640 4276; x_wconf 89' lang='lat' dir='ltr'><strong>impudicis.</strong></span> <span class='ocrx_word' id='word_1_819' title='bbox 2667 4205 2731 4259; x_wconf 87' lang='lat' dir='ltr'><strong>Et</strong></span> <span class='ocrx_word' id='word_1_820' title='bbox 2753 4214 2806 4258; x_wconf 93' lang='lat' dir='ltr'><strong>tu</strong></span> <span class='ocrx_word' id='word_1_821' title='bbox 2827 4217 2954 4274; x_wconf 89' lang='lat' dir='ltr'><strong>ergo</strong></span> <span class='ocrx_word' id='word_1_822' title='bbox 2979 4203 3227 4256; x_wconf 89' lang='lat' dir='ltr'><strong>virtutem</strong></span> <span class='ocrx_word' id='word_1_823' title='bbox 3272 4217 3377 4256; x_wconf 89' lang='lat' dir='ltr'><strong>non</strong></span> <span class='ocrx_word' id='word_1_824' title='bbox 3417 4201 3697 4271; x_wconf 86' lang='lat' dir='ltr'><strong>elegisses,</strong></span> 
     </span>
    </p>
   </div>
   <div class='ocr_carea' id='block_1_104' title="bbox 2109 4293 3710 4364">
    <p class='ocr_par' dir='ltr' id='par_1_104' title="bbox 2109 4293 3710 4364">
     <span class='ocr_line' id='line_1_104' title="bbox 2109 4293 3710 4364; baseline -0.004 -9"><span class='ocrx_word' id='word_1_825' title='bbox 2109 4301 2208 4356; x_wconf 85' lang='lat' dir='ltr'><strong>nisi</strong></span> <span class='ocrx_word' id='word_1_826' title='bbox 2233 4301 2300 4353; x_wconf 87' lang='lat' dir='ltr'><strong>ob</strong></span> <span class='ocrx_word' id='word_1_827' title='bbox 2321 4297 2527 4352; x_wconf 72' lang='lat' dir='ltr'><strong>virtutis</strong></span> <span class='ocrx_word' id='word_1_828' title='bbox 2555 4298 2798 4351; x_wconf 90' lang='lat' dir='ltr'><strong>inimicos</strong></span> <span class='ocrx_word' id='word_1_829' title='bbox 2823 4315 2834 4348; x_wconf 95' lang='lat'>:</span> <span class='ocrx_word' id='word_1_830' title='bbox 2863 4309 2985 4352; x_wconf 88' lang='lat' dir='ltr'><strong>cum</strong></span> <span class='ocrx_word' id='word_1_831' title='bbox 3015 4302 3287 4364; x_wconf 89' lang='lat' dir='ltr'><strong>oporteret</strong></span> <span class='ocrx_word' id='word_1_832' title='bbox 3314 4309 3431 4348; x_wconf 87' lang='lat' dir='ltr'><strong>eam</strong></span> <span class='ocrx_word' id='word_1_833' title='bbox 3453 4294 3535 4348; x_wconf 86' lang='lat' dir='ltr'><strong>vel</strong></span> <span class='ocrx_word' id='word_1_834' title='bbox 3571 4293 3710 4348; x_wconf 77' lang='lat' dir='ltr'><strong>inde</strong></span> 
     </span>
    </p>
   </div>
   <div class='ocr_carea' id='block_1_105' title="bbox 2109 4385 3699 4461">
    <p class='ocr_par' dir='ltr' id='par_1_105' title="bbox 2109 4385 3699 4461">
     <span class='ocr_line' id='line_1_105' title="bbox 2109 4385 3699 4461; baseline -0.005 -14"><span class='ocrx_word' id='word_1_835' title='bbox 2109 4393 2311 4457; x_wconf 89' lang='lat' dir='ltr'><strong>mirari,</strong></span> <span class='ocrx_word' id='word_1_836' title='bbox 2343 4391 2482 4461; x_wconf 90' lang='lat' dir='ltr'><strong>quod</strong></span> <span class='ocrx_word' id='word_1_837' title='bbox 2526 4391 2768 4443; x_wconf 88' lang='lat' dir='ltr'><strong>inimicos</strong></span> <span class='ocrx_word' id='word_1_838' title='bbox 2798 4402 2923 4442; x_wconf 92' lang='lat' dir='ltr'><strong>suos</strong></span> <span class='ocrx_word' id='word_1_839' title='bbox 2951 4387 3110 4440; x_wconf 88' lang='lat' dir='ltr'><strong>etiam</strong></span> <span class='ocrx_word' id='word_1_840' title='bbox 3155 4386 3458 4440; x_wconf 82' lang='lat' dir='ltr'><strong>laudatores</strong></span> <span class='ocrx_word' id='word_1_841' title='bbox 3482 4385 3699 4440; x_wconf 86' lang='lat' dir='ltr'><strong>habeat.</strong></span> 
     </span>
    </p>
   </div>
   <div class='ocr_carea' id='block_1_106' title="bbox 2109 4483 3704 4552">
    <p class='ocr_par' dir='ltr' id='par_1_106' title="bbox 2109 4483 3704 4552">
     <span class='ocr_line' id='line_1_106' title="bbox 2109 4483 3704 4552; baseline -0.004 -12"><span class='ocrx_word' id='word_1_842' title='bbox 2109 4485 2373 4540; x_wconf 85' lang='lat' dir='ltr'><strong>Adtnirari</strong></span> <span class='ocrx_word' id='word_1_843' title='bbox 2403 4500 2529 4552; x_wconf 90' lang='lat' dir='ltr'><strong>ergo</strong></span> <span class='ocrx_word' id='word_1_844' title='bbox 2562 4483 2704 4536; x_wconf 88' lang='lat' dir='ltr'><strong>illaut</strong></span> <span class='ocrx_word' id='word_1_845' title='bbox 2735 4489 2962 4550; x_wconf 88' lang='lat' dir='ltr'><strong>oportet,</strong></span> <span class='ocrx_word' id='word_1_846' title='bbox 3000 4489 3055 4533; x_wconf 92' lang='lat' dir='ltr'><strong>ttt</strong></span> <span class='ocrx_word' id='word_1_847' title='bbox 3101 4495 3194 4549; x_wconf 85' lang='lat' dir='ltr'><strong>par</strong></span> <span class='ocrx_word' id='word_1_848' title='bbox 3217 4489 3320 4544; x_wconf 90' lang='lat' dir='ltr'><strong>cst,</strong></span> <span class='ocrx_word' id='word_1_849' title='bbox 3353 4495 3456 4533; x_wconf 87' lang='lat' dir='ltr'><strong>ttott</strong></span> <span class='ocrx_word' id='word_1_850' title='bbox 3480 4491 3704 4549; x_wconf 87' lang='lat' dir='ltr'><strong>propter</strong></span> 
     </span>
    </p>
   </div>
   <div class='ocr_carea' id='block_1_107' title="bbox 2110 4573 3700 4649">
    <p class='ocr_par' dir='ltr' id='par_1_107' title="bbox 2110 4573 3700 4649">
     <span class='ocr_line' id='line_1_107' title="bbox 2110 4573 3700 4649; baseline -0.004 -18"><span class='ocrx_word' id='word_1_851' title='bbox 2110 4581 2266 4639; x_wconf 86' lang='lat' dir='ltr'><strong>alios.</strong></span> <span class='ocrx_word' id='word_1_852' title='bbox 2290 4577 2381 4632; x_wconf 82' lang='lat' dir='ltr'><strong>sed</strong></span> <span class='ocrx_word' id='word_1_853' title='bbox 2407 4584 2628 4649; x_wconf 85' lang='lat' dir='ltr'><strong>prepter</strong></span> <span class='ocrx_word' id='word_1_854' title='bbox 2658 4575 2824 4646; x_wconf 81' lang='lat' dir='ltr'><strong>ipsam</strong></span> <span class='ocrx_word' id='word_1_855' title='bbox 2857 4593 2870 4629; x_wconf 92' lang='lat'><strong>:</strong></span> <span class='ocrx_word' id='word_1_856' title='bbox 2902 4573 3328 4645; x_wconf 86' lang='lat' dir='ltr'><strong>quandoquidem</strong></span> <span class='ocrx_word' id='word_1_857' title='bbox 3371 4589 3468 4626; x_wconf 91' lang='lat' dir='ltr'><strong>nos</strong></span> <span class='ocrx_word' id='word_1_858' title='bbox 3511 4573 3700 4636; x_wconf 85' lang='lat' dir='ltr'><strong>etiam,</strong></span> 
     </span>
    </p>
   </div>
   <div class='ocr_carea' id='block_1_108' title="bbox 2110 4667 3706 4745">
    <p class='ocr_par' dir='ltr' id='par_1_108' title="bbox 2110 4667 3706 4745">
     <span class='ocr_line' id='line_1_108' title="bbox 2110 4667 3706 4745; baseline -0.006 -16"><span class='ocrx_word' id='word_1_859' title='bbox 2110 4673 2323 4745; x_wconf 87' lang='lat' dir='ltr'><strong>quando</strong></span> <span class='ocrx_word' id='word_1_860' title='bbox 2340 4689 2445 4728; x_wconf 92' lang='lat' dir='ltr'><strong>non</strong></span> <span class='ocrx_word' id='word_1_861' title='bbox 2470 4679 2687 4742; x_wconf 83' lang='lat' dir='ltr'><strong>propter</strong></span> <span class='ocrx_word' id='word_1_862' title='bbox 2717 4687 2814 4725; x_wconf 90' lang='lat' dir='ltr'><strong>nos</strong></span> <span class='ocrx_word' id='word_1_863' title='bbox 2839 4671 3004 4740; x_wconf 91' lang='lat' dir='ltr'><strong>ipsos,</strong></span> <span class='ocrx_word' id='word_1_864' title='bbox 3038 4669 3130 4724; x_wconf 91' lang='lat' dir='ltr'><strong>sed</strong></span> <span class='ocrx_word' id='word_1_865' title='bbox 3155 4677 3373 4738; x_wconf 90' lang='lat' dir='ltr'><strong>propter</strong></span> <span class='ocrx_word' id='word_1_866' title='bbox 3397 4667 3530 4720; x_wconf 89' lang='lat' dir='ltr'><strong>alios</strong></span> <span class='ocrx_word' id='word_1_867' title='bbox 3553 4683 3706 4720; x_wconf 86' lang='lat' dir='ltr'><strong>anta-</strong></span> 
     </span>
    </p>
   </div>
   <div class='ocr_carea' id='block_1_109' title="bbox 2113 4758 3704 4831">
    <p class='ocr_par' dir='ltr' id='par_1_109' title="bbox 2113 4758 3704 4831">
     <span class='ocr_line' id='line_1_109' title="bbox 2113 4758 3704 4831; baseline -0.006 -10"><span class='ocrx_word' id='word_1_868' title='bbox 2113 4783 2250 4830; x_wconf 90' lang='lat' dir='ltr'><strong>mur,</strong></span> <span class='ocrx_word' id='word_1_869' title='bbox 2277 4764 2652 4821; x_wconf 86' lang='lat' dir='ltr'><strong>contumeliam</strong></span> <span class='ocrx_word' id='word_1_870' title='bbox 2685 4762 2736 4817; x_wconf 93' lang='lat' dir='ltr'><strong>id</strong></span> <span class='ocrx_word' id='word_1_871' title='bbox 2759 4777 2878 4817; x_wconf 90' lang='lat' dir='ltr'><strong>esse</strong></span> <span class='ocrx_word' id='word_1_872' title='bbox 2903 4771 3165 4831; x_wconf 88' lang='lat' dir='ltr'><strong>putamus.</strong></span> <span class='ocrx_word' id='word_1_873' title='bbox 3193 4758 3303 4814; x_wconf 87' lang='lat' dir='ltr'><strong>l-loc</strong></span> <span class='ocrx_word' id='word_1_874' title='bbox 3333 4759 3502 4828; x_wconf 89' lang='lat' dir='ltr'><strong>ipsum</strong></span> <span class='ocrx_word' id='word_1_875' title='bbox 3521 4758 3704 4827; x_wconf 85' lang='lat' dir='ltr'><strong>itaque</strong></span> 
     </span>
    </p>
   </div>
   <div class='ocr_carea' id='block_1_110' title="bbox 2113 4851 3705 4924">
    <p class='ocr_par' dir='ltr' id='par_1_110' title="bbox 2113 4851 3705 4924">
     <span class='ocr_line' id='line_1_110' title="bbox 2113 4851 3705 4924; baseline -0.007 -10"><span class='ocrx_word' id='word_1_876' title='bbox 2113 4859 2181 4914; x_wconf 91' lang='lat' dir='ltr'><strong>de</strong></span> <span class='ocrx_word' id='word_1_877' title='bbox 2206 4858 2398 4912; x_wconf 91' lang='lat' dir='ltr'><strong>virtute</strong></span> <span class='ocrx_word' id='word_1_878' title='bbox 2423 4857 2582 4911; x_wconf 88' lang='lat' dir='ltr'><strong>etiam</strong></span> <span class='ocrx_word' id='word_1_879' title='bbox 2606 4863 2786 4923; x_wconf 86' lang='lat' dir='ltr'><strong>reputa</strong></span> <span class='ocrx_word' id='word_1_880' title='bbox 2809 4871 2824 4918; x_wconf 91' lang='lat'><strong>;</strong></span> <span class='ocrx_word' id='word_1_881' title='bbox 2855 4868 3025 4924; x_wconf 85' lang='lat' dir='ltr'><strong>neque</strong></span> <span class='ocrx_word' id='word_1_882' title='bbox 3058 4857 3273 4922; x_wconf 86' lang='lat' dir='ltr'><strong>propter</strong></span> <span class='ocrx_word' id='word_1_883' title='bbox 3293 4851 3426 4904; x_wconf 86' lang='lat' dir='ltr'><strong>alios</strong></span> <span class='ocrx_word' id='word_1_884' title='bbox 3465 4865 3582 4903; x_wconf 89' lang='lat' dir='ltr'><strong>eant</strong></span> <span class='ocrx_word' id='word_1_885' title='bbox 3609 4865 3705 4903; x_wconf 81' lang='lat' dir='ltr'><strong>se—</strong></span> 
     </span>
    </p>
   </div>
   <div class='ocr_carea' id='block_1_111' title="bbox 2113 4939 3704 5019">
    <p class='ocr_par' dir='ltr' id='par_1_111' title="bbox 2113 4939 3704 5019">
     <span class='ocr_line' id='line_1_111' title="bbox 2113 4939 3704 5019; baseline -0.006 -16"><span class='ocrx_word' id='word_1_886' title='bbox 2113 4964 2298 5019; x_wconf 87' lang='lat' dir='ltr'><strong>quare,</strong></span> <span class='ocrx_word' id='word_1_887' title='bbox 2335 4963 2508 5018; x_wconf 89' lang='lat' dir='ltr'><strong>neque</strong></span> <span class='ocrx_word' id='word_1_888' title='bbox 2538 4955 2757 5016; x_wconf 86' lang='lat' dir='ltr'><strong>propter</strong></span> <span class='ocrx_word' id='word_1_889' title='bbox 2804 4941 3048 4998; x_wconf 90' lang='lat' dir='ltr'><strong>homines</strong></span> <span class='ocrx_word' id='word_1_890' title='bbox 3090 4941 3201 4996; x_wconf 90' lang='lat' dir='ltr'><strong>Deo</strong></span> <span class='ocrx_word' id='word_1_891' title='bbox 3225 4939 3537 5010; x_wconf 82' lang='lat' dir='ltr'><strong>obsequaris</strong></span> <span class='ocrx_word' id='word_1_892' title='bbox 3560 4981 3576 5005; x_wconf 95' lang='lat'><strong>,</strong></span> <span class='ocrx_word' id='word_1_893' title='bbox 3605 4939 3704 4994; x_wconf 91' lang='lat' dir='ltr'><strong>sed</strong></span> 
     </span>
    </p>
   </div>
   <div class='ocr_carea' id='block_1_112' title="bbox 2117 5032 3708 5111">
    <p class='ocr_par' dir='ltr' id='par_1_112' title="bbox 2117 5032 3708 5111">
     <span class='ocr_line' id='line_1_112' title="bbox 2117 5032 3708 5111; baseline -0.005 -17"><span class='ocrx_word' id='word_1_894' title='bbox 2117 5051 2332 5111; x_wconf 89' lang='lat' dir='ltr'><strong>propter</strong></span> <span class='ocrx_word' id='word_1_895' title='bbox 2359 5041 2523 5095; x_wconf 91' lang='lat' dir='ltr'><strong>Deum</strong></span> <span class='ocrx_word' id='word_1_896' title='bbox 2577 5038 2904 5100; x_wconf 89' lang='lat' dir='ltr'><strong>hominibus;</strong></span> <span class='ocrx_word' id='word_1_897' title='bbox 2935 5035 2981 5090; x_wconf 92' lang='lat' dir='ltr'><strong>si</strong></span> <span class='ocrx_word' id='word_1_898' title='bbox 3026 5051 3152 5090; x_wconf 91' lang='lat' dir='ltr'><strong>vero</strong></span> <span class='ocrx_word' id='word_1_899' title='bbox 3174 5035 3495 5089; x_wconf 87' lang='lat' dir='ltr'><strong>contrarium</strong></span> <span class='ocrx_word' id='word_1_900' title='bbox 3517 5032 3708 5097; x_wconf 75' lang='lat' dir='ltr'><strong>facias,</strong></span> 
     </span>
    </p>
   </div>
   <div class='ocr_carea' id='block_1_113' title="bbox 2115 5125 3706 5199">
    <p class='ocr_par' dir='ltr' id='par_1_113' title="bbox 2115 5125 3706 5199">
     <span class='ocr_line' id='line_1_113' title="bbox 2115 5125 3706 5199; baseline -0.006 -11"><span class='ocrx_word' id='word_1_901' title='bbox 2115 5136 2238 5189; x_wconf 89' lang='lat' dir='ltr'><strong>licet</strong></span> <span class='ocrx_word' id='word_1_902' title='bbox 2258 5134 2504 5188; x_wconf 89' lang='lat' dir='ltr'><strong>virtutem</strong></span> <span class='ocrx_word' id='word_1_903' title='bbox 2555 5132 2702 5186; x_wconf 88' lang='lat' dir='ltr'><strong>adire</strong></span> <span class='ocrx_word' id='word_1_904' title='bbox 2737 5131 2964 5185; x_wconf 85' lang='lat' dir='ltr'><strong>videaris</strong></span> <span class='ocrx_word' id='word_1_905' title='bbox 2987 5172 3001 5196; x_wconf 94' lang='lat'><strong>,</strong></span> <span class='ocrx_word' id='word_1_906' title='bbox 3032 5128 3250 5199; x_wconf 90' lang='lat' dir='ltr'><strong>perinde</strong></span> <span class='ocrx_word' id='word_1_907' title='bbox 3277 5127 3421 5182; x_wconf 92' lang='lat' dir='ltr'><strong>illutn</strong></span> <span class='ocrx_word' id='word_1_908' title='bbox 3464 5125 3516 5179; x_wconf 88' lang='lat' dir='ltr'><strong>in</strong></span> <span class='ocrx_word' id='word_1_909' title='bbox 3568 5125 3706 5179; x_wconf 88' lang='lat' dir='ltr'><strong>iram</strong></span> 
     </span>
    </p>
   </div>
   <div class='ocr_carea' id='block_1_114' title="bbox 2116 5218 3708 5295">
    <p class='ocr_par' dir='ltr' id='par_1_114' title="bbox 2116 5218 3708 5295">
     <span class='ocr_line' id='line_1_114' title="bbox 2116 5218 3708 5295; baseline -0.006 -13"><span class='ocrx_word' id='word_1_910' title='bbox 2116 5227 2416 5294; x_wconf 73' lang='lat' dir='ltr'><strong>coincitasti,</strong></span> <span class='ocrx_word' id='word_1_911' title='bbox 2441 5241 2504 5280; x_wconf 91' lang='lat' dir='ltr'><strong>ac</strong></span> <span class='ocrx_word' id='word_1_912' title='bbox 2531 5226 2573 5279; x_wconf 93' lang='lat' dir='ltr'><strong>si</strong></span> <span class='ocrx_word' id='word_1_913' title='bbox 2604 5225 2724 5295; x_wconf 91' lang='lat' dir='ltr'><strong>quis</strong></span> <span class='ocrx_word' id='word_1_914' title='bbox 2773 5224 2916 5277; x_wconf 84' lang='lat' dir='ltr'><strong>illam</strong></span> <span class='ocrx_word' id='word_1_915' title='bbox 2967 5237 3072 5278; x_wconf 92' lang='lat' dir='ltr'><strong>non</strong></span> <span class='ocrx_word' id='word_1_916' title='bbox 3099 5221 3273 5276; x_wconf 90' lang='lat' dir='ltr'><strong>adiret</strong></span> <span class='ocrx_word' id='word_1_917' title='bbox 3305 5238 3317 5273; x_wconf 93' lang='lat'>:</span> <span class='ocrx_word' id='word_1_918' title='bbox 3351 5218 3708 5290; x_wconf 88' lang='lat' dir='ltr'><strong>quemadmo-</strong></span> 
     </span>
    </p>
   </div>
   <div class='ocr_carea' id='block_1_115' title="bbox 2116 5310 3710 5384">
    <p class='ocr_par' dir='ltr' id='par_1_115' title="bbox 2116 5310 3710 5384">
     <span class='ocr_line' id='line_1_115' title="bbox 2116 5310 3710 5384; baseline -0.009 -8"><span class='ocrx_word' id='word_1_919' title='bbox 2116 5320 2245 5376; x_wconf 92' lang='lat' dir='ltr'><strong>dum</strong></span> <span class='ocrx_word' id='word_1_920' title='bbox 2273 5320 2416 5376; x_wconf 91' lang='lat' dir='ltr'><strong>enim</strong></span> <span class='ocrx_word' id='word_1_921' title='bbox 2443 5319 2530 5372; x_wconf 89' lang='lat' dir='ltr'><strong>ille</strong></span> <span class='ocrx_word' id='word_1_922' title='bbox 2552 5334 2618 5372; x_wconf 89' lang='lat' dir='ltr'><strong>eo</strong></span> <span class='ocrx_word' id='word_1_923' title='bbox 2643 5315 2782 5384; x_wconf 92' lang='lat' dir='ltr'><strong>quod</strong></span> <span class='ocrx_word' id='word_1_924' title='bbox 2811 5331 2914 5368; x_wconf 90' lang='lat' dir='ltr'><strong>non</strong></span> <span class='ocrx_word' id='word_1_925' title='bbox 2942 5315 3158 5375; x_wconf 88' lang='lat' dir='ltr'><strong>faceret,</strong></span> <span class='ocrx_word' id='word_1_926' title='bbox 3190 5311 3549 5380; x_wconf 89' lang='lat' dir='ltr'><strong>inobsequens</strong></span> <span class='ocrx_word' id='word_1_927' title='bbox 3569 5310 3671 5363; x_wconf 92' lang='lat' dir='ltr'><strong>fttit</strong></span> <span class='ocrx_word' id='word_1_928' title='bbox 3691 5349 3710 5375; x_wconf 83' lang='lat'><strong>,</strong></span> 
     </span>
    </p>
   </div>
   <div class='ocr_carea' id='block_1_116' title="bbox 2117 5402 3708 5482">
    <p class='ocr_par' dir='ltr' id='par_1_116' title="bbox 2117 5402 3708 5482">
     <span class='ocr_line' id='line_1_116' title="bbox 2117 5402 3708 5482; baseline -0.011 -10"><span class='ocrx_word' id='word_1_929' title='bbox 2117 5417 2195 5472; x_wconf 90' lang='lat' dir='ltr'><strong>sic</strong></span> <span class='ocrx_word' id='word_1_930' title='bbox 2221 5425 2275 5471; x_wconf 92' lang='lat' dir='ltr'><strong>et</strong></span> <span class='ocrx_word' id='word_1_931' title='bbox 2314 5424 2368 5469; x_wconf 93' lang='lat' dir='ltr'><strong>tu</strong></span> <span class='ocrx_word' id='word_1_932' title='bbox 2398 5429 2463 5469; x_wconf 89' lang='lat' dir='ltr'><strong>eo</strong></span> <span class='ocrx_word' id='word_1_933' title='bbox 2501 5411 2641 5482; x_wconf 89' lang='lat' dir='ltr'><strong>quod</strong></span> <span class='ocrx_word' id='word_1_934' title='bbox 2675 5427 2777 5464; x_wconf 91' lang='lat' dir='ltr'><strong>tton</strong></span> <span class='ocrx_word' id='word_1_935' title='bbox 2807 5409 2906 5463; x_wconf 91' lang='lat' dir='ltr'><strong>rite</strong></span> <span class='ocrx_word' id='word_1_936' title='bbox 2933 5406 3116 5461; x_wconf 89' lang='lat' dir='ltr'><strong>facias.</strong></span> <span class='ocrx_word' id='word_1_937' title='bbox 3141 5405 3229 5461; x_wconf 80' lang='lat' dir='ltr'><strong>l9.</strong></span> <span class='ocrx_word' id='word_1_938' title='bbox 3255 5403 3428 5458; x_wconf 84' lang='lat' dir='ltr'><strong>Nolite</strong></span> <span class='ocrx_word' id='word_1_939' title='bbox 3456 5402 3708 5456; x_wconf 77' lang='lat' dir='ltr'><strong>thesauri-</strong></span> 
     </span>
    </p>
   </div>
   <div class='ocr_carea' id='block_1_117' title="bbox 2116 5497 3712 5570">
    <p class='ocr_par' dir='ltr' id='par_1_117' title="bbox 2116 5497 3712 5570">
     <span class='ocr_line' id='line_1_117' title="bbox 2116 5497 3712 5570; baseline -0.009 -5"><span class='ocrx_word' id='word_1_940' title='bbox 2116 5526 2236 5565; x_wconf 62' lang='grc' dir='ltr'><strong>κατε</strong></span> <span class='ocrx_word' id='word_1_941' title='bbox 2269 5509 2406 5562; x_wconf 83' lang='lat' dir='ltr'><strong>vobis</strong></span> <span class='ocrx_word' id='word_1_942' title='bbox 2433 5508 2691 5561; x_wconf 74' lang='lat' dir='ltr'><strong>thesauros</strong></span> <span class='ocrx_word' id='word_1_943' title='bbox 2715 5505 2767 5556; x_wconf 84' lang='lat' dir='ltr'><strong>in</strong></span> <span class='ocrx_word' id='word_1_944' title='bbox 2805 5511 2957 5556; x_wconf 77' lang='lat' dir='ltr'><strong>terra.</strong></span> <span class='ocrx_word' id='word_1_945' title='bbox 2981 5501 3112 5570; x_wconf 84' lang='lat' dir='ltr'><strong>Quia</strong></span> <span class='ocrx_word' id='word_1_946' title='bbox 3142 5500 3284 5554; x_wconf 86' lang='lat' dir='ltr'><strong>enim</strong></span> <span class='ocrx_word' id='word_1_947' title='bbox 3329 5514 3479 5552; x_wconf 70' lang='lat' dir='ltr'><strong>vana:</strong></span> <span class='ocrx_word' id='word_1_948' title='bbox 3521 5497 3712 5567; x_wconf 73' lang='lat' dir='ltr'><strong>gloria:</strong></span> 
     </span>
    </p>
   </div>
   <div class='ocr_carea' id='block_1_118' title="bbox 2121 5589 3710 5667">
    <p class='ocr_par' dir='ltr' id='par_1_118' title="bbox 2121 5589 3710 5667">
     <span class='ocr_line' id='line_1_118' title="bbox 2121 5589 3710 5667; baseline -0.011 -12"><span class='ocrx_word' id='word_1_949' title='bbox 2121 5600 2366 5656; x_wconf 90' lang='lat' dir='ltr'><strong>morbum</strong></span> <span class='ocrx_word' id='word_1_950' title='bbox 2395 5598 2620 5667; x_wconf 80' lang='lat' dir='ltr'><strong>expulit,</strong></span> <span class='ocrx_word' id='word_1_951' title='bbox 2651 5604 2950 5664; x_wconf 87' lang='lat' dir='ltr'><strong>opportune</strong></span> <span class='ocrx_word' id='word_1_952' title='bbox 2992 5592 3101 5660; x_wconf 89' lang='lat' dir='ltr'><strong>jam</strong></span> <span class='ocrx_word' id='word_1_953' title='bbox 3142 5589 3211 5645; x_wconf 91' lang='lat' dir='ltr'><strong>de</strong></span> <span class='ocrx_word' id='word_1_954' title='bbox 3249 5590 3550 5643; x_wconf 86' lang='lat' dir='ltr'><strong>divitiarum</strong></span> <span class='ocrx_word' id='word_1_955' title='bbox 3577 5601 3710 5640; x_wconf 92' lang='lat' dir='ltr'><strong>con-</strong></span> 
     </span>
    </p>
   </div>
   <div class='ocr_carea' id='block_1_119' title="bbox 2123 5680 3710 5767">
    <p class='ocr_par' dir='ltr' id='par_1_119' title="bbox 2123 5680 3710 5767">
     <span class='ocr_line' id='line_1_119' title="bbox 2123 5680 3710 5767; baseline -0.014 -11"><span class='ocrx_word' id='word_1_956' title='bbox 2123 5707 2322 5767; x_wconf 89' lang='lat' dir='ltr'><strong>temptu</strong></span> <span class='ocrx_word' id='word_1_957' title='bbox 2343 5706 2646 5752; x_wconf 87' lang='lat' dir='ltr'><strong>sermonem</strong></span> <span class='ocrx_word' id='word_1_958' title='bbox 2670 5688 2887 5744; x_wconf 89' lang='lat' dir='ltr'><strong>inducit.</strong></span> <span class='ocrx_word' id='word_1_959' title='bbox 2902 5685 3041 5742; x_wconf 85' lang='lat' dir='ltr'><strong>Nihil</strong></span> <span class='ocrx_word' id='word_1_960' title='bbox 3064 5685 3206 5740; x_wconf 90' lang='lat' dir='ltr'><strong>enim</strong></span> <span class='ocrx_word' id='word_1_961' title='bbox 3229 5683 3296 5738; x_wconf 88' lang='lat' dir='ltr'><strong>ita</strong></span> <span class='ocrx_word' id='word_1_962' title='bbox 3320 5683 3384 5738; x_wconf 88' lang='lat' dir='ltr'><strong>ad</strong></span> <span class='ocrx_word' id='word_1_963' title='bbox 3402 5680 3710 5738; x_wconf 83' lang='lat' dir='ltr'><strong>divitiarum</strong></span> 
     </span>
    </p>
   </div>
  </div>
