4058 6356
319 366 432 422 289

313 481 494 549 δοξίας
534 480 756 547 ἐξέϐαλε
801 481 1034 554 νόσημα,
1064 483 1335 555 εὐκαίρως
1368 484 1554 539 λοιπὸν
1598 486 1690 537 καὶ
1731 485 1822 538 τὸν
1862 484 1992 556 περὶ

311 564 704 636 ἀκτημοσύνης
736 567 944 634 εἰσάγει
977 566 1154 636 λόγον.
1186 568 1353 622 Οὐδὲν
1381 569 1490 640 γὰρ
1521 567 1665 621 οὐτω
1693 568 1993 638 χρημάτων

311 649 446 720 ἐρᾷν
495 649 925 717 παρασκευάζει,
960 650 1037 713 ὡς
1078 651 1108 701 ὁ
1146 650 1247 721 τῆς
1281 652 1441 723 δόξης
1467 652 1514 683 ⁸⁸
1542 653 1699 723 ἔρως.
1734 653 1833 705 Διά
1860 651 1993 721 γοῦν

310 732 472 785 τοῦτο
518 734 613 786 καὶ
657 733 758 796 τὰς
801 733 911 785 τῶν
947 732 1295 802 ἀνδραπόδων
1323 734 1543 803 ἀγέλας,
1580 736 1676 787 καὶ
1704 734 1795 787 τὸν
1825 735 1994 805 ἐσμὸν

311 815 423 870 τῶν
447 816 741 887 εὐνούχων,
768 817 1008 879 καὶτοὺς
1032 816 1506 887 χρυσοφοροῦντας
1529 817 1749 880 ἵππους,
1778 820 1873 871 καὶ
1891 818 1992 881 τὰς

313 899 561 969 ἀργυρᾶς
598 897 898 970 τραπέζας,
940 900 1035 952 καὶ⁵
1071 899 1141 952 τὰ
1188 899 1324 954 ἄλλα
1365 899 1435 953 τὰ
1484 901 1995 973 καταγελαστότερα

312 979 617 1035 ἐπινοοῦσιν
662 979 963 1051 ἄνθρωποι·
1004 981 1101 1050 οὐχ
1136 981 1223 1035 ἵνα
1255 982 1445 1052 χρείαν
1472 981 1853 1054 πληρώσωσιν,
1884 984 1993 1037 οὐδ’

315 1063 403 1116 ἵνα
427 1064 629 1144 ἡδονῆς*
642 1063 1046 1144 ἀπολαύσωσιν,
1074 1063 1188 1116 ἀλλ’
1213 1064 1300 1117 ἴνα
1323 1067 1434 1126 τοῖς
1458 1064 1670 1128 πολλοῖς
1694 1064 1996 1130 ἐπιδείξων-

311 1161 421 1198 ται.
468 1142 750 1216 Ἀνωτέρω
782 1145 880 1215 μὲν
913 1142 1028 1209 οὐν,
1063 1146 1145 1199 ὃτι
1181 1146 1349 1200 ἐλεεῖν
1378 1146 1460 1200 δεῖ
1484 1147 1647 1217 μόνον
1672 1146 1873 1215 ἔλεγεν·
1909 1149 1996 1201 ἐν-

311 1229 486 1282 ταῦθα
508 1230 565 1282 δὲ
591 1231 686 1282 καὶ
710 1228 876 1283 πόσον
898 1229 1067 1283 ἐλεεῖν
1099 1229 1205 1301 χρὴ
1232 1229 1522 1294 δείκνυσιν,
1554 1228 1743 1293 εἰπὼν,
1774 1231 1870 1299 Μὴ
1902 1234 1998 1299 θη·

312 1311 639 1380 σαυρίζετε.
678 1312 898 1384 Ἐπειδὴ
932 1312 1039 1384 γὰρ
1075 1315 1175 1366 οὐκ
1206 1312 1332 1384 ἐνῆν
1367 1313 1426 1379 ἐξ
1460 1313 1635 1383 ἀρχῆς
1682 1312 1876 1384 ἀθρόον
1904 1314 1996 1368 τὸν

315 1393 469 1467 [262]
523 1395 652 1466 περὶ
688 1399 789 1466 τῆς
836 1396 1138 1466 ὑπεροψίας
1178 1395 1287 1447 τῶν
1332 1396 1632 1466 χρημάτων
1682 1399 1995 1465 εἰσαγαγεῖν

313 1478 471 1547 λόγον
497 1478 587 1531 διὰ
617 1478 715 1549 τὴν
739 1479 1029 1549 τυραννίδα
1062 1478 1156 1532 τοῦ
1189 1478 1415 1546 πάθους,
1440 1480 1581 1534 κατὰ
1607 1481 1801 1552 μικρὸν
1833 1481 1996 1535 αὐτὸν

312 1560 586 1631 διατεμὼν
624 1562 718 1614 καὶ
753 1561 1148 1631 ἐλευθερώσας,
1197 1562 1405 1632 ἐνίησιν
1450 1563 1510 1614 ἐν
1542 1566 1609 1634 τῇ
1646 1563 1755 1615 τῶν
1790 1564 1996 1635 ἀκροα-

311 1643 424 1698 τῶν
451 1644 679 1715 διανοίᾳ,
718 1643 856 1697 ὥστε
882 1644 1285 1713 εὐπαράδεκτον
1316 1645 1587 1713 γενέσθαι.
1619 1644 1718 1699 Διά
1751 1646 1815 1717 δὴ
1840 1646 1997 1700 τοῦτο

314 1728 532 1798 πρῶτον
580 1728 679 1797 μὲν
737 1727 890 1796 ἔλεγε
915 1769 930 1791 ,
977 1728 1266 1796 Μακάριοι
1330 1731 1382 1782 01
1442 1729 1804 1797 ἐλεήμονες·
1855 1730 1996 1800 μετὰ

313 1810 373 1864 δέ
423 1809 603 1875 τοῦτο,
643 1812 790 1865 Ἵσθι
826 1809 1055 1864 εὐνοῶν
1100 1808 1180 1875 τῷ
1223 1811 1507 1879 ἀντιδίκῳ
1551 1828 1689 1866 σου·
1737 1811 1833 1865 καὶ
1877 1815 1994 1882 μετ’

316 1896 494 1948 ἐκεῖνο
531 1894 715 1957 πάλιν,
762 1893 903 1948 Ἐάν
927 1894 1017 1960 τίς
1051 1908 1150 1946 σοι
1176 1893 1323 1963 θέλῃ
1346 1895 1390 1926 ⁸⁷
1419 1894 1712 1964 κριθῆναι,
1753 1895 1854 1949 καὶ
1890 1897 1999 1950 τὸν

314 1976 537 2045 χιτῶνά
584 1994 701 2032 σου
749 1977 979 2041 λαϐεῖν,
1011 1976 1117 2043 δὸς
1152 1977 1311 2043 αὐτῷ
1355 1978 1454 2033 καὶ
1503 1979 1571 2032 τὸ
1611 1978 1861 2048 ἱμάτιον·
1909 1982 1996 2035 ὲν-

314 2059 489 2114 ταῦθα
520 2061 577 2114 δέ
610 2061 669 2114 τὸ
706 2060 886 2131 πολλῷ
929 2060 1115 2131 μεῖζον
1160 2062 1376 2116 πάντων
1411 2061 1654 2115 ἐκείνων.
1710 2062 1857 2116 Ἐκεῖ
1903 2063 2000 2133 μὲν

315 2144 425 2214 γὰρ
464 2138 637 2206 εἶπεν,
669 2144 751 2197 ὅτι
787 2144 886 2198 Ἂν
926 2143 1083 2213 δίκην
1114 2144 1468 2216 ἐπικειμένην
1498 2145 1635 2217 ἴδῃς,
1662 2145 1818 2198 τοῦτο
1847 2144 2002 2215 ποίη-

318 2241 430 2278 σον·
458 2224 553 2279 τοῦ
581 2226 692 2299 7&9
718 2224 988 2298 μάχεσθαι
1020 2225 1211 2297 ἔχοντα
1252 2226 1299 2258 ⁸⁸
1338 2226 1548 2298 βέλτιον
1588 2228 1648 2280 τὸ
1695 2228 1771 2299 μὴ
1811 2226 2001 2299 ἔχοντα

316 2306 662 2378 ἀπηλλάχθαι
713 2308 914 2378 μάχης.
969 2307 1233 2363 Ἐνταῦθα
1274 2308 1331 2362 δέ
1384 2308 1508 2362 οὐτε
1547 2309 1837 2375 ἀντίδικον,
1877 2308 2002 2363 οὔτε

315 2388 409 2443 τὸν
444 2394 765 2464 κρινόμενον
799 2393 933 2457 θεὶς,
961 2391 1087 2446 οὐτε
1122 2392 1283 2447 ἄλλου
1324 2392 1538 2456 οὐδενὸς
1575 2393 1817 2447 τοιούτου
1865 2410 2002 2463 μνη-

318 2474 604 2543 μονεύσας.
653 2475 823 2547 αὐτὴν
866 2475 987 2530 καθ’
1026 2477 1226 2547 ἑαυτὴν
1271 2475 1512 2529 διδάσκει
1557 2476 1658 2548 τὴν
1703 2477 1813 2532 τῶν
1862 2493 1999 2548 χρη-

320 2556 511 2627 μάτων
543 2558 865 2629 ὑπεροψίαν,
905 2559 1123 2622 δεικνὺς
1151 2559 1233 2613 ὃτι
1276 2560 1335 2614 οὐ
1374 2560 1464 2613 διὰ
1488 2560 1615 2623 τοὺς
1647 2560 2003 2634 ἐλεουμένους

316 2641 595 2707 τοσοῦτον,
632 2643 756 2695 ὅσον
780 2642 872 2697 διὰ
894 2642 986 2696 τὸν
1016 2642 1227 2697 διδόντα
1261 2642 1434 2696 ταῦτα
1460 2644 1757 2714 νομοτεθεῖ·
1785 2646 1870 2699 ἵνα
1898 2645 2003 2700 κᾶν

226 2776 235 2780 -
320 2722 571 2800 μηδεὶςῇ
609 2727 638 2779 ὁ
658 2725 860 2779 ἀδικῶν
894 2727 988 2780 καὶ
1022 2726 1195 2779 ἕλκων
1227 2727 1308 2789 εἰς
1336 2726 1706 2799 δικαστήριον,
1740 2729 1833 2782 καὶ
1858 2728 2003 2782 οὔτω

316 2810 751 2881 καταφρονῶμεν
779 2810 888 2865 τῶν
919 2811 1111 2872 ὄντων,
1144 2811 1477 2882 παρέχοντες
1508 2812 1648 2865 αὐτά
1670 2814 1784 2876 τοῖς
1812 2812 2004 2883 δεομέ-

317 2907 449 2955 νοις.
475 2892 584 2945 Καὶ
604 2892 725 2946 οὐδέ
753 2892 988 2948 ἐνταῦθα
1017 2892 1078 2946 τὸ
1102 2893 1222 2947 ὅλον
1247 2893 1509 2960 τέθεικεν,
1540 2894 1674 2948 ἀλλά
1698 2896 1790 2949 καὶ
1815 2895 2003 2950 ἐνταῦο

317 2990 387 3027 τα
415 2975 621 3046 ἡρέμα,
652 2976 893 3046 καίτοιγε
921 2978 1048 3040 τοὺς
1074 2975 1293 3047 ἀγῶνας
1322 2977 1450 3040 τοὺς
1472 2979 1600 3048 περὶ
1625 2978 1832 3034 τούτων
1865 2980 2005 3050 μετά

320 3056 521 3129 πολλῆς
542 3061 599 3111 ἐν
622 3062 687 3130 τῇ
716 3061 908 3131 ἐρήμῳ
940 3061 1038 3132 τῆς
1068 3059 1374 3131 ὑπερϐολῆς
1398 3060 1825 3133 ἐπιδειξάμενος.
1860 3063 1999 3117 Ἀλλ’

318 3140 467 3211 ὅμως
491 3142 551 3195 οὐ
587 3142 765 3214 τίθησι
797 3142 977 3208 τοῦτο,
1004 3143 1124 3197 οὐδὲ
1152 3144 1233 3207 είς
1262 3144 1429 3214 μέσον
1464 3145 1608 3214 ἄγει·
1645 3146 1858 3199 οὐδέπω
1890 3148 2001 3218 γὰρ

318 3224 625 3295 ἐκκαλύψαι
671 3227 861 3297 καιρὸς
901 3222 990 3298 ἦν·
1034 3226 1170 3281 ἀλλά
1216 3226 1511 3297 λογισμοὺς
1549 3229 1793 3294 ἐξετάζει
1839 3230 1998 3295 τέως,

320 3307 626 3378 συμϐούλου
662 3311 862 3380 μᾶλλον
904 3310 938 3381 ἢ
980 3311 1272 3382 νομοθέτου
1303 3311 1457 3377 τάξιν
1492 3313 1551 3364 ἐν
1576 3315 1688 3376 τοῖς
1719 3314 1850 3383 περὶ
1877 3314 2003 3367 τού-

317 3408 428 3443 των
457 3391 741 3459 φυλάττων
774 3391 972 3460 λόγοις.
1004 3392 1190 3449 Εἰπὼν
1216 3394 1345 3465 γάρ,
1374 3393 1468 3462 Μὴ
1496 3394 1876 3464 θησαυρίζετε
1899 3396 2001 3452 ἐπὶ

317 3471 432 3541 τῆς
452 3472 587 3543 τῆς,
614 3475 917 3545 ἐπήγαγεν·
952 3475 1138 3532 Ὅπου
1162 3476 1285 3545 σὴς
1315 3477 1412 3530 καὶ
1439 3476 1674 3545 βρῶσις
1711 3478 1997 3548 ἀφανίζει,

319 3555 419 3609 καὶ
449 3556 603 3611 ὅπου
640 3557 890 3611 κλέπται
924 3557 1305 3626 διορύττουσι
1343 3561 1443 3614 καὶ
1466 3561 1818 3616 κλέπτουσι.
1852 3562 2002 3627 Τέως

319 3638 558 3693 δείκνυσι
578 3639 673 3693 τοῦ
700 3640 935 3696 ἐνταῦθα
961 3643 1236 3713 θησαυροῦ
1266 3644 1363 3715 τὴν
1390 3643 1617 3714 βλάϐην,
1642 3648 1736 3698 καὶ
1764 3643 1858 3699 τοῦ
1886 3648 2005 3699 ἐκεῖ

319 3722 419 3793 τὴν
447 3722 734 3791 ὠφέλειαν,
769 3727 865 3778 καὶ
888 3725 995 3777 ἀπὸ
1024 3726 1115 3779 τοῦ
1146 3726 1336 3790 τόπου,
1366 3727 1458 3779 καὶ
1482 3727 1590 3780 ἀπὸ
1610 3726 1719 3780 τῶν
1747 3726 2001 3799 λυμαινο-

325 3808 504 3878 μένων
537 3807 604 3860 ⁸³.
644 3809 752 3861 Καὶ
791 3808 913 3861 οὐδέ
955 3810 1115 3881 μέχρι
1154 3809 1346 3864 τούτου
1386 3812 1432 3842 ⁹⁰
1465 3812 1699 3876 ἵσταται,
1735 3811 1872 3866 ἀλλὰ
1910 3815 2004 3866 καὶ

322 3891 511 3981 ἓτερον
557 3893 750 3981 ἐπάγει
771 3892 1062 3981 λογισμόν.
1102 3895 1231 3981 Καὶ-
1254 3894 1508 3981 πρῶτον,
1528 3895 1620 3966 ἀφ’
1768 3895 2003 3981 μάλιστα

320 3972 644 4040 δεδοίκασιν,
686 3976 797 4028 ἀπὸ
839 3974 1045 4028 τούτων
1085 3977 1281 4040 αὐτοὺς
1309 3977 1626 4048 προτρέπει.
1675 3978 1741 4030 Τί
1781 3977 1891 4050 7&9
1920 3979 2005 4031 δέ-

320 4057 539 4123 δοικας;
564 4058 715 4129 φησί·
750 4058 825 4131 μὴ
851 4058 1099 4133 ἀναλωθῇ
1127 4061 1196 4113 τά
1216 4061 1496 4132 χρήματα,
1516 4062 1612 4114 ἐὰν
1633 4060 2004 4133 ἐλεημοσύνην

321 4140 429 4212 δῷς
453 4158 468 4208 ;
494 4141 702 4195 Οὐκοῦν
727 4141 815 4207 δὸς
843 4141 1234 4215 ἐλεημοσύνην,
1263 4144 1359 4196 καὶ
1390 4143 1510 4196 τότε
1532 4146 1634 4197 οὐκ
1657 4145 2005 4216 ἀναλωθήσε-

322 4242 432 4279 ται·
463 4226 558 4279 καὶ
599 4225 660 4278 τὸ
688 4224 754 4297 δὴ
792 4226 997 4295 μεῖζον,
1034 4228 1114 4281 ὅτι
1150 4228 1211 4281 οὐ
1248 4226 1405 4298 μόνον
1437 4227 1536 4279 οὐκ
1574 4227 2000 4299 ἀναλωθήσεται,

321 4308 437 4361 ἀλλ’
467 4309 551 4363 ὅτι
584 4309 678 4363 καὶ
707 4309 1026 4382 προσθήκην
1056 4309 1284 4380 λήψεται
1314 4308 1555 4361 πλείονα·
1589 4311 1681 4362 καὶ
1713 4309 1823 4382 γὰρ
1847 4310 1916 4364 τά
1942 4313 2001 4365 ἐν

321 4394 435 4455 τοῖς
473 4392 722 4463 οὐρανοῖς
768 4392 1137 4463 προστίθεται.
1186 4391 1347 4446 ’Λλλά
1382 4391 1521 4455 τέως
1564 4392 1695 4446 αὐτὸ
1728 4394 1789 4447 οὐ
1828 4394 1997 4465 λέγει,

322 4475 439 4555 ἀλλ’
470 4474 697 4548 ὓστερον
720 4475 852 4529 αὐτὸ
879 4476 1083 4548 τίθησι.

393 4565 463 4627 γ’.
505 4559 655 4624 Τέως
698 4559 757 4613 δέ
800 4559 829 4613 ὃ
880 4560 1111 4630 μάλιστα
1152 4559 1348 4623 αὐτοὺς
1396 4559 1701 4631 προτρέψαι
1744 4562 1997 4634 ἠδύνατο,

321 4641 482 4696 τοῦτο
527 4643 607 4707 είς
654 4643 817 4713 μέσον
850 4642 992 4712 ἄγει,
1037 4642 1098 4697 τδ
1141 4642 1321 4715 μένειν
1368 4642 1639 4698 ἀνάλωτον
1682 4645 1864 4710 αὐτοῖς
1909 4648 2000 4701 τὸν

325 4726 614 4798 θησαυρὸν,
655 4727 750 4780 καὶ
779 4725 1117 4797 ἑκατέρωθεν
1157 4728 1355 4790 αὐτοὺς
1383 4726 1691 4797 ἐφέλκεται.
1732 4729 1865 4782 Οὐδὲ
1891 4733 2000 4800 γὰρ

323 4804 499 4875 εἶπεν,
528 4810 610 4863 ὅτι
645 4807 772 4862 Ἐάν
802 4809 907 4880 δῷς
936 4810 1327 4881 ἐλεημοσύνην,
1362 4814 1607 4884 τηρεῖται
1643 4814 1823 4882 μόνον,
1863 4815 2001 4869 ἀλλά

324 4892 502 4946 καὶτὸ
526 4892 767 4947 ἐναντίον
788 4892 1104 4965 ἠπείλησεν,
1125 4894 1207 4946 ὅτι
1235 4896 1329 4948 καὶ
1363 4895 1488 4949 Ἐὰν
1518 4895 1594 4967 μὴ
1619 4896 1745 4968 δῷς,
1768 4899 2000 4952 ἀπόλλυ-

321 4993 436 5032 ται.
476 4977 587 5031 Καὶ
634 4977 735 5049 ὅρα
766 4976 865 5047 τὴν
893 4978 1099 5046 ἄφατον
1126 4979 1360 5036 σύνεσιν.
1392 4982 1531 5035 Οὐδὲ
1571 4982 1683 5054 γὰρ
1713 4979 1885 5051 εἶπεν,
1916 4986 1998 5039 ὅτι

322 5061 435 5116 Καὶ
464 5062 673 5133 ἑτέροις
712 5061 852 5116 αὐτά
878 5063 1337 5134 καταλιμπάνεις·
1370 5066 1493 5120 ἐπεὶ
1519 5068 1615 5122 καὶ
1641 5069 1799 5122 τοῦτο
1822 5070 1866 5102 ⁹¹
1896 5070 1997 5141 ήδὺ

320 5149 433 5212 τοῖς
457 5146 785 5219 ἀνθρώποις·
826 5147 940 5201 ἀλλ’
974 5149 1124 5219 ὅμως
1154 5149 1418 5220 ἑτέρωθεν
1452 5152 1651 5216 αὐτοὺς
1683 5155 1858 5223 φοϐεῖ,
1892 5156 2001 5208 δει-

322 5230 455 5293 κνὺς
483 5231 566 5284 δτι
597 5231 719 5287 οὐδέ
744 5230 935 5285 τούτου
965 5233 1313 5303 τυγχάνουσι·
1348 5233 1449 5288 κᾶν
1474 5237 1583 5308 γὰρ
1610 5235 1888 5309 ἄνθρωποι
1923 5239 1998 5309 μὴ

319 5313 674 5384 ἀδικήσωσιν,
721 5314 860 5370 εἰσὶν
898 5316 948 5368 οἱ
988 5315 1301 5380 ἀδικοῦντες
1348 5318 1587 5383 πάντως,
1632 5321 1661 5372 ὁ
1705 5321 1805 5391 σὴς
1839 5323 1931 5375 καὶ
1965 5322 1999 5393 ή

321 5397 545 5471 βρῶσις.
572 5399 635 5453 Εἰ
666 5400 776 5472 γὰρ
804 5399 899 5453 καὶ
925 5400 1129 5472 σφόδρα
1156 5402 1426 5465 εὐάλωτος
1448 5399 1588 5458 εἶναι
1616 5403 1764 5458 δοκεῖ
1791 5403 1929 5473 αὐτη
1964 5407 1996 5477 ή

1101 369 1161 425 S.
1201 367 1483 425 JOANMS
1516 367 2010 426 CHRYSOSTOMI
2051 367 2372 424 ABCHIEP.
2410 367 2956 426 CONSTANTINOP.

3662 367 3777 422 29D

2093 484 2260 555 λύμη,
2292 484 2408 538 ἀλλ’
2436 484 2585 556 ὅμως
2612 485 2823 556 ἄμαχός
2851 487 2967 537 ἐστι
2996 482 3089 537 καὶ
3115 481 3435 546 ἀκάθεκτος·
3459 481 3563 536 κᾶν
3594 483 3779 536 ὁτιοῦν

2096 567 2245 641 [265]
2275 570 2567 639 ἐπινοήσῃς
2599 569 2665 631 ⁸⁸,
2690 570 2750 621 οὐ
2782 569 2988 640 δυνήσῃ
3008 567 3215 637 ταύτην
3248 568 3494 636 ἐπισχεῖν
3520 567 3618 637 τὴν
3644 564 3779 636 βλάο

2094 652 2217 722 ϐην.
2248 652 2314 704 Τί
2343 646 2469 716 οὐν;
2502 651 2563 703 τὸ
2599 650 2823 722 χρυσίον
2856 651 2954 720 σὴς
2983 649 3233 719 ἀφανίζει
3259 665 3274 713 ;
3305 649 3369 701 Εί
3403 648 3499 701 καὶ⁵
3542 649 3619 718 μὴ
3650 647 3775 717 σὴς,

2094 733 2230 787 ἀλλὰ
2258 733 2508 786 κλέπται.
2543 733 2610 785 Τί
2644 729 2772 796 οὗν;
2803 731 3041 793 ἅπαντες
3058 730 3430 800 ἐσυλήθησανς
3466 729 3531 782 El
3562 729 3658 782 καὶ
3695 728 3776 798 μὴ

2094 818 2319 880 πάντες,
2347 814 2461 869 ἀλλ’
2504 816 2554 868 οί
2586 816 2821 879 πλείους.
2853 815 2952 868 Διά
2976 813 3040 885 δὴ
3063 812 3222 866 τοῦτο
3264 812 3359 865 καὶ
3400 812 3607 881 ἕτερον,
3637 811 3781 881 ὅπερ

2095 898 2267 967 ἔφθην
2290 896 2478 958 εἰπὼν,
2512 898 2708 966 ἐπάγει
2730 897 3008 969 λογισμὸν,
3030 896 3224 964 λέγων·
3254 895 3449 950 ’Ὅπου
3487 899 3520 949 ὀ
3546 896 3782 961 θησαυ-

2088 985 2198 1054 ρὸς
2229 982 2336 1036 τοῦ
2356 983 2693 1051 ἀνθρώπου,
2714 983 2843 1036 ἐκεῖ
2862 983 2961 1035 καὶ
2991 982 3031 1049 ἡ
3053 979 3269 1049 καρδία
3294 977 3503 1034 αὑτοῦ.
3524 978 3645 1033 Κᾶν
3668 977 3784 1049 7&9

2099 1068 2264 1139 μηδὲν
2296 1067 2502 1121 τούτων
2530 1067 2778 1139 γένηται,
2807 1065 2994 1135 φησὶν,
3026 1064 3087 1117 οὐ
3117 1063 3319 1135 μικράν
3345 1063 3626 1132 ὐποστήσῃ
3651 1061 3786 1131 βλά-

2096 1152 2219 1222 ϐην,
2251 1153 2364 1214 τοῖς
2394 1151 2545 1204 κάτω
2578 1149 3021 1221 προσηλωμένος,
3054 1148 3148 1201 καὶ
3192 1146 3379 1209 δοῦλος
3421 1146 3536 1200 ἀντ’
3563 1144 3785 1199 ἐλευθέ-

2098 1248 2193 1301 ρου
2223 1233 2527 1303 γινόμενος,
2558 1234 2654 1287 καὶ
2679 1232 2788 1285 τῶν
2820 1232 3087 1303 οὐρανίων
3113 1231 3161 1263 ⁸³
3194 1231 3499 1294 ἐκπίπτων,
3543 1230 3639 1283 καὶ
3669 1247 3787 1300 μη·-

2094 1316 2182 1369 δὲν
2214 1315 2323 1369 τῶν
2355 1316 2573 1387 ὑψηλῶν
2616 1317 2868 1387 ἐννοῆσαι
2906 1315 3225 1383 δυνάμενος,
3256 1313 3395 1367 ἀλλά
3429 1314 3608 1367 πάντα
3641 1314 3784 1384 χρή-

2099 1417 2247 1471 ματα
2282 1400 2378 1453 κα)⁵
2418 1402 2611 1464 τόκους
2637 1401 2733 1454 καὶ
2767 1400 3104 1469 δανείσματα
3142 1398 3237 1451 καὶ
3279 1397 3443 1468 κέρδη
3469 1397 3564 1450 καὶ
3600 1413 3790 1466 καπη-

2096 1480 2249 1545 λείας
2301 1482 2707 1554 ἀνελευθέρους·
2749 1477 2808 1537 οῦ
2841 1482 2893 1535 τί
2928 1482 3123 1551 γένοιτ’
3168 1482 3234 1535 ἂν
3277 1478 3640 1551 ἀθλιώτερον;
3671 1481 3787 1533 Καὶ

2095 1566 2204 1638 γὰρ
2236 1565 2284 1598 ⁸⁸
2317 1565 2650 1638 ἀνδραπόδου
2696 1565 2897 1629 παντὸς
2938 1566 2967 1617 ὁ
3011 1564 3253 1627 τοιοῦτος
3294 1563 3625 1617 διακείσεται
3665 1566 3788 1633 χεῖ-

2100 1666 2212 1721 ρον,
2230 1649 2521 1720 τυραννίδα
2537 1648 2925 1720 χαλεπωτάτην
2943 1646 3345 1718 ἐπισπώμενος,
3370 1646 3463 1699 καὶ
3484 1645 3545 1699 τὸ
3566 1648 3788 1700 πάντων

2099 1732 2462 1805 καιριώτατον
2479 1733 2731 1805 προδοὺς,
2749 1734 2846 1804 τὴν
2865 1733 3143 1801 εὐγένειαν
3157 1731 3252 1784 τοῦ
3269 1730 3555 1801 ἀνθρώπου
3576 1731 3670 1783 καὶ
3684 1730 3787 1799 τὴν

2099 1814 2435 1885 ἐλευθερίαν.
2461 1816 2602 1869 Ὅσα
2626 1816 2735 1888 γὰρ
2755 1817 2820 1871 άν
2849 1816 2931 1879 τίς
2952 1833 3033 1869 σοι
3058 1814 3393 1885 διαλέγηται,
3418 1813 3521 1883 τῆς
3547 1813 3789 1876 διανοίας

2100 1899 2533 1970 προσηλωμένης
2554 1902 2667 1962 τοῖς
2691 1900 2986 1971 χρήμασιν,
3011 1898 3161 1953 οὐδὲν
3185 1895 3419 1952 ἀκοῦσαι
3446 1896 3653 1969 δυνήσῃ
3671 1894 3788 1949 τῶν

2102 1999 2185 2037 σοι
2212 1983 2617 2054 προσηκόντων·
2648 1982 2764 2037 ἀλλ’
2789 1981 2978 2053 ῶσπερ
2998 1981 3143 2036 κύων
3173 1982 3330 2052 τάφῳ
3355 1980 3401 2012 ⁸⁸
3426 1977 3788 2052 προσδεδεμέ-

2101 2084 2189 2131 νος
2212 2068 2428 2136 ἀπάσης
2453 2065 2693 2130 ἁλύσεως
2722 2064 3098 2137 χαλεπώτερον
3125 2068 3191 2138 τῇ
3223 2065 3333 2119 τῶν
3357 2064 3663 2137 χρημάτων
3689 2079 3789 2115 τυ-

2103 2150 2330 2223 ραννίδι,
2362 2149 2507 2203 κατά
2533 2151 2642 2203 τῶν
2672 2150 3004 2222 προσιόντων
3029 2149 3284 2203 ἁπάντων
3309 2149 3578 2215 ὐλακτῶν,
3606 2147 3665 2200 ἐν
3688 2147 3787 2220 ἐρα

2101 2250 2197 2303 γον
2227 2232 2386 2286 τοῦτο
2420 2232 2562 2303 ἔχεις
2593 2232 2859 2304 διηνεκὲς,
2888 2232 2949 2287 τὸ
2976 2234 3164 2305 τηρεῖν
3194 2232 3405 2303 ἑτέροις
3429 2232 3498 2286 τά
3527 2232 3784 2301 κείμενα·

2102 2311 2165 2371 οὐ
2210 2316 2263 2369 τί
2298 2315 2494 2385 γένοιτ’
2522 2315 2588 2369 ἂν
2620 2314 2979 2389 ἀθλιώτερον;
3027 2315 3164 2368 Ἀλλ’
3197 2316 3349 2386 ὅμως
3385 2314 3576 2385 ἐπειδὴ
3622 2313 3789 2368 τοῦτο

2103 2400 2433 2471 ὑψηλότερον
2460 2393 2530 2470 ἧν
2549 2398 2649 2468 τῆς
2672 2398 2781 2452 τῶν
2812 2397 3178 2470 ἀκροωμένων
3202 2398 3459 2462 διανοίας·
3483 2398 3578 2451 καὶ
3600 2394 3726 2449 οὐτε
3750 2396 3786 2466 ἠ

2106 2485 2279 2557 βλάϐη
2316 2483 2481 2538 αὐτοῦ
2522 2486 2633 2547 τοῖς
2672 2483 2888 2548 πολλοῖς
2925 2483 3276 2550 εὐσύνοπτος,
3316 2481 3441 2536 οὐτε
3478 2482 3542 2536 τὸ
3595 2480 3790 2552 κέρδος

2104 2569 2358 2643 φανερὸν,
2394 2567 2529 2621 ἀλλά
2552 2567 2989 2640 φιλοσοφωτέρας
3015 2568 3185 2622 ἐδεῖτο
3211 2566 3456 2639 γνώμης,
3486 2566 3630 2621 ὥστε
3656 2565 3790 2621 ἐκά-

2103 2671 2238 2727 τερα
2280 2652 2455 2707 ταῦτα
2488 2651 2738 2705 συνιδεῖν·
2774 2651 2987 2706 τέθεικε
3031 2653 3129 2723 μὲν
3162 2652 3294 2706 αὐτὸ
3337 2654 3456 2723 μετ’
3488 2652 3670 2704 ἐκεῖνα
3716 2649 3790 2704 τὰ

2102 2738 2257 2809 δῆλα,
2289 2736 2477 2790 εἰπών·
2520 2736 2705 2790 Ὅπου
2744 2739 2778 2790 ό
2810 2737 3116 2805 θησαυρὸς
3156 2737 3263 2791 τοῦ
3284 2734 3620 2805 ἀνθρώπου,
3660 2734 3790 2789 ἐκεῖ

2105 2821 2204 2875 καὶ
2228 2821 2267 2889 ἡ
2297 2819 2509 2889 καρδία
2530 2818 2740 2874 αὐτοῦ·
2777 2821 2922 2872 ποιεῖ
2942 2821 2999 2873 δὲ
3019 2820 3152 2874 αὐτὸ
3170 2821 3217 2851 ’⁸
3244 2819 3579 2891 σαφέστερον
3598 2818 3788 2882 πάλιν,

2106 2903 2214 2958 ἀπὸ
2245 2903 2354 2957 τῶν
2380 2904 2586 2974 νοητῶν
2619 2903 2713 2957 ἐπὶ
2743 2903 2811 2958 τὰ
2846 2903 3083 2976 αἰσθητά
3113 2903 3325 2974 ἐξάγων
3354 2903 3447 2957 τὸν
3477 2901 3656 2971 λόγον,
3691 2903 3791 2956 καὶ

2108 2988 2301 3056 λέγων·
2349 2988 2402 3040 '0
2429 2989 2659 3057 λύχνος
2681 2988 2785 3041 τοῦ
2811 2987 3089 3058 σώματός
3109 2987 3281 3042 ἐστιν
3306 2990 3341 3042 ὁ
3366 2987 3695 3057 ὀφθαλμός.
3719 2987 3789 3039 ’0

2101 3073 2159 3126 δὲ
2183 3072 2353 3141 λέγει,
2383 3072 2622 3125 τοιοῦτόν
2649 3075 2784 3126 ἐστι·
2807 3072 2899 3144 Μὴ
2928 3072 3235 3144 κατορύξῃς
3258 3072 3481 3144 χρυσίον
3505 3073 3563 3125 ἐν
3591 3073 3659 3141 τῇ
3688 3072 3787 3141 γῇ,

2106 3156 2241 3226 μηδὲ
2272 3155 2400 3211 ἀλλο
2444 3174 2496 3210 τι
2530 3154 2639 3210 τῶν
2671 3155 2929 3209 τοιούτων
2964 3157 3150 3227 μηδέν·
3192 3155 3271 3228 τῷ
3302 3155 3412 3228 γὰρ
3444 3157 3568 3227 σητὶ
3595 3155 3692 3210 καὶ
3718 3157 3789 3228 τῇ

2106 3238 2306 3311 βρώσει
2360 3240 2456 3293 καὶ
2503 3241 2616 3301 τοῖς
2650 3239 2910 3303 κλέπταις
2944 3239 3086 3293 αὐτά
3119 3240 3395 3307 συνάγεις.
3443 3238 3571 3292 Ἐάν
3595 3238 3654 3293 δὲ
3692 3239 3792 3291 καὶ

2103 3322 2307 3384 ταύτας
2327 3322 2597 3394 διαφύγῃς
2621 3322 2720 3386 τάς
2738 3322 2961 3393 βλάϐας,
2982 3322 3043 3375 τὸ
3072 3320 3405 3392 δουλωθῆναί
3424 3339 3517 3375 σου
3533 3322 3631 3393 τὴν
3652 3335 3792 3390 κάρ·

2102 3406 2241 3469 δίαν,
2270 3406 2370 3460 καί
2394 3405 2813 3478 προσηλωθῆναι
2842 3409 2961 3469 τοῖς.
2979 3405 3130 3459 κάτω
3166 3407 3355 3466 πᾶσιν,
3404 3406 3467 3459 οὐ
3500 3406 3788 3479 διαφεύξῃ·

2105 3490 2299 3544 Ὅπου
2336 3489 2444 3559 γὰρ
2472 3489 2548 3544 ἂν
2572 3485 2616 3562 ᾖ
2645 3493 2677 3545 ὀ
2702 3490 3029 3558 θησαυρὸς,
3058 3490 3187 3544 ἐκεῖ
3208 3489 3307 3542 καὶ
3337 3490 3375 3557 ἡ
3401 3488 3616 3558 καρδία
3643 3504 3790 3548 σου.

2107 3572 2316 3646 Ὠσπερ
2346 3570 2440 3628 οὖν
2461 3576 2542 3639 είς
2567 3574 2916 3643 τὸνούρανδν
2947 3574 3361 3644 ἀποτιθέμενος,
3387 3574 3447 3626 οὐ
3468 3573 3629 3626 τοῦτο
3654 3591 3789 3646 καρ-

2104 3654 2303 3708 ποῦσαι
2330 3655 2375 3687 ’⁷
2415 3656 2595 3726 μόνον,
2644 3656 2707 3710 τὺ
2748 3658 2928 3727 τυχεῖν
2968 3656 3075 3710 τῶν
3119 3658 3212 3710 ἐπῖ⁹
3257 3656 3470 3719 τούτοις
3512 3656 3788 3722 ἐπάθλων,

2105 3737 2221 3791 ἀλλ’
2258 3737 2508 3793 ἐντεῦθεν
2548 3740 2651 3814 ήδη
2678 3739 2769 3793 τὸν
2805 3739 2997 3811 μισθὸν
3030 3739 3348 3810 λαμϐάνεις,
3376 3742 3495 3794 ἐκεῖ
3520 3739 3789 3811 μεθορμι-

2105 3823 2353 3893 ζόμενος,
2393 3824 2487 3877 καὶ
2523 3823 2593 3877 τὰ
2628 3825 2746 3877 ἐκεῖ
2786 3825 3020 3895 φρονῶν,
3057 3825 3151 3879 καὶ
3179 3824 3320 3896 ὑπὲρ
3348 3824 3457 3878 τῶν
3483 3827 3606 3878 ἐκεῖ
3630 3842 3790 3897 μερι-

2108 3907 2275 3978 μνῶν·
2320 3908 2453 3960 ὄπου
2480 3907 2588 3979 γὰρ
2615 3907 2820 3962 ἀπέθου
2852 3907 2945 3961 τὸν
2985 3908 3277 3979 θησαυρὸν,
3309 3906 3531 3979 εὐδηλον
3563 3908 3648 3961 ὅτι
3691 3908 3789 3961 καὶ

2105 3990 2204 4061 τὴν
2245 3989 2485 4043 διάνοιαν
2533 3989 2846 4061 μετατίθης.
2888 3991 3077 4054 Οὐτως
3124 3989 3191 4044 ἂν
3238 3990 3332 4044 ἐπὶ
3361 3993 3461 4060 τῆς
3489 3989 3596 4058 γῆς
3626 3990 3789 4044 τοῦτο

2106 4076 2358 4146 ποιήσῃς,
2381 4075 2641 4129 τάναντία
2662 4076 2847 4147 πείσῃ.
2879 4076 2942 4129 El
2963 4074 3020 4128 δὲ
3045 4075 3258 4144 ἀσαφές
3285 4091 3366 4128 σοι
3390 4073 3452 4127 τὸ
3470 4074 3786 4146 εἰρημένον,

2105 4157 2336 4213 ἄκουσον
2374 4157 2484 4212 τῶν
2526 4157 2676 4229 ἑξῆς·
2713 4158 2765 4209 Ὁ
2806 4159 3037 4225 λύχνος
3079 4158 3186 4213 τοῦ
3228 4156 3504 4227 σώματός
3534 4158 3709 4212 ἐστιν
3751 4160 3787 4213 ὀ

2107 4241 2434 4312 ὀφθαλμός.
2495 4243 2637 4296 Ἐὰν
2682 4237 2797 4298 οὖν
2847 4245 2880 4296 ὁ
2919 4243 3224 4311 ὀφθαλμός
3283 4257 3401 4296 σου
3446 4242 3683 4310 ἁπλοῦς
3717 4237 3787 4314 ᾖ,

2107 4323 2257 4379 ὅλον
2290 4325 2356 4379 τὸ
2388 4323 2561 4395 σῶμα
2591 4340 2709 4380 σου
2737 4325 3027 4394 φωτεινόν
3049 4324 3241 4380 ἔσται·
3275 4325 3385 4380 ἐὰν
3403 4323 3473 4379 δὲ
3495 4328 3530 4379 ὀ
3560 4326 3789 4394 ὀφθαλ-

2100 4410 2217 4478 μός
2248 4426 2365 4464 σου
2405 4408 2669 4478 πονηρὸς
2707 4404 2769 4480 ᾖ,
2810 4408 2955 4464 ὅλον
2994 4411 3058 4462 τὸ
3098 4407 3273 4478 σῶμα
3306 4424 3423 4463 σου
3466 4409 3788 4462 σκοτεινὸν·

2107 4490 2297 4547 ἔσται.
2336 4493 2409 4546 El
2444 4491 2514 4545 δὲ
2558 4493 2624 4545 τὸ
2661 4492 2707 4524 ⁸⁸
2740 4490 2867 4561 φῶς
2915 4490 2981 4545 τὸ
3021 4492 3092 4546 ἐν
3132 4492 3233 4545 σοί
3268 4492 3489 4556 σκότος
3523 4490 3677 4555 ἐστὶ,
3715 4491 3784 4545 τὸ

2107 4576 2329 4642 σκότος
2363 4576 2579 4629 πόσον.
2618 4573 2768 4648 [264]
2810 4575 2933 4629 Ἐπὶ
2981 4575 3048 4629 τὰ
3086 4575 3448 4647 αίσθητότερα
3476 4574 3661 4643 ἐξάγει
3691 4575 3786 4630 τὸν

2106 4658 2284 4727 λόγον.
2326 4658 2545 4730 Ἐπειδὴ
2577 4659 2686 4731 γὰρ
2727 4658 3098 4730 ἐμνημόνευσε
3139 4657 3235 4713 τοῦ
3271 4657 3386 4722 νού,
3416 4658 3492 4722 ὡς
3522 4657 3787 4714 καταδου-

2106 4739 2365 4812 λουμένου
2402 4743 2498 4797 καὶ
2532 4740 3089 4813 αἰχμαλωτιξομένου,
3120 4741 3279 4796 τοῦτο
3307 4741 3365 4796 δέ
3399 4743 3459 4796 οὐ
3492 4741 3707 4805 πολλοῖς
3735 4743 3784 4775 ⁸⁸

2105 4825 2434 4881 εὐσύνοπτον
2467 4822 2555 4897 ἦν,
2598 4827 2691 4883 ἐπὶ
2716 4825 2786 4881 τά
2813 4827 2916 4891 ἔξω
2942 4827 3037 4881 καὶ
3065 4826 3172 4899 πρὸ
3203 4827 3311 4881 τῶν
3341 4825 3640 4896 ὀφθαλμῶν
3668 4825 3782 4879 κεί-

2108 4927 2246 4980 μενα
2273 4910 2371 4983 τὴν
2395 4910 2742 4965 διδασκαλίαν
2776 4911 3150 4983 μετατίθησιν,
3180 4911 3266 4967 ἵνα
3299 4910 3408 4964 ἀπὸ
3447 4910 3655 4967 τούτων
3687 4913 3781 4963 καὶ

2105 4994 2232 5064 περὶ
2260 4992 2484 5047 ἐκείνων
2512 4995 2795 5065 νοήσωσιν.
2830 4995 2892 5048 Εἰ
2918 4993 3028 5067 7&9
3059 4993 3135 5067 μὴ
3165 4989 3343 5057 οἶσθα,
3376 4992 3533 5064 φησὶ.
3564 4992 3619 5046 τί
3649 4993 3782 5045 ποτέ

2106 5078 2222 5131 ἐστι
2253 5076 2423 5149 βλάϐη
2445 5077 2557 5142 νοῦ,
2586 5079 2694 5131 ἀπὸ
2712 5077 2820 5130 τῶν
2845 5077 3170 5147 σωματικῶν
3191 5077 3350 5131 τοῦτο
3371 5075 3778 5147 καταμάνθανε·

2104 5162 2242 5233 ὅπερ
2263 5162 2370 5232 γάρ
2396 5163 2542 5215 ἐστιν
2560 5162 2588 5215 ὁ
2614 5161 2631 5194 ⁸
2652 5160 2926 5231 ὀφθαλμὸς
2944 5160 3024 5232 τῷ
3054 5160 3287 5232 σώματι,
3318 5160 3474 5216 τοῦτο
3500 5162 3529 5213 ὁ
3558 5158 3683 5223 νοῦς
3712 5164 3781 5231 τῇ

2105 5242 2275 5314 ψυχῇ.
2303 5244 2515 5316 Ὥσπερ
2543 5240 2636 5297 οῦν
2664 5245 2765 5298 οὐκ
2789 5244 2856 5297 ἂν
2884 5243 3024 5297 ἐλοιο
3050 5246 3425 5315 χρυσοφορεῖν,
3452 5243 3549 5297 καὶ⁸
3578 5245 3786 5313 σηρικά

2107 5327 2533 5397 περιϐεϐλῆσθαι
2561 5328 2769 5397 ίμάτια.
2796 5328 2891 5382 καὶ
2918 5327 3279 5399 πεπηρῶσθαί
3315 5344 3409 5385 σου
3440 5328 3566 5389 τοὺς
3585 5325 3788 5395 ὀφθαλ-

2110 5412 2264 5480 μοὺς,
2289 5410 2423 5466 ἀλλά
2449 5411 2548 5482 τὴν
2577 5411 2764 5480 ὑγείαν
2787 5410 2884 5483 τὴν
2909 5411 3115 5466 τούτων
3143 5411 3361 5482 ἀπάσης
3395 5411 3498 5481 τῆς
3521 5409 3786 5481 τοιαύτης

392 5583 440 5616 ⁸⁸
466 5581 979 5709 agape-meta;
1006 5582 1135 5666 εον.
1174 5582 1307 5639 Ben.
1336 5595 1527 5640 contra
1549 5586 1800 5643 codicum
1825 5596 1880 5644 ει
1909 5588 1998 5647 Vel

392 5653 561 5709 μένων
659 5669 707 5709 ιο
734 5655 888 5709 Arm.
919 5664 975 5709 et
1016 5669 1261 5709 aumaue
1295 5655 1457 5709 codd.
1493 5656 1563 5709 cf.
1607 5673 1659 5709 0.
1694 5656 1792 5709 721
1824 5658 1888 5709 C.
1918 5662 1998 5709 em

2127 5592 2314 5648 ﬁdem.
2389 5593 2435 5626 θ’
2470 5592 2614 5648 θέλει
2639 5591 2777 5648 Edd.
2853 5593 2901 5626 ⁸⁸
2922 5592 3115 5666 ἔχοντα
3143 5610 3255 5651 om.
3282 5595 3344 5652 Β.
3370 5593 3435 5650 F.
3512 5594 3560 5629 ⁸³
3583 5592 3786 5664 λυμαι-

2104 5664 2306 5709 )uévmv
2360 5662 2421 5709 Ε-
2457 5664 2872 5709 ὑπεοενοιιένριιν
2899 5664 3035 5709 Edd-
3081 5666 3146 5709 de
3172 5667 3292 5709 inm
3324 5666 3613 5709 ρηήιιριιιὶιι
3642 5680 3784 5709 urna-

321 5653 561 5723 νομένων

324 5724 698 5780 ηιίονιιηιἘο.
742 5725 865 5779 Alia
903 5725 1067 5781 lectio
1100 5724 1197 5778 λυο

1201 5723 1378 5796 μένων
1422 5741 1452 5781 a
1494 5725 1699 5783 Savilio
1744 5723 2102 5789 memorall'n'".
2128 5723 2141 5735 ’
2178 5733 2224 5766 ⁸⁸
2251 5734 2456 5788 τούτων
2489 5723 2647 5790 Β.’[)ἶ

658 5655 707 5709 ic
734 5655 888 5709 Arm.
919 5664 975 5709 et
1016 5654 1261 5724 quinque
1295 5655 1457 5710 codd.
1493 5656 1563 5710 cf.
1607 5673 1659 5722 ι).
1694 5656 1792 5712 721
1824 5658 1888 5714 C.
1918 5662 1998 5715 ἐπι

658 5740 698 5780 e.
742 5725 865 5779 Alia
903 5725 1067 5781 lectio
1100 5723 1378 5788 λυομένων
1422 5741 1452 5781 a
1494 5725 1699 5783 Savilio
1744 5745 1998 5787 memora!

2104 5664 2306 5735 >9évmv
2360 5662 2423 5719 E.
2457 5665 2690 5736 ὐπερεχο
2737 5664 2872 5717 ένων
2899 5654 3035 5720 Ειῖἀ.
3081 5666 3191 5721 dei
3230 5685 3293 5722 ια
3324 5666 3613 5721 eminentia
3641 5654 3784 5733 ῥητ-

2178 5733 2224 5766 ⁹⁰
2251 5734 2456 5788 τούτων
2489 5734 2551 5788 Β.
2586 5734 2647 5788 Ι).
2682 5683 2744 5788 lg.
2821 5737 2865 5769 ⁹¹
2891 5734 3071 5788 τοῦτο]
3105 5683 3228 5788 adtK
3260 5736 3523 5788 πολλάκις
3555 5736 3619 5788 Δ.
3648 5750 3784 5788 nou-

2729 5775 2744 5789 .
2780 5806 2786 5807 7
2821 5737 2865 5769 ⁹¹
2891 5734 3072 5807 τοῦτο]
3105 5734 3228 5793 add.
3260 5736 3523 5801 πολλάκις
3555 5736 3619 5791 Δ.
3648 5750 3784 5788 non-

322 5810 591 5863 nunquam
619 5793 716 5850 Ge.
742 5811 851 5848 non
884 5796 1045 5850 habet
1070 5793 1225 5851 Ann}
1303 5797 1352 5828 "
1379 5798 1600 5895 ἐπινοῇς
1628 5797 1766 5855 Edd.
1842 5801 1887 5833 ”
1923 5801 1998 5857 Sic

322 5863 436 5895 -.λρῖ
471 5864 618 5895 ..ωλι
654 5864 690 5895 n
746 5867 830 5895 υ;.ι
881 5869 1041 5895 η.ι.ι,.ο
1142 5866 1186 5895 II
1212 5868 1389 5895 -L.-._.1
1427 5866 1519 5895 az-
1578 5869 1627 5895 π..
1684 5869 1760 5895 n-
1818 5871 1936 5895 1.“.
1996 5893 1998 5895 .

2104 5805 2174 5895 ω-
2204 5813 2259 5895 ει
2289 5804 2472 5895 verse:
2496 5807 2714 5895 καίεο·
2737 5806 3025 5895 ιιξραγῷιε
3154 5808 3265 5892 κει
3293 5793 3613 5895 71mm}.-
3637 5823 3783 5895 τεγ-

322 5863 437 5937 τδς]
471 5864 618 5950 τινὲς
650 5864 711 5919 Β.
746 5867 854 5950 vis}.
880 5869 1067 5950 adﬂat.
1142 5866 1186 5898 "
1200 5863 1783 5950 ﬁd‘chJLSig'EpLGf:
1808 5871 1998 5950 A_rm._'

2109 5877 2279 5949 ρῳΑ.
2313 5875 2374 5929 D.
2421 5877 2691 5950 etpr_.c,_
2751 5863 3131 5950 "'gocnadd.
3157 5863 3316 5934 τοῦτό
3351 5863 3485 5934 Edd.
3562 5878 3609 5950 ξ·
3643 5877 3782 5947 κάρο

325 5934 509 5991 πωᾰαι
542 5934 603 5990 C.
623 5934 996 6019 rap'rfgbcﬁ‘l“.
1021 5952 1071 6019 ρ.
1106 5934 1455 6019 ρηάθλωξΒ.
1488 5939 1560 6019 ΔΕ..
1597 5934 1683 6019 ’θ’
1712 5938 1899 6019 Είμοῦχ
1919 5943 1998 6019 ,τὸ

2104 5934 2271 6003 {niues
2296 5960 2429 6002 mss.
2454 5934 2521 6004 et.
2547 5946 2716 6003 Savil.
2750 5965 2769 5999 ι
2809 5934 3033 6019 Μοτιιὲί.
3071 5950 3133 6003 Εἰ
3161 5951 3216 6005 δὲ
3254 5952 3316 6007 τὸ
3349 5952 3450 6007 mei
3483 5961 3536 6005 et
3564 5934 3779 6017 Μοεηῖι.

320 6022 547 6062 omnes.
623 6007 667 6039 ”
693 5994 927 6078 πολλοῖξ]
963 5994 1074 6068 τοῖς
1102 5994 1314 6072 πολλοῖς
1346 6007 1406 6063 F.
1488 6012 1500 6041 '
1532 6014 1559 6065 ὁ
1593 5994 1994 6071 ἀρρεῖίιινεάύξ
