4038 6364
310 336 457 415 989-

309 465 562 506 amorem
593 451 860 513 concitat,
901 461 957 504 ut
996 453 1007 482 '
1042 451 1229 521 gloriae
1267 452 1561 520 cupiditas.
1592 449 1714 504 Ideo
1741 467 1893 504 nam-

303 555 421 609 que
455 555 739 595 servorum
775 556 1002 612 greges,
1032 540 1413 595 cunuchorum
1439 541 1688 611 agmina,
1723 555 1896 610 equos

274 654 468 693 .aureo
516 649 708 692 ornatu
757 638 1019 707 insignes,
1069 645 1352 707 argenteas
1401 649 1636 696 mensas,
1682 634 1890 700 aliaque

276 730 472 799 magis
495 728 716 783 ridenda
744 729 1046 797 echgitant
1069 727 1312 781 homines
1333 767 1346 788 ,
1373 740 1478 780 non
1514 734 1570 778 ut
1599 725 1891 778 necessita-

292 832 406 876 tem
431 820 703 890 expleant,
730 834 901 889 neque
920 828 974 872 ut
996 818 1263 888 voluptate
1285 817 1547 881 fruantur,
1577 816 1669 870 sed
1695 824 1750 869 ut
1774 817 1891 883 plu-

289 915 454 970 xituis
488 928 608 968 sese
652 921 941 967 ostentent.
996 911 1252 980 Superius
1300 910 1457 980 igitur
1500 919 1700 962 tantum
1753 909 1892 962 dixit

289 1005 702 1060 misericordem
730 1020 852 1058 esse
881 1014 1163 1074 oportere;
1191 1003 1275 1055 hic
1297 1017 1423 1056 vero
1452 1000 1604 1055 docet
1633 1010 1889 1070 quantum

289 1100 542 1155 misereri
569 1108 814 1169 oporteat
843 1097 924 1152 his
950 1097 1159 1152 verbis:
1185 1095 1727 1150 Nolitethesaurizare.
1758 1093 1891 1161 Quia

289 1194 442 1248 enim
467 1208 575 1248 non
612 1195 683 1246 ita
710 1192 865 1247 facile
889 1200 1005 1246 erat
1043 1191 1192 1245 initio
1222 1189 1522 1244 divitiarum
1558 1198 1892 1256 contemptus

288 1286 595 1340 doctrinam
642 1283 895 1338 inducere
941 1290 1158 1353 propter
1198 1281 1303 1335 vim
1351 1280 1557 1344 morbi,
1611 1290 1889 1348 postquam

289 1377 556 1447 paulatim
581 1376 632 1431 id
663 1377 776 1430 vitii
807 1386 1114 1430 resccuerat
1143 1385 1196 1428 et
1224 1374 1288 1428 ad
1321 1374 1619 1427 libertatein
1647 1373 1891 1426 homines

289 1477 666 1532 revocaverat,
714 1466 767 1521 id
816 1467 867 1520 in
915 1477 1150 1520 mentem
1179 1465 1482 1518 auditorum
1515 1465 1786 1527 immittit,
1836 1474 1892 1518 ut

285 1559 405 1629 jam
441 1558 651 1613 facilius
679 1559 960 1628 accipiant.
1010 1558 1295 1628 Propterea
1329 1559 1499 1626 prill'lt)
1544 1556 1714 1622 dixit,
1748 1555 1891 1610 Beati

291 1651 647 1706 misericordes
674 1649 886 1722 (Matth.
910 1651 964 1705 5.
989 1649 1043 1718 7)
1067 1665 1081 1715 ;
1132 1658 1312 1718 postea
1351 1658 1526 1702 autem
1548 1691 1563 1715 ,
1613 1647 1739 1703 Esto
1767 1665 1890 1702 con-

290 1745 516 1797 sentiens
535 1743 824 1796 adversario
841 1753 924 1795 tuo
954 1740 1115 1812 (Ibid.
1139 1758 1186 1795 υ.
1207 1741 1297 1794 25'.
1329 1742 1443 1811 40);
1465 1741 1678 1806 deinde,
1700 1740 1758 1796 Si
1780 1742 1891 1811 quis

293 1837 509 1889 voluerit
540 1844 700 1888 tecum
711 1834 910 1906 judicio
935 1833 1249 1896 contendere,
1275 1843 1320 1886 et
1350 1833 1573 1885 tunicam
1611 1843 1751 1886 tuam
1789 1833 1893 1885 tol-

291 1929 403 1981 lere
424 1970 440 1991 ,
473 1929 538 1979 da
567 1929 610 1981 ei
648 1935 693 1981 et
735 1926 982 1996 pallium;
1013 1925 1099 1980 hic
1137 1940 1267 1979 vero
1312 1925 1420 1978 illis
1444 1924 1692 1980 omnibus
1721 1923 1892 1994 majus

295 2019 572 2089 quidpiam
619 2019 796 2073 efl‘ert.
839 2017 949 2072 lllic
976 2018 1118 2072 enim
1149 2017 1321 2081 dixit,
1352 2017 1407 2072 Si
1449 2017 1597 2071 litem
1642 2015 1890 2071 intentari

284 2113 502 2179 rideas,
534 2113 635 2168 hoc
663 2113 742 2167 [ac
773 2132 788 2169 :
817 2112 1008 2167 melius
1033 2112 1174 2166 enini
1192 2121 1396 2167 estnon
1418 2112 1648 2166 retinere
1672 2121 1725 2165 et
1747 2126 1775 2164 a
1802 2110 1893 2164 lite

295 2207 554 2270 liberari,
583 2223 740 2276 quam
773 2207 1005 2262 retinere
1026 2215 1082 2261 et
1108 2205 1336 2275 litigare.
1372 2203 1469 2259 llic
1497 2219 1621 2258 vero
1649 2218 1749 2259 nec
1795 2204 1889 2257 ad-

297 2301 624 2364 versarium,
667 2315 766 2354 nec
818 2300 909 2354 lite
959 2297 1371 2353 contendentem
1423 2311 1664 2366 ponens,
1722 2311 1894 2365 neque

294 2394 465 2448 alium
482 2393 786 2462 quempiam
809 2390 1038 2445 similem
1065 2404 1392 2451 memorans,
1415 2388 1716 2442 divitiarum
1757 2402 1891 2441 con-

296 2494 566 2554 temptem
591 2484 868 2538 dumtaxat
892 2484 1066 2546 docet,
1097 2481 1386 2536 ostendens
1413 2496 1471 2534 se
1498 2498 1603 2534 non
1636 2490 1741 2534 tam
1774 2495 1896 2549 pro-

286 2587 421 2645 pter
469 2592 564 2630 eos
615 2576 703 2644 qui
755 2591 826 2630 ex
877 2576 1102 2629 aliorum
1155 2559 1523 2628 misericordia
1566 2573 1890 2635 allevantur.

281 2683 462 2738 .quam
491 2678 710 2737 prepter
750 2681 844 2721 eos
870 2666 958 2736 qui
994 2666 1310 2734 largiuntur,
1339 2663 1434 2718 has
1464 2664 1608 2733 leges
1636 2663 1812 2718 ferre:
1840 2673 1896 2717 ut

284 2759 517 2812 etiamsi
561 2773 720 2812 nemo
771 2757 1020 2828 injuriam
1058 2755 1280 2820 inferat,
1327 2771 1486 2809 nemo
1515 2755 1582 2809 ad
1635 2755 1894 2824 judicium

297 2849 512 2912 trahat,
545 2865 664 2918 qua:
709 2847 906 2902 adsunt
951 2847 1087 2902 bona
1133 2855 1574 2912 contemnamus,
1606 2847 1895 2916 egenisque

283 2942 596 2996 uadamus.
624 2939 806 3011 Neque
827 2939 914 2994 hic
939 2949 1106 2993 totuut
1129 2937 1411 2993 confertim
1434 2938 1628 3006 posuit,
1653 2937 1743 2990 sed
1770 2954 1896 3006 pau-

289 3037 452 3090 latim
487 3053 500 3088 :
532 3036 631 3089 etsi
676 3049 802 3089 vero
830 3034 883 3087 in
910 3032 1125 3088 deserto
1170 3031 1460 3085 certamina
1492 3031 1587 3086 has
1629 3034 1771 3086 circa
1811 3045 1896 3084 res

301 3145 426 3182 cum
455 3129 504 3180 vi
540 3141 727 3196 magna
751 3124 1102 3188 exhibuisset,
1127 3133 1362 3177 attamen
1395 3122 1446 3177 id
1477 3137 1582 3175 non
1602 3121 1774 3185 affert,
1805 3136 1897 3175 ne-

297 3236 407 3288 que
439 3222 492 3272 in
524 3219 758 3273 medium
785 3215 1002 3271 adducit
1033 3231 1047 3268 :
1078 3213 1312 3269 uoudunt
1356 3213 1496 3266 enim
1532 3222 1739 3281 tempus
1784 3222 1899 3266 eral.

300 3313 420 3368 haec
449 3313 715 3377 revelare;
744 3311 840 3366 sed
877 3309 1154 3365 ratiocinia
1186 3306 1430 3377 quzedam
1461 3307 1678 3367 excutit,
1708 3321 1897 3359 consu-

300 3405 464 3459 lentis
489 3407 668 3474 potius
687 3417 845 3473 quam
874 3402 1192 3473 legislatoris
1214 3414 1407 3454 munus
1423 3399 1630 3453 obiens.
1657 3398 1789 3452 Cum
1819 3397 1899 3450 di-

297 3493 472 3553 xisset
491 3498 634 3552 enim
656 3536 670 3562 ,
699 3495 876 3549 Nolite
905 3495 1249 3548 thesaurizare
1284 3493 1491 3546 interra
1514 3533 1529 3558 ,
1573 3491 1846 3557 subiunxit
1881 3507 1894 3543 :

302 3588 407 3644 libi
441 3605 614 3659 arrugo
653 3597 700 3642 et
726 3589 861 3642 tinea
885 3587 1174 3650 demolitur,
1211 3596 1256 3638 et
1292 3583 1377 3637 ubi
1407 3589 1546 3655 fures
1579 3581 1822 3649 clfodiunt
1851 3590 1897 3634 et

305 3686 574 3751 furantur.
606 3679 760 3735 Nunc
803 3678 1038 3734 ostendit
1065 3677 1262 3732 terreni
1313 3674 1550 3730 thesauri
1580 3691 1815 3740 noxam,
1845 3681 1901 3728 ct

300 3773 533 3825 celestis
564 3772 845 3825 utilitatem
868 3813 884 3837 ,
927 3779 1039 3824 tum
1068 3786 1096 3821 a
1128 3769 1279 3833 loco,
1324 3777 1432 3820 tum
1508 3764 1576 3819 ab
1649 3763 1894 3818 adversi-

307 3862 537 3918 tatibus.
615 3861 804 3930 Neque
876 3861 964 3916 bic
1004 3860 1223 3930 gradum
1252 3859 1412 3924 sistit,
1442 3857 1536 3913 sed
1565 3857 1708 3911 aliud
1741 3855 1898 3910 indu-

299 3955 379 4009 cit
416 3955 790 4020 ratiocinium;
833 3964 888 4009 et
916 3955 1130 4023 quidem
1165 3953 1334 4022 primo
1362 3953 1430 4006 ab
1458 3951 1594 4014 illis,
1641 3966 1759 4020 qua:
1791 3965 1900 4003 ma-

302 4047 451 4099 xime
487 4045 699 4112 timent,
737 4045 1028 4099 cohortans
1056 4045 1195 4098 illos.
1224 4043 1383 4110 Quid,
1413 4043 1600 4113 inquit,
1625 4042 1812 4096 times?
1835 4059 1901 4095 ne

298 4138 644 4192 insumantur
663 4138 902 4207 pecunia:
928 4138 972 4190 si
996 4136 1207 4192 dederis
1222 4135 1646 4207 elcetnosynam?
1677 4135 1749 4188 Da
1773 4149 1901 4204 ergo

301 4232 702 4302 eleemosynam
726 4271 742 4297 ,
801 4242 855 4286 et
900 4239 1025 4284 tunc
1073 4245 1178 4284 non
1218 4228 1566 4283 absumentur
1606 4246 1618 4281 :
1653 4227 1901 4297 quodque

304 4322 482 4392 majus
511 4331 613 4387 est,
640 4338 746 4376 non
774 4321 936 4376 modo
959 4337 1062 4376 non
1093 4321 1462 4385 absumentur,
1498 4319 1590 4375 sed
1619 4321 1777 4375 etiam
1803 4321 1901 4374 ad-

303 4412 658 4468 ditamentum
701 4417 873 4484 majus
897 4414 1207 4482 accipient:
1253 4414 1452 4468 etenim
1493 4415 1630 4469 b0na
1669 4413 1901 4468 caelestia

305 4506 647 4575 adjicienlur.
686 4507 878 4562 Verum
912 4506 962 4562 id
991 4505 1165 4561 adhuc
1210 4521 1316 4560 non
1361 4505 1509 4572 dicit,
1541 4505 1632 4560 sed
1662 4505 1761 4559 sub
1789 4505 1903 4559 haec

308 4598 516 4667 adjicit.

383 4690 438 4743 5.
479 4688 687 4759 Duplici
717 4690 916 4743 ratione
945 4689 1175 4744 Christus
1195 4691 1261 4742 ad
1283 4689 1651 4760 eleemosynam
1672 4689 1899 4742 adducit.

313 4777 556 4833 Pet-unite
574 4797 727 4850 quant
766 4780 965 4850 difficile
992 4790 1274 4835 servantur.
1309 4779 1460 4845 Quod
1503 4780 1675 4833 oculus
1704 4780 1905 4850 corpori

311 4883 403 4935 est,
431 4871 482 4923 id
512 4872 687 4924 anima
716 4870 1221 4925 homini—Interim
1246 4886 1371 4926 vero
1396 4870 1448 4925 id
1473 4870 1616 4941 quod
1646 4870 1765 4925 illos
1787 4885 1903 4924 ma-

309 4966 454 5017 xime
477 4963 752 5017 cohortari
791 4971 1017 5032 poterat,
1049 4962 1102 5018 in
1152 4963 1386 5018 medium
1427 4962 1662 5030 adducit,
1711 4977 1906 5031 nempe

311 5055 624 5109 thesaurum
649 5055 908 5108 intactum
931 5054 1150 5117 servari,
1179 5062 1232 5109 et
1255 5054 1503 5124 utrinque
1525 5053 1644 5109 illos
1665 5053 1904 5108 attrahit.

308 5145 426 5199 Non
451 5147 594 5200 enim
621 5146 752 5200 dicit
775 5155 1001 5212 tantum,
1024 5145 1080 5200 Si
1111 5146 1508 5217 eleemosynam
1562 5146 1867 5216 erogaveris
1888 5187 1902 5208 ,

309 5254 374 5291 ea
413 5248 677 5301 servatur.
737 5237 830 5292 sed
875 5237 1201 5291 contrarium
1249 5238 1647 5291 comminatur:
1687 5235 1743 5292 Si
1800 5252 1905 5290 non

312 5333 545 5398 dederis,
583 5332 722 5401 perit
749 5331 864 5386 tibi.
909 5332 976 5386 Et
1021 5331 1143 5386 vide
1183 5329 1502 5386 ineffabilem
1548 5330 1905 5400 prudentiam.

313 5425 430 5481 Non
457 5426 595 5480 dixit
616 5467 632 5491 ,
661 5426 796 5480 Aliis
820 5424 912 5479 illa
940 5424 1180 5480 dimittes
1210 5441 1224 5477 :
1251 5426 1374 5494 quia
1401 5438 1546 5492 saepe
1573 5421 1702 5476 illud
1731 5421 1909 5476 homi-

315 5523 474 5577 nibus
501 5536 668 5576 suave
703 5529 815 5587 est;
846 5529 1079 5575 attamen
1109 5519 1228 5572 illos
1253 5517 1470 5572 aliunde
1514 5525 1698 5582 terret,
1727 5527 1904 5571 osten-

313 5614 450 5668 dens
479 5612 696 5667 divitias
728 5627 797 5666 ne
826 5611 968 5665 illius
993 5611 1208 5681 quidem
1229 5651 1242 5674 ,
1276 5609 1367 5680 qui
1428 5607 1696 5678 possidet,
1749 5621 1867 5662 esse
1892 5645 1906 5672 ,

318 5705 444 5762 licet
492 5706 641 5760 enim
688 5703 926 5759 homines
969 5704 1035 5757 iis
1087 5719 1190 5758 nou
1224 5710 1488 5768 noceant,
1521 5709 1679 5756 erunt
1733 5709 1910 5755 tamen

398 5831 420 5863 ι
441 5827 556 5875 Sav.
580 5823 710 5875 Ben.
729 5818 840 5871 add.
866 5830 1019 5869 cana.

1228 337 1308 390 "IN
1351 335 1764 390 ΜΑΤΉΙΛΞΡΜ
1804 332 2032 390 HOMIL.
2080 333 2194 388 XX.
2240 336 2305 389 al.
2355 336 2489 391 XX'.

3481 343 3585 397 200

2000 453 2219 505 omnino
2245 453 2334 522 qui
2353 464 2598 522 noceant,
2629 456 2768 511 tinea
2800 457 3004 511 scilicet
3028 467 3080 511 et
3109 473 3306 527 rerugo.
3330 461 3588 528 Quamvis

1997 557 2140 597 enim
2163 547 2314 600 vitari
2339 547 2490 602 facile
2517 565 2674 617 posse
2723 551 2968 606 videatur
2997 553 3109 605 hinc
3141 553 3422 621 pernicies,
3451 563 3588 608 atta-

1999 649 2120 689 men
2142 636 2564 706 incxpugnabilis
2584 649 2684 705 cst,
2714 657 2814 696 nec
2837 641 3080 711 impediri
3113 652 3306 711 potest;
3337 652 3391 696 ct
3419 660 3587 713 quan-

2001 729 2194 780 tumvis
2221 730 2422 798 cogites
2447 747 2552 784 non
2583 733 2785 801 poteris
2813 732 2914 787 hoc
2934 749 3122 788 arcere
3147 734 3420 788 damnum.
3450 736 3586 802 Quid

1999 816 2192 886 igitur?
2220 834 2478 875 aurumne
2508 838 2534 874 a
2567 822 2706 878 tinea
2738 826 3128 894 corrumpitur?
3156 824 3209 879 Si
3237 840 3340 879 non
3371 841 3398 879 a
3424 827 3588 891 tinea,

1998 927 2027 962 a
2061 911 2264 965 furibus
2284 923 2427 968 certe
2453 924 2774 984 asportatur.
2798 917 2934 985 Quid
2960 918 3132 986 ergo?
3159 933 3226 971 an
3254 934 3440 973 omnes
3467 935 3590 989 spo-

1999 1003 2110 1056 liati
2139 1020 2167 1056 a
2196 1003 2398 1059 furibus
2426 1009 2586 1060 sunt?
2612 1009 2664 1063 Si
2696 1025 2800 1061 non
2833 1024 3040 1074 omnes,
3087 1019 3141 1062 at
3172 1009 3405 1077 plurimi.
3437 1009 3589 1065 Ideo-

1998 1109 2099 1162 que
2123 1095 2267 1149 aliud
2292 1095 2358 1150 de
2383 1114 2486 1167 quo
2509 1100 2617 1166 jam
2641 1100 2771 1165 dixi,
2800 1100 2999 1154 inducit
3025 1101 3361 1155 ratiocinium
3379 1101 3586 1157 dicens.

1996 1184 2087 1238 22.
2125 1185 2223 1240 Ubi
2249 1189 2513 1245 thesaurus
2537 1193 2775 1258 hominis,
2795 1195 2863 1246 ibi
2892 1204 2936 1246 et
2953 1211 3040 1247 cor
3063 1195 3192 1264 ejus.
3213 1195 3432 1251 Etiamsi
3456 1197 3588 1250 nihil

1998 1275 2190 1332 horum
2222 1281 2449 1348 accidat,
2482 1283 2670 1352 inquit,
2693 1300 2796 1338 non
2823 1300 3007 1354 parum
3037 1287 3268 1356 accipies
3293 1303 3588 1343 nocumcn-

2000 1371 2058 1435 ti,
2089 1372 2130 1424 si
2166 1375 2392 1428 terrenis
2426 1375 2616 1430 affixus
2643 1378 2735 1440 sis,
2771 1388 2824 1430 et
2853 1393 2915 1432 ex
2941 1377 3107 1432 libero
3134 1393 3320 1433 servus
3347 1380 3586 1449 effectus,

1996 1462 2108 1514 etsi
2131 1464 2521 1518 (sx-caelestibus
2545 1467 2779 1532 excid-as,
2801 1468 3035 1538 nihilque
3047 1483 3109 1522 ex
3129 1469 3446 1525 sublimibus
3470 1487 3589 1538 pos-

1996 1552 2071 1605 sis
2116 1557 2371 1624 cogitare,
2403 1557 2500 1611 sed
2549 1560 2805 1628 pecunias
2842 1575 3073 1631 semper,
3106 1577 3315 1625 usuras,
3359 1562 3586 1628 ftenora,

1997 1642 2169 1711 lucra,
2193 1649 2849 1718 cauponariasilliberalcs
2877 1666 2891 1704 :
2932 1668 3039 1722 quo
3078 1654 3203 1722 quid
3233 1655 3590 1712 miserabilius

2010 1752 2441 1814 fuerit?Etenim
2475 1751 2622 1806 omni
2655 1764 2812 1804 servo
2835 1749 3085 1803 miserior
3119 1747 3224 1801 erit
3244 1747 3370 1800 talis
3401 1747 3587 1812 homo,

2008 1847 2295 1917 pessimam
2309 1843 2412 1900 sibi
2437 1843 2771 1914 tyrannidem
2787 1855 3072 1894 arcessens
3088 1840 3126 1902 ',
3158 1839 3412 1907 quodque
3433 1835 3592 1891 fune-

2007 1939 2144 1993 stius
2167 1945 2272 1998 est,
2302 1935 2536 2006 prodens
2572 1933 2808 1986 hominis
2833 1932 3168 1985 nobilitatem
3187 1937 3348 1998 atque
3368 1929 3589 1982 liberta-

2006 2039 2135 2083 tein.
2155 2025 2289 2080 Nam
2310 2033 2747 2093 quantacumque
2766 2022 2860 2075 tibi
2879 2020 3148 2082 dicantur,
3181 2019 3225 2072 si
3250 2034 3403 2071 mens
3423 2033 3588 2088 pecu-

2005 2119 2112 2174 niis
2139 2118 2292 2173 aflixa
2315 2115 2497 2179 fuerit,
2517 2115 2652 2168 nihil
2669 2114 2764 2166 tibi
2788 2111 3130 2182 profuturum
3150 2110 3338 2164 audire
3355 2110 3585 2178 poteris;

2004 2212 2098 2270 sed
2112 2209 2571 2281 quemadmodum
2592 2206 2743 2260 canis
2763 2205 2815 2258 in
2841 2205 3053 2258 tumulo
3087 2204 3305 2273 ligatus,
3325 2201 3587 2270 pecunia-

2003 2321 2125 2361 rum
2145 2302 2430 2374 tyrannide
2447 2301 2664 2371 gravius
2685 2314 2846 2368 quam
2867 2306 3055 2352 catena
3081 2296 3332 2365 quapiam
3351 2293 3588 2348 constri-

2004 2407 2148 2461 ctus,
2172 2403 2360 2448 contra
2379 2392 2639 2445 adeuntes
2666 2401 2715 2444 te
2739 2403 2932 2442 omnes
2949 2386 3269 2449 oblatrabis,
3304 2384 3408 2438 hoc
3422 2399 3586 2435 unum

2002 2495 2263 2558 perpetuo
2279 2499 2418 2553 opus
2434 2496 2762 2550 exsequens,
2783 2477 3099 2547 utdeposita
3118 2491 3407 2531 conserves
3428 2474 3582 2529 aliis:

2000 2595 2111 2646 quo
2128 2576 2256 2646 quid
2279 2590 2516 2644 unquam
2540 2571 2794 2626 miserius
2815 2568 2978 2623 fuerit
3001 2569 3022 2622 ?
3047 2570 3299 2622 Attamen
3325 2567 3453 2636 quia
3482 2566 3588 2620 hoc

2002 2669 2288 2725 sublimius
2303 2675 2442 2730 erat,
2465 2680 2626 2734 quam
2653 2674 2711 2717 ut
2726 2672 2908 2732 posset
2923 2663 3234 2715 auditorum
3252 2675 3406 2712 mens
3421 2658 3588 2711 attin-

1999 2774 2146 2830 gere;
2167 2773 2338 2826 neque
2354 2757 2476 2809 inde
2490 2765 2666 2808 ortum
2686 2754 2942 2807 damnum
2962 2768 2992 2805 a
3009 2751 3194 2804 multis
3208 2749 3366 2803 facile
3381 2755 3592 2818 poterat

2004 2851 2254 2920 intelligi,
2295 2865 2467 2916 neque
2488 2848 2697 2901 lucrum
2724 2861 2788 2900 ex
2816 2854 3132 2912 contemptu
3153 2851 3332 2896 ortum
3357 2839 3585 2909 percipi,

2000 2942 2095 2997 sed
2139 2940 2477 3010 philosophia
2501 2953 2638 3006 Opus
2659 2945 2858 2990 eratut
2896 2934 2998 2987 hoc
3038 2942 3332 3001 utrumque
3351 2929 3586 3000 perspici

1998 3037 2221 3098 posset:
2244 3029 2481 3095 hocpost
2503 3026 2588 3078 illa
2626 3024 3002 3078 manifestiora
3021 3023 3203 3092 posuit
3233 3022 3460 3075 dicens:
3487 3018 3587 3072 Ubi

1997 3125 2076 3169 est
2106 3114 2383 3167 thesaurus
2400 3112 2648 3176 hominis,
2666 3109 2740 3163 ibi
2754 3119 2828 3164 est
2845 3119 2890 3162 et
2907 3126 2996 3162 cor
3009 3108 3140 3176 ejus.
3162 3107 3293 3160 Illud
3310 3108 3470 3160 etiam
3487 3121 3586 3174 po-

2000 3225 2114 3272 stea
2143 3216 2337 3271 clarius
2366 3216 2530 3270 efficit
2587 3231 2614 3267 a
2655 3215 3020 3284 Spiritualihus
3051 3215 3115 3269 ad
3162 3215 3432 3270 sensibilia
3476 3229 3592 3270 scr-

2001 3325 2216 3365 monem
2244 3309 2526 3363 traducens
2571 3309 2654 3362 his
2697 3308 2876 3363 verbis
2909 3308 3035 3363 :92.
3087 3307 3318 3362 Lucerna
3366 3311 3591 3378 corporis

2002 3402 2076 3455 tui
2105 3411 2176 3455 est
2202 3402 2380 3454 oculus
2400 3413 2534 3454 tuus.
2563 3400 2714 3466 Quod
2743 3411 2918 3455 autem
2945 3402 3093 3467 dicit,
3127 3401 3432 3470 hujusmodi
3459 3412 3544 3456 est
3571 3419 3588 3457 :

2001 3493 2080 3548 Ne
2109 3491 2349 3547 dcfodias
2399 3508 2586 3546 aurum
2615 3492 2668 3546 in
2719 3502 2880 3557 terra,
2929 3509 3026 3546 nec
3053 3493 3326 3562 quidpiam
3376 3495 3588 3548 simile:

2001 3601 2124 3641 nam
2158 3588 2333 3653 tinem,
2353 3587 2574 3655 rerugini
2596 3595 2648 3640 et
2681 3586 2884 3638 furibus
2909 3585 3020 3639 haec
3037 3601 3350 3655 congregas.
3372 3586 3590 3641 Etiamsi

2002 3693 2131 3732 vero
2162 3676 2278 3731 lucc
2323 3676 2518 3732 damna
2549 3676 2833 3746 effugeris,
2890 3677 2941 3731 id
2989 3687 3164 3731 tamen
3210 3693 3316 3731 non
3348 3679 3589 3748 effugies,

2004 3771 2146 3842 quod
2171 3786 2265 3825 cor
2296 3780 2442 3824 tuum
2477 3772 2528 3825 in
2570 3772 2882 3825 servitutem
2914 3771 3207 3842 redigatur,
3265 3780 3320 3827 ct
3370 3773 3595 3828 terrenis

2006 3863 2254 3934 inligatur
2281 3883 2293 3916 :
2323 3863 2421 3919 Ubi
2449 3865 2582 3919 enim
2614 3866 2761 3936 fuerit
2785 3866 3048 3919 thesaurus
3065 3874 3203 3932 tuus,
3230 3865 3300 3920 ibi
3323 3867 3415 3920 erit
3442 3876 3487 3920 et
3509 3883 3596 3922 cor

2007 3965 2168 4008 tuum.
2201 3955 2256 4010 Si
2284 3971 2445 4024 porro
2469 3956 2520 4009 in
2547 3957 2679 4010 cado
2703 3956 2960 4026 deponas,
2994 3972 3098 4011 non
3135 3957 3275 4012 hunc
3301 3958 3461 4012 modo
3488 3959 3598 4012 fru-

2006 4059 2149 4102 ctum
2175 4049 2429 4119 percipis,
2458 4050 2599 4120 quod
2623 4051 2838 4120 praemia
2865 4069 2960 4120 pro
2979 4051 3062 4105 his
3087 4063 3268 4119 parata
3299 4067 3598 4122 consequa-

2008 4141 2101 4205 ris;
2125 4157 2309 4196 verum
2339 4142 2540 4208 hicjatn
2563 4142 2864 4197 mercedem
2884 4142 3103 4211 accipis,
3137 4142 3278 4211 quod
3306 4143 3397 4197 illo
3423 4152 3570 4198 trans

2008 4231 2148 4286 latus
2193 4233 2290 4297 sis,
2329 4233 2472 4304 quod
2519 4233 2754 4288 cadestia
2804 4234 2979 4304 sapias
3018 4245 3074 4288 et
3101 4233 3168 4288 de
3196 4234 3304 4288 illis
3336 4235 3597 4291 sollicitus

2007 4325 2083 4378 sis
2114 4346 2126 4380 :
2160 4325 2333 4394 palam
2369 4326 2508 4380 enim
2540 4333 2622 4380 est
2651 4334 2702 4378 te
2735 4325 2827 4379 illo
2855 4327 3091 4378 animmn
3123 4326 3481 4394 transtulisse,
3507 4328 3595 4381 tibi

2008 4421 2316 4471 thesaurum
2335 4417 2649 4488 dcposuisti.
2669 4417 2935 4473 Cancrum
2957 4421 3000 4472 si
3020 4421 3070 4474 in
3101 4429 3237 4474 terra
3263 4419 3596 4490 deposueris,

2007 4509 2274 4562 contraria
2304 4511 2623 4578 experieris.
2670 4510 2822 4577 Quod
2854 4511 2897 4564 si
2935 4510 3026 4563 tibi
3055 4511 3165 4580 jam
3197 4511 3336 4566 dicta
3372 4513 3598 4566 obscura

2009 4603 2136 4667 sint,
2168 4601 2291 4654 audi
2317 4605 2618 4671 sequentia.
2649 4601 2885 4657 Lucerna
2927 4605 3154 4673 corporis
3195 4606 3267 4657 tui
3309 4616 3380 4659 est
3401 4608 3597 4660 oculus.

2011 4696 2072 4750 Si
2100 4696 2254 4766 igitur
2282 4697 2458 4750 oculus
2480 4705 2597 4749 tuus
2629 4697 2846 4766 simplex
2872 4697 3044 4766 fuerit,
3074 4707 3232 4750 totum
3251 4715 3433 4767 corpus
3457 4709 3601 4752 tuum

2013 4787 2240 4842 lucidum
2265 4789 2390 4850 erit;
2421 4787 2512 4842 ζ20.
2542 4788 2586 4840 si
2614 4804 2727 4842 vero
2753 4789 2927 4843 oculus
2955 4801 3067 4842 tuus
3093 4791 3243 4860 fuerit
3266 4809 3497 4861 nequam,
3522 4802 3600 4844 to-

2012 4891 2117 4933 tunt
2147 4897 2330 4951 corpus
2355 4892 2491 4934 tuum
2515 4883 2829 4934 tenebrosum
2853 4885 2964 4935 erit.
2996 4883 3057 4937 Si
3096 4900 3212 4953 ergo
3240 4884 3427 4950 lumen,
3467 4885 3601 4956 quod

2010 4973 2065 5026 in
2095 4982 2142 5027 te
2165 4982 2259 5038 est,
2286 4973 2500 5027 tenebrae
2518 4976 2636 5038 sint,
2665 4975 2791 5042 ipsa:
2811 4974 3024 5028 tenebrat
3067 4986 3271 5044 quanta:
3307 4976 3492 5030 erunt?
3519 4977 3601 5031 Ad

2011 5065 2179 5135 magis
2235 5065 2453 5120 sensilia
2499 5079 2803 5119 sermonem
2861 5065 3096 5120 deducit.
3148 5065 3280 5133 Quia
3336 5066 3479 5121 enim
3535 5066 3601 5122 de

2011 5165 2195 5212 mente
2234 5155 2342 5226 jam
2397 5156 2644 5225 loquutus
2692 5165 2838 5221 erat,
2878 5167 2936 5214 ut
2981 5157 3034 5212 in
3087 5159 3397 5211 servitutem
3443 5157 3601 5212 reda-

2012 5259 2097 5304 cta
2126 5257 2180 5303 et
2207 5248 2436 5316 captiva,
2467 5248 2519 5302 id
2563 5247 2706 5318 quod
2750 5264 2780 5303 a
2820 5249 3000 5304 multis
3047 5265 3151 5303 non
3189 5248 3344 5304 facile
3396 5259 3601 5320 poterat

2013 5341 2260 5411 intelligi,
2290 5340 2357 5396 ad
2425 5351 2646 5396 externa
2691 5349 2746 5395 et
2786 5341 2955 5396 oculis
3008 5342 3246 5411 subjecta
3297 5356 3602 5396 sermonem

2017 5433 2289 5500 transfert,
2319 5432 2454 5488 utab
2477 5433 2560 5488 his
2581 5433 2667 5488 illa
2685 5433 2981 5506 intelligere
3007 5442 3245 5504 possent.
3267 5432 3400 5490 Nam
3429 5435 3472 5488 si
3497 5449 3601 5487 non

2025 5787 2033 5796 _
2091 5727 2334 5802 1_V_'idesis
2353 5744 2462 5802 quae
2483 5730 2532 5780 in
2554 5734 2691 5802 hunc
2718 5736 2882 5786 locum
2904 5735 3126 5800 disputat
3151 5735 3439 5790 Fridericus
3459 5741 3603 5796 Field

2021 5792 2069 5837 ιιι
2099 5792 2511 5844 Adnotationibus
2535 5794 2656 5846 suis.
