4038 6364
448 347 546 400 9.9!

450 461 609 522 nosti,
642 453 964 533 iuquit;quit'_l
995 459 1270 515 sitmentis
1284 459 1558 524 damnum,
1585 476 1614 511 a
1639 456 1911 526 corporeis
1935 453 2034 509 hoc

448 557 630 610 edisee
664 571 677 608 :
712 555 852 624 quod
887 555 1028 608 enim
1057 554 1247 608 oculus
1277 562 1360 607 est
1387 552 1619 622 corpori,
1653 552 1753 604 huc
1780 566 1930 602 mens
1953 558 2035 601 est

447 648 660 702 animm.
698 646 1157 716 Quemadmodum
1200 646 1342 700 enim
1387 659 1674 713 numquam
1707 651 1858 710 optes
1900 655 2032 694 auro

445 739 645 802 ornari,
675 750 728 792 et
775 738 962 793 sericis
992 739 1134 792 indui
1176 738 1445 802 vestibus,
1471 735 1738 804 simulque
1770 733 2030 789 excaecari

444 831 637 891 oculis.
671 831 764 885 sed
796 830 984 884 hortnn
1010 829 1434 883 incolumitatem
1483 828 1577 882 toti
1607 826 1908 896 hujusmodi
1937 842 2030 896 ap-

447 921 650 990 paratui
683 921 1111 990 anteponendam
1141 920 1458 974 existimes:
1495 933 1616 972 nam
1646 919 1692 972 si
1714 919 1885 972 visum
1917 928 2031 986 per-

442 1012 560 1079 das,
579 1013 704 1067 nihil
725 1014 814 1067 tibi
830 1014 1033 1083 reliqua
1050 1015 1153 1066 vita
1169 1011 1388 1082 prodest
1415 1011 1726 1083 (sicutenim
1748 1012 2028 1065 excaecatis

440 1110 628 1176 oculis,
645 1109 964 1178 reliquorum
995 1108 1104 1162 fere
1133 1107 1491 1160 mettibrorum
1514 1104 2022 1175 operatioabscedit,

440 1203 698 1256 exstincta
732 1201 849 1255 luce
882 1217 894 1253 :
927 1201 1004 1253 sic
1035 1211 1284 1270 corrupta
1317 1197 1483 1252 semel
1525 1208 1702 1251 mente
1733 1197 2026 1251 innumeris

440 1296 544 1348 vita
575 1296 728 1349 malis
747 1294 1078 1365 replebitur):
1103 1293 1549 1363 quemadmodum
1575 1305 1704 1360 ergo
1727 1292 1777 1344 in
1799 1304 2024 1360 corpore

440 1387 542 1440 hoc
569 1402 840 1450 curamus,
867 1395 923 1438 ut
952 1386 1141 1439 oculus
1179 1385 1250 1439 sit
1294 1398 1485 1450 sanus,
1519 1383 1596 1437 sic
1621 1382 1689 1437 de
1719 1383 1911 1436 mentis
1936 1396 2026 1434 sa-

437 1479 603 1533 nitate
644 1478 957 1532 curandum.
989 1478 1046 1531 Si
1092 1476 1229 1530 hanc
1265 1489 1594 1529 ext-arcemus
1627 1488 1746 1544 quae
1777 1471 1898 1527 aliis
1933 1474 2023 1527 lu-

435 1583 551 1623 cem
583 1570 887 1623 ministrare
913 1569 1092 1633 debet,
1129 1568 1267 1621 unde
1289 1568 1396 1635 jam
1425 1566 1663 1636 aspicere
1691 1566 2022 1636 poterimus?

433 1663 581 1717 Sicut
607 1665 749 1716 enim
777 1663 863 1731 qui
893 1663 1093 1716 fontem
1125 1662 1295 1714 aufert
1317 1703 1332 1724 ,
1377 1659 1592 1713 fluvium
1633 1662 1910 1715 exsiccat:
1944 1659 2021 1713 sic

433 1759 523 1828 qui
555 1770 784 1812 mentem
814 1757 1009 1821 obruit,
1043 1770 1231 1808 omnes
1259 1756 1374 1823 ejus
1403 1754 1452 1806 in
1487 1752 1584 1807 hac
1616 1755 1721 1807 vita
1745 1754 2018 1822 operatio-

433 1865 528 1903 nes
568 1851 890 1904 obseuravit.
927 1849 1051 1903 ldeo
1095 1849 1186 1907 ait,
1241 1847 1300 1901 Si
1343 1849 1531 1906 luuteu,
1564 1847 1698 1914 quod
1736 1847 1789 1899 in
1829 1857 1877 1898 te
1922 1854 2014 1906 est,

430 1942 645 1996 tenebrtc
688 1943 806 2006 sint,
854 1942 980 2010 ipsa:
1009 1939 1224 1994 tenebrae
1249 1950 1452 2010 quanta:
1471 1941 1496 1992 Ρ
1524 1939 1652 1992 Nam
1675 1954 1795 1993 cmn
1821 1938 2016 2008 guber-

430 2044 588 2088 nator
616 2033 996 2103 submergitur,
1037 2041 1092 2084 et
1131 2031 1350 2086 lucerna
1393 2029 1769 2099 exstinguitur,
1817 2038 1872 2084 et
1909 2029 2014 2082 dux

427 2128 656 2195 capitur,
686 2142 804 2196 quae
836 2140 958 2196 spes
989 2133 1170 2194 postea
1198 2123 1460 2178 subditis?

498 2221 549 2272 4.
589 2217 958 2288 Propttgnutur
983 2217 1271 2269 divitiarum
1293 2215 1563 2285 cupiditas.
1597 2214 1708 2280 Quo
1743 2223 1891 2285 pacto
1929 2213 2011 2266 di-

425 2313 560 2365 vitia:
604 2316 822 2382 fructum
861 2311 1081 2379 pariant.
1109 2340 1168 2350 —
1204 2309 1544 2378 Quapropter
1588 2307 1764 2361 missis
1806 2307 2012 2361 insidiis

429 2419 524 2472 per
579 2405 788 2460 divitias
825 2403 1060 2468 structis,
1102 2398 1313 2475 pugnis,
1351 2401 1534 2456 litibus
1573 2400 1708 2473 (lucc
1744 2400 1886 2454 enim
1925 2416 2011 2455 su-

428 2496 609 2564 perius
669 2494 1026 2546 subindicavit
1071 2494 1258 2546 dicens
1304 2510 1317 2544 :
1370 2491 1554 2544 'I'radet
1601 2503 1648 2544 te
1697 2492 2015 2545 adversarius

424 2586 609 2658 judici,
637 2595 683 2640 et
701 2587 867 2657 judea:
893 2585 1119 2638 ministro
1143 2583 1355 2658 [ΜαιιΙι.
1387 2586 1442 2639 5.
1472 2582 1612 2656 25]),
1646 2584 1729 2638 his
1765 2583 2014 2638 omnibus

425 2680 647 2732 sat-viora
675 2677 948 2746 proferens
968 2718 982 2741 ,
1007 2679 1084 2732 sic
1107 2677 1321 2732 abducit
1345 2693 1376 2731 a
1399 2677 1536 2730 mala
1558 2677 2008 2745 concupiscentia.

426 2768 637 2822 Etenim
671 2770 828 2838 longe
865 2768 1104 2823 deterius
1139 2779 1218 2822 est
1258 2781 1488 2823 mentem
1522 2767 1646 2822 huic
1671 2770 1860 2822 morbo
1887 2771 2012 2822 sub-

420 2859 512 2929 jici
535 2901 550 2923 ,
580 2876 736 2928 quam
763 2861 813 2912 iu
837 2874 1054 2914 carcere
1074 2859 1304 2926 degere:
1332 2868 1387 2914 et
1410 2861 1634 2914 alterum
1665 2859 1879 2928 quidem
1903 2876 2010 2915 non

423 2965 639 3018 semper
670 2949 898 3015 accidit,
931 2949 1157 3004 alterum
1200 2965 1329 3004 vero
1363 2958 1685 3020 estsemper
1708 2966 1828 3005 cum
1852 2965 2012 3020 pecu-

423 3041 630 3094 niarum
663 3042 959 3114 cupiditate
987 3041 1348 3111 conjunctum.
1373 3041 1732 3109 Quamobrem
1766 3042 1866 3097 hoc
1891 3052 2012 3113 post

421 3135 552 3188 illttd
601 3119 783 3204 ponit,
817 3144 1000 3205 utpote
1028 3136 1242 3205 gravius
1284 3146 1340 3189 et
1383 3135 1606 3188 omnino
1647 3135 2006 3205 subsequens.

420 3229 551 3284 Nam
596 3231 770 3292 Deus,
821 3228 1010 3298 inquit,
1056 3237 1286 3282 mentem
1329 3228 1482 3282 nobis
1515 3228 1737 3294 indidit,
1766 3238 1824 3283 ut
1855 3230 2007 3300 igno-

419 3325 646 3380 rantiam
675 3324 1034 3392 dissipemus,
1085 3333 1138 3377 et
1181 3339 1359 3377 rerum
1395 3322 1653 3392 judicium
1687 3333 1892 3377 rectum
1922 3331 2007 3377 te~

421 3434 676 3485 neamus,
719 3427 878 3488 atque
909 3428 1094 3472 contra
1122 3418 1300 3471 omnia
1329 3417 1554 3471 molesta
1593 3417 1857 3488 noxiaque
1905 3416 2008 3471 hoc

415 3511 567 3579 quasi
594 3511 702 3564 telo
729 3520 782 3564 et
811 3511 1010 3564 lumine
1042 3519 1284 3574 utentes,
1319 3509 1370 3563 in
1402 3517 1515 3563 tuto
1546 3525 1875 3564 maneamus.
1897 3509 2006 3564 Nos

416 3617 546 3656 vero
567 3603 767 3656 donum
801 3602 900 3656 hoc
932 3601 1207 3670 prodimus
1237 3600 1307 3656 ob
1334 3600 1578 3671 quaedam
1611 3615 2004 3670 supervacanea

411 3704 472 3750 et
503 3695 730 3749 inutilia.
774 3694 912 3761 Quid
954 3693 1095 3748 enim
1129 3710 1262 3764 opus
1293 3693 1557 3748 militibus
1596 3709 1727 3748 auro
1765 3695 2002 3757 onustis,

412 3786 630 3856 quando
662 3786 770 3840 dux
793 3786 1038 3856 captivus
1064 3795 1148 3841 est
1173 3787 1230 3837 '?
1258 3786 1399 3854 quod
1429 3785 1636 3840 lucrum
1673 3802 1739 3840 ex
1776 3787 2006 3840 ornatis-

412 3881 553 3934 sima
602 3881 721 3933 navi
746 3921 761 3945 ,
799 3879 1013 3949 quando
1045 3879 1370 3950 gubernator
1392 3879 1703 3935 sulunersus
1730 3879 1851 3934 est?
1878 3879 2002 3950 quid

413 3975 535 4045 plus
575 3973 773 4028 habeas
817 3988 1044 4042 corpore
1087 3982 1234 4028 recte
1277 3975 1598 4036 constituto,
1631 3975 1674 4027 si
1717 3973 1860 4028 oculi
1899 3974 2007 4028 sint

413 4068 720 4123 excmcati?
762 4067 1224 4135 Quemadmodum
1281 4068 1440 4138 igitur
1484 4067 1786 4134 medicum,
1845 4083 2005 4139 quem

415 4161 553 4216 bene
595 4161 772 4216 valere
812 4169 1046 4232 oportet,
1090 4169 1148 4214 ut
1193 4160 1420 4214 aliorum
1467 4169 1622 4215 curet
1664 4161 1917 4225 morbos,
1959 4162 2003 4216 si

409 4258 536 4327 quis
567 4256 618 4310 in
644 4256 890 4310 morbum
909 4254 1180 4323 conjiciat,
1205 4263 1258 4308 et
1288 4254 1338 4306 in
1365 4263 1623 4324 argenteo
1644 4253 1784 4308 lecto
1809 4268 2002 4309 aureo-

409 4363 520 4418 que
547 4347 783 4404 thalamo
814 4348 996 4416 jacere
1031 4347 1249 4416 jubeat,
1293 4360 1516 4416 prorsus
1562 4345 1802 4400 inutilem
1847 4346 2005 4417 aegris

416 4439 630 4495 reddit:
665 4441 742 4494 sic
790 4441 833 4494 si
891 4449 1168 4510 postquam
1213 4450 1448 4494 mentem
1493 4440 1834 4509 corruperis,
1884 4455 2006 4511 qua:

408 4533 578 4586 animi
620 4533 822 4584 morbis
860 4531 1066 4586 mederi
1103 4531 1307 4600 possit,
1339 4531 1592 4586 thesauro
1621 4531 1859 4587 assidere
1883 4547 2005 4586 eam

413 4627 688 4680 curaveris
713 4667 728 4690 ,
760 4640 866 4679 non
905 4625 1066 4680 modo
1089 4623 1219 4678 nihil
1248 4624 1388 4678 illam
1417 4625 1612 4694 juvasti
1637 4665 1652 4688 ,
1686 4624 1780 4679 sed
1805 4624 2006 4679 damno

410 4715 640 4771 atl‘ecisti
661 4757 677 4782 ,
725 4724 780 4770 ct
822 4717 918 4769 toti
959 4716 1154 4770 anima:
1185 4725 1288 4770 tua:
1317 4715 1569 4771 nocuisti.
1595 4715 1842 4770 Vidistin’
1870 4731 2006 4786 quo-

417 4807 577 4862 modo
606 4822 702 4876 per
724 4823 848 4877 qua:
887 4807 1133 4862 homines
1159 4807 1226 4862 ad
1257 4809 1547 4878 nequitiam
1573 4809 1770 4878 ubique
1795 4809 2007 4878 cupidi-

412 4898 540 4955 tate'
558 4899 826 4964 feruntur,
857 4914 953 4967 per
981 4900 1098 4954 haec
1129 4899 1362 4954 maxime
1392 4901 1459 4954 ab
1487 4901 1575 4955 illa
1606 4900 1916 4963 abstrahat,
1951 4909 2007 4954 et

412 4997 482 5051 ad
513 4995 765 5048 virtutem
810 4991 1069 5046 reducat?
1111 4993 1249 5058 Cur,
1299 4993 1486 5064 inquit,
1520 4994 1774 5063 pecunias
1807 5007 2007 5048 concu-

415 5089 616 5160 piscis?
665 5103 845 5143 nonne
891 5094 952 5141 ut
994 5086 1266 5154 voluptate
1312 5085 1625 5156 deliciisque
1673 5085 1900 5141 fruaris?
1948 5085 2004 5139 ld

413 5191 562 5237 certe
597 5181 688 5235 tibi
721 5196 824 5234 non
849 5179 973 5234 inde
1000 5180 1314 5249 proveniet,
1356 5177 1450 5233 sed
1475 5178 1804 5232 contrarium
1835 5194 2004 5248 pror—

415 5291 528 5331 sus.
573 5272 1029 5342 Quemadmodum
1060 5273 1202 5327 enim
1242 5271 1413 5326 oculis
1451 5272 1652 5326 avulsis
1681 5271 1811 5326 nihil
1844 5287 2006 5327 suave

412 5382 577 5422 sensu
612 5366 952 5435 percipimus,
983 5365 1052 5418 ob
1079 5362 1382 5432 hujusmodi
1411 5362 1769 5418 calamitatem
1795 5379 1808 5416 :
1839 5363 2006 5416 multo

411 5458 587 5529 magis
613 5457 668 5512 in
694 5456 890 5512 mentis
915 5456 1195 5511 eversione
1225 5465 1280 5512 et
1308 5457 1547 5512 caecitate
1571 5456 1689 5512 haec
1718 5453 2000 5528 patiemur.

414 5551 530 5620 Qua
570 5549 640 5605 de
678 5564 839 5604 causa
869 5549 1077 5604 defodis
1109 5550 1160 5602 in
1195 5551 1435 5604 terram?
1486 5559 1544 5604 ιιι
1581 5559 1695 5604 tuto
1719 5549 2006 5605 servetur?

423 5642 619 5697 Verum
660 5641 749 5696 hic
781 5643 941 5696 etiam
972 5643 1297 5696 contrarium
1341 5640 1581 5708 accidet,
1627 5641 1815 5712 inquit.
1858 5639 2005 5696 Sicut

482 5803 503 5836 ι
540 5802 653 5865 Alii,
675 5805 868 5867 qmme
890 5804 996 5854 dua:
1019 5803 1232 5868 captivus
1251 5803 1480 5854 trahitur.

1159 344 1214 399 S.
1255 341 1536 400 JOANNIS
1559 337 2038 397 CllllYSOS'lOlll
2081 336 2398 396 AliClllEP.
2441 340 2978 403 CONSTANTINOP.

3621 349 3728 408 2.03

2144 470 2286 510 enim
2334 472 2457 514 eum
2496 461 2586 530 qui
2634 472 2851 534 propter
2880 479 3068 519 vanam
3113 465 3339 537 gloriam
3382 470 3611 540 jejunat,
3639 478 3728 526 dat

2141 550 2533 623 eleemosynam
2557 595 2570 618 ,
2613 565 2669 610 et
2717 567 2985 626 precatur,
3008 559 3076 614 ab
3103 560 3167 615 iis
3198 561 3326 630 ipsis
3351 577 3470 633 quae
3496 566 3729 623 maxime

2139 646 2314 714 cupit,
2348 662 2378 700 a
2408 663 2542 702 vana
2581 649 2746 718 gloria
2793 654 3016 707 retraxit
3061 653 3209 722 (nam
3253 673 3370 723 cur,
3402 657 3611 729 inquit,
3656 667 3728 716 ita

2139 737 2374 804 precaris
2393 779 2408 802 ,
2432 749 2489 793 “et
2510 740 2606 795 das
2631 743 3026 814 eleemosyuam
3043 747 3068 799 ἱ)
3095 761 3272 801 annon
3298 749 3727 818 quia'bomiuum

2135 828 2358 899 gloriam
2403 831 2616 901 diligis?
2662 834 2769 888 noli
2814 850 2943 904 ergo
2983 836 3059 891 sic
3093 853 3284 904 orare,
3329 850 3381 893 et
3423 851 3548 896 tunc
3579 842 3724 896 illam

2133 923 2516 990 consequeris,
2559 924 2611 978 iu
2655 925 2835 980 futuro
2878 944 3072 998 nempe
3107 930 3264 1002 die):
3297 933 3376 988 sic
3401 945 3453 989 et
3483 937 3724 1004 pecunia:

2133 1015 2403 1084 cupidum.
2433 1032 2532 1085 per
2553 1033 2617 1072 ea
2642 1019 2833 1089 quibus
2860 1023 3089 1078 maxime
3112 1025 3378 1093 studebat,
3411 1042 3507 1098 per
3527 1031 3723 1086 eadem

2129 1121 2184 1165 et
2216 1111 2378 1180 cepit.
2405 1111 2544 1177 Quid
2573 1111 2675 1175 vis,
2703 1111 2876 1178 inquit
2901 1130 2915 1165 :
2945 1121 3004 1166 ut
3032 1113 3272 1180 pecunia:
3302 1115 3395 1168 tibi
3428 1127 3724 1173 serventur

2131 1211 2185 1254 et
2219 1202 2494 1268 voluptate
2530 1201 2728 1256 fruaris
2755 1197 2812 1255 '?
2846 1200 2971 1257 Haec
3009 1205 3166 1256 ambo
3201 1204 3297 1258 tibi
3335 1207 3718 1275 copiosissime

2131 1295 2402 1362 praebebo,
2434 1295 2478 1350 si
2510 1294 2621 1350 illic
2652 1295 2896 1364 deponas
2925 1311 3137 1360 aurum,
3173 1298 3259 1350 ubi
3288 1297 3514 1367 jubebo.
3542 1303 3719 1367 Aper-

2132 1385 2236 1439 tius
2266 1396 2446 1440 autem
2479 1385 2532 1439 in
2565 1387 2918 1455 sequentibus
2949 1389 3202 1440 damnum
3230 1387 3361 1443 inde
3393 1393 3560 1444 menti
3595 1393 3717 1444 illa-

2129 1483 2239 1526 tum
2269 1475 2524 1540 ostendit,
2556 1490 2682 1528 cum
2707 1475 2987 1543 spinarum
3022 1479 3347 1532 mentionem
3381 1479 3537 1546 fecit;
3575 1481 3716 1534 inte-

2129 1565 2226 1618 rim
2254 1581 2382 1619 vero
2414 1567 2642 1636 idipsum
2677 1567 2766 1621 hic
2797 1583 2899 1621 non
2931 1569 3296 1638 perfunctorie
3322 1573 3710 1637 subindicavi‘t,

2126 1672 2246 1709 cum
2277 1659 2516 1713 ostendit
2543 1659 2954 1714 obtenebra‘tum
2986 1676 3108 1717 esse
3136 1677 3259 1717 eum
3291 1663 3382 1732 qui
3415 1665 3560 1718 circa
3593 1667 3712 1718 huic

2126 1748 2348 1802 fureret.
2387 1751 2463 1804 Ac
2502 1752 2954 1819 quemadmodum
2997 1751 3029 1806 ii
3071 1753 3160 1822 qui
3204 1754 3255 1808 iu
3298 1756 3536 1810 tenebris
3580 1767 3712 1810 sunt

2127 1839 2257 1893 nihil
2285 1840 2427 1894 clare
2452 1843 2651 1906 vident,
2680 1844 2774 1896 sed
2801 1845 2845 1896 si
2877 1843 3058 1898 funem
3083 1846 3335 1910 viderint,
3365 1856 3557 1916 putant
3584 1862 3713 1901 esse

2123 1941 2457 1999 serpentem,
2486 1935 2529 1986 si
2567 1945 2773 1988 montes
2807 1944 2861 1988 et
2896 1935 3080 2000 valles,
3114 1953 3313 2006 pavore
3346 1941 3657 1993 moriuntur
3689 1959 3705 1996 :

2123 2025 2203 2079 sic
2229 2033 2283 2079 et
2313 2025 2401 2080 isti
2431 2040 2552 2094 quae
2578 2026 2884 2080 videntibus
2913 2028 3267 2082 formidabilis
3301 2046 3405 2084 non
3438 2042 3584 2096 sunt,
3611 2049 3708 2088 su-

2122 2124 2304 2185 specta
2336 2115 2530 2170 habent
2560 2135 2573 2170 :
2601 2133 2723 2169 nam
2756 2128 3122 2185 paupertatem
3155 2130 3431 2188 tuetuunt;
3459 2122 3568 2177 imo
3594 2140 3708 2178 non

2121 2216 2490 2277 paupertatem
2531 2217 2737 2260 tantum
2758 2247 2772 2269 ,
2807 2209 2901 2260 sed
2938 2208 3018 2262 vel
3057 2209 3172 2264 leve
3206 2211 3496 2280 quodpiam
3530 2213 3711 2266 detri-

2120 2307 2381 2355 mentum.
2413 2298 2622 2352 Etenim
2654 2299 2698 2353 si
2733 2300 2998 2353 modicum
3031 2300 3161 2369 quid
3190 2302 3496 2366 amiserint,
3529 2307 3708 2373 magis

2115 2393 2300 2462 lugent
2342 2408 2406 2445 ac
2449 2394 2762 2446 cruciantur
2799 2407 2960 2462 quam
3009 2394 3042 2448 ii
3090 2395 3178 2463 qui
3229 2399 3536 2451 necessario
3578 2399 3710 2452 cibo

2114 2494 2295 2554 egent.
2327 2483 2471 2537 Multi
2507 2495 2661 2538 certe
2693 2499 2759 2538 ex
2797 2485 3102 2552 lmjusmodi
3138 2488 3418 2552 divitibus,
3453 2489 3557 2544 tale
3591 2507 3706 2544 non

2113 2575 2351 2631 ferentes
2378 2575 2755 2642 infortunium,
2781 2579 2843 2631 ad
2876 2578 3122 2646 laqueum
3153 2593 3528 2634 accurreruut.
3554 2580 3708 2636 Con-

2116 2669 2347 2723 tumelia:
2371 2681 2550 2724 autem
2577 2680 2630 2723 et
2659 2671 2856 2722 damna
2884 2669 2958 2723 ita
2987 2669 3092 2726 illis
3117 2671 3480 2726 intolerabilia
3508 2675 3708 2727 viden-

2117 2769 2223 2819 tur,
2259 2769 2317 2812 ut
2346 2775 2409 2814 ea
2445 2762 2512 2814 de
2543 2775 2708 2814 causa
2747 2762 2874 2814 item
2913 2759 3068 2814 multi
3103 2778 3171 2816 ex
3209 2763 3310 2816 hac
3345 2765 3454 2817 vita
3488 2766 3705 2833 abrepti

2117 2851 2334 2906 fuerint.
2360 2853 2439 2906 Ad
2460 2854 2639 2906 omnia
2664 2853 2862 2922 quippe
2888 2853 3077 2909 molles
3102 2854 3301 2908 divitiae
3324 2857 3704 2923 reddiderunt,

2115 2952 2476 3013 praeterquam
2515 2947 2580 2999 ad
2623 2945 2832 2999 illarum
2870 2947 3252 3001 ministerium.
3288 2948 3518 3014 Quando
3551 2951 3708 3006 enim

2115 3035 2221 3090 illa:
2256 3037 2400 3105 ipsos
2436 3046 2492 3089 ut
2524 3037 2625 3091 sibi
2661 3040 2900 3092 serviant
2932 3041 3283 3109 compellunt,
3324 3051 3452 3096 tunc
3486 3045 3556 3097 illi
3596 3061 3708 3099 au—

2115 3131 2299 3185 dacter
2335 3131 2573 3200 pericula
2616 3134 2805 3186 mortis
2843 3134 3073 3200 adeunt,
3113 3137 3370 3200 verbera,
3405 3140 3704 3206 opprobria

2113 3235 2384 3291 omneque
2415 3221 2723 3290 ignominiae
2753 3240 2944 3292 genus.
2973 3223 3125 3291 Quod
3154 3241 3286 3280 sane
3313 3238 3573 3282 extremae
3603 3246 3708 3299 ge-

2112 3329 2214 3368 nus
2259 3323 2342 3368 est
2371 3315 2632 3378 miseriae,
2663 3315 2752 3370 ubi
2807 3318 3167 3386 philosophari
3209 3331 3508 3389 oporteret,
3557 3323 3706 3376 mol-

2111 3405 2345 3461 lissimos
2379 3421 2526 3473 esse;
2579 3408 2667 3462 ubi
2723 3421 2903 3462 autem
2941 3413 3054 3478 pios
3110 3420 3164 3464 et
3210 3415 3540 3469 verecundos
3573 3431 3704 3470 esse

2111 3515 2210 3569 par
2256 3510 2430 3564 esset,
2484 3501 2556 3554 ibi
2595 3501 3090 3570 impudentissimo.»
3128 3515 3183 3558 et
3239 3507 3562 3561 sanissimos
3599 3524 3705 3564 ex-

2114 3594 2306 3648 hiberi.
2344 3594 2554 3648 Etenim
2608 3596 2838 3664 idipsum
2896 3597 3000 3650 illis
3052 3599 3344 3666 contingit,
3398 3611 3456 3654 ut
3497 3603 3540 3656 si
3571 3605 3705 3670 quis

2110 3697 2232 3756 post
2265 3689 2400 3742 bona
2433 3689 2743 3744 imlecenter
2787 3691 3069 3760 absumpta
3121 3692 3257 3745 male
3301 3693 3555 3760 patiatur.
3602 3696 3706 3749 ille

2112 3795 2364 3850 namque,
2416 3781 2656 3836 instante
2704 3792 2965 3851 tempore,
2990 3800 3097 3853 quo
3137 3789 3442 3840 necessaria
3483 3798 3564 3841 est
3595 3803 3705 3842 ex-

2108 3887 2450 3940 pensa,cum
2495 3873 2628 3928 nihil
2673 3876 2845 3944 possit
2889 3875 3026 3930 ultra
3055 3878 3389 3947 impendere,
3439 3881 3705 3936 intolera-

2107 3960 2235 4015 bilia
2274 3963 2494 4033 patitur,
2521 3963 2682 4027 tnala,
2709 3978 2834 4019 cum
2873 3963 2984 4033 jam
3013 3968 3194 4022 omnia
3241 3968 3380 4024 male
3407 3970 3700 4040 absumpta

2109 4063 2328 4117 fuerint.

2181 4156 2235 4210 5.
2275 4155 2356 4211 Ac
2390 4155 2841 4227 quemadmodum
2874 4158 2926 4211 in
2957 4173 3114 4213 scena
3144 4158 3434 4214 histriones
3465 4159 3517 4212 in
3543 4159 3711 4214 malis

2109 4249 2426 4320 quibusdam
2455 4251 2658 4306 artibus
2689 4251 2964 4318 instructi,
3012 4253 3066 4306 in
3106 4252 3190 4306 his
3232 4253 3398 4307 multa
3436 4253 3709 4322 stupenda

2109 4357 2166 4403 et
2191 4343 2491 4411 periculosa
2531 4346 2798 4399 sustinent
2817 4387 2833 4411 ,
2864 4345 2915 4398 iu
2953 4345 3074 4399 aliis
3113 4360 3243 4400 vero
3273 4345 3489 4400 utilibus
3515 4359 3712 4402 neces-

2109 4439 2374 4508 sariisque
2412 4438 2571 4493 rebus
2611 4451 2832 4508 prorsus
2861 4436 3026 4507 inepti
3069 4452 3133 4491 ac
3174 4437 3385 4492 ridiculi
3430 4448 3592 4493 sunt:
3620 4438 3713 4494 sic

2110 4542 2166 4589 et
2195 4533 2250 4587 hi
2277 4533 2344 4588 de
2371 4532 2566 4602 quibus
2605 4533 2832 4602 agimus.
2888 4531 3102 4585 Etenim
3148 4529 3439 4586 histriones
3485 4531 3562 4585 illi
3606 4533 3713 4601 qui

2111 4641 2208 4694 per
2247 4631 2455 4680 tensum
2504 4621 2685 4676 funem
2732 4622 3041 4689 ambulant,
3075 4631 3128 4678 et
3156 4630 3360 4677 tantam
3387 4622 3461 4677 ibi
3491 4622 3712 4680 fortitu-

2111 4717 2290 4771 dinem
2335 4715 2624 4778 exhibent;
2672 4714 2886 4784 quando
2935 4714 3204 4783 quidpiam
3261 4730 3324 4768 ex
3375 4716 3710 4771 necessariis

2111 4807 2275 4862 rebus
2304 4805 2580 4861 audaciam
2601 4805 2825 4875 requirit
2847 4821 2909 4860 ac
2932 4805 3296 4860 fortitudinem
3321 4821 3336 4860 :
3368 4822 3438 4861 ne
3462 4807 3710 4876 cogitare

2071 4899 2329 4970 "quidem
2392 4897 2590 4966 aliquid
2647 4905 2887 4966 possunt.
2945 4897 3037 4952 Sic
3089 4896 3317 4960 divites,
3377 4899 3466 4968 qui
3519 4900 3710 4955 omnia

2111 5003 2329 5065 propter
2367 4991 2624 5063 pecunias
2671 4990 2900 5054 audent,
2947 4989 3015 5044 ad
3069 4989 3552 5060 philosophandum
3601 5008 3713 5048 nec

2110 5105 2401 5161 magnum,
2450 5101 2552 5142 nec
2599 5101 2816 5157 parvum
2865 5084 3135 5154 quidpiam
3179 5085 3286 5154 pati
3331 5095 3572 5150 possunt.
3625 5088 3714 5143 Ac

2111 5183 2252 5238 sicut
2279 5181 2353 5235 illi
2382 5179 2637 5235 lubricam
2667 5186 2722 5233 et
2745 5177 3135 5232 infructuosam
3171 5193 3283 5231 rem
3325 5188 3590 5241 tractant,
3626 5179 3714 5235 sic

2112 5284 2168 5329 et
2197 5273 2249 5328 hi
2278 5273 2514 5343 pericula
2566 5271 2732 5327 multa
2783 5271 3011 5325 tolerant
3031 5281 3086 5326 et
3131 5271 3423 5340 praecipitia
3466 5269 3707 5336 adeunt,

2111 5382 2231 5438 qua:
2255 5365 2437 5421 omnia
2467 5363 2639 5419 inutili
2662 5364 2766 5418 line
2786 5363 3134 5428 clauduntur;
3167 5377 3230 5418 ac
3249 5361 3446 5434 duplici
3473 5363 3713 5433 caligine

2115 5459 2476 5525 involvuntur,
2507 5467 2614 5510 ttnn
2648 5455 2788 5527 quod
2817 5470 3004 5510 eversa
3047 5463 3229 5510 mente
3263 5455 3524 5510 excaecati
3556 5455 3669 5510 sint
3689 5498 3710 5522 ,

2111 5561 2225 5608 tum
2275 5550 2420 5622 quod
2463 5564 2531 5607 ex
2581 5549 2755 5605 fallaci
2801 5547 3220 5604 sollicitudinum
3270 5549 3416 5605 mole
3469 5549 3708 5604 tenebris

2166 5722 2181 5752 ¹
2211 5721 2326 5770 Haec
2350 5718 2578 5770 omnibus
2598 5719 2742 5768 codd.
2769 5717 3055 5768 concinunt.
3090 5716 3254 5778 Vulgo
3282 5731 3294 5765 :
3334 5713 3462 5776 Quid
3487 5713 3588 5775 vis,
3613 5713 3690 5778 in:

2100 5781 2224 5846 quit,
2245 5782 2475 5845 pecunias
2495 5780 2583 5832 tibi
2601 5781 2792 5832 servari
2801 5778 2991 5832 .’aunou
3009 5784 3061 5830 ut
3075 5776 3286 5840 deliciis,
3301 5778 3460 5845 gloria
3479 5785 3525 5830 et
3542 5792 3589 5830 υ.
3609 5781 3646 5842 f.
3662 5776 3692 5826 .’
