4038 6364
227 356 323 416 231

226 476 547 547 περιουσίας
584 476 967 548 ποθεινοτέραν
1002 473 1140 533 εἶναι
1180 479 1422 550 νομίζεις
1456 477 1547 549 (ἂν
1572 477 1680 549 γὰρ
1734 477 1904 546 αὐτὴν

221 565 503 636 ἀπολέσῃς
542 566 636 618 καὶ
674 565 1012 637 διαφθείρῃς,
1052 566 1204 620 οὐδέν
1239 583 1322 619 σοι
1363 566 1464 635 τῆς
1489 566 1680 636 λοιπῆς
1713 563 1905 633 δφελος

224 655 395 724 ζωῆς·
422 652 612 724 ὥσπερ
637 654 747 724 γάρ
767 653 875 707 τῶν
896 654 1191 725 ὀφθαλμῶν
1214 657 1235 687 ⁸
1258 653 1665 723 τυφλωθέντων,
1689 653 1750 705 τδ
1770 651 1903 705 πολὺ

224 740 323 809 τῆς
345 739 461 793 τῶν
491 739 696 793 λοιπῶν
724 739 901 810 μελῶν
924 741 1207 811 ἐνεργείας
1235 739 1463 811 οἴχεται,
1489 740 1583 794 τοῦ
1607 738 1783 807 φωτὸς
1810 738 1906 792 αὑ-

225 831 340 891 τοῖς
362 827 705 893 σϐεσθέντος,
724 828 867 882 οῦτω
890 829 1103 898 καὶτῆς
1124 828 1358 893 διανοίας
1375 828 1788 899 διαφθαρείσης,
1810 844 1907 896 μυ-

223 917 358 987 ρίων
380 918 419 988 ἡ
444 917 559 986 ζωή
587 916 608 947 ³
634 932 728 968 σου
746 915 933 969 κακῶν
953 916 1442 987 ἐμπλησθήσεται)·
1467 916 1718 987 καθάπερ
1738 911 1830 968 οὖν
1846 916 1903 968 ἐν

224 1004 446 1073 σώματι
475 1003 634 1056 τοῦτο
655 1002 986 1073 σκοποῦμεν,
1005 1002 1145 1056 ὥστε
1171 1003 1261 1058 τὸν
1283 1004 1559 1073 ὀφθαλμὸν
1580 1002 1722 1073 ἔχειν
1751 1003 1901 1073 ὑγιῆ,

220 1092 371 1145 οὕτω
406 1092 505 1144 καὶ
555 1093 615 1144 ἐν
660 1094 726 1162 τῇ
756 1091 902 1162 ψυχῇ
948 1091 1040 1145 τὸν
1078 1092 1223 1146 νοῦν.
1258 1093 1356 1145 Ἂν
1397 1093 1456 1147 δὲ
1498 1091 1688 1145 τοῦτον
1722 1090 1905 1162 πηρώς

223 1194 436 1248 σωμεν,
474 1178 566 1230 τὸν
596 1179 691 1230 καὶ
726 1181 839 1240 τοῖς
866 1177 1048 1241 ἄλλοις
1071 1178 1357 1247 ὀφείλοντα
1384 1178 1646 1250 παρέχειν
1677 1177 1738 1230 τὸ
1764 1176 1900 1247 φῶς,

221 1264 391 1319 πόθεν
430 1264 808 1335 διαϐλέψωμεν
840 1264 858 1296 ⁸
897 1265 1117 1329 λοιπόν;
1154 1266 1365 1336 ’Ὠσπερ
1385 1265 1493 1335 γὰρ
1526 1267 1555 1318 6
1582 1265 1682 1334 τὴν
1721 1264 1903 1336 πηγὴν

220 1352 453 1417 ἀνελὼν,
508 1353 605 1406 καὶ
648 1353 740 1405 τὸν
784 1353 1026 1422 ποταμὸν
1066 1355 1349 1423 ἐξήρανεν,
1384 1353 1555 1417 οὕτως
1593 1356 1622 1407 6
1657 1354 1748 1406 τὸν
1779 1352 1905 1407 νοῦν

220 1441 521 1509 ἀφανίσας,
571 1441 751 1493 πᾶσαν
801 1440 966 1493 αὑτοῦ
1010 1441 1112 1511 τὴν
1150 1442 1208 1493 ἐν
1239 1443 1305 1512 τῇ
1342 1442 1455 1511 ζωῇ
1491 1441 1663 1512 ταύτῃ
1706 1440 1904 1513 πρᾶξιν

220 1528 482 1581 ἐθόλωσε.
508 1528 599 1580 Διό
644 1544 828 1597 φησιν,
865 1530 933 1581 El
966 1527 1033 1580 τὸ
1062 1527 1188 1596 φῶς
1220 1528 1286 1581 τὸ
1327 1528 1397 1581 ἐν
1425 1527 1527 1581 σοὶ
1557 1530 1798 1593 σκότος,
1834 1528 1902 1581 τὸ

218 1617 448 1679 σκότος
475 1614 675 1667 πόσον
685 1632 704 1677 ;
725 1615 892 1667 Ὅταν
915 1616 1022 1685 γὰρ
1047 1616 1075 1666 6
1103 1616 1442 1686 κυϐερνήτης
1467 1615 1795 1686 ὑποϐρύχιος
1818 1616 1903 1684 γέ.

220 1720 405 1772 νηται,
441 1703 536 1756 καὶ
565 1702 595 1754 6
620 1701 810 1772 λύχνος
852 1702 1075 1773 σϐεσθῇ,
1113 1704 1206 1755 καὶ
1242 1705 1271 1756 6
1310 1702 1532 1775 ἡγεμὼν
1556 1704 1901 1774 αἰχμάλωτος

221 1791 474 1861 γένηται.
510 1790 639 1843 ποία
673 1790 855 1843 λοιπὸν
887 1790 1040 1845 ἔσται
1066 1794 1177 1855 τοῖς
1204 1792 1465 1862 ὑπηκόοις
1490 1792 1677 1857 ἐλπίς;

289 1876 351 1932 δ’.
389 1880 490 1932 Διά
521 1878 587 1950 δὴ
613 1879 770 1931 τοῦτο
813 1880 971 1948 ἀφεὶς
1000 1881 1173 1933 εἰπεῖν
1216 1880 1311 1933 νῦν
1344 1881 1444 1944 τὰς
1473 1881 1766 1944 ἐπιϐουλὰς
1802 1880 1901 1944 τάς

219 1965 309 2018 διὰ
334 1966 432 2018 τὸν
472 1965 725 2031 πλοῦτον,
754 1965 852 2028 τὰς
897 1966 1097 2037 μάχας,
1134 1967 1233 2031 τὰς
1278 1966 1467 2031 δίκας·
1504 1970 1523 2038 (
1544 1969 1763 2040 ᾐνίξατο
1802 1970 1901 2040 μὲν

218 2053 326 2125 γάρ
347 2053 524 2117 αὑτὰς
546 2054 802 2124 ἀνωτέρω
831 2053 1001 2108 εἰπὼν
1019 2072 1033 2084 ·
1066 2055 1412 2124 Παραδώσει
1441 2073 1517 2110 σε
1543 2060 1576 2111 ὁ
1595 2056 1900 2126 ἀντίδικος

219 2140 299 2207 τῷ
325 2139 523 2209 κριτῇ,
552 2141 650 2193 καὶ
680 2145 713 2194 ό
743 2142 953 2210 κριτὴς
978 2141 1057 2207 τῷ
1092 2143 1357 2212 ὑπηρέτῃ
1378 2144 1420 2213 ·)
1447 2143 1516 2197 τά
1554 2144 1769 2197 πάντων
1796 2162 1899 2214 χα-

217 2230 509 2300 λεπώτερα
557 2228 764 2283 τούτων
816 2229 1227 2301 συμϐαίνοντα⁸
1258 2232 1474 2295 πάντως
1520 2232 1669 2297 θεὶς,
1728 2232 1900 2296 οὕτως

217 2318 425 2387 ἀπάγει
456 2320 556 2389 τῆς
589 2321 834 2389 πονηρᾶς
882 2320 1199 2391 ἐπιθυμίας.
1235 2319 1343 2374 Τοῦ
1374 2322 1482 2391 γάρ
1515 2320 1574 2375 τὸ
1614 2321 1897 2393 δεσμωτὴ-

218 2423 333 2477 ριον
352 2409 575 2477 οίκῆσαι
602 2408 781 2481 πολλῷ
807 2408 1184 2480 χαλεπώτερον
1209 2409 1268 2463 τὸ
1291 2408 1646 2464 δεδουλῶσθαι
1663 2410 1753 2464 τὸν
1775 2411 1900 2466 νοῦν

219 2494 298 2565 τῷ
322 2496 593 2566 νοσήματι
620 2496 795 2567 τούτῳ
815 2513 829 2527 ·
865 2498 961 2550 καὶ
986 2497 1046 2550 τὸ
1081 2499 1179 2567 μὲν
1198 2498 1259 2551 οὑ
1296 2499 1514 2562 πάντως
1534 2498 1554 2529 ⁸
1588 2499 1896 2569 συμϐαίνει,

217 2583 278 2636 τὸ
305 2583 364 2636 δὲ
396 2584 598 2654 ἐφεξῆς
642 2584 1095 2656 συγ-κεκλήρωται
1128 2588 1193 2656 τῇ
1223 2585 1331 2639 τῶν
1369 2587 1667 2658 χρημάτων
1707 2587 1898 2641 ἐπιθυ-

219 2671 341 2741 μίᾳ.
371 2672 574 2741 Διόπερ
600 2671 741 2725 αὐτὸ
773 2672 888 2743 μετ’
924 2674 1102 2725 ἐκεῖνο
1130 2672 1361 2742 τίθησιν,
1391 2673 1486 2726 ἀτε
1519 2673 1899 2746 χαλεπώτερον

218 2757 299 2821 δν,
328 2758 425 2812 καὶ
454 2759 675 2822 πάντως
712 2759 1030 2829 συμϐαῖνον.
1074 2760 1133 2812 Ὃ
1161 2759 1267 2830 γὰρ
1295 2760 1447 2823 Θεὸς,
1485 2762 1668 2831 φησὶν,
1698 2762 1899 2818 ἔδωκεν

216 2846 351 2917 ἡμῖν
382 2845 529 2910 νοῦν,
555 2846 641 2899 ἵνα
664 2847 765 2916 τὴν
792 2847 1013 2915 ἄγνοιαν
1045 2846 1512 2917 διασκεδάσωμεν,
1539 2849 1633 2901 καὶ
1663 2849 1762 2921 τὴν
1789 2849 1898 2903 τῶν

218 2932 567 3004 πραγμάτων
586 2933 768 3003 κρίσιν
791 2933 958 3005 ὀρθὴν
985 2932 1216 3004 ἔχωμεν,
1250 2935 1342 2987 καὶ
1371 2936 1508 3007 πρὸς
1528 2935 1594 2989 τὰ
1624 2936 1895 2991 λυποῦντα

220 3023 396 3076 πάντα
427 3022 525 3076 καὶ
549 3021 818 3092 ἐπιϐλαϐῆ
866 3020 1041 3092 τούτῳ
1085 3021 1275 3094 ὥσπερ
1308 3024 1456 3094 ὅπλῳ
1483 3025 1593 3077 τινὶ
1635 3025 1731 3079 καὶ
1760 3027 1899 3094 φωτὶ

215 3108 516 3181 χρώμενοι,
548 3109 802 3180 μένωμεν
839 3112 898 3163 ἐν
930 3110 1223 3180 ἀσφαλείᾳ.
1260 3111 1452 3182 Ἡμεῖς
1477 3112 1535 3165 δὲ
1576 3113 1898 3185 προδίδομεν

215 3199 315 3269 τὴν
344 3198 557 3270 δωρεὰν
587 3197 680 3252 διὰ
710 3196 781 3251 τά
808 3199 1041 3269 περιττά
1060 3200 1156 3253 καὶ
1185 3200 1441 3271 ἀνόνητα.
1466 3201 1531 3253 Τί
1564 3202 1674 3273 γὰρ
1705 3202 1898 3271 ὄφελος

216 3285 566 3358 στρατιωτῶν
594 3285 1096 3357 χρυσοφοροῦντων,
1123 3288 1251 3341 ὅταν
1295 3290 1323 3340 6
1359 3289 1662 3359 στρατηγός
1695 3291 1899 3359 αἰχμά-

212 3374 384 3438 lanx
412 3372 644 3445 ἕλκηται
664 3375 684 3406 ⁷
710 3392 725 3440 ;
761 3374 815 3428 τί
851 3374 1041 3448 κέρδος
1072 3376 1199 3446 νηὸς
1237 3375 1742 3447 καλλωπιζομένης,
1770 3380 1898 3432 ὅταν

212 3462 242 3515 6
289 3461 639 3533 κυϐερνήτης
688 3461 1021 3533 ὑποϐρύχιος
1054 3464 1312 3532 γένηται;
1352 3465 1406 3516 τί
1447 3464 1504 3517 δέ
1540 3464 1791 3535 σώματος
1835 3462 1894 3519 εῦ

215 3549 582 3620 συγκειμένου
615 3549 779 3602 πλέον
804 3589 819 3613 ,
859 3551 987 3604 ὅταν
1022 3554 1073 3604 oi
1108 3551 1380 3621 ὀφθαλμοὶ
1425 3552 1523 3622 τῆς
1559 3552 1738 3620 ὅψεως
1765 3546 1897 3607 ὦσιν

210 3638 653 3708 ἐκκεκομμένοι;
703 3639 915 3711 ’Ὠσπερ
964 3634 1056 3693 οὖν
1103 3640 1195 3692 τὸν
1246 3640 1436 3709 ἰατρὸν
1474 3640 1565 3693 τὸν
1615 3641 1898 3709 ὀφείλοντα

211 3726 502 3793 ὑγιαίνειν,
530 3726 617 3778 ἵνα
645 3725 748 3798 λύῃ
778 3726 879 3790 τὰς
904 3728 1110 3791 νόσους,
1140 3727 1206 3781 ἄν
1226 3746 1311 3791 τις
1336 3728 1591 3797 ἐμϐαλὼν
1615 3730 1692 3792 εἰς
1719 3730 1894 3793 νόσον,

213 3814 293 3875 εἰς
320 3814 573 3883 ἀργυρᾶν
604 3812 838 3884 κελεύσῃ
871 3814 1083 3868 κεῖσθαι
1113 3815 1301 3886 κλίνην
1331 3819 1425 3870 καὶ
1456 3817 1690 3887 χρυσοῦν
1733 3816 1897 3871 θάλα-

210 3914 333 3971 μον.
363 3901 517 3954 οὐδὲν
546 3900 738 3969 ὄφελος
768 3901 919 3974 [265]
949 3902 1101 3956 ἔσται
1129 3907 1241 3967 τοῖς
1273 3907 1571 3975 κάμνουσιν
1595 3923 1607 3934 ·
1636 3906 1807 3969 οὑτως
1831 3905 1896 3960 ἂν

212 3988 300 4041 τὸν
323 3988 451 4042 νοῦν
480 3988 799 4058 διαφθείρας
821 3989 913 4043 τὸν
934 3992 1229 4060 δυνάμενον
1254 3991 1402 4045 λύειν
1420 3993 1489 4046 τὰ
1516 3993 1663 4063 πάθη
1692 3993 1897 4065 θησαυ-

220 4075 293 4146 ρῷ
320 4076 729 4148 παρακαθίσῃς,
758 4078 819 4129 οὐ
856 4077 1017 4148 μόνον
1060 4080 1212 4133 οὐδὲν
1246 4078 1481 4149 ὤνησας,
1518 4082 1656 4135 ἀλλὰ
1703 4084 1796 4137 καὶ
1827 4083 1896 4137 τά

210 4164 447 4231 μέγιστα
480 4164 793 4235 ἐζημίωσας
820 4166 862 4227 ⁸,
903 4167 999 4220 καὶ
1044 4169 1225 4221 πᾶσαν
1272 4168 1510 4239 ἔϐλαψας
1550 4170 1648 4240 τὴν
1692 4170 1889 4242 ψυχήν.

217 4246 360 4315 Εἶδες
405 4251 524 4314 πῶς
565 4252 633 4305 δι’
670 4245 751 4305 ὧν
790 4254 1026 4323 μάλιστα
1064 4254 1426 4326 ἐπιθυμοῦσιν
1469 4257 1748 4327 ἄνθρωποι
1794 4261 1892 4330 τῆς

216 4340 477 4411 πονηρίας
502 4342 803 4413 πανταχοῦ,
829 4343 916 4397 διά
948 4343 1152 4397 τούτων
1182 4346 1380 4409 αὐτοὺς
1414 4347 1648 4417 μάλιστα
1675 4349 1891 4419 ἐκείνης

214 4427 437 4495 ἀπάγει,
481 4430 579 4483 καὶ
629 4430 763 4501 πρὸς
810 4430 1009 4502 ἀρετὴν
1043 4433 1336 4502 ἐπανάγει;
1372 4434 1531 4498 Τίνος
1567 4435 1672 4506 γὰρ
1705 4436 1890 4490 ἕνεκεν

215 4517 499 4587 ἐπιθυμεῖς
526 4519 862 4589 χρημάτωνς
891 4521 1056 4596 φησίν
1078 4537 1091 4552 ·
1113 4521 1211 4592 οὐχ
1233 4521 1319 4574 ἵνα
1348 4522 1543 4593 ἡδονῆς
1573 4523 1852 4596 ἀπολαύῃς
1869 4525 1890 4557 ⁹

214 4607 302 4657 καὶ
330 4606 586 4677 τρυφῆς;
620 4607 791 4661 Τοῦτο
822 4610 921 4680 μὲν
948 4594 1311 4681 οὖν”μάλιστα
1341 4610 1441 4663 οὑκ
1485 4611 1637 4665 ἔσται
1676 4629 1756 4665 σοι
1793 4594 1891 4666 -ἐν-

212 4692 418 4769 τεῦθεν,
449 4695 584 4749 ἀλλά
628 4696 935 4751 τούναντίον
961 4698 1126 4753 ἆπαν.
1154 4698 1215 4751 Εἰ
1253 4697 1363 4769 γὰρ
1404 4698 1696 4768 ὀφθαλμῶν
1733 4701 1890 4754 ἐκκο-

209 4782 420 4836 πέντων
458 4782 673 4847 οὐδενὸς
718 4784 1087 4855 αίσθανόμεθα
1126 4788 1233 4839 τῶν
1265 4786 1436 4857 ἡδέων
1482 4788 1571 4841 διὰ
1616 4787 1713 4858 τὴν
1747 4806 1890 4860 συμ-

207 4869 375 4941 φορὰν
400 4869 502 4941 τὴν
523 4871 755 4935 ἐκεῖθεν,
774 4871 956 4942 πολλῷ
979 4872 1175 4943 μᾶλλον
1197 4875 1254 4926 ἐν
1272 4876 1337 4944 τῇ
1360 4874 1454 4927 τοῦ
1475 4874 1566 4928 νοῦ
1588 4872 1885 4948 διαστροφῇ

206 4959 296 5013 xei.
318 4957 569 5029 πηρώσει
593 4960 754 5013 τοῦτο
784 4961 1107 5031 πεισόμεθα.
1135 4960 1291 5025 Τίνος
1316 4963 1374 5015 δέ
1412 4963 1597 5016 ἕνεκεν
1624 4964 1886 5035 κατορύτ-

202 5062 309 5110 τιις
336 5048 397 5101 ἐν
419 5050 487 5120 τῇ
520 5050 629 5120 ﬁ};
664 5050 752 5102 ἵνα
794 5049 1131 5120 φυλάττηται
1169 5052 1308 5121 μετά
1345 5051 1681 5121 ἀσφαλείας;
1724 5053 1885 5108 Ἀλλά

203 5134 483 5191 κάνταῦθα
510 5137 674 5191 πάλιν
705 5138 1033 5205 τούναντίον,
1080 5141 1267 5211 φησίν.
1303 5140 1512 5214 Ὥσπερ
1542 5137 1634 5195 οὖν
1661 5142 1751 5195 τὸν
1784 5161 1880 5214 νη-

204 5224 461 5279 στεύοντα
489 5226 586 5279 καὶ
620 5226 877 5282 ἐλεοῦντα
909 5229 1005 5282 καὶ¹
1042 5229 1474 5300 προσευχόμενον
1508 5230 1645 5301 πρὸς
1674 5231 1883 5284 κενοδο-

202 5312 339 5378 ξίαν,
360 5315 459 5383 ἀφ’
490 5307 566 5368 ὧν
588 5314 847 5387 ἐπιθυμεῖ
888 5316 1140 5387 μάλιστα,
1176 5318 1284 5372 ἀπὸ
1321 5319 1527 5373 τούτων
1565 5318 1727 5372 αὑτὸν
1756 5320 1885 5372 ἐπε-

1264 362 1333 420 IN
1373 358 1794 421 ΜΑΤΤΗΛΞῸΜ
1835 356 2072 414 ΗΟΗΙῙ...
2110 358 2204 413 XX
2247 362 2339 417 .al.
2380 361 2522 417 XXI.

3563 374 3671 431 292

2009 475 2252 529 σπάσατο
2273 477 2353 541 είς
2386 478 2446 531 τὸ
2469 478 2544 549 μὴ
2572 478 2863 544 κενοδοξειν
2880 496 2896 511 ·
2934 481 3113 547 (Τίνος
3147 485 3256 555 γάρ
3285 486 3471 542 ἐνεκεν
3497 489 3669 556 οὕτως

2007 561 2143 635 εῦχῃ
2188 565 2282 617 καὶ
2312 565 2516 631 ἐλεείς;
2586 570 2749 639 φησίν
2774 585 2788 599 ·
2838 572 2935 640 τῆς
2966 572 3007 602 ¹⁶
3031 573 3181 642 παρά
3209 574 3320 629 τῶν
3369 578 3671 649 ἀνθρώπων

2005 649 2163 722 δόξης
2206 652 2385 723 ἐρῶν;
2436 654 2632 708 οὐκοῦν
2686 657 2760 727 μὴ
2824 656 2995 722 οὕτως
3048 658 3227 729 εὔχου,
3287 666 3483 733 (motu
3577 665 3671 721 καί

2004 734 2124 787 τότε
2170 736 2339 806 αὐτῆς
2378 738 2543 812 τεύξῃ
2576 740 2715 793 κατά
2748 739 2845 812 τὴν
2897 743 3109 812 ἡμέραν
3153 746 3255 817 τὴν
3296 748 3669 818 μέλλουσαν·)

2004 821 2148 876 οὕτω
2177 824 2268 877 καὶ
2306 826 2397 879 τὸν
2427 827 2778 900 φιλάργυρον,
2814 828 2907 899 ἀφ’
2933 826 3007 883 ὧν
3045 833 3276 902 μάλιστα
3316 837 3668 903 ἐσπούδακεν,

2005 910 2114 963 ἀπὸ
2163 911 2369 965 τούτων
2408 911 2539 968 εἷλε.
2576 915 2640 968 Τί
2688 916 2796 987 γάρ
2841 917 3056 987 βούλει;
3107 922 3272 992 φησί·
3303 923 3372 976 τὰ
3419 927 3673 995 χρήματά
3702 910 3713 917 ”

2008 1013 2102 1050 σου
2123 999 2170 1030 *³
2208 1000 2592 1068 φυλάττεσθαι,
2625 1006 2719 1058 καὶ
2765 1005 2957 1076 ἡδονῆς
3001 1008 3330 1076 ἀπολαύειν;
3363 1011 3548 1066 Ταῦτά
3592 1031 3672 1067 σοι

2005 1086 2291 1158 ἀμφότερα
2317 1089 2625 1160 παρέξομαι
2663 1093 2801 1161 μετὰ
2837 1094 3039 1164 πολλῆς
3082 1097 3181 1167 τῆς
3215 1100 3551 1170 περιουσίας,
3577 1102 3672 1155 ἐὰν

2005 1172 2123 1259 ἐκεῖ
2161 1175 2371 1247 καταθῇ
2408 1178 2470 1230 τὸ
2508 1180 2747 1249 χρυσίον,
2772 1181 2904 1233 ὅπου
2946 1182 3172 1239 κελεύω.
3206 1186 3542 1258 Σαφέστερον
3576 1191 3672 1259 μὲν

2003 1256 2099 1314 οὖν
2123 1263 2183 1315 ἐν
2206 1266 2318 1324 τοῖς
2352 1263 2488 1333 μετά
2517 1265 2686 1319 ταῦτα
2703 1268 2802 1337 τὴν
2824 1267 2915 1321 τοῦ
2950 1268 3042 1322 νοῦ
3074 1270 3275 1342 βλάϐην
3298 1272 3395 1344 τὴν
3429 1256 3672 1329 ἐντεῦθεν

2003 1348 2298 1420 γινομένην
2330 1351 2605 1415 ἐπέδειξεν
2628 1353 2691 1416 ⁸³,
2716 1355 2803 1406 ὅτε
2834 1355 2949 1408 τῶν
2984 1358 3235 1412 ἀκανθῶν
3267 1360 3669 1432 ἐμνημόνευσε·

2004 1432 2139 1495 τέως
2158 1434 2215 1488 δὲ
2248 1438 2339 1489 καὶ
2370 1438 2603 1493 ἐνταῦθα
2634 1441 2731 1511 οὑχ
2756 1442 2833 1504 ὡς
2860 1442 3017 1515 έτυχε
3043 1445 3198 1498 τοῦτο
3228 1446 3464 1517 ᾐνίξατο,
3495 1448 3674 1514 δείξας

2004 1520 2376 1592 ἐσκοτωμένοι)
2399 1524 2489 1578 τὸν
2512 1527 2641 1596 περὶ
2662 1528 2834 1581 ταῦτα
2863 1532 3203 1601 μαινόμενον.
3220 1534 3328 1586 Καὶ
3356 1536 3604 1606 καθάπερ
3631 1538 3675 1568 ι’·

2004 1608 2055 1659 oi
2085 1609 2143 1661 ἐν
2174 1610 2349 1681 σκότῳ
2369 1611 2521 1676 ὄντες
2540 1614 2691 1667 οὑδέν
2712 1616 2880 1687 ὁρῶσι
2904 1619 3094 1687 σαφὲς,
3124 1620 3259 1673 ἀλλά
3287 1621 3352 1675 ἄν
3376 1640 3434 1675 τε
3467 1628 3673 1693 σχοῖνον

2007 1694 2207 1759 τδωσιν,
2238 1698 2362 1767 ὅφιν
2390 1695 2526 1753 εἶναι
2548 1702 2877 1771 νομίζουσιν,
2913 1705 2979 1759 ἄν
3004 1723 3063 1758 τε
3095 1706 3197 1778 ὄρη
3233 1709 3326 1761 καὶ
3364 1711 3670 1780 φάραγγας,

2002 1780 2405 1855 ἀποτεθνήκασι
2437 1788 2514 1858 τῷ
2539 1790 2675 1842 δέει·
2710 1790 2852 1845 οῦτω
2891 1794 2984 1846 καὶ
3009 1795 3163 1849 αὐτοὶ
3191 1797 3233 1827 ¹⁸
3265 1798 3334 1852 τά
3368 1798 3442 1868 μὴ
3469 1800 3673 1870 φοϐερά

2002 1873 2113 1932 τοῖς
2146 1872 2336 1941 ὁρῶσι,
2385 1876 2556 1928 ταῦτα
2588 1877 2656 1930 δι’
2692 1879 2925 1949 ὑποψίας
2966 1881 3147 1951 έχουσι
3169 1900 3182 1913 ·
3212 1885 3307 1938 καὶ
3343 1887 3450 1957 γάρ
3485 1889 3672 1942 πενίαν

2002 1958 2290 2047 τρέμουσι·
2322 1963 2522 2031 μᾶλλον
2550 1964 2607 2017 δέ
2645 1966 2765 2036 οὐχὶ
2819 1968 3010 2024 πενίαν
3054 1971 3245 2040 μόνον,
3277 1972 3412 2025 ἀλλὰ
3439 1976 3534 2027 καὶ
3571 1976 3672 2047 τὴν

2001 2046 2266 2116 τυχοῦσαν
2301 2050 2521 2120 ζημίαν.
2550 2054 2656 2106 Καὶ
2686 2054 2793 2125 γὰρ
2819 2056 2885 2109 ἂν
2918 2059 3108 2130 μικρόν
3143 2077 3195 2111 τι
3231 2046 3668 2131 παραπολέσωσι,

2000 2133 2111 2189 τῶν
2138 2136 2238 2206 τῆς
2268 2138 2569 2203 ἀναγκαίας
2591 2142 2939 2213 ἀπορούντων
2966 2148 3173 2216 τροφῆς
3214 2148 3410 2217 μᾶλλον
3444 2149 3670 2218 ἁλγοῦσι

2001 2223 2097 2275 καὶ
2128 2223 2527 2280 διακόπτονται.
2560 2228 2752 2282 Πολλοὶ
2797 2231 2925 2299 γοῦν
2952 2233 3059 2285 τῶν
3099 2234 3469 2291 πλουτούντων
3506 2240 3547 2269 ³⁶
3576 2239 3671 2293 καὶ

2002 2310 2094 2361 ἐπὶ
2129 2309 2322 2382 βρόχον
2355 2308 2552 2383 ῆλθον,
2598 2315 2696 2387 τὴν
2738 2318 2994 2390 τοιαύτην
3029 2321 3129 2374 οὑκ
3168 2324 3479 2391 ἐνεγκόντες
3511 2326 3671 2397 δυση-

2004 2398 2221 2469 μερίαν.
2242 2398 2347 2454 Καὶ
2370 2403 2429 2455 τὸ
2454 2401 2769 2473 ὑϐρίζεσθαι
2791 2405 2847 2458 δὲ
2872 2406 2966 2459 καὶ
2992 2407 3051 2460 τὸ
3077 2410 3473 2479 ἐπηρεάζεσθαι
3496 2413 3672 2478 οὕτως

2002 2486 2275 2558 ἀφόρητον
2300 2490 2481 2552 αὑτοῖς
2512 2485 2650 2544 εἶναι
2675 2490 2838 2555 δοκεῖ,
2859 2494 2933 2556 ὡς
2963 2494 3058 2547 καὶ
3083 2496 3172 2549 διὰ
3198 2498 3355 2550 τοῦτο
3386 2499 3545 2553 πάλιν
3574 2503 3672 2572 τῆς

2004 2576 2286 2647 παρούσης
2315 2577 2540 2640 πολλοὺς
2562 2579 2939 2651 ἀπορραγῆναι
2956 2582 3000 2612 ¹⁷
3018 2582 3184 2652 ζωῆς.
3203 2585 3345 2656 Πρὸς
3368 2586 3475 2657 γὰρ
3495 2589 3673 2643 πάντα

2006 2664 2283 2733 μαλακοὺς
2329 2667 2526 2731 αὑτοὺς
2558 2668 2587 2719 6
2636 2667 2867 2731 πλοῦτος
2901 2670 3144 2741 ἐποίησε,
3187 2672 3325 2743 πλὴν
3372 2675 3470 2745 τῆς
3509 2677 3672 2731 αὑτοῦ

2000 2752 2295 2816 διακονίας.
2325 2754 2494 2807 Ὅταν
2516 2755 2626 2827 γὰρ
2651 2754 2800 2826 αὑτῷ
2829 2755 3101 2812 δουλεύειν
3132 2760 3348 2832 κελεύῃ,
3377 2764 3471 2817 καὶ
3500 2766 3673 2833 φόνων

2001 2840 2404 2910 κατατολμῶσι,
2445 2843 2540 2894 καὶ
2573 2843 2872 2912 μαστίγων,
2904 2845 2999 2897 καὶ
3020 2846 3256 2909 ὀνειδῶν,
3290 2851 3385 2902 καὶ
3414 2851 3675 2925 αἰσχύνης

2001 2929 2240 2999 ἀπάσης.
2263 2930 2440 2999 Ὅπερ
2470 2929 2572 2999 τῆς
2591 2930 2824 3002 ἐσχάτης
2847 2934 2992 2986 ἐστὶν
3019 2933 3352 3007 ἀθλιότητος,
3386 2940 3442 2991 ἐν
3472 2940 3568 3009 μὲν
3590 2938 3675 3006 οἷς

1998 3016 2082 3070 δεῖ
2117 3019 2448 3087 φιλοσοφεῖν,
2482 3020 2698 3073 πάντων
2732 3018 2871 3074 εἶναι
2921 3022 3372 3095 μαλακωτέρους·
3420 3029 3479 3079 ἐν
3511 3028 3565 3081 δὲ
3592 3024 3676 3092 οἷς

2000 3105 2424 3176 εὐλαϐεστέρους
2452 3103 2591 3159 εἶναι
2626 3106 2814 3177 ἐχρῆν,
2851 3109 3234 3179 ἀναισχυντοτέ
3244 3128 3367 3182 ρους
3395 3114 3555 3168 πάλιν
3580 3117 3674 3169 καὶ

2004 3194 2370 3265 ίταμωτέρους
2390 3192 2540 3265 1266]
2566 3194 2832 3262 γίνεσθαι.
2868 3197 2977 3249 Καὶ
3010 3198 3118 3268 γὰρ
3136 3198 3197 3251 τὸ
3232 3200 3363 3253 αὐτὸ
3388 3202 3674 3271 συμϐαίνει

1999 3281 2231 3345 τούτοις,
2263 3276 2375 3335 οἷον
2418 3280 2485 3335 ἂν
2509 3284 2563 3335 εἴ
2592 3299 2675 3345 τις
2722 3283 2882 3336 πάθοι
2919 3283 2986 3338 τὰ
3022 3285 3151 3338 ὄντα
3186 3288 3365 3342 πάντα
3393 3289 3674 3356 ἀναλώσας

2000 3371 2080 3433 εἰς
2100 3370 2167 3423 τά
2200 3370 2274 3441 μὴ
2295 3368 2501 3423 δέοντα.
2539 3369 2596 3423 Ὀ
2616 3371 2725 3441 γὰρ
2747 3370 3007 3435 τοιοῦτος,
3036 3373 3128 3425 τοῦ
3152 3374 3345 3444 καιροῦ
3374 3376 3471 3446 τῆς
3499 3377 3673 3449 ἀναγ-

2000 3456 2159 3520 καίας
2193 3458 2439 3527 δαπάνης
2488 3458 2844 3522 ἐπιστάντος,
2893 3458 3044 3512 οὐδὲν
3081 3459 3218 3530 έχων
3252 3462 3562 3529 ἐπιδοῦναι,
3602 3467 3673 3519 τὰ

1998 3544 2277 3613 ἀνήκεστα
2308 3544 2510 3614 πάσχει
2559 3544 2729 3613 δεινά,
2772 3547 2988 3600 πάντων
3020 3546 3129 3601 τῶν
3161 3548 3327 3602 αὑτοῦ
3359 3552 3673 3622 προαναλω-

1998 3629 2198 3684 θέντων
2221 3631 2429 3695 κακῶς.

2068 3724 2130 3772 ε’.
2172 3720 2283 3772 Καὶ
2318 3719 2571 3792 καθάπερ
2604 3721 2654 3775 oi
2689 3722 2781 3774 ἐπὶ
2806 3722 2907 3793 τῆς
2947 3723 3151 3794 σκηνῆς
3182 3724 3281 3787 τάς
3321 3727 3564 3798 πονηράς
3590 3729 3673 3781 τέ-

1997 3824 2129 3876 χνας
2163 3807 2363 3872 εἰδότες
2398 3810 2633 3877 ἐκείνας,
2662 3811 2720 3863 ἐν
2761 3810 2860 3881 μὲν
2893 3810 3113 3875 ταύταις
3148 3813 3318 3867 πολλὰ
3344 3814 3452 3867 τῶν
3490 3832 3671 3886 παρα-

1997 3894 2164 3961 δόξων
2211 3897 2305 3949 καὶ
2349 3896 2705 3952 ἐπικινδύνων
2748 3899 3142 3969 ὑπομένουσιν,
3180 3901 3240 3954 ἐν
3282 3901 3338 3953 δὲ
3383 3902 3587 3972 ἑτέροις
3628 3904 3671 3936 ⁸⁸

1998 3982 2288 4053 χρησίμοις
2326 3983 2419 4036 καὶ
2461 3984 2778 4052 ἀναγκαίοις
2807 3986 3094 4056 πράγμασι
3128 3987 3344 4040 πάντων
3370 3988 3474 4041 είσ¹ι
3504 4006 3671 4043 καταο

1997 4071 2407 4140 γελαστότεροι·
2442 4071 2585 4124 οὕτω
2624 4072 2717 4125 καὶ
2753 4065 2919 4129 οὑτοι.
2952 4074 3061 4127 Καὶ
3103 4074 3211 4145 γάρ
3240 4076 3290 4127 οἱ
3327 4075 3418 4127 ἐπὶ
3458 4076 3670 4146 σχοίνου

1996 4163 2299 4231 τεταμένης
2332 4160 2656 4230 βαδίζοντες,
2704 4161 2970 4233 τοσαύτην
3005 4162 3256 4233 ἀνδρείαν
3290 4163 3332 4194 ¹⁹
3362 4163 3670 4217 ἐπιδεικνύ-

2002 4264 2171 4320 μενοι,
2220 4249 2380 4320 ἡνίκα
2413 4250 2476 4303 ἄν
2519 4268 2572 4303 τι
2620 4250 2728 4302 τῶν
2767 4251 3078 4317 ἀναγκαίων
3109 4252 3311 4323 τόλμαν
3340 4253 3542 4324 ἀπαιτῇ
3578 4256 3673 4308 καὶ

1999 4338 2270 4410 ἀνδρείαν,
2296 4339 2415 4392 ούδέ
2453 4339 2708 4409 ἐννοῆσαί
2743 4355 2795 4392 τι
2830 4338 3141 4410 δύνανταιῆ
3180 4341 3463 4411 ἀνέχονται
3496 4341 3673 4395 τοιοῦ-

1995 4443 2108 4480 τον.
2138 4426 2293 4481 Ούτω
2313 4427 2376 4497 δὴ
2407 4427 2500 4480 καὶ
2523 4429 2571 4480 οί
2598 4424 2972 4490 πλουτοῦντες,
2999 4428 3177 4481 πάντα
3204 4428 3345 4499 ὑπὲρ
3371 4430 3672 4501 χρημάτων

1996 4514 2322 4585 τολμῶντες,
2354 4515 2495 4586 ὑπὲρ
2531 4514 2625 4568 τοῦ
2653 4515 2960 4584 φιλοσοφεῖν
2992 4514 3054 4567 οὐ
3095 4515 3312 4586 μικρὸν,
3348 4518 3408 4569 οὑ
3452 4517 3593 4587 μέγα
3618 4534 3671 4571 τι

1996 4604 2237 4657 τοιοῦτον
2273 4604 2561 4672 ὑπομεῖναι
2591 4604 2894 4673 ἀνέχονται.
2920 4604 3030 4656 Καὶ
3052 4603 3303 4676 καθάπερ
3339 4607 3536 4658 ἐκεῖνοι
3575 4605 3673 4658 καὶ

2000 4692 2270 4763 σφαλερὸν
2308 4692 2403 4744 καὶ
2451 4691 2677 4760 ἀκερδὲς
2715 4693 2948 4761 πρᾶγμα
2995 4692 3492 4763 μεταχειρίζουσιν·
3529 4692 3675 4746 οὑτω

1998 4782 2094 4835 καὶ
2121 4776 2267 4835 οὗτοι
2297 4780 2577 4839 κινδύνους
2618 4780 2723 4851 μὲν
2754 4780 3092 4850 ὑπομένουσι
3135 4779 3363 4845 πολλοὺς
3393 4782 3487 4835 καὶ
3531 4798 3671 4853 κρη-

2000 4872 2187 4941 μνοὺς,
2223 4870 2303 4932 είς
2327 4869 2479 4923 οὐδὲν
2509 4866 2565 4921 δέ
2608 4868 2879 4938 χρήσιμον
2916 4868 3197 4921 ἀπαντῶσι
3239 4868 3421 4934 τέλος,
3456 4870 3548 4927 καὶ
3588 4869 3672 4922 δι-

1995 4959 2165 5013 πλοῦν
2188 4958 2517 5029 ὑπομένουσι
2545 4957 2754 5022 σκότος,
2777 4956 2882 5009 ἀπό
2904 4972 2961 5008 τε
2984 4955 3085 5026 τῆς
3107 4955 3199 5009 τοῦ
3227 4956 3317 5009 νοῦ
3342 4956 3672 5027 διαστροφῆς

1996 5047 2406 5119 πεπηρωμένοι,
2430 5046 2539 5100 ἀπό
2561 5063 2620 5098 τε
2648 5045 2745 5115 τῆς
2770 5044 2878 5097 τῶν
2910 5045 3203 5115 φροντίδων
3227 5044 3442 5116 ἀπάτης
3472 5044 3672 5117 πολλὴν

1992 5136 2093 5209 τὴν
2125 5137 2295 5206 ἀχλὺν
2339 5134 2720 5206 ὑπομένοντες.
2769 5133 2969 5204 Διόπερ
3006 5134 3127 5186 οὐδὲ
3164 5132 3445 5203 διαϐλέψαι
3472 5133 3673 5204 ῥαδίως

1994 5225 2269 5279 δύνανται.
2305 5223 2365 5276 Ὀ
2396 5222 2495 5291 μὲν
2529 5220 2637 5290 γὰρ
2668 5223 2724 5274 ἐν
2754 5221 2931 5291 σκότῳ
2963 5220 3008 5251 ²⁰
3053 5218 3149 5284 ὢν,
3188 5221 3346 5291 μόνον
3388 5221 3536 5291 ἡλίου
3571 5238 3674 5289 φα-

1993 5314 2173 5374 νέντος
2199 5308 2598 5364 ἀπαλλάττεται
2625 5307 2718 5362 τοῦ
2743 5308 2995 5373 σκότους·
3028 5310 3057 5361 6
3085 5308 3142 5361 δὲ
3177 5309 3277 5373 τὰς
3306 5308 3457 5378 ὄψεις
3493 5325 3677 5380 πεπη-

269 5477 291 5507 ²
319 5472 433 5528 τῶν
469 5476 621 5550 όφθ.]
651 5478 858 5534 τούτων
898 5480 961 5534 Α.
1005 5478 1424 5551 τυφλωθέντων]
1464 5479 1832 5551 πηρωθέντων
2004 5482 2027 5513 ³
2060 5475 2207 5603 (ζζιιοὴὲ1
2237 5473 2384 5546 ψυχὴ
2422 5472 2487 5527 Α.
2532 5469 2536 5473 ’
2563 5470 2975 5559 ⁴οδια6λξψομεν
3003 5470 3069 5527 Αο
3098 5468 3161 5553 B;
3236 5470 3258 5501 ⁸
3289 5469 3673 5549 συμξαίνοντα]

269 5546 291 5599 ἱ
342 5547 513 5603 συμϐ.
540 5547 602 5602 Β.
628 5560 683 5603 ει
732 5565 818 5603 nr.
849 5548 913 5602 Ι).
946 5549 1214 5603 Cooulam
1255 5550 1458 5603 habent
1484 5546 1722 5603 interno.
1800 5553 1821 5582 ⁶
1854 5551 1948 5603 Sic
1976 5550 2043 5603 D.
2068 5548 2132 5602 F.
2211 5563 2259 5602 e.
2289 5547 2351 5599 τὸ
2386 5544 2484 5603 μὲν
2517 5561 2690 5603 τουτῳ
2727 5559 2942 5603 παντως
2985 5541 3050 5594 Δ·
3093 5558 3171 5603 τῳ
3202 5540 3301 5603 μὲν
3338 5556 3497 5593 τουτο
3538 5540 3673 5593 πάν-

201 5546 291 5599 καὶ
342 5547 513 5616 συμϐ.
540 5546 683 5604 Β.ἐι
732 5565 818 5619 pr.
849 5548 913 5602 Ι).
946 5546 1214 5620 Copulam
1255 5546 1458 5604 habet}:
1484 5546 1722 5620 hiierpp.

201 5632 303 5669 τως
333 5616 393 5669 Β.
419 5618 482 5669 τὸ
514 5619 613 5669 μὲν
642 5620 835 5669 τούτου
871 5622 1089 5669 πάντως
1114 5622 1176 5669 C.
1216 5620 1277 5669 E.
1318 5619 1673 5669 Neaationem
1708 5638 1722 5669 l

200 5632 303 5679 τως
333 5632 448 5671 ικτ

1800 5553 1821 5582 ⁶
1854 5551 1948 5605 Sic
1976 5550 2043 5606 D.
2068 5548 2132 5602 F.

2386 5544 2484 5616 μὲν
2517 5544 2690 5612 τούτῳ
2727 5539 3050 5616 πάντως-Δ.
3093 5539 3301 5616 ’τῷ-μέν
3322 5539 3497 5616 ’τοῦτο

512 5619 613 5692 μὲν
642 5610 835 5692 τούτου
871 5610 1089 5692 πάντῶς
1114 5622 1176 5676 C.
1215 5620 1277 5674 E.
1318 5610 1685 5690 Negationeﬁf
1708 5622 1859 5692 non]

2005 5622 2152 5692 Al'mt
2229 5618 2249 5649 "
2281 5610 2531 5692 ἕλκηται]
2556 5610 2756 5692 ἀγηται
2780 5612 2892 5692 Ει).Δ
2906 5610 3294 5692 γένηταιιῑόιξἷ
3322 5611 3677 5692 υξίιιύετίδέ

200 5687 394 5763 κέρδος
418 5680 559 5763 Ειίίι.
612 5693 659 5763 ξ
680 5690 857 5763 Vel-iga
874 5762 877 5763 ν
892 5680 1210 5763 ἐζημίωσας
1230 5692 1327 5744 καὶ
1347 5680 1547 5763 οιῖευηι
1566 5708 1596 5745 a
1628 5692 1689 5763 Β.
1712 5691 1773 5745 Ε.
1812 5691 1853 5745 F

2005 5710 2013 5745 :
2050 5690 2249 5763 legisse
2271 5680 2531 5763 vigiehtuf
2555 5680 2795 5763 iméi‘pp.
2825 5680 2838 5683 ⁷
2872 5684 2893 5714 '
2917 5680 3232 5763 ἀπολαύσῃς
3351 5680 3413 5735 F.
3469 5681 3536 5763 _“
3549 5682 3676 5763 vim]

200 5710 388 5756 κεροος
418 5710 559 5746 nuu.
637 5710 659 5723 ν
688 5710 857 5747 verba
892 5710 989 5763 εςη
1043 5710 1149 5745 ιωσι

200 5757 539 5833 ρι’δχιτῆς-έὶι
608 5760 830 5833 ¹¹Ῠφησ“ι]
870 5710 1054 5817 Ion-:6:
1084 5764 1149 5817 A.

200 5779 562 5904 ἓέάζτέἕθάἴ]
586 5779 919 5904 καὶφγὴςδὲνῖΐὲ

202 5900 467 5970 suadente,
488 5900 656 5956 eiiam
680 5900 961 5970 go'nlex'tu,
994 5905 1194 5961 delevi.

1230 5763 1272 5793 ¹²
1305 5780 1395 5832 σοι
1422 5762 1483 5816 Β.
1524 5762 1587 5816 D.
1637 5762 1843 5817 Deinde

2005 5751 2433 5832 ;cpu'ldzreceqL!
2485 5757 2645 5826 vulgo
2678 5751 2875 5826 légitur
2923 5775 2935 5809 :
2988 5751 3286 5832 [966L616
3318 5754 3531 5824 τρυφᾷν
3581 5751 3680 5832 καὶ

965 5833 1294 5897 ἀπολαύειν;
1352 5831 1529 5887 Verba
1574 5833 1780 5887 inclusa
1825 5824 1952 5888 cu'm
1982 5824 2163 5897 nehue
2193 5831 2246 5883 in
2294 5828 2452 5882 codd.
2491 5824 2751 5891 ex-siant,‘
2791 5839 2969 5897 nique
2992 5824 3340 5897 luterpg-glgs
3371 5830 3674 5897 vermium,

1274 5904 1319 5935 "
1339 5903 1538 5968 ἔδειξεν
1562 5904 1625 5959 Α.
1659 5903 1945 5968 ἀπέδειξεν
1977 5901 2038 5956 F.

2114 5901 2238 5954 aulo
2261 5900 2401 5953 intra
2432 5899 2788 5963 σκοτούμενον
2813 5891 2967 5949 Βξι).
2992 5895 3056 5949 F.
3136 5891 3583 5963 ¹⁸Καθάπεργάρ
3612 5896 3669 5944 A-

201 5969 502 6050 rqi_o:_11._C.
532 6043 544 6050 _
584 5973 629 6004 ¹⁸
652 5966 799 6050 οὗτοι
819 5963 972 6050 Ειίάξ-
1038 5976 1083 6006 ¹⁶
1113 5963 1514 6050 πλουτούντων]
1537 5973 1662 6030 add.
1689 5977 1859 6027 τούτω

2005 5973 2050 6050 _d.
2095 5972 2174 6050 κίξ
2192 5968 2574 6050 ἀπαλλαγῆναι
2604 5963 2665 6023 F.
2748 5968 2791 6000 “
2810 5966 3172 6050 étépozgltoic
3197 5967 3260 6019 Α.
3342 5966 3385 5997 ¹⁹
3403 5963 3680 6038 ἀνδρείαν]

203 6041 321 6096 add.
346 6044 407 6095 ἐν
425 6043 614 6117 ἐκείνῃ
641 6047 702 6098 A.
733 6046 922 6101 invitis
953 6044 1194 6117 Interpp.

484 6138 763 6201 ΡΑτιιοι.
806 6140 927 6204 Gn.
969 6140 1164 6202 LVII.

1273 6048 1318 6079 ²⁰
1345 6041 1526 6101 σκότεί
1560 6053 1615 6103 ει
1641 6061 1694 6115 p.
1733 6061 1789 6115 p.
1811 6043 1904 6098 τοῦ
1925 6043 2077 6113 ἡλίου
2095 6041 2229 6098 Edd.

3276 6125 3350 6188 14
