4058 6356
471 268 579 327 293

475 390 740 463 ρωμένος,
763 387 884 442 οὐδέ
908 385 1060 458 ήλίου
1085 388 1346 456 φανέντος
1361 405 1375 418 ·
1399 389 1427 442 δ
1447 389 1510 458 δὴ
1531 389 1624 441 καὶ
1645 377 1790 442 οὗτοι
1819 385 2136 443 πεπόνθασι.

471 477 608 532 Οὐδὲ
642 476 751 548 γάρ
770 475 865 529 τοῦ
899 475 1048 546 ἡλίου
1074 475 1172 546 τῆς
1212 474 1554 546 δικαιοσύνης
1579 476 1886 546 λάμψαντος
1909 477 1999 529 καὶ
2034 494 2142 530 πα-

473 564 786 639 ραινοῦντος
809 563 1118 626 ἀκούουσιν,
1143 563 1564 626 ἀποκλείσαντος
1594 563 1773 626 αὐτοῖς
1798 564 1920 626 τοὺς
1941 563 2137 632 ὀφθαλ-

474 653 607 725 μοὺς
637 652 730 706 τοῦ
765 651 1017 704 πλούτου.
1061 650 1151 704 Διὸ
1175 652 1270 703 καὶ
1305 649 1525 704 διπλοῦν
1559 652 1747 714 σκότος
1775 651 2101 722 ὑπομένουσι
2121 667 2136 681 ο

467 742 531 796 rb
562 742 658 811 μὲν
687 739 744 804 ἐξ
766 738 971 794 ἑαυτῶν
999 739 1065 805 ²¹,
1096 738 1155 791 rb
1181 737 1237 790 δέ
1270 739 1333 789 ἐκ
1359 736 1451 790 τοῦ
1485 737 1558 809 μὴ
1586 739 1872 809 προσέχειν
1899 739 1975 809 τῷ
1999 739 2142 792 διδα-

473 827 674 896 σκάλῳ.
704 828 749 858 ⁸³
763 824 1125 897 Προσέχωμεν
1153 825 1330 879 τοίνυν
1365 825 1512 895 αὐτῷ
1544 825 1682 895 μετὰ
1716 826 2018 896 ἀκριϐείας,
2055 826 2141 880 ἵνα

469 917 568 986 ὀψὲ
595 913 726 984 γοῦν
755 930 884 966 ποτε
915 911 1322 982 ἀναϐλέψωμεν.
1358 913 1464 966 Καὶ
1503 912 1622 975 πῶς
1648 915 1695 945 ’³
1726 914 2025 983 ἀναϐλέψαι
2050 914 2140 967 δυ-

470 1004 662 1069 νατόν;
691 1001 816 1056 Ἐὰν
842 1000 1018 1072 μάθῃς
1041 1000 1156 1063 πῶς
1178 998 1510 1070 ἐτυφλώθης.
1537 999 1661 1063 Πῶς
1680 996 1773 1055 οῦν
1792 1000 2136 1073 ἐτυφλώθης;

483 1091 616 1145 Ἀπδ
657 1093 755 1162 τῆς
798 1085 1041 1160 ποντῖρᾶς
1089 1087 1402 1158 ἐπιθυμίας.
1452 1087 1716 1160 Καθάπερ
1767 1088 1876 1162 γὰρ
1928 1089 2066 1160 κόρῃ
2093 1090 2140 1120 ³⁵

470 1179 688 1249 καθαρᾷ
741 1176 915 1248 χυμὸς
955 1175 1285 1246 ἐπιρῤεύσας
1333 1175 1566 1245 πονηρὸς
1615 1177 1643 1228 ό
1691 1175 1800 1229 τῶν
1841 1177 2138 1247 χρημάτων

470 1265 631 1338 ἔρως,
657 1264 865 1336 πυκνὴν
891 1265 990 1334 τὴν
1013 1263 1240 1333 νεφέλην
1256 1262 1531 1334 ἐποίησεν.
1563 1262 1721 1316 Ἀλλά
1741 1263 1836 1316 καὶ
1857 1264 2138 1316 διασκεδα-

473 1353 664 1424 σθῆναι
691 1352 786 1405 καὶ
821 1351 1054 1420 ραγῆναι
1088 1351 1133 1382 ³⁸
1160 1351 1260 1420 τὴν
1301 1349 1530 1418 νεφέλην
1571 1348 1776 1419 ταύτην
1810 1349 2010 1420 ῥᾴδιον,
2042 1351 2138 1405 ἐὰν

471 1439 570 1511 τὴν
599 1441 792 1493 ἀκτῖνα
828 1441 925 1510 τῆς
959 1437 1052 1490 τοῦ
1085 1437 1321 1507 Χριστοῦ
1354 1435 1630 1506 δεξώμεθα
1658 1436 2038 1499 διδασκαλίας·
2070 1437 2137 1491 ἂν

471 1527 794 1597 ἀκούσωμεν
827 1524 994 1580 αὐτοῦ
1025 1523 1411 1596 παραινοῦντος
1448 1523 1543 1576 καὶ
1582 1523 1864 1592 λέγοντος·
1901 1524 1998 1592 Μὴ
2030 1529 2136 1592 θη-

471 1615 778 1684 σαυρίζετε
803 1613 946 1683 ὑμῖν
981 1610 1324 1681 θησαυροὺς
1350 1611 1449 1664 ἐπὶ
1479 1609 1588 1678 τῆς
1626 1609 1757 1679 γῆς.
1790 1611 1899 1664 Καὶ
1938 1611 1991 1663 τί
2022 1628 2132 1681 μοι,

471 1703 623 1775 φησὶ,
653 1702 812 1756 πλέον
833 1701 938 1755 ἀπὸ
963 1701 1062 1770 τῆς
1083 1698 1419 1770 ἀκροάσεως,
1442 1698 1568 1750 ὅταν
1592 1698 1695 1750 ὑπὸ
1720 1699 1818 1768 τῆς
1843 1697 2136 1768 ἐπιθυμίας

471 1788 789 1860 κατέχωμαι
811 1805 826 1854 ;
847 1786 1098 1842 Μάλιστα
1113 1785 1210 1854 μὲν
1239 1780 1331 1838 οῦν
1362 1784 1457 1837 καὶ
1480 1783 1578 1853 τὴν
1609 1783 1904 1854 ἐπιθυμίαν
1929 1785 1963 1854 ή
1981 1801 2134 1837 συνε-

470 1879 573 1948 χὴς
624 1878 885 1948 ἀκρόασις
919 1874 1219 1929 καταλῦσαι
1261 1873 1546 1945 δυνήσεται
1568 1875 1631 1927 ’⁸.
1673 1874 1769 1926 Ἂν
1794 1873 1839 1926 δ’
1877 1873 1984 1945 ἀρα
2015 1875 2136 1928 ἐπι-

473 1967 642 2036 μένῃς
669 1964 1050 2034 κατεχόμενος,
1076 1963 1326 2032 ἐννόησον
1357 1962 1437 2014 ὅτι
1465 1961 1585 2014 οὐδὲ
1619 1961 1886 2031 ἐπιθυμία
1908 1962 1967 2015 rb
1993 1964 2135 2032 πρᾶ-

469 2053 588 2124 γμά
617 2055 753 2106 ἐστι.
789 2051 925 2104 Ποία
961 2049 1066 2118 γὰρ
1111 2049 1398 2118 ἐπιθυμία,
1433 2047 1703 2101 δουλεύειν
1742 2048 2010 2118 χαλεπῶς,
2040 2066 2110 2102 κα

468 2137 786 2194 ὑτωκεῖσθαι
825 2136 1120 2208 τυραννίδι,
1155 2138 1248 2189 καὶ
1276 2135 1520 2189 δεδέσθαι
1561 2135 1913 2205 πανταχόθεν,
1954 2136 2048 2188 καὶ
2077 2137 2134 2191 ἐν

467 2229 645 2299 σκότῳ
677 2226 996 2293 διατρίϐειν,
1027 2224 1120 2278 καὶ
1155 2222 1384 2294 θορύϐου
1419 2223 1629 2292 γέμειν.
1661 2223 1753 2276 καὶ
1783 2222 1978 2287 πόνους
2004 2225 2134 2277 ὑπο-

469 2315 653 2387 μένειν
691 2311 976 2384 ἀκερδεῖς,
1009 2310 1104 2364 καὶ
1141 2310 1347 2379 ἐτέροις
1390 2309 1677 2377 φυλάττειν
1725 2309 1793 2361 τὰ
1840 2309 2130 2380 χρήματα,

466 2400 724 2463 πολλάκις
758 2399 815 2451 δέ
845 2397 939 2451 καὶ
971 2396 1218 2468 ἐχθροῖς;
1246 2396 1410 2459 Ποίας
1431 2395 1603 2449 ταῦτα
1638 2395 1932 2467 ἐπιθυμίας
1969 2398 2128 2464 ἀξιας

467 2489 626 2550 ποίας
648 2486 704 2538 δέ
732 2487 792 2539 οὑ
825 2484 1001 2555 φυγῆς
1023 2485 1117 2537 καὶ
1139 2483 1380 2554 δρόμων;
1406 2484 1538 2536 Ποία
1557 2485 1838 2555 ἐπιθυμία,
1863 2485 2134 2557 θησαυρὸν

465 2574 818 2628 ἀποτίθεσθαι
852 2572 1051 2642 μεταξύ
1095 2571 1380 2627 κλεπτῶνζ
1424 2573 1484 2625 Εἰ
1527 2571 1636 2642 γὰρ
1675 2573 1809 2636 ὅλως
1848 2573 2131 2644 ἐπιθυμεῖς

464 2662 783 2734 χρημάτων,
825 2659 1052 2728 μετάθες
1087 2658 1216 2712 ἔνθα
1258 2659 1479 2713 δύναται
1510 2659 1660 2732 [267]
1697 2659 1878 2730 μένειν
1911 2661 2131 2732 ἀσφαλῆ

454 2749 562 2804 ,καὶ
607 2748 1011 2819 ανεπηρέαστα.
1053 2746 1138 2808 Ὦς
1175 2746 1212 2800 ἆ
1263 2763 1328 2814 γε
1360 2745 1454 2799 νῦν
1491 2749 1696 2811 ποιεῖς,
1729 2748 1791 2800 οὐ
1835 2750 2131 2819 χρημάτων

463 2833 854 2906 ἐπιθυμοῦντός
897 2835 1065 2895 ἐστιν,
1099 2830 1237 2884 ἀλλὰ
1277 2831 1547 2896 δουλείας,
1579 2833 1672 2886 καὶ
1715 2834 2007 2905 ἐπηρείας,
2037 2837 2131 2889 καὶ

462 2923 686 2994 ζημίας,
710 2922 805 2976 καὶ
827 2922 1018 2992 ὀδύνης
1043 2918 1342 2992 διηνεκοῦς.
1371 2920 1444 2973 Σὺ
1481 2919 1558 2985 δὲ,
1589 2918 1656 2973 ἂν
1684 2920 1786 2992 μέν
1813 2939 1896 2986 τις
1918 2922 2129 2994 ἀνθρώ-

463 3028 582 3063 πων
608 3011 700 3063 ἐπὶ
730 3009 829 3079 τῆς
865 3009 966 3079 γῆς
997 3006 1160 3061 τόπον
1198 3006 1602 3077 ἀνεπηρέαστον
1633 3005 1781 3080 δείξῃ
1802 3008 1869 3074 ⁸⁷,
1907 3009 2010 3062 κᾶν
2048 3012 2129 3072 είς

461 3096 630 3160 αὐτὴν
663 3095 906 3167 ἐξαγάγῃ
947 3094 1045 3165 τὴν
1076 3094 1306 3165 ἔρημον,
1337 3093 1705 3163 ὑποσχόμενος
1733 3096 2029 3164 ἀσφάλειαν
2059 3101 2126 3170 τῇ

462 3183 676 3255 φυλακῇ
707 3183 816 3236 τῶν
842 3183 1158 3253 χρημάτων,
1179 3181 1238 3234 οὐ
1275 3183 1576 3243 κατοκνεῖς,
1599 3180 1718 3234 οὐδέ
1739 3181 1959 3255 ἀναδύῃ,
1990 3184 2126 3239 ἀλλά

453 3274 558 3326 καὶ
585 3271 951 3343 ἐμπιστεύεις,
983 3270 1077 3324 καὶ
1107 3269 1388 3334 ἐκϐάλλεις
1410 3270 1455 3302 ’⁸
1484 3271 1600 3323 ἐκεῖ
1623 3269 1690 3323 τὰ
1717 3272 1998 3342 χρήματα·
2030 3272 2124 3328 τοῦ

459 3359 596 3412 Θεοῦ
625 3359 682 3412 δὲ
727 3359 848 3412 ἀντὶ
876 3357 1176 3428 ἀνθρώπων
1207 3357 1635 3428 ὑπισχνουμένου
1675 3375 1758 3411 σοι
1798 3361 1956 3413 τοῦτο
1980 3399 1995 3423 ,
2032 3362 2126 3416 καὶ

461 3447 584 3517 οὐχὶ
628 3447 727 3518 τὴν
778 3447 1000 3517 ἔρημον.
1047 3445 1182 3498 ἀλλά
1235 3445 1326 3499 τὸν
1375 3445 1602 3516 οὐρανὸν
1645 3446 2019 3516 προτιθέντος,
2053 3448 2126 3502 τὰ

455 3535 680 3588 ἐναντία
709 3533 999 3605 καταδέχῃ.
1033 3533 1288 3601 Καίτοιγε
1329 3531 1430 3586 κᾶν
1466 3533 1723 3603 μυριάκις
1759 3535 1816 3586 ἐν
1857 3535 2123 3608 ἀσφαλείᾳ

461 3621 689 3692 γένηται
717 3623 737 3651 ⁸
789 3621 957 3680 κάτω,
994 3619 1091 3689 τῆς
1122 3619 1393 3690 φροντίδος
1419 3620 1672 3674 οὐδέποτε
1707 3621 1987 3693 ἐλεύθερος
2029 3641 2118 3692 γε-

462 3707 647 3761 νέσθαι
677 3707 896 3778 δυνήσῃ.
934 3706 1052 3760 Κᾶν
1095 3707 1205 3777 γὰρ
1247 3707 1323 3777 μὴ
1349 3707 1637 3780 ἀπολέσῃς,
1674 3707 1768 3762 τοῦ
1819 3711 2123 3781 φροντίζειν

464 3794 540 3865 μὴ
570 3792 841 3864 ἀπολέσῃς
875 3793 921 3825 ³⁸
955 3792 1208 3846 οὐδέποτε
1250 3793 1636 3869 ἀπαλλαγήσῃ.
1683 3796 1830 3849 Ἐκεῖ
1867 3797 1925 3851 δὲ
1970 3799 2121 3852 οὐδὲν

461 3882 746 3954 ὑποστήσῃ
777 3881 978 3936 τούτων
998 3897 1013 3912 ο
1042 3880 1134 3935 καὶ
1158 3881 1218 3934 rb
1249 3880 1314 3953 δὴ
1347 3881 1528 3947 πλέον,
1566 3883 1647 3936 ὅτι
1679 3883 1739 3937 οὐ
1773 3884 2121 3956 κατορύττεις

458 3973 520 4026 rb
547 3973 767 4044 χρυσίον
803 3970 981 4042 μόνον,
1011 3969 1146 4024 ἀλλά
1172 3969 1266 4023 καὶ
1309 3969 1582 4039 φυτεύεις.
1617 3971 1692 4024 Τὸ
1719 3972 1828 4043 γὰρ
1863 3973 1995 4027 αὐτὸ
2026 3975 2121 4028 καὶ

459 4059 730 4132 θησαυρός
765 4060 881 4112 ἐστι
913 4056 1008 4112 καὶ
1031 4057 1230 4127 σπόρος
1249 4072 1264 4088 ο
1301 4055 1502 4126 μᾶλλον
1527 4057 1583 4111 δὲ
1612 4057 1888 4131 ἑκατέρων
1918 4060 2119 4115 τούτων

455 4145 640 4201 πλέον.
681 4146 738 4200 Ὀ
775 4144 872 4216 μὲν
918 4145 1025 4214 γὰρ
1059 4144 1258 4216 σπόρος
1289 4145 1348 4198 οὐ
1405 4143 1555 4216 μένει
1599 4145 1924 4212 διαπαντὸς,
1963 4147 2120 4202 τοῦτο

455 4233 515 4286 δὲ
555 4233 706 4305 μένει
755 4232 1036 4303 διηνεκῶς.
1079 4232 1247 4286 Πάλιν
1292 4233 1321 4286 ὁ
1371 4230 1645 4304 θησαυρὸς
1691 4234 1752 4287 οὐ
1807 4233 2116 4304 βλαστάνει,

455 4314 610 4383 ὦτος
641 4319 699 4374 δὲ
717 4318 1016 4383 ἀθανάτους
1036 4336 1118 4372 σοι
1157 4319 1311 4390 φέρει
1336 4319 1600 4391 καρπούς.
1636 4320 1700 4373 El
1725 4319 1781 4374 δὲ
1814 4321 1906 4374 τὸν
1931 4322 2119 4393 χρόνον

459 4422 552 4476 μοι
594 4405 792 4475 λέγεις,
823 4407 918 4460 καὶ
955 4407 1055 4478 τὴν
1093 4406 1358 4476 ἀναϐολὴν
1400 4406 1498 4476 τῆς
1529 4406 1857 4471 ἀποδόσεως,
1889 4407 1996 4478 ἔχω
2023 4409 2119 4479 μὲν

453 4494 552 4549 καὶ
583 4493 693 4563 ἐγὼ
734 4494 936 4560 δεῖξαι,
969 4494 1064 4547 καὶ
1098 4495 1272 4548 εἰπεῖν
1320 4494 1419 4547 ὅσα
1464 4495 1559 4546 καὶ
1597 4493 1827 4547 ἐνταῦθα
1870 4494 2120 4565 ἀπολαμ-

454 4579 672 4645 ϐάνειςο
703 4581 873 4652 χωρὶς
899 4582 957 4636 δέ
981 4581 1206 4647 τούτων,
1241 4581 1334 4635 καὶ
1372 4582 1466 4635 ἀπ’
1505 4581 1681 4636 αὐτῶν
1709 4581 1816 4635 τῶν
1852 4581 2120 4652 βιωτικῶν

1313 267 1374 326 S.
1411 268 1696 326 JOANNIS
1731 269 2211 327 CHRYSOSTOMI
2251 271 2565 328 ARCHIEP.
2607 273 3150 335 CONSTANTINOP.

3793 273 3912 326 95H

2247 407 2304 442 σε
2339 391 2550 458 ἐλέγξαι
2586 394 2918 465 πειράσομαι
2945 395 3119 467 μάτην
3143 395 3313 450 ταῦτα
3338 396 3377 427 ³¹
3415 395 3910 467 προφασιζόμενον.

2315 484 2388 542 ς’.
2422 479 2595 533 Πολλὰ
2622 481 2730 552 7&9
2764 482 2856 534 καὶ
2883 483 2941 535 ἐν
2967 483 3045 553 τῷ
3075 484 3301 554 παρόντι
3323 483 3424 553 βίῳ
3450 485 3913 548 κατασκευάζεις.

2241 556 2317 616 ὧν
2351 565 2410 616 οὐ
2445 565 2656 635 μέλλεις
2697 567 2858 630 αὑτὸς
2893 568 3182 623 ἀπολαύειν
3205 586 3220 601 σ
3261 569 3365 622 κᾶν
3398 569 3600 638 ἐγκαλῇ
3628 585 3743 633 τις,
3780 570 3917 632 τοὺς

2241 651 2438 715 παῖδας
2462 653 2555 706 καὶ
2587 655 2711 718 τοὺς
2745 654 2968 708 ἐκείνων
2999 656 3195 719 παῖδας
3233 655 3687 726 προϐαλλόμενος,
3714 657 3919 726 ἱκανὴν

2239 739 2416 803 δοκεῖς
2474 741 2820 813 παραμυθίαν
2873 743 2982 795 τῶν
3037 743 3306 813 περιττῶν
3361 744 3651 814 εὑρηκέναι
3704 760 3915 797 πονων.

2241 825 2408 880 Ὅταν
2437 827 2544 897 γὰρ
2579 829 2637 881 ἐν
2671 828 2884 899 ἐσχάτῳ
2923 831 3069 900 γήρᾳ
3095 830 3384 899 γενόμενος
3416 830 3704 901 οίκοδομῇς
3731 829 3918 894 οἰκίας

2239 912 2521 985 λαμπρὰς,
2559 909 2634 970 ὧν
2668 917 2774 988 πρὸ
2809 915 2904 970 τοῦ
2953 918 3141 980 τέλους
3180 917 3456 991 ἀπελεύσῃ
3500 918 3779 984 πολλάκις,
3811 920 3920 973 καὶ

2238 999 2431 1071 δένδρα
2460 1001 2719 1076 φυτεύῃς,
2748 1002 2785 1056 ἀ
2831 1002 2969 1074 μετά
2999 1004 3170 1057 πολλὰ
3208 1003 3302 1074 ἐτη
3348 1004 3441 1058 τὸν
3485 1005 3694 1074 καρπὸν
3725 1005 3873 1057 οίσει
3898 1021 3914 1034 ·

2243 1085 2406 1158 [ὅταν
2427 1089 2472 1120 ³²
2510 1089 2748 1159 φυτεύῃς
2769 1089 2827 1142 ἐν
2859 1090 3044 1160 χωρίῳ
3082 1090 3296 1161 δένδρα,
3330 1084 3406 1143 ὧν
3435 1092 3572 1160 μετὰ
3605 1090 3774 1162 μυρία
3809 1092 3916 1163 ἐτη

2237 1175 2268 1225 ό
2299 1172 2506 1244 καρπὸς
2535 1173 2711 1246 ἦξει,]
2743 1174 2838 1228 καὶ
2869 1175 3055 1237 οὐσίας
3101 1175 3377 1246 ἀγοράζῃς
3416 1177 3510 1228 καὶ
3544 1175 3799 1246 κλήρους,
3835 1170 3918 1229 ὧν

2242 1262 2378 1332 μετὰ
2404 1261 2569 1315 πολὺν
2601 1261 2725 1332 δέξῃ
2746 1263 2934 1332 χρόνον
2959 1263 3056 1331 τὴν
3085 1263 3419 1328 δεσποτείαν,
3442 1263 3534 1316 καὶ
3555 1263 3715 1333 ἕτερα
3738 1263 3918 1316 πολλά

2237 1349 2457 1402 τοιαῦτα
2489 1348 2799 1420 φιλοπονῇς,
2825 1343 2901 1402 ὧν
2923 1351 2983 1404 οὐ
3015 1348 3285 1422 καρπώσῃ
3309 1350 3408 1420 τὴν
3435 1349 3733 1404 ἀπόλαυσιν
3756 1365 3770 1379 ’
3797 1346 3918 1420 ἆρα

2239 1435 2328 1488 διὰ
2350 1436 2576 1489 σεαυτὸν
2600 1435 2633 1506 ἢ
2671 1435 2758 1489 διὰ
2778 1437 2904 1499 τούς
2940 1437 3076 1506 μετὰ
3103 1435 3276 1489 ταῦτα
3306 1438 3475 1499 ποιεῖς
3497 1454 3510 1502 ;
3544 1435 3670 1498 Πῶς
3687 1431 3782 1489 οὖν
3808 1437 3917 1489 οὐκ

2238 1523 2473 1594 ἐσχάτης
2502 1522 2708 1586 ἀνοίας,
2737 1523 2970 1578 ἐνταῦθα
2995 1523 3096 1593 μὲν
3125 1523 3289 1594 μηδὲν
3316 1522 3501 1577 ἀλύειν
3532 1523 3667 1594 πρὸς
3687 1523 3786 1594 τὴν
3813 1523 3914 1576 τοῦ

2237 1611 2429 1682 χρόνου
2463 1611 2742 1680 μέλλησιν,
2777 1613 2871 1664 καὶ
2911 1611 3083 1666 ταῦτα
3116 1612 3376 1682 μέλλοντα
3406 1612 3450 1644 ³³
3485 1613 3550 1665 ἐκ
3577 1614 3675 1680 τῆς
3705 1612 3914 1682 μελλή-

2235 1716 2372 1762 σεως
2395 1698 2598 1768 ταύτης
2627 1699 2843 1769 ἁπάσης
2867 1699 2974 1752 τῶν
2999 1699 3173 1754 πόνων
3195 1700 3481 1752 ἐκπίπτειν
3509 1699 3609 1769 τῆς
3634 1699 3877 1770 ἀμοιϐῆς
3896 1716 3911 1730 ·

2233 1787 2351 1839 ἐκεῖ
2383 1787 2441 1840 δέ
2473 1786 2562 1840 διὰ
2602 1785 2700 1858 τὴν
2728 1786 2996 1857 ἀναϐολὴν
3037 1790 3263 1858 ναρκᾷν,
3291 1789 3387 1841 καὶ
3417 1786 3590 1840 ταῦτα
3621 1787 3780 1840 πλέον
3827 1803 3915 1841 σοι

2235 1873 2509 1944 φερούσης
2533 1874 2595 1926 rb
2629 1873 2838 1944 κέρδος,
2874 1875 2966 1926 καὶ
2998 1874 3096 1927 οὐκ
3126 1877 3204 1937 εἰς
3241 1875 3461 1945 ἐτέρους
3497 1874 3913 1945 παραπεμπού-

2235 1977 2335 2031 σης
2355 1960 2421 2013 τὰ
2455 1959 2654 2029 ἀγαθὰ,
2680 1959 2815 2013 ἀλλά
2859 1961 2942 2014 σοὶ
2974 1960 3300 2032 κομιζούσης
3325 1961 3424 2025 τὰς
3451 1961 3690 2033 δωρεάς;
3719 1962 3912 2032 Χωρὶς

2231 2048 2290 2102 δὲ
2319 2049 2524 2101 τούτων
2562 2049 2681 2102 οὐδὲ
2714 2051 2747 2120 ή
2783 2049 3019 2120 ἀναϐολὴ
3053 2049 3240 2120 πολλή.
3293 2051 3404 2103 Καὶ
3433 2051 3543 2120 γάρ
3585 2051 3676 2102 ἐπὶ
3711 2049 3912 2119 θύραις

2230 2136 2300 2189 τὰ
2350 2137 2673 2208 πράγματα,
2714 2138 2807 2191 καὶ
2839 2138 2938 2190 οὐκ
2973 2138 3130 2207 ἴσμεν
3162 2138 3234 2208 μή
3272 2155 3401 2190 ποτε
3450 2140 3543 2191 καὶ
3572 2140 3629 2190 ἐν
3659 2140 3724 2208 τῇ
3769 2140 3911 2208 ἡμε-

2231 2221 2368 2295 τέρᾳ
2389 2226 2551 2295 γενεᾷ
2572 2225 2722 2288 τέλος
2741 2223 2851 2289 έξει
2871 2224 2940 2278 τὰ
2957 2223 3079 2277 καθ’
3099 2226 3130 2295 ἡ
3139 2227 3243 2295 μᾶς
3268 2226 3503 2290 ἅπαντα,
3523 2226 3616 2278 καὶ
3639 2227 3672 2295 ή
3697 2225 3912 2295 φοϐερὰ

2236 2311 2608 2382 παραγένηται
2643 2311 2824 2382 ήμέρα
2850 2310 2896 2342 ³⁸
2926 2310 3129 2381 ἐκείνη,
3169 2313 3230 2364 rb
3261 2312 3528 2382 φρικῶδες
3571 2314 3699 2382 ήμῖν
3730 2313 3910 2364 ἐνδει-

2232 2397 2471 2468 κνυμένη
2505 2399 2600 2450 καὶ
2637 2399 2930 2451 ἀδέκαστον
2963 2398 3330 2469 δικαστήριον.
3369 2400 3476 2454 Καὶ
3513 2398 3662 2471 [268]
3697 2399 3811 2469 γὰρ
3839 2400 3911 2452 τὰ

2232 2485 2457 2540 πλείονα
2483 2486 2593 2539 τῶν
2639 2487 2881 2557 σημείων
2928 2487 3277 2557 ἀπήρτισται,
3326 2488 3420 2540 καὶ
3463 2488 3523 2539 τὸ
3569 2487 3908 2556 Εὐαγγέλιον

2232 2571 2415 2626 λοιπὸν
2448 2573 2725 2642 πανταχοῦ
2767 2573 2866 2642 τῆς
2905 2573 3228 2643 οἰκουμένης
3275 2575 3644 2644 κεκήρυκται,
3692 2575 3794 2628 καὶ
3837 2574 3908 2628 τά

2230 2659 2338 2712 τῶν
2373 2659 2645 2730 πολέμων,
2678 2660 2774 2712 καὶ
2813 2660 2881 2713 τὰ
2910 2660 3018 2712 τῶν
3050 2659 3306 2730 σεισμῶν,
3335 2661 3429 2713 καὶ
3471 2659 3540 2714 τὰ
3582 2661 3689 2714 τῶν
3724 2660 3908 2730 λιμῶν

2231 2745 2415 2817 ἐξέϐη,
2447 2747 2542 2800 καὶ
2575 2746 2635 2798 οὐ
2675 2746 2809 2800 πολὺ
2833 2746 2894 2799 τὸ
2924 2747 3105 2816 μέσον.
3142 2745 3280 2798 Ἀλλ’
3313 2747 3412 2816 οὐχ
3438 2748 3569 2818 ὁρᾷς
3599 2749 3810 2816 σημεῖα
3826 2747 3906 2809 ³⁸;

2231 2835 2341 2886 Καὶ
2365 2832 2523 2886 τοῦτο
2550 2833 2680 2886 αὐτὸ
2715 2834 2971 2904 μέγιστον
2997 2835 3239 2903 σημεῖον.
3263 2833 3398 2885 Οὐδὲ
3429 2833 3538 2904 γὰρ
3574 2833 3625 2886 οἱ
3651 2833 3741 2885 ἐπὶ
3779 2833 3906 2886 Νῶε

2234 2916 2376 2974 εἶδον
2418 2921 2678 2992 προοίμια
2709 2921 2808 2990 τῆς
2849 2919 3221 2992 πανωλεθρίας
3251 2919 3495 2991 ἐκείνης,
3529 2920 3666 2974 ἀλλά
3695 2919 3906 2990 μεταξύ

2234 3015 2540 3080 παίζοντες.
2570 3015 2858 3079 ἐσθίοντες,
2892 3013 3216 3084 γαμοῦντες,
3241 3013 3312 3067 τά
3338 3013 3539 3085 συνήθη
3570 3015 3905 3086 πράττοντες

2233 3102 2481 3166 ἅπαντα,
2533 3101 2677 3155 οὔτω
2709 3101 3128 3172 κατελήφθησαν
3169 3101 3275 3154 ὑπὸ
3321 3100 3421 3172 τὴς
3467 3100 3704 3171 φοϐερᾶς
3741 3101 3904 3172 δίκης

2232 3189 2467 3259 ἐκείνης.
2506 3190 2616 3242 Καὶ
2649 3191 2698 3244 oi
2731 3190 2788 3242 ἐν
2823 3189 3075 3259 Σοδόμοις
3112 3188 3170 3242 δέ
3211 3189 3430 3259 ὁμοίως,
3456 3188 3769 3259 τρυφῶντες
3811 3191 3904 3242 καὶ

2231 3277 2384 3330 οὐδὲν
2432 3276 2772 3348 ὑφορώμενοι
2803 3279 2912 3331 τῶν
2955 3277 3356 3348 γεγενημένων,
3396 3277 3502 3331 ὑπὸ
3545 3277 3652 3330 τῶν
3694 3293 3902 3347 κεραυο

2232 3364 2338 3418 νῶν
2369 3364 2810 3436 κατεφλέχθησαν
2836 3364 2945 3419 τῶν
2970 3365 3090 3418 τότε
3121 3363 3572 3435 κατενεχθέντων.
3593 3364 3776 3434 Ἀπερ
3807 3361 3902 3417 οὖν

2231 3451 2443 3505 ἅπαντα
2462 3450 2788 3514 ἐννοοῦντες,
2807 3451 3221 3522 ἐπιστρέψωμεν
3252 3452 3476 3514 ἑαυτοὺς
3503 3450 3640 3522 πρὸς
3670 3449 3772 3521 τὴν
3804 3453 3902 3520 τῆς

2229 3537 2477 3590 ἐντεῦθεν
2512 3537 2823 3608 ἀποδημίας
2855 3538 3227 3608 παρασκευήν.
3262 3535 3514 3606 Κᾶν-γὰρ
3545 3537 3579 3605 ή
3614 3535 3766 3606 κοινὴ
3802 3537 3899 3606 τῆς

2230 3622 2538 3687 συντελείας
2563 3623 2746 3694 ήμέρα
2771 3623 3038 3694 μηδέποτε
3064 3623 3109 3654 ³⁸
3138 3624 3353 3692 ἐπιστῇ,
3389 3621 3450 3675 rb
3478 3621 3707 3675 ἑκάστου
3738 3622 3898 3685 τέλος

2228 3710 2322 3764 ἐπὶ
2350 3711 2562 3782 θύραις,
2597 3711 2700 3764 κᾶν
2739 3709 3063 3779 γεγηρακώς
3097 3727 3180 3772 τις
3211 3705 3270 3780 ᾖ,
3310 3708 3415 3762 κᾶν
3458 3706 3606 3773 νέοςο
3657 3709 3750 3761 καὶ
3799 3708 3900 3762 οὐκ

2227 3797 2373 3852 ἔστιν
2404 3796 2653 3850 ἐντεῦθεν
2675 3797 3008 3860 ἀπελθόντας
3029 3795 3152 3849 οὐτε
3187 3796 3365 3850 ἔλαιον
3394 3794 3655 3866 πρίασθαι
3685 3797 3893 3859 λοιπὸν,

2226 3883 2349 3937 οὐτε
2393 3883 2686 3954 δεηθέντας
2727 3885 3000 3954 ἐπιτυχεῖν
3049 3882 3410 3954 συγγνώμης,
3439 3882 3544 3936 κᾶν
3575 3881 3833 3952 ’Λϐραάμ
3866 3882 3896 3934 ό

2227 3971 2558 4044 παρακαλῶν
2579 3972 2620 4004 ³⁷
2646 3968 2702 4044 ᾗ,
2739 3971 2843 4026 κᾶν
2866 3971 3011 4038 Νῶε,
3045 3971 3148 4025 κᾶν
3188 3969 3331 4033 Ἰὼϐ,
3365 3970 3468 4024 κᾶν
3506 3970 3723 4040 Δανιήλ.
3749 3969 3895 4032 Ἕως

2225 4057 2317 4112 οὖν
2347 4058 2535 4129 καιρὸν
2582 4057 2798 4129 ἔχομεν,
2843 4055 3281 4129 προαποθώμεθα
3319 4057 3532 4117 ἑαυτοῖς
3560 4055 3767 4125 πολλὴν
3795 4053 3892 4125 τὴν

2226 4145 2570 4216 παρρησίαν,
2603 4143 2996 4214 συναγάγωμεν
3037 4144 3211 4198 έλαιον
3269 4142 3522 4212 δαψιλὲς,
3568 4141 3891 4212 μεταθῶμεν

2225 4232 2439 4315 ἅπαντα
2481 4233 2560 4296 είς
2591 4233 2683 4286 τὸν
2721 4233 2968 4305 οὑρανδν,
3011 4233 3098 4286 ἵνα
3145 4233 3205 4286 ἐν
3234 4230 3409 4302 καιρῷ
3441 4229 3520 4300 τῷ
3561 4233 3887 4315 προσήκοντι

2225 4320 2320 4373 καὶ
2345 4313 2389 4387 ᾧ
2411 4320 2454 4352 ³⁸
2484 4319 2718 4389 μάλιστα
2746 4320 2924 4372 αὐτῶν
2955 4319 3206 4391 δεόμεθα,
3235 4319 3452 4372 πάντων
3471 4313 3882 4388 ἀπολαύσωμεν,

2225 4409 2404 4479 χάριτι
2440 4407 2535 4459 καὶ
2580 4406 2958 4478 φιλανθρωπίᾳ
2986 4406 3079 4460 τοῦ
3114 4405 3320 4475 Κυρίου
3356 4404 3514 4476 ήμῶν
3546 4403 3721 4473 Ἰησοῦ
3756 4406 3884 4474 Χρι-

2225 4495 2372 4557 στοῦ,
2397 4487 2441 4561 ᾧ
2464 4495 2498 4566 ἡ
2526 4493 2652 4558 δόξα
2681 4495 2776 4547 κα)⁵
2801 4495 2862 4548 τὸ
2893 4496 3112 4566 κράτος,
3139 4493 3232 4548 νῦν
3264 4493 3359 4548 καὶ
3386 4493 3495 4558 ἀεὶ,
3523 4493 3618 4545 καὶ
3643 4495 3726 4554 είς
3761 4492 3880 4554 τοὺς

2224 4583 2422 4646 αἰῶνας
2449 4583 2556 4636 τῶν
2583 4582 2814 4636 αἰώνων.
2844 4584 3037 4653 Ἀμήν.

523 4695 769 4769 ’ξαύτῶν
797 4695 860 4769 Βἐ
891 4696 1426 4769 "_H6[_K(_)N.7Kar&
1457 4696 1822 4768 φιλαργύρων.
1844 4696 1908 4769 Α.
1971 4695 2181 4769 ²³Ῠπῶς]
2201 4696 2323 4769 add.
2353 4698 2486 4769 φησὶ
2511 4699 2574 4750 Α.
2603 4696 2754 4769 Arn).
2796 4697 2876 4769 hr’f
2901 4696 3216 4769 κόρῃῖίιιᾱά.
3245 4694 3522 4769 ὀφθαλμοῦ
3551 4694 3706 4769 At?
3732 4694 3820 4769 δια

487 4852 573 4908 εις
582 4835 640 4890 Β.
659 4835 888 4908 ΕηΙλιιῐιδα
906 4835 1286 4908 προστιθέντος
1301 4837 1364 4908 Α.
1381 4836 1442 4908 C.

453 4904 518 4959 E.
541 4904 692 4976 Regii
713 4905 832 4971 668,
857 4904 978 4977 669'.
1000 4906 1174 4977 verba
1199 4906 1272 4977 μὴ
1298 4907 1586 4977 ἀπολέσῃς,
1609 4904 1729 4977 (μιςὲ
1752 4923 1819 4960 vu

491 4765 699 4847 αγῆναι
733 4767 884 4847 ᾼκϐ.
929 4765 993 4824 D.
1068 4766 1430 4847 ἠλδυνήσῃται
1454 4765 1605 4847 ethpL
1633 4765 1998 4847 ρζέπιμείνῃς
2019 4767 2128 4847 Εάῤ

2233 4768 2274 4799 ³⁷
2304 4765 2471 4847 δείξῃ]
2489 4784 2587 4847 ’σοι
2617 4765 3126 4847 δείξῃ,Εάιξκρεἦιις)Δ
3141 4783 3204 4847 ait

450 4766 692 4890 ξαγῖῃραι
733 4768 799 4819 Α.
824 4767 884 4819 C.
929 4766 993 4824 ι),
1068 4767 1113 4797 in
1137 4766 1430 4836 δυνήσηται
1454 4776 1605 4868 ad).
1633 4766 1998 4852 μέπιμείνῃς
2019 4766 2179 4822 Εάάξ
2231 4768 2274 4799 ³⁷
2304 4766 2471 4852 δείξῃ]
2508 4784 2587 4820 σοι
2617 4766 2762 4837 δείξῃ
2795 4767 2930 4822 Edd.
2955 4766 3127 4868 [ia—ul?0
3141 4777 3265 4847 aute
3286 4767 3375 4819 Σοὶ
3405 4766 3462 4819 δὲ
3482 4766 3542 4819 C.
3619 4766 3664 4795 "'
3687 4766 3877 4885 ἐμέϐάλξ

453 4835 3349 4959 ﬁmi:‘eiiéﬁ'és’é‘fﬁ‘igivii‘iaggm.Eil’ffiia’éséiii.$1333?ﬂiiiiilﬁ‘feﬁéﬁ‘idéum.3315;
3371 4835 3874 4959 ἓὲῗῗὲειῗιῖἷθοιίῖῗιῖ

2231 4768 2274 4799 ³⁷
2304 4765 2471 4839 δείξῃ]
2489 4784 2587 4839 *σοι
2617 4765 3118 4839 δείξῃΕάὼρέἰιιο
3141 4777 3265 4839 ante
3284 4767 3375 4839 ξολ
3405 4766 3462 4839 δὲ
3482 4766 3542 4819 C.
3619 4765 3664 4839 _"'
3687 4765 3880 4839 ἐμϐάλ-

1843 4922 1908 4977 go
1926 4904 2232 4977 desunt,'ex
2251 4904 2339 4960 his
2369 4904 2524 4977 codd.
2551 4904 2750 4977 recepi,
2782 4907 2950 4977 F_avct
2976 4923 3189 4977 quoque
3219 4906 3275 4959 Β.
3295 4907 3349 4960 in
3371 4904 3478 4977 quo
3499 4906 3696 4977 desunt
3712 4904 3874 4977 etiagl

451 4991 541 5048 νγ.
573 4964 667 5030 τονῦ
709 4964 1010 5048 φροντίζειν
1053 4964 1272 5048 Scilicet
1294 4964 1802 5048 _dupiex"&it61écn;
1831 4964 2066 5048 scribam
2098 4977 2128 5030 fc

2233 4977 2305 5030 lit.
2383 4976 2425 5007 "
2453 4978 2592 5048 αὐτά
2620 4964 2691 5028 ΒῘ
2941 4964 3158 5048 ³²’ὄταν]
3194 4977 3318 5048 ὅταν
3349 4964 3455 5047 γάρ
3705 4975 3768 5027 b'.
3813 4973 3868 5026 [ε’.

450 5043 731 5102 Caeterum
753 5043 808 5102 ἐἰ
838 5048 960 5115 quis
996 5061 1082 5100 Ine
1118 5043 1397 5101 audacior“
1423 5043 1788 5115 importunam
1827 5046 1968 5100 hanc
2015 5046 2312 5100 clausulam
2343 5061 2408 5100 ex
2438 5047 2578 5100 serie
2607 5047 2866 5100 orationis
2900 5043 3164 5110 amoveat',
3203 5047 3337 5100 sciat
3364 5043 3488 5099 'non
3517 5045 3570 5099 id
3607 5045 3871 5115 facturum

451 5131 575 5186 esse
613 5117 730 5171 sine
761 5113 1081 5186 auctoritate
1119 5116 1440 5186 interpretis
1475 5113 1626 5170 ﬁrm.
1654 5125 1709 5170 et
1740 5117 1902 5170 unius
1924 5116 2153 5186 codicis,
2181 5131 2378 5186 uempe
2416 5116 2545 5186 Reg.
2579 5118 2700 5179 669,
2729 5131 2889 5185 quem
2917 5118 3140 5171 molesta
3172 5116 3259 5169 illa
3287 5115 3500 5170 iteratio
3527 5113 3868 5186 uoqim-a‘sit.

453 5185 500 5216 ³³
526 5186 814 5256 μέλλοντας
839 5185 975 5240 Edd.

452 5254 650 5326 σημεῖα
681 5255 814 5312 Edd.
890 5257 935 5289 ³⁸
961 5255 1183 5328 μηδέπω
1209 5256 1342 5311 Edd.
1393 5254 1969 5326 “³⁷“παρακαλούμενος
1997 5255 2056 5306 Β.
2086 5255 2128 5308 Ι)

2233 5295 2243 5308 .
2276 5255 2335 5309 F.
2372 5254 2494 5309 mox
2526 5255 2736 5326 ἔχωμεν
2762 5256 2822 5310 C.
2853 5257 2916 5309 D.
2959 5256 3022 5309 F.

1445 5394 1805 5404 ____——.—

3258 5253 3346 5309 ὃτε
3377 5253 3443 5308 Ᾰ.
3473 5254 3536 5308 C.
3569 5255 3633 5306 D.
3671 5253 3732 5306 F.

1049 5187 1095 5218 “
1116 5181 1290 5241 Verba
1311 5186 1683 5256 παραγένηται
1706 5186 1888 5256 ἡμέρα
1904 5185 2128 5240 desunti

1049 5255 1183 5309 Sénw
1209 5256 1342 5311 Edd.
1418 5257 1459 5288 ³⁷
1494 5254 1969 5326 παρακαλούμενος
1997 5255 2056 5306 Β.
2086 5255 2128 5308 Ι)

2238 5228 2250 5238 .
2271 5181 2488 5255 propter
2499 5181 2816 5240 Ῑιοιηαξοιίιι.
2840 5185 3210 5273 δικαστήριοχ]
3229 5187 3508 5256 κριτήριον
3530 5184 3592 5236 D.
3611 5181 3672 5235 F.
3753 5181 3872 5234 ³⁸τά

2233 5295 2243 5308 .
2276 5255 2335 5309 F.
2372 5272 2494 5309 mox
2526 5255 2736 5326 ἔχωμεν
2762 5256 2822 5310 C.
2853 5257 2916 5309 D.
2959 5256 3022 5309 F.
3098 5257 3141 5286 ³⁸
3163 5259 3228 5327 ῳ]
3258 5257 3346 5309 ὅτε
3379 5258 3443 5308 Α.
3473 5254 3536 5308 C.
3569 5255 3633 5306 D.
3671 5253 3732 5306 F.

3098 5259 3141 5286 aa
3163 5259 3205 5324 ᾧ

1967 5447 2208 5502 ΟΜΙΛΙΑ
2235 5449 2363 5500 ΚΑ’.

363 5564 366 5567 -
448 5526 653 5592 οὐδεὶς
678 5524 722 5557 ⁸⁸
750 5523 998 5577 δύναται
1025 5519 1166 5592 δυσὶ
1194 5520 1418 5592 κυρίοις
1442 5519 1752 5592 δουλεύτιγ⁴
1770 5535 1783 5547 ο
1809 5517 1844 5585 ἢ
1871 5519 2112 5592 γᾴρ-τόν

516 5586 644 5650 ἕνα
663 5593 914 5663 μισήσει
938 5633 965 5663 ,ν
993 5591 1106 5663 καὶ*
1146 5586 1496 5663 τὸν-ἕτερον
1536 5588 1862 5663 ἀγαπήσειο
1899 5589 1936 5657 ἢ
1972 5586 2110 5654 ἐνὸς

516 5658 848 5729 ἀνθέξεται,
874 5662 973 5717 καί
1007 5660 1112 5715 τοῦ
1141 5659 1344 5728 ἑτέρου
1382 5658 1844 5727 καταφρονήσει.

519 5796 586 5841 α’.
632 5788 792 5857 Ὁρᾷς
825 5785 942 5848 πῶς
961 5781 1100 5836 κατὰ
1130 5780 1321 5853 μικρὸν
1356 5780 1462 5833 τῶν
1494 5779 1660 5832 ὅντων
1697 5779 1976 5848 ἀφίστησι,
2015 5779 2108 5832 καὶ

2215 5517 2302 5570 διὰ
2337 5516 2595 5570 πλειόνων
2633 5516 2724 5570 τὸν
2757 5517 2884 5587 περὶ
2910 5516 3010 5587 τῆς
3039 5516 3422 5587 ἀκτημοσύνης
3459 5516 3669 5583 είσάγει
3696 5513 3864 5579 λόγον,

2216 5604 2309 5658 καὶ
2335 5603 2432 5674 τὴν
2464 5607 2562 5675 τῆς
2587 5603 2948 5675 φιλαργυρίας
2977 5604 3301 5657 καταϐάλλει
3321 5604 3365 5635 ⁸⁸
3389 5601 3711 5673 τυραννίδας
3741 5600 3866 5653 Οὐδὲ

2215 5692 2324 5764 γὰρ
2351 5691 2593 5762 ἠρκέσθη
2620 5693 2730 5754 τοῖς
2758 5691 3090 5762 ἔμπροσθεν,
3121 5691 3296 5743 καίτοι
3330 5689 3544 5751 πολλοῖς
3581 5688 3675 5741 καὶ
3704 5686 3866 5757 μεγά-

2215 5779 2325 5844 λοις
2349 5775 2498 5832 οὖσιν
2519 5797 2534 5812 ο
2561 5779 2698 5832 ἀλλὰ
2729 5781 2822 5832 καὶ
2849 5779 3011 5851 ἔτερα
3040 5778 3366 5850 προστίθησι
3405 5777 3623 5833 πλείονα
3661 5777 3756 5830 καὶ
3781 5785 3858 5840 φον

526 5903 568 5935 ³³³
595 5899 806 5966 Οὐδεὶς]
835 5899 959 5954 add.
989 5897 1201 5966 οἰκέτης
1230 5895 1290 5950 F.
1321 5896 1370 5950 l.
1400 5894 1567 5964 Mosq.
1635 5894 1680 5927 ⁸ο
1709 5893 2035 5948 ἐκϐάλλειΔ.
2069 5911 2128 5947 κο

2233 5892 2416 5947 ιτέλλει
2435 5895 2496 5948 D.
2524 5894 2647 5951 δαν.
2681 5895 2980 5964 exstinguat
3007 5894 3103 5951 Ge.
3136 5894 3288 5950 Arm.
