4038 6364
216 345 318 400 295

217 461 528 515 obruantur.
569 457 901 527 Quapmpter
939 468 1006 508 ne
1063 452 1338 521 respicere
1381 446 1596 519 quidem
1647 442 1802 497 facile

221 559 461 623 possunt.
493 547 625 605 Nam
664 548 753 617 qui
800 546 852 599 in
897 542 1133 599 tenebris
1165 548 1248 596 est
1277 547 1480 593 tantum
1500 577 1516 603 ,
1546 534 1659 591 sole
1687 532 1805 587 illu-

220 654 466 702 sescente
488 683 501 709 ,
533 642 601 696 ab
630 642 694 695 iis
743 640 1032 702 liberatur;
1079 635 1170 706 qui
1212 648 1341 688 vero
1366 629 1540 686 oculis
1563 640 1803 683 excata-

224 753 302 795 tus
339 748 457 803 est,
511 752 683 807 neque
729 736 845 790 sole
890 735 1102 787 lucente
1139 728 1321 784 videt:
1355 726 1409 780 id
1449 724 1593 793 quod
1621 731 1675 776 et
1705 719 1805 789 ipsi

222 831 513 899 patiuntur.
544 827 726 897 Neque
748 826 891 881 enim
918 823 1041 877 Sole
1065 819 1283 890 iustitia:
1311 819 1327 848 ยน
1356 815 1590 884 fulgente
1616 821 1669 866 et
1691 810 1808 864 bor-

222 929 365 975 tante
390 919 649 982 audiunt,
687 915 884 971 divitiis
920 912 1108 969 oculos
1150 912 1385 982 ipsorum
1416 901 1805 961 claudentibus.

221 1016 565 1080 Quapropter
610 1008 879 1076 duplicem
931 1003 1197 1059 sustinent
1247 998 1542 1055 excitatam
1571 1012 1583 1047 :
1614 994 1805 1057 aliam,

219 1119 282 1158 ex
315 1102 542 1170 seipsis,
583 1100 767 1162 aliam,
798 1095 939 1167 quod
969 1094 1223 1163 Magistro
1250 1107 1349 1145 suo
1376 1105 1480 1143 non
1508 1084 1804 1141 attendant.

222 1192 580 1249 Attendamus
629 1191 809 1258 itaque
858 1188 1141 1255 diligenter
1183 1182 1339 1237 dictis
1369 1182 1543 1243 illius,
1590 1187 1648 1231 ut
1686 1189 1809 1230 sero

222 1287 435 1341 tandem
481 1285 776 1338 videamus.
835 1281 901 1334 Et
952 1276 1222 1349 quomodo
1260 1273 1443 1329 videre
1485 1266 1812 1341 possumus?

222 1377 483 1433 Sidiscas
509 1374 779 1446 quomodo
827 1379 1126 1426 escmcatus
1175 1369 1269 1422 sis.
1320 1363 1600 1434 Quomodo
1654 1362 1812 1431 igitur

224 1479 523 1526 exemeatus
553 1468 650 1521 es?
696 1468 735 1519 A
789 1466 925 1519 mala
966 1459 1417 1530 concupiscentia.
1469 1456 1620 1510 Sicut
1666 1454 1809 1509 enim

223 1561 493 1627 malignus
534 1557 727 1611 humor
755 1555 806 1609 in
841 1553 1093 1624 pupillam
1130 1550 1271 1604 oculi
1317 1562 1503 1619 puram
1546 1545 1811 1609 influens,

224 1654 301 1707 sic
329 1652 681 1723 pecuniarum
727 1662 876 1701 amor
916 1646 1137 1700 densam
1180 1644 1376 1697 nubem
1420 1642 1471 1695 in
1518 1648 1697 1693 mente
1724 1646 1813 1691 tua

229 1743 380 1799 fecit.
414 1742 612 1796 Verum
646 1740 782 1793 hanc
810 1737 1006 1791 nubem
1035 1735 1297 1804 dissipare
1323 1742 1377 1787 et
1404 1733 1708 1800 tlirumpere
1732 1728 1812 1781 fa-

226 1836 326 1889 cile
343 1844 447 1899 est,
468 1834 512 1887 si
532 1831 733 1887 Christi
759 1828 1017 1884 doctrinm
1042 1826 1251 1881 radium
1270 1824 1599 1893 excipiamus
1622 1838 1636 1887 ;
1657 1821 1703 1875 si
1721 1836 1811 1874 au-

226 1926 439 1979 diamus
466 1925 614 1978 illum
646 1931 952 1977 monentem
985 1934 1047 1973 ac
1072 1919 1335 1973 dicentem
1363 1934 1376 1969 :
1404 1915 1582 1969 Nolite
1613 1915 1816 1968 thesau-

225 2018 393 2071 rizare
422 2016 563 2070 vobis
591 2016 851 2068 thesauros
877 2014 928 2065 in
952 2022 1106 2066 terra.
1149 2010 1215 2064 Et
1239 2009 1366 2080 quid
1410 2009 1537 2062 mihi
1579 2007 1817 2077 proderit

227 2107 527 2162 doctrinam
553 2104 759 2170 audire,
788 2119 909 2158 cum
956 2118 984 2155 a
1020 2101 1311 2171 cupiditate
1358 2099 1638 2155 detinear?
1677 2100 1817 2154 Sane

229 2198 449 2269 quidem
493 2195 743 2266 frequens
788 2195 1051 2249 doctrinm:
1093 2192 1304 2247 auditus
1332 2193 1675 2261 cupiditatem
1703 2192 1818 2245 dis-

230 2291 442 2345 solvere
463 2290 677 2360 poterit.
703 2287 855 2355 Quod
896 2288 938 2341 si
986 2287 1232 2341 detentus
1274 2300 1616 2355 permaneas,
1646 2284 1819 2354 cogita

233 2397 349 2437 rem
382 2383 526 2437 illam
552 2396 659 2435 non
685 2394 805 2435 esse
841 2378 1075 2448 amplius
1105 2377 1468 2448 cupiditatem.
1505 2377 1634 2442 Qua:
1676 2376 1818 2430 enim

233 2474 502 2545 cupiditas
580 2473 883 2528 durissima:
921 2470 1165 2525 servituti
1195 2485 1316 2525 esse
1346 2468 1647 2539 subjectum
1676 2510 1690 2531 ,
1736 2477 1821 2537 ty-

236 2565 446 2621 rannidi
476 2564 780 2633 subjacere,
813 2571 869 2617 et
913 2562 1146 2632 undique
1191 2561 1435 2631 alligari,
1488 2562 1538 2613 in
1586 2560 1820 2616 tenebris

235 2656 440 2713 versari
467 2665 523 2711 et
553 2655 781 2709 tumultu
828 2654 1041 2724 plenum
1090 2667 1245 2718 esse,
1301 2652 1511 2706 labores
1557 2651 1695 2706 ferre
1738 2651 1820 2705 in-

236 2752 563 2813 fructuosos,
591 2747 712 2801 aliis
740 2746 993 2816 pecunias
1011 2759 1248 2808 servare,
1277 2758 1419 2812 saepe
1445 2753 1621 2797 autem
1649 2742 1824 2795 inimi-

235 2843 363 2896 cis?
392 2840 513 2908 Qua
547 2853 679 2909 ergo
723 2837 839 2893 haec
881 2835 1307 2907 concupiscentia
1338 2836 1496 2904 digna
1526 2835 1688 2889 sunt?
1719 2835 1825 2889 imo

238 2947 345 3002 qua
370 2946 482 2986 non
508 2930 629 2999 fuga
656 2937 712 2983 et
733 2942 895 2982 cursu
937 2937 1061 2981 sunt
1102 2924 1493 2995 relinquenda?
1540 2924 1671 2992 Qua:
1697 2940 1825 2979 con-

231 3026 574 3099 cupiseentia
602 3023 887 3079 thesauros
911 3022 1051 3076 inter
1076 3022 1222 3075 fures
1251 3018 1582 3074 recondere?
1608 3018 1661 3074 Si
1683 3019 1824 3073 enim

242 3118 466 3171 omnino
525 3115 782 3186 pecunias
825 3112 1190 3183 concupiscis,
1244 3112 1362 3166 illas
1388 3127 1455 3166 eo
1482 3111 1709 3165 transfer
1740 3111 1826 3164 ubi

244 3215 473 3277 possunt
523 3215 651 3260 tutae
695 3213 751 3260 et
798 3203 1020 3273 integra:
1062 3217 1306 3257 manere.
1354 3201 1514 3256 Certe
1542 3218 1661 3270 quae
1688 3216 1829 3255 nunc

241 3298 375 3354 facis
401 3312 506 3351 non
536 3305 662 3351 sunt
684 3294 1114 3364 concupiscentis
1160 3292 1444 3362 pecunias,
1473 3294 1566 3348 sed
1596 3293 1803 3348 servitu

246 3399 353 3443 tem
379 3429 393 3452 ,
423 3387 618 3442 damna
640 3427 657 3449 ,
704 3385 951 3449 mulctas,
995 3384 1345 3454 doloremque
1369 3393 1706 3453 perpetuum.
1748 3384 1829 3439 Tu

244 3495 396 3544 veto,
448 3480 493 3534 si
522 3480 642 3549 quis
669 3478 763 3533 tibi
811 3477 971 3532 homo
1014 3478 1187 3532 locum
1216 3478 1270 3531 in
1301 3487 1440 3531 terra
1473 3477 1830 3533 inviolabilem

247 3556 585 3635 ostenderet,
613 3570 820 3624 etiamsi
848 3579 899 3623 te
924 3571 974 3623 in
1005 3569 1274 3624 desertum
1305 3569 1578 3636 educeret,
1610 3572 1830 3640 promit-

246 3672 369 3719 tens
417 3663 662 3734 pecuniis
708 3663 813 3716 tuis
860 3663 1203 3717 securitatem
1250 3680 1264 3717 :
1317 3678 1421 3716 non
1465 3666 1828 3730 cuuetareris,

245 3772 423 3827 neque
463 3770 777 3821 recusares,
826 3755 919 3810 sed
960 3756 1215 3825 pecunias
1258 3754 1330 3809 ibi
1370 3770 1493 3809 cum
1521 3756 1709 3811 fiducia
1738 3756 1833 3812 de-

248 3861 479 3917 poneres
503 3864 517 3901 :
543 3846 655 3901 Deo
681 3856 882 3909 autem,
915 3860 1016 3899 non
1041 3845 1255 3900 homine
1277 3846 1328 3899 id
1355 3845 1445 3901 tibi
1470 3847 1830 3915 promittente,

248 3954 348 3994 nec
378 3939 674 4001 desertum,
702 3937 796 3991 sed
827 3937 1017 3991 cadum
1048 3946 1409 4008 proponente,
1451 3938 1716 3992 contraria
1745 3953 1834 3992 ac-

248 4029 385 4101 cipis
412 4048 421 4080 :
448 4044 769 4099 quamquam
798 4028 1006 4082 etiamsi
1040 4028 1307 4084 tutissime
1327 4028 1542 4097 jaceant
1565 4030 1834 4096 reposita,

254 4132 310 4177 tu
334 4135 625 4191 numquam
654 4119 1012 4176 sollicitudine
1030 4135 1225 4176 vacuus
1248 4135 1368 4175 esse
1394 4122 1586 4191 possis.
1616 4119 1837 4174 Etiamsi

257 4220 401 4271 enitn
427 4233 536 4271 non
565 4217 779 4287 perdas,
814 4231 1113 4285 numquam
1136 4230 1165 4267 a
1183 4214 1549 4279 sollicitudine
1570 4215 1833 4284 perdendi

258 4309 595 4363 liberaberis.
612 4307 722 4363 Illic
733 4314 910 4361 autem
927 4306 1060 4360 nihil
1072 4304 1412 4375 prorsustale
1426 4304 1664 4375 patieris:
1680 4316 1844 4376 atque

260 4401 403 4468 quod
422 4411 508 4452 est
522 4398 719 4468 majus,
739 4414 931 4453 aurum
963 4396 1539 4461 nondefodistantum,
1569 4397 1662 4452 sed
1682 4399 1845 4453 semi-

250 4501 373 4541 nas.
390 4486 630 4556 ldipsum
642 4488 786 4542 enim
804 4500 955 4545 estet
972 4490 1260 4543 thesaurus
1275 4498 1327 4542 et
1341 4502 1549 4554 semen;
1567 4488 1677 4542 imo
1693 4500 1845 4545 utro-

248 4588 360 4640 que
388 4574 578 4641 majus.
617 4571 814 4627 Semen
850 4572 1045 4644 quippe
1093 4590 1199 4628 non
1246 4585 1426 4629 manet
1466 4590 1703 4644 semper,
1746 4577 1837 4632 ille

252 4676 382 4714 vero
415 4664 703 4716 thesaurus
750 4673 930 4719 manet
971 4674 1249 4735 perpetuo.
1294 4666 1523 4720 ltursum
1554 4666 1835 4723 thesaurus

250 4754 337 4808 hic
372 4771 477 4807 non
517 4755 801 4824 germinat,
845 4756 936 4812 ille
975 4772 1105 4812 vero
1152 4758 1483 4814 immortales
1510 4760 1602 4813 tibi
1630 4759 1835 4815 fructus

250 4845 412 4914 parit.
443 4845 598 4913 Quod
628 4847 673 4902 si
707 4857 917 4917 tempus
961 4848 1091 4902 mihi
1136 4849 1359 4919 objieias
1382 4892 1398 4913 .
1428 4862 1482 4906 et
1523 4851 1834 4908 dilationem

248 4938 492 4994 reditus:
528 4954 743 5009 possum
774 4955 874 5010 ego
902 4941 997 4995 tibi
1029 4942 1401 5000 demonstrare
1440 4956 1640 5015 quanta
1668 4949 1834 5003 etiam

310 5077 329 5107 ยน
364 5074 494 5135 Vox,
506 5075 732 5139 justititz,
748 5078 893 5129 deest
916 5080 965 5128 in
988 5081 1292 5143 quibusdam.

260 5200 599 5213 แผก

605 5201 3329 5225 _____________________________________โ________

1250 333 1313 389 IN
1354 324 1765 388 MATTIIIEUM
1822 322 2052 380 HOMIL.
2096 324 2213 381 XXI
2252 327 2322 382 al.
2366 323 2529 381 XXII.

3381 328 3485 384 291

1912 440 1998 496 hic
2041 442 2309 514 accipias;
2338 452 2534 513 praeter
2573 441 2687 496 haec
2724 450 2902 496 autem
2939 455 3006 497 ex
3043 441 3173 512 ipsis
3214 442 3493 499 'szecttlari-

1910 533 2009 588 bus
2036 544 2089 589 te
2116 535 2391 590 confutare
2417 534 2655 601 tentabo,
2688 544 2743 589 et
2769 532 3056 591 ostendere
3081 543 3134 589 te
3158 534 3349 589 frustra
3378 536 3493 593 haec

1910 626 2164 694 objicere.

1983 719 2036 772 6.
2079 718 2240 771 Multa
2267 718 2407 772 enim
2435 718 2485 771 in
2516 716 2768 787 praesenti
2788 718 2894 771 vita
2926 732 3102 787 paras,
3125 719 3320 788 quibus
3340 734 3493 773 num-

1912 826 2069 880 quam
2099 810 2319 875 frueris;
2347 820 2402 865 et
2425 811 2470 866 si
2500 812 2619 881 quis
2650 821 2700 866 te
2733 811 2831 866 hac
2855 811 2921 866 de
2955 827 3014 866 re
3038 822 3245 882 arguat,
3275 814 3414 867 lilios
3444 823 3498 866 et

1915 912 2135 972 nepotes
2163 902 2459 973 proferens,
2491 903 2735 958 idoneam
2768 903 2859 957 tibi
2883 903 3080 957 videris
3108 904 3496 972 superfluorum

1916 993 2157 1048 laborum
2194 994 2618 1049 consolationem
2660 996 2943 1064 reperisse.
2970 994 3103 1049 Cum
3144 997 3285 1049 enim
3320 998 3373 1051 in
3398 1012 3497 1051 ex-

1918 1098 2083 1142 trema
2114 1096 2392 1142 senectute
2420 1087 2726 1156 splendidas
2752 1089 3017 1142 construis
3051 1088 3214 1151 aedes,
3242 1103 3361 1156 qua:
3398 1104 3499 1142 att-

1917 1192 2127 1251 tequam
2156 1181 2497 1249 per๏ฌciantur
2522 1195 2663 1249 smpe
2693 1189 2749 1233 tu
2777 1178 3015 1241 deeedis.
3037 1180 3324 1234 etarhores
3341 1181 3498 1247 seris,

1916 1290 2035 1344 qua:
2080 1284 2198 1343 post
2238 1274 2434 1327 nmltos
2475 1288 2645 1327 annos
2675 1273 2901 1327 fructum
2931 1273 3168 1326 allatura:
3197 1283 3347 1337 sunt;
3379 1288 3499 1327 eum

1920 1370 1970 1421 itt
2021 1383 2149 1437 agro
2194 1367 2412 1421 arbores
2458 1367 2695 1436 plantas,
2742 1382 2861 1436 qum
2892 1375 3011 1435 post
3044 1367 3207 1420 multa
3237 1382 3499 1421 annorum

1917 1460 2179 1514 curricula
2223 1460 2452 1513 fructum
2486 1460 2688 1522 ferent;
2720 1474 2839 1513 cum
2868 1460 3063 1529 prandia
3101 1460 3233 1514 emis
3262 1472 3315 1513 et
3346 1461 3501 1515 ltcre-A

1919 1551 2134 1615 ditates,
2163 1567 2390 1621 quorum
2423 1550 2715 1604 dominium
2749 1549 2915 1603 ฮนฮนฮนฮนฮนฮฮนฮฟ
2943 1560 3063 1619 post
3088 1559 3328 1620 tempore
3351 1551 3503 1603 habi-

1921 1653 2069 1698 turus
2114 1659 2194 1709 es,
2240 1644 2448 1713 aliaque
2498 1643 2660 1697 multa
2716 1657 2891 1712 paras,
2939 1658 3165 1712 quorum
3217 1658 3504 1712 numquam

1922 1735 2145 1789 frueris:
2172 1749 2239 1788 an
2286 1750 2381 1804 pro
2426 1744 2477 1788 te
2521 1734 2600 1788 vel
2632 1748 2729 1803 pro
2773 1734 3171 1787 successoribus
3216 1735 3328 1788 ham
3352 1734 3507 1803 agis?

1920 1829 2200 1893 Quomodo
2230 1830 2389 1898 igitur
2414 1843 2518 1882 non
2549 1838 2802 1883 extremae
2830 1827 3116 1882 dementia;
3146 1837 3251 1893 est,
3281 1826 3368 1881 hic
3397 1842 3506 1880 non

1920 1939 2061 1993 aegre
2084 1924 2223 1976 ferre
2251 1922 2506 1989 temporis
2528 1920 2858 1983 dilationem,
2887 1922 2985 1973 etsi
3015 1936 3108 1989 per
3131 1920 3275 1972 illam
3296 1918 3509 1973 dilatio-

1923 2032 2043 2070 nem
2065 2031 2093 2067 a
2118 2014 2366 2068 mercede
2394 2014 2630 2067 laborum
2654 2027 2752 2067 nos
2778 2014 2855 2081 pri
2868 2012 3063 2066 vandos
3085 2026 3206 2066 esse
3227 2021 3505 2080 exspecte-

1922 2120 2073 2171 mus;
2106 2120 2225 2159 cum
2257 2105 2325 2160 de
2351 2105 2485 2159 caelo
2515 2116 2691 2159 autem
2727 2105 2919 2173 agitur,
2953 2112 3170 2172 propter
3197 2102 3507 2157 dilationem

1927 2206 2161 2267 torpere,
2190 2212 2311 2251 cum
2340 2205 2516 2250 tamen
2545 2197 2629 2250 illa
2660 2195 2846 2249 dilatio
2882 2196 3051 2265 majus
3076 2196 3170 2249 tibi
3200 2196 3401 2249 lucrum
3429 2196 3508 2248 af-

1924 2288 2082 2353 ferat,
2116 2303 2216 2343 nec
2239 2287 2304 2341 ad
2333 2287 2469 2340 alios
2516 2287 2653 2340 bona
2702 2286 3048 2347 transmittat,
3095 2285 3189 2339 sed
3236 2286 3329 2339 tibi
3370 2286 3507 2339 dona

1927 2381 2185 2436 tradenda
2216 2380 2514 2435 custodiat?
2546 2379 2746 2433 Praeter
2773 2378 2887 2432 hmc
2913 2389 3091 2432 autem
3121 2394 3225 2432 non
3254 2379 3407 2447 longa
3430 2388 3510 2433 est

1928 2474 2028 2527 ista
2058 2473 2242 2527 tlilatio
2268 2472 2371 2543 (a).
2402 2471 2533 2525 Nam
2565 2470 2631 2524 ad
2661 2471 2803 2525 fores
2829 2485 2915 2525 res
2944 2470 3071 2540 ipsre
3100 2479 3257 2525 sunt:
3282 2485 3380 2525 nec
3404 2471 3511 2524 sci-

1928 2580 2049 2619 mut.
2074 2581 2199 2619 num
2232 2564 2368 2619 forte
2391 2565 2442 2618 in
2472 2564 2569 2617 hac
2595 2562 2937 2633 generatione
2953 2564 3128 2616 omnia
3157 2572 3335 2617 nostra
3355 2562 3515 2617 finem

1932 2657 2173 2717 nabitura
2200 2656 2327 2718 sint,
2373 2668 2428 2710 et
2465 2656 2583 2710 dies
2618 2654 2708 2709 ille
2732 2654 3040 2709 tremendus
3069 2653 3141 2709 sit
3165 2654 3513 2719 adventuros,

1932 2749 2257 2805 horrendum
2288 2747 2441 2813 illud,
2467 2759 2521 2803 et
2548 2747 2743 2802 nullam
2776 2762 3122 2817 personarum
3150 2748 3513 2817 acccptionem

1934 2843 2135 2898 habens
2157 2841 2387 2896 tribunal
2409 2850 2750 2895 ostensurus.
2776 2839 2910 2894 Nam
2953 2839 3209 2911 pleraque
3234 2841 3383 2910 signa
3406 2840 3516 2909 jam

1933 2933 2166 3003 perfecta
2187 2944 2330 2997 sunt,
2356 2948 2417 2987 ac
2437 2932 2649 2986 demum
2667 2932 3000 3001 evangelium
3031 2946 3125 3001 per
3150 2940 3318 2987 totum
3334 2934 3518 2987 orbem

1935 3026 2277 3095 praedicatum
2302 3024 2424 3087 fuit,
2456 3038 2519 3077 ac
2544 3023 2702 3087 bella,
2733 3032 2890 3078 terrae
2911 3032 3092 3077 motus
3121 3033 3172 3077 et
3200 3022 3368 3077 fames
3391 3038 3518 3078 eve-

1935 3129 2149 3183 nerunt,
2175 3133 2276 3173 nec
2307 3132 2558 3188 magnum
2595 3116 2705 3184 jam
2735 3115 3075 3170 intervallum
3104 3124 3205 3170 est.
3234 3114 3340 3170 Sed
3370 3116 3519 3186 signa
3574 3098 3579 3105 โ

1936 3226 2043 3265 non
2065 3210 2249 3265 vides?
2270 3209 2336 3263 Et
2358 3209 2461 3262 hoc
2490 3209 2662 3277 ipsum
2692 3222 2942 3276 magnum
2969 3207 3179 3275 signum
3200 3215 3302 3261 est.
3337 3206 3519 3276 Neque

1935 3305 2079 3361 enim
2110 3304 2198 3373 qui
2230 3302 2343 3357 Noe
2370 3312 2609 3369 tempore
2631 3311 2782 3355 erant
2812 3301 3066 3368 prommia
3092 3300 3358 3370 generalis
3384 3300 3522 3355 inte-

1936 3398 2070 3451 ritus
2100 3394 2375 3458 viderunt,
2406 3392 2497 3446 sed
2532 3392 2742 3445 interim
2774 3390 3039 3457 ludentes,
3061 3389 3306 3455 edentes,
3328 3406 3523 3446 uxores

1938 3486 2216 3553 ducentes,
2247 3494 2612 3553 consuetaque
2651 3482 2829 3536 omnia
2857 3490 3099 3551 agentes,
3132 3482 3210 3536 sic
3236 3497 3267 3536 a
3294 3482 3521 3536 terribili

1938 3579 2028 3634 illa
2056 3579 2255 3633 ultione
2277 3575 2598 3645 deprehensi
2619 3583 2762 3629 sunt.
2786 3573 3148 3642 Similiterque
3170 3576 3220 3627 in
3250 3572 3521 3641 Sodomis,

1937 3671 2142 3726 deliciis
2187 3683 2402 3738 operam
2445 3666 2655 3727 dantes,
2704 3664 2944 3735 nihilque
2972 3679 3158 3719 eorum
3194 3679 3314 3735 qua:
3343 3673 3523 3734 postea

1939 3760 2075 3816 facta
2102 3768 2228 3814 sunt
2255 3758 2607 3826 suspicantes,
2639 3754 2707 3810 ab
2736 3754 2989 3809 immissis
3018 3753 3331 3809 fulminibus
3371 3769 3522 3808 com-

1939 3853 2081 3908 busti
2105 3861 2248 3907 suut.
2280 3850 2412 3917 Quae
2441 3848 2620 3903 omnia
2658 3848 2978 3918 cogitantes,
3021 3848 3088 3903 ad
3136 3846 3522 3918 profectionem

1941 3943 2066 3999 hinc
2092 3940 2387 4012 paraudem
2409 3953 2511 3994 nos
2524 3949 2923 3995 convertatnus.
2957 3938 3174 3993 Etiamsi
3227 3939 3528 3993 communis

1945 4032 2033 4085 ille
2061 4027 2541 4084 consummationis
2581 4041 2687 4080 non
2727 4025 2890 4081 instet
2917 4025 3061 4088 dies;
3104 4025 3528 4096 uniuscujusque

1944 4123 2065 4177 finis
2090 4121 2145 4176 in
2170 4121 2347 4191 januis
2368 4129 2468 4185 est,
2502 4121 2616 4174 sive
2636 4134 2799 4174 senex
2826 4118 2941 4173 sive
2960 4116 3175 4187 juvenis
3208 4118 3307 4181 sit;
3355 4134 3529 4189 neque

1945 4226 2070 4271 tunc
2096 4215 2271 4270 oleum
2313 4229 2494 4269 emere
2522 4212 2722 4278 licebit,
2768 4226 2944 4281 neque
2970 4219 3212 4280 petentes
3244 4212 3529 4279 impetrare

1942 4308 2175 4371 veniam,
2203 4306 2302 4361 etsi
2337 4304 2600 4359 Abraham
2631 4313 2900 4373 precetur,
2942 4301 3040 4356 etsi
3088 4300 3219 4362 Noe,
3260 4302 3360 4355 etsi
3404 4301 3531 4363 Job,

1942 4399 2041 4453 etsi
2076 4398 2278 4452 Daniel.
2330 4396 2509 4450 Donec
2556 4395 2716 4464 igitur
2765 4403 2975 4463 tempus
3002 4392 3279 4457 habemus,
3310 4393 3533 4447 multant

1944 4491 2099 4544 nobis
2126 4502 2372 4557 paremus
2399 4485 2668 4546 fiduciam.
2699 4484 2874 4539 oleum
2902 4483 3056 4538 nobis
3081 4483 3354 4553 cepiosum
3382 4500 3536 4539 com-

1942 4593 2214 4650 paremus,
2243 4578 2421 4633 omnia
2456 4574 2840 4630 transferamus
2865 4575 2916 4628 in
2939 4574 3151 4638 crelum,
3177 4584 3235 4628 ttt
3260 4576 3310 4629 in
3332 4591 3533 4645 oppor-

1942 4682 2073 4725 tuno
2096 4681 2358 4739 tempore,
2379 4683 2486 4737 quo
2502 4667 2735 4721 maxime
2757 4665 2841 4720 his
2857 4681 3099 4735 egemus,
3117 4667 3365 4721 omnibus
3393 4668 3537 4722 frua-

1944 4779 2085 4829 mttr,
2112 4760 2282 4831 gratia
2312 4768 2365 4814 et
2395 4757 2724 4828 benignitate
2751 4757 2960 4811 Domini
2992 4758 3160 4812 nostri
3203 4757 3328 4812 Jesu
3369 4757 3532 4814 Chri-

1944 4856 2032 4920 sti,
2059 4854 2144 4909 eui
2173 4852 2345 4922 gloria
2370 4862 2425 4905 et
2448 4850 2730 4919 imperium
2758 4865 2900 4905 nunc
2924 4858 2979 4904 et
3007 4865 3242 4921 semper,
3270 4861 3325 4906 et
3352 4852 3403 4904 in
3428 4868 3532 4905 sar.-

1943 4946 2061 5002 cula
2084 4944 2427 5000 saeculorum.
2456 4944 2649 4996 Amen.

2010 5083 2082 5147 (ฮท)
2114 5079 2390 5143 suspicatur
2412 5076 2779 5141 Chrysostomus
2799 5076 2944 5126 linem
2968 5075 3130 5126 mundi
3155 5075 3437 5126 adventare.

3333 5204 3530 5215 .โ.โ..

1432 5285 1779 5349 HOMILIA
1813 5288 1995 5351 XXI.
2032 5285 2119 5347 ul.
2163 5282 2375 5344 XXII.

252 5414 381 5471 CAP.
420 5420 473 5475 6.
506 5435 558 5473 ฮฝ.
590 5420 679 5475 2i.
716 5420 879 5476 Nemo
924 5432 1084 5492 potest
1118 5423 1314 5479 duobus
1344 5426 1564 5480 dominis
1603 5430 1788 5483 servire
1817 5446 1837 5484 :

318 5520 408 5563 aut
437 5510 573 5565 enim
598 5528 755 5564 unum
788 5512 905 5567 odio
950 5513 1164 5580 habebit,
1195 5525 1241 5568 et
1266 5518 1478 5570 alterum
1507 5518 1711 5589 diliget;
1752 5531 1839 5574 aut

318 5619 484 5656 unum
511 5602 793 5667 sustinebit,
817 5614 862 5660 et
885 5605 1099 5683 alterunt
1124 5616 1422 5661 contemnet.

322 5697 377 5749 I.
418 5694 624 5749 Smire
649 5697 875 5763 pecunia:
900 5698 1177 5751 maximum
1203 5698 1427 5763 malum;
1457 5715 1568 5752 eam
1593 5700 1842 5773 negligere

246 5788 539 5841 maximum
571 5786 776 5843 bonum.
807 5787 1037 5845 Christus
1066 5790 1210 5844 utilia
1238 5800 1404 5861 parat,
1439 5791 1559 5847 dum
1588 5796 1843 5850 contraria

1946 5428 2095 5482 tollit.
2112 5455 2184 5467 โ
2203 5424 2365 5480 Vides
2390 5431 2450 5477 ut
2479 5420 2727 5491 paulatim
2756 5436 2786 5475 a
2810 5421 3162 5492 praesentibus
3190 5424 3350 5479 rebus
3369 5424 3540 5479 abdu-

1945 5528 2053 5586 cat,
2084 5532 2147 5573 ac
2171 5514 2414 5587 pluribus
2442 5513 2510 5568 dc
2536 5520 2845 5582 contemptu
2885 5512 3189 5568 divitiarum
3231 5528 3535 5570 sermonem

1948 5612 2208 5675 instituat,
2255 5617 2311 5664 et
2354 5606 2689 5680 tyrannidem
2742 5605 3046 5675 cupiditatis
3082 5604 3329 5676 dejiciatโ!
3352 5605 3539 5676 Neque

1948 5703 2095 5758 enim
2120 5708 2406 5757 contentus
2434 5699 2519 5763 iis,
2551 5713 2670 5764 qua:
2697 5698 2942 5768 superius
2962 5696 3117 5765 dixit,
3141 5697 3348 5753 etiamsi
3373 5697 3535 5752 multa

1949 5806 2005 5854 et
2037 5798 2294 5869 praeclara
2324 5794 2413 5850 illa
2442 5794 2568 5863 sint,
2594 5792 2699 5849 alia
2724 5791 2906 5865 adjicit
2934 5792 3085 5864 plura
3112 5800 3170 5851 et
3196 5792 3531 5849 terribiliora.
