  <div class='ocr_page' id='page_1' title='image "/cluster/home/n/w/nwhite01/storage/ocr_20150623/57/nnc1.0046980075/221.png"; bbox 0 0 4038 6364; ppageno 0'>
   <div class='ocr_carea' id='block_1_1' title="bbox 573 303 718 361">
    <p class='ocr_par' dir='ltr' id='par_1_1' title="bbox 573 303 718 361">
     <span class='ocr_line' id='line_1_1' title="bbox 573 303 718 361; baseline -0.007 0"><span class='ocrx_word' id='word_1_1' title='bbox 573 311 580 322; x_wconf 76' lang='grc'><strong><em>⁸</em></strong></span> <span class='ocrx_word' id='word_1_2' title='bbox 613 303 718 361; x_wconf 74' lang='lat'><strong>295</strong></span> 
     </span>
    </p>
   </div>
   <div class='ocr_carea' id='block_1_2' title="bbox 603 429 2192 502">
    <p class='ocr_par' dir='ltr' id='par_1_2' title="bbox 603 429 2192 502">
     <span class='ocr_line' id='line_1_2' title="bbox 603 429 2192 502; baseline 0.002 -17"><span class='ocrx_word' id='word_1_3' title='bbox 603 429 741 502; x_wconf 83' lang='lat' dir='ltr'><strong>Quid</strong></span> <span class='ocrx_word' id='word_1_4' title='bbox 769 430 914 488; x_wconf 88' lang='lat' dir='ltr'><strong>enim</strong></span> <span class='ocrx_word' id='word_1_5' title='bbox 940 429 1004 487; x_wconf 85' lang='lat' dir='ltr'><strong>iis</strong></span> <span class='ocrx_word' id='word_1_6' title='bbox 1033 445 1152 502; x_wconf 82' lang='lat' dir='ltr'><strong>quae</strong></span> <span class='ocrx_word' id='word_1_7' title='bbox 1180 445 1323 486; x_wconf 92' lang='lat' dir='ltr'><strong>nunc</strong></span> <span class='ocrx_word' id='word_1_8' title='bbox 1347 431 1597 488; x_wconf 88' lang='lat' dir='ltr'><strong>dicuntur</strong></span> <span class='ocrx_word' id='word_1_9' title='bbox 1639 431 1945 500; x_wconf 77' lang='lat' dir='ltr'><strong>terribilius,</strong></span> <span class='ocrx_word' id='word_1_10' title='bbox 1985 431 2032 487; x_wconf 89' lang='lat' dir='ltr'><strong>si</strong></span> <span class='ocrx_word' id='word_1_11' title='bbox 2062 445 2192 502; x_wconf 88' lang='lat' dir='ltr'><strong>pro-</strong></span> 
     </span>
    </p>
   </div>
   <div class='ocr_carea' id='block_1_3' title="bbox 600 522 2192 595">
    <p class='ocr_par' dir='ltr' id='par_1_3' title="bbox 600 522 2192 595">
     <span class='ocr_line' id='line_1_3' title="bbox 600 522 2192 595; baseline 0.001 -17"><span class='ocrx_word' id='word_1_12' title='bbox 600 531 723 592; x_wconf 86' lang='lat' dir='ltr'><strong>pter</strong></span> <span class='ocrx_word' id='word_1_13' title='bbox 753 523 1009 595; x_wconf 79' lang='lat' dir='ltr'><strong>pecunias</strong></span> <span class='ocrx_word' id='word_1_14' title='bbox 1034 537 1066 578; x_wconf 89' lang='lat' dir='ltr'><strong>a</strong></span> <span class='ocrx_word' id='word_1_15' title='bbox 1089 522 1289 578; x_wconf 77' lang='lat' dir='ltr'><strong>Christi</strong></span> <span class='ocrx_word' id='word_1_16' title='bbox 1311 524 1567 578; x_wconf 90' lang='lat' dir='ltr'><strong>servitute</strong></span> <span class='ocrx_word' id='word_1_17' title='bbox 1590 523 1839 578; x_wconf 79' lang='lat' dir='ltr'><strong>excidere</strong></span> <span class='ocrx_word' id='word_1_18' title='bbox 1861 522 2192 579; x_wconf 81' lang='lat' dir='ltr'><strong>debeamus?</strong></span> 
     </span>
    </p>
   </div>
   <div class='ocr_carea' id='block_1_4' title="bbox 600 614 2191 687">
    <p class='ocr_par' dir='ltr' id='par_1_4' title="bbox 600 614 2191 687">
     <span class='ocr_line' id='line_1_4' title="bbox 600 614 2191 687; baseline 0.001 -18"><span class='ocrx_word' id='word_1_19' title='bbox 600 615 728 687; x_wconf 86' lang='lat' dir='ltr'><strong>quid</strong></span> <span class='ocrx_word' id='word_1_20' title='bbox 777 614 1204 682; x_wconf 84' lang='lat' dir='ltr'><strong>desiderabilius,</strong></span> <span class='ocrx_word' id='word_1_21' title='bbox 1237 615 1280 669; x_wconf 90' lang='lat' dir='ltr'><strong>si</strong></span> <span class='ocrx_word' id='word_1_22' title='bbox 1312 615 1378 670; x_wconf 91' lang='lat' dir='ltr'><strong>iis</strong></span> <span class='ocrx_word' id='word_1_23' title='bbox 1421 615 1740 684; x_wconf 76' lang='lat' dir='ltr'><strong>contemptis</strong></span> <span class='ocrx_word' id='word_1_24' title='bbox 1787 615 2025 669; x_wconf 84' lang='lat' dir='ltr'><strong>strictam</strong></span> <span class='ocrx_word' id='word_1_25' title='bbox 2066 632 2191 686; x_wconf 89' lang='lat' dir='ltr'><strong>erga</strong></span> 
     </span>
    </p>
   </div>
   <div class='ocr_carea' id='block_1_5' title="bbox 601 705 2190 773">
    <p class='ocr_par' dir='ltr' id='par_1_5' title="bbox 601 705 2190 773">
     <span class='ocr_line' id='line_1_5' title="bbox 601 705 2190 773; baseline -0.001 -10"><span class='ocrx_word' id='word_1_26' title='bbox 601 723 724 763; x_wconf 87' lang='lat' dir='ltr'><strong>eum</strong></span> <span class='ocrx_word' id='word_1_27' title='bbox 742 706 1167 763; x_wconf 82' lang='lat' dir='ltr'><strong>benevolentiam</strong></span> <span class='ocrx_word' id='word_1_28' title='bbox 1195 715 1251 761; x_wconf 90' lang='lat' dir='ltr'><strong>et</strong></span> <span class='ocrx_word' id='word_1_29' title='bbox 1275 707 1550 762; x_wconf 87' lang='lat' dir='ltr'><strong>caritatem</strong></span> <span class='ocrx_word' id='word_1_30' title='bbox 1578 705 1808 760; x_wconf 89' lang='lat' dir='ltr'><strong>habituri</strong></span> <span class='ocrx_word' id='word_1_31' title='bbox 1825 705 2024 760; x_wconf 89' lang='lat' dir='ltr'><strong>simus?</strong></span> <span class='ocrx_word' id='word_1_32' title='bbox 2041 706 2190 773; x_wconf 86' lang='lat' dir='ltr'><strong>Quod</strong></span> 
     </span>
    </p>
   </div>
   <div class='ocr_carea' id='block_1_6' title="bbox 601 800 2191 872">
    <p class='ocr_par' dir='ltr' id='par_1_6' title="bbox 601 800 2191 872">
     <span class='ocr_line' id='line_1_6' title="bbox 601 800 2191 872; baseline -0.001 -16"><span class='ocrx_word' id='word_1_33' title='bbox 601 803 746 856; x_wconf 89' lang='lat' dir='ltr'><strong>enim</strong></span> <span class='ocrx_word' id='word_1_34' title='bbox 762 816 976 872; x_wconf 85' lang='lat' dir='ltr'><strong>semper</strong></span> <span class='ocrx_word' id='word_1_35' title='bbox 997 801 1136 866; x_wconf 89' lang='lat' dir='ltr'><strong>dico,</strong></span> <span class='ocrx_word' id='word_1_36' title='bbox 1167 801 1269 856; x_wconf 90' lang='lat' dir='ltr'><strong>hoc</strong></span> <span class='ocrx_word' id='word_1_37' title='bbox 1297 809 1354 855; x_wconf 93' lang='lat' dir='ltr'><strong>et</strong></span> <span class='ocrx_word' id='word_1_38' title='bbox 1377 816 1517 854; x_wconf 91' lang='lat' dir='ltr'><strong>nunc</strong></span> <span class='ocrx_word' id='word_1_39' title='bbox 1532 800 1726 864; x_wconf 90' lang='lat' dir='ltr'><strong>dicam,</strong></span> <span class='ocrx_word' id='word_1_40' title='bbox 1746 800 1916 870; x_wconf 90' lang='lat' dir='ltr'><strong>ipsum</strong></span> <span class='ocrx_word' id='word_1_41' title='bbox 1937 815 2032 870; x_wconf 90' lang='lat' dir='ltr'><strong>per</strong></span> <span class='ocrx_word' id='word_1_42' title='bbox 2049 811 2191 854; x_wconf 88' lang='lat' dir='ltr'><strong>utra-</strong></span> 
     </span>
    </p>
   </div>
   <div class='ocr_carea' id='block_1_7' title="bbox 600 890 2190 961">
    <p class='ocr_par' dir='ltr' id='par_1_7' title="bbox 600 890 2190 961">
     <span class='ocr_line' id='line_1_7' title="bbox 600 890 2190 961; baseline -0.001 -15"><span class='ocrx_word' id='word_1_43' title='bbox 600 907 704 961; x_wconf 91' lang='lat' dir='ltr'><strong>que</strong></span> <span class='ocrx_word' id='word_1_44' title='bbox 734 892 1029 948; x_wconf 84' lang='lat' dir='ltr'><strong>auditorem</strong></span> <span class='ocrx_word' id='word_1_45' title='bbox 1057 906 1250 948; x_wconf 85' lang='lat' dir='ltr'><strong>acuere</strong></span> <span class='ocrx_word' id='word_1_46' title='bbox 1273 891 1339 946; x_wconf 92' lang='lat' dir='ltr'><strong>ad</strong></span> <span class='ocrx_word' id='word_1_47' title='bbox 1369 891 1768 961; x_wconf 88' lang='lat' dir='ltr'><strong>obsequendum</strong></span> <span class='ocrx_word' id='word_1_48' title='bbox 1794 890 1972 956; x_wconf 89' lang='lat' dir='ltr'><strong>dictis,</strong></span> <span class='ocrx_word' id='word_1_49' title='bbox 2003 899 2058 945; x_wconf 91' lang='lat' dir='ltr'><strong>et</strong></span> <span class='ocrx_word' id='word_1_50' title='bbox 2095 905 2190 960; x_wconf 89' lang='lat' dir='ltr'><strong>per</strong></span> 
     </span>
    </p>
   </div>
   <div class='ocr_carea' id='block_1_8' title="bbox 575 982 2187 1055">
    <p class='ocr_par' dir='ltr' id='par_1_8' title="bbox 575 982 2187 1055">
     <span class='ocr_line' id='line_1_8' title="bbox 575 982 2187 1055; baseline -0.002 -15"><span class='ocrx_word' id='word_1_51' title='bbox 575 984 749 1040; x_wconf 68' lang='lat' dir='ltr'><strong>&#39;-lttilia</strong></span> <span class='ocrx_word' id='word_1_52' title='bbox 769 992 825 1040; x_wconf 89' lang='lat' dir='ltr'><strong>et</strong></span> <span class='ocrx_word' id='word_1_53' title='bbox 847 999 942 1053; x_wconf 86' lang='lat' dir='ltr'><strong>per</strong></span> <span class='ocrx_word' id='word_1_54' title='bbox 962 985 1152 1040; x_wconf 86' lang='lat' dir='ltr'><strong>noxia:</strong></span> <span class='ocrx_word' id='word_1_55' title='bbox 1184 983 1636 1055; x_wconf 84' lang='lat' dir='ltr'><strong>quemadmodum</strong></span> <span class='ocrx_word' id='word_1_56' title='bbox 1666 982 1898 1053; x_wconf 87' lang='lat' dir='ltr'><strong>optimus</strong></span> <span class='ocrx_word' id='word_1_57' title='bbox 1926 983 2187 1049; x_wconf 90' lang='lat' dir='ltr'><strong>medicus,</strong></span> 
     </span>
    </p>
   </div>
   <div class='ocr_carea' id='block_1_9' title="bbox 597 1075 2187 1148">
    <p class='ocr_par' dir='ltr' id='par_1_9' title="bbox 597 1075 2187 1148">
     <span class='ocr_line' id='line_1_9' title="bbox 597 1075 2187 1148; baseline -0.004 -13"><span class='ocrx_word' id='word_1_58' title='bbox 597 1086 656 1136; x_wconf 88' lang='lat' dir='ltr'><strong>et</strong></span> <span class='ocrx_word' id='word_1_59' title='bbox 679 1079 928 1135; x_wconf 85' lang='lat' dir='ltr'><strong>morbum</strong></span> <span class='ocrx_word' id='word_1_60' title='bbox 949 1093 1012 1134; x_wconf 89' lang='lat' dir='ltr'><strong>ex</strong></span> <span class='ocrx_word' id='word_1_61' title='bbox 1039 1078 1378 1148; x_wconf 78' lang='lat' dir='ltr'><strong>negligentia,</strong></span> <span class='ocrx_word' id='word_1_62' title='bbox 1410 1087 1462 1131; x_wconf 90' lang='lat' dir='ltr'><strong>et</strong></span> <span class='ocrx_word' id='word_1_63' title='bbox 1483 1077 1762 1131; x_wconf 88' lang='lat' dir='ltr'><strong>sanitatem</strong></span> <span class='ocrx_word' id='word_1_64' title='bbox 1794 1090 1861 1130; x_wconf 88' lang='lat' dir='ltr'><strong>ex</strong></span> <span class='ocrx_word' id='word_1_65' title='bbox 1887 1075 2187 1130; x_wconf 89' lang='lat' dir='ltr'><strong>obedientia</strong></span> 
     </span>
    </p>
   </div>
   <div class='ocr_carea' id='block_1_10' title="bbox 597 1166 2188 1240">
    <p class='ocr_par' dir='ltr' id='par_1_10' title="bbox 597 1166 2188 1240">
     <span class='ocr_line' id='line_1_10' title="bbox 597 1166 2188 1240; baseline -0.005 -13"><span class='ocrx_word' id='word_1_66' title='bbox 597 1180 1048 1227; x_wconf 84' lang='lat' dir='ltr'><strong>commonstrans.</strong></span> <span class='ocrx_word' id='word_1_67' title='bbox 1081 1170 1214 1225; x_wconf 80' lang='lat' dir='ltr'><strong>Vide</strong></span> <span class='ocrx_word' id='word_1_68' title='bbox 1243 1171 1417 1240; x_wconf 84' lang='lat' dir='ltr'><strong>igitur,</strong></span> <span class='ocrx_word' id='word_1_69' title='bbox 1443 1175 1699 1239; x_wconf 91' lang='lat' dir='ltr'><strong>quantum</strong></span> <span class='ocrx_word' id='word_1_70' title='bbox 1727 1166 1813 1222; x_wconf 90' lang='lat' dir='ltr'><strong>hic</strong></span> <span class='ocrx_word' id='word_1_71' title='bbox 1837 1166 2041 1221; x_wconf 89' lang='lat' dir='ltr'><strong>lucrum</strong></span> <span class='ocrx_word' id='word_1_72' title='bbox 2065 1181 2188 1220; x_wconf 91' lang='lat' dir='ltr'><strong>rur-</strong></span> 
     </span>
    </p>
   </div>
   <div class='ocr_carea' id='block_1_11' title="bbox 587 1257 2186 1331">
    <p class='ocr_par' dir='ltr' id='par_1_11' title="bbox 587 1257 2186 1331">
     <span class='ocr_line' id='line_1_11' title="bbox 587 1257 2186 1331; baseline -0.006 -12"><span class='ocrx_word' id='word_1_73' title='bbox 587 1280 689 1319; x_wconf 87' lang='lat' dir='ltr'><strong>sus</strong></span> <span class='ocrx_word' id='word_1_74' title='bbox 715 1263 981 1328; x_wconf 87' lang='lat' dir='ltr'><strong>ostendat,</strong></span> <span class='ocrx_word' id='word_1_75' title='bbox 1012 1273 1068 1318; x_wconf 90' lang='lat' dir='ltr'><strong>et</strong></span> <span class='ocrx_word' id='word_1_76' title='bbox 1097 1261 1366 1331; x_wconf 88' lang='lat' dir='ltr'><strong>quomodo</strong></span> <span class='ocrx_word' id='word_1_77' title='bbox 1393 1258 1543 1314; x_wconf 87' lang='lat' dir='ltr'><strong>utilia</strong></span> <span class='ocrx_word' id='word_1_78' title='bbox 1573 1265 1743 1328; x_wconf 90' lang='lat' dir='ltr'><strong>paret,</strong></span> <span class='ocrx_word' id='word_1_79' title='bbox 1772 1257 1899 1312; x_wconf 87' lang='lat' dir='ltr'><strong>dum</strong></span> <span class='ocrx_word' id='word_1_80' title='bbox 1922 1257 2186 1313; x_wconf 88' lang='lat' dir='ltr'><strong>contraria</strong></span> 
     </span>
    </p>
   </div>
   <div class='ocr_carea' id='block_1_12' title="bbox 581 1349 2188 1424">
    <p class='ocr_par' dir='ltr' id='par_1_12' title="bbox 581 1349 2188 1424">
     <span class='ocr_line' id='line_1_12' title="bbox 581 1349 2188 1424; baseline -0.004 -15"><span class='ocrx_word' id='word_1_81' title='bbox 581 1357 755 1410; x_wconf 65' lang='lat' dir='ltr'><strong>4tollit.</strong></span> <span class='ocrx_word' id='word_1_82' title='bbox 790 1355 971 1424; x_wconf 80' lang='lat' dir='ltr'><strong>Neque</strong></span> <span class='ocrx_word' id='word_1_83' title='bbox 994 1353 1159 1417; x_wconf 88' lang='lat' dir='ltr'><strong>enim,</strong></span> <span class='ocrx_word' id='word_1_84' title='bbox 1188 1349 1589 1420; x_wconf 68' lang='lat' dir='ltr'><strong>inquit,divitiae</strong></span> <span class='ocrx_word' id='word_1_85' title='bbox 1616 1349 1735 1404; x_wconf 92' lang='lat' dir='ltr'><strong>ideo</strong></span> <span class='ocrx_word' id='word_1_86' title='bbox 1763 1357 1966 1403; x_wconf 89' lang='lat' dir='ltr'><strong>tantum</strong></span> <span class='ocrx_word' id='word_1_87' title='bbox 1993 1357 2188 1403; x_wconf 88' lang='lat' dir='ltr'><strong>nocent</strong></span> 
     </span>
    </p>
   </div>
   <div class='ocr_carea' id='block_1_13' title="bbox 578 1442 2186 1519">
    <p class='ocr_par' dir='ltr' id='par_1_13' title="bbox 578 1442 2186 1519">
     <span class='ocr_line' id='line_1_13' title="bbox 578 1442 2186 1519; baseline -0.004 -16"><span class='ocrx_word' id='word_1_88' title='bbox 578 1449 770 1515; x_wconf 60' lang='lat' dir='ltr'><strong>*vobis,</strong></span> <span class='ocrx_word' id='word_1_89' title='bbox 811 1448 954 1519; x_wconf 87' lang='lat' dir='ltr'><strong>quod</strong></span> <span class='ocrx_word' id='word_1_90' title='bbox 981 1446 1128 1501; x_wconf 87' lang='lat' dir='ltr'><strong>fures</strong></span> <span class='ocrx_word' id='word_1_91' title='bbox 1155 1453 1342 1501; x_wconf 77' lang='lat' dir='ltr'><strong>eontra</strong></span> <span class='ocrx_word' id='word_1_92' title='bbox 1372 1457 1463 1497; x_wconf 89' lang='lat' dir='ltr'><strong>vos</strong></span> <span class='ocrx_word' id='word_1_93' title='bbox 1489 1443 1653 1497; x_wconf 88' lang='lat' dir='ltr'><strong>armis</strong></span> <span class='ocrx_word' id='word_1_94' title='bbox 1680 1442 1966 1505; x_wconf 88' lang='lat' dir='ltr'><strong>instruant,</strong></span> <span class='ocrx_word' id='word_1_95' title='bbox 2011 1453 2186 1511; x_wconf 87' lang='lat' dir='ltr'><strong>neque</strong></span> 
     </span>
    </p>
   </div>
   <div class='ocr_carea' id='block_1_14' title="bbox 594 1532 2184 1612">
    <p class='ocr_par' dir='ltr' id='par_1_14' title="bbox 594 1532 2184 1612">
     <span class='ocr_line' id='line_1_14' title="bbox 594 1532 2184 1612; baseline -0.006 -16"><span class='ocrx_word' id='word_1_96' title='bbox 594 1543 737 1612; x_wconf 89' lang='lat' dir='ltr'><strong>quod</strong></span> <span class='ocrx_word' id='word_1_97' title='bbox 765 1551 997 1596; x_wconf 79' lang='lat' dir='ltr'><strong>mentem</strong></span> <span class='ocrx_word' id='word_1_98' title='bbox 1035 1536 1256 1594; x_wconf 87' lang='lat' dir='ltr'><strong>omnino</strong></span> <span class='ocrx_word' id='word_1_99' title='bbox 1294 1535 1530 1592; x_wconf 85' lang='lat' dir='ltr'><strong>tenebris</strong></span> <span class='ocrx_word' id='word_1_100' title='bbox 1555 1534 1860 1598; x_wconf 79' lang='lat' dir='ltr'><strong>ollundant;</strong></span> <span class='ocrx_word' id='word_1_101' title='bbox 1902 1532 1998 1588; x_wconf 91' lang='lat' dir='ltr'><strong>sed</strong></span> <span class='ocrx_word' id='word_1_102' title='bbox 2024 1534 2184 1587; x_wconf 89' lang='lat' dir='ltr'><strong>etiam</strong></span> 
     </span>
    </p>
   </div>
   <div class='ocr_carea' id='block_1_15' title="bbox 591 1625 2185 1704">
    <p class='ocr_par' dir='ltr' id='par_1_15' title="bbox 591 1625 2185 1704">
     <span class='ocr_line' id='line_1_15' title="bbox 591 1625 2185 1704; baseline -0.007 -15"><span class='ocrx_word' id='word_1_103' title='bbox 591 1633 736 1704; x_wconf 70' lang='lat' dir='ltr'><strong>quod</strong></span> <span class='ocrx_word' id='word_1_104' title='bbox 766 1648 831 1688; x_wconf 87' lang='lat' dir='ltr'><strong>ex</strong></span> <span class='ocrx_word' id='word_1_105' title='bbox 858 1631 1113 1687; x_wconf 78' lang='lat' dir='ltr'><strong>servitute</strong></span> <span class='ocrx_word' id='word_1_106' title='bbox 1142 1630 1234 1684; x_wconf 90' lang='lat' dir='ltr'><strong>Dei</strong></span> <span class='ocrx_word' id='word_1_107' title='bbox 1257 1643 1354 1685; x_wconf 79' lang='lat' dir='ltr'><strong>vos</strong></span> <span class='ocrx_word' id='word_1_108' title='bbox 1370 1628 1622 1697; x_wconf 87' lang='lat' dir='ltr'><strong>dejiciant</strong></span> <span class='ocrx_word' id='word_1_109' title='bbox 1643 1669 1658 1694; x_wconf 91' lang='lat'><strong>,</strong></span> <span class='ocrx_word' id='word_1_110' title='bbox 1687 1625 1990 1680; x_wconf 87' lang='lat' dir='ltr'><strong>iuanimatis</strong></span> <span class='ocrx_word' id='word_1_111' title='bbox 2021 1640 2185 1695; x_wconf 83' lang='lat' dir='ltr'><strong>pecu-</strong></span> 
     </span>
    </p>
   </div>
   <div class='ocr_carea' id='block_1_16' title="bbox 595 1720 2186 1794">
    <p class='ocr_par' dir='ltr' id='par_1_16' title="bbox 595 1720 2186 1794">
     <span class='ocr_line' id='line_1_16' title="bbox 595 1720 2186 1794; baseline -0.005 -16"><span class='ocrx_word' id='word_1_112' title='bbox 595 1726 698 1780; x_wconf 88' lang='lat' dir='ltr'><strong>niis</strong></span> <span class='ocrx_word' id='word_1_113' title='bbox 723 1739 821 1780; x_wconf 87' lang='lat' dir='ltr'><strong>vos</strong></span> <span class='ocrx_word' id='word_1_114' title='bbox 849 1724 1091 1794; x_wconf 88' lang='lat' dir='ltr'><strong>captivos</strong></span> <span class='ocrx_word' id='word_1_115' title='bbox 1121 1721 1412 1784; x_wconf 85' lang='lat' dir='ltr'><strong>tradentes,</strong></span> <span class='ocrx_word' id='word_1_116' title='bbox 1444 1727 1500 1773; x_wconf 85' lang='lat' dir='ltr'><strong>et</strong></span> <span class='ocrx_word' id='word_1_117' title='bbox 1543 1720 1790 1788; x_wconf 84' lang='lat' dir='ltr'><strong>utrinque</strong></span> <span class='ocrx_word' id='word_1_118' title='bbox 1821 1725 2101 1783; x_wconf 87' lang='lat' dir='ltr'><strong>nocentes,</strong></span> <span class='ocrx_word' id='word_1_119' title='bbox 2129 1725 2186 1772; x_wconf 90' lang='lat' dir='ltr'><strong>et</strong></span> 
     </span>
    </p>
   </div>
   <div class='ocr_carea' id='block_1_17' title="bbox 592 1809 2183 1886">
    <p class='ocr_par' dir='ltr' id='par_1_17' title="bbox 592 1809 2183 1886">
     <span class='ocr_line' id='line_1_17' title="bbox 592 1809 2183 1886; baseline -0.006 -13"><span class='ocrx_word' id='word_1_120' title='bbox 592 1816 735 1886; x_wconf 68' lang='lat' dir='ltr'><strong>quod</strong></span> <span class='ocrx_word' id='word_1_121' title='bbox 758 1831 948 1872; x_wconf 85' lang='lat' dir='ltr'><strong>servos</strong></span> <span class='ocrx_word' id='word_1_122' title='bbox 976 1815 1208 1871; x_wconf 82' lang='lat' dir='ltr'><strong>efﬁciant</strong></span> <span class='ocrx_word' id='word_1_123' title='bbox 1239 1811 1642 1882; x_wconf 66' lang='lat' dir='ltr'><strong>eorum&#39;quibus</strong></span> <span class='ocrx_word' id='word_1_124' title='bbox 1668 1811 1934 1879; x_wconf 85' lang='lat' dir='ltr'><strong>imperare</strong></span> <span class='ocrx_word' id='word_1_125' title='bbox 1959 1809 2183 1865; x_wconf 57' lang='lat' dir='ltr'><strong>debere.</strong></span> 
     </span>
    </p>
   </div>
   <div class='ocr_carea' id='block_1_18' title="bbox 575 1903 2182 1980">
    <p class='ocr_par' dir='ltr' id='par_1_18' title="bbox 575 1903 2182 1980">
     <span class='ocr_line' id='line_1_18' title="bbox 575 1903 2182 1980; baseline -0.006 -14"><span class='ocrx_word' id='word_1_126' title='bbox 575 1925 729 1976; x_wconf 72' lang='lat' dir='ltr'><strong>mus,</strong></span> <span class='ocrx_word' id='word_1_127' title='bbox 755 1921 810 1965; x_wconf 92' lang='lat' dir='ltr'><strong>et</strong></span> <span class='ocrx_word' id='word_1_128' title='bbox 833 1909 974 1980; x_wconf 89' lang='lat' dir='ltr'><strong>quod</strong></span> <span class='ocrx_word' id='word_1_129' title='bbox 1008 1924 1102 1963; x_wconf 93' lang='lat' dir='ltr'><strong>vos</strong></span> <span class='ocrx_word' id='word_1_130' title='bbox 1126 1925 1154 1962; x_wconf 92' lang='lat' dir='ltr'><strong>a</strong></span> <span class='ocrx_word' id='word_1_131' title='bbox 1183 1909 1437 1964; x_wconf 86' lang='lat' dir='ltr'><strong>servitute</strong></span> <span class='ocrx_word' id='word_1_132' title='bbox 1466 1907 1558 1961; x_wconf 85' lang='lat' dir='ltr'><strong>Dei</strong></span> <span class='ocrx_word' id='word_1_133' title='bbox 1585 1904 1858 1974; x_wconf 77' lang='lat' dir='ltr'><strong>dejiciaut,</strong></span> <span class='ocrx_word' id='word_1_134' title='bbox 1898 1904 1984 1959; x_wconf 92' lang='lat' dir='ltr'><strong>cui</strong></span> <span class='ocrx_word' id='word_1_135' title='bbox 2014 1903 2182 1958; x_wconf 85' lang='lat' dir='ltr'><strong>maxi-</strong></span> 
     </span>
    </p>
   </div>
   <div class='ocr_carea' id='block_1_19' title="bbox 590 1995 2178 2065">
    <p class='ocr_par' dir='ltr' id='par_1_19' title="bbox 590 1995 2178 2065">
     <span class='ocr_line' id='line_1_19' title="bbox 590 1995 2178 2065; baseline -0.005 -8"><span class='ocrx_word' id='word_1_136' title='bbox 590 2019 678 2059; x_wconf 92' lang='lat' dir='ltr'><strong>me</strong></span> <span class='ocrx_word' id='word_1_137' title='bbox 717 2003 918 2058; x_wconf 77' lang='lat' dir='ltr'><strong>servire</strong></span> <span class='ocrx_word' id='word_1_138' title='bbox 962 2015 1184 2056; x_wconf 84' lang='lat' dir='ltr'><strong>necesse</strong></span> <span class='ocrx_word' id='word_1_139' title='bbox 1231 1999 1382 2055; x_wconf 84' lang='lat' dir='ltr'><strong>vobis</strong></span> <span class='ocrx_word' id='word_1_140' title='bbox 1419 1995 2008 2065; x_wconf 54' lang='lat' dir='ltr'><strong>estJQuemadmodum</strong></span> <span class='ocrx_word' id='word_1_141' title='bbox 2037 1995 2178 2051; x_wconf 89' lang='lat' dir='ltr'><strong>enim</strong></span> 
     </span>
    </p>
   </div>
   <div class='ocr_carea' id='block_1_20' title="bbox 587 2085 2178 2163">
    <p class='ocr_par' dir='ltr' id='par_1_20' title="bbox 587 2085 2178 2163">
     <span class='ocr_line' id='line_1_20' title="bbox 587 2085 2178 2163; baseline -0.004 -15"><span class='ocrx_word' id='word_1_142' title='bbox 587 2093 699 2148; x_wconf 84' lang='lat' dir='ltr'><strong>illic</strong></span> <span class='ocrx_word' id='word_1_143' title='bbox 721 2091 1101 2163; x_wconf 79' lang='lat' dir='ltr'><strong>etiam&#39;duplex</strong></span> <span class='ocrx_word' id='word_1_144' title='bbox 1129 2105 1248 2146; x_wconf 90' lang='lat' dir='ltr'><strong>esse</strong></span> <span class='ocrx_word' id='word_1_145' title='bbox 1276 2098 1655 2144; x_wconf 89' lang='lat' dir='ltr'><strong>nocumentum</strong></span> <span class='ocrx_word' id='word_1_146' title='bbox 1677 2087 1928 2152; x_wconf 85' lang='lat' dir='ltr'><strong>ostendit,</strong></span> <span class='ocrx_word' id='word_1_147' title='bbox 1945 2095 2012 2142; x_wconf 73' lang='lat' dir='ltr'><strong>et</strong></span> <span class='ocrx_word' id='word_1_148' title='bbox 2037 2085 2178 2156; x_wconf 91' lang='lat' dir='ltr'><strong>quod</strong></span> 
     </span>
    </p>
   </div>
   <div class='ocr_carea' id='block_1_21' title="bbox 571 2179 2176 2258">
    <p class='ocr_par' dir='ltr' id='par_1_21' title="bbox 571 2179 2176 2258">
     <span class='ocr_line' id='line_1_21' title="bbox 571 2179 2176 2258; baseline -0.006 -15"><span class='ocrx_word' id='word_1_149' title='bbox 571 2188 660 2242; x_wconf 81' lang='lat' dir='ltr'><strong>&#39;ibi</strong></span> <span class='ocrx_word' id='word_1_150' title='bbox 685 2187 1043 2258; x_wconf 87' lang='lat' dir='ltr'><strong>deponantur,</strong></span> <span class='ocrx_word' id='word_1_151' title='bbox 1076 2184 1164 2240; x_wconf 92' lang='lat' dir='ltr'><strong>ubi</strong></span> <span class='ocrx_word' id='word_1_152' title='bbox 1191 2198 1372 2253; x_wconf 69' lang='lat' dir='ltr'><strong>mrugo</strong></span> <span class='ocrx_word' id='word_1_153' title='bbox 1417 2180 1673 2246; x_wconf 88' lang='lat' dir='ltr'><strong>corrodit,</strong></span> <span class='ocrx_word' id='word_1_154' title='bbox 1704 2190 1759 2236; x_wconf 92' lang='lat' dir='ltr'><strong>et</strong></span> <span class='ocrx_word' id='word_1_155' title='bbox 1795 2179 1939 2250; x_wconf 90' lang='lat' dir='ltr'><strong>quod</strong></span> <span class='ocrx_word' id='word_1_156' title='bbox 1966 2179 2038 2234; x_wconf 91' lang='lat' dir='ltr'><strong>ibi</strong></span> <span class='ocrx_word' id='word_1_157' title='bbox 2068 2193 2176 2234; x_wconf 92' lang='lat' dir='ltr'><strong>non</strong></span> 
     </span>
    </p>
   </div>
   <div class='ocr_carea' id='block_1_22' title="bbox 569 2269 2176 2349">
    <p class='ocr_par' dir='ltr' id='par_1_22' title="bbox 569 2269 2176 2349">
     <span class='ocr_line' id='line_1_22' title="bbox 569 2269 2176 2349; baseline -0.005 -16"><span class='ocrx_word' id='word_1_158' title='bbox 569 2280 943 2349; x_wconf 67' lang='lat' dir='ltr'><strong>«deponantur,</strong></span> <span class='ocrx_word' id='word_1_159' title='bbox 973 2277 1060 2332; x_wconf 92' lang='lat' dir='ltr'><strong>ubi</strong></span> <span class='ocrx_word' id='word_1_160' title='bbox 1085 2284 1194 2330; x_wconf 91' lang='lat' dir='ltr'><strong>tuta</strong></span> <span class='ocrx_word' id='word_1_161' title='bbox 1214 2273 1489 2330; x_wconf 85' lang='lat' dir='ltr'><strong>custodia:</strong></span> <span class='ocrx_word' id='word_1_162' title='bbox 1513 2272 1590 2327; x_wconf 88' lang='lat' dir='ltr'><strong>sic</strong></span> <span class='ocrx_word' id='word_1_163' title='bbox 1629 2279 1684 2326; x_wconf 91' lang='lat' dir='ltr'><strong>et</strong></span> <span class='ocrx_word' id='word_1_164' title='bbox 1727 2271 1826 2325; x_wconf 91' lang='lat' dir='ltr'><strong>hoc</strong></span> <span class='ocrx_word' id='word_1_165' title='bbox 1853 2272 1969 2327; x_wconf 90' lang='lat' dir='ltr'><strong>loco</strong></span> <span class='ocrx_word' id='word_1_166' title='bbox 1996 2269 2176 2341; x_wconf 87' lang='lat' dir='ltr'><strong>dupli-</strong></span> 
     </span>
    </p>
   </div>
   <div class='ocr_carea' id='block_1_23' title="bbox 575 2363 2178 2435">
    <p class='ocr_par' dir='ltr' id='par_1_23' title="bbox 575 2363 2178 2435">
     <span class='ocr_line' id='line_1_23' title="bbox 575 2363 2178 2435; baseline -0.004 -10"><span class='ocrx_word' id='word_1_167' title='bbox 575 2385 930 2427; x_wconf 62' lang='lat' dir='ltr'><strong>cem-noxam</strong></span> <span class='ocrx_word' id='word_1_168' title='bbox 974 2368 1230 2432; x_wconf 86' lang='lat' dir='ltr'><strong>ostendit,</strong></span> <span class='ocrx_word' id='word_1_169' title='bbox 1272 2375 1326 2422; x_wconf 93' lang='lat' dir='ltr'><strong>et</strong></span> <span class='ocrx_word' id='word_1_170' title='bbox 1367 2365 1510 2435; x_wconf 90' lang='lat' dir='ltr'><strong>quod</strong></span> <span class='ocrx_word' id='word_1_171' title='bbox 1553 2380 1583 2419; x_wconf 90' lang='lat' dir='ltr'><strong>a</strong></span> <span class='ocrx_word' id='word_1_172' title='bbox 1624 2365 1734 2420; x_wconf 89' lang='lat' dir='ltr'><strong>Deo</strong></span> <span class='ocrx_word' id='word_1_173' title='bbox 1763 2363 2092 2429; x_wconf 83' lang='lat' dir='ltr'><strong>abstraham,</strong></span> <span class='ocrx_word' id='word_1_174' title='bbox 2124 2373 2178 2419; x_wconf 90' lang='lat' dir='ltr'><strong>et</strong></span> 
     </span>
    </p>
   </div>
   <div class='ocr_carea' id='block_1_24' title="bbox 585 2455 2174 2531">
    <p class='ocr_par' dir='ltr' id='par_1_24' title="bbox 585 2455 2174 2531">
     <span class='ocr_line' id='line_1_24' title="bbox 585 2455 2174 2531; baseline -0.005 -15"><span class='ocrx_word' id='word_1_175' title='bbox 585 2462 729 2531; x_wconf 90' lang='lat' dir='ltr'><strong>quod</strong></span> <span class='ocrx_word' id='word_1_176' title='bbox 770 2475 1035 2516; x_wconf 71' lang='lat' dir='ltr'><strong>mamona:</strong></span> <span class='ocrx_word' id='word_1_177' title='bbox 1063 2459 1365 2529; x_wconf 88' lang='lat' dir='ltr'><strong>subjiciaut.</strong></span> <span class='ocrx_word' id='word_1_178' title='bbox 1409 2456 1514 2512; x_wconf 89' lang='lat' dir='ltr'><strong>Sed</strong></span> <span class='ocrx_word' id='word_1_179' title='bbox 1557 2472 1662 2511; x_wconf 91' lang='lat' dir='ltr'><strong>non</strong></span> <span class='ocrx_word' id='word_1_180' title='bbox 1702 2456 1880 2511; x_wconf 80' lang='lat' dir='ltr'><strong>statim</strong></span> <span class='ocrx_word' id='word_1_181' title='bbox 1921 2455 1972 2510; x_wconf 88' lang='lat' dir='ltr'><strong>id</strong></span> <span class='ocrx_word' id='word_1_182' title='bbox 2003 2455 2174 2526; x_wconf 86' lang='lat' dir='ltr'><strong>ponit,</strong></span> 
     </span>
    </p>
   </div>
   <div class='ocr_carea' id='block_1_25' title="bbox 586 2546 2174 2622">
    <p class='ocr_par' dir='ltr' id='par_1_25' title="bbox 586 2546 2174 2622">
     <span class='ocr_line' id='line_1_25' title="bbox 586 2546 2174 2622; baseline -0.006 -14"><span class='ocrx_word' id='word_1_183' title='bbox 586 2553 683 2608; x_wconf 86' lang='lat' dir='ltr'><strong>sed</strong></span> <span class='ocrx_word' id='word_1_184' title='bbox 711 2552 762 2608; x_wconf 93' lang='lat' dir='ltr'><strong>id</strong></span> <span class='ocrx_word' id='word_1_185' title='bbox 793 2553 1028 2622; x_wconf 59' lang='lat' dir='ltr'><strong>prius-cx</strong></span> <span class='ocrx_word' id='word_1_186' title='bbox 1055 2551 1429 2607; x_wconf 90' lang='lat' dir='ltr'><strong>communibus</strong></span> <span class='ocrx_word' id='word_1_187' title='bbox 1461 2557 1612 2618; x_wconf 91' lang='lat' dir='ltr'><strong>parat</strong></span> <span class='ocrx_word' id='word_1_188' title='bbox 1637 2547 1951 2614; x_wconf 84' lang='lat' dir='ltr'><strong>ratiociniis,</strong></span> <span class='ocrx_word' id='word_1_189' title='bbox 1989 2547 2066 2602; x_wconf 87' lang='lat' dir='ltr'><strong>sic</strong></span> <span class='ocrx_word' id='word_1_190' title='bbox 2088 2546 2174 2602; x_wconf 88' lang='lat' dir='ltr'><strong>di-</strong></span> 
     </span>
    </p>
   </div>
   <div class='ocr_carea' id='block_1_26' title="bbox 585 2637 2180 2714">
    <p class='ocr_par' dir='ltr' id='par_1_26' title="bbox 585 2637 2180 2714">
     <span class='ocr_line' id='line_1_26' title="bbox 585 2637 2180 2714; baseline -0.003 -15"><span class='ocrx_word' id='word_1_191' title='bbox 585 2659 747 2699; x_wconf 88' lang='lat' dir='ltr'><strong>cens:</strong></span> <span class='ocrx_word' id='word_1_192' title='bbox 773 2643 940 2698; x_wconf 82' lang='lat' dir='ltr'><strong>Nemo</strong></span> <span class='ocrx_word' id='word_1_193' title='bbox 971 2651 1132 2714; x_wconf 71' lang='lat' dir='ltr'><strong>potest</strong></span> <span class='ocrx_word' id='word_1_194' title='bbox 1176 2641 1370 2696; x_wconf 83' lang='lat' dir='ltr'><strong>duobus</strong></span> <span class='ocrx_word' id='word_1_195' title='bbox 1411 2640 1631 2693; x_wconf 84' lang='lat' dir='ltr'><strong>dominis</strong></span> <span class='ocrx_word' id='word_1_196' title='bbox 1663 2637 2049 2694; x_wconf 87' lang='lat' dir='ltr'><strong>servire:duos</strong></span> <span class='ocrx_word' id='word_1_197' title='bbox 2090 2637 2180 2694; x_wconf 76' lang='lat' dir='ltr'><strong>hic</strong></span> 
     </span>
    </p>
   </div>
   <div class='ocr_carea' id='block_1_27' title="bbox 585 2729 2171 2806">
    <p class='ocr_par' dir='ltr' id='par_1_27' title="bbox 585 2729 2171 2806">
     <span class='ocr_line' id='line_1_27' title="bbox 585 2729 2171 2806; baseline -0.003 -16"><span class='ocrx_word' id='word_1_198' title='bbox 585 2736 770 2791; x_wconf 91' lang='lat' dir='ltr'><strong>dicens</strong></span> <span class='ocrx_word' id='word_1_199' title='bbox 799 2735 886 2806; x_wconf 91' lang='lat' dir='ltr'><strong>qui</strong></span> <span class='ocrx_word' id='word_1_200' title='bbox 916 2735 1181 2791; x_wconf 83' lang='lat' dir='ltr'><strong>contraria</strong></span> <span class='ocrx_word' id='word_1_201' title='bbox 1215 2732 1543 2802; x_wconf 70' lang='lat' dir='ltr'><strong>prmcipiaut.</strong></span> <span class='ocrx_word' id='word_1_202' title='bbox 1570 2729 1702 2785; x_wconf 87' lang='lat' dir='ltr'><strong>Nam</strong></span> <span class='ocrx_word' id='word_1_203' title='bbox 1729 2731 1773 2785; x_wconf 89' lang='lat' dir='ltr'><strong>si</strong></span> <span class='ocrx_word' id='word_1_204' title='bbox 1800 2730 1852 2785; x_wconf 92' lang='lat' dir='ltr'><strong>id</strong></span> <span class='ocrx_word' id='word_1_205' title='bbox 1877 2745 1980 2786; x_wconf 92' lang='lat' dir='ltr'><strong>non</strong></span> <span class='ocrx_word' id='word_1_206' title='bbox 2007 2738 2171 2798; x_wconf 85' lang='lat' dir='ltr'><strong>esset,</strong></span> 
     </span>
    </p>
   </div>
   <div class='ocr_carea' id='block_1_28' title="bbox 585 2821 2175 2882">
    <p class='ocr_par' dir='ltr' id='par_1_28' title="bbox 585 2821 2175 2882">
     <span class='ocr_line' id='line_1_28' title="bbox 585 2821 2175 2882; baseline -0.004 0"><span class='ocrx_word' id='word_1_207' title='bbox 585 2842 692 2882; x_wconf 85' lang='lat' dir='ltr'><strong>non</strong></span> <span class='ocrx_word' id='word_1_208' title='bbox 719 2826 824 2882; x_wconf 92' lang='lat' dir='ltr'><strong>duo</strong></span> <span class='ocrx_word' id='word_1_209' title='bbox 849 2823 1047 2880; x_wconf 88' lang='lat' dir='ltr'><strong>forent.</strong></span> <span class='ocrx_word' id='word_1_210' title='bbox 1079 2823 1210 2879; x_wconf 86' lang='lat' dir='ltr'><strong>Nam</strong></span> <span class='ocrx_word' id='word_1_211' title='bbox 1243 2821 1590 2876; x_wconf 73' lang='lat' dir='ltr'><strong>Multitudinis</strong></span> <span class='ocrx_word' id='word_1_212' title='bbox 1619 2821 1928 2875; x_wconf 76' lang='lat' dir='ltr'><strong>credentium</strong></span> <span class='ocrx_word' id='word_1_213' title='bbox 1953 2831 2060 2875; x_wconf 85' lang='lat' dir='ltr'><strong>erat</strong></span> <span class='ocrx_word' id='word_1_214' title='bbox 2087 2837 2175 2876; x_wconf 85' lang='lat' dir='ltr'><strong>cor</strong></span> 
     </span>
    </p>
   </div>
   <div class='ocr_carea' id='block_1_29' title="bbox 584 2914 2171 2985">
    <p class='ocr_par' dir='ltr' id='par_1_29' title="bbox 584 2914 2171 2985">
     <span class='ocr_line' id='line_1_29' title="bbox 584 2914 2171 2985; baseline -0.004 -11"><span class='ocrx_word' id='word_1_215' title='bbox 584 2935 742 2974; x_wconf 81' lang='lat' dir='ltr'><strong>unum</strong></span> <span class='ocrx_word' id='word_1_216' title='bbox 769 2927 815 2973; x_wconf 86' lang='lat' dir='ltr'><strong>et</strong></span> <span class='ocrx_word' id='word_1_217' title='bbox 841 2917 1141 2972; x_wconf 73' lang='lat' dir='ltr'><strong>animatum</strong></span> <span class='ocrx_word' id='word_1_218' title='bbox 1173 2914 1309 2985; x_wconf 77' lang='lat' dir='ltr'><strong>(Act.</strong></span> <span class='ocrx_word' id='word_1_219' title='bbox 1341 2915 1398 2970; x_wconf 73' lang='grc' dir='ltr'><strong>ιι.</strong></span> <span class='ocrx_word' id='word_1_220' title='bbox 1440 2915 1530 2984; x_wconf 72' lang='grc'><strong>52)</strong></span> <span class='ocrx_word' id='word_1_221' title='bbox 1551 2932 1565 2968; x_wconf 91' lang='lat'><strong>:</strong></span> <span class='ocrx_word' id='word_1_222' title='bbox 1587 2914 1712 2969; x_wconf 89' lang='lat' dir='ltr'><strong>licet</strong></span> <span class='ocrx_word' id='word_1_223' title='bbox 1735 2914 1877 2968; x_wconf 90' lang='lat' dir='ltr'><strong>enim</strong></span> <span class='ocrx_word' id='word_1_224' title='bbox 1906 2921 2090 2970; x_wconf 89' lang='lat' dir='ltr'><strong>essent</strong></span> <span class='ocrx_word' id='word_1_225' title='bbox 2117 2914 2171 2968; x_wconf 91' lang='lat' dir='ltr'><strong>in</strong></span> 
     </span>
    </p>
   </div>
   <div class='ocr_carea' id='block_1_30' title="bbox 586 3005 2168 3078">
    <p class='ocr_par' dir='ltr' id='par_1_30' title="bbox 586 3005 2168 3078">
     <span class='ocr_line' id='line_1_30' title="bbox 586 3005 2168 3078; baseline -0.001 -17"><span class='ocrx_word' id='word_1_226' title='bbox 586 3009 736 3074; x_wconf 91' lang='lat' dir='ltr'><strong>plura</strong></span> <span class='ocrx_word' id='word_1_227' title='bbox 750 3022 972 3078; x_wconf 90' lang='lat' dir='ltr'><strong>corpora</strong></span> <span class='ocrx_word' id='word_1_228' title='bbox 987 3007 1166 3074; x_wconf 87' lang='lat' dir='ltr'><strong>divisi,</strong></span> <span class='ocrx_word' id='word_1_229' title='bbox 1183 3005 1715 3062; x_wconf 87' lang='lat' dir='ltr'><strong>attamenconcordia</strong></span> <span class='ocrx_word' id='word_1_230' title='bbox 1732 3006 1986 3074; x_wconf 89' lang='lat' dir='ltr'><strong>plurimos</strong></span> <span class='ocrx_word' id='word_1_231' title='bbox 2007 3021 2168 3060; x_wconf 69' lang='lat' dir='ltr'><strong>nutum</strong></span> 
     </span>
    </p>
   </div>
   <div class='ocr_carea' id='block_1_31' title="bbox 581 3097 2167 3166">
    <p class='ocr_par' dir='ltr' id='par_1_31' title="bbox 581 3097 2167 3166">
     <span class='ocr_line' id='line_1_31' title="bbox 581 3097 2167 3166; baseline -0.003 -9"><span class='ocrx_word' id='word_1_232' title='bbox 581 3101 867 3158; x_wconf 76' lang='lat' dir='ltr'><strong>efficiebat.</strong></span> <span class='ocrx_word' id='word_1_233' title='bbox 898 3099 1098 3156; x_wconf 86' lang='lat' dir='ltr'><strong>Deinde</strong></span> <span class='ocrx_word' id='word_1_234' title='bbox 1120 3099 1208 3160; x_wconf 88' lang='lat' dir='ltr'><strong>illa</strong></span> <span class='ocrx_word' id='word_1_235' title='bbox 1235 3098 1533 3166; x_wconf 89' lang='lat' dir='ltr'><strong>cumulans,</strong></span> <span class='ocrx_word' id='word_1_236' title='bbox 1556 3098 1714 3152; x_wconf 89' lang='lat' dir='ltr'><strong>dicit:</strong></span> <span class='ocrx_word' id='word_1_237' title='bbox 1737 3097 1853 3153; x_wconf 83' lang='lat' dir='ltr'><strong>Non</strong></span> <span class='ocrx_word' id='word_1_238' title='bbox 1883 3097 2042 3152; x_wconf 90' lang='lat' dir='ltr'><strong>modo</strong></span> <span class='ocrx_word' id='word_1_239' title='bbox 2064 3114 2167 3152; x_wconf 91' lang='lat' dir='ltr'><strong>non</strong></span> 
     </span>
    </p>
   </div>
   <div class='ocr_carea' id='block_1_32' title="bbox 580 3190 2169 3260">
    <p class='ocr_par' dir='ltr' id='par_1_32' title="bbox 580 3190 2169 3260">
     <span class='ocr_line' id='line_1_32' title="bbox 580 3190 2169 3260; baseline -0.004 -10"><span class='ocrx_word' id='word_1_240' title='bbox 580 3197 797 3260; x_wconf 85' lang='lat' dir='ltr'><strong>serviet,</strong></span> <span class='ocrx_word' id='word_1_241' title='bbox 840 3193 933 3250; x_wconf 89' lang='lat' dir='ltr'><strong>sed</strong></span> <span class='ocrx_word' id='word_1_242' title='bbox 963 3195 1120 3248; x_wconf 90' lang='lat' dir='ltr'><strong>etiam</strong></span> <span class='ocrx_word' id='word_1_243' title='bbox 1152 3191 1275 3246; x_wconf 93' lang='lat' dir='ltr'><strong>odio</strong></span> <span class='ocrx_word' id='word_1_244' title='bbox 1306 3191 1521 3246; x_wconf 87' lang='lat' dir='ltr'><strong>habebit</strong></span> <span class='ocrx_word' id='word_1_245' title='bbox 1567 3199 1621 3245; x_wconf 91' lang='lat' dir='ltr'><strong>et</strong></span> <span class='ocrx_word' id='word_1_246' title='bbox 1664 3190 1994 3246; x_wconf 90' lang='lat' dir='ltr'><strong>aversabitur</strong></span> <span class='ocrx_word' id='word_1_247' title='bbox 2022 3207 2036 3244; x_wconf 91' lang='lat'><strong>:</strong></span> <span class='ocrx_word' id='word_1_248' title='bbox 2067 3191 2169 3244; x_wconf 83' lang='lat' dir='ltr'><strong>Aut</strong></span> 
     </span>
    </p>
   </div>
   <div class='ocr_carea' id='block_1_33' title="bbox 579 3281 2168 3355">
    <p class='ocr_par' dir='ltr' id='par_1_33' title="bbox 579 3281 2168 3355">
     <span class='ocr_line' id='line_1_33' title="bbox 579 3281 2168 3355; baseline -0.004 -13"><span class='ocrx_word' id='word_1_249' title='bbox 579 3291 713 3342; x_wconf 85' lang='lat' dir='ltr'><strong>enim</strong></span> <span class='ocrx_word' id='word_1_250' title='bbox 737 3303 895 3342; x_wconf 86' lang='lat' dir='ltr'><strong>unum</strong></span> <span class='ocrx_word' id='word_1_251' title='bbox 923 3287 1041 3341; x_wconf 89' lang='lat' dir='ltr'><strong>odio</strong></span> <span class='ocrx_word' id='word_1_252' title='bbox 1068 3285 1285 3349; x_wconf 78' lang='lat' dir='ltr'><strong>habebit,</strong></span> <span class='ocrx_word' id='word_1_253' title='bbox 1319 3285 1510 3355; x_wconf 88' lang='lat' dir='ltr'><strong>inquit,</strong></span> <span class='ocrx_word' id='word_1_254' title='bbox 1536 3293 1585 3337; x_wconf 87' lang='lat' dir='ltr'><strong>et</strong></span> <span class='ocrx_word' id='word_1_255' title='bbox 1609 3283 1825 3339; x_wconf 83' lang='lat' dir='ltr'><strong>alterum</strong></span> <span class='ocrx_word' id='word_1_256' title='bbox 1853 3281 2063 3352; x_wconf 80' lang='lat' dir='ltr'><strong>diliget;</strong></span> <span class='ocrx_word' id='word_1_257' title='bbox 2080 3291 2168 3336; x_wconf 77' lang='lat' dir='ltr'><strong>ant</strong></span> 
     </span>
    </p>
   </div>
   <div class='ocr_carea' id='block_1_34' title="bbox 575 3373 2167 3445">
    <p class='ocr_par' dir='ltr' id='par_1_34' title="bbox 575 3373 2167 3445">
     <span class='ocr_line' id='line_1_34' title="bbox 575 3373 2167 3445; baseline -0.004 -11"><span class='ocrx_word' id='word_1_258' title='bbox 575 3397 737 3434; x_wconf 78' lang='lat' dir='ltr'><strong>unum</strong></span> <span class='ocrx_word' id='word_1_259' title='bbox 763 3379 1047 3445; x_wconf 73' lang='lat' dir='ltr'><strong>sustinebit,</strong></span> <span class='ocrx_word' id='word_1_260' title='bbox 1071 3387 1119 3433; x_wconf 88' lang='lat' dir='ltr'><strong>et</strong></span> <span class='ocrx_word' id='word_1_261' title='bbox 1144 3378 1358 3432; x_wconf 87' lang='lat' dir='ltr'><strong>alterum</strong></span> <span class='ocrx_word' id='word_1_262' title='bbox 1384 3383 1684 3430; x_wconf 83' lang='lat' dir='ltr'><strong>contemnet.</strong></span> <span class='ocrx_word' id='word_1_263' title='bbox 1716 3377 1793 3428; x_wconf 87' lang='lat' dir='ltr'><strong>Ac</strong></span> <span class='ocrx_word' id='word_1_264' title='bbox 1823 3373 2031 3429; x_wconf 83' lang='lat' dir='ltr'><strong>videtur</strong></span> <span class='ocrx_word' id='word_1_265' title='bbox 2050 3375 2167 3445; x_wconf 89' lang='lat' dir='ltr'><strong>qui-</strong></span> 
     </span>
    </p>
   </div>
   <div class='ocr_carea' id='block_1_35' title="bbox 575 3464 2162 3540">
    <p class='ocr_par' dir='ltr' id='par_1_35' title="bbox 575 3464 2162 3540">
     <span class='ocr_line' id='line_1_35' title="bbox 575 3464 2162 3540; baseline -0.006 -13"><span class='ocrx_word' id='word_1_266' title='bbox 575 3472 698 3527; x_wconf 90' lang='lat' dir='ltr'><strong>dem</strong></span> <span class='ocrx_word' id='word_1_267' title='bbox 727 3471 810 3526; x_wconf 90' lang='lat' dir='ltr'><strong>bis</strong></span> <span class='ocrx_word' id='word_1_268' title='bbox 835 3470 1060 3540; x_wconf 90' lang='lat' dir='ltr'><strong>idipsum</strong></span> <span class='ocrx_word' id='word_1_269' title='bbox 1090 3468 1320 3534; x_wconf 82' lang='lat' dir='ltr'><strong>dixisse;</strong></span> <span class='ocrx_word' id='word_1_270' title='bbox 1353 3466 1447 3522; x_wconf 89' lang='lat' dir='ltr'><strong>sed</strong></span> <span class='ocrx_word' id='word_1_271' title='bbox 1472 3482 1576 3521; x_wconf 90' lang='lat' dir='ltr'><strong>non</strong></span> <span class='ocrx_word' id='word_1_272' title='bbox 1603 3465 1719 3520; x_wconf 90' lang='lat' dir='ltr'><strong>sine</strong></span> <span class='ocrx_word' id='word_1_273' title='bbox 1757 3479 1917 3520; x_wconf 90' lang='lat' dir='ltr'><strong>causa</strong></span> <span class='ocrx_word' id='word_1_274' title='bbox 1946 3464 2025 3520; x_wconf 93' lang='lat' dir='ltr'><strong>sic</strong></span> <span class='ocrx_word' id='word_1_275' title='bbox 2050 3479 2162 3519; x_wconf 89' lang='lat' dir='ltr'><strong>rem</strong></span> 
     </span>
    </p>
   </div>
   <div class='ocr_carea' id='block_1_36' title="bbox 571 3556 2165 3626">
    <p class='ocr_par' dir='ltr' id='par_1_36' title="bbox 571 3556 2165 3626">
     <span class='ocr_line' id='line_1_36' title="bbox 571 3556 2165 3626; baseline -0.004 -11"><span class='ocrx_word' id='word_1_276' title='bbox 571 3561 933 3626; x_wconf 85' lang='lat' dir='ltr'><strong>concinnavit,</strong></span> <span class='ocrx_word' id='word_1_277' title='bbox 961 3558 1055 3616; x_wconf 89' lang='lat' dir='ltr'><strong>sed</strong></span> <span class='ocrx_word' id='word_1_278' title='bbox 1099 3567 1156 3614; x_wconf 89' lang='lat' dir='ltr'><strong>ut</strong></span> <span class='ocrx_word' id='word_1_279' title='bbox 1195 3557 1504 3614; x_wconf 87' lang='lat' dir='ltr'><strong>ostenderet</strong></span> <span class='ocrx_word' id='word_1_280' title='bbox 1531 3556 1738 3611; x_wconf 79' lang='lat' dir='ltr'><strong>facilem</strong></span> <span class='ocrx_word' id='word_1_281' title='bbox 1769 3570 1889 3611; x_wconf 89' lang='lat' dir='ltr'><strong>esse</strong></span> <span class='ocrx_word' id='word_1_282' title='bbox 1915 3556 2165 3610; x_wconf 88' lang='lat' dir='ltr'><strong>mutatio-</strong></span> 
     </span>
    </p>
   </div>
   <div class='ocr_carea' id='block_1_37' title="bbox 574 3645 2160 3712">
    <p class='ocr_par' dir='ltr' id='par_1_37' title="bbox 574 3645 2160 3712">
     <span class='ocr_line' id='line_1_37' title="bbox 574 3645 2160 3712; baseline -0.005 -4"><span class='ocrx_word' id='word_1_283' title='bbox 574 3668 696 3708; x_wconf 89' lang='lat' dir='ltr'><strong>nem</strong></span> <span class='ocrx_word' id='word_1_284' title='bbox 727 3654 778 3706; x_wconf 90' lang='lat' dir='ltr'><strong>in</strong></span> <span class='ocrx_word' id='word_1_285' title='bbox 806 3651 1015 3706; x_wconf 91' lang='lat' dir='ltr'><strong>melius.</strong></span> <span class='ocrx_word' id='word_1_286' title='bbox 1037 3650 1114 3705; x_wconf 75' lang='lat' dir='ltr'><strong>Ne</strong></span> <span class='ocrx_word' id='word_1_287' title='bbox 1139 3650 1347 3706; x_wconf 87' lang='lat' dir='ltr'><strong>diceres</strong></span> <span class='ocrx_word' id='word_1_288' title='bbox 1372 3649 1536 3712; x_wconf 92' lang='lat' dir='ltr'><strong>enim,</strong></span> <span class='ocrx_word' id='word_1_289' title='bbox 1575 3647 1752 3702; x_wconf 91' lang='lat' dir='ltr'><strong>Semel</strong></span> <span class='ocrx_word' id='word_1_290' title='bbox 1778 3661 1964 3701; x_wconf 82' lang='lat' dir='ltr'><strong>servus</strong></span> <span class='ocrx_word' id='word_1_291' title='bbox 1991 3645 2160 3700; x_wconf 90' lang='lat' dir='ltr'><strong>factus</strong></span> 
     </span>
    </p>
   </div>
   <div class='ocr_carea' id='block_1_38' title="bbox 569 3737 2158 3814">
    <p class='ocr_par' dir='ltr' id='par_1_38' title="bbox 569 3737 2158 3814">
     <span class='ocr_line' id='line_1_38' title="bbox 569 3737 2158 3814; baseline -0.005 -13"><span class='ocrx_word' id='word_1_292' title='bbox 569 3761 710 3810; x_wconf 79' lang='lat' dir='ltr'><strong>sum,</strong></span> <span class='ocrx_word' id='word_1_293' title='bbox 743 3743 1044 3800; x_wconf 83' lang='lat' dir='ltr'><strong>divitiarum</strong></span> <span class='ocrx_word' id='word_1_294' title='bbox 1075 3741 1356 3814; x_wconf 85' lang='lat' dir='ltr'><strong>tyrannide</strong></span> <span class='ocrx_word' id='word_1_295' title='bbox 1386 3754 1708 3810; x_wconf 86' lang='lat' dir='ltr'><strong>oppressus:</strong></span> <span class='ocrx_word' id='word_1_296' title='bbox 1732 3737 1968 3793; x_wconf 89' lang='lat' dir='ltr'><strong>ostendit</strong></span> <span class='ocrx_word' id='word_1_297' title='bbox 2001 3752 2158 3806; x_wconf 89' lang='lat' dir='ltr'><strong>posse</strong></span> 
     </span>
    </p>
   </div>
   <div class='ocr_carea' id='block_1_39' title="bbox 569 3829 2152 3903">
    <p class='ocr_par' dir='ltr' id='par_1_39' title="bbox 569 3829 2152 3903">
     <span class='ocr_line' id='line_1_39' title="bbox 569 3829 2152 3903; baseline -0.006 -13"><span class='ocrx_word' id='word_1_298' title='bbox 569 3837 623 3891; x_wconf 90' lang='lat' dir='ltr'><strong>in</strong></span> <span class='ocrx_word' id='word_1_299' title='bbox 648 3835 808 3891; x_wconf 90' lang='lat' dir='ltr'><strong>aliam</strong></span> <span class='ocrx_word' id='word_1_300' title='bbox 835 3835 1074 3890; x_wconf 90' lang='lat' dir='ltr'><strong>converti</strong></span> <span class='ocrx_word' id='word_1_301' title='bbox 1116 3845 1322 3903; x_wconf 85' lang='lat' dir='ltr'><strong>partem</strong></span> <span class='ocrx_word' id='word_1_302' title='bbox 1360 3841 1457 3886; x_wconf 89' lang='lat' dir='ltr'><strong>:et</strong></span> <span class='ocrx_word' id='word_1_303' title='bbox 1483 3830 1618 3894; x_wconf 86' lang='lat' dir='ltr'><strong>sicut</strong></span> <span class='ocrx_word' id='word_1_304' title='bbox 1649 3844 1712 3885; x_wconf 80' lang='lat' dir='ltr'><strong>ex</strong></span> <span class='ocrx_word' id='word_1_305' title='bbox 1759 3829 1858 3884; x_wconf 88' lang='lat' dir='ltr'><strong>ista</strong></span> <span class='ocrx_word' id='word_1_306' title='bbox 1899 3829 1950 3883; x_wconf 91' lang='lat' dir='ltr'><strong>in</strong></span> <span class='ocrx_word' id='word_1_307' title='bbox 1985 3829 2152 3891; x_wconf 82' lang='lat' dir='ltr'><strong>illam,</strong></span> 
     </span>
    </p>
   </div>
   <div class='ocr_carea' id='block_1_40' title="bbox 567 3920 2154 3993">
    <p class='ocr_par' dir='ltr' id='par_1_40' title="bbox 567 3920 2154 3993">
     <span class='ocr_line' id='line_1_40' title="bbox 567 3920 2154 3993; baseline -0.005 -9"><span class='ocrx_word' id='word_1_308' title='bbox 567 3929 647 3984; x_wconf 87' lang='lat' dir='ltr'><strong>sic</strong></span> <span class='ocrx_word' id='word_1_309' title='bbox 681 3943 749 3985; x_wconf 79' lang='lat' dir='ltr'><strong>ex</strong></span> <span class='ocrx_word' id='word_1_310' title='bbox 780 3928 866 3983; x_wconf 90' lang='lat' dir='ltr'><strong>illa</strong></span> <span class='ocrx_word' id='word_1_311' title='bbox 908 3927 962 3982; x_wconf 93' lang='lat' dir='ltr'><strong>in</strong></span> <span class='ocrx_word' id='word_1_312' title='bbox 1006 3927 1160 3981; x_wconf 88' lang='lat' dir='ltr'><strong>istam</strong></span> <span class='ocrx_word' id='word_1_313' title='bbox 1189 3926 1388 3980; x_wconf 90' lang='lat' dir='ltr'><strong>venire.</strong></span> <span class='ocrx_word' id='word_1_314' title='bbox 1429 3923 1563 3979; x_wconf 87' lang='lat' dir='ltr'><strong>Cum</strong></span> <span class='ocrx_word' id='word_1_315' title='bbox 1590 3937 1719 3993; x_wconf 87' lang='lat' dir='ltr'><strong>ergo</strong></span> <span class='ocrx_word' id='word_1_316' title='bbox 1746 3921 1850 3977; x_wconf 88' lang='lat' dir='ltr'><strong>hoc</strong></span> <span class='ocrx_word' id='word_1_317' title='bbox 1879 3920 2154 3976; x_wconf 81' lang='lat' dir='ltr'><strong>indefinite</strong></span> 
     </span>
    </p>
   </div>
   <div class='ocr_carea' id='block_1_41' title="bbox 563 4011 2156 4089">
    <p class='ocr_par' dir='ltr' id='par_1_41' title="bbox 563 4011 2156 4089">
     <span class='ocr_line' id='line_1_41' title="bbox 563 4011 2156 4089; baseline -0.008 -14"><span class='ocrx_word' id='word_1_318' title='bbox 563 4022 805 4086; x_wconf 81' lang='lat' dir='ltr'><strong>dixisset,</strong></span> <span class='ocrx_word' id='word_1_319' title='bbox 835 4034 942 4089; x_wconf 90' lang='lat' dir='ltr'><strong>quo</strong></span> <span class='ocrx_word' id='word_1_320' title='bbox 957 4017 1184 4073; x_wconf 88' lang='lat' dir='ltr'><strong>auditori</strong></span> <span class='ocrx_word' id='word_1_321' title='bbox 1205 4015 1474 4080; x_wconf 86' lang='lat' dir='ltr'><strong>suaderet,</strong></span> <span class='ocrx_word' id='word_1_322' title='bbox 1492 4023 1550 4068; x_wconf 91' lang='lat' dir='ltr'><strong>ut</strong></span> <span class='ocrx_word' id='word_1_323' title='bbox 1574 4028 1783 4083; x_wconf 76' lang='lat' dir='ltr'><strong>tequum</strong></span> <span class='ocrx_word' id='word_1_324' title='bbox 1809 4027 1868 4068; x_wconf 90' lang='lat' dir='ltr'><strong>se</strong></span> <span class='ocrx_word' id='word_1_325' title='bbox 1887 4011 2156 4066; x_wconf 87' lang='lat' dir='ltr'><strong>dictorum-</strong></span> 
     </span>
    </p>
   </div>
   <div class='ocr_carea' id='block_1_42' title="bbox 556 4103 2148 4182">
    <p class='ocr_par' dir='ltr' id='par_1_42' title="bbox 556 4103 2148 4182">
     <span class='ocr_line' id='line_1_42' title="bbox 556 4103 2148 4182; baseline -0.006 -17"><span class='ocrx_word' id='word_1_326' title='bbox 556 4112 789 4182; x_wconf 88' lang='lat' dir='ltr'><strong>judicem</strong></span> <span class='ocrx_word' id='word_1_327' title='bbox 821 4120 1052 4181; x_wconf 77' lang='lat' dir='ltr'><strong>gereret,</strong></span> <span class='ocrx_word' id='word_1_328' title='bbox 1095 4117 1151 4165; x_wconf 92' lang='lat' dir='ltr'><strong>et</strong></span> <span class='ocrx_word' id='word_1_329' title='bbox 1189 4124 1257 4164; x_wconf 85' lang='lat' dir='ltr'><strong>ex</strong></span> <span class='ocrx_word' id='word_1_330' title='bbox 1298 4108 1411 4177; x_wconf 92' lang='lat' dir='ltr'><strong>ipsa</strong></span> <span class='ocrx_word' id='word_1_331' title='bbox 1439 4121 1619 4161; x_wconf 88' lang='lat' dir='ltr'><strong>rerum</strong></span> <span class='ocrx_word' id='word_1_332' title='bbox 1653 4112 1838 4158; x_wconf 86' lang='lat' dir='ltr'><strong>natura</strong></span> <span class='ocrx_word' id='word_1_333' title='bbox 1886 4103 2148 4158; x_wconf 87' lang='lat' dir='ltr'><strong>calculum</strong></span> 
     </span>
    </p>
   </div>
   <div class='ocr_carea' id='block_1_43' title="bbox 561 4194 2147 4274">
    <p class='ocr_par' dir='ltr' id='par_1_43' title="bbox 561 4194 2147 4274">
     <span class='ocr_line' id='line_1_43' title="bbox 561 4194 2147 4274; baseline -0.007 -15"><span class='ocrx_word' id='word_1_334' title='bbox 561 4205 745 4270; x_wconf 87' lang='lat' dir='ltr'><strong>ferret,</strong></span> <span class='ocrx_word' id='word_1_335' title='bbox 777 4214 1054 4274; x_wconf 90' lang='lat' dir='ltr'><strong>postquam</strong></span> <span class='ocrx_word' id='word_1_336' title='bbox 1073 4201 1220 4256; x_wconf 91' lang='lat' dir='ltr'><strong>illum</strong></span> <span class='ocrx_word' id='word_1_337' title='bbox 1243 4199 1344 4255; x_wconf 90' lang='lat' dir='ltr'><strong>sibi</strong></span> <span class='ocrx_word' id='word_1_338' title='bbox 1361 4198 1781 4254; x_wconf 88' lang='lat' dir='ltr'><strong>consentientem</strong></span> <span class='ocrx_word' id='word_1_339' title='bbox 1802 4194 2005 4258; x_wconf 85' lang='lat' dir='ltr'><strong>habuit,</strong></span> <span class='ocrx_word' id='word_1_340' title='bbox 2024 4203 2147 4248; x_wconf 91' lang='lat' dir='ltr'><strong>tunc</strong></span> 
     </span>
    </p>
   </div>
   <div class='ocr_carea' id='block_1_44' title="bbox 557 4287 2144 4368">
    <p class='ocr_par' dir='ltr' id='par_1_44' title="bbox 557 4287 2144 4368">
     <span class='ocr_line' id='line_1_44' title="bbox 557 4287 2144 4368; baseline -0.008 -15"><span class='ocrx_word' id='word_1_341' title='bbox 557 4299 794 4368; x_wconf 87' lang='lat' dir='ltr'><strong>seipsum</strong></span> <span class='ocrx_word' id='word_1_342' title='bbox 824 4296 1055 4361; x_wconf 83' lang='lat' dir='ltr'><strong>revelat;</strong></span> <span class='ocrx_word' id='word_1_343' title='bbox 1097 4293 1370 4364; x_wconf 85' lang='lat' dir='ltr'><strong>subjunxit</strong></span> <span class='ocrx_word' id='word_1_344' title='bbox 1410 4292 1587 4346; x_wconf 89' lang='lat' dir='ltr'><strong>enim:</strong></span> <span class='ocrx_word' id='word_1_345' title='bbox 1621 4289 1742 4344; x_wconf 86' lang='lat' dir='ltr'><strong>Non</strong></span> <span class='ocrx_word' id='word_1_346' title='bbox 1789 4289 1991 4357; x_wconf 85' lang='lat' dir='ltr'><strong>potestis</strong></span> <span class='ocrx_word' id='word_1_347' title='bbox 2033 4287 2144 4342; x_wconf 87' lang='lat' dir='ltr'><strong>Deo</strong></span> 
     </span>
    </p>
   </div>
   <div class='ocr_carea' id='block_1_45' title="bbox 553 4379 2140 4452">
    <p class='ocr_par' dir='ltr' id='par_1_45' title="bbox 553 4379 2140 4452">
     <span class='ocr_line' id='line_1_45' title="bbox 553 4379 2140 4452; baseline -0.006 -8"><span class='ocrx_word' id='word_1_348' title='bbox 553 4391 739 4445; x_wconf 83' lang='lat' dir='ltr'><strong>servire</strong></span> <span class='ocrx_word' id='word_1_349' title='bbox 769 4399 818 4444; x_wconf 86' lang='lat' dir='ltr'><strong>et</strong></span> <span class='ocrx_word' id='word_1_350' title='bbox 857 4403 1125 4442; x_wconf 73' lang='lat' dir='ltr'><strong>moments.</strong></span> <span class='ocrx_word' id='word_1_351' title='bbox 1175 4386 1634 4442; x_wconf 82' lang='lat' dir='ltr'><strong>Exhorreseamus</strong></span> <span class='ocrx_word' id='word_1_352' title='bbox 1678 4381 1970 4452; x_wconf 82' lang='lat' dir='ltr'><strong>cogitantes</strong></span> <span class='ocrx_word' id='word_1_353' title='bbox 2015 4379 2140 4450; x_wconf 90' lang='lat' dir='ltr'><strong>quid</strong></span> 
     </span>
    </p>
   </div>
   <div class='ocr_carea' id='block_1_46' title="bbox 550 4475 2139 4550">
    <p class='ocr_par' dir='ltr' id='par_1_46' title="bbox 550 4475 2139 4550">
     <span class='ocr_line' id='line_1_46' title="bbox 550 4475 2139 4550; baseline -0.007 -14"><span class='ocrx_word' id='word_1_354' title='bbox 550 4483 823 4538; x_wconf 84' lang='lat' dir='ltr'><strong>Christum</strong></span> <span class='ocrx_word' id='word_1_355' title='bbox 850 4481 1031 4538; x_wconf 88' lang='lat' dir='ltr'><strong>dicere</strong></span> <span class='ocrx_word' id='word_1_356' title='bbox 1049 4479 1342 4550; x_wconf 79' lang='lat' dir='ltr'><strong>coegimus,</strong></span> <span class='ocrx_word' id='word_1_357' title='bbox 1375 4479 1447 4532; x_wconf 89' lang='lat' dir='ltr'><strong>ita</strong></span> <span class='ocrx_word' id='word_1_358' title='bbox 1478 4486 1538 4532; x_wconf 90' lang='lat' dir='ltr'><strong>ut</strong></span> <span class='ocrx_word' id='word_1_359' title='bbox 1561 4490 1682 4530; x_wconf 93' lang='lat' dir='ltr'><strong>cum</strong></span> <span class='ocrx_word' id='word_1_360' title='bbox 1709 4475 1816 4530; x_wconf 90' lang='lat' dir='ltr'><strong>Deo</strong></span> <span class='ocrx_word' id='word_1_361' title='bbox 1831 4488 2019 4528; x_wconf 87' lang='lat' dir='ltr'><strong>aurum</strong></span> <span class='ocrx_word' id='word_1_362' title='bbox 2039 4487 2139 4542; x_wconf 82' lang='lat' dir='ltr'><strong>po-</strong></span> 
     </span>
    </p>
   </div>
   <div class='ocr_carea' id='block_1_47' title="bbox 549 4565 2139 4640">
    <p class='ocr_par' dir='ltr' id='par_1_47' title="bbox 549 4565 2139 4640">
     <span class='ocr_line' id='line_1_47' title="bbox 549 4565 2139 4640; baseline -0.006 -11"><span class='ocrx_word' id='word_1_363' title='bbox 549 4582 724 4629; x_wconf 89' lang='lat' dir='ltr'><strong>neret.</strong></span> <span class='ocrx_word' id='word_1_364' title='bbox 753 4573 906 4640; x_wconf 86' lang='lat' dir='ltr'><strong>Quod</strong></span> <span class='ocrx_word' id='word_1_365' title='bbox 950 4574 996 4628; x_wconf 86' lang='lat' dir='ltr'><strong>si</strong></span> <span class='ocrx_word' id='word_1_366' title='bbox 1033 4571 1164 4630; x_wconf 79' lang='lat' dir='ltr'><strong>illud</strong></span> <span class='ocrx_word' id='word_1_367' title='bbox 1195 4569 1472 4634; x_wconf 83' lang='lat' dir='ltr'><strong>horribile,</strong></span> <span class='ocrx_word' id='word_1_368' title='bbox 1515 4568 1674 4638; x_wconf 84' lang='lat' dir='ltr'><strong>longe</strong></span> <span class='ocrx_word' id='word_1_369' title='bbox 1719 4565 2026 4620; x_wconf 88' lang='lat' dir='ltr'><strong>horribilius</strong></span> <span class='ocrx_word' id='word_1_370' title='bbox 2054 4573 2139 4619; x_wconf 89' lang='lat' dir='ltr'><strong>est</strong></span> 
     </span>
    </p>
   </div>
   <div class='ocr_carea' id='block_1_48' title="bbox 547 4659 2132 4736">
    <p class='ocr_par' dir='ltr' id='par_1_48' title="bbox 547 4659 2132 4736">
     <span class='ocr_line' id='line_1_48' title="bbox 547 4659 2132 4736; baseline -0.006 -16"><span class='ocrx_word' id='word_1_371' title='bbox 547 4665 652 4722; x_wconf 85' lang='lat' dir='ltr'><strong>hoc</strong></span> <span class='ocrx_word' id='word_1_372' title='bbox 675 4666 849 4736; x_wconf 88' lang='lat' dir='ltr'><strong>reipsa</strong></span> <span class='ocrx_word' id='word_1_373' title='bbox 879 4664 1013 4730; x_wconf 89' lang='lat' dir='ltr'><strong>fieri,</strong></span> <span class='ocrx_word' id='word_1_374' title='bbox 1044 4673 1098 4720; x_wconf 89' lang='lat' dir='ltr'><strong>et</strong></span> <span class='ocrx_word' id='word_1_375' title='bbox 1126 4664 1221 4719; x_wconf 89' lang='lat' dir='ltr'><strong>Dei</strong></span> <span class='ocrx_word' id='word_1_376' title='bbox 1250 4662 1426 4718; x_wconf 87' lang='lat' dir='ltr'><strong>timori</strong></span> <span class='ocrx_word' id='word_1_377' title='bbox 1462 4661 1576 4716; x_wconf 82' lang='lat' dir='ltr'><strong>auri</strong></span> <span class='ocrx_word' id='word_1_378' title='bbox 1616 4659 1949 4732; x_wconf 80' lang='lat' dir='ltr'><strong>tyrannidem</strong></span> <span class='ocrx_word' id='word_1_379' title='bbox 1979 4665 2132 4710; x_wconf 84' lang='lat' dir='ltr'><strong>ante-</strong></span> 
     </span>
    </p>
   </div>
   <div class='ocr_carea' id='block_1_49' title="bbox 545 4747 2129 4828">
    <p class='ocr_par' dir='ltr' id='par_1_49' title="bbox 545 4747 2129 4828">
     <span class='ocr_line' id='line_1_49' title="bbox 545 4747 2129 4828; baseline -0.007 -16"><span class='ocrx_word' id='word_1_380' title='bbox 545 4759 691 4814; x_wconf 87' lang='lat' dir='ltr'><strong>ferri.</strong></span> <span class='ocrx_word' id='word_1_381' title='bbox 722 4757 861 4826; x_wconf 85' lang='lat' dir='ltr'><strong>Quid</strong></span> <span class='ocrx_word' id='word_1_382' title='bbox 887 4755 1080 4828; x_wconf 77' lang='lat' dir='ltr'><strong>igitur?</strong></span> <span class='ocrx_word' id='word_1_383' title='bbox 1106 4770 1285 4810; x_wconf 89' lang='lat' dir='ltr'><strong>annon</strong></span> <span class='ocrx_word' id='word_1_384' title='bbox 1329 4754 1470 4825; x_wconf 85' lang='lat' dir='ltr'><strong>apud</strong></span> <span class='ocrx_word' id='word_1_385' title='bbox 1502 4761 1710 4807; x_wconf 86' lang='lat' dir='ltr'><strong>veteres</strong></span> <span class='ocrx_word' id='word_1_386' title='bbox 1755 4750 1982 4819; x_wconf 88' lang='lat' dir='ltr'><strong>idipsum</strong></span> <span class='ocrx_word' id='word_1_387' title='bbox 2017 4747 2129 4802; x_wconf 88' lang='lat' dir='ltr'><strong>lieri</strong></span> 
     </span>
    </p>
   </div>
   <div class='ocr_carea' id='block_1_50' title="bbox 536 4842 2130 4922">
    <p class='ocr_par' dir='ltr' id='par_1_50' title="bbox 536 4842 2130 4922">
     <span class='ocr_line' id='line_1_50' title="bbox 536 4842 2130 4922; baseline -0.008 -15"><span class='ocrx_word' id='word_1_388' title='bbox 536 4851 747 4922; x_wconf 83' lang='lat' dir='ltr'><strong>potuit?</strong></span> <span class='ocrx_word' id='word_1_389' title='bbox 775 4850 1010 4906; x_wconf 83' lang='lat' dir='ltr'><strong>Minime.</strong></span> <span class='ocrx_word' id='word_1_390' title='bbox 1041 4847 1322 4917; x_wconf 84' lang='lat' dir='ltr'><strong>Quomodo</strong></span> <span class='ocrx_word' id='word_1_391' title='bbox 1361 4862 1490 4918; x_wconf 87' lang='lat' dir='ltr'><strong>ergo</strong></span> <span class='ocrx_word' id='word_1_392' title='bbox 1530 4844 1820 4905; x_wconf 84' lang='lat' dir='ltr'><strong>Abraham,</strong></span> <span class='ocrx_word' id='word_1_393' title='bbox 1863 4842 2130 4912; x_wconf 90' lang='lat' dir='ltr'><strong>quomodo</strong></span> 
     </span>
    </p>
   </div>
   <div class='ocr_carea' id='block_1_51' title="bbox 535 4935 2124 5001">
    <p class='ocr_par' dir='ltr' id='par_1_51' title="bbox 535 4935 2124 5001">
     <span class='ocr_line' id='line_1_51' title="bbox 535 4935 2124 5001; baseline -0.008 -1"><span class='ocrx_word' id='word_1_394' title='bbox 535 4946 638 5001; x_wconf 80' lang='lat' dir='ltr'><strong>Job</strong></span> <span class='ocrx_word' id='word_1_395' title='bbox 666 4945 867 4999; x_wconf 88' lang='lat' dir='ltr'><strong>virtute</strong></span> <span class='ocrx_word' id='word_1_396' title='bbox 901 4942 1176 4998; x_wconf 82' lang='lat' dir='ltr'><strong>claruere?</strong></span> <span class='ocrx_word' id='word_1_397' title='bbox 1202 4942 1280 4997; x_wconf 80' lang='lat' dir='ltr'><strong>Ne</strong></span> <span class='ocrx_word' id='word_1_398' title='bbox 1316 4941 1443 4996; x_wconf 91' lang='lat' dir='ltr'><strong>mihi</strong></span> <span class='ocrx_word' id='word_1_399' title='bbox 1473 4939 1666 4995; x_wconf 91' lang='lat' dir='ltr'><strong>divites</strong></span> <span class='ocrx_word' id='word_1_400' title='bbox 1713 4952 2000 5001; x_wconf 85' lang='lat' dir='ltr'><strong>memores,</strong></span> <span class='ocrx_word' id='word_1_401' title='bbox 2031 4935 2124 4990; x_wconf 90' lang='lat' dir='ltr'><strong>sed</strong></span> 
     </span>
    </p>
   </div>
   <div class='ocr_carea' id='block_1_52' title="bbox 533 5028 2120 5102">
    <p class='ocr_par' dir='ltr' id='par_1_52' title="bbox 533 5028 2120 5102">
     <span class='ocr_line' id='line_1_52' title="bbox 533 5028 2120 5102; baseline -0.006 -11"><span class='ocrx_word' id='word_1_402' title='bbox 533 5037 733 5092; x_wconf 83' lang='lat' dir='ltr'><strong>divitiis</strong></span> <span class='ocrx_word' id='word_1_403' title='bbox 762 5035 1084 5091; x_wconf 79' lang='lat' dir='ltr'><strong>servientes.</strong></span> <span class='ocrx_word' id='word_1_404' title='bbox 1130 5034 1263 5088; x_wconf 84' lang='lat' dir='ltr'><strong>Nam</strong></span> <span class='ocrx_word' id='word_1_405' title='bbox 1293 5033 1394 5089; x_wconf 84' lang='lat' dir='ltr'><strong>Job</strong></span> <span class='ocrx_word' id='word_1_406' title='bbox 1423 5034 1572 5088; x_wconf 89' lang='lat' dir='ltr'><strong>dives</strong></span> <span class='ocrx_word' id='word_1_407' title='bbox 1612 5032 1825 5102; x_wconf 83' lang='lat' dir='ltr'><strong>quidem</strong></span> <span class='ocrx_word' id='word_1_408' title='bbox 1856 5039 1994 5095; x_wconf 89' lang='lat' dir='ltr'><strong>erat,</strong></span> <span class='ocrx_word' id='word_1_409' title='bbox 2027 5028 2120 5083; x_wconf 89' lang='lat' dir='ltr'><strong>sed</strong></span> 
     </span>
    </p>
   </div>
   <div class='ocr_carea' id='block_1_53' title="bbox 531 5123 2118 5193">
    <p class='ocr_par' dir='ltr' id='par_1_53' title="bbox 531 5123 2118 5193">
     <span class='ocr_line' id='line_1_53' title="bbox 531 5123 2118 5193; baseline -0.005 -10"><span class='ocrx_word' id='word_1_410' title='bbox 531 5145 638 5184; x_wconf 91' lang='lat' dir='ltr'><strong>non</strong></span> <span class='ocrx_word' id='word_1_411' title='bbox 669 5129 940 5185; x_wconf 86' lang='lat' dir='ltr'><strong>serviebat</strong></span> <span class='ocrx_word' id='word_1_412' title='bbox 965 5142 1258 5193; x_wconf 77' lang='lat' dir='ltr'><strong>mamonzc;</strong></span> <span class='ocrx_word' id='word_1_413' title='bbox 1286 5126 1498 5181; x_wconf 88' lang='lat' dir='ltr'><strong>divitias</strong></span> <span class='ocrx_word' id='word_1_414' title='bbox 1525 5125 1754 5180; x_wconf 86' lang='lat' dir='ltr'><strong>habebat</strong></span> <span class='ocrx_word' id='word_1_415' title='bbox 1785 5133 1840 5178; x_wconf 92' lang='lat' dir='ltr'><strong>et</strong></span> <span class='ocrx_word' id='word_1_416' title='bbox 1884 5123 2118 5188; x_wconf 87' lang='lat' dir='ltr'><strong>tenebat,</strong></span> 
     </span>
    </p>
   </div>
   <div class='ocr_carea' id='block_1_54' title="bbox 529 5215 2116 5288">
    <p class='ocr_par' dir='ltr' id='par_1_54' title="bbox 529 5215 2116 5288">
     <span class='ocr_line' id='line_1_54' title="bbox 529 5215 2116 5288; baseline -0.006 -11"><span class='ocrx_word' id='word_1_417' title='bbox 529 5239 593 5277; x_wconf 92' lang='lat' dir='ltr'><strong>ac</strong></span> <span class='ocrx_word' id='word_1_418' title='bbox 617 5222 887 5288; x_wconf 86' lang='lat' dir='ltr'><strong>dominus,</strong></span> <span class='ocrx_word' id='word_1_419' title='bbox 919 5236 1025 5275; x_wconf 92' lang='lat' dir='ltr'><strong>non</strong></span> <span class='ocrx_word' id='word_1_420' title='bbox 1053 5234 1239 5274; x_wconf 85' lang='lat' dir='ltr'><strong>servus</strong></span> <span class='ocrx_word' id='word_1_421' title='bbox 1266 5227 1400 5274; x_wconf 85' lang='lat' dir='ltr'><strong>erat.</strong></span> <span class='ocrx_word' id='word_1_422' title='bbox 1431 5218 1635 5272; x_wconf 86' lang='lat' dir='ltr'><strong>Etenim</strong></span> <span class='ocrx_word' id='word_1_423' title='bbox 1663 5218 1799 5271; x_wconf 86' lang='lat' dir='ltr'><strong>sicut</strong></span> <span class='ocrx_word' id='word_1_424' title='bbox 1824 5215 2116 5269; x_wconf 87' lang='lat' dir='ltr'><strong>alienarmn</strong></span> 
     </span>
    </p>
   </div>
   <div class='ocr_carea' id='block_1_55' title="bbox 534 5304 2113 5381">
    <p class='ocr_par' dir='ltr' id='par_1_55' title="bbox 534 5304 2113 5381">
     <span class='ocr_line' id='line_1_55' title="bbox 534 5304 2113 5381; baseline -0.008 -13"><span class='ocrx_word' id='word_1_425' title='bbox 534 5314 877 5380; x_wconf 86' lang='lat' dir='ltr'><strong>pecuniarum</strong></span> <span class='ocrx_word' id='word_1_426' title='bbox 919 5311 1278 5381; x_wconf 86' lang='lat' dir='ltr'><strong>dispensator,</strong></span> <span class='ocrx_word' id='word_1_427' title='bbox 1323 5311 1401 5364; x_wconf 92' lang='lat' dir='ltr'><strong>sic</strong></span> <span class='ocrx_word' id='word_1_428' title='bbox 1441 5309 1525 5363; x_wconf 88' lang='lat' dir='ltr'><strong>illa</strong></span> <span class='ocrx_word' id='word_1_429' title='bbox 1556 5307 1732 5360; x_wconf 91' lang='lat' dir='ltr'><strong>omnia</strong></span> <span class='ocrx_word' id='word_1_430' title='bbox 1765 5304 2113 5376; x_wconf 85' lang='lat' dir='ltr'><strong>possidebat:</strong></span> 
     </span>
    </p>
   </div>
   <div class='ocr_carea' id='block_1_56' title="bbox 533 5403 2121 5475">
    <p class='ocr_par' dir='ltr' id='par_1_56' title="bbox 533 5403 2121 5475">
     <span class='ocr_line' id='line_1_56' title="bbox 533 5403 2121 5475; baseline 0.004 -19"><span class='ocrx_word' id='word_1_431' title='bbox 533 5419 638 5457; x_wconf 90' lang='lat' dir='ltr'><strong>non</strong></span> <span class='ocrx_word' id='word_1_432' title='bbox 663 5403 822 5458; x_wconf 90' lang='lat' dir='ltr'><strong>modo</strong></span> <span class='ocrx_word' id='word_1_433' title='bbox 838 5405 1016 5458; x_wconf 83' lang='lat' dir='ltr'><strong>aliena</strong></span> <span class='ocrx_word' id='word_1_434' title='bbox 1039 5421 1142 5457; x_wconf 88' lang='lat' dir='ltr'><strong>non</strong></span> <span class='ocrx_word' id='word_1_435' title='bbox 1167 5404 1400 5474; x_wconf 87' lang='lat' dir='ltr'><strong>rapiens,</strong></span> <span class='ocrx_word' id='word_1_436' title='bbox 1421 5406 1515 5460; x_wconf 89' lang='lat' dir='ltr'><strong>sed</strong></span> <span class='ocrx_word' id='word_1_437' title='bbox 1534 5407 1698 5458; x_wconf 87' lang='lat' dir='ltr'><strong>etiam</strong></span> <span class='ocrx_word' id='word_1_438' title='bbox 1721 5421 1817 5460; x_wconf 89' lang='lat' dir='ltr'><strong>sua</strong></span> <span class='ocrx_word' id='word_1_439' title='bbox 1841 5406 2121 5475; x_wconf 81' lang='lat' dir='ltr'><strong>egentibus</strong></span> 
     </span>
    </p>
   </div>
   <div class='ocr_carea' id='block_1_57' title="bbox 532 5493 2118 5566">
    <p class='ocr_par' dir='ltr' id='par_1_57' title="bbox 532 5493 2118 5566">
     <span class='ocr_line' id='line_1_57' title="bbox 532 5493 2118 5566; baseline 0.003 -20"><span class='ocrx_word' id='word_1_440' title='bbox 532 5493 788 5564; x_wconf 84' lang='lat' dir='ltr'><strong>largiens.</strong></span> <span class='ocrx_word' id='word_1_441' title='bbox 803 5494 1064 5564; x_wconf 84' lang='lat' dir='ltr'><strong>Quodque</strong></span> <span class='ocrx_word' id='word_1_442' title='bbox 1083 5494 1258 5565; x_wconf 90' lang='lat' dir='ltr'><strong>majus</strong></span> <span class='ocrx_word' id='word_1_443' title='bbox 1277 5505 1356 5550; x_wconf 88' lang='lat' dir='ltr'><strong>est</strong></span> <span class='ocrx_word' id='word_1_444' title='bbox 1379 5511 1394 5550; x_wconf 89' lang='lat'><strong>:</strong></span> <span class='ocrx_word' id='word_1_445' title='bbox 1416 5511 1515 5551; x_wconf 90' lang='lat' dir='ltr'><strong>nec</strong></span> <span class='ocrx_word' id='word_1_446' title='bbox 1532 5498 1596 5551; x_wconf 91' lang='lat' dir='ltr'><strong>de</strong></span> <span class='ocrx_word' id='word_1_447' title='bbox 1615 5497 1969 5566; x_wconf 78' lang='lat' dir='ltr'><strong>praesentibus</strong></span> <span class='ocrx_word' id='word_1_448' title='bbox 1988 5511 2118 5566; x_wconf 86' lang='lat' dir='ltr'><strong>gau-</strong></span> 
     </span>
    </p>
   </div>
   <div class='ocr_carea' id='block_1_58' title="bbox 1314 309 3130 386">
    <p class='ocr_par' dir='ltr' id='par_1_58' title="bbox 1314 309 3130 386">
     <span class='ocr_line' id='line_1_58' title="bbox 1314 309 3130 386; baseline 0.002 -14"><span class='ocrx_word' id='word_1_449' title='bbox 1314 313 1371 372; x_wconf 89' lang='lat' dir='ltr'><strong>S.</strong></span> <span class='ocrx_word' id='word_1_450' title='bbox 1409 313 1689 373; x_wconf 74' lang='lat' dir='ltr'><strong>JOANNIS</strong></span> <span class='ocrx_word' id='word_1_451' title='bbox 1721 309 2203 372; x_wconf 80' lang='lat' dir='ltr'><strong>CllRYSOSTOMI</strong></span> <span class='ocrx_word' id='word_1_452' title='bbox 2239 312 2559 373; x_wconf 78' lang='lat' dir='ltr'><strong>ARCHIEP.</strong></span> <span class='ocrx_word' id='word_1_453' title='bbox 2594 317 3130 386; x_wconf 63' lang='lat' dir='ltr'><strong>QONSTANTINOP.</strong></span> 
     </span>
    </p>
   </div>
   <div class='ocr_carea' id='block_1_59' title="bbox 3770 330 3855 388">
    <p class='ocr_par' dir='ltr' id='par_1_59' title="bbox 3770 330 3855 388">
     <span class='ocr_line' id='line_1_59' title="bbox 3770 330 3855 388; baseline 0.024 -2"><span class='ocrx_word' id='word_1_454' title='bbox 3770 330 3855 388; x_wconf 73' lang='lat'><strong>296</strong></span> 
     </span>
    </p>
   </div>
   <div class='ocr_carea' id='block_1_60' title="bbox 2302 430 3855 514">
    <p class='ocr_par' dir='ltr' id='par_1_60' title="bbox 2302 430 3855 514">
     <span class='ocr_line' id='line_1_60' title="bbox 2302 430 3855 514; baseline 0.01 -26"><span class='ocrx_word' id='word_1_455' title='bbox 2302 430 2400 489; x_wconf 88' lang='lat' dir='ltr'><strong>sed</strong></span> <span class='ocrx_word' id='word_1_456' title='bbox 2451 434 2674 505; x_wconf 88' lang='lat' dir='ltr'><strong>captivis</strong></span> <span class='ocrx_word' id='word_1_457' title='bbox 2723 437 3049 507; x_wconf 89' lang='lat' dir='ltr'><strong>quibuslibet</strong></span> <span class='ocrx_word' id='word_1_458' title='bbox 3091 439 3327 495; x_wconf 89' lang='lat' dir='ltr'><strong>deterius</strong></span> <span class='ocrx_word' id='word_1_459' title='bbox 3374 438 3569 506; x_wconf 74' lang='lat' dir='ltr'><strong>allecti,</strong></span> <span class='ocrx_word' id='word_1_460' title='bbox 3602 457 3855 514; x_wconf 77' lang='lat' dir='ltr'><strong>mamouzr,</strong></span> 
     </span>
    </p>
   </div>
   <div class='ocr_carea' id='block_1_61' title="bbox 2298 526 3854 601">
    <p class='ocr_par' dir='ltr' id='par_1_61' title="bbox 2298 526 3854 601">
     <span class='ocr_line' id='line_1_61' title="bbox 2298 526 3854 601; baseline 0.01 -24"><span class='ocrx_word' id='word_1_461' title='bbox 2298 526 2450 594; x_wconf 84' lang='lat' dir='ltr'><strong>quasi</strong></span> <span class='ocrx_word' id='word_1_462' title='bbox 2481 532 2708 596; x_wconf 87' lang='lat' dir='ltr'><strong>tyranno</strong></span> <span class='ocrx_word' id='word_1_463' title='bbox 2729 527 2940 581; x_wconf 84' lang='lat' dir='ltr'><strong>cuidam</strong></span> <span class='ocrx_word' id='word_1_464' title='bbox 2967 529 3162 583; x_wconf 87' lang='lat' dir='ltr'><strong>acerbo</strong></span> <span class='ocrx_word' id='word_1_465' title='bbox 3187 531 3381 586; x_wconf 87' lang='lat' dir='ltr'><strong>tributa</strong></span> <span class='ocrx_word' id='word_1_466' title='bbox 3416 532 3724 601; x_wconf 80' lang='lat' dir='ltr'><strong>pendentes.</strong></span> <span class='ocrx_word' id='word_1_467' title='bbox 3748 537 3854 592; x_wconf 84' lang='lat' dir='ltr'><strong>Nam</strong></span> 
     </span>
    </p>
   </div>
   <div class='ocr_carea' id='block_1_62' title="bbox 2298 617 3854 696">
    <p class='ocr_par' dir='ltr' id='par_1_62' title="bbox 2298 617 3854 696">
     <span class='ocr_line' id='line_1_62' title="bbox 2298 617 3854 696; baseline 0.008 -27"><span class='ocrx_word' id='word_1_468' title='bbox 2298 617 2448 686; x_wconf 85' lang='lat' dir='ltr'><strong>quasi</strong></span> <span class='ocrx_word' id='word_1_469' title='bbox 2477 631 2654 674; x_wconf 89' lang='lat' dir='ltr'><strong>arcem</strong></span> <span class='ocrx_word' id='word_1_470' title='bbox 2678 619 2959 688; x_wconf 84' lang='lat' dir='ltr'><strong>quamdam</strong></span> <span class='ocrx_word' id='word_1_471' title='bbox 3010 621 3244 690; x_wconf 91' lang='lat' dir='ltr'><strong>ipsorum</strong></span> <span class='ocrx_word' id='word_1_472' title='bbox 3286 621 3523 677; x_wconf 88' lang='lat' dir='ltr'><strong>animum</strong></span> <span class='ocrx_word' id='word_1_473' title='bbox 3552 639 3701 678; x_wconf 92' lang='lat' dir='ltr'><strong>amor</strong></span> <span class='ocrx_word' id='word_1_474' title='bbox 3725 642 3854 696; x_wconf 58' lang='lat' dir='ltr'><strong>pecu.</strong></span> 
     </span>
    </p>
   </div>
   <div class='ocr_carea' id='block_1_63' title="bbox 2297 709 3856 786">
    <p class='ocr_par' dir='ltr' id='par_1_63' title="bbox 2297 709 3856 786">
     <span class='ocr_line' id='line_1_63' title="bbox 2297 709 3856 786; baseline 0.007 -23"><span class='ocrx_word' id='word_1_475' title='bbox 2297 709 2504 763; x_wconf 88' lang='lat' dir='ltr'><strong>uiarum</strong></span> <span class='ocrx_word' id='word_1_476' title='bbox 2534 709 2746 778; x_wconf 88' lang='lat' dir='ltr'><strong>invasit,</strong></span> <span class='ocrx_word' id='word_1_477' title='bbox 2776 719 2830 766; x_wconf 90' lang='lat' dir='ltr'><strong>et</strong></span> <span class='ocrx_word' id='word_1_478' title='bbox 2851 711 3096 765; x_wconf 88' lang='lat' dir='ltr'><strong>mandata</strong></span> <span class='ocrx_word' id='word_1_479' title='bbox 3124 714 3268 768; x_wconf 91' lang='lat' dir='ltr'><strong>omni</strong></span> <span class='ocrx_word' id='word_1_480' title='bbox 3291 715 3447 782; x_wconf 89' lang='lat' dir='ltr'><strong>plena</strong></span> <span class='ocrx_word' id='word_1_481' title='bbox 3470 715 3736 786; x_wconf 88' lang='lat' dir='ltr'><strong>iniquitate</strong></span> <span class='ocrx_word' id='word_1_482' title='bbox 3755 719 3856 775; x_wconf 87' lang='lat' dir='ltr'><strong>inde</strong></span> 
     </span>
    </p>
   </div>
   <div class='ocr_carea' id='block_1_64' title="bbox 2297 800 3854 878">
    <p class='ocr_par' dir='ltr' id='par_1_64' title="bbox 2297 800 3854 878">
     <span class='ocr_line' id='line_1_64' title="bbox 2297 800 3854 878; baseline 0.008 -24"><span class='ocrx_word' id='word_1_483' title='bbox 2297 800 2425 870; x_wconf 90' lang='lat' dir='ltr'><strong>ipsis</strong></span> <span class='ocrx_word' id='word_1_484' title='bbox 2453 803 2614 857; x_wconf 88' lang='lat' dir='ltr'><strong>mittit</strong></span> <span class='ocrx_word' id='word_1_485' title='bbox 2633 805 2868 874; x_wconf 85' lang='lat' dir='ltr'><strong>quotidie</strong></span> <span class='ocrx_word' id='word_1_486' title='bbox 2891 823 2904 861; x_wconf 93' lang='lat'><strong>:</strong></span> <span class='ocrx_word' id='word_1_487' title='bbox 2929 820 3192 876; x_wconf 88' lang='lat' dir='ltr'><strong>nemoque</strong></span> <span class='ocrx_word' id='word_1_488' title='bbox 3212 817 3296 861; x_wconf 92' lang='lat' dir='ltr'><strong>est</strong></span> <span class='ocrx_word' id='word_1_489' title='bbox 3314 808 3402 877; x_wconf 91' lang='lat' dir='ltr'><strong>qui</strong></span> <span class='ocrx_word' id='word_1_490' title='bbox 3426 809 3522 878; x_wconf 89' lang='lat' dir='ltr'><strong>ipsi</strong></span> <span class='ocrx_word' id='word_1_491' title='bbox 3547 824 3650 863; x_wconf 90' lang='lat' dir='ltr'><strong>non</strong></span> <span class='ocrx_word' id='word_1_492' title='bbox 3676 811 3854 866; x_wconf 89' lang='lat' dir='ltr'><strong>obtem-</strong></span> 
     </span>
    </p>
   </div>
   <div class='ocr_carea' id='block_1_65' title="bbox 2296 893 3857 968">
    <p class='ocr_par' dir='ltr' id='par_1_65' title="bbox 2296 893 3857 968">
     <span class='ocr_line' id='line_1_65' title="bbox 2296 893 3857 968; baseline 0.008 -23"><span class='ocrx_word' id='word_1_493' title='bbox 2296 903 2466 959; x_wconf 91' lang='lat' dir='ltr'><strong>peret.</strong></span> <span class='ocrx_word' id='word_1_494' title='bbox 2500 893 2576 949; x_wconf 85' lang='lat' dir='ltr'><strong>Ne</strong></span> <span class='ocrx_word' id='word_1_495' title='bbox 2613 895 2789 964; x_wconf 88' lang='lat' dir='ltr'><strong>itaque</strong></span> <span class='ocrx_word' id='word_1_496' title='bbox 2816 897 2868 950; x_wconf 93' lang='lat' dir='ltr'><strong>iu</strong></span> <span class='ocrx_word' id='word_1_497' title='bbox 2895 911 3092 952; x_wconf 88' lang='lat' dir='ltr'><strong>vanum</strong></span> <span class='ocrx_word' id='word_1_498' title='bbox 3121 896 3531 968; x_wconf 75' lang='lat' dir='ltr'><strong>pliiloSOpheris.</strong></span> <span class='ocrx_word' id='word_1_499' title='bbox 3559 899 3689 954; x_wconf 89' lang='lat' dir='ltr'><strong>Nam</strong></span> <span class='ocrx_word' id='word_1_500' title='bbox 3711 904 3857 959; x_wconf 85' lang='lat' dir='ltr'><strong>semel</strong></span> 
     </span>
    </p>
   </div>
   <div class='ocr_carea' id='block_1_66' title="bbox 2298 984 3853 1060">
    <p class='ocr_par' dir='ltr' id='par_1_66' title="bbox 2298 984 3853 1060">
     <span class='ocr_line' id='line_1_66' title="bbox 2298 984 3853 1060; baseline 0.008 -25"><span class='ocrx_word' id='word_1_501' title='bbox 2298 984 2437 1038; x_wconf 90' lang='lat' dir='ltr'><strong>Deus</strong></span> <span class='ocrx_word' id='word_1_502' title='bbox 2458 987 2776 1040; x_wconf 89' lang='lat' dir='ltr'><strong>sententiam</strong></span> <span class='ocrx_word' id='word_1_503' title='bbox 2809 987 2950 1055; x_wconf 90' lang='lat' dir='ltr'><strong>tulit,</strong></span> <span class='ocrx_word' id='word_1_504' title='bbox 2981 988 3222 1060; x_wconf 84' lang='lat' dir='ltr'><strong>dixitque</strong></span> <span class='ocrx_word' id='word_1_505' title='bbox 3250 1004 3355 1042; x_wconf 91' lang='lat' dir='ltr'><strong>non</strong></span> <span class='ocrx_word' id='word_1_506' title='bbox 3388 1004 3546 1058; x_wconf 90' lang='lat' dir='ltr'><strong>posse</strong></span> <span class='ocrx_word' id='word_1_507' title='bbox 3576 990 3711 1046; x_wconf 91' lang='lat' dir='ltr'><strong>hanc</strong></span> <span class='ocrx_word' id='word_1_508' title='bbox 3734 1003 3780 1046; x_wconf 90' lang='lat' dir='ltr'><strong>et</strong></span> <span class='ocrx_word' id='word_1_509' title='bbox 3799 994 3853 1047; x_wconf 87' lang='lat' dir='ltr'><strong>il-</strong></span> 
     </span>
    </p>
   </div>
   <div class='ocr_carea' id='block_1_67' title="bbox 2292 1075 3856 1150">
    <p class='ocr_par' dir='ltr' id='par_1_67' title="bbox 2292 1075 3856 1150">
     <span class='ocr_line' id='line_1_67' title="bbox 2292 1075 3856 1150; baseline 0.004 -20"><span class='ocrx_word' id='word_1_510' title='bbox 2292 1075 2397 1130; x_wconf 84' lang='lat' dir='ltr'><strong>lam</strong></span> <span class='ocrx_word' id='word_1_511' title='bbox 2419 1077 2726 1132; x_wconf 86' lang='lat' dir='ltr'><strong>servitutem</strong></span> <span class='ocrx_word' id='word_1_512' title='bbox 2747 1093 2849 1132; x_wconf 90' lang='lat' dir='ltr'><strong>una</strong></span> <span class='ocrx_word' id='word_1_513' title='bbox 2865 1094 3207 1136; x_wconf 87' lang='lat' dir='ltr'><strong>concurrere.</strong></span> <span class='ocrx_word' id='word_1_514' title='bbox 3229 1078 3309 1136; x_wconf 83' lang='lat' dir='ltr'><strong>Ne</strong></span> <span class='ocrx_word' id='word_1_515' title='bbox 3324 1079 3472 1134; x_wconf 89' lang='lat' dir='ltr'><strong>dicas</strong></span> <span class='ocrx_word' id='word_1_516' title='bbox 3488 1094 3616 1150; x_wconf 89' lang='lat' dir='ltr'><strong>ergo</strong></span> <span class='ocrx_word' id='word_1_517' title='bbox 3630 1091 3706 1145; x_wconf 92' lang='lat' dir='ltr'><strong>tu,</strong></span> <span class='ocrx_word' id='word_1_518' title='bbox 3725 1097 3856 1149; x_wconf 82' lang='lat' dir='ltr'><strong>posse</strong></span> 
     </span>
    </p>
   </div>
   <div class='ocr_carea' id='block_1_68' title="bbox 2288 1169 3854 1240">
    <p class='ocr_par' dir='ltr' id='par_1_68' title="bbox 2288 1169 3854 1240">
     <span class='ocr_line' id='line_1_68' title="bbox 2288 1169 3854 1240; baseline 0.007 -22"><span class='ocrx_word' id='word_1_519' title='bbox 2288 1180 2633 1223; x_wconf 86' lang='lat' dir='ltr'><strong>concurrere.</strong></span> <span class='ocrx_word' id='word_1_520' title='bbox 2664 1169 2793 1223; x_wconf 88' lang='lat' dir='ltr'><strong>Cum</strong></span> <span class='ocrx_word' id='word_1_521' title='bbox 2815 1171 2956 1224; x_wconf 91' lang='lat' dir='ltr'><strong>enim</strong></span> <span class='ocrx_word' id='word_1_522' title='bbox 2986 1171 3076 1225; x_wconf 91' lang='lat' dir='ltr'><strong>ille</strong></span> <span class='ocrx_word' id='word_1_523' title='bbox 3103 1186 3310 1240; x_wconf 88' lang='lat' dir='ltr'><strong>rapere,</strong></span> <span class='ocrx_word' id='word_1_524' title='bbox 3336 1170 3422 1227; x_wconf 90' lang='lat' dir='ltr'><strong>hic</strong></span> <span class='ocrx_word' id='word_1_525' title='bbox 3441 1185 3564 1227; x_wconf 89' lang='lat' dir='ltr'><strong>sese</strong></span> <span class='ocrx_word' id='word_1_526' title='bbox 3585 1174 3854 1240; x_wconf 77' lang='lat' dir='ltr'><strong>exspoliare</strong></span> 
     </span>
    </p>
   </div>
   <div class='ocr_carea' id='block_1_69' title="bbox 2287 1254 3854 1327">
    <p class='ocr_par' dir='ltr' id='par_1_69' title="bbox 2287 1254 3854 1327">
     <span class='ocr_line' id='line_1_69' title="bbox 2287 1254 3854 1327; baseline 0.007 -18"><span class='ocrx_word' id='word_1_527' title='bbox 2287 1254 2500 1324; x_wconf 90' lang='lat' dir='ltr'><strong>jubeat;</strong></span> <span class='ocrx_word' id='word_1_528' title='bbox 2524 1257 2609 1313; x_wconf 89' lang='lat' dir='ltr'><strong>hic</strong></span> <span class='ocrx_word' id='word_1_529' title='bbox 2635 1271 2840 1315; x_wconf 87' lang='lat' dir='ltr'><strong>castum</strong></span> <span class='ocrx_word' id='word_1_530' title='bbox 2869 1276 3008 1326; x_wconf 90' lang='lat' dir='ltr'><strong>esse,</strong></span> <span class='ocrx_word' id='word_1_531' title='bbox 3039 1261 3128 1315; x_wconf 92' lang='lat' dir='ltr'><strong>ille</strong></span> <span class='ocrx_word' id='word_1_532' title='bbox 3151 1262 3427 1327; x_wconf 89' lang='lat' dir='ltr'><strong>fornicari;</strong></span> <span class='ocrx_word' id='word_1_533' title='bbox 3454 1263 3538 1319; x_wconf 90' lang='lat' dir='ltr'><strong>hic</strong></span> <span class='ocrx_word' id='word_1_534' title='bbox 3561 1263 3796 1319; x_wconf 83' lang='lat' dir='ltr'><strong>inebriari</strong></span> <span class='ocrx_word' id='word_1_535' title='bbox 3813 1277 3854 1320; x_wconf 87' lang='lat' dir='ltr'><strong>et</strong></span> 
     </span>
    </p>
   </div>
   <div class='ocr_carea' id='block_1_70' title="bbox 2291 1349 3852 1422">
    <p class='ocr_par' dir='ltr' id='par_1_70' title="bbox 2291 1349 3852 1422">
     <span class='ocr_line' id='line_1_70' title="bbox 2291 1349 3852 1422; baseline 0.007 -21"><span class='ocrx_word' id='word_1_536' title='bbox 2291 1362 2492 1403; x_wconf 73' lang='lat' dir='ltr'><strong>mensa:</strong></span> <span class='ocrx_word' id='word_1_537' title='bbox 2516 1349 2722 1406; x_wconf 90' lang='lat' dir='ltr'><strong>deliciis</strong></span> <span class='ocrx_word' id='word_1_538' title='bbox 2752 1353 2875 1417; x_wconf 87' lang='lat' dir='ltr'><strong>frui,</strong></span> <span class='ocrx_word' id='word_1_539' title='bbox 2909 1353 2998 1407; x_wconf 91' lang='lat' dir='ltr'><strong>ille</strong></span> <span class='ocrx_word' id='word_1_540' title='bbox 3025 1365 3263 1408; x_wconf 90' lang='lat' dir='ltr'><strong>ventrem</strong></span> <span class='ocrx_word' id='word_1_541' title='bbox 3309 1355 3608 1422; x_wconf 87' lang='lat' dir='ltr'><strong>moderari;</strong></span> <span class='ocrx_word' id='word_1_542' title='bbox 3657 1357 3738 1412; x_wconf 89' lang='lat' dir='ltr'><strong>hic</strong></span> <span class='ocrx_word' id='word_1_543' title='bbox 3772 1356 3852 1412; x_wconf 88' lang='lat' dir='ltr'><strong>dc-</strong></span> 
     </span>
    </p>
   </div>
   <div class='ocr_carea' id='block_1_71' title="bbox 2290 1441 3852 1518">
    <p class='ocr_par' dir='ltr' id='par_1_71' title="bbox 2290 1441 3852 1518">
     <span class='ocr_line' id='line_1_71' title="bbox 2290 1441 3852 1518; baseline 0.009 -24"><span class='ocrx_word' id='word_1_544' title='bbox 2290 1441 2497 1509; x_wconf 76' lang='lat' dir='ltr'><strong>Spicere</strong></span> <span class='ocrx_word' id='word_1_545' title='bbox 2526 1445 2829 1512; x_wconf 59' lang='lat' dir='ltr'><strong>praesentia,</strong></span> <span class='ocrx_word' id='word_1_546' title='bbox 2874 1446 2963 1501; x_wconf 90' lang='lat' dir='ltr'><strong>ille</strong></span> <span class='ocrx_word' id='word_1_547' title='bbox 3005 1448 3072 1501; x_wconf 90' lang='lat' dir='ltr'><strong>iis</strong></span> <span class='ocrx_word' id='word_1_548' title='bbox 3097 1445 3328 1509; x_wconf 75' lang='lat' dir='ltr'><strong>hzcrcre;</strong></span> <span class='ocrx_word' id='word_1_549' title='bbox 3361 1449 3450 1503; x_wconf 91' lang='lat' dir='ltr'><strong>ille</strong></span> <span class='ocrx_word' id='word_1_550' title='bbox 3473 1450 3586 1518; x_wconf 91' lang='lat' dir='ltr'><strong>ipse</strong></span> <span class='ocrx_word' id='word_1_551' title='bbox 3611 1464 3852 1508; x_wconf 80' lang='lat' dir='ltr'><strong>marmora</strong></span> 
     </span>
    </p>
   </div>
   <div class='ocr_carea' id='block_1_72' title="bbox 2290 1534 3852 1610">
    <p class='ocr_par' dir='ltr' id='par_1_72' title="bbox 2290 1534 3852 1610">
     <span class='ocr_line' id='line_1_72' title="bbox 2290 1534 3852 1610; baseline 0.007 -23"><span class='ocrx_word' id='word_1_552' title='bbox 2290 1534 2474 1589; x_wconf 89' lang='lat' dir='ltr'><strong>mirari</strong></span> <span class='ocrx_word' id='word_1_553' title='bbox 2517 1544 2573 1591; x_wconf 90' lang='lat' dir='ltr'><strong>et</strong></span> <span class='ocrx_word' id='word_1_554' title='bbox 2621 1547 2840 1593; x_wconf 85' lang='lat' dir='ltr'><strong>orna-tos</strong></span> <span class='ocrx_word' id='word_1_555' title='bbox 2885 1539 3117 1610; x_wconf 88' lang='lat' dir='ltr'><strong>parietes</strong></span> <span class='ocrx_word' id='word_1_556' title='bbox 3159 1549 3320 1610; x_wconf 86' lang='lat' dir='ltr'><strong>atque</strong></span> <span class='ocrx_word' id='word_1_557' title='bbox 3344 1539 3644 1610; x_wconf 85' lang='lat' dir='ltr'><strong>laquearia;</strong></span> <span class='ocrx_word' id='word_1_558' title='bbox 3677 1543 3755 1597; x_wconf 91' lang='lat' dir='ltr'><strong>hic</strong></span> <span class='ocrx_word' id='word_1_559' title='bbox 3778 1544 3852 1598; x_wconf 85' lang='lat' dir='ltr'><strong>illa</strong></span> 
     </span>
    </p>
   </div>
   <div class='ocr_carea' id='block_1_73' title="bbox 2288 1625 3857 1702">
    <p class='ocr_par' dir='ltr' id='par_1_73' title="bbox 2288 1625 3857 1702">
     <span class='ocr_line' id='line_1_73' title="bbox 2288 1625 3857 1702; baseline 0.007 -23"><span class='ocrx_word' id='word_1_560' title='bbox 2288 1625 2566 1696; x_wconf 83' lang='lat' dir='ltr'><strong>despicere</strong></span> <span class='ocrx_word' id='word_1_561' title='bbox 2588 1638 2643 1683; x_wconf 91' lang='lat' dir='ltr'><strong>et</strong></span> <span class='ocrx_word' id='word_1_562' title='bbox 2666 1628 3056 1700; x_wconf 87' lang='lat' dir='ltr'><strong>philosophiam</strong></span> <span class='ocrx_word' id='word_1_563' title='bbox 3100 1632 3278 1688; x_wconf 91' lang='lat' dir='ltr'><strong>colere</strong></span> <span class='ocrx_word' id='word_1_564' title='bbox 3314 1649 3329 1686; x_wconf 95' lang='lat'><strong>:</strong></span> <span class='ocrx_word' id='word_1_565' title='bbox 3361 1632 3628 1702; x_wconf 90' lang='lat' dir='ltr'><strong>quomodo</strong></span> <span class='ocrx_word' id='word_1_566' title='bbox 3659 1644 3857 1702; x_wconf 88' lang='lat' dir='ltr'><strong>possunt</strong></span> 
     </span>
    </p>
   </div>
   <div class='ocr_carea' id='block_1_74' title="bbox 2288 1713 2754 1775">
    <p class='ocr_par' dir='ltr' id='par_1_74' title="bbox 2288 1713 2754 1775">
     <span class='ocr_line' id='line_1_74' title="bbox 2288 1713 2754 1775; baseline 0.015 -7"><span class='ocrx_word' id='word_1_567' title='bbox 2288 1713 2406 1772; x_wconf 52' lang='lat' dir='ltr'><strong>haec</strong></span> <span class='ocrx_word' id='word_1_568' title='bbox 2430 1719 2754 1775; x_wconf 86' lang='lat' dir='ltr'><strong>convenire?</strong></span> 
     </span>
    </p>
   </div>
   <div class='ocr_carea' id='block_1_75' title="bbox 2357 1806 3854 1886">
    <p class='ocr_par' dir='ltr' id='par_1_75' title="bbox 2357 1806 3854 1886">
     <span class='ocr_line' id='line_1_75' title="bbox 2357 1806 3854 1886; baseline 0.007 -26"><span class='ocrx_word' id='word_1_569' title='bbox 2357 1806 2410 1861; x_wconf 80' lang='grc'><strong>2.</strong></span> <span class='ocrx_word' id='word_1_570' title='bbox 2475 1808 2647 1875; x_wconf 83' lang='lat' dir='ltr'><strong>Quare</strong></span> <span class='ocrx_word' id='word_1_571' title='bbox 2688 1810 2752 1864; x_wconf 90' lang='lat' dir='ltr'><strong>de</strong></span> <span class='ocrx_word' id='word_1_572' title='bbox 2799 1826 3036 1865; x_wconf 85' lang='lat' dir='ltr'><strong>mamona</strong></span> <span class='ocrx_word' id='word_1_573' title='bbox 3084 1812 3231 1880; x_wconf 85' lang='lat' dir='ltr'><strong>quasi</strong></span> <span class='ocrx_word' id='word_1_574' title='bbox 3275 1812 3339 1866; x_wconf 88' lang='lat' dir='ltr'><strong>de</strong></span> <span class='ocrx_word' id='word_1_575' title='bbox 3388 1813 3591 1868; x_wconf 81' lang='lat' dir='ltr'><strong>domino</strong></span> <span class='ocrx_word' id='word_1_576' title='bbox 3644 1814 3854 1886; x_wconf 77' lang='lat' dir='ltr'><strong>loquatur</strong></span> 
     </span>
    </p>
   </div>
   <div class='ocr_carea' id='block_1_76' title="bbox 2286 1897 3853 1976">
    <p class='ocr_par' dir='ltr' id='par_1_76' title="bbox 2286 1897 3853 1976">
     <span class='ocr_line' id='line_1_76' title="bbox 2286 1897 3853 1976; baseline 0.007 -23"><span class='ocrx_word' id='word_1_577' title='bbox 2286 1897 2537 1954; x_wconf 70' lang='lat' dir='ltr'><strong>Christus.</strong></span> <span class='ocrx_word' id='word_1_578' title='bbox 2567 1899 2770 1954; x_wconf 84' lang='lat' dir='ltr'><strong>Damna</strong></span> <span class='ocrx_word' id='word_1_579' title='bbox 2799 1918 2862 1956; x_wconf 77' lang='lat' dir='ltr'><strong>ex</strong></span> <span class='ocrx_word' id='word_1_580' title='bbox 2897 1903 3086 1957; x_wconf 79' lang='lat' dir='ltr'><strong>divitiis</strong></span> <span class='ocrx_word' id='word_1_581' title='bbox 3114 1915 3281 1973; x_wconf 86' lang='lat' dir='ltr'><strong>parta.</strong></span> <span class='ocrx_word' id='word_1_582' title='bbox 3303 1935 3373 1945; x_wconf 95' lang='lat'><strong>—</strong></span> <span class='ocrx_word' id='word_1_583' title='bbox 3393 1905 3489 1960; x_wconf 88' lang='lat' dir='ltr'><strong>llic</strong></span> <span class='ocrx_word' id='word_1_584' title='bbox 3515 1921 3676 1976; x_wconf 88' lang='lat' dir='ltr'><strong>porro</strong></span> <span class='ocrx_word' id='word_1_585' title='bbox 3699 1909 3853 1964; x_wconf 92' lang='lat' dir='ltr'><strong>domi-</strong></span> 
     </span>
    </p>
   </div>
   <div class='ocr_carea' id='block_1_77' title="bbox 2285 1995 3852 2070">
    <p class='ocr_par' dir='ltr' id='par_1_77' title="bbox 2285 1995 3852 2070">
     <span class='ocr_line' id='line_1_77' title="bbox 2285 1995 3852 2070; baseline 0.008 -27"><span class='ocrx_word' id='word_1_586' title='bbox 2285 2007 2414 2070; x_wconf 66' lang='lat' dir='ltr'><strong>ntyn</strong></span> <span class='ocrx_word' id='word_1_587' title='bbox 2448 2007 2750 2048; x_wconf 90' lang='lat' dir='ltr'><strong>mamonam</strong></span> <span class='ocrx_word' id='word_1_588' title='bbox 2795 1995 3021 2062; x_wconf 90' lang='lat' dir='ltr'><strong>vocavit,</strong></span> <span class='ocrx_word' id='word_1_589' title='bbox 3064 2011 3169 2051; x_wconf 91' lang='lat' dir='ltr'><strong>non</strong></span> <span class='ocrx_word' id='word_1_590' title='bbox 3212 1998 3353 2067; x_wconf 90' lang='lat' dir='ltr'><strong>quod</strong></span> <span class='ocrx_word' id='word_1_591' title='bbox 3401 2008 3587 2054; x_wconf 89' lang='lat' dir='ltr'><strong>natura</strong></span> <span class='ocrx_word' id='word_1_592' title='bbox 3629 2002 3742 2056; x_wconf 88' lang='lat' dir='ltr'><strong>talis</strong></span> <span class='ocrx_word' id='word_1_593' title='bbox 3774 2003 3852 2067; x_wconf 87' lang='lat' dir='ltr'><strong>sit,</strong></span> 
     </span>
    </p>
   </div>
   <div class='ocr_carea' id='block_1_78' title="bbox 2283 2081 3854 2157">
    <p class='ocr_par' dir='ltr' id='par_1_78' title="bbox 2283 2081 3854 2157">
     <span class='ocr_line' id='line_1_78' title="bbox 2283 2081 3854 2157; baseline 0.009 -22"><span class='ocrx_word' id='word_1_594' title='bbox 2283 2081 2377 2136; x_wconf 86' lang='lat' dir='ltr'><strong>sed</strong></span> <span class='ocrx_word' id='word_1_595' title='bbox 2406 2083 2474 2137; x_wconf 92' lang='lat' dir='ltr'><strong>ob</strong></span> <span class='ocrx_word' id='word_1_596' title='bbox 2504 2099 2690 2140; x_wconf 90' lang='lat' dir='ltr'><strong>eorum</strong></span> <span class='ocrx_word' id='word_1_597' title='bbox 2729 2086 2820 2156; x_wconf 90' lang='lat' dir='ltr'><strong>qui</strong></span> <span class='ocrx_word' id='word_1_598' title='bbox 2861 2101 2982 2142; x_wconf 89' lang='lat' dir='ltr'><strong>sese</strong></span> <span class='ocrx_word' id='word_1_599' title='bbox 3024 2087 3098 2141; x_wconf 92' lang='lat' dir='ltr'><strong>illi</strong></span> <span class='ocrx_word' id='word_1_600' title='bbox 3130 2089 3412 2157; x_wconf 89' lang='lat' dir='ltr'><strong>subjccere</strong></span> <span class='ocrx_word' id='word_1_601' title='bbox 3448 2091 3738 2147; x_wconf 89' lang='lat' dir='ltr'><strong>miseriam.</strong></span> <span class='ocrx_word' id='word_1_602' title='bbox 3777 2093 3854 2149; x_wconf 83' lang='lat' dir='ltr'><strong>Sic</strong></span> 
     </span>
    </p>
   </div>
   <div class='ocr_carea' id='block_1_79' title="bbox 2282 2175 3852 2253">
    <p class='ocr_par' dir='ltr' id='par_1_79' title="bbox 2282 2175 3852 2253">
     <span class='ocr_line' id='line_1_79' title="bbox 2282 2175 3852 2253; baseline 0.006 -23"><span class='ocrx_word' id='word_1_603' title='bbox 2282 2175 2444 2230; x_wconf 86' lang='lat' dir='ltr'><strong>etiam</strong></span> <span class='ocrx_word' id='word_1_604' title='bbox 2474 2185 2717 2232; x_wconf 91' lang='lat' dir='ltr'><strong>ventrem</strong></span> <span class='ocrx_word' id='word_1_605' title='bbox 2743 2177 2901 2232; x_wconf 89' lang='lat' dir='ltr'><strong>deum</strong></span> <span class='ocrx_word' id='word_1_606' title='bbox 2950 2189 3128 2247; x_wconf 90' lang='lat' dir='ltr'><strong>vocat,</strong></span> <span class='ocrx_word' id='word_1_607' title='bbox 3173 2195 3278 2235; x_wconf 92' lang='lat' dir='ltr'><strong>non</strong></span> <span class='ocrx_word' id='word_1_608' title='bbox 3327 2196 3356 2235; x_wconf 85' lang='lat' dir='ltr'><strong>a</strong></span> <span class='ocrx_word' id='word_1_609' title='bbox 3399 2181 3658 2253; x_wconf 84' lang='lat' dir='ltr'><strong>dignitate</strong></span> <span class='ocrx_word' id='word_1_610' title='bbox 3698 2185 3852 2239; x_wconf 90' lang='lat' dir='ltr'><strong>domi-</strong></span> 
     </span>
    </p>
   </div>
   <div class='ocr_carea' id='block_1_80' title="bbox 2283 2267 3856 2348">
    <p class='ocr_par' dir='ltr' id='par_1_80' title="bbox 2283 2267 3856 2348">
     <span class='ocr_line' id='line_1_80' title="bbox 2283 2267 3856 2348; baseline 0.009 -29"><span class='ocrx_word' id='word_1_611' title='bbox 2283 2267 2482 2330; x_wconf 88' lang='lat' dir='ltr'><strong>nantis,</strong></span> <span class='ocrx_word' id='word_1_612' title='bbox 2525 2269 2620 2324; x_wconf 84' lang='lat' dir='ltr'><strong>sed</strong></span> <span class='ocrx_word' id='word_1_613' title='bbox 2661 2285 2692 2326; x_wconf 86' lang='lat' dir='ltr'><strong>a</strong></span> <span class='ocrx_word' id='word_1_614' title='bbox 2731 2271 3076 2327; x_wconf 86' lang='lat' dir='ltr'><strong>servientium</strong></span> <span class='ocrx_word' id='word_1_615' title='bbox 3120 2273 3366 2339; x_wconf 85' lang='lat' dir='ltr'><strong>miseria;</strong></span> <span class='ocrx_word' id='word_1_616' title='bbox 3409 2275 3550 2346; x_wconf 85' lang='lat' dir='ltr'><strong>quod</strong></span> <span class='ocrx_word' id='word_1_617' title='bbox 3577 2277 3722 2332; x_wconf 90' lang='lat' dir='ltr'><strong>omni</strong></span> <span class='ocrx_word' id='word_1_618' title='bbox 3747 2294 3856 2348; x_wconf 61' lang='lat' dir='ltr'><strong>sup.</strong></span> 
     </span>
    </p>
   </div>
   <div class='ocr_carea' id='block_1_81' title="bbox 2282 2359 3855 2440">
    <p class='ocr_par' dir='ltr' id='par_1_81' title="bbox 2282 2359 3855 2440">
     <span class='ocr_line' id='line_1_81' title="bbox 2282 2359 3855 2440; baseline 0.008 -29"><span class='ocrx_word' id='word_1_619' title='bbox 2282 2359 2440 2428; x_wconf 89' lang='lat' dir='ltr'><strong>plicio</strong></span> <span class='ocrx_word' id='word_1_620' title='bbox 2467 2361 2619 2431; x_wconf 88' lang='lat' dir='ltr'><strong>pejus</strong></span> <span class='ocrx_word' id='word_1_621' title='bbox 2646 2372 2748 2426; x_wconf 88' lang='lat' dir='ltr'><strong>est,</strong></span> <span class='ocrx_word' id='word_1_622' title='bbox 2791 2373 2846 2418; x_wconf 88' lang='lat' dir='ltr'><strong>et</strong></span> <span class='ocrx_word' id='word_1_623' title='bbox 2887 2375 3014 2420; x_wconf 87' lang='lat' dir='ltr'><strong>ante</strong></span> <span class='ocrx_word' id='word_1_624' title='bbox 3051 2366 3370 2435; x_wconf 91' lang='lat' dir='ltr'><strong>supplicium</strong></span> <span class='ocrx_word' id='word_1_625' title='bbox 3402 2376 3578 2438; x_wconf 87' lang='lat' dir='ltr'><strong>potest</strong></span> <span class='ocrx_word' id='word_1_626' title='bbox 3601 2371 3855 2440; x_wconf 85' lang='lat' dir='ltr'><strong>captivum</strong></span> 
     </span>
    </p>
   </div>
   <div class='ocr_carea' id='block_1_82' title="bbox 2281 2453 3855 2521">
    <p class='ocr_par' dir='ltr' id='par_1_82' title="bbox 2281 2453 3855 2521">
     <span class='ocr_line' id='line_1_82' title="bbox 2281 2453 3855 2521; baseline 0.008 -15"><span class='ocrx_word' id='word_1_627' title='bbox 2281 2453 2486 2508; x_wconf 89' lang='lat' dir='ltr'><strong>ulcisci.</strong></span> <span class='ocrx_word' id='word_1_628' title='bbox 2515 2453 2718 2521; x_wconf 86' lang='lat' dir='ltr'><strong>Quibus</strong></span> <span class='ocrx_word' id='word_1_629' title='bbox 2743 2457 2885 2510; x_wconf 91' lang='lat' dir='ltr'><strong>enim</strong></span> <span class='ocrx_word' id='word_1_630' title='bbox 2911 2456 3177 2512; x_wconf 89' lang='lat' dir='ltr'><strong>damnatis</strong></span> <span class='ocrx_word' id='word_1_631' title='bbox 3203 2460 3513 2516; x_wconf 90' lang='lat' dir='ltr'><strong>miseriores</strong></span> <span class='ocrx_word' id='word_1_632' title='bbox 3540 2477 3650 2516; x_wconf 93' lang='lat' dir='ltr'><strong>non</strong></span> <span class='ocrx_word' id='word_1_633' title='bbox 3675 2461 3855 2519; x_wconf 83' lang='lat' dir='ltr'><strong>fuerint</strong></span> 
     </span>
    </p>
   </div>
   <div class='ocr_carea' id='block_1_83' title="bbox 2280 2545 3854 2615">
    <p class='ocr_par' dir='ltr' id='par_1_83' title="bbox 2280 2545 3854 2615">
     <span class='ocr_line' id='line_1_83' title="bbox 2280 2545 3854 2615; baseline 0.008 -18"><span class='ocrx_word' id='word_1_634' title='bbox 2280 2545 2337 2610; x_wconf 90' lang='lat' dir='ltr'><strong>ii,</strong></span> <span class='ocrx_word' id='word_1_635' title='bbox 2380 2545 2469 2615; x_wconf 90' lang='lat' dir='ltr'><strong>qui</strong></span> <span class='ocrx_word' id='word_1_636' title='bbox 2510 2545 2678 2600; x_wconf 89' lang='lat' dir='ltr'><strong>Deum</strong></span> <span class='ocrx_word' id='word_1_637' title='bbox 2719 2545 2996 2602; x_wconf 86' lang='lat' dir='ltr'><strong>dominum</strong></span> <span class='ocrx_word' id='word_1_638' title='bbox 3040 2548 3316 2615; x_wconf 86' lang='lat' dir='ltr'><strong>habentes,</strong></span> <span class='ocrx_word' id='word_1_639' title='bbox 3355 2565 3388 2604; x_wconf 91' lang='lat' dir='ltr'><strong>a</strong></span> <span class='ocrx_word' id='word_1_640' title='bbox 3430 2560 3539 2606; x_wconf 87' lang='lat' dir='ltr'><strong>tam</strong></span> <span class='ocrx_word' id='word_1_641' title='bbox 3581 2566 3854 2610; x_wconf 88' lang='lat' dir='ltr'><strong>mansueto</strong></span> 
     </span>
    </p>
   </div>
   <div class='ocr_carea' id='block_1_84' title="bbox 2279 2637 3854 2715">
    <p class='ocr_par' dir='ltr' id='par_1_84' title="bbox 2279 2637 3854 2715">
     <span class='ocr_line' id='line_1_84' title="bbox 2279 2637 3854 2715; baseline 0.008 -23"><span class='ocrx_word' id='word_1_642' title='bbox 2279 2637 2374 2693; x_wconf 74' lang='lat' dir='ltr'><strong>illo</strong></span> <span class='ocrx_word' id='word_1_643' title='bbox 2412 2653 2578 2708; x_wconf 88' lang='lat' dir='ltr'><strong>regno</strong></span> <span class='ocrx_word' id='word_1_644' title='bbox 2616 2639 2685 2694; x_wconf 91' lang='lat' dir='ltr'><strong>ad</strong></span> <span class='ocrx_word' id='word_1_645' title='bbox 2731 2641 3100 2710; x_wconf 87' lang='lat' dir='ltr'><strong>gravissimam</strong></span> <span class='ocrx_word' id='word_1_646' title='bbox 3145 2657 3204 2699; x_wconf 93' lang='lat' dir='ltr'><strong>se</strong></span> <span class='ocrx_word' id='word_1_647' title='bbox 3253 2644 3588 2715; x_wconf 86' lang='lat' dir='ltr'><strong>tyrannidem</strong></span> <span class='ocrx_word' id='word_1_648' title='bbox 3641 2649 3854 2704; x_wconf 86' lang='lat' dir='ltr'><strong>transfe-</strong></span> 
     </span>
    </p>
   </div>
   <div class='ocr_carea' id='block_1_85' title="bbox 2279 2729 3856 2801">
    <p class='ocr_par' dir='ltr' id='par_1_85' title="bbox 2279 2729 3856 2801">
     <span class='ocr_line' id='line_1_85' title="bbox 2279 2729 3856 2801; baseline 0.007 -20"><span class='ocrx_word' id='word_1_649' title='bbox 2279 2738 2406 2783; x_wconf 90' lang='lat' dir='ltr'><strong>runt</strong></span> <span class='ocrx_word' id='word_1_650' title='bbox 2427 2729 2730 2801; x_wconf 85' lang='lat' dir='ltr'><strong>subigendi,</strong></span> <span class='ocrx_word' id='word_1_651' title='bbox 2767 2746 2886 2785; x_wconf 91' lang='lat' dir='ltr'><strong>cum</strong></span> <span class='ocrx_word' id='word_1_652' title='bbox 2916 2740 3122 2787; x_wconf 90' lang='lat' dir='ltr'><strong>tantum</strong></span> <span class='ocrx_word' id='word_1_653' title='bbox 3149 2732 3273 2788; x_wconf 91' lang='lat' dir='ltr'><strong>hinc</strong></span> <span class='ocrx_word' id='word_1_654' title='bbox 3299 2733 3682 2791; x_wconf 87' lang='lat' dir='ltr'><strong>detrimentum</strong></span> <span class='ocrx_word' id='word_1_655' title='bbox 3706 2738 3856 2793; x_wconf 87' lang='lat' dir='ltr'><strong>etiam</strong></span> 
     </span>
    </p>
   </div>
   <div class='ocr_carea' id='block_1_86' title="bbox 2279 2805 3850 2898">
    <p class='ocr_par' dir='ltr' id='par_1_86' title="bbox 2279 2805 3850 2898">
     <span class='ocr_line' id='line_1_86' title="bbox 2279 2805 3850 2898; baseline 0.007 -24"><span class='ocrx_word' id='word_1_656' title='bbox 2279 2820 2332 2874; x_wconf 90' lang='lat' dir='ltr'><strong>in</strong></span> <span class='ocrx_word' id='word_1_657' title='bbox 2367 2827 2506 2875; x_wconf 89' lang='lat' dir='ltr'><strong>terra</strong></span> <span class='ocrx_word' id='word_1_658' title='bbox 2547 2821 2850 2892; x_wconf 87' lang='lat' dir='ltr'><strong>accipiant?</strong></span> <span class='ocrx_word' id='word_1_659' title='bbox 2874 2822 3006 2878; x_wconf 85' lang='lat' dir='ltr'><strong>Nam</strong></span> <span class='ocrx_word' id='word_1_660' title='bbox 3041 2824 3163 2879; x_wconf 90' lang='lat' dir='ltr'><strong>hinc</strong></span> <span class='ocrx_word' id='word_1_661' title='bbox 3187 2805 3437 2880; x_wconf 78' lang='lat' dir='ltr'><strong>damnum</strong></span> <span class='ocrx_word' id='word_1_662' title='bbox 3467 2828 3678 2898; x_wconf 88' lang='lat' dir='ltr'><strong>ingens,</strong></span> <span class='ocrx_word' id='word_1_663' title='bbox 3723 2830 3850 2894; x_wconf 69' lang='lat' dir='ltr'><strong>lites,</strong></span> 
     </span>
    </p>
   </div>
   <div class='ocr_carea' id='block_1_87' title="bbox 2277 2912 3852 2987">
    <p class='ocr_par' dir='ltr' id='par_1_87' title="bbox 2277 2912 3852 2987">
     <span class='ocr_line' id='line_1_87' title="bbox 2277 2912 3852 2987; baseline 0.006 -22"><span class='ocrx_word' id='word_1_664' title='bbox 2277 2912 2557 2978; x_wconf 69' lang='lat' dir='ltr'><strong>molestiae,</strong></span> <span class='ocrx_word' id='word_1_665' title='bbox 2589 2914 3034 2978; x_wconf 86' lang='lat' dir='ltr'><strong>concertationes,</strong></span> <span class='ocrx_word' id='word_1_666' title='bbox 3065 2916 3296 2982; x_wconf 89' lang='lat' dir='ltr'><strong>labores,</strong></span> <span class='ocrx_word' id='word_1_667' title='bbox 3324 2919 3517 2973; x_wconf 77' lang='lat' dir='ltr'><strong>anima:</strong></span> <span class='ocrx_word' id='word_1_668' title='bbox 3547 2921 3782 2987; x_wconf 86' lang='lat' dir='ltr'><strong>ca-citas,</strong></span> <span class='ocrx_word' id='word_1_669' title='bbox 3805 2933 3852 2976; x_wconf 88' lang='lat' dir='ltr'><strong>et</strong></span> 
     </span>
    </p>
   </div>
   <div class='ocr_carea' id='block_1_88' title="bbox 2273 3005 3853 3076">
    <p class='ocr_par' dir='ltr' id='par_1_88' title="bbox 2273 3005 3853 3076">
     <span class='ocr_line' id='line_1_88' title="bbox 2273 3005 3853 3076; baseline 0.007 -17"><span class='ocrx_word' id='word_1_670' title='bbox 2273 3005 2417 3074; x_wconf 90' lang='lat' dir='ltr'><strong>quod</strong></span> <span class='ocrx_word' id='word_1_671' title='bbox 2441 3005 2679 3060; x_wconf 92' lang='lat' dir='ltr'><strong>omnium</strong></span> <span class='ocrx_word' id='word_1_672' title='bbox 2702 3007 3074 3076; x_wconf 84' lang='lat' dir='ltr'><strong>gravissimum</strong></span> <span class='ocrx_word' id='word_1_673' title='bbox 3100 3018 3202 3074; x_wconf 86' lang='lat' dir='ltr'><strong>est,</strong></span> <span class='ocrx_word' id='word_1_674' title='bbox 3230 3009 3319 3064; x_wconf 91' lang='lat' dir='ltr'><strong>illa</strong></span> <span class='ocrx_word' id='word_1_675' title='bbox 3343 3025 3612 3067; x_wconf 57' lang='lat' dir='ltr'><strong>mamonae</strong></span> <span class='ocrx_word' id='word_1_676' title='bbox 3635 3015 3853 3070; x_wconf 86' lang='lat' dir='ltr'><strong>servitus</strong></span> 
     </span>
    </p>
   </div>
   <div class='ocr_carea' id='block_1_89' title="bbox 2275 3097 3851 3175">
    <p class='ocr_par' dir='ltr' id='par_1_89' title="bbox 2275 3097 3851 3175">
     <span class='ocr_line' id='line_1_89' title="bbox 2275 3097 3851 3175; baseline 0.006 -24"><span class='ocrx_word' id='word_1_677' title='bbox 2275 3111 2305 3151; x_wconf 89' lang='lat' dir='ltr'><strong>a</strong></span> <span class='ocrx_word' id='word_1_678' title='bbox 2357 3099 2606 3168; x_wconf 89' lang='lat' dir='ltr'><strong>supernis</strong></span> <span class='ocrx_word' id='word_1_679' title='bbox 2661 3097 2816 3154; x_wconf 90' lang='lat' dir='ltr'><strong>bonis</strong></span> <span class='ocrx_word' id='word_1_680' title='bbox 2868 3113 2968 3155; x_wconf 85' lang='lat' dir='ltr'><strong>nos</strong></span> <span class='ocrx_word' id='word_1_681' title='bbox 3019 3099 3261 3171; x_wconf 67' lang='lat' dir='ltr'><strong>dejicit‘.</strong></span> <span class='ocrx_word' id='word_1_682' title='bbox 3311 3102 3441 3156; x_wconf 88' lang='lat' dir='ltr'><strong>Cum</strong></span> <span class='ocrx_word' id='word_1_683' title='bbox 3489 3104 3652 3175; x_wconf 85' lang='lat' dir='ltr'><strong>igitur</strong></span> <span class='ocrx_word' id='word_1_684' title='bbox 3690 3122 3753 3160; x_wconf 83' lang='lat' dir='ltr'><strong>ex</strong></span> <span class='ocrx_word' id='word_1_685' title='bbox 3792 3107 3851 3161; x_wconf 90' lang='lat' dir='ltr'><strong>iis</strong></span> 
     </span>
    </p>
   </div>
   <div class='ocr_carea' id='block_1_90' title="bbox 2270 3190 3850 3264">
    <p class='ocr_par' dir='ltr' id='par_1_90' title="bbox 2270 3190 3850 3264">
     <span class='ocr_line' id='line_1_90' title="bbox 2270 3190 3850 3264; baseline 0.006 -20"><span class='ocrx_word' id='word_1_686' title='bbox 2270 3190 2522 3245; x_wconf 89' lang='lat' dir='ltr'><strong>omnibus</strong></span> <span class='ocrx_word' id='word_1_687' title='bbox 2559 3191 2880 3246; x_wconf 90' lang='lat' dir='ltr'><strong>ostendisset</strong></span> <span class='ocrx_word' id='word_1_688' title='bbox 2928 3201 3124 3262; x_wconf 88' lang='lat' dir='ltr'><strong>quanta</strong></span> <span class='ocrx_word' id='word_1_689' title='bbox 3168 3193 3368 3248; x_wconf 86' lang='lat' dir='ltr'><strong>utilitas</strong></span> <span class='ocrx_word' id='word_1_690' title='bbox 3405 3210 3469 3249; x_wconf 86' lang='lat' dir='ltr'><strong>ex</strong></span> <span class='ocrx_word' id='word_1_691' title='bbox 3514 3199 3850 3264; x_wconf 85' lang='lat' dir='ltr'><strong>pecuniarum</strong></span> 
     </span>
    </p>
   </div>
   <div class='ocr_carea' id='block_1_91' title="bbox 2270 3284 3849 3357">
    <p class='ocr_par' dir='ltr' id='par_1_91' title="bbox 2270 3284 3849 3357">
     <span class='ocr_line' id='line_1_91' title="bbox 2270 3284 3849 3357; baseline 0.006 -21"><span class='ocrx_word' id='word_1_692' title='bbox 2270 3291 2584 3352; x_wconf 89' lang='lat' dir='ltr'><strong>contemptu</strong></span> <span class='ocrx_word' id='word_1_693' title='bbox 2613 3284 2919 3352; x_wconf 90' lang='lat' dir='ltr'><strong>proveniret</strong></span> <span class='ocrx_word' id='word_1_694' title='bbox 2943 3294 2999 3338; x_wconf 79' lang='lat' dir='ltr'><strong>et</strong></span> <span class='ocrx_word' id='word_1_695' title='bbox 3022 3285 3089 3340; x_wconf 93' lang='lat' dir='ltr'><strong>ad</strong></span> <span class='ocrx_word' id='word_1_696' title='bbox 3117 3285 3285 3355; x_wconf 89' lang='lat' dir='ltr'><strong>ipsam</strong></span> <span class='ocrx_word' id='word_1_697' title='bbox 3312 3289 3661 3357; x_wconf 87' lang='lat' dir='ltr'><strong>pecuniarum</strong></span> <span class='ocrx_word' id='word_1_698' title='bbox 3685 3301 3849 3346; x_wconf 89' lang='lat' dir='ltr'><strong>custo-</strong></span> 
     </span>
    </p>
   </div>
   <div class='ocr_carea' id='block_1_92' title="bbox 2268 3375 3848 3451">
    <p class='ocr_par' dir='ltr' id='par_1_92' title="bbox 2268 3375 3848 3451">
     <span class='ocr_line' id='line_1_92' title="bbox 2268 3375 3848 3451; baseline 0.006 -22"><span class='ocrx_word' id='word_1_699' title='bbox 2268 3375 2432 3441; x_wconf 89' lang='lat' dir='ltr'><strong>diam,</strong></span> <span class='ocrx_word' id='word_1_700' title='bbox 2467 3382 2522 3430; x_wconf 89' lang='lat' dir='ltr'><strong>et</strong></span> <span class='ocrx_word' id='word_1_701' title='bbox 2559 3375 2624 3430; x_wconf 90' lang='lat' dir='ltr'><strong>ad</strong></span> <span class='ocrx_word' id='word_1_702' title='bbox 2669 3375 2861 3431; x_wconf 75' lang='lat' dir='ltr'><strong>anima:</strong></span> <span class='ocrx_word' id='word_1_703' title='bbox 2901 3378 3247 3444; x_wconf 89' lang='lat' dir='ltr'><strong>voluplatem,</strong></span> <span class='ocrx_word' id='word_1_704' title='bbox 3292 3389 3346 3432; x_wconf 91' lang='lat' dir='ltr'><strong>et</strong></span> <span class='ocrx_word' id='word_1_705' title='bbox 3385 3379 3452 3432; x_wconf 89' lang='lat' dir='ltr'><strong>ad</strong></span> <span class='ocrx_word' id='word_1_706' title='bbox 3504 3380 3848 3451; x_wconf 67' lang='lat' dir='ltr'><strong>philosophia</strong></span> 
     </span>
    </p>
   </div>
   <div class='ocr_carea' id='block_1_93' title="bbox 2268 3469 3844 3542">
    <p class='ocr_par' dir='ltr' id='par_1_93' title="bbox 2268 3469 3844 3542">
     <span class='ocr_line' id='line_1_93' title="bbox 2268 3469 3844 3542; baseline 0.003 -21"><span class='ocrx_word' id='word_1_707' title='bbox 2268 3469 2685 3536; x_wconf 88' lang='lat' dir='ltr'><strong>possessionem,</strong></span> <span class='ocrx_word' id='word_1_708' title='bbox 2713 3476 2767 3523; x_wconf 91' lang='lat' dir='ltr'><strong>et</strong></span> <span class='ocrx_word' id='word_1_709' title='bbox 2791 3469 2854 3523; x_wconf 91' lang='lat' dir='ltr'><strong>ad</strong></span> <span class='ocrx_word' id='word_1_710' title='bbox 2883 3469 3095 3540; x_wconf 90' lang='lat' dir='ltr'><strong>pietatis</strong></span> <span class='ocrx_word' id='word_1_711' title='bbox 3125 3469 3362 3534; x_wconf 88' lang='lat' dir='ltr'><strong>tutelam,</strong></span> <span class='ocrx_word' id='word_1_712' title='bbox 3392 3471 3612 3526; x_wconf 90' lang='lat' dir='ltr'><strong>demum</strong></span> <span class='ocrx_word' id='word_1_713' title='bbox 3645 3473 3844 3542; x_wconf 90' lang='lat' dir='ltr'><strong>probat,</strong></span> 
     </span>
    </p>
   </div>
   <div class='ocr_carea' id='block_1_94' title="bbox 2266 3559 3846 3631">
    <p class='ocr_par' dir='ltr' id='par_1_94' title="bbox 2266 3559 3846 3631">
     <span class='ocr_line' id='line_1_94' title="bbox 2266 3559 3846 3631; baseline 0.005 -20"><span class='ocrx_word' id='word_1_714' title='bbox 2266 3560 2434 3628; x_wconf 88' lang='lat' dir='ltr'><strong>ipsam</strong></span> <span class='ocrx_word' id='word_1_715' title='bbox 2464 3575 2599 3626; x_wconf 89' lang='lat' dir='ltr'><strong>rem,</strong></span> <span class='ocrx_word' id='word_1_716' title='bbox 2629 3559 2699 3616; x_wconf 89' lang='lat' dir='ltr'><strong>de</strong></span> <span class='ocrx_word' id='word_1_717' title='bbox 2725 3575 2829 3628; x_wconf 91' lang='lat' dir='ltr'><strong>qua</strong></span> <span class='ocrx_word' id='word_1_718' title='bbox 2863 3561 3134 3625; x_wconf 80' lang='lat' dir='ltr'><strong>admonet,</strong></span> <span class='ocrx_word' id='word_1_719' title='bbox 3181 3576 3338 3631; x_wconf 91' lang='lat' dir='ltr'><strong>posse</strong></span> <span class='ocrx_word' id='word_1_720' title='bbox 3376 3561 3514 3618; x_wconf 60' lang='lat' dir='ltr'><strong>fieri:</strong></span> <span class='ocrx_word' id='word_1_721' title='bbox 3552 3564 3679 3620; x_wconf 72' lang='lat' dir='ltr'><strong>Haec</strong></span> <span class='ocrx_word' id='word_1_722' title='bbox 3713 3566 3846 3620; x_wconf 88' lang='lat' dir='ltr'><strong>enim</strong></span> 
     </span>
    </p>
   </div>
   <div class='ocr_carea' id='block_1_95' title="bbox 2265 3650 3844 3721">
    <p class='ocr_par' dir='ltr' id='par_1_95' title="bbox 2265 3650 3844 3721">
     <span class='ocr_line' id='line_1_95' title="bbox 2265 3650 3844 3721; baseline 0.003 -17"><span class='ocrx_word' id='word_1_723' title='bbox 2265 3651 2400 3720; x_wconf 75' lang='lat' dir='ltr'><strong>legis</strong></span> <span class='ocrx_word' id='word_1_724' title='bbox 2442 3650 2674 3706; x_wconf 70' lang='lat' dir='ltr'><strong>ferenda:</strong></span> <span class='ocrx_word' id='word_1_725' title='bbox 2717 3653 2917 3721; x_wconf 80' lang='lat' dir='ltr'><strong>Optima</strong></span> <span class='ocrx_word' id='word_1_726' title='bbox 2971 3652 3110 3706; x_wconf 89' lang='lat' dir='ltr'><strong>ratio</strong></span> <span class='ocrx_word' id='word_1_727' title='bbox 3161 3660 3282 3718; x_wconf 89' lang='lat' dir='ltr'><strong>est,</strong></span> <span class='ocrx_word' id='word_1_728' title='bbox 3340 3668 3445 3706; x_wconf 91' lang='lat' dir='ltr'><strong>non</strong></span> <span class='ocrx_word' id='word_1_729' title='bbox 3492 3653 3659 3708; x_wconf 86' lang='lat' dir='ltr'><strong>modo</strong></span> <span class='ocrx_word' id='word_1_730' title='bbox 3709 3655 3844 3708; x_wconf 87' lang='lat' dir='ltr'><strong>utilia</strong></span> 
     </span>
    </p>
   </div>
   <div class='ocr_carea' id='block_1_96' title="bbox 2262 3743 3845 3816">
    <p class='ocr_par' dir='ltr' id='par_1_96' title="bbox 2262 3743 3845 3816">
     <span class='ocr_line' id='line_1_96' title="bbox 2262 3743 3845 3816; baseline 0.001 -18"><span class='ocrx_word' id='word_1_731' title='bbox 2262 3745 2575 3815; x_wconf 78' lang='lat' dir='ltr'><strong>prrccipere,</strong></span> <span class='ocrx_word' id='word_1_732' title='bbox 2606 3743 2698 3800; x_wconf 89' lang='lat' dir='ltr'><strong>sed</strong></span> <span class='ocrx_word' id='word_1_733' title='bbox 2727 3744 2887 3798; x_wconf 90' lang='lat' dir='ltr'><strong>etiam</strong></span> <span class='ocrx_word' id='word_1_734' title='bbox 2917 3743 3186 3814; x_wconf 88' lang='lat' dir='ltr'><strong>possibilia</strong></span> <span class='ocrx_word' id='word_1_735' title='bbox 3218 3743 3476 3810; x_wconf 90' lang='lat' dir='ltr'><strong>reddere;</strong></span> <span class='ocrx_word' id='word_1_736' title='bbox 3520 3744 3751 3816; x_wconf 90' lang='lat' dir='ltr'><strong>ideoque</strong></span> <span class='ocrx_word' id='word_1_737' title='bbox 3774 3747 3845 3801; x_wconf 91' lang='lat' dir='ltr'><strong>sic</strong></span> 
     </span>
    </p>
   </div>
   <div class='ocr_carea' id='block_1_97' title="bbox 2263 3833 3846 3906">
    <p class='ocr_par' dir='ltr' id='par_1_97' title="bbox 2263 3833 3846 3906">
     <span class='ocr_line' id='line_1_97' title="bbox 2263 3833 3846 3906; baseline -0.003 -15"><span class='ocrx_word' id='word_1_738' title='bbox 2263 3837 2478 3906; x_wconf 86' lang='lat' dir='ltr'><strong>pergit:</strong></span> <span class='ocrx_word' id='word_1_739' title='bbox 2521 3835 2612 3890; x_wconf 78' lang='grc'><strong>25.</strong></span> <span class='ocrx_word' id='word_1_740' title='bbox 2656 3833 2833 3889; x_wconf 88' lang='lat' dir='ltr'><strong>Nolite</strong></span> <span class='ocrx_word' id='word_1_741' title='bbox 2876 3835 3078 3889; x_wconf 85' lang='lat' dir='ltr'><strong>solliciti</strong></span> <span class='ocrx_word' id='word_1_742' title='bbox 3119 3851 3226 3889; x_wconf 87' lang='lat' dir='ltr'><strong>esse</strong></span> <span class='ocrx_word' id='word_1_743' title='bbox 3267 3835 3452 3888; x_wconf 72' lang='lat' dir='ltr'><strong>anima:</strong></span> <span class='ocrx_word' id='word_1_744' title='bbox 3487 3846 3688 3902; x_wconf 66' lang='lat' dir='ltr'><strong>vestrm,</strong></span> <span class='ocrx_word' id='word_1_745' title='bbox 3729 3835 3846 3905; x_wconf 77' lang='lat' dir='ltr'><strong>quid</strong></span> 
     </span>
    </p>
   </div>
   <div class='ocr_carea' id='block_1_98' title="bbox 2257 3927 3841 3998">
    <p class='ocr_par' dir='ltr' id='par_1_98' title="bbox 2257 3927 3841 3998">
     <span class='ocr_line' id='line_1_98' title="bbox 2257 3927 3841 3998; baseline -0.001 -16"><span class='ocrx_word' id='word_1_746' title='bbox 2257 3930 2592 3984; x_wconf 81' lang='lat' dir='ltr'><strong>manducetis.</strong></span> <span class='ocrx_word' id='word_1_747' title='bbox 2633 3928 2710 3984; x_wconf 89' lang='lat' dir='ltr'><strong>Ne</strong></span> <span class='ocrx_word' id='word_1_748' title='bbox 2738 3929 2879 3984; x_wconf 91' lang='lat' dir='ltr'><strong>enim</strong></span> <span class='ocrx_word' id='word_1_749' title='bbox 2925 3928 3184 3992; x_wconf 89' lang='lat' dir='ltr'><strong>dicerent,</strong></span> <span class='ocrx_word' id='word_1_750' title='bbox 3210 3927 3348 3996; x_wconf 86' lang='lat' dir='ltr'><strong>Quid</strong></span> <span class='ocrx_word' id='word_1_751' title='bbox 3389 3928 3558 3998; x_wconf 88' lang='lat' dir='ltr'><strong>ergo?</strong></span> <span class='ocrx_word' id='word_1_752' title='bbox 3583 3929 3630 3982; x_wconf 91' lang='lat' dir='ltr'><strong>si</strong></span> <span class='ocrx_word' id='word_1_753' title='bbox 3670 3928 3841 3982; x_wconf 88' lang='lat' dir='ltr'><strong>omnia</strong></span> 
     </span>
    </p>
   </div>
   <div class='ocr_carea' id='block_1_99' title="bbox 2256 4019 3843 4092">
    <p class='ocr_par' dir='ltr' id='par_1_99' title="bbox 2256 4019 3843 4092">
     <span class='ocr_line' id='line_1_99' title="bbox 2256 4019 3843 4092; baseline -0.001 -17"><span class='ocrx_word' id='word_1_754' title='bbox 2256 4021 2620 4092; x_wconf 77' lang='lat' dir='ltr'><strong>projit-iamus,</strong></span> <span class='ocrx_word' id='word_1_755' title='bbox 2653 4019 2919 4089; x_wconf 90' lang='lat' dir='ltr'><strong>quomodo</strong></span> <span class='ocrx_word' id='word_1_756' title='bbox 2951 4020 3133 4074; x_wconf 92' lang='lat' dir='ltr'><strong>vivere</strong></span> <span class='ocrx_word' id='word_1_757' title='bbox 3177 4019 3512 4089; x_wconf 88' lang='lat' dir='ltr'><strong>poterimus?</strong></span> <span class='ocrx_word' id='word_1_758' title='bbox 3538 4019 3666 4074; x_wconf 88' lang='lat' dir='ltr'><strong>huic</strong></span> <span class='ocrx_word' id='word_1_759' title='bbox 3700 4020 3843 4088; x_wconf 85' lang='lat' dir='ltr'><strong>obje-</strong></span> 
     </span>
    </p>
   </div>
   <div class='ocr_carea' id='block_1_100' title="bbox 2253 4107 3841 4181">
    <p class='ocr_par' dir='ltr' id='par_1_100' title="bbox 2253 4107 3841 4181">
     <span class='ocr_line' id='line_1_100' title="bbox 2253 4107 3841 4181; baseline -0.001 -15"><span class='ocrx_word' id='word_1_760' title='bbox 2253 4112 2416 4166; x_wconf 91' lang='lat' dir='ltr'><strong>ctioni</strong></span> <span class='ocrx_word' id='word_1_761' title='bbox 2461 4121 2761 4181; x_wconf 88' lang='lat' dir='ltr'><strong>opportune</strong></span> <span class='ocrx_word' id='word_1_762' title='bbox 2789 4109 3040 4168; x_wconf 87' lang='lat' dir='ltr'><strong>occurrit.</strong></span> <span class='ocrx_word' id='word_1_763' title='bbox 3069 4107 3218 4165; x_wconf 90' lang='lat' dir='ltr'><strong>Sicut</strong></span> <span class='ocrx_word' id='word_1_764' title='bbox 3242 4109 3383 4164; x_wconf 88' lang='lat' dir='ltr'><strong>enim</strong></span> <span class='ocrx_word' id='word_1_765' title='bbox 3423 4109 3472 4165; x_wconf 89' lang='lat' dir='ltr'><strong>si</strong></span> <span class='ocrx_word' id='word_1_766' title='bbox 3505 4125 3538 4164; x_wconf 89' lang='lat' dir='ltr'><strong>a</strong></span> <span class='ocrx_word' id='word_1_767' title='bbox 3584 4110 3841 4180; x_wconf 85' lang='lat' dir='ltr'><strong>principio</strong></span> 
     </span>
    </p>
   </div>
   <div class='ocr_carea' id='block_1_101' title="bbox 2251 4201 3840 4272">
    <p class='ocr_par' dir='ltr' id='par_1_101' title="bbox 2251 4201 3840 4272">
     <span class='ocr_line' id='line_1_101' title="bbox 2251 4201 3840 4272; baseline -0.001 -14"><span class='ocrx_word' id='word_1_768' title='bbox 2251 4204 2492 4270; x_wconf 77' lang='lat' dir='ltr'><strong>dixisset,</strong></span> <span class='ocrx_word' id='word_1_769' title='bbox 2536 4203 2712 4272; x_wconf 85' lang='lat' dir='ltr'><strong>Nolite</strong></span> <span class='ocrx_word' id='word_1_770' title='bbox 2747 4203 2953 4258; x_wconf 85' lang='lat' dir='ltr'><strong>solliciti</strong></span> <span class='ocrx_word' id='word_1_771' title='bbox 2995 4218 3121 4267; x_wconf 87' lang='lat' dir='ltr'><strong>esse,</strong></span> <span class='ocrx_word' id='word_1_772' title='bbox 3165 4201 3427 4256; x_wconf 89' lang='lat' dir='ltr'><strong>molestus</strong></span> <span class='ocrx_word' id='word_1_773' title='bbox 3468 4216 3653 4257; x_wconf 86' lang='lat' dir='ltr'><strong>sermo</strong></span> <span class='ocrx_word' id='word_1_774' title='bbox 3700 4203 3840 4256; x_wconf 87' lang='lat' dir='ltr'><strong>visus</strong></span> 
     </span>
    </p>
   </div>
   <div class='ocr_carea' id='block_1_102' title="bbox 2250 4294 3836 4368">
    <p class='ocr_par' dir='ltr' id='par_1_102' title="bbox 2250 4294 3836 4368">
     <span class='ocr_line' id='line_1_102' title="bbox 2250 4294 3836 4368; baseline -0.006 -14"><span class='ocrx_word' id='word_1_775' title='bbox 2250 4310 2392 4354; x_wconf 84' lang='lat' dir='ltr'><strong>esset</strong></span> <span class='ocrx_word' id='word_1_776' title='bbox 2420 4316 2433 4352; x_wconf 93' lang='lat'><strong>:</strong></span> <span class='ocrx_word' id='word_1_777' title='bbox 2465 4299 2544 4354; x_wconf 90' lang='lat' dir='ltr'><strong>sic</strong></span> <span class='ocrx_word' id='word_1_778' title='bbox 2573 4305 2852 4368; x_wconf 87' lang='lat' dir='ltr'><strong>postquam</strong></span> <span class='ocrx_word' id='word_1_779' title='bbox 2878 4295 3114 4350; x_wconf 88' lang='lat' dir='ltr'><strong>ostendit</strong></span> <span class='ocrx_word' id='word_1_780' title='bbox 3136 4294 3424 4364; x_wconf 88' lang='lat' dir='ltr'><strong>perniciem</strong></span> <span class='ocrx_word' id='word_1_781' title='bbox 3448 4309 3516 4348; x_wconf 84' lang='lat' dir='ltr'><strong>ex</strong></span> <span class='ocrx_word' id='word_1_782' title='bbox 3542 4309 3729 4348; x_wconf 85' lang='lat' dir='ltr'><strong>amore</strong></span> <span class='ocrx_word' id='word_1_783' title='bbox 3751 4308 3836 4362; x_wconf 60' lang='lat' dir='ltr'><strong>pe.</strong></span> 
     </span>
    </p>
   </div>
   <div class='ocr_carea' id='block_1_103' title="bbox 2245 4383 3832 4461">
    <p class='ocr_par' dir='ltr' id='par_1_103' title="bbox 2245 4383 3832 4461">
     <span class='ocr_line' id='line_1_103' title="bbox 2245 4383 3832 4461; baseline -0.007 -15"><span class='ocrx_word' id='word_1_784' title='bbox 2245 4392 2419 4448; x_wconf 69' lang='lat' dir='ltr'><strong>cunize</strong></span> <span class='ocrx_word' id='word_1_785' title='bbox 2473 4398 2711 4461; x_wconf 90' lang='lat' dir='ltr'><strong>partam,</strong></span> <span class='ocrx_word' id='word_1_786' title='bbox 2761 4396 2918 4457; x_wconf 91' lang='lat' dir='ltr'><strong>captu</strong></span> <span class='ocrx_word' id='word_1_787' title='bbox 2971 4385 3184 4441; x_wconf 86' lang='lat' dir='ltr'><strong>facilem</strong></span> <span class='ocrx_word' id='word_1_788' title='bbox 3234 4394 3421 4454; x_wconf 88' lang='lat' dir='ltr'><strong>postea</strong></span> <span class='ocrx_word' id='word_1_789' title='bbox 3473 4383 3832 4438; x_wconf 88' lang='lat' dir='ltr'><strong>hortationem</strong></span> 
     </span>
    </p>
   </div>
   <div class='ocr_carea' id='block_1_104' title="bbox 2243 4465 3829 4550">
    <p class='ocr_par' dir='ltr' id='par_1_104' title="bbox 2243 4465 3829 4550">
     <span class='ocr_line' id='line_1_104' title="bbox 2243 4465 3829 4550; baseline -0.006 -14"><span class='ocrx_word' id='word_1_790' title='bbox 2243 4482 2481 4538; x_wconf 90' lang='lat' dir='ltr'><strong>adhibet.</strong></span> <span class='ocrx_word' id='word_1_791' title='bbox 2514 4480 2744 4550; x_wconf 89' lang='lat' dir='ltr'><strong>Ideoque</strong></span> <span class='ocrx_word' id='word_1_792' title='bbox 2773 4493 2876 4532; x_wconf 93' lang='lat' dir='ltr'><strong>non</strong></span> <span class='ocrx_word' id='word_1_793' title='bbox 2904 4476 3064 4531; x_wconf 90' lang='lat' dir='ltr'><strong>modo</strong></span> <span class='ocrx_word' id='word_1_794' title='bbox 3092 4475 3243 4541; x_wconf 85' lang='lat' dir='ltr'><strong>dixit,</strong></span> <span class='ocrx_word' id='word_1_795' title='bbox 3280 4465 3454 4529; x_wconf 80' lang='lat' dir='ltr'><strong>Nolite</strong></span> <span class='ocrx_word' id='word_1_796' title='bbox 3478 4475 3692 4528; x_wconf 79' lang='lat' dir='ltr'><strong>solliciti</strong></span> <span class='ocrx_word' id='word_1_797' title='bbox 3711 4489 3829 4536; x_wconf 80' lang='lat' dir='ltr'><strong>esse,</strong></span> 
     </span>
    </p>
   </div>
   <div class='ocr_carea' id='block_1_105' title="bbox 2241 4566 3829 4640">
    <p class='ocr_par' dir='ltr' id='par_1_105' title="bbox 2241 4566 3829 4640">
     <span class='ocr_line' id='line_1_105' title="bbox 2241 4566 3829 4640; baseline -0.009 -9"><span class='ocrx_word' id='word_1_798' title='bbox 2241 4576 2336 4631; x_wconf 92' lang='lat' dir='ltr'><strong>sed</strong></span> <span class='ocrx_word' id='word_1_799' title='bbox 2360 4574 2538 4630; x_wconf 87' lang='lat' dir='ltr'><strong>addita</strong></span> <span class='ocrx_word' id='word_1_800' title='bbox 2569 4587 2748 4634; x_wconf 87' lang='lat' dir='ltr'><strong>causa,</strong></span> <span class='ocrx_word' id='word_1_801' title='bbox 2781 4571 2860 4626; x_wconf 92' lang='lat' dir='ltr'><strong>sic</strong></span> <span class='ocrx_word' id='word_1_802' title='bbox 2885 4577 3210 4640; x_wconf 60' lang='lat' dir='ltr'><strong>praeceptum</strong></span> <span class='ocrx_word' id='word_1_803' title='bbox 3254 4567 3463 4623; x_wconf 85' lang='lat' dir='ltr'><strong>extulit.</strong></span> <span class='ocrx_word' id='word_1_804' title='bbox 3513 4566 3653 4620; x_wconf 90' lang='lat' dir='ltr'><strong>Cum</strong></span> <span class='ocrx_word' id='word_1_805' title='bbox 3693 4566 3829 4620; x_wconf 90' lang='lat' dir='ltr'><strong>enim</strong></span> 
     </span>
    </p>
   </div>
   <div class='ocr_carea' id='block_1_106' title="bbox 2237 4655 3828 4732">
    <p class='ocr_par' dir='ltr' id='par_1_106' title="bbox 2237 4655 3828 4732">
     <span class='ocr_line' id='line_1_106' title="bbox 2237 4655 3828 4732; baseline -0.011 -8"><span class='ocrx_word' id='word_1_806' title='bbox 2237 4670 2482 4731; x_wconf 81' lang='lat' dir='ltr'><strong>dixisset,</strong></span> <span class='ocrx_word' id='word_1_807' title='bbox 2517 4665 2637 4719; x_wconf 88' lang='lat' dir='ltr'><strong>Non</strong></span> <span class='ocrx_word' id='word_1_808' title='bbox 2675 4663 2880 4732; x_wconf 84' lang='lat' dir='ltr'><strong>potestis</strong></span> <span class='ocrx_word' id='word_1_809' title='bbox 2922 4660 3033 4714; x_wconf 86' lang='lat' dir='ltr'><strong>Deo</strong></span> <span class='ocrx_word' id='word_1_810' title='bbox 3077 4659 3260 4713; x_wconf 73' lang='lat' dir='ltr'><strong>servire</strong></span> <span class='ocrx_word' id='word_1_811' title='bbox 3305 4666 3352 4711; x_wconf 87' lang='lat' dir='ltr'><strong>et</strong></span> <span class='ocrx_word' id='word_1_812' title='bbox 3395 4667 3672 4722; x_wconf 79' lang='lat' dir='ltr'><strong>mamomc,</strong></span> <span class='ocrx_word' id='word_1_813' title='bbox 3709 4655 3828 4710; x_wconf 88' lang='lat' dir='ltr'><strong>sub-</strong></span> 
     </span>
    </p>
   </div>
   <div class='ocr_carea' id='block_1_107' title="bbox 2232 4743 3826 4831">
    <p class='ocr_par' dir='ltr' id='par_1_107' title="bbox 2232 4743 3826 4831">
     <span class='ocr_line' id='line_1_107' title="bbox 2232 4743 3826 4831; baseline -0.011 -17"><span class='ocrx_word' id='word_1_814' title='bbox 2232 4759 2410 4831; x_wconf 84' lang='lat' dir='ltr'><strong>junxit</strong></span> <span class='ocrx_word' id='word_1_815' title='bbox 2442 4775 2454 4811; x_wconf 94' lang='lat'><strong>:</strong></span> <span class='ocrx_word' id='word_1_816' title='bbox 2491 4755 2770 4824; x_wconf 86' lang='lat' dir='ltr'><strong>Propterea</strong></span> <span class='ocrx_word' id='word_1_817' title='bbox 2799 4754 2912 4806; x_wconf 85' lang='lat' dir='ltr'><strong>dico</strong></span> <span class='ocrx_word' id='word_1_818' title='bbox 2934 4751 3091 4813; x_wconf 72' lang='lat' dir='ltr'><strong>vobis,</strong></span> <span class='ocrx_word' id='word_1_819' title='bbox 3123 4749 3275 4802; x_wconf 86' lang='lat' dir='ltr'><strong>nolite</strong></span> <span class='ocrx_word' id='word_1_820' title='bbox 3297 4747 3501 4801; x_wconf 86' lang='lat' dir='ltr'><strong>solliciti</strong></span> <span class='ocrx_word' id='word_1_821' title='bbox 3526 4763 3658 4800; x_wconf 78' lang='lat' dir='ltr'><strong>esse.</strong></span> <span class='ocrx_word' id='word_1_822' title='bbox 3693 4743 3826 4798; x_wconf 85' lang='lat' dir='ltr'><strong>Pro-</strong></span> 
     </span>
    </p>
   </div>
   <div class='ocr_carea' id='block_1_108' title="bbox 2234 4835 3824 4921">
    <p class='ocr_par' dir='ltr' id='par_1_108' title="bbox 2234 4835 3824 4921">
     <span class='ocr_line' id='line_1_108' title="bbox 2234 4835 3824 4921; baseline -0.011 -16"><span class='ocrx_word' id='word_1_823' title='bbox 2234 4861 2426 4921; x_wconf 83' lang='lat' dir='ltr'><strong>pterea,</strong></span> <span class='ocrx_word' id='word_1_824' title='bbox 2455 4847 2659 4919; x_wconf 83' lang='lat' dir='ltr'><strong>quare?</strong></span> <span class='ocrx_word' id='word_1_825' title='bbox 2689 4846 2912 4913; x_wconf 89' lang='lat' dir='ltr'><strong>Propter</strong></span> <span class='ocrx_word' id='word_1_826' title='bbox 2941 4843 3127 4912; x_wconf 87' lang='lat' dir='ltr'><strong>ingens</strong></span> <span class='ocrx_word' id='word_1_827' title='bbox 3151 4839 3428 4895; x_wconf 89' lang='lat' dir='ltr'><strong>damnum.</strong></span> <span class='ocrx_word' id='word_1_828' title='bbox 3456 4835 3647 4908; x_wconf 88' lang='lat' dir='ltr'><strong>Neque</strong></span> <span class='ocrx_word' id='word_1_829' title='bbox 3687 4835 3824 4890; x_wconf 69' lang='lat' dir='ltr'><strong>enim</strong></span> 
     </span>
    </p>
   </div>
   <div class='ocr_carea' id='block_1_109' title="bbox 2231 4927 3825 5013">
    <p class='ocr_par' dir='ltr' id='par_1_109' title="bbox 2231 4927 3825 5013">
     <span class='ocr_line' id='line_1_109' title="bbox 2231 4927 3825 5013; baseline -0.013 -13"><span class='ocrx_word' id='word_1_830' title='bbox 2231 4947 2282 5000; x_wconf 89' lang='lat' dir='ltr'><strong>in</strong></span> <span class='ocrx_word' id='word_1_831' title='bbox 2314 4942 2553 5013; x_wconf 89' lang='lat' dir='ltr'><strong>pecuniis</strong></span> <span class='ocrx_word' id='word_1_832' title='bbox 2581 4946 2785 4992; x_wconf 87' lang='lat' dir='ltr'><strong>tantum</strong></span> <span class='ocrx_word' id='word_1_833' title='bbox 2817 4949 2953 4989; x_wconf 86' lang='lat' dir='ltr'><strong>noxa</strong></span> <span class='ocrx_word' id='word_1_834' title='bbox 2980 4941 3082 4997; x_wconf 87' lang='lat' dir='ltr'><strong>est,</strong></span> <span class='ocrx_word' id='word_1_835' title='bbox 3124 4931 3220 4986; x_wconf 91' lang='lat' dir='ltr'><strong>sed</strong></span> <span class='ocrx_word' id='word_1_836' title='bbox 3257 4930 3419 4985; x_wconf 90' lang='lat' dir='ltr'><strong>etiam</strong></span> <span class='ocrx_word' id='word_1_837' title='bbox 3451 4929 3504 4983; x_wconf 93' lang='lat' dir='ltr'><strong>in</strong></span> <span class='ocrx_word' id='word_1_838' title='bbox 3533 4927 3825 4998; x_wconf 68' lang='lat' dir='ltr'><strong>praecipuis</strong></span> 
     </span>
    </p>
   </div>
   <div class='ocr_carea' id='block_1_110' title="bbox 2231 5021 3823 5108">
    <p class='ocr_par' dir='ltr' id='par_1_110' title="bbox 2231 5021 3823 5108">
     <span class='ocr_line' id='line_1_110' title="bbox 2231 5021 3823 5108; baseline -0.012 -18"><span class='ocrx_word' id='word_1_839' title='bbox 2231 5038 2382 5108; x_wconf 88' lang='lat' dir='ltr'><strong>plaga</strong></span> <span class='ocrx_word' id='word_1_840' title='bbox 2415 5032 2688 5102; x_wconf 84' lang='lat' dir='ltr'><strong>infligitur,</strong></span> <span class='ocrx_word' id='word_1_841' title='bbox 2721 5029 2880 5083; x_wconf 87' lang='lat' dir='ltr'><strong>etiam</strong></span> <span class='ocrx_word' id='word_1_842' title='bbox 2911 5042 2977 5080; x_wconf 87' lang='lat' dir='ltr'><strong>ex</strong></span> <span class='ocrx_word' id='word_1_843' title='bbox 3001 5025 3190 5079; x_wconf 91' lang='lat' dir='ltr'><strong>salutis</strong></span> <span class='ocrx_word' id='word_1_844' title='bbox 3223 5023 3533 5076; x_wconf 91' lang='lat' dir='ltr'><strong>amissione.</strong></span> <span class='ocrx_word' id='word_1_845' title='bbox 3564 5021 3704 5076; x_wconf 81' lang='lat' dir='ltr'><strong>Nam</strong></span> <span class='ocrx_word' id='word_1_846' title='bbox 3729 5033 3823 5072; x_wconf 86' lang='lat' dir='ltr'><strong>vos</strong></span> 
     </span>
    </p>
   </div>
   <div class='ocr_carea' id='block_1_111' title="bbox 2225 5110 3821 5186">
    <p class='ocr_par' dir='ltr' id='par_1_111' title="bbox 2225 5110 3821 5186">
     <span class='ocr_line' id='line_1_111' title="bbox 2225 5110 3821 5186; baseline -0.011 -3"><span class='ocrx_word' id='word_1_847' title='bbox 2225 5145 2255 5182; x_wconf 90' lang='lat' dir='ltr'><strong>a</strong></span> <span class='ocrx_word' id='word_1_848' title='bbox 2303 5128 2412 5182; x_wconf 91' lang='lat' dir='ltr'><strong>Deo</strong></span> <span class='ocrx_word' id='word_1_849' title='bbox 2449 5132 2712 5186; x_wconf 90' lang='lat' dir='ltr'><strong>creatore,</strong></span> <span class='ocrx_word' id='word_1_850' title='bbox 2749 5129 3016 5182; x_wconf 88' lang='lat' dir='ltr'><strong>curatore,</strong></span> <span class='ocrx_word' id='word_1_851' title='bbox 3061 5125 3300 5169; x_wconf 89' lang='lat' dir='ltr'><strong>amatore</strong></span> <span class='ocrx_word' id='word_1_852' title='bbox 3341 5113 3626 5180; x_wconf 71' lang='lat' dir='ltr'><strong>delicium.</strong></span> <span class='ocrx_word' id='word_1_853' title='bbox 3692 5110 3821 5165; x_wconf 80' lang='lat' dir='ltr'><strong>Pro-</strong></span> 
     </span>
    </p>
   </div>
   <div class='ocr_carea' id='block_1_112' title="bbox 2227 5207 3815 5290">
    <p class='ocr_par' dir='ltr' id='par_1_112' title="bbox 2227 5207 3815 5290">
     <span class='ocr_line' id='line_1_112' title="bbox 2227 5207 3815 5290; baseline -0.011 -16"><span class='ocrx_word' id='word_1_854' title='bbox 2227 5231 2395 5290; x_wconf 83' lang='lat' dir='ltr'><strong>pterea</strong></span> <span class='ocrx_word' id='word_1_855' title='bbox 2420 5217 2533 5271; x_wconf 87' lang='lat' dir='ltr'><strong>dico</strong></span> <span class='ocrx_word' id='word_1_856' title='bbox 2558 5215 2716 5280; x_wconf 82' lang='lat' dir='ltr'><strong>vobis,</strong></span> <span class='ocrx_word' id='word_1_857' title='bbox 2761 5211 2935 5266; x_wconf 86' lang='lat' dir='ltr'><strong>Nolite</strong></span> <span class='ocrx_word' id='word_1_858' title='bbox 2964 5209 3168 5265; x_wconf 85' lang='lat' dir='ltr'><strong>solliciti</strong></span> <span class='ocrx_word' id='word_1_859' title='bbox 3209 5225 3334 5262; x_wconf 82' lang='lat' dir='ltr'><strong>esse.</strong></span> <span class='ocrx_word' id='word_1_860' title='bbox 3369 5207 3636 5274; x_wconf 82' lang='lat' dir='ltr'><strong>Quoniam</strong></span> <span class='ocrx_word' id='word_1_861' title='bbox 3677 5207 3815 5258; x_wconf 85' lang='lat' dir='ltr'><strong>cnim</strong></span> 
     </span>
    </p>
   </div>
   <div class='ocr_carea' id='block_1_113' title="bbox 2223 5296 3811 5380">
    <p class='ocr_par' dir='ltr' id='par_1_113' title="bbox 2223 5296 3811 5380">
     <span class='ocr_line' id='line_1_113' title="bbox 2223 5296 3811 5380; baseline -0.011 -14"><span class='ocrx_word' id='word_1_862' title='bbox 2223 5312 2410 5380; x_wconf 87' lang='lat' dir='ltr'><strong>ingens</strong></span> <span class='ocrx_word' id='word_1_863' title='bbox 2447 5314 2824 5362; x_wconf 84' lang='lat' dir='ltr'><strong>nocumentum</strong></span> <span class='ocrx_word' id='word_1_864' title='bbox 2859 5300 3116 5364; x_wconf 89' lang='lat' dir='ltr'><strong>ostendit,</strong></span> <span class='ocrx_word' id='word_1_865' title='bbox 3163 5309 3487 5370; x_wconf 71' lang='lat' dir='ltr'><strong>prtcceptum</strong></span> <span class='ocrx_word' id='word_1_866' title='bbox 3541 5296 3811 5352; x_wconf 87' lang='lat' dir='ltr'><strong>extendit.</strong></span> 
     </span>
    </p>
   </div>
   <div class='ocr_carea' id='block_1_114' title="bbox 2221 5390 3814 5466">
    <p class='ocr_par' dir='ltr' id='par_1_114' title="bbox 2221 5390 3814 5466">
     <span class='ocr_line' id='line_1_114' title="bbox 2221 5390 3814 5466; baseline -0.009 -8"><span class='ocrx_word' id='word_1_867' title='bbox 2221 5404 2334 5458; x_wconf 89' lang='lat' dir='ltr'><strong>Non</strong></span> <span class='ocrx_word' id='word_1_868' title='bbox 2364 5402 2521 5458; x_wconf 92' lang='lat' dir='ltr'><strong>modo</strong></span> <span class='ocrx_word' id='word_1_869' title='bbox 2546 5400 2688 5455; x_wconf 89' lang='lat' dir='ltr'><strong>enim</strong></span> <span class='ocrx_word' id='word_1_870' title='bbox 2713 5399 2847 5452; x_wconf 90' lang='lat' dir='ltr'><strong>bona</strong></span> <span class='ocrx_word' id='word_1_871' title='bbox 2875 5395 3072 5466; x_wconf 89' lang='lat' dir='ltr'><strong>ejicere</strong></span> <span class='ocrx_word' id='word_1_872' title='bbox 3096 5394 3270 5464; x_wconf 89' lang='lat' dir='ltr'><strong>jubet,</strong></span> <span class='ocrx_word' id='word_1_873' title='bbox 3304 5392 3396 5448; x_wconf 86' lang='lat' dir='ltr'><strong>sed</strong></span> <span class='ocrx_word' id='word_1_874' title='bbox 3438 5392 3605 5446; x_wconf 89' lang='lat' dir='ltr'><strong>etiam</strong></span> <span class='ocrx_word' id='word_1_875' title='bbox 3633 5390 3704 5445; x_wconf 88' lang='lat' dir='ltr'><strong>de</strong></span> <span class='ocrx_word' id='word_1_876' title='bbox 3733 5405 3814 5443; x_wconf 84' lang='lat' dir='ltr'><strong>ne-</strong></span> 
     </span>
    </p>
   </div>
   <div class='ocr_carea' id='block_1_115' title="bbox 2218 5487 3586 5551">
    <p class='ocr_par' dir='ltr' id='par_1_115' title="bbox 2218 5487 3586 5551">
     <span class='ocr_line' id='line_1_115' title="bbox 2218 5487 3586 5551; baseline -0.008 0"><span class='ocrx_word' id='word_1_877' title='bbox 2218 5497 2450 5551; x_wconf 60' lang='lat' dir='ltr'><strong>cessario</strong></span> <span class='ocrx_word' id='word_1_878' title='bbox 2492 5495 2611 5550; x_wconf 85' lang='lat' dir='ltr'><strong>cibo</strong></span> <span class='ocrx_word' id='word_1_879' title='bbox 2655 5491 2915 5546; x_wconf 90' lang='lat' dir='ltr'><strong>sollicitos</strong></span> <span class='ocrx_word' id='word_1_880' title='bbox 2957 5503 3076 5544; x_wconf 88' lang='lat' dir='ltr'><strong>esse</strong></span> <span class='ocrx_word' id='word_1_881' title='bbox 3120 5497 3296 5551; x_wconf 84' lang='lat' dir='ltr'><strong>vetat,</strong></span> <span class='ocrx_word' id='word_1_882' title='bbox 3338 5487 3517 5540; x_wconf 73' lang='lat' dir='ltr'><strong>dicens</strong></span> <span class='ocrx_word' id='word_1_883' title='bbox 3571 5505 3586 5540; x_wconf 91' lang='lat'><strong>:</strong></span> 
     </span>
    </p>
   </div>
   <div class='ocr_carea' id='block_1_116' title="bbox 3641 5482 3813 5537">
    <p class='ocr_par' dir='ltr' id='par_1_116' title="bbox 3641 5482 3813 5537">
     <span class='ocr_line' id='line_1_116' title="bbox 3641 5482 3813 5537; baseline -0.017 0"><span class='ocrx_word' id='word_1_884' title='bbox 3641 5482 3813 5537; x_wconf 75' lang='lat' dir='ltr'><strong>Nolite</strong></span> 
     </span>
    </p>
   </div>
   <div class='ocr_carea' id='block_1_117' title="bbox 533 5573 3809 5655">
    <p class='ocr_par' dir='ltr' id='par_1_117' title="bbox 533 5573 3809 5655">
     <span class='ocr_line' id='line_1_117' title="bbox 533 5573 3809 5655; baseline -0.004 -14"><span class='ocrx_word' id='word_1_885' title='bbox 533 5587 714 5650; x_wconf 86' lang='lat' dir='ltr'><strong>debat,</strong></span> <span class='ocrx_word' id='word_1_886' title='bbox 743 5597 800 5642; x_wconf 82' lang='grc' dir='ltr'><strong>ιιι</strong></span> <span class='ocrx_word' id='word_1_887' title='bbox 831 5588 918 5642; x_wconf 90' lang='lat' dir='ltr'><strong>ille</strong></span> <span class='ocrx_word' id='word_1_888' title='bbox 948 5587 1188 5642; x_wconf 89' lang='lat' dir='ltr'><strong>declarat</strong></span> <span class='ocrx_word' id='word_1_889' title='bbox 1216 5588 1402 5642; x_wconf 90' lang='lat' dir='ltr'><strong>dicens</strong></span> <span class='ocrx_word' id='word_1_890' title='bbox 1430 5606 1446 5643; x_wconf 89' lang='lat'><strong>:</strong></span> <span class='ocrx_word' id='word_1_891' title='bbox 1477 5589 1539 5644; x_wconf 83' lang='lat' dir='ltr'><strong>Si</strong></span> <span class='ocrx_word' id='word_1_892' title='bbox 1573 5589 1784 5643; x_wconf 78' lang='lat' dir='ltr'><strong>ltetatus</strong></span> <span class='ocrx_word' id='word_1_893' title='bbox 1813 5605 1952 5652; x_wconf 84' lang='lat' dir='ltr'><strong>sum,</strong></span> <span class='ocrx_word' id='word_1_894' title='bbox 1979 5589 2120 5655; x_wconf 81' lang='lat' dir='ltr'><strong>quod</strong></span> <span class='ocrx_word' id='word_1_895' title='bbox 2215 5590 2419 5642; x_wconf 74' lang='lat' dir='ltr'><strong>solliciti</strong></span> <span class='ocrx_word' id='word_1_896' title='bbox 2442 5603 2550 5641; x_wconf 86' lang='lat' dir='ltr'><strong>esse</strong></span> <span class='ocrx_word' id='word_1_897' title='bbox 2577 5584 2761 5638; x_wconf 80' lang='lat' dir='ltr'><strong>anima:</strong></span> <span class='ocrx_word' id='word_1_898' title='bbox 2789 5593 2984 5647; x_wconf 79' lang='lat' dir='ltr'><strong>vestrte,</strong></span> <span class='ocrx_word' id='word_1_899' title='bbox 3011 5580 3133 5651; x_wconf 84' lang='lat' dir='ltr'><strong>quid</strong></span> <span class='ocrx_word' id='word_1_900' title='bbox 3162 5577 3496 5632; x_wconf 85' lang='lat' dir='ltr'><strong>manducetis.</strong></span> <span class='ocrx_word' id='word_1_901' title='bbox 3523 5574 3648 5630; x_wconf 84' lang='lat' dir='ltr'><strong>Non</strong></span> <span class='ocrx_word' id='word_1_902' title='bbox 3670 5573 3809 5645; x_wconf 90' lang='lat' dir='ltr'><strong>quod</strong></span> 
     </span>
    </p>
   </div>
   <div class='ocr_carea' id='block_1_118' title="bbox 534 5678 2122 5751">
    <p class='ocr_par' dir='ltr' id='par_1_118' title="bbox 534 5678 2122 5751">
     <span class='ocr_line' id='line_1_118' title="bbox 534 5678 2122 5751; baseline 0.001 -19"><span class='ocrx_word' id='word_1_903' title='bbox 534 5682 718 5734; x_wconf 69' lang='lat' dir='ltr'><strong>multa:</strong></span> <span class='ocrx_word' id='word_1_904' title='bbox 741 5679 870 5734; x_wconf 82' lang='lat' dir='ltr'><strong>mihi</strong></span> <span class='ocrx_word' id='word_1_905' title='bbox 895 5688 1064 5734; x_wconf 78' lang='lat' dir='ltr'><strong>essent</strong></span> <span class='ocrx_word' id='word_1_906' title='bbox 1093 5679 1292 5735; x_wconf 76' lang='lat' dir='ltr'><strong>divitia:</strong></span> <span class='ocrx_word' id='word_1_907' title='bbox 1319 5678 1464 5751; x_wconf 82' lang='lat' dir='ltr'><strong>(Job.</strong></span> <span class='ocrx_word' id='word_1_908' title='bbox 1490 5681 1580 5736; x_wconf 78' lang='lat'><strong>5|.</strong></span> <span class='ocrx_word' id='word_1_909' title='bbox 1603 5680 1731 5750; x_wconf 66' lang='lat'><strong>95);</strong></span> <span class='ocrx_word' id='word_1_910' title='bbox 1759 5680 1991 5750; x_wconf 88' lang='lat' dir='ltr'><strong>ideoque</strong></span> <span class='ocrx_word' id='word_1_911' title='bbox 2017 5679 2122 5734; x_wconf 87' lang='lat' dir='ltr'><strong>illis</strong></span> 
     </span>
    </p>
   </div>
   <div class='ocr_carea' id='block_1_119' title="bbox 535 5773 2123 5834">
    <p class='ocr_par' dir='ltr' id='par_1_119' title="bbox 535 5773 2123 5834">
     <span class='ocr_line' id='line_1_119' title="bbox 535 5773 2123 5834; baseline 0.001 -7"><span class='ocrx_word' id='word_1_912' title='bbox 535 5775 752 5831; x_wconf 75' lang='lat' dir='ltr'><strong>amissis</strong></span> <span class='ocrx_word' id='word_1_913' title='bbox 781 5789 887 5831; x_wconf 91' lang='lat' dir='ltr'><strong>non</strong></span> <span class='ocrx_word' id='word_1_914' title='bbox 916 5773 1104 5832; x_wconf 87' lang='lat' dir='ltr'><strong>doluit.</strong></span> <span class='ocrx_word' id='word_1_915' title='bbox 1131 5775 1200 5830; x_wconf 86' lang='lat' dir='ltr'><strong>At</strong></span> <span class='ocrx_word' id='word_1_916' title='bbox 1231 5788 1340 5832; x_wconf 85' lang='lat' dir='ltr'><strong>non</strong></span> <span class='ocrx_word' id='word_1_917' title='bbox 1371 5775 1506 5834; x_wconf 84' lang='lat' dir='ltr'><strong>tales</strong></span> <span class='ocrx_word' id='word_1_918' title='bbox 1537 5774 1696 5833; x_wconf 88' lang='lat' dir='ltr'><strong>hodie</strong></span> <span class='ocrx_word' id='word_1_919' title='bbox 1726 5773 1920 5832; x_wconf 82' lang='lat' dir='ltr'><strong>divites</strong></span> <span class='ocrx_word' id='word_1_920' title='bbox 1946 5780 2076 5830; x_wconf 83' lang='lat' dir='ltr'><strong>sunt</strong></span> <span class='ocrx_word' id='word_1_921' title='bbox 2103 5790 2123 5828; x_wconf 88' lang='lat'><strong>:</strong></span> 
     </span>
    </p>
   </div>
   <div class='ocr_carea' id='block_1_120' title="bbox 2280 5679 3807 5750">
    <p class='ocr_par' dir='ltr' id='par_1_120' title="bbox 2280 5679 3807 5750">
     <span class='ocr_line' id='line_1_120' title="bbox 2280 5679 3807 5750; baseline -0.012 -9"><span class='ocrx_word' id='word_1_922' title='bbox 2280 5695 2295 5724; x_wconf 74' lang='grc' dir='ltr'>ί</span> <span class='ocrx_word' id='word_1_923' title='bbox 2322 5692 2408 5740; x_wconf 85' lang='lat' dir='ltr'><strong>Ed.</strong></span> <span class='ocrx_word' id='word_1_924' title='bbox 2435 5691 2683 5750; x_wconf 85' lang='lat' dir='ltr'><strong>Cautabr.,</strong></span> <span class='ocrx_word' id='word_1_925' title='bbox 2718 5689 2858 5750; x_wconf 88' lang='lat' dir='ltr'><strong>cujus</strong></span> <span class='ocrx_word' id='word_1_926' title='bbox 2886 5688 3052 5750; x_wconf 62' lang='lat' dir='ltr'><strong>Grzeca</strong></span> <span class='ocrx_word' id='word_1_927' title='bbox 3076 5679 3425 5750; x_wconf 74' lang='lat' dir='ltr'><strong>expressimus</strong></span> <span class='ocrx_word' id='word_1_928' title='bbox 3452 5693 3462 5726; x_wconf 93' lang='lat'><strong>:</strong></span> <span class='ocrx_word' id='word_1_929' title='bbox 3488 5681 3534 5746; x_wconf 70' lang='lat' dir='ltr'><strong>et</strong></span> <span class='ocrx_word' id='word_1_930' title='bbox 3551 5690 3604 5745; x_wconf 56' lang='lat' dir='ltr'><strong>q:</strong></span> <span class='ocrx_word' id='word_1_931' title='bbox 3627 5690 3680 5750; x_wconf 71' lang='grc' dir='ltr'><strong>ρ.</strong></span> <span class='ocrx_word' id='word_1_932' title='bbox 3707 5687 3807 5750; x_wconf 61' lang='lat' dir='ltr'><strong>ge.</strong></span> 
     </span>
    </p>
   </div>
   <div class='ocr_carea' id='block_1_121' title="bbox 2219 5737 3815 5866">
    <p class='ocr_par' dir='ltr' id='par_1_121' title="bbox 2219 5737 3815 5866">
     <span class='ocr_line' id='line_1_121' title="bbox 2219 5737 3815 5866; baseline -0.007 -66"><span class='ocrx_word' id='word_1_933' title='bbox 2219 5737 2793 5866; x_wconf 47' lang='grc' dir='ltr'><strong>(ᾳιιίξιβιιῖῧῌιῖἆωόυωῖ</strong></span> <span class='ocrx_word' id='word_1_934' title='bbox 2839 5746 3024 5803; x_wconf 75' lang='lat' dir='ltr'><strong>excidit</strong></span> <span class='ocrx_word' id='word_1_935' title='bbox 3059 5760 3090 5797; x_wconf 89' lang='lat' dir='ltr'><strong>a</strong></span> <span class='ocrx_word' id='word_1_936' title='bbox 3130 5737 3355 5807; x_wconf 65' lang='lat' dir='ltr'><strong>supernis</strong></span> <span class='ocrx_word' id='word_1_937' title='bbox 3391 5737 3546 5800; x_wconf 82' lang='lat' dir='ltr'><strong>bonis,</strong></span> <span class='ocrx_word' id='word_1_938' title='bbox 3566 5737 3640 5788; x_wconf 56' lang='lat' dir='ltr'><strong>’id</strong></span> <span class='ocrx_word' id='word_1_939' title='bbox 3663 5737 3815 5800; x_wconf 55' lang='grc' dir='ltr'><strong>ωλι</strong></span> 
     </span>
     <span class='ocr_line' id='line_1_122' title="bbox 2219 5826 2552 5866; baseline -0.006 0"><span class='ocrx_word' id='word_1_940' title='bbox 2219 5829 2344 5866; x_wconf 76' lang='lat' dir='ltr'><strong>scrin</strong></span> <span class='ocrx_word' id='word_1_941' title='bbox 2368 5827 2416 5866; x_wconf 86' lang='lat' dir='ltr'><strong>to</strong></span> <span class='ocrx_word' id='word_1_942' title='bbox 2488 5826 2552 5865; x_wconf 83' lang='lat' dir='ltr'><strong>et.</strong></span> 
     </span>
    </p>
   </div>
   <div class='ocr_carea' id='block_1_122' title="bbox 2217 5826 2552 5869">
    <p class='ocr_par' dir='ltr' id='par_1_122' title="bbox 2217 5826 2552 5869">
     <span class='ocr_line' id='line_1_123' title="bbox 2217 5826 2552 5869; baseline -0.012 0"><span class='ocrx_word' id='word_1_943' title='bbox 2217 5826 2416 5869; x_wconf 73' lang='lat' dir='ltr'><strong>servulo</strong></span> <span class='ocrx_word' id='word_1_944' title='bbox 2441 5826 2552 5865; x_wconf 77' lang='grc' dir='ltr'><strong>νει.</strong></span> 
     </span>
    </p>
   </div>
  </div>
