4038 6364
134 352 232 410 2‘35

142 469 445 542 ϐερώτερα.
474 473 541 526 τί
565 474 673 544 γάρ
701 475 806 527 τῶν
829 476 923 529 νῦν
951 479 1256 549 εἰρημένων
1286 482 1678 554 φοϐερώτερον,
1704 484 1814 551 εῐγε

145 559 433 632 μέλλοιμεν
471 565 573 632 τῆς
618 567 713 618 τοῦ
745 567 983 637 Χριστοῦ
1025 569 1272 630 δουλείας
1313 571 1601 625 ἐκπίπτειν
1631 573 1718 625 διὰ
1749 572 1816 624 τά

143 647 437 717 χρήματαε
479 651 534 703 τί
571 651 627 703 δέ
657 651 1052 723 ποθεινότερον,
1095 655 1208 723 εἴγε
1235 657 1276 688 ⁸¹
1318 658 1602 728 μέλλοιμεν
1636 659 1815 712 αὐτῶν

142 735 489 802 ὑπεριδόντες
508 738 711 807 ἀκριϐῆ
737 739 835 808 τὴν
854 741 990 809 πρὸς
1007 741 1170 795 αὐτὸν
1197 742 1410 796 εὖνοιαν
1431 743 1573 815 ἔχειν
1600 746 1692 798 καὶ
1720 744 1816 816 τὴν

142 822 394 893 ἀγάπηνς
427 823 606 895 Ὅπερ
632 826 738 898 769
774 827 862 880 ἀεὶ
889 828 1052 896 λέγω,
1070 830 1229 884 τοῦτο
1257 832 1348 885 καὶ
1380 831 1475 884 νῦν
1499 832 1627 904 ἐρῶ,
1649 834 1731 886 ὅτι
1749 834 1816 887 δι’

144 913 421 984 ἑκατέρων
445 914 577 968 ὠθεῖ
602 916 693 968 τὸν
713 917 988 988 ἀκροατὴν
1019 921 1098 984 είς
1125 921 1224 989 τὴν
1257 921 1501 992 ὑπακοὴν
1527 922 1636 975 τῶν
1667 923 1816 990 λεγο-

147 999 342 1069 μένων,
379 1003 477 1055 καὶ
505 1003 594 1055 διά
622 1004 730 1056 τῶν
769 1004 1084 1076 ὠφελίμων,
1116 1009 1212 1061 καὶ
1237 1009 1326 1062 διά
1357 1011 1467 1062 τῶν
1505 1010 1781 1082 βλαϐερῶν
1800 1031 1812 1042 ·

144 1087 396 1160 καθάπερ
443 1090 626 1162 ίατρδς
668 1092 922 1163 ἀριστος,
957 1094 1053 1147 καὶ
1089 1095 1186 1166 τὴν
1233 1097 1298 1149 ἐκ
1343 1099 1445 1167 τῆς
1490 1099 1817 1170 ἀπροσεξίας

142 1176 312 1242 νόσον,
344 1177 442 1230 καὶ
474 1178 576 1248 τὴν
610 1179 718 1232 ἀπὸ
747 1180 849 1249 τῆς
883 1181 1130 1252 ὑπακοῆς
1162 1183 1351 1252 ὑγείαν
1388 1186 1812 1256 ἐνδεικνύμενος.

143 1263 280 1335 Ὅρα
303 1262 439 1332 γοῦν
459 1261 572 1320 οἷον
605 1265 767 1320 πάλιν
786 1267 1023 1322 δείκνυσι
1049 1269 1111 1322 :6
1139 1270 1330 1342 κέρδος
1358 1273 1538 1336 τοῦτο,
1571 1277 1667 1328 καὶ
1699 1275 1818 1337 πῶς

143 1351 547 1416 κατασκευάζει
584 1355 647 1407 :6
671 1357 951 1428 συμφέρον
975 1358 1084 1411 61:6
1105 1359 1206 1428 τῆς
1233 1359 1342 1412 τῶν
1362 1361 1620 1416 ἐναντίων
1645 1362 1818 1416 ἀπαλε-

141 1439 332 1506 λαγῆς.
381 1441 458 1492 Ού
513 1440 618 1511 769
673 1441 832 1497 τοῦτο
881 1445 1040 1515 μόνον
1092 1447 1236 1516 ὑμᾶς
1280 1446 1528 1517 βλάπτει,
1568 1449 1754 1520 φησὶν,
1789 1451 1818 1503 6

144 1525 393 1590 πλοῦτος,
423 1527 578 1599 [269]
619 1531 701 1582 ὅτι
727 1531 932 1602 λῃστάς
967 1533 1177 1598 ὁπλίζει
1219 1535 1341 1588 καθ’
1378 1535 1553 1606 ὑμῶν,
1596 1536 1703 1590 οὐδ’
1735 1537 1816 1591 ὅτι

142 1615 225 1666 16v
269 1613 399 1667 νοῦν
446 1619 633 1669 σκοτοῖ
668 1618 788 1686 μετ’
831 1619 1134 1684 ἐπιτάσεως
1167 1623 1416 1692 ἀπάσης·
1451 1623 1564 1676 ἀλλ’
1594 1623 1675 1677 ὅτι
1723 1627 1818 1678 καὶ

141 1704 231 1772 τῆς
257 1703 508 1767 δουλείας
534 1705 676 1773 ὑμᾶς
713 1707 963 1762 ἐκϐάλλει
991 1708 1084 1762 τοῦ
1118 1711 1274 1775 Θεοῦ,
1306 1713 1684 1782 αἰχμαλώτους
1710 1713 1817 1767 τῶν

141 1791 362 1860 ἀψύχων
396 1792 696 1863 χρημάτων
718 1794 906 1857 ποιῶν,
938 1797 1032 1849 καὶ
1061 1797 1396 1869 ἑκατέρωθεν
1422 1799 1693 1870 βλάπτων.
1725 1802 1819 1854 καὶ

140 1880 213 1950 τῷ
243 1881 469 1944 δούλους
500 1885 672 1933 ποιεῖν
698 1875 772 1936 ὧν
804 1887 1024 1953 κρατεῖν
1045 1885 1172 1949 ἔδει,
1213 1888 1308 1940 καὶ
1333 1888 1411 1958 τῷ
1445 1887 1542 1958 τῆς
1575 1889 1818 1954 δουλείας

139 1969 422 2022 ἐκϐάλλειν
453 1967 546 2022 τοῦ
566 1967 721 2030 Θεοῦ,
753 1963 797 2038 ᾧ
833 1971 1064 2039 μάλιστα
1094 1973 1312 2028 πάντων
1343 1974 1612 2029 δουλεύειν
1645 1976 1816 2045 ἀναγ-

139 2062 284 2112 καῖον
319 2059 474 2128 ύμῖν.
517 2059 727 2129 Ὠσπερ
753 2060 860 2130 γὰρ
891 2063 1009 2115 ἐκεῖ
1046 2061 1240 2134 διπλῆν
1263 2063 1432 2130 ἔδειξε
1458 2065 1558 2136 τὴν
1590 2065 1813 2136 βλάϐην,

137 2141 211 2210 τῷ
239 2143 334 2195 καὶ
362 2141 600 2196 ἐνταῦθα
630 2143 856 2208 τιθέναι,
886 2146 1019 2198 ὅπου
1048 2145 1144 2217 σὴς
1169 2147 1438 2217 ἀφανίζει,
1477 2151 1569 2203 καὶ
1594 2152 1711 2202 ἐκεῖ
1741 2150 1815 2222 μὴ

137 2227 362 2290 τιθέναι,
401 2228 530 2281 ἔνθα
576 2229 917 2300 ἀνάλωτοςὴ
967 2232 1220 2304 φυλακή·
1253 2234 1394 2288 οὕτω
1441 2237 1536 2288 καὶ
1582 2237 1816 2290 ἐνταῦθα

137 2317 327 2386 διπλῆν
377 2317 621 2370 δείκνυσι
666 2318 766 2389 τὴν
814 2318 1040 2391 ζημίαν,
1084 2321 1177 2375 καὶ¹
1224 2321 1290 2374 δι’
1340 2315 1416 2376 ὧν
1449 2323 1678 2392 ἀφέλκει
1721 2325 1814 2378 τοῦ

137 2404 287 2466 Θεοῦ,
318 2405 415 2457 καὶ
457 2405 526 2457 δι’
559 2399 636 2458 ὧν
667 2407 957 2460 ὑποτάττει
987 2410 1063 2478 τῷ
1107 2413 1363 2482 μαμωνᾷ.
1407 2410 1546 2465 Ἀλλ’
1585 2413 1685 2465 οὐκ
1723 2415 1816 2467 εύ-

141 2492 270 2554 θέως
299 2492 436 2544 αὐτὸ
460 2492 696 2564 τίθησιν,
726 2494 842 2547 ἀλλ’
871 2494 978 2548 ἀπὸ
1010 2497 1204 2550 κοινῶν
1233 2498 1366 2551 αὐτὸ
1399 2499 1616 2568 πρῶτον
1649 2518 1817 2554 κατα-

142 2582 390 2646 σκευάζει
419 2582 718 2652 λογισμῶν,
742 2583 885 2637 οῦτω
921 2585 1127 2653 λέγων·
1155 2586 1365 2653 Οὐδεὶς
1389 2587 1639 2643 δύναται
1670 2590 1814 2644 δυσὶ

143 2672 363 2734 κιφιόις
397 2669 746 2725 δουλεύειν·
777 2673 870 2726 δύο
912 2674 1040 2738 τοὺς
1074 2673 1143 2727 τὰ
1175 2677 1394 2730 ἐναντία
1430 2679 1817 2742 ἐπιτάττοντας

140 2758 307 2825 λέγων
334 2758 593 2812 ἐνταῦθα.
633 2761 786 2813 Ἐπεὶ
814 2763 862 2814 εἰ
895 2761 969 2832 μὴ
997 2762 1155 2815 τοῦτο
1179 2764 1285 2834 εἴη,
1313 2765 1434 2817 οὐδέ
1466 2766 1559 2818 δύο
1588 2766 1654 2819 ἂν
1683 2762 1812 2824 εἷεν.

148 2846 252 2898 Καὶ
284 2845 398 2917 769
429 2845 546 2900 Τοῦ
574 2846 850 2914 πλήθους
878 2850 998 2902 τῶν
1020 2852 1484 2906 πιστευσάντων
1505 2849 1586 2922 ἦν
1608 2855 1648 2921 ἡ
1677 2871 1816 2922 acap-

141 2933 230 2985 δία
260 2935 360 2986 καί
378 2934 416 2999 ή
435 2935 609 3003 ψυχὴ
619 2937 753 3005 μία·
772 2939 948 2992 καίτοι
963 2940 1044 3002 εἰς
1067 2939 1236 2992 πολλὰ
1269 2940 1501 3010 σώματα
1541 2937 1679 3012 ἦσαν
1703 2943 1816 3017 διῃ-

144 3021 384 3093 ρημένοι,
423 3023 542 3076 ἀλλ’
562 3024 712 3094 ὅμως
742 3027 775 3096 ἡ
798 3026 1022 3095 ὁμόνοια
1047 3027 1176 3091 τοὺς
1202 3027 1433 3092 πολλοὺς
1461 3028 1520 3082 ἓν
1536 3030 1814 3100 ἐποίησεν.

143 3107 268 3166 Εἶτα
292 3112 581 3166 ἐπιτείνων
603 3114 762 3174 αὐτὰ,
783 3115 948 3186 φησίν
968 3133 982 3148 ·
1007 3117 1068 3169 ού
1091 3117 1251 3188 μόνον
1273 3119 1334 3172 ού
1361 3119 1660 3184 δουλεύσει,
1682 3121 1819 3175 ἀλλά

144 3199 228 3252 καὶ
270 3201 494 3270 μισήσει
531 3202 627 3254 καὶ
655 3202 1163 3275 ἀποστραφήσεται.
1191 3206 1261 3259 Ἢ
1294 3207 1405 3276 γὰρ
1436 3208 1544 3262 τὸν
1580 3209 1690 3262 ἕνα
1722 3228 1819 3278 μι-

138 3289 334 3354 σήσει,
383 3291 539 3360 φησὶ,
580 3292 680 3346 καὶ
736 3293 843 3346 τὸν
897 3293 1103 3362 ἕτερον
1141 3294 1482 3365 ἀγαπήσει·
1530 3298 1570 3364 ἣ
1603 3297 1742 3364 ἐνὸς
1771 3300 1817 3330 ιι

138 3378 443 3441 ἀνθέξεται
463 3419 480 3441 ,
520 3380 618 3434 καί
653 3380 761 3433 τοῦ
806 3380 1012 3448 ἐτέρου
1041 3384 1503 3451 καταφρονήσει.
1528 3385 1640 3439 Καὶ
1672 3385 1820 3440 δοκεῖ

143 3469 231 3533 μὲν
256 3468 514 3537 δεύτερον
544 3469 797 3540 εἰρῆσθαι
826 3470 888 3523 :6
909 3471 1043 3524 αὑτό
1063 3487 1076 3500 ⁶
1117 3473 1176 3524 οὐ
1211 3472 1319 3543 μὴν
1343 3472 1388 3504 ⁸³
1416 3473 1604 3537 ἁπλῶς
1646 3475 1818 3539 οὕτως

139 3552 262 3604 αὐτὸ
289 3552 610 3622 συνέθηκεν,
645 3553 761 3605 ἀλλ’
797 3554 884 3607 ἵνα
921 3554 1071 3628 δείξῃ
1098 3555 1286 3626 ῥᾳδίαν
1309 3552 1475 3610 οὖσαν
1503 3557 1601 3628 τὴν
1632 3560 1725 3613 ἐπὶ
1757 3559 1818 3613 :6

140 3633 340 3701 βέλτιον
367 3635 692 3705 μεταϐολήν.
710 3637 829 3691 Ἵνα
852 3637 962 3707 γὰρ
993 3639 1067 3709 μὴ
1097 3638 1266 3711 λέγῃς
1285 3657 1297 3669 ο
1323 3641 1623 3712 ἐδουλώθην
1645 3643 1816 3709 ἅπαξ,

137 3718 504 3787 ἐτυραννήθην
535 3719 640 3772 61:6
664 3719 772 3771 τῶν
807 3721 1106 3792 χρημάτων
1125 3739 1138 3752 ·
1171 3723 1444 3779 δείκνυσιν
1479 3725 1561 3778 ὅτι
1592 3726 1817 3781 δυνατὸν

141 3803 484 3870 μεταθέσθαι.
526 3806 622 3857 καὶ
653 3803 699 3835 ⁸⁸
733 3804 924 3875 ὥσπερ
963 3805 1173 3860 ἐκεῖθεν
1209 3807 1303 3861 ἐπὶ
1330 3807 1512 3869 τοῦτο,
1549 3809 1693 3864 οὕτω
1720 3810 1817 3864 καὶ

139 3890 380 3944 ἐντεῦθεν
407 3892 495 3944 ἐπ’
520 3893 696 3945 ἐκεῖνο
736 3892 930 3946 ἐλθεῖν.
969 3893 1152 3946 Εἰπὼν
1185 3894 1366 3947 τοίνυν
1398 3896 1695 3968 ἀορίστως,
1727 3898 1818 3952 ἵνα

142 3979 294 4049 πείσῃ
342 3979 436 4033 τὸν
469 3981 746 4050 ἀκροατὴν
773 3980 1071 4034 ἀδέκαστον
1100 3983 1293 4053 κριτὴν
1321 3985 1570 4052 γενέσθαι
1592 3986 1704 4039 τῶν
1727 3986 1815 4039 λεο

139 4067 397 4135 τομένων,
440 4068 536 4119 καὶ
574 4069 669 4120 ἀπ’
703 4069 871 4136 αὐτῆς
903 4068 1012 4121 τῶν
1059 4071 1402 4139 πραγμάτων
1449 4072 1549 4142 τῆς
1599 4073 1816 4142 φύσεως

139 4154 231 4222 τὴν
260 4153 442 4222 ψῆφον
478 4154 799 4223 ἐξενεγκεῖν,
839 4155 926 4209 ὅτε
975 4156 1164 4211 ἔλαϐεν
1200 4158 1360 4212 αὐτὸν
1396 4162 1810 4229 συμφωνοῦντα,

138 4241 251 4294 τότε
285 4243 380 4295 καὶ
411 4242 610 4317 ἐαυτὸν¹
632 4243 1031 4298 ἀποκαλύπτει.
1079 4245 1355 4314 Ἐπήγαγε
1389 4247 1519 4313 γοῦν
1544 4264 1558 4276 ·
1593 4250 1676 4302 Οὐ
1708 4249 1809 4302 δύ-

137 4332 318 4383 νασθε
355 4327 479 4394 Θεῷ
515 4329 832 4384 δουλεύειν
855 4330 955 4383 καὶ
984 4331 1253 4400 μαμωνᾷ.
1300 4333 1583 4404 Φρίξωμεν
1626 4336 1806 4406 ἐννοή-

137 4431 321 4479 σαντες
363 4418 407 4448 ⁸³
435 4417 489 4470 τί
519 4419 1015 4488 παρεσκευάσαμεν
1059 4419 1150 4472 τὸν
1194 4418 1430 4490 Χριστὸν
1473 4423 1678 4482 εἰπεῖν,
1716 4425 1811 4477 καὶ

138 4502 270 4571 μετά
299 4503 436 4556 Θεοῦ
465 4503 636 4556 θεῖναι
660 4504 751 4557 τὸν
775 4504 993 4576 χρυσόν.
1019 4507 1082 4558 El
1105 4505 1160 4558 δέ
1182 4504 1340 4560 τοῦτο
1371 4510 1615 4579 φρικτὸν,
1640 4509 1701 4563 :6
1722 4510 1810 4564 διὰ

134 4589 238 4641 τῶν
285 4589 467 4660 ἔργων
513 4590 783 4659 γίνεσθαι,
832 4592 926 4644 καὶ
950 4593 1324 4663 προτιμᾶσθαι
1368 4595 1464 4649 τοῦ
1503 4596 1668 4665 φόϐου
1711 4597 1810 4651 τοῦ

134 4675 262 4730 Θεοῦ
294 4677 399 4749 τὴν
427 4677 522 4731 τοῦ
553 4677 756 4749 χρυσοῦ
791 4680 1101 4750 τυραννίδα,
1133 4681 1312 4751 πολλῷ
1350 4684 1807 4755 φρικωδέστερον.

131 4765 194 4817 Τί
220 4762 352 4827 ούνς
385 4764 484 4817 ἐπὶ
521 4765 630 4818 τῶν
661 4766 905 4819 παλαιῶν
933 4767 1033 4820 ούκ
1061 4762 1130 4838 ἦν
1166 4769 1325 4822 τοῦτο
1349 4770 1607 4836 δυνατόν;
1641 4773 1812 4826 υύδα-

131 4852 267 4921 μῶς.
301 4851 432 4916 Πῶς
476 4847 624 4906 οὗνὸ
677 4853 955 4924 Ἀϐραὰμ,
1001 4856 1153 4924 φησὶ,
1195 4856 1314 4921 πῶς
1355 4859 1384 4912 6
1429 4858 1550 4911 Ἰὼϐ
1599 4860 1804 4913 εὐδοκί-

131 4959 271 5012 μησε
297 4959 314 5007 ;
349 4943 443 5013 Μή
487 4960 576 5010 μοι
608 4944 735 5006 τοὺς
761 4942 1123 5006 πλουτοῦντας
1149 4946 1330 5018 εἴπης,
1365 4947 1500 5000 ἀλλά
1535 4949 1662 5011 τοὺς
1689 4949 1811 5002 δου-

126 5029 410 5094 λεύοντας.
446 5030 601 5083 Ἐπεὶ
641 5031 736 5084 καὶ
771 5033 801 5084 6
837 5032 956 5084 Ἰὼϐ
983 5032 1237 5096 πλούσιος
1263 5031 1330 5106 ἦν
1351 5051 1363 5065 ·
1399 5035 1512 5088 ἀλλ’
1538 5039 1638 5090 οὐκ
1668 5036 1812 5089 ἐδού-

128 5120 250 5172 λευε
271 5118 354 5190 τῷ
383 5120 641 5190 μαμωνᾷ,
666 5119 780 5172 ἀλλ’
813 5115 958 5190 εἶχεν
992 5121 1153 5174 αὐτὸν
1184 5122 1278 5175 καὶ
1323 5123 1564 5193 ἐκράτει,
1602 5125 1694 5178 καὶ
1723 5125 1811 5177 δε-

131 5211 362 5280 σπότης,
399 5209 462 5262 οὗ
494 5209 682 5272 δοῦλος
719 5205 1050 5282 ἦν.”Ὡσπερ
1079 5208 1170 5265 οὖν
1207 5213 1501 5285 ἀλλοτρίων
1529 5216 1812 5286 οἰκονόμος

127 5300 203 5352 ῶν
235 5299 579 5370 χρημάτων,
613 5297 757 5358 οὕτω
796 5299 976 5354 πάντα
1022 5304 1204 5356 ἐκεῖνα
1232 5304 1516 5374 ἐκέκτητο,
1547 5305 1608 5357 ού
1651 5307 1812 5376 μόνον

128 5389 198 5440 τά
231 5388 442 5457 ἐτέρων
469 5387 568 5456 οὺχ
590 5387 874 5458 ἁρπάζων,
907 5388 1044 5442 ἀλλά
1073 5391 1166 5443 καὶ
1192 5390 1259 5444 :6
1282 5391 1327 5421 ⁸⁸
1356 5392 1460 5444 ίδια
1491 5393 1813 5464 προϊέμενος

130 5481 243 5541 τοῖς
291 5477 591 5548 δεομένοις.
642 5477 752 5531 Καὶ
786 5478 848 5530 τὸ
879 5478 942 5548 δὴ
992 5479 1206 5548 μεῖζον,
1250 5479 1333 5532 ὃτι
1380 5480 1498 5533 οὐδὲ
1542 5481 1813 5552 παροῦσιν

132 5565 353 5636 ἔχαιρεν
373 5582 384 5592 ·
417 5564 448 5617 6
476 5564 571 5617 καὶ
597 5563 782 5634 ἐδήλου
809 5564 983 5632 λέγων
1008 5583 1020 5596 ·
1041 5567 1112 5618 El
1157 5566 1252 5620 καί
1278 5568 1624 5636 εὐρριὶνθην
1659 5573 1810 5624 πολ-

133 5653 244 5706 λοῦ
273 5652 550 5706 πλούτου
571 5669 672 5719 μοι
710 5651 1033 5721 γενομένου
1054 5670 1067 5683 ·
1104 5653 1192 5707 6:6
1221 5654 1377 5708 τοῦτο
1410 5654 1531 5708 οὐδὲ
1571 5656 1812 5726 ἦλγησεν

203 5744 243 5775 ⁸¹
273 5742 414 5818 ε-ίγε]
451 5744 522 5818 εἰ*
540 5743 602 5798 Α.
650 5753 708 5818 gl
737 5759 903 5818 corr.
929 5745 988 5800 Β.
1069 5745 1115 5818 ⁸ξ
1140 5746 1280 5818 ἐνὸς]
1323 5747 1417 5800 τοῦ
1459 5747 1574 5811 ἐνὸς
1600 5749 1662 5801 Α.
1743 5749 1788 5781 ⁸³
1816 5749 1876 5801 ού

1156 363 1222 419 IN
1263 364 1679 423 MATTIUEUM
1722 361 1952 422 IIOMIL.
1995 361 2133 420 XXI.
2168 364 2238 420 al.
2281 363 2445 420 XXII.

3471 361 3582 420 2:35
3609 391 3620 402 -

1916 480 2260 543 ἀπελθόντος.
2292 479 2432 532 Ἀλλ’
2456 478 2578 549 ούχὶ
2597 477 2693 532 νῦν
2713 480 2945 534 τοιοῦτοι
2964 481 3013 534 oi
3044 479 3393 544 πλουτοῦντές
3425 479 3583 546 είσιν,

1917 567 2052 620 ἀλλά
2083 569 2176 620 καὶ
2216 567 2417 630 παντὸς
2452 568 2784 638 ἀνδραπόδου
2816 571 2998 638 χεῖρον
3028 567 3383 639 διακείμενοι,
3415 565 3586 620 καθά-

1919 672 2024 726 περ
2053 655 2298 726 τυράννῳ
2319 655 2428 708 τινὶ
2454 655 2676 726 χαλεπῷ
2700 654 2852 728 [9.70]
2878 657 3075 728 φόρους
3108 657 3349 725 ἄγοντες.
3377 655 3585 724 Ὥσπερ

1917 743 2027 813 γάρ
2070 743 2364 814 ἀκρόπολίν
2399 760 2520 797 τινα
2562 743 2743 798 αὐτῶν
2777 743 3100 798 καταλαϐὼν
3156 743 3255 815 τὴν
3285 743 3523 796 διάνοιαν
3557 741 3590 794 6

1917 831 2026 884 τῶν
2062 832 2358 902 χρημάτων
2401 832 2573 903 ἔρως,
2620 833 2689 886 :6
2725 834 2905 902 πάσης
2961 835 3303 904 παρανομίας
3349 831 3588 902 γέμοντα

1918 919 2266 989 ἐπιτάγματα
2295 919 2505 972 ἐκεῖθεν
2543 919 2726 982 αὐτοῖς
2755 919 2878 972 καθ’
2917 921 3151 989 ἑκάστην
3181 919 3388 989 πέμπει
3414 918 3457 949 ⁸⁷
3489 916 3589 987 τὴν

1919 1005 2153 1074 ἡμέραν,
2193 1006 2287 1058 καὶ
2316 1007 2346 1058 6
2385 1005 2716 1076 παρακούων
2756 1006 2950 1069 οὐδείς.
2997 1006 3091 1078 Μὴ
3134 1005 3316 1059 τοίνυν
3361 1003 3590 1076 περιττά

1921 1093 2218 1163 φιλοσόφει.
2255 1096 2364 1150 Καὶ
2405 1095 2513 1169 γὰρ
2555 1097 2871 1168 ἀπεφήνατο
2901 1097 3046 1164 ἀπαξ
3070 1099 3101 1150 6
3125 1096 3277 1160 Θεὸς,
3309 1095 3403 1150 καὶ
3436 1090 3591 1148 εἶπεν

1917 1181 2180 1236 ἀδύνατον
2210 1179 2350 1236 εἶναι
2378 1183 2584 1252 ταύτην
2606 1185 2869 1256 κάκείνην
2896 1185 3172 1256 συμϐῆναι
3199 1184 3299 1255 τὴν
3320 1183 3587 1238 δουλείαν.

1920 1271 2008 1340 Μὴ
2036 1270 2215 1323 τοίνυν
2253 1272 2318 1324 σὺ
2353 1272 2498 1341 λέγε,
2522 1274 2604 1326 ὅτι
2630 1274 2874 1328 δυνατόν.
2899 1275 3066 1328 Ὀταν
3091 1273 3198 1344 γάρ
3225 1274 3256 1326 6
3283 1273 3380 1343 μὲν
3413 1271 3590 1343 ἀρπά-

1919 1355 2034 1420 ζειν
2058 1357 2274 1430 κελεύῃ,
2304 1361 2333 1413 6
2361 1359 2417 1412 δὲ
2449 1359 2518 1413 :6
2545 1361 2674 1413 ὄντα
2697 1361 3024 1416 ἀποδύεσθαι
3043 1378 3057 1393 ·
3079 1361 3109 1413 6
3141 1361 3238 1431 μέν
3267 1360 3588 1430 σωφρονεῖν,

1918 1446 1947 1498 6
1975 1445 2033 1498 δέ
2063 1447 2373 1518 πορνεύειν·
2401 1448 2430 1500 6
2462 1449 2562 1519 μέν
2592 1449 2811 1518 μεθύειν
2839 1451 2932 1503 καὶ
2962 1451 3196 1521 τρυφᾷν,
3227 1450 3254 1502 6
3274 1448 3330 1502 δὲ
3355 1445 3592 1519 γαστρὸς

1920 1529 2173 1600 κατέχειν
2199 1546 2213 1561 ⁸
2255 1532 2351 1585 καὶ
2383 1534 2412 1586 6
2453 1533 2550 1603 μέν
2585 1533 2860 1605 ὑπερορᾷν
2887 1533 2998 1587 τῶν
3025 1533 3216 1596 όντων,
3254 1533 3283 1584 6
3304 1531 3360 1585 δέ
3381 1547 3591 1601 προση-

1919 1611 2126 1666 λῶσθαι
2178 1617 2289 1679 τοίς
2333 1614 2600 1686 παροῦσιν
2623 1632 2637 1646 ·
2670 1619 2700 1670 ὁ
2736 1618 2835 1686 μὲν
2867 1617 3169 1687 θαυμάζειν
3203 1617 3469 1686 μάρμαρα
3496 1613 3592 1666 καὶ

1919 1694 2134 1765 τοίχους
2181 1697 2276 1752 καὶ
2317 1699 2566 1769 ὀρόφους,
2603 1700 2631 1752 6
2681 1700 2738 1752 δὲ
2776 1699 2950 1753 ταῦτα
2988 1698 3297 1769 ἀτιμάζειν,
3336 1697 3503 1768 τιμᾷν
3531 1693 3592 1748 δὲ

1922 1777 2254 1847 φιλοσοφίαν,
2291 1780 2408 1844 πῶς
2443 1781 2662 1836 δυνατὸν
2698 1783 2869 1836 ταῦτα
2899 1782 3200 1854 συμϐῆναις

1993 1865 2055 1935 β’.
2094 1867 2299 1940 Κύριον
2329 1868 2384 1921 δὲ
2419 1869 2652 1924 ἐνταῦθα
2683 1871 2774 1924 τὸν
2804 1872 3069 1942 μαμωνᾶν
3099 1869 3376 1932 ἐκάλεσεν,
3410 1867 3472 1920 ού
3504 1865 3591 1920 διὰ

1918 1952 2016 2024 τὴν
2037 1955 2244 2007 οίκείαν
2266 1956 2446 2025 φύσιν,
2469 1958 2604 2010 ἀλλά
2625 1957 2712 2011 διά
2729 1959 2825 2029 τὴν
2850 1958 2960 2012 τῶν
2985 1957 3422 2026 ύποκλινομένων
3441 1953 3594 2023 αὐτῷ

1916 2042 2307 2114 ταλαιπωρίαν.
2335 2045 2490 2098 Οὕτω
2523 2046 2617 2099 καὶ
2645 2046 2742 2117 τὴν
2773 2046 2978 2100 κοιλίαν
3005 2046 3136 2099 Θεὸν
3164 2047 3340 2108 καλεῖ,
3358 2044 3458 2096 οὐκ
3483 2041 3592 2096 61:6

1918 2129 2010 2182 τοῦ
2039 2131 2138 2200 τῆς
2168 2130 2453 2202 δεσποίνης
2483 2132 2945 2203 άξιώματος,ἀλλ’
2971 2133 3080 2187 61:6
3111 2133 3208 2204 τῆς
3236 2133 3342 2185 τῶν
3371 2129 3592 2184 δουλευ-

1916 2215 2086 2270 όντων
2112 2217 2445 2289 ἀθλιότητος·
2462 2221 2491 2273 6
2517 2222 2693 2292 πάσης
2714 2221 2985 2284 κολάσεως
3006 2221 3186 2292 χεῖρόν
3212 2218 3457 2281 ἐστι,καὶ
3485 2218 3594 2288 1:96

1915 2305 2017 2375 τῆς
2031 2305 2306 2370 κολάσεως
2327 2310 2510 2363 ίκανδν
2526 2311 2945 2382 τιμωρήσασθαι
2960 2310 3052 2364 τὸν
3073 2308 3466 2363 ἀλόνταἩοίων
3481 2307 3598 2376 γάρ

1917 2394 2227 2449 καταδίκων
2263 2398 2364 2451 οὐκ
2391 2398 2457 2451 ἀν
2485 2393 2596 2451 εἷεν
2615 2397 2935 2470 ἀθλιώτεροι
2968 2401 3018 2452 of
3053 2399 3146 2452 τὸν
3167 2397 3301 2450 Θεδν
3326 2395 3602 2462 δεσπότην

1918 2480 2151 2550 ἔχοντες,
2178 2484 2272 2537 καὶ
2301 2485 2410 2538 ἀπὸ
2439 2486 2536 2556 τῆς
2565 2486 2776 2556 ἡμέρου
2813 2486 3090 2558 βασιλείας
3126 2485 3342 2556 ἐκείνης
3371 2483 3463 2535 ἐπὶ
3491 2485 3598 2551 τὴν
3636 2519 3640 2525 -

1917 2571 2161 2644 χαλεπὴν
2192 2574 2616 2645 αὖτομολοῦντες
2639 2575 2952 2648 τυραννίδα,
2988 2576 3084 2628 καὶ
3109 2575 3277 2628 ταῦτα
3321 2570 3590 2640 τοσαύτης

1915 2660 2026 2712 ἀπὸ
2050 2659 2143 2714 τοῦ
2166 2662 2493 2732 πράγματος
2515 2663 2718 2733 βλάϐης
2737 2665 2831 2717 καὶ
2858 2662 3092 2716 ἐνταῦθα
3115 2661 3406 2732 γινομένης
3426 2677 3441 2724 ;
3476 2658 3589 2712 Καὶ

1917 2743 2026 2814 γὰρ
2060 2744 2234 2815 ζημία
2275 2747 2480 2814 ἄφατος
2516 2747 2624 2800 61:6
2653 2747 2748 2800 τοῦ
2792 2748 3138 2818 πράγματος,
3168 2745 3265 2798 καὶ
3302 2745 3468 2808 δίκαι,
3495 2742 3594 2796 καὶ

1917 2835 2194 2905 ἐπήρειαι,
2229 2836 2324 2890 καὶ
2367 2836 2599 2904 ἀγῶνες,
2636 2837 2729 2890 καὶ
2758 2837 2931 2900 πόνοι,
2967 2836 3062 2889 καὶ
3085 2835 3265 2906 ψυχῆς
3304 2835 3552 2904 πήρωσις
3573 2845 3590 2862 ⁶

1917 2925 2012 2977 καὶ
2049 2924 2109 2977 :6
2151 2925 2370 2979 πάντων
2400 2925 2799 2997 χαλεπώτερον,
2826 2927 2909 2980 ὅτι
2947 2924 3056 2978 τῶν
3085 2924 3304 2992 ἀγαθῶν
3339 2922 3595 2975 ἐκπίπτει

1919 3013 2030 3066 τῶν
2069 3014 2356 3072 ἀνωτάτω,
2386 3014 2522 3082 ὅπερ
2551 3015 2698 3068 ἐστὶν
2732 3017 2766 3084 ἡ
2804 3013 2899 3068 τοῦ
2935 3012 3070 3066 Θεοῦ
3098 3012 3310 3066 δουλεία
3342 3011 3410 3064 ⁸⁸.
3442 3008 3596 3062 Διδά-

1920 3100 2017 3166 ξας
2041 3101 2086 3136 ⁸⁸
2114 3103 2292 3155 τοίνυν
2321 3102 2410 3156 διὰ
2445 3104 2663 3156 πάντων
2704 3104 2766 3156 :6
2795 3102 3073 3174 συμφέρον
3099 3103 3200 3172 τῆς
3238 3099 3346 3152 τῶν
3377 3097 3603 3169 191196--

1917 3206 2028 3243 των
2053 3189 2373 3260 ὑπεροψίας,
2408 3191 2504 3244 καὶ
2530 3190 2667 3262 πρὸς
2706 3189 2876 3260 αὐτὴν
2902 3189 3009 3242 τῶν
3037 3187 3335 3259 χρημάτων
3361 3186 3460 3256 τὴν
3495 3203 3602 3252 φυο-

1919 3275 2111 3348 λακὴν,
2145 3278 2239 3330 καὶ
2277 3277 2414 3347 πρὸς
2442 3276 2538 3346 τὴν
2579 3277 2678 3346 τῆς
2725 3276 2903 3348 ψυχῆς
2946 3275 3160 3347 ἡδονὴν,
3198 3275 3291 3327 καὶ
3322 3273 3458 3343 πρὸς
3491 3272 3610 3342 τὴν-

1917 3367 2016 3435 τῆς
2050 3364 2369 3435 φιλοσοφίας
2418 3364 2650 3434 κτῆσιν,
2703 3365 2797 3418 καὶ
2841 3364 2978 3433 πρὸς
3013 3365 3114 3432 τὴν
3157 3364 3257 3433 τῆς
3312 3361 3615 3424 εὐσεϐείας·-

1919 3452 2240 3521 ἀσφάλειαν,
2271 3449 2672 3515 κατασκευάζει
2704 3450 2889 3504 λοιπὸν
2915 3451 2995 3504 ὅτι
3023 3451 3116 3503 καὶ
3150 3449 3348 3520 δυνατὴ
3385 3449 3522 3520 αὕτη
3557 3451 3613 3519 ἠ,

1918 3541 2262 3611 παραίνεσις.
2292 3540 2462 3594 Τοῦτο
2490 3539 2596 3609 γὰρ
2631 3539 2864 3610 μάλιστα
2901 3537 3218 3608 νομοθεσίας
3249 3538 3499 3609 ἀρίστης,
3532 3537 3614 3590 :6.

1922 3627 1996 3698 μὴ
2033 3627 2103 3680 τὰ
2139 3628 2488 3700 συμφέροντα
2525 3629 2685 3696 μόνον
2714 3627 3044 3691 ἐπιτάττειν,
3076 3625 3212 3679 6116
3256 3627 3350 3679 καὶ
3390 3625 3600 3680 δυνατά

1917 3713 2058 3768 αὐτὰ
2091 3717 2279 3767 ποιεῖν.
2317 3713 2416 3767 Διά
2453 3713 2612 3766 τοῦτο
2645 3714 2741 3766 καὶ
2786 3713 3001 3782 ἐπάγει,
3037 3713 3242 3781 λέγων·
3284 3712 3382 3780 Μὴ
3433 3730 3595 3781 μερι-

1911 3801 2189 3870 μνήσητε
2233 3801 2309 3871 τῇ
2355 3801 2531 3872 ψυχῇ
2563 3800 2750 3870 ὑμῶν,
2797 3803 2855 3856 τί
2893 3801 3143 3871 φάγητε.
3194 3803 3312 3855 Ἵνα
3359 3801 3468 3871 769
3516 3801 3596 3871 μὴ

1915 3890 2145 3957 λέγωσι·
2177 3890 2244 3942 Τί
2277 3888 2411 3956 οὗν;
2456 3889 2522 3944 ἂν
2571 3890 2749 3944 πάντα
2790 3891 3056 3962 ῥίψωμεν,
3099 3889 3215 3954 πῶς
3252 3889 3594 3961 δυνησόμεθα

1917 3975 2108 4046 ζῆσαι;
2145 3978 2283 4050 πρὸς
2319 3977 2524 4048 ταύτην
2551 3977 2738 4032 λοιπὸν
2763 3978 2980 4032 ἵσταται
3015 3976 3114 4048 τὴν
3149 3976 3422 4030 ἀντίθεσιν
3463 3977 3595 4045 σφό-

1914 4065 2017 4137 δρα
2041 4066 2334 4136 εύκαίρως.
2363 4068 2575 4138 Ὥσπερ
2598 4065 2708 4136 γὰρ
2736 4068 2786 4120 εί
2819 4064 2972 4136 παρά
2993 4065 3092 4135 τὴν
3117 4064 3292 4136 ἀρχὴν
3325 4061 3465 4126 εἷπε⁹
3493 4065 3610 4133 Μὴ,

1909 4154 2352 4226 μεριμνήσητε,
2412 4155 2588 4209 ἐδόκει
2640 4154 2810 4227 βαρὺς
2865 4148 3006 4208 εἶναι
3060 4155 3089 4207 6
3153 4153 3343 4223 λόγος·
3417 4153 3596 4218 οὕτως

1915 4242 2103 4314 ἐπειδὴ
2125 4243 2292 4310 ἔδειξε
2315 4242 2413 4313 τὴν
2441 4242 2619 4314 λύμην
2639 4242 2736 4314 τὴν
2767 4241 3250 4312 ἐγγινομένηναάπὺ
3274 4242 3373 4311 τῆς
3396 4241 3608 4312 φιλαρ-.

1915 4329 2142 4400 γυρίας,
2210 4330 2616 4400 εὐπαράδεκτον
2662 4330 2848 4384 λοιπὸν
2900 4331 3045 4383 ποιεῖ
3090 4330 3191 4401 τὴν
3243 4330 3589 4402 παραίνεσιν.

1915 4419 2116 4488 Διόπερ
2141 4418 2261 4470 οὐδὲ
2304 4417 2399 4471 νῦν
2429 4418 2616 4481 ἁπλῶς
2672 4412 2816 4481 εἷπε,
2859 4417 2958 4485 Μὴ
2994 4417 3424 4487 μεριμνήσητε,
3453 4419 3614 4474 ἀλλὰ(-

1915 4507 2013 4577 τὴν
2046 4507 2226 4561 αἰτίαν
2255 4507 2533 4576 προσθεὶς,
2569 4507 2712 4560 οὕτω
2750 4506 2908 4560 τοῦτο
2937 4507 3187 4574 ἐπέταξε.
3211 4507 3367 4561 Μετά
3395 4507 3505 4578 γὰρ
3532 4509 3597 4562 :6

1915 4596 2109 4659 είπείν,
2167 4598 2250 4650 Οὐ
2299 4595 2568 4650 δύνασθε
2616 4594 2738 4660 Θεῷ
2795 4595 3112 4649 δουλεύειν
3167 4594 3268 4648 καί
3307 4594 3618 4664 μαμωνᾷι,

1917 4683 2200 4751 ἐπήγαγε·
2250 4683 2356 4736 Διὰ
2393 4682 2570 4736 τοῦτο
2619 4682 2992 4752 λέγω-ὑμῖν,
3037 4681 3143 4749 Μὴ
3166 4682 3590 4752 μεριμνήσητε.

1915 4802 1987 4814 ——
2015 4772 2218 4834 Τοῦτο,
2258 4774 2410 4824 ποῖον
2433 4771 2546 4837 ;_T6
2581 4771 2680 4842 τῆς
2708 4770 2914 4842 ζημίας
2955 4771 3183 4841 ἄφατον.
3213 4771 3350 4825 Οὐδὲ
3387 4771 3496 4843 γὰρ
3533 4773 3618 4825 ἐν·

1915 4862 2162 4932 χρήμασι
2192 4861 2353 4930 μόνον
2392 4860 2522 4930 ὑμῖν
2552 4861 2584 4930 ή
2627 4859 2823 4931 βλάϐη,
2850 4859 2997 4914 6116-
3019 4861 3112 4914 καὶ
3141 4862 3200 4913 ἐν
3230 4862 3344 4924 τοῖς
3368 4877 3596 4931 καιριω-

1915 4949 2098 5012 τάτοις
2127 4949 2162 5019 ἡ
2189 4946 2396 5017 πληγὴ,
2425 4948 2522 5002 καὶ
2546 4949 2611 5018 τῇ
2641 4947 2740 5018 τῆς
2779 4947 3053 5019 σωτηρίας
3096 4948 3250 5020 ὑμῶν
3285 4950 3590 5021 ἀνατροπῇ.

1917 5035 2024 5089 Τοῦ
2051 5035 2160 5106 γὰρ
2183 5037 2509 5106 ποιήσαντος
2539 5037 2686 5104 ὑμᾶς
2713 5037 2806 5090 καὶ
2847 5036 3150 5106 κηδομένου
3181 5038 3278 5091 καὶ
3314 5036 3594 5105 φιλοῦντος

1917 5122 2174 5176 ἐκϐάλλει
2207 5122 2362 5176 Θεοῦ.
2396 5122 2497 5176 Διὰ
2540 5123 2716 5177 τοῦτο
2752 5124 2908 5193 λέγω
2949 5123 3094 5195 [271]
3128 5124 3291 5194 ὑμῖν,
3317 5123 3404 5193 μὴ
3432 5141 3597 5193 μερι-

1914 5210 2207 5281 μνήσητε.
2240 5210 2457 5279 Ἐπειδὴ
2481 5210 2588 5279 γὰρ
2608 5211 2707 5281 τὴν
2735 5211 2936 5281 βλάϐην
2958 5211 3155 5276 ἔδειξεν
3185 5213 3408 5280 ἀφατον,
3432 5212 3525 5264 καὶ
3546 5211 3614 5246 ⁸⁸η

1919 5297 2179 5350 ἐπιτείνει
2198 5297 2382 5350 λοιπὸν
2411 5297 2471 5350 :6
2500 5297 2800 5367 ἐπίταγμα.
2833 5297 2966 5350 Ούδέ
2991 5299 3099 5370 γάρ
3126 5299 3195 5352 :6
3224 5300 3355 5352 ὄντα
3384 5297 3596 5351 κελεύει

1921 5387 2135 5459 ῥίπτειν
2172 5386 2352 5458 μόνον,
2399 5386 2533 5439 ἀλλὰ
2587 5387 2723 5456 μηδὲ
2765 5385 2905 5456 ὑπὲρ
2949 5388 3053 5458 τῆς
3093 5387 3396 5456 ἀναγκαίας
3439 5404 3596 5458 μερι-

1925 5476 2060 5544 μνᾶν
2077 5475 2302 5545 τροφῆς,
2324 5474 2497 5542 λέγων
2519 5491 2532 5504 ·
2559 5473 2656 5542 Μὴ
2681 5473 3092 5544 μεριμνήσητε
3115 5472 3190 5543 τῇ
3211 5473 3384 5543 ψυχῇ
3403 5472 3594 5544 ὑμῶν,

1920 5565 1976 5617 τί
1995 5563 2244 5634 φάγητε.
2267 5567 2379 5617 Οὐκ
2403 5562 2589 5634 ἐπειδὴ
2614 5564 2646 5634 ἡ
2669 5563 2814 5634 ψυχὴ
2842 5563 3048 5634 τροφῆς
3067 5562 3272 5616 δεῖται·
3303 5560 3596 5632 ἀσώματος

1920 5653 2027 5725 γάρ
2049 5654 2127 5684 ⁵⁸·
2163 5652 2299 5708 ἀλλά
2325 5653 2466 5707 κατὰ
2500 5653 2599 5723 τὴν
2645 5651 2826 5723 κοινὴν
2853 5650 3151 5722 ἐφθέγξατο
3189 5649 3493 5722 συνήθειαν.
3531 5651 3595 5704 El

1908 5747 2038 5819 μὴν]
2077 5749 2236 5812 αὐτὸς
2274 5747 2330 5800 δὲ
2365 5747 2461 5817 οὐχ
2493 5748 2556 5798 Α.
2632 5745 2690 5819 ⁸⁸
2714 5746 2807 5819 καὶ
2838 5744 3040 5819 o_m.__B_.
3076 5744 3246 5819 C._D._
3267 5745 3328 5798 Ε.
3473 5743 3596 5819 M91

137 5812 455 5888 ἀδιορίστως
489 5812 616 5888 Sav.
659 5814 792 5867 Ben.
869 5812 1336 5888 ‘5_6vv006v:s;'A.
1413 5819 1460 5848 ⁸⁸
1486 5819 1554 5871 τὰ
1594 5835 1704 5873 om.
1733 5819 1815 5873 Ed:

1954 5812 1995 5850 θ
2027 5812 2256 5888 πέμπει]
2287 5819 2412 5872 add.
2431 5812 2626 5870 ’ποιεῖν
2653 5816 2786 5871 Edd.
2864 5816 2910 5848 ⁸⁸
2937 5815 3108 5888 Vulgo
3148 5816 3342 5886 legitur
3379 5818 3459 5888 δτι
3485 5814 3595 5865 τῶν

137 5884 355 5948 ἀγαθῶν
382 5885 674 5939 ἐκπίπτειν
703 5888 844 5937 ποιεῖ
885 5886 992 5938 τῶν
1021 5886 1284 5941 ἀνωτάτω

142 5953 405 6020 ίοίιίίιοτεε,
440 5964 661 6025 tuentur
689 5971 881 6010 omnes
914 5957 1043 6019 mei,
1087 5966 1281 6025 ιιι-αξιοι·
1325 5953 1414 6024 Ᾰ.,
1458 5968 1513 6014 ct

1389 5889 1482 5942 τοῦ
1529 5893 1764 5967 μαμωνᾶ
1794 5891 1815 5942 6

1922 5892 2026 5944 εία.
2085 5885 2322 5943 Αιιιπέιιιι
2364 5889 2675 5967 lerljoncrp,
2706 5903 2866 5957 quam
2900 5887 2969 5941 ad
2999 5885 3295 5967 qnhrgirlem
3346 5885 3597 5967 τωρωι-ιιι

1556 5957 1731 6030 quoad
1778 5961 2134 6031 posteriorem
2170 5969 2376 6029 partem
2412 5960 2574 6031 etiam
2607 5958 2966 6031 Illtcrprctcs;
2999 5957 3094 6031 de_
3117 5958 3296 6031 priore
3326 5971 3434 6012 non
3461 5957 3594 6012 satis

141 6033 368 6082 crustat.
447 6024 494 6059 ⁸⁹
519 6025 708 6094 Δείξας
739 6025 835 6098 Ep.
871 6025 1006 6083 Edd.
1083 6024 1130 6062 δ”
1160 6029 1252 6083 καί
1279 6045 1386 6084 om.
1427 6031 1490 6086 Α.
1570 6024 1612 6064 ⁵⁸
1647 6024 1815 6099 γάριέ

1921 6069 1929 6084 .
1967 6033 2082 6085 ἐστι
2109 6024 2244 6087 Edd.
2273 6039 2466 6086 contra
2501 6029 2597 6096 Ep.
2633 6024 2884 6094 Thcbph.
2914 6038 2971 6084 et
2997 6024 3154 6085 codd.
