4038 6364
269 340 379 396 207

270 456 449 509 anima
481 455 606 511 cibo
631 460 800 524 egeat,
826 450 1138 520 incorporea
1170 446 1311 499 enim
1333 452 1448 508 est;
1477 444 1568 498 sed
1589 441 1857 497 communi

270 544 529 616 loquendi
576 559 726 599 more
782 556 910 597 usus
954 548 1056 595 est.
1112 536 1334 591 Etiamsi
1390 534 1530 589 enim
1582 532 1702 587 cibo
1752 546 1859 585 non

270 646 451 708 egeat,
481 652 586 691 non
610 643 783 707 potest
810 633 863 687 in
892 644 1116 701 corpore
1144 640 1381 694 manere,
1424 624 1526 679 nisi
1557 623 1731 694 ipsum
1758 637 1860 675 nu-

273 734 491 785 triatur.
523 730 809 798 Postquam
830 724 934 780 hoc
954 723 1107 787 dixit,
1138 736 1243 776 non
1270 718 1581 789 simpliciter
1606 716 1860 786 loquitur,

271 824 369 878 sed
401 822 488 875 hic
530 821 691 875 etiam
722 821 886 872 utitur
926 813 1251 878 ratiociniis;
1291 825 1516 881 quorum
1562 809 1664 863 alia
1699 807 1862 863 exiis

272 929 396 983 qua:
420 911 561 981 apud
591 926 686 964 nos
724 915 867 973 sunt,
897 906 1000 961 alia
1027 922 1091 961 ex
1119 904 1236 959 aliis
1263 901 1521 971 exemplis
1559 907 1860 954 sumuntur.

278 1005 354 1058 Ex
391 1004 455 1057 iis
489 1018 605 1072 qua:
631 1000 772 1071 apud
798 1014 899 1055 nos
927 1007 1051 1052 sunt
1089 996 1166 1050 sic
1202 994 1278 1048 ait
1301 1012 1312 1046 :
1340 991 1526 1046 Nonne
1555 992 1725 1045 anima
1749 989 1864 1059 plus

275 1104 350 1148 est
390 1109 541 1164 quam
574 1108 709 1157 esca,
739 1100 787 1145 et
812 1105 994 1159 corpus
1024 1088 1139 1157 plus
1168 1101 1319 1156 quam
1344 1082 1730 1138 vestimentum?
1762 1080 1863 1148 Qui

279 1187 440 1256 igitur
469 1185 521 1240 id
546 1184 686 1253 quod
720 1182 891 1252 majus
918 1191 999 1237 est
1024 1179 1191 1247 dedit,
1222 1177 1491 1249 quomodo
1519 1175 1661 1247 quod
1688 1175 1864 1229 minus

278 1287 365 1333 est
411 1293 517 1332 non
563 1275 754 1331 dabit?
790 1274 880 1345 qui
929 1287 1143 1327 carnem
1188 1286 1308 1341 quae
1346 1269 1507 1323 alitur
1544 1265 1861 1331 eﬂ'ormavit,

280 1368 551 1440 quomodo
579 1368 680 1437 ipsi
718 1381 893 1421 eseam
920 1380 1027 1419 non
1062 1361 1353 1432 praebebit?
1377 1359 1501 1415 ldeo
1530 1372 1634 1412 non
1662 1355 1866 1426 simpli-

280 1463 417 1517 citer
456 1460 591 1515 dixit
621 1480 635 1514 :
660 1457 838 1512 Nolite
872 1456 1076 1510 solliciti
1104 1470 1228 1517 esse,
1256 1451 1379 1522 quid
1416 1448 1745 1512 manducetis,
1777 1454 1867 1498 aut

281 1572 380 1626 quo
413 1551 737 1614 induamini;
776 1549 872 1603 sed
912 1547 1090 1613 addit,
1122 1543 1355 1615 Corpori,
1383 1549 1457 1606 et,
1486 1541 1714 1603 'Animcr;
1744 1538 1866 1607 quia

282 1661 347 1700 ex
371 1643 501 1713 ipsis
528 1650 644 1697 erat
666 1638 907 1708 exempla
934 1647 1264 1705 sumpturus,
1298 1647 1393 1701 per
1415 1629 1866 1699 comparationem

285 1733 603 1804 procedens.
630 1731 736 1787 Sed
765 1729 997 1785 animam
1037 1723 1446 1795 quidem-semel
1468 1721 1636 1785 dedit,
1667 1728 1722 1774 et
1751 1733 1867 1771 ma-

287 1836 375 1877 net
393 1822 486 1876 illa
504 1831 561 1876 ut
577 1822 697 1876 data
715 1833 817 1886 est;
834 1836 1032 1891 corpus
1044 1836 1171 1875 vero
1191 1829 1419 1890 augetur
1432 1818 1698 1890 quotidie.
1717 1816 1871 1883 Quod

287 1925 582 1984 utrumque
597 1923 655 1967 ut
674 1913 926 1978 ostendit,
944 1914 1158 1968 etillius
1173 1913 1658 1977 immortalitatem,
1676 1908 1872 1979 hujus-

285 2022 392 2072 que
410 2004 611 2058 ﬂuxam
628 2013 877 2057 naturam
895 2003 1330 2068 declaravit,ha:c
1343 2001 1619 2072 subiungit
1632 2020 1645 2054 :
1658 2000 1726 2053 27
1740 1999 1870 2064 Quis

287 2078 446 2156 potest
473 2108 534 2144 ex
558 2092 695 2144 vobis
732 2091 952 2158 adjicere
983 2096 1189 2142 staturw
1202 2102 1309 2140 sua:
1322 2084 1542 2138 cubitum
1568 2081 1767 2136 unum?
1795 2081 1872 2137 De

285 2186 459 2237 anima
490 2194 690 2249 tacens,
733 2198 851 2251 qua:
880 2181 1202 2234 incrementa
1241 2194 1346 2232 non
1377 2185 1611 2247 caperet,
1653 2174 1721 2230 de
1755 2188 1875 2229 cor-

287 2292 415 2345 pore
446 2283 649 2328 tantum
674 2274 926 2328 disseruit
955 2289 968 2327 :
995 2287 1061 2326 ex
1100 2285 1206 2341 quo
1236 2270 1361 2324 illud
1392 2268 1645 2333 ostendit,
1684 2282 1875 2336 nempe

288 2381 389 2422 non
413 2366 537 2419 cibo
559 2364 685 2419 illud
706 2364 907 2433 augeri,
937 2362 1031 2418 sed
1052 2362 1144 2417 Dei
1167 2360 1515 2430 providentia.
1537 2359 1690 2427 Quod
1714 2359 1872 2414 etiam

289 2474 381 2528 per
400 2459 504 2512 alia
531 2459 726 2512 Paulus
752 2457 1125 2512 demonstrans
1145 2454 1389 2509 dicebat:
1417 2452 1581 2524 Igitur
1608 2469 1765 2522 neque
1789 2452 1876 2523 qui

289 2552 506 2620 plantat,
554 2566 711 2619 neque
753 2549 841 2617 qui
882 2548 1034 2618 rigat,
1078 2555 1150 2601 est
1195 2546 1408 2616 aliquid,
1454 2545 1540 2597 sed
1577 2545 1661 2614 qui
1708 2544 1875 2597 incre-

290 2654 510 2699 mentum
540 2642 649 2705 dat,
676 2640 814 2694 Deus
844 2640 920 2709 (1.
960 2638 1078 2692 Cor.
1110 2638 1164 2692 5.
1189 2638 1263 2706 7).
1294 2636 1378 2690 Ab
1406 2636 1470 2689 iis
1494 2636 1652 2705 igitur
1676 2650 1795 2704 qua:
1825 2639 1881 2694 in

292 2740 440 2793 nobis
468 2749 592 2792 sunt
615 2739 683 2790 ita
709 2736 1017 2789 cohortatus
1044 2740 1163 2787 est:
1192 2732 1259 2786 ab
1284 2730 1403 2784 aliis
1426 2743 1552 2783 vero
1579 2727 1873 2797 exemplis:

289 2830 376 2885 26.
429 2830 652 2899 Aspicite
695 2827 919 2880 volatilia
964 2825 1109 2891 cteli,
1158 2821 1347 2891 inquit.
1381 2820 1455 2875 Ne
1484 2820 1604 2891 quis
1638 2818 1871 2886 diceret,

290 2923 416 2976 utile
467 2922 621 2975 nobis
660 2935 781 2975 esse
823 2919 867 2973 si
915 2916 1127 2972 solliciti
1160 2916 1348 2979 simus,
1382 2922 1435 2969 et
1466 2928 1496 2967 a
1532 2912 1721 2982 majori
1754 2921 1808 2966 et
1844 2927 1874 2965 a

290 3014 482 3066 minori
510 3013 656 3081 ipsos
681 3009 996 3065 dehortatur
1019 3025 1034 3074 ;
1062 3023 1091 3062 a
1135 3006 1324 3076 majori
1352 3020 1566 3074 nempe,
1598 3005 1664 3059 ab
1698 3003 1874 3058 anima

290 3116 341 3157 et
383 3119 643 3172 corpore;
692 3119 722 3156 a
763 3102 977 3165 minori,
1005 3101 1073 3155 ab
1102 3100 1306 3154 avibus.
1343 3099 1399 3153 Si
1443 3100 1585 3153 enim
1617 3100 1777 3153 etiam
1807 3099 1875 3153 de

291 3199 446 3266 looge
463 3195 808 3251 inferioribus
832 3204 1028 3249 tantam
1046 3193 1184 3263 gerit
1205 3206 1410 3253 curam,
1434 3191 1701 3261 quomodo
1726 3190 1875 3250 vobis

290 3310 394 3348 non
425 3294 656 3364 idipsum
686 3291 989 3361 praestabit;
1021 3290 1208 3358 inquit.
1238 3289 1303 3342 Et
1333 3287 1447 3341 luce
1480 3287 1696 3357 quidem
1728 3286 1873 3351 illis;

290 3397 405 3442 erat
431 3388 629 3458 quippe
656 3387 807 3439 turba
847 3383 1061 3454 populi;
1098 3382 1310 3436 diabolo
1340 3390 1519 3435 autem
1543 3395 1647 3433 non
1674 3380 1753 3433 sic
1782 3394 1872 3433 re-

290 3479 524 3548 spondit,
555 3478 650 3532 sed
678 3476 980 3547 quomodo?
1010 3474 1133 3528 Non
1163 3475 1213 3528 in
1245 3474 1352 3527 solo
1380 3490 1510 3541 pane
1548 3474 1674 3525 vivet
1701 3472 1872 3537 homo,

288 3572 376 3624 sed
414 3572 467 3623 in
495 3570 634 3624 omni
663 3569 808 3623 verbo
834 3567 971 3638 quod
997 3566 1220 3637 procedit
1248 3566 1309 3619 de
1341 3582 1427 3619 ore
1452 3564 1549 3617 Dei
1578 3562 1791 3636 (Matth.
1819 3566 1871 3619 4.

289 3663 364 3732 4).
399 3662 498 3716 llic
523 3672 701 3716 autem
728 3661 959 3715 volatilia
983 3668 1262 3724 memorat,
1288 3658 1381 3714 sed
1408 3658 1568 3713 modo
1592 3657 1658 3712 ad
1684 3658 1876 3712 cohor-

290 3756 513 3809 tandum
544 3754 768 3823 optimo,
812 3753 900 3822 qui
940 3753 994 3805 in
1040 3751 1401 3805 admonitione
1446 3750 1731 3803 maximam
1770 3750 1876 3804 vim

292 3846 502 3901 habeat.
538 3844 644 3900 Sed
672 3844 725 3898 in
752 3851 957 3897 tantum
987 3842 1304 3911 insipientia:
1343 3840 1554 3911 quidam
1598 3840 1745 3910 impii
1782 3855 1878 3895 ve-

292 3945 500 4000 nerant,
555 3946 611 3990 ut
650 3936 952 4004 exemplum
998 3933 1473 4004 reprehenderent.
1518 3931 1698 4001 Neque
1735 3931 1877 3986 enim

291 4029 549 4097 oportuit,
574 4026 901 4097 inquiebant,
926 4040 1045 4078 eum
1064 4024 1152 4092 qui
1181 4023 1480 4077 voluntates
1504 4024 1780 4089 excitaret,
1810 4039 1876 4078 ex

293 4119 615 4175 naturalium
646 4134 821 4173 rerum
866 4117 1127 4186 exemplis
1164 4114 1217 4169 id
1243 4130 1420 4185 agere,
1447 4115 1641 4185 quippe
1678 4130 1797 4184 qua:
1826 4114 1877 4169 id

295 4214 527 4268 habeant
549 4228 616 4267 ex
646 4221 853 4264 natura.

363 4307 419 4360 ὃ.
459 4305 597 4372 Quid
628 4304 788 4373 igitur
812 4301 878 4356 ad
906 4300 1021 4355 bazc
1041 4300 1321 4355 dicamus?
1346 4299 1567 4354 Etiamsi
1608 4298 1659 4353 id
1687 4315 1751 4354 ex
1779 4314 1877 4353 na-

295 4409 409 4455 tura
435 4398 562 4453 insit
589 4397 716 4463 illis,
745 4408 904 4465 posse
933 4392 987 4448 id
1010 4393 1170 4447 etiam
1202 4391 1356 4447 nobis
1395 4407 1459 4446 ex
1493 4392 1669 4445 studio
1695 4391 1879 4445 volun-

295 4493 419 4548 tatis
456 4489 735 4545 accedere.
789 4487 905 4543 Non
952 4485 1093 4541 enim
1144 4485 1297 4553 dixit,
1324 4483 1595 4555 Respicite
1640 4485 1878 4539 volatilia

295 4583 567 4655 quomodo
591 4582 791 4647 volent,
838 4579 979 4650 quod
1014 4594 1118 4632 non
1153 4586 1330 4646 potest
1368 4576 1550 4644 homo,
1596 4576 1690 4632 sed
1736 4576 1877 4646 quod

294 4678 413 4731 sine
443 4672 802 4729 sollicitudine
826 4672 1071 4724 alantur:
1100 4670 1238 4738 quod
1281 4669 1434 4723 nobis
1473 4670 1632 4723 etiam
1661 4668 1804 4732 licet,
1834 4668 1879 4722 si

294 4770 563 4824 volumus.
592 4766 759 4834 quue
802 4762 1217 4831 comprobarunt
1254 4760 1288 4814 ii
1330 4760 1418 4830 qui
1448 4759 1500 4814 id
1525 4774 1689 4829 opere
1726 4759 1880 4814 exhi-

298 4863 547 4918 buerunt.
580 4859 916 4925 Quapropter
945 4868 1155 4907 summe
1181 4850 1494 4906 admiranda
1534 4859 1618 4906 cst
1645 4850 1879 4920 Legisla-

298 4952 429 5009 toris
456 4948 759 5020 prudentia,
792 4945 880 5015 qui
908 4960 1028 4999 cum
1058 4959 1122 4998 ex
1155 4943 1462 4997 hominibus
1489 4942 1727 5011 proferre
1758 4956 1882 5010 pos-

295 5052 377 5097 set
397 5039 727 5109 exemplum,
758 5044 812 5090 et
830 5035 881 5089 in
899 5034 1141 5088 medium
1170 5031 1435 5087 adducere
1466 5031 1692 5097 lleliam,
1735 5032 1882 5105 Moy-

297 5152 434 5201 sem,
495 5133 782 5196 Joannem,
826 5128 1065 5196 aliosque
1107 5125 1310 5179 similes
1354 5124 1441 5193 qui
1480 5124 1548 5180 de
1600 5125 1720 5180 cibo
1771 5140 1882 5180 non

297 5227 512 5283 Solliciti
544 5224 792 5287 fuerant;
833 5231 892 5275 ut
922 5221 1041 5274 illos
1086 5218 1254 5288 magis
1298 5218 1700 5287 perstringeret,
1743 5218 1881 5275 irra-

300 5320 573 5375 tionabilia
611 5316 860 5371 animalia
903 5313 1236 5368 memoravit.
1278 5311 1332 5366 Si
1378 5311 1518 5365 enim
1551 5312 1725 5381 justos
1762 5312 1884 5368 illos

298 5415 601 5483 allegasset,
629 5409 808 5463 dicere
832 5405 1144 5476 potuissent.
1168 5403 1411 5458 Nondum
1439 5403 1504 5457 ad
1532 5402 1743 5458 illorum
1770 5405 1883 5458 vir-

302 5514 469 5559 tutem
500 5500 829 5572 pertigimus.
880 5498 1032 5553 Nunc
1076 5504 1253 5551 autem
1303 5511 1422 5550 cum
1468 5494 1589 5550 illos
1618 5496 1799 5563 tacuit,
1831 5507 1885 5552 et

299 5595 535 5650 volatilia
563 5593 677 5647 οξειὶ
704 5590 927 5655 induxit,
959 5603 1173 5643 omnem
1201 5587 1307 5641 illis
1346 5588 1678 5641 occasionem
1710 5590 1882 5644 succi-

299 5691 397 5751 dit,
441 5687 622 5741 hacin
667 5700 724 5739 rc
755 5693 984 5738 veterem
1031 5681 1201 5749 legem
1244 5679 1497 5733 imitatus.
1543 5677 1674 5733 Nam
1723 5679 1886 5737 Vetus

299 5780 708 5836 Testamentum
732 5770 798 5827 ad
828 5786 980 5841 apem
1022 5773 1202 5841 mittit,
1235 5770 1301 5826 ad
1318 5770 1615 5840 formicam,
1661 5770 1725 5827 ad
1766 5781 1878 5829 tur-

1269 331 1331 386 lN
1371 324 1769 385 MATTIIJEUM
1812 322 2033 381 IlIJMIL.
2076 322 2219 379 XXI.
2260 324 2327 380 a1.
2370 323 2536 380 XXII.

3441 324 3572 381 998‘

1970 444 2164 503 torem,
2195 436 2259 492 ad
2291 436 2650 492 hirundinem.
2691 436 2798 492 Nec
2829 451 3051 507 parvum
3096 435 3197 493 hoc
3228 446 3309 493 est
3348 440 3547 494 homini

1968 529 2187 585 honoris
2214 538 2604 601 argumentum,
2630 529 2845 600 quando
2870 546 2989 600 qua:
3013 529 3100 585 illa
3136 546 3200 585 ex
3239 539 3425 585 natura
3452 533 3548 585 ha-

1970 622 2116 689 bent,
2162 638 2261 677 nos
2302 637 2587 693 possumus
2626 638 2689 676 ex
2721 622 3011 676 voluntatis
3039 621 3263 677 arbitrio
3291 623 3549 678 nancisci.

1969 715 2026 771 Si
2052 716 2209 786 igitur
2230 715 2440 769 illorum
2465 730 2583 784 qua:
2612 694 2831 784 propter
2852 728 2948 769 nos
2975 723 3151 769 creata
3182 724 3325 780 sunt,
3353 724 3551 769 tantam

1969 807 2106 877 gerit
2133 806 2545 877 providentiam,
2574 815 2773 877 quanto
2804 806 2971 877 magis
2999 808 3273 861 nostrum?
3294 808 3339 861 si
3368 822 3552 862 servo-

1969 914 2110 964 rum,
2138 909 2338 969 quanto
2362 900 2531 970 magis
2561 899 2812 954 berorum
2830 900 2855 949 'i'
2878 898 3000 954 ldeo
3020 898 3232 955 dicebat
3256 917 3270 953 :
3300 900 3559 971 Respicite

1969 990 2197 1043 volatilia
2224 1005 2243 1044 :
2268 1005 2367 1045 nec
2395 990 2617 1058 addidit,
2649 988 2792 1061 quod
2822 1005 2927 1044 non
2953 998 3319 1060 cauponentur
3344 991 3424 1046 vel
3456 1008 3558 1046 ne-

1969 1080 2280 1150 gotientur:
2315 1081 2429 1136 haec
2468 1081 2664 1152 quippe
2700 1081 2988 1136 admodum
3036 1082 3316 1151 reprobata
3359 1093 3554 1149 erant;

1971 1174 2065 1230 sed
2099 1174 2241 1245 quod
2268 1190 2372 1229 non
2400 1184 2601 1241 serant,
2635 1190 2807 1245 neque
2834 1184 3052 1229 metant.
3082 1176 3219 1243 Quid
3251 1176 3449 1247 igitur?
3477 1177 3559 1231 in-

1971 1265 2144 1335 quies,
2158 1280 2335 1320 anuon
2357 1265 2640 1321 serendum
2663 1266 2762 1320 erit
2778 1265 2928 1319 tNon
2950 1266 3104 1331 dixit,
3119 1282 3223 1321 non
3244 1282 3363 1322 esse
3381 1283 3558 1323 serene

1972 1358 2119 1422 dum,
2135 1358 2227 1413 sed
2247 1374 2351 1412 non
2370 1359 2650 1413 sollicitum
2665 1372 2784 1413 esse
2801 1368 3048 1427 Oportere
3067 1378 3077 1411 :
3096 1373 3266 1429 neque
3277 1359 3429 1426 dixit,
3449 1376 3555 1415 non

1974 1449 2320 1519 operandum,
2340 1449 2433 1505 sed
2448 1465 2551 1503 non
2574 1449 2967 1519 pusillanimum
2982 1465 3121 1514 esse,
3140 1464 3310 1520 neque
3328 1465 3447 1506 sese
3459 1452 3557 1505 sol-

1975 1541 2337 1596 licitudinibus
2356 1558 2645 1597 macerare.
2661 1541 2791 1596 Nam
2807 1542 3055 1596 alimenta
3073 1558 3285 1597 sumere
3299 1544 3557 1612 praecipit,

1975 1634 2068 1689 sed
2094 1635 2294 1704 absque
2333 1634 2706 1689 sollicitudine.
2752 1633 2903 1689 [lunc
2930 1648 3091 1704 porro
3126 1649 3428 1689 sermonem
3448 1634 3557 1705 jam

1976 1728 2248 1798 praemittit
2288 1727 2473 1789 David,
2504 1728 2583 1783 sic
2617 1728 2945 1797 :enigmatice
2989 1727 3211 1797 loquens
3243 1746 3257 1784 :
3286 1728 3463 1797 Aperis
3505 1738 3560 1783 tu

1975 1836 2180 1873 manum
2232 1830 2369 1873 luam
2397 1860 2411 1883 ,
2466 1830 2510 1874 et
2554 1820 2733 1889 imples
2790 1836 2937 1874 omne
2985 1821 3177 1874 animal
3222 1819 3562 1875 benedictione

1981 1909 2151 1981 (Psai.
2188 1911 2310 1965 M4.
2349 1910 2476 1980 lli):
2508 1919 2563 1965 et
2604 1925 2808 1975 rursus,
2863 1910 2963 1975 Qui
3001 1911 3086 1963 dat
3110 1913 3356 1981 jumentis
3398 1929 3559 1967 escam

1976 2002 2225 2072 ipsorum,
2243 2010 2291 2055 et
2307 2002 2460 2072 pullis
2480 2019 2742 2057 corvorum
2758 2003 3101 2057 invocantibus
3113 2020 3225 2057 eum
3243 2004 3413 2075 (l’sal.
3437 2006 3557 2061 “6.

1979 2096 2058 2167 9).
2103 2095 2171 2149 Et
2196 2095 2413 2165 quinam
2442 2104 2589 2162 sunt,
2633 2096 2858 2166 inquies,
2911 2096 3000 2167 qui
3044 2113 3150 2151 non
3196 2098 3407 2151 Solliciti
3444 2101 3559 2154 lue-

1979 2188 2143 2243 runt?
2167 2188 2283 2243 Non
2309 2189 2502 2244 audisti
2540 2197 2669 2259 quot
2695 2188 2835 2243 viros
2861 2189 3209 2259 protulerim?
3238 2206 3413 2244 annon
3439 2206 3561 2245 cum

1980 2280 2083 2333 illis
2104 2280 2213 2349 jam
2244 2280 2552 2335 memoratis
2599 2278 2772 2333 vidisti
2816 2279 3073 2334 Jacohum
3119 2279 3315 2334 nudum
3358 2296 3421 2336 ex
3472 2297 3563 2350 pa-

1982 2383 2130 2427 terna
2161 2374 2321 2428 domo
2353 2373 2682 2442 profectum?
2710 2387 2814 2427 non
2839 2373 2990 2428 audis
3017 2388 3138 2428 eum
3169 2383 3471 2441 precantem
3502 2389 3565 2430 ac

1980 2466 2244 2520 dicentem
2277 2484 2290 2519 :
2318 2464 2381 2519 Si
2406 2465 2599 2518 dederit
2625 2464 2748 2517 mihi
2778 2463 2916 2518 Deus
2944 2480 3126 2532 panem
3156 2464 3223 2518 ad
3251 2465 3565 2519 manducan-

1980 2557 2121 2619 dum,
2167 2566 2215 2609 et
2256 2557 2599 2609 vestimentum
2642 2571 2741 2624 quo
2786 2555 2986 2622 Operiar
3016 2554 3171 2624 (Gen.
3216 2554 3307 2610 28.
3350 2555 3481 2625 20)?
3510 2555 3565 2611 Id

1980 2646 2121 2716 quod
2153 2662 2257 2702 non
2287 2646 2524 2711 solliciti,
2568 2646 2663 2701 sed
2702 2662 2733 2700 a
2768 2647 2879 2701 Deo
2907 2655 3074 2701 totum
3100 2647 3390 2717 quaerentis
3427 2656 3562 2702 erat.

1982 2737 2097 2792 Hoc
2136 2742 2191 2791 et
2234 2737 2463 2807 apostoli
2521 2735 2729 2791 fortiter
2776 2746 3018 2806 egerunt,
3064 2737 3313 2791 omnibus
3369 2738 3568 2792 relictis

1983 2831 2114 2885 nihil
2143 2830 2357 2886 solliciti
2392 2848 2405 2885 :
2435 2830 2512 2886 sic
2553 2830 2641 2884 illa
2670 2830 2905 2900 quinque
2946 2828 3130 2894 millia,
3176 2829 3252 2883 sic
3279 2830 3375 2883 tria
3406 2829 3567 2884 millia

1983 2923 2258 2977 hominum
2286 2921 2383 2995 (a).
2412 2922 2468 2977 Si
2498 2936 2627 2976 vero
2652 2922 2735 2975 his
2758 2921 2972 2987 auditis,
3002 2936 3107 2975 non
3137 2925 3369 2976 sustines
3392 2922 3570 2977 adhuc

1983 3015 2097 3070 haec
2126 3015 2259 3070 dura
2279 3015 2488 3069 vincula
2518 3014 2745 3079 solvere,
2776 3016 2987 3084 cognita
3013 3014 3206 3068 saltem
3233 3031 3375 3069 cura:
3404 3016 3567 3071 inuti-

1984 3107 2152 3172 litate,
2184 3106 2334 3160 solve
2374 3105 2786 3160 sollicitudinem
2821 3123 2833 3158 :
2865 3105 2955 3159 27.
2990 3105 3113 3171 Quis
3139 3107 3271 3158 enim
3308 3122 3372 3158 ea:
3408 3106 3577 3173 vobis,

1984 3198 2172 3268 inquit,
2222 3198 2435 3252 sollicite
2468 3199 2696 3268 cogitans
2743 3205 2901 3266 potest
2946 3197 3168 3263 adiicere
3212 3198 3281 3250 ad
3323 3209 3569 3253 staturam

1981 3306 2126 3343 suam
2154 3288 2369 3342 cubitum
2394 3288 2589 3342 unum?
2615 3287 2749 3343 Vide
2775 3288 3041 3358 quomodo
3058 3304 3121 3343 ex
3147 3304 3211 3343 eo
3232 3291 3370 3359 quod
3396 3293 3567 3346 mani-

1984 3381 2214 3447 festum,
2275 3380 2327 3434 id
2379 3380 2517 3451 quod
2569 3380 2835 3435 occultum
2891 3389 3008 3435 erat
3050 3381 3255 3435 clarum
3309 3382 3565 3439 effecerit.

1983 3471 2440 3538 Quemadmodum
2484 3472 2624 3526 enim
2665 3472 2896 3541 corpori,
2938 3471 3128 3542 inquit,
3182 3488 3251 3527 ne
3286 3474 3571 3531 minimum

1982 3563 2195 3633 quidem
2246 3570 2463 3617 staturae
2511 3562 2743 3633 adjicere
2780 3563 3019 3633 cogitans
3061 3564 3257 3634 poteris
3295 3567 3417 3621 :sic
3470 3584 3570 3624 nec

1982 3659 2231 3716 alimenta
2284 3672 2637 3727 congregare,
2700 3657 2910 3712 etiamsi
2956 3667 3008 3713 te
3063 3673 3224 3729 posse
3270 3660 3566 3717 existimes.

1983 3752 2119 3807 llinc
2161 3761 2337 3805 autem
2370 3751 2583 3820 planum
2629 3760 2730 3815 est,
2782 3765 2886 3804 non
2926 3766 3108 3805 curam
3167 3760 3425 3816 nostram,
3474 3754 3570 3809 sed

1987 3843 2081 3898 Dei
2120 3843 2508 3912 providentiam
2540 3841 2593 3895 in
2623 3842 2686 3895 iis
2710 3843 2867 3896 etiam
2896 3857 3012 3911 qua:
3035 3857 3197 3912 opera
3238 3852 3417 3898 nostra
3454 3845 3570 3900 fieri

1986 3947 2254 4005 putamus,
2283 3944 2448 3988 totum
2480 3933 2738 4004 perlicere
2767 3950 2779 3986 :
2813 3934 2880 3987 ita
2913 3944 2968 3988 ut
2993 3934 3037 3987 si
3064 3949 3161 3988 nos
3191 3935 3279 3989 ille
3304 3936 3577 4005 relinque-
3602 3978 3609 3983 .

1985 4034 2087 4090 ret,
2120 4041 2220 4080 nec
2245 4041 2395 4091 cura,
2429 4040 2527 4079 nec
2571 4024 2910 4090 sollicitudo,
2938 4041 3036 4078 nec
3062 4024 3232 4091 labor,
3282 4042 3382 4081 nec
3423 4026 3571 4081 aliud

1984 4120 2255 4189 quidpiam
2294 4118 2468 4173 simile
2498 4132 2868 4173 successurum
2899 4126 3061 4183 esset,
3104 4118 3196 4172 sed
3238 4119 3418 4174 omnia
3448 4134 3572 4189 pes-

1984 4225 2101 4264 sum
2132 4209 2359 4264 abirent.

2055 4300 2109 4354 4.
2150 4298 2419 4369 Prtecepta
2446 4298 2543 4353 Dei
2565 4299 2764 4368 impleri
2792 4308 3020 4367 possunt.
3044 4329 3114 4339 ——
3145 4298 3228 4355 Ne
3252 4302 3428 4371 itaque
3468 4318 3569 4372 pu-

1987 4400 2161 4444 temus
2190 4400 2454 4459 praecepta
2485 4390 2690 4459 impleri
2729 4405 2834 4444 non
2865 4405 3054 4459 posse:
3082 4391 3231 4445 multi
3258 4392 3401 4446 enim
3429 4408 3573 4451 nunc

1987 4482 2147 4537 etiam
2177 4492 2322 4549 sunt,
2350 4482 2439 4552 qui
2466 4482 2555 4535 illa
2577 4492 2891 4551 sequuntur.
2926 4481 2983 4536 Si
3012 4492 3065 4536 tu
3094 4481 3194 4537 hoc
3227 4483 3463 4552 ignoras,
3484 4485 3571 4540 ui-

1988 4573 2060 4627 hil
2091 4573 2308 4640 mirum,
2353 4571 2617 4643 siquidem
2649 4572 2830 4627 Helias
2857 4587 2917 4627 se
2958 4572 3130 4628 solum
3172 4589 3293 4629 esse
3320 4576 3572 4644 putabat;

1985 4664 2080 4719 sed
2106 4664 2339 4719 audivit:
2360 4664 2560 4733 Reliqui
2584 4665 2706 4717 milii
2720 4674 2906 4734 septem
2923 4666 3084 4719 millia
3097 4667 3319 4720 virorum
3347 4668 3422 4736 (5.
3442 4666 3572 4741 Reg.

1990 4755 2076 4811 l9.
2107 4755 2215 4828 l8).
2262 4755 2417 4811 Unde
2444 4757 2659 4825 planum
2690 4765 2791 4819 est,
2822 4757 2980 4811 etiam
3013 4772 3153 4812 nunc
3176 4772 3297 4814 esse
3318 4759 3410 4829 qui
3439 4774 3570 4829 apo-

1985 4849 2228 4903 stolicam
2277 4848 2473 4902 ducant
2523 4848 2706 4914 vitam,
2756 4848 3204 4918 quemadmodum
3249 4859 3303 4904 et
3335 4860 3461 4904 tunc
3495 4859 3606 4911 ter.

1988 4941 2135 4996 mille
2159 4950 2214 4996 et
2240 4942 2518 5011 quinquies
2547 4943 2691 4997 mille
2719 4942 2979 4997 homines.
3014 4942 3071 4998 Si
3108 4953 3284 4999 autem
3316 4959 3423 4998 non
3460 4959 3579 4999 cre-

1989 5034 2185 5099 dimus,
2228 5048 2332 5086 non
2384 5033 2506 5103 quia
2545 5033 2738 5087 desunt
2778 5034 2869 5104 qui
2914 5044 3061 5090 recte
3100 5035 3303 5101 vivant,
3331 5034 3425 5089 sed
3454 5020 3611 5107 quia

1992 5127 2148 5196 longe
2174 5126 2241 5181 ab
2272 5126 2377 5181 illis
2406 5126 2680 5193 absumus,
2711 5128 2781 5180 ita
2810 5126 2983 5182 affecti
3012 5142 3218 5183 sumus.
3248 5125 3398 5181 Sicut
3424 5125 3468 5179 is
3489 5126 3581 5195 qui

1990 5221 2169 5276 ebrius
2203 5230 2305 5283 est.
2350 5235 2457 5275 non
2497 5219 2651 5275 facile
2680 5219 2870 5275 credat
2912 5235 3033 5275 esse
3063 5219 3332 5275 hominem
3383 5219 3471 5289 qui
3514 5236 3591 5275 ne.

1991 5330 2181 5387 aquam
2211 5314 2422 5385 quidem
2454 5314 2729 5385 degustet:
2760 5315 2971 5370 etiamsi
2998 5314 3099 5370 huc
3129 5324 3313 5369 nostro
3342 5324 3583 5383 tempore

1992 5406 2145 5461 multi
2193 5406 2575 5461 monachorum
2618 5407 2869 5473 fecerint;
2918 5416 2972 5461 et
3013 5407 3251 5478 quicum
3291 5405 3587 5461 innumeris

1992 5499 2101 5554 coit
2130 5499 2462 5565 mulieribus,
2494 5514 2600 5553 non
2630 5498 2819 5554 credet
2862 5498 3016 5553 facile
3061 5512 3181 5555 esse
3227 5497 3582 5568 virginitatem

2057 5657 2150 5722 (a)_
2166 5658 2254 5708 Illa
2265 5660 2481 5722 quinque
2502 5657 2652 5707 millia
2676 5661 2728 5707 et
2750 5657 2842 5722 tria
2864 5656 3013 5722 millia
3034 5655 3384 5722 homin_um,de
3407 5656 3587 5720 quibus

1994 5718 2364 5833 ὲῗὲίίὲΐιεῖιιὶιίίυιι,
2392 5718 2723 5772 memorantur
2744 5719 2843 5771 sub.
2870 5718 3059 5779 initium
3100 5719 3211 5771 libri
3230 5718 3457 5771 ,Δοιωώ
3474 5733 3587 5783 apo-
