4038 6364
409 276 515 337 299

400 409 624 449 Servare
645 404 786 456 ;.nec
808 391 898 461 qui
928 390 1100 466 aliena
1131 392 1290 465 rapit,
1319 389 1506 446 credet
1529 403 1651 458 esse
1687 389 1989 460 quempiam

405 486 508 550 qui
525 499 624 540 sua
651 482 804 537 facile
833 483 1120 553 largiatur:
1147 485 1224 539 sic
1251 497 1424 557 neque
1463 483 1515 548 ii,
1542 483 1630 552 qui
1671 496 1731 536 se
1755 479 1992 549 quotidie

407 571 553 625 mille
573 571 1018 628 sollicitudinibus
1042 581 1332 645 macerant,
1363 570 1520 646 facile
1543 571 1680 625 hanc
1702 569 1994 640 suscipient

409 662 728 718 doctrinam.
761 663 912 730 Quod
943 673 1118 719 autem
1152 664 1300 718 multi
1328 665 1434 719 sint
1459 663 1551 732 qui
1589 663 1654 718 ad
1685 663 1826 735 hanc
1870 677 1992 732 per-

406 752 689 809 fecﬁonem
721 753 1056 819 devenerint,
1087 755 1154 809 ab
1181 756 1286 810 illis
1314 756 1443 828 ipsis
1471 755 1842 830 demonstrare
1868 768 1992 826 pos-

404 861 609 912 sumus,
637 846 726 916 qui
752 856 910 914 aetate
938 856 1117 902 nostra
1149 847 1286 903 hanc
1312 857 1436 904 sunt
1465 846 1850 920 philosophiam
1869 859 1990 918 pro-

401 940 551 997 fessi.
593 937 696 1016 Sed
725 939 876 994 vobis
903 939 1113 1014 interim
1143 940 1270 1006 satis
1299 939 1400 993 erit
1427 939 1471 994 si
1499 938 1846 1012 discatisnon:
1865 952 1991 992 ava-

404 1031 540 1086 ritia:
563 1030 791 1097 studere,
824 1031 1123 1101 bonamque
1149 1045 1269 1085 esse
1295 1029 1686 1100 eleemosynam
1702 1044 1725 1100 ;,
1748 1028 1790 1102 si
1816 1027 1992 1083 disca-

403 1124 473 1178 tis
512 1138 578 1178 ea
621 1122 776 1177 bonis
805 1123 1002 1176 nostris
1043 1121 1367 1195 erogandum
1415 1135 1554 1196 esse.
1600 1118 1725 1174 Haec
1769 1119 1909 1196 enim
1942 1118 1987 1172 si

401 1213 733 1284 exsequaris,
779 1212 993 1278 dilecte,
1037 1213 1144 1268 cito
1186 1213 1252 1266 ad
1296 1212 1380 1266 illa
1418 1212 1720 1283 pervenies.
1766 1209 1984 1286 Interim

402 1320 532 1374 ergo
557 1303 881 1374 superﬂuam
925 1304 1070 1359 illam
1113 1318 1357 1373 pompam
1397 1304 1746 1372 deponamus,
1778 1301 1986 1376 medio-

401 1395 592 1450 critate
616 1395 858 1450 contenti
879 1395 1070 1459 simus,
1097 1402 1152 1450 et
1177 1393 1446 1448 discamus
1487 1408 1549 1448 ex
1589 1392 1745 1461 justis
1788 1390 1985 1446 labori-

403 1487 504 1542 bus
541 1487 743 1551 omnia,
775 1502 893 1556 qua:
921 1485 1152 1546 habituri
1197 1500 1402 1548 sumus,
1456 1483 1776 1554 acquirenda
1824 1498 1985 1538 esse:

400 1580 829 1652 quandoquidem
858 1581 1045 1636 beatus
1071 1581 1326 1643 Joannes,
1348 1595 1467 1636 cum
1489 1594 1583 1636 eos
1603 1581 1689 1650 qui
1714 1581 1766 1633 in
1789 1579 1988 1634 telonio

401 1673 660 1728 sedebant
683 1683 737 1727 et
757 1673 954 1728 milites
993 1672 1380 1742 alloquebatur,
1417 1671 1522 1726 illis
1549 1671 1857 1730 utcontenti
1875 1669 1988 1726 suis

400 1765 684 1836 stipendiis
701 1773 880 1820 essent
897 1765 1234 1834 praecipiebat
1254 1763 1401 1837 (Luc.
1421 1764 1501 1834 5).
1525 1763 1749 1818 Volebat
1771 1761 1984 1832 quidem

401 1857 521 1910 illos
545 1857 612 1910 ad
639 1856 893 1925 majorem
921 1856 1075 1909 aliam
1105 1853 1492 1927 philosophiam
1532 1855 1837 1921 deducere;
1863 1855 1984 1926 quia

401 1960 529 2000 vero
556 1947 788 2000 nondum
811 1946 876 2001 ad
902 1945 952 2000 id
975 1956 1129 2001 erant
1154 1946 1351 2008 idonei,
1384 1947 1590 2001 minora
1618 1947 1767 2009 dicit,
1794 1949 1914 2017 quia
1942 1949 1986 2002 si

400 2037 710 2092 sublimiora
729 2037 1089 2102 disseruisset,
1108 2053 1212 2091 non
1233 2037 1340 2092 illis
1355 2037 1729 2102 attendissent,
1748 2046 1802 2092 et
1820 2054 1884 2093 ex
1903 2038 1987 2095 his

399 2128 696 2184 minoribus
711 2129 1052 2184 excidissent.
1077 2127 1280 2184 Idcirco
1305 2129 1464 2183 etiam
1490 2143 1594 2184 nos
1610 2130 1660 2183 in
1687 2128 1835 2184 hisce
1851 2129 1988 2185 infe~

387 2219 631 2275 rioribus
647 2235 740 2274 vos
756 2234 1091 2276 exercemus.
1113 2219 1434 2290 lnterimque
1461 2221 1658 2275 scimus
1677 2219 1983 2276 facultatum

399 2311 832 2381 deponendarum
866 2327 1002 2367 onus
1035 2311 1224 2366 fortius
1261 2326 1403 2376 esse,
1426 2326 1585 2382 quam
1627 2321 1685 2366 ut
1724 2325 1823 2366 vos
1847 2311 1987 2367 ferre

401 2403 645 2473 possitis;
670 2413 724 2458 et
744 2414 997 2474 quantum
1020 2402 1177 2457 diSlal
1198 2403 1387 2457 caalum
1410 2417 1440 2457 a
1467 2413 1626 2469 terra,
1654 2411 1858 2457 tantum
1891 2419 1986 2459 vos

1100 276 1150 334 8
1194 274 1474 332 JOANNIS
1505 271 1977 340 CIIRYSOS'IZOMI
2013 270 2326 330 ARCHIEP.
2365 267 2894 336 CONSTANTINOP.

3579 270 3683 336 300

2101 385 2301 441 distare
2327 383 2505 456 abilla
2531 382 2889 456 philosophia.
2913 382 3096 454 Itaque
3121 381 3306 438 ultima
3331 381 3520 446 saltem
3547 397 3682 452 pnn-

2096 485 2252 550 cepta
2289 489 2595 541 servemus;
2633 490 2806 546 neque
2843 476 2986 547 enim
3026 474 3142 530 haec
3189 489 3349 546 parva
3388 473 3688 532 consolatio

2094 579 2179 642 est
2203 587 2215 622 :
2237 567 2446 644 etiamsi
2466 565 2604 642 apud
2622 557 2838 641 Graecos
2858 566 3074 644 quidam
3098 567 3250 634 illud,
3268 567 3410 638 quod
3426 567 3679 644 diximus,

2095 661 2374 732 easequuti
2405 667 2551 738 sunt,
2583 658 2868 734 omniaque
2903 659 3255 729 reliquerunt,
3287 659 3410 714 licet
3451 675 3556 714 non
3586 674 3675 724 eo,

2093 766 2202 822 quo
2243 767 2345 828 par.
2380 760 2516 818 erat,
2563 750 2872 826 proposito.
2903 752 3150 826 Attamen
3197 759 3278 826 sat
3308 750 3466 814 nobis
3495 752 3599 816 erit
3635 753 3684 808 si

2094 843 2495 917 eleemosynam
2541 841 2686 918 large
2718 842 2982 917 spargatis
3015 858 3029 895 :
3060 841 3167 896 cito
3204 841 3346 898 enim
3389 852 3570 914 postea
3612 843 3684 898 ad

2095 935 2187 990 illa
2219 936 2615 1010 perveniemus,
2644 935 2687 990 si
2718 936 2787 990 ita
2815 935 3310 1005 procedamus.Sin
3337 951 3406 991 ne
3436 935 3539 1010 hoc
3563 937 3685 1006 qui-

2093 1027 2215 1082 dem
2265 1025 2541 1102 faciamus,
2590 1041 2694 1097 qua
2739 1027 2941 1098 erimus
2985 1027 3136 1080 venia
3186 1026 3358 1102 digni,
3414 1029 3502 1097 qui
3544 1027 3681 1096 jussi

2093 1129 2309 1190 sanctos
2353 1121 2554 1192 veteris
2597 1120 2730 1191 legis
2769 1136 3052 1191 superare,
3101 1119 3304 1177 Graecis
3347 1120 3686 1192 philosophis

2072 1216 2328 1271 iminores
2356 1215 2676 1291 videamur?
2700 1213 2837 1280 Quid
2865 1213 3179 1278 dixerimus,
3208 1214 3253 1276 si
3278 1228 3400 1288 cum
3424 1213 3598 1284 angeli
3626 1222 3687 1269 et

2095 1307 2187 1361 ﬁlii
2216 1307 2307 1378 Dei
2335 1321 2458 1361 esse
2485 1305 2798 1371 debeamus,
2829 1320 2900 1376 ne
2932 1305 3175 1359 homines
3204 1302 3420 1374 quidem
3451 1319 3572 1360 esse
3596 1305 3682 1358 vi-

2092 1398 2352 1461 deamur?
2386 1397 2516 1455 Nam
2545 1381 2734 1466 rapere
2764 1405 2819 1451 et
2844 1395 3018 1471 aliena
3044 1405 3299 1465 expetere
3328 1411 3434 1450 non
3477 1395 3542 1450 ad
3582 1397 3683 1448 ho-

2091 1490 2294 1554 minum
2334 1487 2819 1552 mansuetudinem,
2854 1486 2948 1543 sed
2993 1487 3058 1542 ad
3099 1487 3331 1561 ferarum
3375 1487 3684 1541 immanita-

2092 1590 2200 1636 tem
2224 1581 2488 1650 pertinet;
2523 1580 2629 1634 imo
2657 1577 2784 1633 feris
2811 1577 3106 1634 deteriores
3133 1579 3370 1649 suntqui
3400 1578 3571 1633 aliena
3600 1579 3686 1632 in-

2093 1673 2315 1727 vadunt.
2345 1670 2495 1726 Feris
2525 1685 2755 1740 namque
2783 1669 2832 1724 id
2859 1685 2889 1725 a
2918 1679 3103 1724 natura
3139 1665 3365 1725 inditum
3402 1679 3491 1725 est
3517 1688 3532 1724 :
3579 1683 3685 1725 nos

2091 1775 2268 1819 autem
2299 1763 2388 1838 qui
2415 1761 2624 1817 ratione
2643 1747 2816 1818 ornati
2843 1775 3046 1835 sumus,
3071 1769 3126 1816 et
3147 1770 3340 1830 praeter
3361 1771 3602 1836 naturam
3627 1762 3684 1814 in

2090 1855 2477 1926 ignobilitatem
2507 1853 2827 1920 delabimur,
2858 1869 2960 1926 qua
3001 1852 3238 1916 fruemur
3265 1854 3418 1906 venia
3441 1853 3465 1906 ‘?
3490 1851 3685 1908 Consi-

2089 1934 2344 2004 derantes
2373 1947 2528 2018 igitur
2559 1945 2844 2016 proposita:
2884 1945 3041 2016 nobis
3078 1943 3430 2014 philosophiae
3457 1958 3682 1997 mensu-

2089 2053 2212 2104 ras,
2246 2039 2440 2104 saltem
2468 2036 2535 2092 ad
2567 2036 2740 2091 media
2790 2035 3187 2106 perveniamus,
3234 2043 3292 2089 ut
3329 2045 3384 2089 et
3426 2049 3456 2087 a
3499 2033 3686 2088 futuro

2088 2113 2350 2203 supplicio
2372 2131 2683 2196 liberemur,
2711 2137 2766 2184 et
2800 2129 3069 2199 progressi
3110 2129 3177 2184 ad
3215 2143 3386 2198 Ipsum
3418 2127 3685 2183 bonorum

2089 2223 2299 2293 culmen
2320 2221 2673 2282 ascendamus
2701 2240 2714 2274 :
2740 2235 2858 2291 qua:
2883 2219 3060 2275 omnia
3081 2220 3282 2274 utinam
3306 2235 3679 2294 assequamur,

2089 2313 2260 2384 gratia
2289 2322 2345 2368 et
2373 2312 2700 2382 benignitate
2740 2311 2950 2380 Domini
2990 2312 3158 2366 nostri
3188 2311 3318 2366 Iesu
3341 2309 3562 2378 Christi,
3592 2311 3687 2368 cui

2089 2403 2261 2474 gloria
2291 2413 2345 2458 et
2369 2402 2648 2472 imperium
2677 2403 2730 2456 in
2760 2401 3326 2480 smculagsazculorum.
3353 2403 3544 2474 Amen.

3503 2511 3682 2528 ,—

1525 2567 1872 2629 HOM-ILIA
1914 2568 2126 2630 XXII.
2161 2568 2248 2630 al.
2300 2567 2542 2628 XXIII.

407 2697 529 2753 31w.
581 2696 634 2751 6.
668 2694 837 2750 v.28.
895 2693 1217 2768 Considerate
1255 2693 1364 2748 lilia
1396 2695 1508 2768 agri
1539 2736 1556 2761 ,
1585 2695 1843 2764 quomoda
1889 2711 1987 2750 cre-

471 2796 656 2851 scunt;
695 2803 796 2840 non
823 2784 1052 2838 laborant
1081 2825 1098 2852 ,
1127 2801 1285 2854 neque
1324 2795 1460 2839 nent.
1491 2784 1620 2852 Dico
1645 2794 1811 2839 autem
1850 2786 1986 2840 vobis

469 2877 708 2950 quoniam
734 2875 1093 2942 necSalomon
1117 2875 1170 2930 in
1199 2875 1335 2929 omni
1359 2875 1524 2950 gloria
1547 2891 1641 2940 sua
1652 2875 1991 2948 pestiluserat

475 2971 604 3024 sicut
629 2986 783 3022 unum
805 2985 867 3022 ea:
891 2969 1016 3023 istis.

471 3063 524 3116 1.
552 3059 656 3116 Cur
689 3059 923 3115 Christus.
967 3059 1144 3114 moluit
1172 3059 1334 3113 lilium
1387 3059 1448 3112 in-
1480 3058 1766 3124 exemplum
1796 3057 1983 3131 aﬂ'erre

398 3170 549 3224 quam
573 3153 844 3207 animalia..
860 3152 936 3205 De
962 3153 1088 3206 luam
1106 3153 1315 3206 vestium
1337 3150 1592 3222 superbire
1610 3167 1764 3221 quam
1777 3169 1981 3216 vanum.

399 3245 760 3299 Creaturarum
782 3243 1107 3313 pulchritudo
1133 3243 1433 3316 sapientium
1480 3242 1575 3298 Dei
1618 3244 1885 3314 praedicat.
1911 3275 1984 3286 —

398 3333 685 3402 Postquam
725 3331 793 3387 de
830 3333 1139 3388 necessario
1167 3332 1288 3398 cibo
1317 3332 1449 3388 dixit
1472 3375 1492 3399 ,,
1528 3343 1584 3388 et
1609 3335 1851 3390 ostendit
1874 3350 1980 3391 non

397 3435 647 3494 oportere
673 3423 738 3479 de
764 3425 855 3478 illo
873 3424 1130 3479 sollicitos
1157 3438 1295 3490 esse,
1324 3423 1390 3478 ad
1417 3424 1615 3480 leviora
1643 3427 1851 3481 transit.
1873 3425 1982 3482 Ne-

396 3531 500 3584 que
527 3515 668 3571 enim
697 3515 765 3570 ita
797 3516 1095 3570 necessaria
1121 3517 1285 3571 vestis
1299 3524 1402 3580 est,
1430 3526 1490 3570 ut
1513 3516 1848 3585 alimentum.
1876 3518 1983 3574 Cur

396 3607 576 3677 itaque
603 3606 691 3662 hic
719 3623 822 3661 non
847 3607 1034 3662 eodem
1067 3608 1230 3662 utitur
1249 3607 1496 3680 exemplo
1525 3609 1801 3664 volucrum
1833 3650 1849 3676 ,
1881 3625 1980 3666 ne-

395 3712 501 3766 que
529 3695 681 3751 affert
708 3697 863 3752 nobis
894 3712 1157 3766 pavonem
1184 3738 1200 3763 ,
1229 3707 1323 3752 aut
1346 3713 1572 3768 cycnum
1607 3738 1624 3764 ,
1655 3708 1748 3752 aut
1774 3713 1929 3755 ovem
1956 3700 1982 3754 ?

398 3787 529 3842 Nam
573 3787 798 3857 plurima
854 3786 976 3844 hinc
1027 3789 1274 3858 exempla
1318 3789 1545 3842 mutuari
1593 3789 1803 3845 licebat.
1846 3790 1979 3858 Quia

399 3883 646 3953 utrinque
667 3882 741 3937 rei
769 3881 1185 3952 magnitudinem
1215 3881 1326 3935 vult
1350 3883 1636 3938 ostendere
1658 3925 1674 3949 ,
1706 3893 1816 3938 tum
1842 3899 1871 3936 a
1902 3883 1982 3937 vi-

397 3972 544 4028 litate
571 3985 755 4027 eorum
784 3987 903 4043 qure
935 3979 1080 4026 tanto
1107 3974 1301 4026 decore
1325 3970 1544 4042 fulgent,
1577 3982 1684 4026 tum
1715 3973 1784 4028 ab
1805 3973 1983 4028 excel-

398 4063 559 4119 lentia
590 4070 812 4118 ornatus
841 4062 964 4117 liliis
992 4063 1200 4118 tributi.
1229 4061 1353 4118 Ideo
1397 4073 1676 4134 postquam
1715 4063 1853 4119 hanc
1877 4063 1977 4120 de-

399 4147 741 4226 sciiptiouem
768 4152 1261 4221 concinnavit,.non
1275 4155 1501 4224 amplius
1525 4154 1634 4209 lilia
1659 4164 1816 4210 vocat
1840 4155 1975 4227 ipsa,

396 4246 490 4302 sed
527 4245 614 4301 '50.
649 4244 863 4299 Faenum
901 4246 1032 4316 agri.
1075 4244 1258 4315 Neque
1303 4244 1406 4300 hoc
1446 4246 1661 4301 nomine
1697 4255 1978 4302 contentus

397 4347 499 4399 est.
527 4337 618 4391 sed
647 4337 802 4389 aliam
825 4333 1006 4404 adjicit
1023 4337 1298 4400 vilitatem,
1321 4335 1523 4400 dicens,
1546 4335 1697 4401 Quod
1719 4338 1868 4392 hodie
1883 4348 1974 4393 est.

395 4425 577 4495 Neque
605 4426 771 4491 addit,
802 4426 933 4481 Cras
959 4443 1064 4481 non
1085 4435 1184 4486 est.
1213 4427 1306 4482 sed
1333 4427 1470 4498 quod
1493 4427 1649 4504 longe
1677 4428 1832 4497 vilius
1865 4470 1880 4494 ,
1908 4428 1977 4484 In

392 4521 644 4575 clibanum
675 4521 906 4574 mittitur.
934 4520 1114 4591 Neque
1139 4521 1450 4590 simpliciter
1467 4511 1626 4586 dixit,
1645 4521 1834 4598 Vestit,
1859 4523 1974 4590 sed,

398 4611 490 4666 Sic
505 4612 663 4665 vestit.
694 4611 855 4664 Vides
876 4611 1077 4679 ubique
1099 4611 1293 4666 multos
1321 4610 1387 4666 ad
1413 4610 1663 4666 ulteriora
1690 4621 1744 4667 et
1770 4597 1972 4681 majora

396 4717 709 4774 progressus
739 4703 762 4755 ?
787 4701 842 4756 Id
873 4717 1032 4772 porro
1061 4702 1167 4772 agit
1208 4711 1269 4757 ut
1292 4703 1411 4758 illos
1437 4705 1756 4775 perstringat
1788 4723 1799 4759 :
1831 4705 1979 4762 ideo-

396 4810 501 4863 que
531 4792 824 4863 subjnnxit,
856 4793 1056 4860 Quanto
1086 4795 1246 4864 magis
1273 4809 1358 4847 vos
1389 4795 1418 4849 ἲ
1459 4793 1592 4849 Illud
1623 4795 1816 4866 quippe
1862 4811 1972 4850 ma-

391 4903 550 4958 gnam
573 4885 867 4956 emphasim
897 4884 1152 4940 continet.
1169 4885 1320 4950 Nam,
1336 4885 1452 4952 Vos,
1473 4887 1602 4943 nihil
1630 4889 1771 4943 aliud
1792 4888 1975 4944 subin-

403 4985 568 5050 licat,
600 4998 762 5051 quam
793 4983 963 5052 ipsum
992 4997 1160 5052 genus
1188 4983 1482 5038 humanum
1514 5001 1710 5056 magno
1739 4987 1987 5057 honore,

392 5088 586 5143 magna
624 5089 752 5128 cura
789 5073 1067 5144 dignatum
1107 5073 1274 5128 fuisse
1309 5091 1322 5128 :
1359 5090 1424 5129 ac
1455 5075 1499 5130 si
1536 5075 1745 5132 diceret
1783 5095 1799 5131 :
1838 5075 1978 5144 Vos,

391 5169 590 5234 quibus
623 5166 859 5220 animam
893 5165 1070 5232 dedit,
1099 5166 1296 5235 quibus
1327 5181 1523 5237 corpus
1555 5166 1886 5237 eﬂ'ormavit,
1913 5173 1979 5225 ad

391 5274 619 5326 quorum
654 5274 812 5312 usum
847 5258 1078 5313 visibilia
1111 5262 1291 5314 omnia
1327 5260 1568 5327 creavit,
1595 5271 1814 5331 propter
1844 5277 1982 5334 quos

391 5350 684 5419 prophetas
721 5350 869 5406 misit
902 5361 959 5405 et
992 5351 1162 5422 legem
1197 5351 1373 5419 dedit,
1409 5353 1803 5424 innumeraque
1840 5357 1985 5410 licita-

390 5443 661 5510 contulit;
682 5456 900 5514 propter
922 5461 1059 5516 quos
1083 5447 1416 5515 unigenitum
1442 5446 1634 5500 Filium
1658 5449 1901 5516 tradidit,
1925 5460 1981 5504 et

392 5537 560 5590 millia
591 5551 686 5606 per
714 5537 888 5607 ipsum
919 5555 1143 5594 mtmera
1175 5539 1398 5610 largitus
1424 5539 1569 5595 est‘.
1602 5539 1668 5594 Et
1695 5547 1978 5610 postquam

455 5673 592 5748 tllic
623 5675 866 5748 articulos
906 5677 1128 5748 phrasis,
1167 5681 1216 5727 et
1244 5675 1504 5729 millia.....
1548 5674 1757 5741 largitus
1791 5681 1863 5728 est
1926 5678 1977 5727 in

393 5737 588 5788 ﬁliabus
620 5746 810 5789 tantum
840 5737 980 5791 codd.
1018 5737 1225 5802 tegitur.

2093 2695 2209 2770 haec
2236 2695 2381 2766 clare
2410 2695 2755 2764 ostenderat,
2801 2704 2926 2770 tunc
2966 2695 3084 2752 illos
3141 2695 3416 2765 increpat,
3447 2695 3629 2750 dicens
3661 2713 3683 2750 τ

2095 2787 2316 2870 dludit-ae
2337 2788 2477 2858 ﬁdei.
2505 2788 2648 2844 Talis
2678 2790 2874 2859 quippe
2900 2789 3091 2860 estqui
3122 2788 3343 2861 consilia
3373 2803 3469 2844 sua
3499 2788 3684 2844 offert:

2093 2889 2370 2953 postquam
2394 2896 2505 2938 rem
2531 2881 2675 2954 clare
2692 2881 3092 2953 demonstravit,
3107 2895 3211 2948 non
3231 2879 3390 2950 modo
3411 2879 3677 2952 hortatur,

2090 2972 2184 3042 sed
2210 2973 2369 3029 etiam
2397 2973 2602 3046 pungit,
2630 2973 2880 3042 utmagis
2920 2972 2986 3044 ad
3019 2973 3310 3042 parendum
3341 2971 3498 3027 dictis
3521 2973 3680 3028 exci~

2090 3072 2185 3122 tet.
2221 3065 2316 3122 ﬂis
2342 3075 2519 3120 autem
2551 3080 2648 3120 nos
2677 3063 2835 3134 docet
2861 3078 2967 3124 non
2995 3064 3154 3136 modo
3176 3074 3232 3118 ut
3259 3079 3328 3134 ne
3352 3064 3564 3120 solliciti
3592 3067 3675 3122 si-

2089 3171 2226 3219 mus,
2250 3157 2341 3211 sed
2371 3165 2428 3210 ut
2452 3170 2524 3211 ne
2544 3154 2897 3220 admiratione
2939 3156 3214 3226 capiamur
3241 3169 3360 3211 cum
3389 3155 3682 3226 magnifica

2089 3245 2406 3304 vestimenta
2446 3246 2830 3315 COnSpieimus.
2868 3244 3000 3302 Nam
3028 3244 3115 3300 hic
3140 3245 3303 3301 decor
3325 3232 3527 3300 ﬂorum'
3544 3255 3629 3300 est
3655 3287 3674 3311 ,

2093 3335 2485 3408 herbarumque
2507 3336 2844 3407 pulchritudo
2871 3352 2890 3402 ;
2915 3337 3024 3391 imo
3058 3337 3344 3406 pretiosius
3371 3336 3568 3392 {mnum
3590 3346 3678 3392 est
3750 3373 3757 3378 -

2091 3431 2192 3484 hoc
2222 3429 2561 3484 vestimento.
2581 3428 2719 3496 Quid
2753 3429 2915 3499 igitur
2938 3444 3187 3499 magnum
3215 3430 3361 3502 sapis
3388 3429 3456 3484 de
3482 3445 3542 3484 re
3564 3471 3582 3496 ,
3615 3431 3674 3487 in

2089 3535 2190 3590 qua
2214 3520 2282 3590 ab
2311 3518 2478 3575 herba
2524 3518 2683 3589 longe
2717 3521 2987 3591 superaris
3011 3521 3036 3573 ?
3067 3521 3132 3575 Et
3171 3522 3291 3574 vide
3335 3505 3601 3591 quemodo
3640 3536 3677 3576 δ

2087 3613 2348 3682 principio
2377 3621 2701 3684 praeceptum
2751 3613 2869 3668 leve
2909 3612 3169 3684 facileque
3210 3627 3332 3668 esse
3377 3613 3670 3689 ostendat,

2087 3702 2212 3757 dum
2245 3703 2365 3758 illos
2392 3718 2606 3758 rursum
2644 3717 2674 3758 a
2700 3704 2983 3760 contrariis
3026 3713 3081 3760 ct
3107 3703 3175 3758 ab
3204 3702 3271 3758 iis
3295 3718 3414 3774 qua:
3441 3704 3673 3758 maxime

2091 3796 2300 3862 timent,
2325 3795 2558 3851 deducit.
2587 3795 2719 3850 Cum
2741 3796 2883 3851 enim
2912 3796 3168 3861 dixisset,
3209 3795 3535 3851 Considerate
3561 3795 3671 3848 lilia

2085 3871 2245 3958 agri,
2279 3886 2556 3956 subjunxit
2587 3906 2600 3941 :
2636 3886 2757 3941 Non
2788 3887 3042 3948 laborant.
3073 3888 3256 3958 Itaque
3287 3903 3384 3942 nos
3407 3903 3438 3940 a
3468 3887 3668 3942 labori.

2085 3977 2185 4032 bus
2203 3977 2413 4048 eripere
2453 3979 2674 4045 volens,
2706 3979 2821 4034 haec
2864 3980 3138 4050 praecepit.
3179 3978 3293 4033 Non
3336 3993 3464 4049 ergo
3521 3978 3672 4032 labor

2086 4068 2184 4125 bas
2203 4083 2289 4124 res
2313 4085 2418 4124 non
2446 4085 2636 4126 curare
2659 4113 2675 4134 ,
2703 4070 2795 4125 sed
2827 4085 3014 4126 curare
3038 4079 3094 4127 et
3119 4070 3404 4126 Sollicitum
3430 4085 3570 4127 esse.
3593 4073 3673 4128 Ac

2084 4161 2530 4230 quemadmodum
2555 4177 2675 4217 cum
2696 4160 2852 4224 dixit.
2877 4161 2999 4216 Non
3025 4173 3217 4227 serunt,
3235 4177 3341 4217 non
3373 4171 3668 4218 sementem

2082 4251 2315 4319 sustulit,
2342 4251 2436 4307 sed
2463 4267 2646 4307 curam
2677 4252 2892 4330 nimiam
2925 4269 2940 4306 :
2969 4253 3044 4308 sic
3066 4267 3198 4315 cum
3233 4255 3343 4317 ait,
3377 4237 3498 4306 Non
3529 4253 3670 4330 labo-

2082 4354 2219 4406 rant,
2237 4361 2394 4415 neque
2417 4353 2556 4409 nent,
2576 4359 2680 4399 non
2707 4326 2840 4416 opus
2859 4345 3093 4413 sustulit,
3116 4345 3210 4423 sed
3232 4327 3673 4420 sollicitudinem...

2082 4435 2343 4511 Siautem
2374 4436 2628 4504 salomon
2660 4435 2871 4498 illorum
2900 4437 3096 4492 decore
3121 4447 3410 4514 superatus
3426 4447 3511 4502 est
3531 4478 3546 4503 ,
3571 4453 3666 4506 ne-

2083 4543 2190 4597 que
2214 4526 2379 4598 semel
2410 4536 2504 4582 aut
2543 4527 2625 4582 bis
2651 4569 2667 4595 ,
2719 4528 2813 4582 sed
2849 4544 2945 4599 per
2978 4537 3146 4592 totum
3176 4513 3326 4598 regni
3350 4530 3432 4594 sui
3457 4513 3667 4600 tempus
3712 4600 3720 4606 _

2084 4619 2282 4690 (neque
2308 4621 2448 4674 enim
2477 4629 2651 4690 potest
2675 4620 2794 4691 quis
2816 4620 2995 4684 dicere
3024 4623 3196 4690 ipsum
3227 4606 3368 4676 nunc
3397 4622 3494 4686 sic,
3526 4636 3668 4677 nunc

2081 4711 2186 4765 alio
2223 4709 2382 4765 modo
2417 4709 2657 4766 indutum
2685 4711 2850 4766 fuisse
2880 4728 2896 4776 ;
2926 4711 3020 4767 sed
3061 4727 3236 4782 neque
3263 4727 3379 4774 uno.
3401 4712 3489 4768 die
3518 4722 3670 4768 tanto

2082 4803 2277 4858 decore
2301 4803 2447 4859 fulsit
2479 4823 2496 4860 :
2523 4804 2578 4859 id
2596 4805 2737 4860 enim
2773 4805 3024 4860 indicavit
3047 4805 3230 4861 dicens
3254 4847 3269 4872 ,
3289 4803 3356 4860 In
3381 4815 3483 4860 toto
3510 4823 3668 4877 regna

2079 4893 2221 4964 suo),
2251 4909 2422 4964 neque
2450 4893 2545 4948 uni
2566 4901 2770 4949 tantum
2794 4893 2909 4950 [lori
2933 4895 3118 4970 cessit,
3145 4894 3370 4958 alterum
3383 4909 3520 4962 vero
3548 4896 3664 4962 imi-

2081 4993 2222 5040 tatus
2243 4995 2346 5052 est,
2376 4985 2471 5042 sed
2497 4986 2745 5041 omnibus
2763 4987 2920 5042 simul
2950 4987 3111 5043 cessit
3135 4988 3480 5059 (quapropter
3506 4987 3665 5058 dixit,

2081 5075 2226 5129 Sicut
2252 5091 2409 5129 unum
2435 5092 2499 5131 ea:
2537 5077 2647 5131 istis
2672 5093 2691 5132 :
2717 5087 2972 5147 quantum
3020 5079 3163 5133 enim
3197 5078 3360 5133 distat
3406 5078 3606 5138 veritas
3634 5094 3667 5133 a

2079 5165 2376 5236 mendacio,
2405 5175 2605 5222 tantum
2626 5177 2708 5223 est
2732 5168 2871 5222 inter
2892 5168 3204 5236 vestimenta
3237 5167 3326 5224 illa
3361 5177 3417 5224 et
3443 5168 3541 5235 hos
3564 5167 3667 5222 llo-

2079 5272 2167 5312 res
2193 5258 2548 5328 intervallum)
2575 5276 2596 5314 ε.
2610 5259 2655 5314 si
2680 5273 2808 5330 ergo
2835 5259 2925 5315 ille
2946 5274 3005 5316 se
3028 5259 3227 5315 victum
3252 5259 3530 5315 confessus
3554 5267 3667 5330 est,

2079 5349 2317 5418 omnium
2355 5351 2443 5418 qui
2474 5365 2724 5420 umquam
2749 5349 2900 5405 fuere
2926 5365 3112 5421 regum
3145 5349 3618 5422 splendidissimus.
3643 5389 3661 5414 ,

2079 5441 2415 5514 quandonam
2443 5442 2727 5497 tuvincere
2752 5440 2951 5511 poteris
2975 5481 2991 5507 ,
3019 5449 3113 5495 aut
3139 5441 3204 5496 ad
3237 5440 3385 5496 illum
3409 5439 3662 5496 decorem

2085 5531 2168 5584 vel
2195 5532 2456 5588 tantillum
2486 5533 2742 5605 accedere
2769 5533 2792 5584 ?
2821 5533 2956 5588 Hinc
2991 5549 3089 5588 nos
3128 5533 3358 5590 instituit
3380 5543 3437 5588 ut
3465 5548 3532 5588 ne
3563 5532 3663 5588 hu-
3738 5608 3740 5610 ν

2075 5622 2309 5694 justuodi
2351 5631 2602 5680 decorem
2641 5639 2890 5696 umquam
2918 5625 3238 5681 ambiamus.
3272 5623 3406 5680 Vide
3447 5639 3574 5696 ergo
3595 5616 3664 5673 ﬁ-

2079 5730 2201 5770 nem
2225 5713 2340 5784 ejus
2366 5729 2382 5766 :
2411 5723 2536 5786 post
2551 5715 2854 5784 victoriam,
2874 5715 2927 5771 in
2950 5715 3224 5773 elibanum
3237 5715 3484 5792 mittitur.
3503 5713 3659 5785 Quod
