4038 6364
1406 246 1475 254 γόα-

143 348 248 402 299

147 463 407 529 δέξοιντο.
438 466 560 521 ὀτι
591 468 687 538 μὲν
712 462 806 521 οῦν
849 467 1033 521 πολλοὶ
1060 471 1108 523 οἱ
1132 472 1290 526 τοῦτο
1313 474 1721 547 κατορθωκότες
1754 481 1831 531 εί-

150 554 257 615 σὶν,
287 554 388 607 ἀπ’
416 556 596 608 αὐτῶν
629 556 855 610 δυνατὸν
896 558 1025 627 ἡμῖν
1067 558 1236 625 δεῖξαι
1283 561 1390 614 τῶν
1418 562 1591 616 ταῦτα
1620 564 1833 633 φιλοσο-

149 643 399 712 φούντων
425 647 522 698 καὶ
558 646 651 699 ἐπὶ
681 648 779 719 τῆς
804 649 1082 720 ἡμετέρας
1112 654 1326 719 γενεᾶς.
1366 653 1506 707 Ἀλλ’
1538 656 1667 726 ὑμῖν
1696 657 1833 722 τέως

148 733 311 803 ἀρκεῖ
345 733 412 786 τὸ
448 734 523 805 μὴ
550 735 892 789 πλεονεκτεῖν
924 737 1137 807 μαθεῖν,
1163 740 1257 793 καὶ
1292 741 1373 792 ὃτι
1407 742 1570 796 καλὸν
1612 746 1649 814 ή
1678 744 1833 815 ἐλεη·

150 815 358 887 μοσύνη
396 857 412 879 ,
459 819 554 871 καὶ
601 818 662 872 τὸ
710 819 905 874 εἰδέναι
961 821 1042 875 ὃτι
1083 822 1188 894 χρὴ
1234 824 1344 877 τῶν
1392 826 1560 879 ὅντων
1614 828 1833 898 μεταδι-

145 903 315 959 δόναι.
379 905 569 960 Ταῦτα
606 906 715 978 γὰρ
762 907 829 961 ἂν
879 907 1253 981 κατορθώσῃς,
1296 912 1570 983 ἀγαπητὴ
1621 916 1832 986 ταχέως

146 991 240 1045 καὶ
291 994 385 1045 ἐπ’
415 993 605 1049 ἐκεῖνα
647 995 868 1065 βαδιεῖς.
914 997 1063 1061 Τέως
1115 999 1295 1052 τοίνυν
1339 1001 1439 1070 τὴν
1486 1003 1833 1059 πολυτέλειαν

144 1080 484 1153 ἀποθώμεθα
523 1083 619 1155 τὴν
652 1084 935 1157 περιττὴν,
968 1086 1063 1139 καὶ
1094 1088 1455 1159 ἀνασχώμεθα
1496 1091 1597 1161 τῆς
1623 1109 1833 1163 συμμε-

144 1168 321 1237 τρίας,
351 1170 451 1223 καὶ
481 1171 747 1242 μάθωμεν
776 1173 884 1226 ἀπὸ
908 1172 1129 1228 δικαίων
1159 1177 1338 1230 πόνων
1364 1178 1594 1235 κτᾶσθαι
1617 1179 1833 1235 ἅπαντα

147 1256 289 1341 ἅπερ
318 1258 593 1330 μέλλομεν
618 1259 785 1331 ἔχειν’
818 1262 940 1314 ἐπεὶ
969 1262 1064 1316 καὶ
1090 1265 1118 1317 ὀ
1143 1265 1410 1335 μακάριος
1444 1268 1713 1340 Ἰωάννης,
1743 1270 1831 1325 ὅτε

145 1344 416 1413 διελέγετο
426 1348 540 1409 τοῖς
555 1365 621 1400 πε
630 1348 682 1419 pl
693 1348 793 1421 τὴν
804 1349 1022 1403 τελωνεί
1027 1368 1091 1404 αν
1108 1352 1426 1423 ἐσχολακόσι
1439 1357 1531 1409 καὶ
1546 1359 1654 1420 τοῖς
1671 1375 1732 1411 στ
1741 1375 1832 1429 ρα-

145 1435 486 1505 τευομένοις,
527 1436 815 1507 ἀρκεῖσθαι
851 1441 962 1502 τοῖς
1000 1440 1252 1509 ὀψωνίοις
1295 1443 1664 1513 προσέταττεν
1688 1447 1827 1501 ’⁷⁸⁵⁸⁷⁸.

159 1519 443 1575 Ἐϐούλετο
484 1523 581 1593 μέν
613 1523 723 1595 γὰρ
748 1526 839 1599 καὶ
866 1527 952 1596 ἐφ’
981 1528 1176 1598 ἑτέραν
1217 1530 1441 1601 μείζονα
1474 1533 1671 1597 αὐτοὺς
1696 1535 1833 1602 ἀγα-

145 1612 257 1675 γείν
285 1610 632 1680 φιλοσοφίαν·
664 1614 851 1687 ἐπειδὴ
880 1614 935 1668 δὲ
964 1616 1175 1685 οὐδέπω
1205 1617 1336 1687 πρὸς
1358 1618 1527 1673 ταῦτα
1550 1615 1690 1692 ἦσαν
1719 1624 1836 1676 ἐπι-

146 1697 369 1766 τήδειοι,
394 1698 462 1751 τὰ
502 1700 762 1756 ἐλάττονα
794 1702 962 1769 λέγει,
997 1704 1073 1768 ὡς
1108 1706 1156 1757 εί
1183 1707 1252 1759 τὰ
1282 1706 1589 1780 ὑψηλότερα
1626 1710 1828 1766 τούτων

147 1780 315 1847 εἶπεν,
350 1785 467 1839 οὔτ’
501 1785 566 1839 ἂν
602 1788 831 1852 ἐκείνοις
859 1791 905 1821 ⁷⁸
933 1793 1255 1863 προσέσχον,
1291 1795 1383 1847 καὶ
1411 1796 1614 1852 τούτων
1644 1798 1826 1863 ἐξέπε-

148 1891 235 1927 σον
264 1876 351 1939 ἄν,
384 1875 484 1927 Διά
522 1876 588 1947 δή
629 1879 789 1949 τοῦτο
834 1881 928 1932 καὶ
954 1882 1115 1951 ἡμεῖς
1153 1884 1210 1935 ἐν
1241 1885 1352 1947 τοῖς
1392 1885 1833 1960 καταδεεστέροις

146 1963 289 2031 ὑμᾶς
316 1964 694 2036 γυμνάζομεν.
727 1967 833 2018 Kal
856 1965 964 2037 γὰρ
987 1968 1125 2032 τέως
1154 1970 1331 2041 ἴσμεν,
1360 1972 1441 2025 ὅτι
1470 1960 1654 2043 μεῖζον
1680 1977 1835 2049 ὑμῶν

143 2051 237 2120 τῆς
268 2051 664 2125 ἀκτημοσύνης
699 2054 759 2107 τὸ
795 2054 1036 2127 φορτίον,
1070 2058 1165 2110 καὶ
1196 2058 1319 2112 ὅσον
1348 2060 1655 2134 ἀφέστηκεν
1687 2065 1715 2116 ὁ
1745 2066 1835 2119 οὐ-

148 2139 305 2206 ρανὸς
350 2140 453 2209 τῆς
511 2140 635 2209 γῆς,
690 2141 944 2196 τυσοῦτον
993 2143 1147 2217 ὑμῶν
1197 2146 1231 2216 ἡ
1282 2147 1569 2218 φιλοσοφία
1623 2151 1828 2223 ἐκείνη.

144 2225 355 2278 Οὐκοῦν
399 2228 505 2282 κᾶν
544 2229 652 2281 τῶν
694 2231 939 2301 ἐσχάτων
986 2232 1374 2303 ἐπιλαόώμεθα
1420 2238 1828 2308 ἐπιταγμάτωνο

142 2312 261 2366 οὐδὲ
280 2313 395 2387 γὰρ
425 2316 565 2388 αὕτη
598 2319 770 2388 μικρὰ
793 2320 1133 2391 παραμυθία.
1163 2321 1421 2392 Καίτοιγε
1446 2327 1576 2395 παρ’
1600 2326 1829 2398 Ἕλλησί

1162 354 1229 411 ΙΝ
1269 354 1686 435 ΜΑΤΤΠᾹΞῌΜ
1730 359 1963 419 ηοΜιι..
2006 363 2174 423 XXII.
2211 366 2281 422 al.
2324 364 2514 423 XXIII.

3508 366 3613 424 500

1935 497 2079 546 τινες
2106 484 2198 536 καὶ
2224 482 2380 536 τοῦτο
2406 480 2794 553 κατώρθωσαν,
2811 481 2863 533 εί
2882 480 2975 537 καὶ
3000 480 3077 553 μὴ
3108 480 3246 552 μετὰ
3276 480 3375 550 τῆς
3405 496 3624 551 προσῇ..

1938 568 2139 639 κούσης
2160 569 2404 640 γνώμης,
2438 570 2532 622 καὶ
2568 568 2638 622 τὰ
2676 568 2806 624 ὄντα
2833 569 3048 623 ἅπαντα
3072 567 3429 623 ἀπεδύσαντο.
3469 562 3607 619 Ἀλλ’

1934 654 2083 724 ὅμως
2122 656 2281 724 ἡμεῖς
2314 653 2631 725 ἀρκούμεθα
2677 653 2763 722 ἐφ’
2801 652 2956 722 ὑμῶν
2992 652 3071 724 τῷ
3098 651 3195 722 τὴν
3241 648 3612 721 ἐλεημοσύνην

1932 735 2129 806 δαψιλῆ
2155 737 2487 807 παρέχεσθαι
2509 735 2662 809 [274]
2686 734 2815 807 παρ’
2841 726 3013 805 ὑμῶν·
3035 733 3245 804 ταχέως
3268 732 3376 801 γὰρ
3400 732 3494 784 καὶ
3522 729 3612 789 ἐπ’

1933 824 2116 876 ἐκεῖνα
2147 824 2369 893 ⁴ἥξομεν,
2406 824 2471 878 ἂν
2501 823 2644 877 οὕτω
2671 822 3073 894 προϐαίνωμεν.
3109 822 3171 875 El
3292 819 3423 891 μηδὲ
3450 816 3621 871 τοῦτο

1932 910 2195 981 ποιοῦμεν
2216 912 2283 975 ⁷⁷,
2311 912 2454 974 τίνος
2498 912 2564 965 ἂν
2605 912 2797 982 εἴημεν
2830 908 3158 979 συγγνώμης
3203 907 3365 972 ἄξιοι,
3403 907 3454 960 οἱ
3485 904 3614 968 τοὺς

1932 994 1991 1046 ἐν
2015 996 2081 1065 τῇ
2107 994 2309 1065 παλαιᾷ
2330 994 2634 1066 ὑπερϐῆναι
2662 995 3025 1066 κελευόμενοι,
3057 992 3152 1045 καὶ
3183 991 3289 1045 τῶν
3319 992 3450 1069 παρ’
3476 987 3609 1042 Ἕλ-

1934 1078 2057 1149 λησι
2106 1078 2410 1147 φιλοσόφων
2446 1079 2701 1142 ἐλάττους
2744 1078 3093 1148 φαωόμενοις
3128 1076 3195 1129 Τί
3232 1074 3298 1129 ἂν
3336 1074 3611 1142 εῖποιμενθ

1932 1163 2060 1235 ὅταν
2102 1161 2408 1232 ὀφείλοντες
2455 1158 2595 1215 εῖναι
2634 1162 2854 1231 ἄγγελοι
2890 1161 2985 1217 καὶ
3027 1160 3132 1214 υἱοὶ
3172 1158 3330 1231 Θεοῦ,
3381 1156 3514 1228 μηδὲ
3549 1155 3623 1210 τδ-

1934 1245 2211 1318 ἆνθρωποι
2272 1241 2411 1300 εἶναι
2466 1246 2842 1317 διατηρῶμεν;
2899 1246 2972 1299 Τὸ
3029 1248 3137 1315 γὰρ
3188 1242 3467 1319 ἀρπάξειν
3516 1239 3617 1293 καὶ

1934 1330 2275 1382 πλεονεκτεῖν
2302 1330 2362 1383 οὐ
2387 1329 2485 1400 τῆς
2508 1330 2607 1383 ἀνθ
2618 1329 2813 1400 ρώπων
2838 1329 3196 1401 ἡμερότητος,
3224 1325 3358 1404 ἀλλά
3383 1325 3479 1394 τῆς
3502 1321 3614 1374 τῶν

1936 1413 2139 1484 θηρίων
2161 1413 2463 1484 ὠμότητος·
2495 1413 2693 1483 μᾶλλον
2720 1414 2775 1466 δέ
2807 1415 2901 1467 καὶ
2926 1414 3150 1467 ἐκείνων
3180 1411 3396 1483 χείρους
3422 1409 3471 1460 οί
3498 1407 3620 1469 τοῖς

1934 1497 2235 1569 ἀλλοτρίοις
2277 1495 2662 1567 ἐπιτιθέμενοι.
2700 1498 2823 1561 Τοῖς
2870 1498 2967 1567 μέν
3018 1497 3127 1569 γὰρ
3175 1496 3220 1527 ⁷⁸
3258 1493 3366 1547 ἀπὸ
3398 1491 3611 1562 φύσεως

1932 1579 2091 1632 τοῦτο
2145 1578 2474 1650 πρόσεστιν·
2523 1580 2683 1650 ήμείς
2730 1579 2785 1632 δὲ
2830 1579 2879 1631 οί
2919 1579 3059 1647 λόγῳ
3111 1576 3466 1648 τιμηθέντες,
3516 1571 3613 1624 καὶ

1936 1662 2074 1734 πρὸς
2111 1662 2211 1734 τὴν
2250 1662 2400 1732 παρά
2436 1661 2596 1731 φύσιν
2637 1662 3075 1725 καταπίπτοντες
3112 1659 3443 1728 δυσγένειαν.
3470 1655 3611 1717 τίνος

1935 1744 2357 1814 ἀπολαυσόμεθα
2394 1745 2755 1815 συγγνώμηςς
2797 1746 3184 1813 Ἐννοήσαντες
3211 1741 3389 1795 τοίνυν
3419 1740 3485 1792 τὰ
3518 1737 3612 1808 μέο

1933 1845 2037 1899 τρα
2058 1829 2155 1896 τῆς
2186 1827 2553 1898 προκειμένης
2590 1830 2721 1899 ἡμῖν
2756 1828 3089 1896 φιλοσοφίας,
3124 1826 3228 1880 κᾶν
3258 1825 3337 1888 εἰς
3366 1822 3437 1876 τά
3471 1822 3614 1891 μέσα

1934 1912 2253 1982 φθάσωμεν,
2283 1913 2369 1964 ἵνα
2399 1913 2492 1965 καὶ
2522 1913 2619 1982 τῆς
2665 1912 2964 1982 μελλούσης
3003 1907 3410 1981 ἀπαλλαγῶμεν
3447 1903 3612 1958 κολά-

1934 2011 2093 2059 σεως,
2125 1996 2219 2048 καὶ
2250 1996 2354 2065 ὁδῷ
2389 1996 2774 2065 προϐαίνοντες
2810 1995 2895 2048 ἐπ’
2932 1995 3100 2060 αὐτὴν
3132 1993 3373 2062 ἔλθωμεν
3397 1988 3495 2059 τὴν
3521 2004 3613 2039 κο·-

1938 2078 2112 2150 ρυφὴν
2138 2079 2246 2131 τῶν
2282 2079 2519 2146 ἀγαθῶψ
2553 2073 2628 2132 ὧν
2659 2078 2869 2147 γένοιτο
2897 2078 3107 2141 πάντας
3134 2078 3280 2146 ἡμᾶς
3314 2073 3619 2140 ἐπιτυχεῖνν

1937 2162 2121 2233 χάριτι
2150 2161 2246 2214 καὶ
2274 2161 2655 2231 φιλανθρωπίᾳ
2692 2160 2787 2213 τοῦ
2824 2159 3030 2230 Κυρίου
3069 2158 3229 2229 ήμῶν
3265 2154 3440 2226 Ἰησοῦ
3474 2155 3611 2224 Χριρ

1940 2244 2089 2311 στοῦ,
2114 2239 2159 2313 ᾧ
2187 2247 2221 2316 ή
2243 2246 2371 2312 δόξα
2397 2245 2492 2299 καὶ
2516 2246 2576 2298 τὸ
2600 2244 2800 2316 κράτος
2830 2245 2909 2306 είς
2939 2242 3066 2305 τοὺς
3099 2242 3302 2303 αἰῶνας
3334 2237 3441 2292 τῶν
3478 2234 3613 2289 αἰών-

1938 2346 2066 2383 νων.
2103 2330 2297 2400 Ἀμήν.

206 2406 329 2440 ’⁸³⁵
354 2410 655 2464 ἐπέταττεν
689 2411 752 2465 Ε.
829 2412 875 2444 ⁷⁸
906 2414 1105 2467 ἐκεῖνοι
1133 2413 1195 2470 C.
1228 2415 1292 2470 E.
1370 2416 1415 2448 ⁷⁷
1452 2417 1698 2490 ποιῶμεν
1740 2420 1799 2473 Β.

1939 2421 1994 2475 E.
2072 2422 2117 2455 ⁷⁸
2150 2422 2282 2495 γὰρ]
2324 2422 2469 2477 Add.
2505 2421 2717 2493 θηρίοις
2757 2419 2895 2476 Edd.
2928 2418 3048 2473 Non
3073 2416 3277 2475 habent
3297 2415 3543 2483 lnterpp.

1709 2587 1951 2641 ΟΜΙΛΙΑ
1988 2590 2115 2642 ΚΒ¹.

143 2673 525 2744 Καταμᾴθετε
566 2672 637 2727 τὰ
682 2673 858 2741 κρίνα
900 2676 1007 2729 τοῦ
1035 2675 1244 2744 ἀγροῦ,
1276 2675 1403 2743 πῶς
1435 2677 1703 2741 αὐξάνει·
1759 2681 1831 2733 οὐ

209 2742 417 2817 κοπιᾷ,
450 2744 595 2817 οὐδὲ
634 2744 838 2817 νήθει·Δ
870 2744 1024 2813 λέγω
1062 2742 1130 2799 δὲ
1172 2748 1337 2817 ὑμῖν.
1375 2742 1463 2801 ὅτι
1485 2749 1626 2801 οὺδὲ
1649 2754 1832 2802 Σολο-

202 2814 338 2905 μῶγ
366 2818 437 2868 ἐν
454 2814 623 2884 πάσῃ
644 2814 718 2884 τῇ
743 2814 891 2885 δόξῃ
914 2818 1101 2871 αὑτοῦ
1134 2814 1515 2888 περιεϐάλετο
1532 2820 1649 2852 ⁷⁹·⁸⁰
1665 2821 1745 2884 ὠς
1763 2819 1833 2873 ἐν

208 2903 464 2942 τουτων.

210 3034 283 3081 α’.
307 3025 499 3082 Εἰπὼν
535 3028 667 3100 περὶ
700 3029 801 3100 τῆς
838 3030 1144 3099 ἀναγκαίας
1168 3033 1397 3101 τροφῆς,
1430 3032 1523 3085 καὶ
1548 3032 1728 3099 δείξας
1750 3033 1831 3086 ὅτι

142 3122 264 3176 οὐδέ
292 3122 339 3153 ⁸¹
367 3121 509 3193 ὑπὲρ
550 3121 754 3194 ταύτης
805 3124 920 3196 χρὴ
972 3127 1265 3198 μεριμνᾷν,
1295 3127 1386 3179 ἐπὶ
1406 3126 1467 3179 τὸ
1505 3128 1832 3199 κουφότερον

148 3208 465 3282 μεταϐαίνει
492 3209 698 3264 λοιπόν.
743 3211 877 3264 Οὐδὲ
909 3211 1019 3281 γὰρ
1062 3212 1235 3277 οὕτως
1266 3215 1562 3283 ἀναγκαῖον
1606 3215 1833 3286 ἔνδυμα,

141 3296 218 3360 ὡς
252 3299 452 3369 τροφή.
488 3297 645 3361 Τίνος
692 3294 787 3351 οὖν
837 3299 1023 3353 ἕνεκεν
1072 3301 1132 3353 οὑ
1177 3300 1439 3373 κέχρηται
1475 3303 1571 3355 καὶ
1599 3303 1833 3357 ἐνταῦθα

142 3384 223 3455 τῷ
259 3385 413 3454 αὐτῷ
439 3385 802 3457 ὑποδείγματι
844 3386 923 3458 τῷ
955 3387 1063 3442 τῶν
1110 3388 1358 3459 ὀρνίθων,
1394 3389 1515 3442 οὐδὲ
1547 3391 1693 3459 λέγει
1741 3391 1834 3446 τὸν

143 3473 330 3528 ταῶ-θα
353 3476 506 3545 ήμῖν,
546 3475 759 3529 καὶτὸν
792 3474 1013 3541 κύκνον,
1046 3475 1142 3529 καὶ
1174 3476 1234 3529 τὸ
1259 3464 1559 3548 πρόϐατον;
1591 3479 1686 3532 καὶ
1723 3478 1833 3551 γὰρ

145 3559 317 3614 πολλά
367 3559 593 3613 τοιαῦτα
641 3560 1062 3633 παραδείγματα
1110 3557 1178 3633 ἦν
1217 3562 1428 3616 ἐκεῖθεν
1468 3563 1675 3618 λαϐεῖν.
1709 3566 1832 3618 Ὅτι

148 3647 401 3719 βούλεται
427 3647 773 3720 ἑκατέρωθεν
800 3648 972 3715 δεῖξαι
997 3650 1098 3721 τὴν
1129 3649 1454 3721 ὑπερϐολὴν,
1486 3651 1597 3704 ἀπό
1625 3667 1684 3704 τε
1733 3652 1833 3722 τῆς

147 3736 428 3798 εὐτελείας
463 3735 575 3788 τῶν
626 3736 726 3807 τῆς
773 3735 1031 3807 τοιαύτης
1070 3736 1448 3807 μετασχόντων
1479 3738 1831 3809 εὐπρεπείας,

146 3823 258 3898 ἀπό
282 3840 350 3876 τε
376 3824 477 3893 τῆς
514 3822 827 3893 φιλοτιμίας
873 3823 969 3877 τοῦ
1018 3823 1407 3895 καλλωπισμοῦ
1436 3825 1537 3895 τῆς
1583 3826 1830 3898 δοθείσης

146 3914 260 3975 τοῖς
308 3910 538 3982 κρίνοις.
589 3912 691 3966 Διά
734 3910 894 3965 τοῦτο
926 3913 1015 3966 ὅτε
1063 3912 1206 3967 αὐτά
1256 3914 1677 3981 κατεσκεύασεν,
1712 3915 1833 3969 οὐδὲ

147 4001 310 4072 κρίνα
348 4001 491 4055 αὐτά
526 4002 684 4056 καλεῖ
709 4002 917 4067 λοιπὸν,
951 4002 1087 4057 ἀλλὰ
1117 4004 1336 4073 χόρτον
1359 4004 1566 4073 ἀγροῦ.
1607 4004 1719 4057 Kal
1746 4005 1835 4057 οὑ-

145 4090 204 4143 δέ
248 4092 295 4121 ⁸²
344 4090 423 4162 τῷ
466 4092 695 4162 ὀνόματι
754 4093 1010 4164 ἀρκεῖται
1039 4091 1234 4162 τούτῳ,
1285 4090 1421 4144 ἀλλά
1452 4091 1613 4145 πάλιν
1645 4092 1835 4162 ἑτέραν

148 4179 427 4233 εὐτέλειαν
482 4180 861 4250 προστίθησιν,
890 4178 1082 4243 εἰπὼν,
1103 4179 1371 4249 σήμερον
1395 4179 1558 4234 ὄντα.
1590 4181 1702 4252 Kal
1733 4181 1833 4232 οὐκ

148 4263 326 4333 εἶπεν,
355 4256 544 4340 αὔριον
565 4268 664 4322 οὐκ
685 4267 835 4332 ὅντα,
859 4268 995 4322 ἀλλά
1014 4268 1074 4322 τὸ
1095 4266 1273 4338 πολλῷ
1294 4267 1453 4321 πάλιν
1478 4268 1835 4321 καταδεέστε-

150 4374 265 4426 ρον,
294 4358 383 4422 εἰς
422 4356 716 4410 κλίϐανον
734 4356 1145 4425 βαλλόμενον.
1186 4356 1296 4413 Kal
1326 4355 1425 4408 οὐκ
1454 4351 1604 4409 εἶπεν
1634 4356 1705 4419 ⁸³,
1728 4356 1837 4427 ἅμα

150 4444 453 4512 φιέννυσιν,
501 4443 640 4507 ἀλλ’,
689 4442 866 4507 οὕτως
909 4444 1286 4515 ἀμφιέννυσιν.
1341 4443 1503 4515 Ὁρᾷς
1554 4443 1832 4513 πανταχοῦ

149 4532 354 4595 πολλάς
375 4532 477 4595 τὰς
495 4530 802 4600 ὑπερϐολὰς
824 4533 916 4585 καὶ
938 4532 1035 4595 τὰς
1057 4533 1363 4598 ἐπιτάσεις;
1400 4532 1552 4585 Ποιεῖ
1576 4531 1632 4584 δέ
1654 4532 1832 4597 τοῦτο,

150 4622 241 4674 ἵνα
268 4619 452 4675 αὐτῶν
489 4619 826 4690 καθάψηταν
877 4619 966 4673 διὰ
1018 4618 1082 4691 δὴ
1110 4619 1267 4673 τοῦτο
1297 4620 1389 4672 καὶ
1414 4619 1710 4690 ἐπήγαγενο
1752 4621 1835 4673 Οὐ

150 4708 362 4775 πολλῷ
378 4708 626 4779 μᾶλλον
640 4707 821 4778 ὑμᾶς
847 4709 958 4765 Kal
979 4708 1086 4779 γὰρ
1103 4708 1305 4779 πολλὴν
1325 4707 1548 4778 ἔχεικαὶ
1566 4707 1720 4761 τοῦτο
1738 4707 1836 4779 τὴν

150 4798 492 4868 ἑμφασιν.’1“ὸ
508 4797 638 4867 γὰρ,
660 4796 837 4867 ὑμᾶς,
855 4796 1007 4850 οὐδὲν
1024 4796 1110 4849 έτε
1120 4813 1208 4866 ρον
1222 4797 1370 4851 ἐστὶν
1388 4796 1782 4867 αἰνιττομένου,
1800 4797 1833 4868 ἢ

149 4888 209 4939 τὸ
234 4885 608 4956 πολυτίμητον
649 4885 745 4939 καὶ
770 4884 1239 4954 περισπούδαστον
1268 4883 1364 4937 τοῦ
1394 4884 1603 4953 γένους
1638 4885 1837 4938 ὡσανεὶ

149 4973 303 5047 [275]
336 4974 549 5041 ἔλεγεν,
594 4973 797 5044 ’Υμᾶς,
834 4969 917 5037 οἷς
973 4973 1152 5045 ψυχὴν
1193 4972 1413 5037 ἔδωκεν,
1454 4967 1535 5036 οἷς
1565 4972 1724 5043 σῶμα
1755 4973 1836 5027 δι-

150 5061 376 5125 έπλασε,
410 5062 481 5114 δι’
504 5060 599 5125 οὓς
632 5062 701 5115 τὰ
729 5062 982 5132 ὁρώμενα
1001 5062 1176 5115 πάντα
1203 5062 1451 5131 ἐποίησε,
1487 5062 1554 5116 δι’
1574 5060 1668 5125 οὒς
1698 5078 1836 5132 προ-

152 5151 329 5219 νήτας
364 5148 604 5219 ἔπεμψε,
638 5148 734 5202 καὶ
766 5149 932 5219 νόμον
963 5149 1154 5217 ἔδωκε,
1204 5151 1300 5203 καὶ
1344 5149 1413 5202 τὰ
1459 5149 1629 5219 μυρία
1656 5148 1838 5221 εἰργά-

154 5255 283 5292 σατο
322 5238 529 5306 ἀγαθά’
579 5239 647 5291 δι’
686 5237 781 5301 οὓς
824 5239 916 5291 τὸν
961 5238 1223 5309 μονογενῆ
1255 5238 1417 5291 παῖδα
1459 5237 1721 5302 ἐξέδωκεν
1760 5238 1827 5292 ⁸⁸.

162 5328 380 5399 Ἐπειδὴ
409 5328 467 5380 δὲ
489 5326 739 5394 ἀπέδειξε
770 5328 985 5397 σαφῶς,
1006 5329 1128 5381 τότε
1159 5328 1254 5381 καὶ
1300 5327 1617 5396 ἐπιπλήττει
1634 5327 1828 5395 λέγων·

164 5415 594 5483 Ὀλιτόπιστοι.
636 5413 892 5469 Τοιοῦτον
915 5415 960 5447 ⁸⁸
994 5415 1103 5486 γὰρ
1139 5416 1167 5467 ὁ
1203 5414 1606 5484 συμϐουλεύων·
1638 5416 1698 5468 οὐ
1724 5431 1832 5468 πα-

153 5505 327 5572 ραινεῖ
356 5502 540 5573 μόνον,
580 5501 726 5556 ἀλλὰ.
751 5504 845 5556 καὶ
871 5503 1231 5566 καθάπτεται,
1260 5504 1349 5557 ἴνα
1390 5502 1633 5577 διεγείρη
1665 5503 1830 5557 πλέον

151 5590 285 5658 πρὸς
339 5589 441 5660 τὴν
479 5588 650 5642 πειθὼ
704 5591 813 5643 τῶν
864 5591 1194 5661 λεγομένων.
1262 5591 1394 5644 Ἀπὸ
1443 5590 1646 5645 τούτων
1684 5594 1831 5663 ἡμᾶς

152 5676 269 5746 οὐχὶ
299 5677 379 5749 μὴ
418 5677 693 5747 μεριμνᾷν
718 5677 961 5732 διδάσκει
988 5679 1167 5750 μόνον,
1204 5678 1340 5733 ἀλλά
1375 5677 1508 5749 μηδὲ
1529 5680 1827 5750 ἐπτοῆσθαι

3125 2534 3447 2547 _—————-

2928 2539 3118 2549 _—.——___

2246 2543 2273 2547 ,-
2286 2544 2291 2545 γ
2319 2542 2571 2549 —______.

1934 2683 2071 2751 πρὸς
2102 2682 2199 2754 τήν
2220 2683 2569 2737 πολυτέλειαν
2591 2680 2698 2736 τῶν
2718 2680 2970 2752 ἱματίων.
3011 2679 3191 2749 Χλόης
3217 2678 3326 2751 γὰρ
3359 2681 3392 2749 ή
3414 2678 3615 2749 εὐπρέ-

1933 2784 2084 2832 πεια,
2128 2768 2222 2821 καὶ
2262 2768 2399 2831 πόας
2445 2768 2507 2820 τὸ
2543 2766 2759 2830 κάλλος·
2801 2766 3002 2836 μᾶλλον
3032 2766 3089 2819 δέ
3118 2767 3211 2819 καὶ
3233 2765 3561 2837 τιμιώτερος
3588 2766 3617 2817 ὀ

1931 2852 2126 2923 χόρτος
2147 2851 2247 2921 τῆς
2271 2851 2528 2921 τοιαύτης
2558 2850 2773 2920 στολῆς.
2804 2850 2870 2903 Τί
2903 2850 3080 2903 τοίνυν
3121 2850 3264 2920 μέγα
3295 2852 3531 2921 φρονεῖς,
3560 2850 3619 2902 ἐν

1931 2929 2014 2997 οἷς
2058 2934 2126 2987 τά
2175 2936 2470 3005 νικητήρια
2500 2935 2651 3006 παρὰ
2679 2937 2765 3006 ’τῇ
2815 2933 3011 3004 βοτάνῃ
3074 2934 3212 3004 μετὰ
3265 2932 3464 3003 πολλῆς
3517 2932 3620 3002 τῆς

1932 3018 2284 3090 περιουσίας;
2339 3020 2451 3072 Καὶ
2497 3020 2599 3090 ὅρα
2628 3018 2748 3082 πῶς
2787 3018 2896 3071 ἀπὸ
2927 3018 3035 3071 τῶν
3067 3016 3378 3088 προοιμίων
3416 3016 3625 3084 κοῦφον

1932 3101 2171 3154 δείκνυσι
2199 3101 2260 3154 τὸ
2294 3101 2599 3173 ἐπίταγμα,
2639 3100 2801 3154 πάλιν
2838 3100 2947 3153 ἀπὸ
2973 3100 3083 3153 τῶν
3109 3100 3369 3153 ἐναντίων
3398 3099 3618 3162 αὐτοὺς,

1933 3184 2028 3236 καὶ
2043 3183 2137 3251 ἀφ’
2167 3177 2243 3236 ὧν
2270 3182 2594 3247 δεδοίκασιν,
2623 3184 2733 3237 ἀπὸ
2762 3182 2969 3237 τούτων
2993 3182 3243 3251 ἀπάγων.
3282 3181 3466 3235 Εἰπὼν
3486 3181 3619 3253 γὰρ,

1932 3266 2314 3335 Καταμὰθετε
2359 3264 2432 3320 τὰ
2469 3268 2647 3335 κρίνα
2678 3267 2785 3321 τοῦ
2815 3266 3023 3336 ἀγροῦ,
3065 3266 3377 3343 ἐπήγαγεν,
3415 3266 3497 3318 Οὐ
3522 3281 3623 3317 κο-

1934 3350 2174 3404 πιῶσιν.
2214 3350 2375 3402 Ὥστε
2407 3348 2591 3402 κόπων
2610 3349 2758 3419 ἡμᾶς
2789 3347 3093 3413 ἀπαλλάξαι
3126 3347 3468 3418 βουλόμενος,
3483 3344 3621 3399 ταῦ-

1933 3452 2001 3487 τα
2023 3433 2332 3486 ἐκέλευσεν.
2363 3431 2439 3484 Οὐ
2485 3431 2666 3485 τοίνυν
2692 3431 2752 3484 τὸ
2806 3431 2881 3501 μὴ
2918 3430 3189 3502 μεριμνᾷς)
3222 3428 3398 3482 ταῦτα
3435 3427 3629 3490 πόνος,

1933 3516 2069 3570 ἀλλὰ
2096 3516 2156 3568 τὸ
2190 3516 2487 3585 μεριμνᾷν.
2534 3513 2645 3567 Kal
2679 3512 2931 3584 καθάπερ
2962 3510 3153 3577 εἰπὼν,
3192 3512 3274 3565 Οὐ
3334 3508 3620 3576 σπείρου-

1933 3616 2057 3663 σιν,
2089 3600 2148 3652 οὐ
2176 3597 2264 3650 τὸν
2311 3597 2510 3668 σπόρον
2552 3594 2871 3666 ἀνέτρεψεν,
2912 3594 3049 3648 ἀλλὰ
3083 3594 3183 3664 τὴν
3213 3590 3489 3663 φροντίδαθ
3530 3585 3631 3639 οὖσι.

1931 3702 2042 3747 τως
2070 3681 2260 3747 εἰπὼν,
2310 3683 2392 3735 Οὐ
2451 3679 2764 3742 κοπιῶσιν,
2820 3678 2965 3732 οὐδὲ
3025 3677 3070 3710 ⁸⁸
3123 3676 3443 3745 νήθουσιν,
3469 3673 3529 3726 οὐ
3560 3670 3635 3730 τὸ.

1934 3767 2096 3838 ἔργον
2129 3766 2359 3826 ἀνεῖλεν,
2381 3765 2517 3818 ἀλλά
2532 3764 2630 3835 τὴν
2661 3763 2950 3835 μέριμναν.
2987 3761 3051 3815 El
3079 3761 3135 3814 δέ
3172 3759 3423 3829 Σολομῶν
3458 3757 3623 3828 ἠττήο

1936 3851 2002 3922 θη
2036 3850 2129 3903 τοῦ
2164 3849 2394 3912 κάλλους
2433 3848 2632 3914 αὐτῶν,
2666 3848 2761 3900 καὶ
2794 3847 2892 3916 οὐχ
2922 3844 3068 3910 ἆπαξ
3114 3844 3236 3913 οὐδὲ
3272 3843 3373 3907 δ’ἱς,
3398 3840 3534 3895 ἀλλά
3555 3839 3635 3899 διδ

1936 3934 2064 4004 ὅλης
2088 3934 2186 4006 τῆς
2218 3932 2498 4004 βασιλείας
2551 3930 2741 3985 αὐτοῦ·
2792 3931 2935 4001 (οὐδέ
2961 3928 3071 4001 γὰρ
3097 3929 3210 3999 ἔχοι
3239 3928 3283 3959 ⁸⁷
3318 3943 3401 3988 τις
3424 3926 3635 3989 εἰπείνλ

1935 4020 2016 4074 ὅτι
2035 4018 2129 4074 νῦν
2162 4020 2259 4090 μὲν
2297 4018 2521 4072 τοιαῦτα
2546 4014 2921 4087 περιεϐάλετο,
2949 4013 3087 4089 μετά
3115 4013 3171 4065 δὲ
3203 4010 3375 4064 ταῦτα
3413 4008 3633 4073 οὐκέτι,-

1936 4102 2072 4156 ἀλλά
2103 4103 2223 4156 οὐδέ
2246 4105 2302 4156 ἐν
2334 4104 2432 4172 μιᾷ
2461 4100 2639 4173 ἡμέρα
2666 4092 2838 4162 οὑτως
2870 4096 3307 4150 ἐκαλλωπίσατο’
3326 4092 3483 4146 τοῦτο
3510 4091 3639 4163 γὰρ,

1936 4187 2202 4259 ἐδήλωσεν
2225 4185 2415 4251 εἰπὼν,
2487 4188 2583 4239 Ἐν
2620 4182 2788 4252 πάσῃ
2820 4182 2895 4251 τῇ
2920 4180 3213 4246 ,βασιλείᾳ
3262 4175 3493 4247 αὑτοῦ)ο
3525 4176 3638 4255 καὶ,

1937 4273 2036 4343 οὐχ
2066 4272 2170 4325 ὑπὸ
2198 4270 2389 4324 τούτου
2413 4270 2512 4341 μὲν
2536 4268 2743 4341 ήττήθη
2764 4266 2857 4321 τοῦ
2884 4266 3102 4328 ἄνθους,
3130 4263 3191 4315 τὸ
3214 4262 3273 4314 δέ
3294 4262 3477 4332 ἓτερον
3500 4261 3621 4330 ἐμι-

1941 4364 2175 4431 μήσατο,
2209 4358 2348 4413 ἀλλὰ
2379 4358 2545 4411 πᾶσιν
2571 4355 2708 4427 ὁμοῦ
2737 4353 3120 4427 παρεχώρησε’
3159 4350 3261 4423 (διὸ
3292 4348 3386 4402 καὶ
3412 4348 3634 4416 ἔλεγεν..

1948 4452 2043 4517 Ὡς
2070 4449 2141 4504 ἓν
2162 4450 2409 4503 τούτων·
2447 4448 2569 4500 ὅσον
2600 4446 2707 4517 γὰρ
2741 4444 2842 4514 τῆς
2869 4441 3128 4511 ἀληθείας
3162 4438 3300 4510 πρὸς
3322 4437 3382 4491 τὸ
3402 4436 3621 4507 ψεῦδος,

1936 4539 2191 4591 τοσοῦτον
2235 4536 2345 4588 τῶν
2394 4535 2627 4606 ἱματίων
2657 4533 2881 4586 ἐκείνων
2910 4532 3004 4583 καὶ
3044 4529 3153 4583 τῶν
3187 4526 3364 4581 ἀνθῶν
3414 4524 3642 4580 τούτων.

1936 4628 1997 4681 τὸ
2027 4624 2236 4698 μέσον-)
2268 4628 2316 4678 εί
2346 4623 2526 4676 τοίνυν
2579 4624 2785 4684 ἐκεῖνος
2842 4619 3163 4691 ὡμολόγησε
3218 4614 3315 4687 τὴν
3342 4609 3536 4685 ἦτταν,
3592 4613 3639 4669 ὁ,

1940 4716 2159 4768 πάντων
2190 4712 2455 4785 βασιλέων
2495 4710 2605 4765 τῶν
2641 4709 2859 4763 πώποτε
2879 4706 3188 4777 γενομένων
3220 4701 3636 4774 λαμπρότεροςλ

1939 4802 2070 4854 πότε
2096 4800 2159 4851 σὺ
2185 4796 2567 4870 περιγενέσθαι
2595 4797 2820 4869 δυνήση,
2850 4793 3051 4864 μᾶλλον
3078 4790 3136 4844 δέ
3163 4790 3329 4858 ἐγγὺς
3364 4785 3633 4855 γενέσθαι,

1939 4888 2045 4942 κΞιν
2077 4886 2271 4959 μικρὸν
2319 4888 2418 4957 τῆς
2455 4885 2711 4955 τοιαύτης
2764 4880 3106 4953 εὐμορφίας;
3159 4875 3440 4932 Ἐντεῦθεν
3472 4874 3623 4944 ἡμᾶς

1941 4975 2187 5029 παιδεύει
2210 4975 2331 5046 μηδ’
2357 4975 2492 5039 ὅλως
2516 4974 2763 5044 ἐφίεσθαι
2801 4971 2895 5024 τοῦ
2925 4968 3169 5022 τοιούτου
3205 4961 3618 5031 καλλωπισμοῦ.

1940 5065 2087 5135 Ὅρα
2133 5063 2264 5133 γοῦν
2285 5063 2449 5117 αὐτοῦ
2479 5063 2540 5116 τὸ
2572 5063 2744 5123 τέλος·
2778 5060 2917 5131 μετὰ
2940 5058 3040 5129 τὴν
3087 5056 3243 5126 νίκην
3274 5055 3351 5114 είς
3369 5050 3522 5105 κλίϐα
3535 5066 3635 5119 νον,

1943 5154 2212 5224 βάλλεται.
2248 5154 2310 5206 El
2348 5153 2406 5206 δέ
2434 5151 2561 5222 ⁴περὶ
2589 5153 2655 5204 τὰ
2693 5149 2886 5219 εὐτελῆ
2922 5147 3015 5200 καὶ
3045 5144 3257 5205 οὐδενὸς
3286 5140 3411 5206 ἀξια
3432 5137 3621 5207 λόγου.

1940 5242 2036 5295 καὶ
2064 5241 2161 5312 τὴν
2190 5240 2460 5311 τυχοῦσαν
2517 5236 2872 5309 παρεχόμενα
2915 5233 3131 5307 χρείαν,
3157 5228 3426 5299 τοσαύτην
3475 5226 3619 5298 πρό-.

1938 5349 2089 5384 νοιαν
2114 5333 2142 5383 ὁ
2175 5329 2306 5393 Θεὸς
2345 5327 2677 5393 ἐπεδείξατο,
2711 5324 2828 5387 πῶς
2877 5323 2936 5375 σέ
2962 5324 3261 5392 προήσεται
3293 5317 3356 5370 τὸ
3399 5314 3636 5379 πάντων,

1939 5418 2368 5487 ἀναγκαιότατον
2418 5416 2465 5448 ⁸⁸
2519 5414 2691 5480 ζῶονς
2750 5410 2906 5474 Τίνος
2953 5405 3044 5463 οὖν
3074 5408 3259 5460 ἕνεκεν
3306 5404 3449 5458 οὕτω
3476 5403 3631 5473 me».

1941 5508 2082 5562 αὐτά
2105 5506 2397 5577 ἐποίησεν;
2433 5504 2551 5557 Ἵνα
2584 5501 2681 5573 τὴν
2711 5498 2877 5554 αὐτοῦ
2926 5497 3119 5567 σοφίαν
3161 5491 3491 5562 ἐπιδείξηται
3524 5494 3629 5577 καὶ

1938 5595 2035 5666 τὴν
2061 5575 2379 5666 περιουσίαν
2398 5593 2499 5662 τῆς
2519 5591 2817 5660 δυνάμεως,
2847 5587 2934 5640 ἵνα
2964 5582 3296 5654 πανταχόθεν
3322 5577 3486 5635 αὐτοῦ
3515 5575 3627 5666 τὴν-

1935 5665 2092 5744 δόξαν
2123 5665 2404 5751 μάθωμεν.
2434 5677 2509 5730 Οὐ
2536 5677 2643 5747 γὰρ
2674 5677 2722 5728 οί
2747 5671 2966 5742 οὐρανοὶ
2988 5671 3138 5742 μόνοι
3170 5666 3485 5739 διηγοῦνται
3509 5665 3621 5737 τὴν.

220 5816 343 5898 ἶ⁹;⁸⁰
371 5815 762 5898 περιεδάλλετο
787 5820 852 5871 Α.
893 5820 956 5898 _"_'
981 5817 1131 5898 οὐδὲ]
1293 5818 1354 5872 F.
1387 5817 1486 5898 Ep.
1517 5819 1616 5898 (ΞΘ.
1644 5820 1811 5898 ιίιΙΙ-ερ

1939 5819 2007 5898 έν·
2071 5818 2283 5898 ἵῖοῠδὲῖ
2310 5819 2374 5898 of».
2400 5816 2533 5898 rédsi-
2571 5813 2785 5898 ἑτέρςιν]
2815 5812 3071 5898 δευτέρα
3092 5810 3166 5897 Aa
3212 5802 3615 5898 “1“???133‘1';
3649 5846 3662 5856 ο

155 5886 337 5962 ἀπλῶς
359 5888 427 5942 Α.
451 5876 641 5962 inviti}
675 5888 859 5962 δίετες.
893 5891 1016 5944 Mox
1048 5876 1247 5962 πόλλὰς
1275 5906 1386 5943 om.
1520 5891 1583 5962 ρ.
1654 5892 1706 5962 ίδδ
1726 5876 1820 5955 ἔξέε

1939 5889 1992 5962 ε]ί
2025 5890 2171 5962 add:
2201 5876 2389 5962 καλλτά
2423 5888 2517 5962 (τά
2535 5876 2785 5962 Δ‹)Ψ.Ἀ.)’
2806 5876 2983 5962 μυρία
3005 5883 3071 5962 δι’
3106 5876 3623 5962 αὐτοὶχαρίσξξσξτξι

156 5944 463 6027 ἐδωρήσατο
486 5958 571 6031 ᾼ,
677 5958 795 6021 Non
815 5969 1100 6031 verterunt
1126 5944 1365 6030 lntérpp.
1442 5961 1490 5992 ⁸⁵
1518 5960 1740 6031 Τοιοῦτο
1762 5944 1819 6017 Ε.

1939 5944 2099 6026 οὗτος
2123 5944 2256 6019 Mor.
2292 5944 2442 6018 Bcn.‘
2500 5960 2545 5992 ⁸⁸
2569 5956 2693 6012 οὔτε
2723 5944 3098 6031 ᾳὸόιπρηειοτ
3120 5951 3181 6009 Ε.
3258 5944 3443 6025 ⁸⁷’ἒχει
3475 5944 3614 6007 Edd-

163 6042 215 6097 ν.
245 6044 299 6098 p.
330 6029 708 6101 περιεϐάλλετ(
742 6031 811 6084 Α.
848 6029 911 6085 C.
940 6030 980 6085 F
1078 6032 1123 6063 ⁸⁸
1148 6029 1570 6098 ἀναγκαιότερον
1603 6030 1744 6089 Edd.
