4038 6364
278 434 379 488 501

279 556 325 608 si
352 565 478 621 erga
505 548 691 604 isthmc
718 553 773 601 et
800 543 864 598 ad
893 540 1088 597 nullius
1114 538 1369 593 momenti
1398 550 1549 589 usum
1592 534 1731 588 Deus
1759 542 1873 587 tan-

281 656 391 699 tam
422 642 643 698 exhibet
668 636 1088 709 providentiam,
1121 629 1389 701 quomodo
1423 640 1474 684 te
1504 628 1733 697 negliget
1759 641 1873 679 om-

280 739 430 791 nium
478 732 716 787 maxime
744 728 1105 783 necessarium
1136 721 1375 778 animal?
1402 720 1576 787 Quare
1613 732 1740 785 ergo
1766 725 1871 768 tam

280 828 509 898 pulchra
539 823 664 879 fecit
687 822 774 876 illa
801 820 824 872 ?
847 818 915 875 Ut
941 832 1090 871 suam
1117 814 1425 869 ostenderet
1450 809 1786 880 sapientiam,
1820 814 1875 860 et

280 925 391 978 vim
418 918 677 991 potentia:
703 930 814 969 suae
844 956 857 977 ,
886 927 993 982 quo
1018 909 1251 978 undique
1276 907 1392 976 ejus
1418 905 1638 975 gloriam
1667 901 1873 956 edisca-

281 1029 427 1070 mus.
458 1010 641 1080 Neque
671 1008 813 1062 enim
842 1003 965 1058 (Σωιί
1012 1009 1213 1054 tantum
1250 1006 1488 1052 enarrant
1534 992 1749 1066 gloriam
1776 991 1874 1044 Dei

284 1110 303 1179 (
336 1106 485 1159 Psal.
520 1103 614 1157 18.
644 1100 739 1171 2),
786 1097 877 1151 sed
933 1096 1095 1149 etiam
1143 1102 1281 1145 terra
1315 1111 1327 1145 :
1358 1089 1515 1158 idque
1571 1085 1873 1155 signiﬁcans

282 1176 449 1252 David
478 1193 726 1249 diccbat:
758 1188 988 1242 Laudate
1017 1184 1313 1245 Dominum,
1347 1180 1485 1250 ligna
1512 1176 1793 1245 fructifera,
1825 1184 1873 1227 et

281 1306 455 1344 omnes
479 1284 659 1355 θεώ-ἱ(
691 1281 836 1335 Psal.
866 1281 989 1332 148.
1021 1277 1055 1332 9
1085 1278 1122 1344 ).
1154 1273 1270 1328 Alia
1292 1272 1433 1325 enim
1482 1284 1574 1338 per
1603 1268 1826 1320 fructum
1853 1304 1869 1329 ,

281 1384 383 1438 alia
406 1397 504 1451 per
526 1354 967 1445 magnitudinem,
993 1368 1093 1421 alia
1117 1382 1212 1435 per
1242 1359 1684 1433 pulchritudinem
1711 1354 1872 1410 Crea—

283 1474 384 1527 tori
409 1449 627 1524 laudem
655 1464 923 1520 emittunt.
953 1459 1153 1524 Magna:
1188 1468 1400 1524 quoque
1440 1450 1569 1505 illud
1597 1449 1869 1517 sapientiae

284 1574 364 1620 est
389 1572 443 1616 et
476 1556 755 1630 potestatis
780 1556 1009 1623 signum,
1041 1564 1161 1603 cum
1187 1548 1348 1601 etiam
1376 1559 1438 1598 ea
1468 1559 1587 1612 qua:
1617 1540 1870 1594 vilissima

284 1667 409 1715 sunt
439 1653 592 1726 (quid
623 1650 764 1706 enim
788 1648 945 1701 vilius
978 1644 1067 1697 illo
1086 1641 1226 1711 quod
1250 1638 1407 1693 hodie
1433 1650 1535 1701 εει,
1569 1649 1688 1688 cras
1711 1632 1871 1685 mini-

288 1770 371 1811 me
395 1754 419 1804 τ
445 1753 465 1821 )
496 1759 638 1803 tanta
664 1746 884 1800 decorat
929 1737 1337 1810 pulchritudine.
1390 1732 1447 1787 Si
1493 1731 1652 1802 igitur
1690 1727 1830 1781 lieno
1854 1764 1870 1790 ,

288 1843 427 1914 quod
445 1816 659 1894 nullius
696 1850 828 1889 usus
858 1841 940 1887 est
966 1873 981 1892 .
1040 1829 1091 1883 id
1140 1825 1368 1889 dederit,
1400 1821 1546 1892 (quid
1576 1820 1720 1873 enim
1758 1816 1874 1885 pul-

289 1910 536 1991 chritudo
559 1931 673 1999 ejus
703 1927 767 1981 ad
792 1925 926 1996 ignis
951 1923 1262 1976 alimentmn
1285 1915 1496 1972 confert
1526 1914 1577 1982 τ’)
1603 1910 1873 1981 quomodo

290 2027 406 2091 tibi,
425 2025 516 2095 qui
546 2037 681 2090 opus
710 2019 899 2082 habes,
925 2031 1028 2068 non
1051 2011 1194 2067 dabit
1219 2010 1241 2063 ?
1267 2009 1321 2065 Si
1351 2006 1491 2077 quod
1521 2005 1758 2058 omnium
1791 2003 1869 2054 vi-

288 2119 554 2174 lissimum
583 2122 664 2169 est
691 2109 1024 2165 abundanter
1050 2103 1292 2163 ornavit,
1340 2110 1392 2153 et
1419 2098 1520 2151 hoc
1548 2110 1651 2149 non
1680 2094 1745 2148 ad
1770 2092 1868 2145 ali-

288 2226 447 2281 quem
487 2222 639 2261 usum
662 2247 677 2271 ,
706 2201 799 2257 sed
824 2199 889 2254 ad
917 2193 1363 2266 magniﬁcentiam
1394 2233 1409 2255 ,
1438 2188 1605 2242 multo
1633 2185 1799 2253 magis
1822 2193 1873 2237 te

288 2304 529 2360 omnium
557 2295 1004 2370 pretiosissimum
1037 2290 1091 2344 in
1117 2287 1181 2341 iis
1214 2326 1230 2351 ,
1261 2299 1377 2354 quae
1418 2280 1483 2335 ad
1525 2293 1680 2333 usum
1713 2275 1877 2346 perti-

288 2407 442 2463 nent,
473 2391 780 2448 honorabit.

356 2461 712 2558 2.7Quoniam
745 2483 908 2553 igitur
939 2476 1160 2532 multam
1191 2468 1423 2526 ostendit
1456 2465 1551 2521 Dei
1588 2461 1877 2534 providen-

292 2586 440 2644 tiam,
468 2555 525 2635 et
550 2580 827 2645 increpare
872 2571 991 2625 illos
1017 2575 1200 2637 postea
1232 2559 1552 2632 oportebat,
1582 2555 1669 2609 hic
1694 2563 1871 2607 tamen

288 2677 511 2732 lenitate
534 2672 700 2726 utitur
720 2711 736 2735 ,
769 2682 873 2721 non
903 2660 1327 2717 incredulitatem
1354 2696 1368 2718 ,
1400 2652 1493 2707 sed
1523 2650 1783 2705 modicam
1809 2646 1873 2699 ﬁ-

288 2771 407 2826 dem
429 2768 535 2822 illis
563 2767 851 2833 imputaus.
886 2758 949 2813 Si
974 2756 1105 2810 enim
1134 2753 1323 2821 faenum
1348 2747 1494 2818 agri,
1525 2744 1710 2813 inquit,
1742 2740 1875 2793 Deus

286 2866 358 2918 sic
390 2860 558 2922 vestit,
598 2855 758 2910 multo
788 2852 946 2921 magis
998 2864 1106 2912 vos,
1149 2842 1359 2897 modica:
1406 2839 1542 2907 fidei.
1570 2834 1729 2904 Atqui
1760 2834 1873 2886 hmc

287 2955 461 3010 omnia
493 2955 607 3021 ipse
628 2955 895 3017 operatur;
918 2956 1038 2996 nam
1066 2937 1250 2991 Omnia
1275 2950 1363 3004 per
1385 2934 1552 3000 ipsum
1577 2933 1709 2998 facta
1736 2934 1872 2983 sunt,

287 3058 333 3102 et
357 3047 468 3100 sine
493 3014 607 3113 ipso
634 3014 824 3111 factum
845 3044 915 3090 est
935 3031 1063 3086 nihil
1085 3028 1265 3098 (Joan.
1296 3026 1346 3080 1.
1377 3024 1434 3089 5)
1453 3028 1711 3075 :attamen
1744 3014 1874 3069 nihil

289 3104 601 3210 usquam'de
616 3104 674 3188 se
685 3131 1087 3186 commemorat.
1107 3117 1412 3176 Sufﬁciebat
1426 3113 1566 3169 enim
1582 3107 1794 3164 interim
1808 3104 1874 3159 ad

288 3197 761 3286 demonstrandam
783 3217 1152 3274 auctoritatem
1183 3224 1331 3266 suam
1359 3250 1373 3273 ,
1402 3204 1543 3274 quod
1565 3202 1777 3256 diceret
1805 3197 1873 3250 ad

289 3322 499 3392 singula
535 3324 799 3389 praecepta
829 3330 842 3365 :
872 3307 1097 3363 Audistis
1134 3301 1252 3372 quia
1280 3299 1467 3351 dictum
1502 3302 1575 3348 est
1616 3287 1873 3360 antiquis:

288 3378 584 3487 egauautein
614 3378 726 3462 dico
754 3404 890 3459 vobis
935 3399 1149 3471 (Matth.
1190 3396 1242 3451 5.
1272 3393 1363 3447 21.
1387 3388 1478 3443 22.
1509 3386 1641 3455 sqq.)
1684 3378 1875 3487 Neita-

289 3471 391 3579 qlae
416 3504 631 3559 mireris
649 3515 772 3558 cum
800 3497 851 3552 in
877 3490 1236 3560 sequentibus
1252 3502 1375 3545 sese
1396 3483 1752 3545 occultat,aut
1777 3471 1877 3528 hu-

293 3567 420 3655 mile
444 3600 720 3672 quidpiam
748 3596 815 3648 de
841 3606 898 3645 se
924 3586 1181 3656 loquitur.
1216 3580 1388 3635 Unum
1422 3576 1619 3645 quippe
1660 3567 1876 3623 interim

291 3670 536 3759 curabat,
570 3701 627 3745 ut
647 3695 895 3755 acceptus
921 3691 976 3737 et
994 3674 1280 3750 probabilis
1306 3672 1411 3727 illis
1437 3680 1616 3723 sermo
1636 3670 1798 3726 esset,
1814 3673 1878 3712 ac

295 3810 393 3863 per
422 3787 603 3844 omnia
632 3780 957 3840 ostenderet,
991 3788 1048 3828 se
1076 3786 1179 3825 non
1209 3781 1328 3823 esse
1353 3765 1461 3817 Deo
1490 3755 1876 3816 adversarimn,

1575 3850 1587 3863 .
1730 3847 1768 3863 ι.
1794 3860 1835 3863 Α,
1866 3842 1876 3863 .

294 3842 386 3941 sed
426 3896 551 3937 cum
597 3878 758 3933 Patre
793 3865 1218 3939 consentientem
1265 3867 1321 3913 ct
1357 3850 1699 3910 concordem.
1728 3842 1878 3911 Quod

295 3977 456 4031 etiam
507 3971 595 4025 hic
640 3968 783 4021 facit.
814 3963 940 4017 Post
968 3965 1044 4012 tot
1072 3955 1213 4009 enim
1258 3958 1537 4004 sermones
1577 3941 1883 4007 frequenter

298 4071 444 4123 illum
474 4066 528 4119 in
552 4061 786 4116 medium
812 4050 1050 4111 adducit,
1077 4045 1344 4100 admirans
1373 4039 1489 4107 ejus
1515 4032 1827 4102 sapientiam
1861 4067 1875 4091 ,

299 4155 693 4231 providentiam
718 4153 768 4203 in
798 4144 1046 4202 omnibus
1072 4181 1086 4204 ,
1112 4139 1163 4191 in
1185 4131 1476 4203 majoribus
1502 4136 1557 4182 et
1584 4127 1633 4178 in
1658 4120 1881 4176 minori-

300 4218 418 4309 bus.
448 4250 580 4305 Nam
603 4261 724 4301 cum
747 4242 814 4295 de
839 4234 1174 4304 Jerosolyma
1204 4228 1437 4286 diceret,
1480 4218 1747 4274 civitatem
1774 4227 1887 4264 ma-

301 4347 386 4415 gni
410 4342 552 4411 regis
566 4341 734 4416 ipsam
765 4328 969 4386 vocavit
1002 4343 1016 4380 :
1045 4335 1243 4378 etcum
1271 4315 1458 4371 caelum
1495 4318 1884 4364 commemora-

1434 4404 1447 4416 .
1657 4398 1689 4416 ,.
1722 4393 1858 4416 ΑΨ.

302 4393 384 4492 :et
445 4393 656 4488 ⁷ξοιίιῖηι
705 4425 796 4480 Dei
824 4416 1113 4490 appellavit
1139 4431 1153 4465 :
1186 4418 1241 4466 et
1262 4422 1387 4462 cum
1418 4404 1483 4457 de
1510 4398 1691 4455 mundi
1720 4393 1889 4447 admi-

303 4527 620 4585 nistratione
642 4517 801 4574 verba
831 4514 1047 4573 faceret,
1074 4505 1174 4575 ipsi
1198 4513 1407 4555 rursum
1438 4494 1614 4548 omnia
1634 4486 1888 4544 adscribit

304 4624 487 4677 dicens
511 4635 524 4671 :
552 4614 652 4682 Qui
675 4611 831 4666 salem
850 4620 997 4660 suum
1017 4599 1137 4655 oriri
1162 4596 1280 4668 facit
1300 4606 1449 4659 super
1469 4586 1628 4641 malas
1648 4594 1693 4637 et
1710 4582 1885 4644 bonas,

305 4675 348 4774 et
371 4675 525 4787 vpluit
558 4675 716 4781 super
736 4709 904 4778 justas
929 4710 975 4755 et
1012 4700 1228 4769 injustas
1258 4691 1275 4763 (
1308 4686 1445 4742 Ibid.
1476 4701 1527 4738 υ.
1558 4682 1625 4735 45
1658 4679 1699 4749 ).
1738 4677 1804 4730 Ει
1833 4675 1887 4727 in

305 4774 548 4865 oratione
578 4803 656 4857 sic
679 4801 859 4855 dicere
897 4791 1079 4847 docnit
1108 4807 1119 4840 :
1158 4786 1291 4851 Quia
1316 4782 1423 4849 ejus
1460 4783 1532 4830 est
1562 4785 1769 4841 regnum
1798 4807 1813 4829 ,
1845 4774 1890 4819 et

568 4902 616 4948 et
637 4890 820 4963 gloria.
840 4887 936 4941 Hic
954 4895 1161 4952 quoque
1181 4877 1250 4931 de
1272 4874 1411 4928 illius
1435 4862 1762 4939 providentia
1785 4858 1896 4959 dis—

307 4950 490 5047 serens
511 5030 525 5051 ,
550 4995 606 5041 et
631 4980 918 5038 ostendens
940 4978 1111 5044 ipsum
1130 4970 1211 5023 vel
1234 4969 1286 5020 in
1315 4962 1488 5034 parvis
1508 4958 1763 5028 optimum
1782 4950 1893 5018 api-

309 5090 461 5141 licem
484 5096 627 5142 esse,
645 5077 739 5141 ait,
764 5073 981 5128 Faenum
1004 5067 1112 5138 agri
1135 5063 1296 5118 vestit.
1314 5062 1389 5113 Ac
1407 5067 1664 5124 nusquam
1687 5058 1892 5119 patrem

310 5193 462 5234 suum
476 5179 653 5232 vocat,
671 5169 762 5223 sed
777 5167 1021 5220 illorum:
1046 5168 1169 5214 utet
1187 5158 1287 5210 hoc
1314 5152 1515 5206 honore
1537 5149 1892 5216 permoveret,

308 5280 357 5324 et
398 5281 520 5321 cum
564 5271 771 5333 patrem
811 5270 963 5310 suum
1007 5259 1189 5321 postea
1217 5247 1455 5305 diceret,
1504 5254 1609 5292 non
1654 5234 1897 5301 indigna-

310 5370 513 5415 rentur.
538 5355 595 5409 Si
626 5367 754 5407 vero
781 5349 849 5403 de
877 5346 1067 5399 vilibus
1089 5350 1140 5395 et
1161 5334 1474 5394 necessariis
1487 5328 1767 5385 sollicitum
1781 5339 1899 5377 esse

312 5468 417 5504 non
445 5455 709 5518 oporteat,
725 5456 825 5512 qua
842 5434 1183 5493 excusatione
1198 5429 1338 5498 digni
1358 5432 1479 5480 sunt
1500 5421 1589 5491 qui
1611 5419 1679 5473 de
1698 5414 1901 5484 magni-

248 5548 257 5557 '
315 5542 426 5597 ﬁcis
456 5506 640 5595 curam
678 5506 906 5588 habent?
937 5530 1043 5581 imo
1066 5526 1239 5594 potius
1262 5536 1362 5588 qua
1393 5512 1733 5571 excusatione
1758 5506 1901 5576 digni

314 5647 461 5703 sunt,
492 5632 580 5705 qui
607 5642 713 5682 non
752 5622 1041 5681 dormiunt,
1063 5625 1123 5671 ut
1141 5616 1309 5669 aliena
1351 5612 1487 5664 bona
1508 5606 1717 5676 rapiant
1750 5601 1773 5653 ?
1812 5600 1900 5653 51.

319 5693 490 5781 Noliie
506 5693 624 5793 ergo
648 5718 849 5774 solliciti
866 5732 992 5780 esse,
1011 5712 1230 5764 dicentes
1254 5721 1270 5759 :
1293 5702 1427 5771 Quid
1455 5693 1866 5752 manducabimus
1885 5730 1899 5753 ,

310 5826 403 5871 aut
417 5816 539 5883 quid
561 5789 803 5874 bibemus,
826 5818 911 5862 aut
932 5822 1030 5875 quo
1051 5799 1369 5871 operiemur?
1386 5795 1471 5850 52.
1502 5792 1551 5847 11
1556 5808 1626 5845 ατ
1649 5789 1777 5843 enim
1798 5801 1904 5837 am-

308 5912 398 5964 nia
419 5908 595 5960 mundi
616 5916 781 5971 gentes
811 5901 1085 5970 inquirunt.
1110 5881 1566 5958 Viden‘quomodo
1585 5879 1905 5937 rursnsillos

1268 420 1333 475 lN
1373 412 1776 475 MATTIUEU.“
1820 413 2029 471 llOMlL
2067 412 2233 471 XXII.
2278 415 2347 469 al.
2390 414 2575 470 XXIII.

3451 407 3560 468 302

1982 540 2036 587 et
2061 532 2227 602 magis
2254 532 2603 601 increpaverit
2628 573 2643 591 ,
2693 539 2747 585 et
2773 530 3155 599 declaraverit,
3188 547 3245 588 se
3266 532 3395 589 nihil
3421 550 3546 588 one-

1979 639 2159 677 rosum
2186 624 2480 679 vel’dnrum
2512 624 2832 693 prazcepisse
2863 625 2885 676 ?
2909 624 3056 678 Sicut
3082 625 3240 693 igitur
3264 640 3382 678 cum
3411 625 3545 680 dice

1978 724 2058 769 ret
2081 757 2096 781 ,
2120 714 2183 770 Si
2216 716 2425 786 diligitis
2464 715 2727 786 diligentes
2777 731 2882 779 vos,
2914 716 3043 770 nihil
3086 732 3324 787 magnum
3348 718 3545 786 facitis,

1978 827 2096 864 nam
2124 820 2169 864 et
2187 811 2370 864 ethnici
2396 811 2489 865 hoc
2508 813 2703 883 faciunt
2729 810 2941 883 (Matth.
2970 811 3019 867 5.
3044 813 3135 867 46.
3162 813 3277 883 47),
3298 812 3364 867 ab
3378 812 3555 869 ethni-

1976 916 2161 957 corum
2187 903 2698 958 commemoratione
2725 901 2869 970 ipsos
2898 903 2965 958 ad
3002 902 3224 958 meliora
3264 904 3554 960 excitavit:

1976 994 2052 1048 sic
2095 1003 2149 1047 et
2179 1006 2318 1049 nunc
2358 995 2476 1047 illos
2521 995 2571 1048 in
2622 994 2854 1049 medium
2903 995 3157 1062 adducit,
3191 996 3556 1067 perstringens

1975 1101 2068 1141 eos
2089 1128 2103 1151 ,
2137 1095 2187 1139 et
2215 1085 2502 1139 ostendens
2525 1126 2539 1148 ,
2590 1100 2648 1140 se
2678 1087 3035 1140 necessarium
3064 1100 3094 1140 a
3122 1088 3274 1142 nobis
3317 1086 3557 1144 debitum

1975 1177 2205 1245 exigere.
2236 1177 2290 1231 Si
2313 1177 2454 1231 enim
2484 1177 2598 1246 plus
2625 1192 2781 1245 quam
2811 1178 3015 1232 scribas
3042 1188 3096 1231 et
3131 1177 3426 1234 Pharisaeos
3464 1194 3558 1234 ex-

1976 1270 2157 1325 hibere
2182 1278 2425 1339 oporteat
2454 1309 2469 1332 ,
2515 1285 2616 1339 qua
2650 1285 2806 1339 paena
2850 1270 2991 1339 digni
3038 1270 3238 1325 erimus
3269 1311 3284 1336 ,
3312 1272 3401 1341 qui
3436 1282 3556 1327 "non

1977 1362 2135 1416 modo
2166 1362 2286 1416 illos
2315 1378 2419 1415 non
2451 1378 2784 1430 superamus,
2816 1363 2906 1416 sed
2930 1373 2983 1416 et
3011 1363 3062 1417 in
3085 1363 3415 1418 ethnicorum
3441 1365 3558 1418 vili-

1975 1460 2083 1508 tate
2111 1469 2406 1515 manemus,
2431 1461 2485 1507 et
2512 1453 2720 1507 illorum
2737 1456 3220 1523 pusillanimitatem
3251 1456 3558 1512 imitamur?

1974 1542 2081 1599 Nec
2115 1544 2244 1598 satis
2274 1544 2458 1598 habuit
2486 1546 2791 1614 increpasse
2816 1588 2832 1612 ,
2879 1547 2970 1601 sed
3001 1564 3120 1601 cum
3154 1548 3556 1617 perstrinxissct

1977 1635 2113 1700 illos,
2133 1636 2415 1689 excitasset
2430 1650 2491 1689 ac
2522 1635 2721 1704 pudore
2751 1635 3010 1692 affecisset
3041 1653 3162 1693 cum
3191 1641 3549 1706 vehementia,

1977 1726 2190 1781 aliunde
2231 1726 2352 1780 illos
2381 1727 2689 1781 consolatur
2712 1726 2896 1781 dicens
2929 1746 2942 1783 :
2973 1729 3081 1781 Scit
3107 1730 3238 1782 enim
3282 1729 3439 1783 Pater
3466 1747 3551 1784 ve-

1975 1831 2075 1875 ster
2104 1823 2313 1875 celestis
2332 1863 2347 1887 ,
2374 1822 2493 1887 quia
2541 1822 2619 1875 his
2665 1821 2894 1874 omnibus
2922 1823 3174 1893 indigetis.
3223 1822 3336 1877 Non
3368 1823 3501 1877 dixit
3530 1868 3547 1885 ,

1976 1912 2087 1967 Scit
2110 1913 2269 1975 Deus,
2298 1912 2413 1974 sed,
2439 1913 2549 1967 Scit
2578 1910 2755 1977 Pater,
2789 1925 2841 1965 ut
2868 1913 2985 1967 illas
3015 1914 3079 1966 ad
3113 1914 3369 1982 majorem
3398 1930 3549 1984 spem

1976 2004 2163 2074 erigat.
2187 2004 2240 2058 Si
2264 2005 2405 2058 enim
2435 2014 2585 2073 pater
2610 2016 2693 2059 est
2722 2045 2737 2070 ,
2768 2014 2821 2059 et
2848 2014 2997 2074 pater
3027 2004 3147 2061 talis
3176 2047 3191 2071 ,
3225 2022 3328 2061 non
3357 2008 3556 2076 poterit

1977 2095 2257 2165 deSpicere
2288 2096 2423 2150 lilios
2448 2096 2497 2150 in
2532 2098 2787 2150 extremis
2816 2098 2967 2151 malis
2995 2105 3269 2153 versantes
3298 2116 3311 2151 :
3344 2100 3557 2169 quando

1978 2202 2046 2241 ne
2089 2188 2331 2241 homines
2374 2188 2585 2256 quidem
2627 2196 2803 2256 patres
2846 2189 2946 2242 hoc
2977 2190 3267 2257 patiuntur.
3296 2191 3557 2260 Alindqne

1979 2291 2159 2348 posma
2190 2279 2393 2332 inducit
2424 2280 2779 2333 ratiocinium.
2810 2280 3083 2347 Quodnam
3117 2280 3241 2334 illud
3272 2281 3295 2334 ?
3324 2282 3453 2347 Quia
3479 2284 3556 2338 his

1980 2370 2209 2423 anmibus
2247 2369 2502 2440 indigetis.
2535 2369 2647 2424 lloe
2691 2379 2867 2423 autem
2899 2370 3013 2424 vult
3057 2371 3376 2440 signiﬁcare.
3419 2368 3555 2427 Nmu

1979 2461 2243 2531 superﬂua
2266 2469 2391 2515 sunt
2418 2461 2529 2514 inec
2560 2502 2574 2525 ,
2611 2470 2665 2513 ut
2689 2461 2985 2530 deSpiciat?
3013 2462 3173 2532 Atqui
3196 2478 3261 2516 ne
3288 2463 3338 2516 in
3366 2478 3556 2532 super-

1979 2552 2099 2607 ﬁuis
2128 2553 2339 2622 quidem
2367 2553 2627 2621 despexit,
2659 2563 2715 2607 ut
2747 2554 2798 2607 in
2823 2554 2995 2608 regno:
3023 2569 3161 2608 nunc
3186 2563 3432 2609 autemet
3465 2571 3557 2609 nc-

1979 2647 2211 2699 cessaria
2244 2653 2387 2699 sunt.
2421 2644 2601 2715 Itaque
2626 2644 2767 2714 quod
2800 2656 2950 2713 putas
2977 2659 3189 2698 causam
3216 2660 3333 2699 esse
3363 2645 3556 2700 sollici‘

1981 2737 2205 2805 tudinis,
2227 2736 2276 2790 id
2300 2737 2418 2790 dico
2445 2736 2690 2790 idoneum
2718 2751 2837 2790 esse
2860 2736 2924 2789 ad
2953 2736 3265 2807 abigendam
3307 2736 3397 2789 tibi
3425 2736 3558 2791 hanc

1979 2828 2406 2883 Sollicitudinem.
2436 2828 2585 2893 Quod
2607 2830 2649 2883 si
2677 2829 2843 2895 dicas,
2868 2828 2991 2883 Ideo
3020 2844 3105 2883 me
3132 2826 3413 2883 sollicitum
3440 2844 3561 2884 esse

1978 2931 2207 2990 Oportet,
2237 2923 2358 2991 quia
2387 2923 2688 2975 necessaria
2713 2931 2873 2974 sunt:
2897 2936 2995 2991 ego
3019 2932 3203 2974 contra
3236 2920 3555 2989 respondeo:

1979 3013 2100 3067 ideo
2131 3029 2196 3066 ne
2222 3013 2483 3066 sollicitus
2510 3013 2604 3078 sis,
2634 3013 2755 3081 quia
2801 3012 3099 3067 necessaria
3131 3020 3274 3065 sunt.
3309 3011 3367 3067 Si
3411 3011 3557 3066 enim

1977 3105 2244 3172 superﬂua
2289 3115 2501 3172 essent,
2536 3121 2709 3173 neque
2736 3106 2813 3158 sic
2835 3104 3223 3173 desperandum
3254 3113 3432 3169 esset,
3462 3103 3556 3158 sed

1977 3195 2349 3250 conﬁdendum
2379 3212 2440 3250 ea
2475 3197 2565 3250 tibi
2593 3196 2916 3264 suppeditari
2949 3209 3102 3261 posse
3127 3212 3139 3246 :
3164 3198 3283 3262 quia
3312 3209 3439 3247 vero
3470 3209 3560 3247 ne-

1977 3290 2209 3344 cessaria
2242 3298 2384 3351 sunt,
2411 3304 2513 3345 non
2558 3286 2696 3338 ultra
2717 3282 2990 3352 ambigere
3013 3288 3247 3351 Oportet.
3265 3277 3401 3344 Quis
3419 3275 3568 3332 enim

1979 3391 2134 3455 pater
2149 3379 2383 3451 negligat
2405 3376 2530 3432 ﬁliis
2559 3375 2671 3426 Suis
2700 3372 2999 3424 necessaria
3024 3368 3259 3437 pra-bere
3286 3368 3308 3418 ?
3334 3366 3561 3432 Ideoque

1980 3473 2197 3524 omnino
2222 3472 2359 3522 Deus
2382 3468 2429 3522 id
2464 3467 2686 3520 daturus
2708 3472 2808 3516 est.
2834 3462 2965 3516 Nam
2996 3462 3107 3529 ipse
3130 3469 3330 3513 natura:
3353 3466 3563 3511 creator

1981 3577 2080 3622 εει.
2101 3572 2153 3617 et
2173 3562 2295 3631 quid
2322 3560 2421 3630 ipsi
2452 3557 2809 3613 necessarimn
2832 3556 2903 3611 sit
2925 3561 3171 3607 accurate
3196 3552 3362 3606 novit.
3382 3550 3563 3619 Neque

1981 3655 2121 3709 enim
2148 3654 2329 3708 dicere
2356 3652 2532 3722 possis
2562 3691 2576 3716 ,
2608 3652 2783 3719 ipsum
2823 3645 3039 3716 quidem
3081 3659 3201 3699 esse
3227 3653 3427 3713 patrem
3462 3683 3476 3707 ,
3509 3651 3564 3696 et

1982 3746 2283 3802 necessaria
2330 3759 2450 3799 esse
2480 3758 2541 3798 ea
2586 3758 2705 3813 qum
2754 3738 3102 3808 requiruntur
3133 3778 3149 3803 ,
3189 3735 3280 3791 sed
3324 3736 3566 3804 ignorare

1984 3854 2105 3895 cum
2124 3837 2363 3906 nosipsis
2385 3850 2621 3905 egemus.
2644 3832 2775 3886 Nam
2806 3830 2893 3900 qui
2921 3838 3168 3883 naturam
3198 3827 3367 3895 ipsam
3396 3824 3565 3888 novit,

1985 3942 2039 3986 et
2060 3943 2268 3986 creator
2294 3929 2409 3997 ejus
2439 3937 2540 3990 est,
2572 3926 2822 3993 illamque
2848 3924 2949 3976 hoc
2971 3921 3129 3975 modo
3152 3918 3397 3974 formavit
3423 3958 3438 3982 ,
3470 3931 3568 3970 ne-

1987 4025 2294 4079 cessitatem
2323 4021 2460 4089 ejus,
2490 4028 2550 4073 ut
2579 4019 2750 4087 palam
2775 4025 2880 4079 est,
2906 4014 3097 4068 melius
3126 4011 3273 4066 novit
3295 4025 3455 4080 quam
3483 4016 3563 4072 tu,

1988 4116 2077 4186 qui
2108 4115 2161 4168 in
2192 4114 2507 4167 necessitate
2529 4110 2847 4164 constitutus
2864 4121 2940 4160 es.
2961 4103 3094 4159 Nam
3119 4102 3219 4171 ipsi
3249 4101 3326 4155 sic
3354 4098 3570 4169 placuit,

1989 4216 2047 4261 ut
2089 4208 2141 4259 in
2181 4202 2486 4273 hujusmodi
2515 4202 2834 4256 necessitate
2860 4212 3026 4251 esses.
3052 4195 3166 4249 Non
3203 4208 3330 4262 ergo
3354 4198 3572 4245 contra-

1989 4304 2101 4357 rius
2126 4301 2228 4355 erit
2253 4301 2317 4354 iis
2346 4315 2465 4369 qua:
2498 4296 2666 4351 voluit
2690 4338 2705 4362 ,
2736 4294 2806 4348 ita
2836 4302 2894 4346 ut
2924 4300 2975 4346 te
3001 4292 3052 4345 in
3086 4288 3405 4344 necessitate
3437 4300 3572 4340 eon-

1991 4395 2197 4456 stituat,
2231 4400 2332 4445 eta
2367 4388 2683 4444 necessariis
2704 4386 2895 4455 privet.

2065 4490 2120 4541 3.
2170 4486 2412 4539 Anxietas
2436 4481 2566 4536 nihil
2591 4480 2813 4551 prodest.
2861 4473 3203 4531 Providentia
3231 4470 3346 4533 Dei,
3376 4468 3576 4526 Christo

1993 4589 2238 4644 monente,
2283 4576 2559 4646 ﬁdendum.
2594 4572 2685 4625 Dei
2712 4571 2903 4625 auxilia
2930 4572 3057 4622 bona
3094 4566 3289 4635 agimus
3319 4563 3577 4615 omnia.—

1995 4674 2071 4727 Ne
2114 4673 2288 4739 itaque
2331 4666 2540 4722 solliciti
2572 4665 2767 4725 simus;
2799 4675 2970 4729 neque
3016 4659 3160 4713 enim
3192 4654 3320 4726 quid
3355 4651 3581 4720 amplius

1996 4778 2426 4834 consequemur,
2473 4774 2632 4829 quam
2683 4754 2823 4827 quod
2875 4768 2975 4808 nos
3011 4751 3153 4806 curis
3195 4747 3581 4803 distendamus.

1998 4860 2133 4915 Cum
2183 4857 2327 4912 enim
2380 4853 2533 4908 nobis
2572 4853 2685 4905 sive
2723 4847 2987 4911 sollicitis,
3020 4845 3131 4898 sive
3171 4857 3275 4895 non
3317 4836 3582 4897 sollicitis,

2001 4956 2108 5009 imo
2141 4951 2313 5021 potius
2343 4963 2446 5002 non
2478 4942 2717 4999 sollicitis
2739 4980 2756 5007 ,
2794 4939 2845 4993 id
2871 4924 3107 5008 praestet,
3153 4932 3276 5002 quid
3322 4928 3415 4982 tibi
3453 4942 3583 4980 am-

2003 5045 2140 5116 plius
2174 5058 2239 5096 ex
2275 5036 2629 5095 sollicitudine
2655 5031 2912 5090 manebit,
2936 5042 3093 5097 quam
3142 5022 3281 5093 quod
3331 5033 3513 5089 pomus
3556 5031 3584 5070 a

2005 5111 2173 5205 teipse
2193 5129 2487 5202 superﬂuas
2501 5121 2770 5193 exegeris?
2791 5120 2971 5188 Neque
2992 5117 3132 5171 enim
3159 5114 3276 5183 quis
3295 5111 3360 5166 ad
3386 5112 3586 5163 lautum

2004 5227 2302 5284 convivium
2347 5232 2693 5281 accessurus,
2742 5214 2809 5269 de
2849 5212 2982 5266 cibis
3032 5220 3281 5276 umquam
3322 5201 3585 5257 sollicitus

2005 5321 2127 5384 erit;
2154 5331 2328 5387 neque
2348 5314 2393 5368 is
2416 5312 2507 5383 qui
2536 5309 2603 5364 ad
2634 5309 2831 5363 fontem
2862 5301 3087 5363 accedit,
3118 5299 3185 5353 de
3208 5305 3333 5367 potu
3362 5296 3463 5349 erit
3492 5309 3589 5346 an-

2006 5415 2146 5469 xius.
2178 5410 2254 5465 Ne
2284 5409 2458 5477 itaque
2495 5418 2614 5468 nos,
2642 5401 2833 5471 quibus
2859 5394 3157 5450 afﬂuentior
3208 5389 3361 5444 adest
3410 5400 3586 5441 rerum

2010 5507 2161 5575 copia
2183 5544 2199 5568 ,
2246 5516 2405 5572 quam
2433 5500 2482 5552 in
2514 5497 2658 5551 mille
2694 5491 2927 5547 fontibus
2964 5496 3016 5543 et
3044 5483 3307 5541 conviviis
3331 5522 3347 5547 ,
3398 5494 3591 5550 nempe

2020 5600 2116 5655 Dei
2146 5590 2674 5669 providentia,quasi
2703 5599 2968 5657 pauperes
2996 5578 3372 5651 pusillanimes
3393 5575 3588 5629 simus.

2015 5664 2163 5748 Cum—
2185 5684 2512 5757 supradictis
2547 5683 2690 5735 enim
2712 5677 2858 5733 aliud
2905 5676 2959 5729 in
2984 5672 3195 5728 cunctis
3212 5669 3375 5723 rebus
3394 5664 3591 5719 lidendi

2012 5784 2392 5849 argumentum
2411 5767 2864 5842 suggerit,dicens
2881 5782 2893 5817 :
2912 5762 3000 5816 55.
3022 5759 3255 5825 Qtucrite
3270 5771 3483 5825 regnum
3501 5767 3595 5804 C(8-

2011 5863 2207 5929 lorum,
2226 5875 2276 5931 et
2295 5864 2401 5921 htec
2413 5861 2591 5920 omnia
2608 5858 2923 5928 adjiciantur
2940 5850 3103 5907 vobis.
3133 5848 3429 5919 Postquam
3449 5833 3597 5888 ellim
