4038 6364
364 335 470 390 5(ιῦ

362 447 598 500 animum
625 459 653 497 a
681 441 824 498 curis
849 438 1070 505 levavit,
1101 445 1229 492 tunc
1249 434 1410 489 czelos
1437 432 1596 488 etiam
1617 439 1942 482 commemo—

362 538 518 592 ravit.
547 536 706 591 Venit
730 535 924 606 quippe
961 541 1137 586 vetera
1170 529 1462 588 soluturus,
1494 532 1546 578 et
1574 519 1945 576 admeliorem

364 641 646 686 vocaturus
673 627 919 698 patriam.
944 624 1237 692 Propterea
1265 618 1395 673 nihil
1419 631 1524 670 non
1551 613 1659 685 agit
1684 654 1698 678 ,
1743 619 1802 666 ut
1847 623 1944 665 nos

361 738 393 778 a
419 720 826 794 supervacaneis
853 728 905 774 et
934 733 963 771 a
996 726 1325 771 terrenarum
1370 723 1548 766 rerum
1584 705 1775 759 aﬂ‘ectu
1817 703 1946 758 libe-

365 823 466 870 ret.
504 811 704 868 Idcirco
730 810 976 867 ethnicos
1015 804 1328 862 memoravit
1357 843 1372 868 ,
1413 815 1533 856 cum
1560 799 1634 852 ait
1669 805 1856 868 gentes
1883 810 1947 850 ea

365 905 652 975 inquirere,
684 916 906 973 quarum
928 897 1101 954 onmis
1120 896 1270 951 labor
1294 903 1348 948 et
1371 891 1602 946 studium
1633 889 1772 942 circa
1813 901 1948 955 pra:-

365 1007 573 1053 sentem
618 995 780 1049 vitam
821 1000 1086 1055 versatur,
1128 988 1319 1059 quibus
1362 983 1504 1038 nulla
1536 981 1832 1035 futurorum
1862 977 1947 1031 vel

365 1090 617 1145 caelorum
646 1087 804 1142 ratio.
838 1084 1003 1142 Vobis
1028 1091 1205 1138 autem
1234 1095 1338 1134 non
1362 1078 1478 1132 [nec
1505 1083 1630 1130 sunt
1659 1072 1942 1143 praecipua,

366 1184 459 1253 sed
486 1183 585 1252 alia
617 1182 658 1235 ί.
689 1180 873 1251 Neque
901 1178 1045 1234 enim
1073 1176 1193 1230 ideo
1218 1172 1382 1228 creati
1408 1183 1591 1226 sumus
1617 1177 1676 1222 ut
1701 1163 1948 1220 comeda-

366 1292 508 1346 mus,
530 1274 773 1331 bibamus
788 1283 840 1327 et
855 1271 1090 1326 vestibus
1117 1268 1440 1337 operiamur;
1461 1261 1552 1317 sed
1575 1270 1627 1315 ut
1647 1260 1950 1328 placeamus

367 1368 498 1432 Deo,
530 1375 583 1420 et
609 1364 785 1419 futura
831 1375 1226 1432 consequamur
1273 1357 1432 1411 bona.
1464 1352 1612 1408 Sicut
1651 1351 1808 1421 igitur
1833 1348 1950 1402 bmc

369 1456 727 1526 perfunctorie
767 1452 1043 1516 curanda,
1097 1451 1169 1504 ita
1209 1456 1260 1504 et
1310 1442 1670 1516 perfunctorie
1717 1438 1948 1510 petenda

367 1558 510 1604 Sunt.
543 1549 769 1618 Ideoque
804 1546 1014 1601 dicebat
1041 1562 1053 1598 :
1082 1543 1304 1610 Quwrite
1344 1554 1555 1608 regnum
1580 1535 1818 1589 caelorum
1844 1573 1860 1600 ,
1904 1542 1951 1585 et

369 1639 475 1692 Im'c
495 1640 663 1692 omnia
688 1638 988 1706 adjicientur
1007 1632 1162 1687 vobis.
1193 1629 1308 1686 Non
1334 1628 1488 1694 dixit,
1511 1626 1807 1692 Dabuntur,
1830 1621 1946 1689 sed,

366 1725 717 1794 Adjicientur,
734 1723 1003 1785 utdiscas,
1025 1723 1220 1776 horum
1242 1737 1362 1790 qua:
1381 1721 1434 1775 in
1476 1718 1729 1790 praesenti
1745 1720 1944 1773 dantur

367 1817 502 1872 nihil
517 1831 636 1872 esse
650 1815 872 1869 omnino
887 1829 1142 1885 magnum
1161 1813 1205 1868 si
1219 1829 1342 1868 cum
1357 1811 1726 1882 magnitudine
1744 1809 1949 1866 futuro-

369 1923 490 1963 rum
509 1915 911 1976 comparentur.
935 1906 1058 1959 ldeo
1078 1921 1183 1959 non
1199 1906 1287 1958 illa
1301 1913 1502 1974 petere,
1528 1903 1624 1959 sed
1639 1903 1743 1957 alia
1757 1911 1948 1972 postu-

369 2000 482 2054 lare
507 1999 682 2070 jubet,
713 2007 766 2053 et
779 1998 1052 2052 confidere
1087 1997 1201 2051 haec
1237 1996 1508 2066 prioribus
1537 2010 1660 2050 esse
1680 1993 1945 2049 addenda.

370 2091 566 2158 Quaere
580 2089 742 2160 igitur
755 2089 963 2155 futura,
981 2097 1036 2142 et
1053 2089 1340 2158 praesentia
1357 2087 1594 2157 accipies
1617 2104 1632 2153 ;
1656 2099 1949 2154 nequmras

371 2183 628 2246 visibilia,
651 2193 704 2238 et
727 2196 953 2252 prorsus
981 2180 1072 2234 illa
1104 2180 1482 2248 consequeris.
1511 2177 1646 2232 Nam
1665 2177 1948 2247 indignum

386 2291 443 2334 te
461 2289 548 2335 est
569 2279 861 2334 Dominum
881 2278 1032 2333 adire
1063 2294 1160 2347 pro
1177 2277 1338 2332 rebus
1369 2275 1704 2344 hujusmodi.
1737 2275 1950 2328 Etenim

375 2374 468 2442 qui
487 2387 649 2428 omne
665 2372 930 2434 studium,
950 2385 1166 2424 omnem
1182 2385 1246 2424 cu
1256 2384 1366 2423 ram
1387 2368 1647 2423 adhibere
1668 2366 1834 2421 debes
1851 2381 1949 2435 pro

379 2462 739 2516 inell'abilibus
761 2461 866 2514 illis
888 2460 1309 2529 bonis,teipsum
1325 2458 1777 2524 dedecoras,dum
1797 2457 1848 2511 in
1861 2472 1955 2512 cu-

381 2541 603 2622 piditate
632 2552 899 2606 “lixarum
933 2567 1112 2605 rerum
1144 2551 1294 2603 illam
1329 2550 1619 2618 impendis.
1651 2548 1762 2603 Cur
1799 2562 1951 2613 ergo,

387 2647 624 2715 inquies,
641 2645 805 2713 juSsit
840 2659 1032 2713 panem
1058 2644 1278 2712 petere?
1303 2641 1406 2696 Sed
1424 2642 1650 2701 addidit.
1671 2639 1955 2714 Quotidia-

374 2750 515 2797 rmm,
543 2741 598 2788 et
626 2732 728 2787 hoc
755 2747 964 2787 rursum
992 2731 1159 2800 addit,
1201 2730 1365 2785 Hodie
1393 2728 1540 2800 (Luc.
1574 2731 1659 2784 Η.
1690 2729 1779 2799 5)Ξ
1812 2730 1952 2800 quod

374 2828 546 2884 insutu
573 2828 658 2881 hic
673 2827 830 2881 etiam
847 2826 1112 2882 observat.
1134 2825 1248 2880 Non
1269 2825 1411 2880 enim
1439 2824 1609 2879 solum
1627 2823 1780 2890 dixit,
1811 2823 1958 2878 Noli-

376 2927 429 2971 te
455 2916 664 2971 solliciti
700 2930 856 2983 esse;
890 2917 981 2971 sed
1003 2958 1018 2982 ,
1049 2917 1138 2971 54.
1187 2913 1362 2970 Nolite
1386 2913 1589 2969 solliciti
1617 2931 1722 2968 esse
1757 2914 1807 2967 in
1838 2930 1954 2966 cra-

372 3008 561 3061 stinum
593 3023 610 3061 :
639 3007 797 3062 simul
827 3007 978 3061 nobis
1018 3006 1314 3061 libertatem
1358 3005 1586 3071 donans,
1622 3014 1677 3060 et
1724 3005 1956 3058 animam

376 3107 612 3154 nostram
640 3099 799 3155 rebus
837 3099 1006 3168 magis
1031 3098 1347 3154 necessariis
1379 3098 1648 3152 addiceus.
1703 3098 1837 3153 Nam
1869 3099 1957 3152 illa

377 3198 558 3259 petere
589 3189 707 3246 ideo
726 3190 903 3259 jussit,
928 3206 1030 3243 non
1056 3189 1196 3259 quod
1224 3189 1364 3244 Deus
1379 3189 1653 3244 admonitu
1672 3189 1953 3261 indigeret,

375 3280 468 3334 sed
499 3289 554 3335 ut
581 3280 867 3344 discamus,
893 3297 990 3335 nos
1016 3281 1131 3351 ejus
1159 3279 1357 3334 auxilio
1385 3280 1522 3334 bona
1552 3296 1713 3350 agere
1739 3280 1915 3333 onmia
1941 3321 1956 3346 ,

377 3380 430 3425 et
462 3379 519 3426 ut
546 3371 860 3427 assiduitate
884 3373 1093 3441 petendi
1137 3386 1233 3427 nos
1259 3371 1310 3426 ei
1340 3371 1627 3426 familiares
1648 3371 1956 3427 reddamus.

379 3463 564 3518 Viden’
589 3463 856 3533 quomodo
900 3479 995 3533 per
1025 3462 1140 3519 hrec
1163 3463 1425 3530 suadeat,
1480 3462 1776 3534 doceatque
1815 3464 1960 3534 ipsos

378 3556 660 3625 przesentia
690 3570 902 3625 quoque
933 3565 1244 3624 accepturos
1265 3555 1425 3609 esse?
1454 3554 1553 3622 Qui
1579 3555 1719 3609 enim
1753 3555 1958 3625 majora

380 3647 583 3717 prtebet
602 3687 616 3712 ,
665 3647 833 3701 multo
857 3647 1024 3716 magis
1049 3647 1252 3699 minora
1278 3645 1444 3700 dabit.
1471 3645 1585 3700 Non
1617 3646 1735 3702 ideo
1775 3648 1916 3701 enim
1942 3686 1959 3713 ,

381 3740 586 3811 inquit,
617 3741 846 3810 praecepi
879 3755 947 3794 ne
990 3739 1200 3793 solliciti
1227 3739 1344 3792 sitis
1364 3780 1378 3804 ,
1420 3740 1501 3793 vel
1533 3755 1599 3794 ne
1645 3740 1837 3808 petatis
1861 3781 1875 3806 ,
1906 3748 1964 3793 ut

383 3832 562 3887 miseri
609 3832 726 3885 suis
753 3839 809 3885 et
837 3829 962 3884 nudi
992 3829 1275 3884 ambuletis
1298 3870 1314 3895 ,
1365 3830 1459 3882 sed
1501 3839 1561 3883 ut
1608 3829 1722 3884 haec
1751 3845 1962 3899 quoque

381 3923 716 3978 abundanter
739 3930 1024 3992 suppetant
1048 3939 1061 3972 :
1087 3921 1136 3974 id
1158 3920 1299 3991 quod
1324 3929 1470 3976 certe
1495 3923 1723 3975 maxime
1746 3921 1864 3975 illos
1886 3931 1964 3976 at-

385 4016 598 4073 trahere
628 4023 851 4085 poterat.
885 4013 1033 4068 Sicut
1063 4028 1190 4083 ergo
1216 4013 1268 4066 in
1294 4012 1634 4083 eleemosyna
1659 4013 1920 4083 eroganda
1946 4057 1963 4080 ,

384 4121 570 4164 vetans
593 4122 714 4163 sese
745 4106 1048 4161 iominibus
1073 4113 1347 4159 ostentare
1370 4145 1384 4168 ,
1419 4105 1519 4158 hac
1545 4104 1752 4159 ratione
1791 4105 1960 4158 maxi-

386 4216 472 4254 me
494 4199 748 4254 suadebat
770 4197 875 4252 illis
899 4237 914 4261 ,
953 4196 1069 4250 lucc
1094 4196 1194 4251 sibi
1226 4211 1347 4250 cum
1381 4195 1569 4262 majori
1590 4196 1741 4263 cepia
1773 4204 1826 4249 et
1849 4211 1965 4248 ma-

386 4291 686 4361 gnificentia
705 4287 973 4344 reddenda
995 4303 1114 4342 esse
1141 4287 1288 4355 (nam
1317 4287 1409 4351 ait,
1440 4287 1598 4341 Pater
1625 4296 1758 4352 tuus,
1785 4287 1870 4354 qui
1893 4287 1969 4340 vi-

387 4385 470 4440 det
493 4384 545 4436 in
570 4381 860 4437 abscondito
889 4421 903 4445 ,
932 4380 1105 4434 reddet
1130 4379 1218 4433 tibi
1239 4380 1290 4432 in
1321 4379 1610 4449 manifesto)
1647 4397 1659 4433 :
1691 4381 1767 4434 sic
1789 4390 1843 4435 et
1869 4380 1971 4435 hoc

392 4475 512 4535 loco
569 4473 885 4528 abstrahens
932 4487 1026 4528 eos
1073 4487 1104 4526 a
1160 4472 1538 4542 perquisitione
1589 4475 1965 4543 przesentium,

391 4567 522 4622 illud
553 4566 782 4620 maxime
811 4565 1018 4630 suadet,
1053 4564 1169 4618 haec
1196 4579 1299 4619 non
1327 4566 1690 4634 qurerentibus
1709 4580 1828 4619 cum
1861 4583 1972 4619 ina-

388 4660 508 4729 jore
548 4657 868 4712 abundantia
914 4656 1169 4726 promitti.
1202 4656 1360 4720 Ideo,
1409 4657 1622 4726 inquit,
1673 4659 1835 4726 jubeo
1865 4674 1970 4712 non

393 4763 657 4823 quaerere,
688 4763 795 4804 non
831 4763 899 4806 ne
929 4749 1159 4818 accipias
1184 4789 1200 4815 ,
1249 4747 1342 4802 sed
1385 4758 1440 4802 ut
1476 4748 1812 4804 abundanter
1834 4751 1976 4805 acci-

395 4847 552 4916 pias;
621 4853 680 4898 ut
727 4841 959 4909 accipias
1023 4841 1185 4897 modo
1241 4841 1335 4898 tibi
1407 4842 1728 4910 competenti
1763 4881 1778 4903 ,
1852 4858 1974 4898 cum

391 4939 622 4993 utilitate
672 4935 982 5005 congruenti
1017 4951 1030 4987 :
1060 4949 1128 4988 ne
1168 4934 1427 4989 sollicitus
1477 4941 1532 4988 et
1569 4933 1823 4989 discissus
1878 4937 1976 4989 ha-

396 5046 581 5088 rumce
601 5045 780 5085 rerum
807 5027 968 5092 euris,
999 5036 1053 5082 et
1078 5027 1142 5081 iis
1168 5027 1296 5098 ipsis
1322 5027 1482 5081 rebus
1518 5037 1572 5082 et
1615 5027 1978 5095 Spiritualibus

397 5135 448 5180 te
476 5123 746 5193 indignum
767 5121 1080 5187 constituas;
1109 5135 1174 5174 ne
1199 5119 1522 5189 superfluam
1540 5120 1760 5188 patiaris
1781 5136 1978 5174 aerum-

397 5231 518 5270 nam
549 5256 565 5281 ,
609 5223 665 5269 et
688 5228 718 5266 a
747 5227 807 5268 re
833 5216 1104 5282 proposita
1141 5210 1377 5266 excidas.
1426 5209 1601 5264 Nolite
1627 5228 1746 5281 ergo
1781 5211 1982 5265 solliciti

395 5323 502 5366 esse
527 5306 577 5358 in
612 5305 904 5357 crastinum.
935 5301 1129 5371 Sufﬁcit
1157 5300 1291 5354 enim
1331 5301 1429 5354 diei
1455 5301 1650 5355 malitia
1675 5302 1785 5371 ejus
1825 5299 1979 5370 (Gen.

400 5397 454 5450 5.
492 5395 604 5464 l9),
630 5394 681 5449 id
711 5402 832 5460 est,
883 5392 1098 5447 miseria
1140 5398 1301 5460 atque
1319 5391 1592 5445 contritio.
1638 5391 1750 5446 Non
1787 5391 1984 5446 sufficit

401 5490 493 5546 tibi
527 5489 576 5542 in
605 5487 801 5542 sudore
825 5486 1004 5540 vultus
1031 5484 1105 5539 tui
1131 5483 1418 5540 comedere
1443 5497 1636 5553 panem
1667 5483 1859 5536 tuum?
1889 5499 1985 5538 cur

399 5581 558 5633 aliam
587 5578 776 5648 adjicis
804 5593 874 5633 ex
903 5575 1263 5633 sollicitudine
1289 5574 1593 5642 miseriam,
1621 5574 1712 5645 qui
1741 5589 1770 5630 a
1792 5573 1986 5646 priori-

399 5669 504 5731 bus
524 5684 583 5724 es
604 5669 872 5724 laboribus
897 5667 1246 5725 liberandus?

457 5803 470 5833 ³
509 5796 602 5856 11w
627 5815 789 5866 voces,
813 5802 899 5856 sed
915 5802 1031 5867 alia,
1054 5804 1232 5858 desunt
1254 5804 1303 5856 in
1327 5802 1494 5854 Morel.

1032 324 1092 380 S.
1129 319 1406 381 JOANNIS
1430 308 1905 374 CHRYSOSTOMI
1944 305 2256 363 AllCHlEP.
2297 303 2827 361 CONSTANTINOP.
3527 311 3630 368 δαί

2126 423 2180 477 4.
2212 421 2414 477 Malitia
2435 424 2706 495 aliquando
2733 440 2824 493 pro
2855 437 3082 478 (erumna
3124 425 3388 495 accipitur.
3417 456 3492 466 --
3516 428 3628 482 Ma-

2053 513 2219 568 litiam
2250 522 2423 568 autem
2449 513 2535 568 hic
2560 521 2714 569 vocat
2755 529 2862 570 non
2888 515 3304 585 improbitatem,
3333 518 3491 586 absit,
3533 521 3633 575 sed

2052 605 2341 670 miseriam,
2391 605 2648 670 laborem,
2689 621 2992 671 mrumnas;
3022 607 3161 663 sicut
3187 618 3242 664 et
3269 609 3396 665 alibi
3423 607 3496 662 ait
3524 629 3538 665 :
3569 612 3632 667 Si

2053 706 2124 750 est
2149 697 2343 750 malitia
2368 697 2422 751 in
2449 697 2664 760 civitate,
2685 713 2835 766 quam
2861 696 3111 752 Dominus
3135 716 3235 753 non
3261 701 3435 770 fecerit
3454 700 3633 774 (Amos

2053 788 2106 843 5.
2138 788 2195 860 6)
2221 807 2234 842 :
2259 805 2366 845 non
2392 790 2604 860 rapinas
2636 792 2917 862 significat,
2949 809 3056 849 non
3086 795 3360 850 avaritiam
3389 799 3428 862 ί,
3458 815 3636 870 neque

2053 882 2323 952 quidpiam
2355 884 2547 950 simile,
2576 885 2669 940 sed
2716 885 2898 955 plagas
2939 885 3194 943 divinitus
3241 889 3525 947 immissas.
3556 895 3636 949 Ac

2053 991 2285 1044 rursum,
2315 977 2446 1048 Ego,
2479 978 2665 1048 inquit,
2695 979 2885 1049 faciens
2931 996 3124 1052 pacem,
3169 992 3218 1036 et
3242 999 3417 1038 creans
3442 985 3637 1039 malum

2057 1067 2207 1138 (lsai.
2231 1070 2318 1124 45.
2349 1070 2422 1136 7).
2472 1069 2657 1140 Neque
2681 1073 2823 1126 enim
2855 1071 2940 1126 hic
2966 1074 3217 1128 malitiam
3246 1074 3395 1142 dicit,
3427 1076 3523 1132 sed
3553 1076 3637 1131 fa-

2056 1180 2194 1220 mem
2225 1206 2241 1229 ,
2290 1164 2619 1234 pestilentias
2643 1207 2658 1231 ,
2699 1181 2818 1236 quas
2857 1166 2996 1220 mala
3037 1182 3158 1222 esse
3203 1169 3578 1224 existimantur
3603 1185 3636 1224 a

2054 1258 2231 1326 vulgo.
2262 1257 2374 1311 Mos
2401 1257 2596 1327 quippe
2618 1265 2702 1312 est
2723 1297 2737 1320 ,
2769 1266 2826 1312 ut
2855 1257 3008 1312 multi
3030 1273 3091 1313 ea
3121 1273 3242 1314 esse
3261 1259 3441 1314 dicant
3469 1260 3632 1317 mala.

2053 1349 2142 1406 Sic
2161 1352 2301 1405 enim
2325 1350 2397 1404 illi
2422 1355 2656 1420 quinque
2681 1349 3042 1420 Satrapiarum
3058 1351 3366 1406 sacerdotes
3387 1361 3440 1406 et
3463 1362 3633 1418 vates,

2053 1459 2179 1499 cum
2205 1457 2396 1498 vaccas
2434 1458 2572 1498 arcae
2593 1442 2806 1512 junctas
2849 1442 2968 1503 sine
2995 1443 3175 1498 vitulis
3202 1458 3308 1512 quo
3332 1444 3530 1499 vellent
3555 1445 3639 1500 ire

2056 1538 2431 1608 permiserunt,
2463 1536 2718 1590 divinitus
2750 1535 3016 1590 immissas
3059 1536 3240 1605 plagas
3285 1535 3404 1590 illas
3431 1552 3634 1592 magro-

2055 1644 2275 1699 remque
2302 1644 2366 1683 ac
2393 1627 2633 1682 dolorem
2665 1625 2790 1682 inde
2816 1636 3023 1696 partum
3052 1626 3308 1681 malitiam
3348 1628 3632 1684 vocabant.

2055 1723 2287 1795 ldipsum
2318 1724 2493 1793 itaque
2523 1720 2788 1792 significat
2811 1720 2998 1775 dicens
3028 1719 3262 1791 :Suﬁicit
3290 1720 3392 1775 diei
3439 1721 3639 1775 malitia

2053 1833 2168 1872 sua.
2220 1815 2360 1869 Nihil
2383 1817 2526 1869 enim
2553 1813 2773 1884 perinde
2797 1812 3032 1867 animum
3057 1811 3290 1877 cruciat,
3318 1821 3478 1881 atque
3505 1827 3640 1867 cura

2055 1916 2113 1963 et
2135 1904 2460 1961 sollicitudo.
2493 1904 2582 1960 Sic
2611 1913 2666 1958 et
2693 1903 2887 1958 Paulus
2911 1902 2978 1957 ad
3007 1901 3362 1972 virginitatem
3392 1902 3640 1971 hortans,

2057 2000 2339 2054 consilium
2373 1999 2443 2050 ita
2471 1995 2727 2051 offerebat
2755 2013 2766 2048 :
2813 1995 2938 2050 Volo
2961 2006 3127 2048 autem
3151 2010 3237 2048 vos
3257 1996 3366 2048 sine
3388 1993 3642 2050 sollicitu-

2057 2095 2173 2148 dine
2211 2093 2357 2163 βεδε(
2387 2094 2437 2148 1.
2463 2091 2583 2147 Cor.
2615 2091 2668 2145 7.
2698 2091 2809 2158 '52).
2839 2090 2972 2144 Cum
3002 2103 3158 2158 porro
3186 2089 3315 2143 dicit
3342 2089 3484 2144 diem
3514 2103 3640 2143 cra-

2058 2189 2250 2243 stinam
2282 2187 2380 2242 sibi
2412 2188 2691 2242 sollicitam
2719 2186 2855 2252 fore,
2889 2200 2994 2240 non
3025 2185 3075 2240 id
3107 2186 3198 2247 ait,
3222 2185 3363 2256 quod
3386 2185 3505 2241 dies
3527 2186 3644 2254 ipsa

2057 2279 2125 2335 de
2145 2295 2203 2335 se
2227 2280 2452 2335 sollicita
2476 2280 2564 2345 sit,
2594 2279 2687 2333 sed
2717 2279 2839 2349 quia
2859 2277 2924 2332 ad
2955 2279 3251 2347 imperitam
3281 2278 3487 2346 plebem
3515 2291 3639 2331 ser-

2059 2387 2149 2427 mo
2183 2382 2320 2437 erat,
2363 2387 2484 2426 cum
2536 2371 2697 2427 vellet
2742 2370 2857 2426 haec
2907 2386 3028 2425 cum
3068 2370 3309 2440 emphasi
3361 2369 3643 2440 proferre,

2060 2475 2268 2533 tempus
2307 2480 2546 2534 personze
2574 2479 2724 2519 more
2753 2471 3118 2533 repraesentat,
3149 2461 3441 2522 secundum
3472 2463 3645 2532 pluri-

2058 2573 2267 2613 morum
2299 2573 2500 2614 morem
2529 2558 2673 2628 ipsos
2699 2558 2994 2626 alloquens.
3027 2556 3091 2610 Et
3117 2555 3203 2610 hic
3227 2555 3439 2625 quidem
3467 2557 3650 2610 consi-

2059 2653 2186 2708 lium
2235 2652 2458 2722 profert,
2506 2665 2822 2723 progressus
2863 2659 3040 2704 autem
3096 2648 3325 2718 idipsum
3371 2655 3429 2704 ut
3472 2648 3646 2718 legem

2060 2746 2244 2801 statuit
2269 2746 2492 2801 dicens:
2528 2744 2702 2798 Nolite
2731 2743 2987 2813 possidere
3024 2758 3228 2806 aurum,
3270 2757 3426 2808 neque
3464 2756 3648 2811 argen-

2061 2849 2189 2906 tum,
2220 2854 2376 2905 neque
2398 2852 2570 2906 peram
2594 2835 2646 2888 in
2666 2836 2746 2890 via
2774 2833 2989 2903 (Matth.
3020 2833 3103 2888 10.
3131 2833 3185 2890 9.
3221 2831 3330 2902 10).
3359 2831 3647 2901 Postquam

2061 2930 2202 2986 enim
2225 2925 2340 2981 haec
2357 2926 2477 2996 ipsa
2494 2923 2748 2994 operibus
2769 2926 3099 2990 exhibuerat,
3131 2934 3256 2980 tunc
3283 2924 3499 2980 demum
3521 2938 3649 2977 ver—

2061 3021 2144 3076 bis
2170 3023 2341 3092 legem
2371 3022 2556 3077 statuit
2591 3020 2901 3086 firmiorem,
2933 3018 3074 3073 unde
3101 3027 3154 3072 et
3183 3033 3362 3074 sermo
3396 3024 3649 3084 acceptus

2061 3126 2115 3169 et
2130 3113 2502 3182 comprobatus
2522 3122 2655 3178 erat,
2679 3111 2844 3180 ipsius
2863 3125 3055 3180 nempe
3071 3109 3319 3179 operibus
3334 3109 3443 3177 jam
3468 3108 3648 3162 firma-

2065 3216 2167 3260 tus.
2192 3205 2417 3261 Ubinam
2439 3205 2593 3276 igitur
2612 3204 2860 3274 operibus
2880 3201 3294 3257 demonstravit?
3310 3200 3448 3255 Audi
3474 3202 3645 3270 ipsum

2063 3302 2328 3354 dicentem
2361 3318 2373 3354 :
2401 3298 2569 3353 Filius
2592 3298 2808 3352 hominis
2835 3313 2936 3350 non
2963 3296 3108 3350 habet
3135 3296 3220 3349 ubi
3255 3304 3408 3365 caput
3443 3293 3650 3348 reclinet

2066 3395 2279 3466 (Matth.
2307 3394 2361 3449 8.
2389 3393 2505 3464 20).
2547 3391 2730 3461 Neque
2765 3392 2866 3446 hoc
2893 3400 3066 3444 tamen
3109 3390 3307 3444 dixisse
3343 3397 3646 3454 contentus,

2066 3487 2118 3540 in
2145 3485 2418 3553 discipulis
2461 3485 2574 3538 suis
2614 3483 2800 3537 horum
2843 3484 3144 3552 exemplum
3172 3481 3494 3550 suppeditat,
3524 3496 3646 3534 cum

2068 3577 2212 3648 ipsos
2241 3575 2305 3630 ad
2335 3579 2470 3630 hanc
2497 3575 2719 3629 formam
2749 3574 2976 3644 redegit,
3005 3582 3061 3629 et
3090 3573 3233 3627 nullo
3259 3587 3419 3642 egere
3447 3571 3648 3641 permi-

2066 3672 2154 3726 sit.
2191 3669 2462 3739 Perpende
2488 3677 2662 3722 autem
2704 3669 2818 3737 ejus
2853 3667 3264 3735 providentiam,
3290 3681 3409 3736 quae
3434 3680 3648 3720 omnem

2070 3763 2234 3833 patris
2261 3761 2497 3832 cujusvis
2525 3760 2772 3816 affectum
2807 3767 3041 3847 superat.
3088 3758 3200 3813 Hoc
3234 3757 3416 3827 jubeo,
3457 3758 3650 3828 inquit,

2070 3869 2176 3908 non
2205 3852 2361 3907 aliam
2391 3852 2460 3906 ob
2485 3866 2721 3917 causam,
2752 3865 2910 3920 quam
2941 3857 3000 3903 ut
3023 3865 3117 3904 vos
3142 3850 3208 3904 ab
3227 3848 3373 3916 omni
3399 3864 3654 3918 superva-

2069 3961 2167 4000 cua
2193 3943 2548 3999 sollicitudine
2570 3943 2868 4012 expediam.
2894 3941 3026 3996 Nam
3047 3943 3090 3996 si
3120 3941 3277 3997 hodie
3302 3942 3557 3996 sollicitus
3577 3941 3655 3995 sis

2071 4039 2139 4095 de
2180 4039 2434 4100 crastino,
2464 4051 2582 4092 cras
2622 4051 2832 4091 rursum
2872 4036 3128 4090 sollicitus
3159 4035 3285 4091 eris.
3317 4034 3456 4101 Quid
3497 4048 3558 4089 ea
3600 4034 3653 4088 in

2074 4148 2133 4187 re
2158 4128 2646 4201 supervacaneum?
2669 4127 2777 4182 Cur
2800 4127 2944 4196 cogis
2963 4127 3106 4182 diem
3128 4125 3337 4196 majori,
3361 4125 3657 4194 qttamipse

2075 4224 2295 4277 sortitus
2322 4223 2410 4286 sit,
2455 4220 2667 4275 miseria
2705 4217 2897 4288 afﬂigi;
2927 4227 3128 4274 etcum
3169 4216 3395 4286 propriis
3437 4214 3537 4270 sibi
3578 4214 3659 4269 la-

2075 4317 2294 4371 boribus
2317 4315 2475 4369 etiam
2507 4313 2778 4383 sequentis
2817 4311 2924 4366 diei
2971 4325 3105 4364 onus
3147 4308 3392 4378 imponis,
3415 4300 3494 4362 'et
3532 4307 3658 4375 hoc,

2076 4424 2194 4462 cum
2225 4422 2318 4476 per
2345 4404 2762 4459 additamentum
2793 4400 3091 4470 lmjusmodi
3117 4399 3390 4468 sequentis
3415 4397 3519 4452 diei
3545 4411 3663 4451 sar-

2077 4502 2251 4556 cinam
2297 4515 2403 4552 non
2457 4498 2685 4557 minuas,
2745 4494 2838 4549 sed
2888 4494 3097 4548 labores
3147 4501 3351 4547 tantum
3391 4489 3662 4544 laboribus

2078 4586 2455 4664 adjicias’.Ut
2479 4591 2620 4646 enim
2667 4589 2786 4645 illos
2817 4587 2982 4656 magis
3009 4587 3411 4654 perstringeret,
3453 4590 3666 4650 tempus

2083 4688 2254 4756 ipsum
2281 4686 2430 4755 quasi
2456 4683 2745 4737 animatum
2767 4689 2822 4734 et
2843 4679 3028 4732 ltesum
3055 4675 3281 4740 induxit,
3307 4682 3494 4729 contra
3520 4673 3667 4740 ipsos

2081 4779 2317 4833 clamans
2345 4777 2414 4831 ob
2441 4773 2766 4845 superfluam
2793 4769 3110 4826 molestiam.
3150 4767 3284 4822 Nam
3326 4764 3467 4830 diem
3507 4777 3666 4818 acce-

2083 4870 2228 4940 pisti,
2255 4878 2314 4924 ut
2339 4883 2459 4938 quae
2486 4867 2552 4921 ad
2581 4865 2754 4934 ipsum
2782 4863 3047 4933 pertinent
3069 4875 3244 4915 cures.
3267 4858 3376 4912 Cur
3397 4857 3672 4926 sequentis

2084 4962 2188 5017 diei
2217 4975 2376 5016 curas
2404 4958 2504 5028 ipsi
2531 4956 2752 5026 adjicis?
2777 4969 2955 5008 annon
2982 4951 3251 5007 sufficiens
3287 4949 3387 5019 ipsi
3425 4956 3508 5003 est
3536 4963 3674 5002 onus

2085 5053 2384 5110 sollicitudo
2423 5051 2545 5107 sui?
2582 5065 2681 5104 cur
2717 5063 2845 5116 ergo
2890 5045 2963 5100 illi
3014 5043 3186 5112 majus
3223 5040 3454 5111 imponis
3496 5037 3676 5093 onus?

2085 5147 2218 5202 Cum
2258 5155 2435 5199 autem
2463 5142 2760 5211 Legislator
2787 5141 2854 5193 sit
2885 5139 2930 5192 is
2955 5137 3044 5206 qui
3076 5137 3155 5190 sic
3191 5134 3447 5204 loquitur,
3475 5141 3530 5187 et
3560 5131 3678 5200 ipse

2087 5238 2156 5292 de
2197 5235 2350 5291 nobis
2370 5233 2703 5304 judicaturus
2733 5230 2822 5295 sit,
2869 5228 3040 5298 cogita
3085 5241 3242 5296 quam
3287 5224 3482 5299 bonam
3520 5221 3680 5276 nobis

2089 5345 2239 5400 spem
2267 5336 2546 5396 preponat,
2569 5339 2690 5378 cum
2717 5323 2830 5391 ipse
2856 5321 3186 5383 testificetur,
3215 5315 3353 5372 hanc
3373 5316 3532 5369 vitam
3556 5328 3680 5367 esse

2091 5423 2340 5478 miseram
2371 5429 2426 5474 et
2466 5417 2808 5479 laboriosam,
2843 5413 2916 5468 ita
2944 5421 3004 5467 ut
3031 5411 3188 5466 unius
3230 5407 3332 5463 diei
3372 5403 3680 5462 sollicitudo

2092 5514 2322 5572 sufficiat
2341 5512 2409 5567 ad
2427 5509 2773 5565 afflictionem
2793 5504 3276 5572 eontritionemque
3300 5507 3559 5555 nostram.
3582 5497 3681 5550 At.-

2160 5735 2177 5765 ί
2209 5730 2320 5787 Alii,
2344 5743 2437 5779 non
2459 5727 2655 5790 rapinas
2677 5721 2919 5790 signiﬁcat
2938 5733 3090 5790 neque
3112 5715 3453 5790 prmcipatusa

2161 5796 2184 5828 ³
2213 5781 2428 5855 Quidam,
2444 5781 2530 5843 sed
2555 5781 2748 5853 insuper
2771 5781 3048 5851 cupiditatis
3069 5781 3282 5834 laborem
3301 5781 3524 5847 adiicias.
