4038 6364
211 356 317 408 5θῦ

209 468 485 539 στεριττῶν
512 469 663 538 ἡμᾶς
678 466 1064 531 ἀπαλλάττειν,
1092 468 1306 540 καὶτῆς
1331 470 1466 541 πρὸς
1492 471 1590 542 τήν
1616 471 1722 540 γῆν
1745 488 1886 543 συμ-

209 552 467 615 παθείας.
506 552 603 603 Διὰ
634 551 791 604 τοῦτο
820 553 915 603 καὶ
948 551 1057 605 τῶν
1092 551 1319 605 ἐθνικῶν
1352 553 1774 622 ἐμνημόνευσεν,
1810 558 1885 607 εί-

1240 353 1305 409 ΙΝ
1348 353 1763 413 MATTIUEUM
1806 355 2038 413 HOMIL.
2083 360 2247 415 XXII.
2286 364 2359 419 al.
2402 362 2591 419 XXIII.
3554 345 3660 399 ὅθί

2061 475 2123 528 δ’.
2167 478 2380 530 Κακίαν
2435 479 2491 531 δὲ
2530 475 2765 531 ἐνταῦθά
2798 491 2982 545 φησιν,
3014 472 3073 525 οὑ
3103 469 3200 540 τὴν
3240 464 3526 536 πονηρίαν,
3583 462 3659 533 μὴ

1989 558 2218 624 γένοιτο,
2263 560 2399 615 ἀλλά
2430 561 2528 631 τὴν
2558 558 2927 629 ταλαιπωρίαν
2963 556 3055 609 καὶ
3086 552 3178 606 τὸν
3228 549 3387 602 πόνον
3418 548 3513 599 καὶ
3558 545 3659 607 τὰς

210 639 329 693 πὼν
362 638 449 691 ὅτι
478 637 549 689 τὰ
576 636 705 707 ἔθνη
733 636 985 706 ἐπιζητεῖ
1003 635 1197 696 ταῦτα,
1228 632 1309 699 οἷς
1337 639 1365 690 ό
1395 638 1552 700 πόνος
1578 636 1723 701 ἄπας
1749 640 1888 694 κατά
1991 643 2307 712 συμφοράς·
2332 630 2521 713 ῶσπερ
2553 640 2646 696 οὖν
2681 643 2774 695 καὶ
2798 638 3030 710 ἀλλαχοῦ
3064 654 3229 708 φησιν
3257 651 3271 665 ·
3299 634 3364 685 El
3389 633 3521 686 ἐστι
3551 630 3657 713 xa-

206 722 301 776 τὸν
338 721 587 791 παρόντα
624 720 759 788 βίον,
788 716 868 782 οίς
898 720 1055 788 λόγος
1069 720 1244 782 οὐδεὶς
1264 721 1395 789 περὶ
1427 720 1533 772 τῶν
1564 720 1885 791 μελλόντων,

205 806 327 859 οὐδὲ
358 805 536 857 ἔννοια
564 804 673 855 τῶν
696 802 957 872 οὐρανῶν.
1007 804 1163 873 ’Υμῖν
1206 803 1262 855 δέ
1292 803 1412 873 οὐχὶ
1462 803 1636 857 ταῦτά
1666 806 1780 857 ἐστι
1817 805 1885 859 τά

204 888 621 959 προηγούμενα,
652 888 769 941 ἀλλ’
794 888 977 956 ἕτερα.
1011 887 1087 940 Οὑ
1114 886 1223 959 γάρ
1254 887 1342 939 διὰ
1374 886 1532 940 τοῦτο
1564 888 1883 958 ἐγενόμεθα,

205 973 294 1026 ἵνα
324 972 592 1043 φάγωμεν
617 972 714 1025 καὶ
746 971 963 1042 πίωμεν
989 972 1085 1025 καὶ
1124 971 1549 1043 περιϐαλώμεθα
1571 974 1611 1026 ⁸.
1654 972 1769 1026 ἁλλ’
1798 974 1884 1027 ἵνα

203 1058 498 1128 ἀρέσωμεν
522 1056 651 1127 θεῷ,
681 1057 774 1109 καὶ
794 1056 902 1111 τῶν
930 1057 1231 1126 μελλόντων
1262 1060 1608 1129 ἐπιτύχωμεν
1639 1056 1880 1127 ἀγαθῶν.

205 1142 423 1213 Ὠσπερ
456 1136 549 1194 οῦν
578 1142 637 1192 ἐν
674 1142 741 1211 τῇ
778 1140 981 1211 σπουδῇ
1020 1141 1273 1210 πάρεργα
1298 1142 1494 1206 ταῦτα,
1529 1140 1673 1194 οὑτω
1710 1142 1802 1194 καὶ
1826 1142 1883 1193 ἐν

202 1226 270 1295 τῇ
300 1225 519 1295 αἰτήσει
539 1223 793 1295 πάρεργα
820 1222 979 1277 ἔστω.
1000 1224 1099 1277 Διά
1128 1224 1398 1279 τοῦτοκαὶ
1428 1225 1581 1293 έλεγε
1602 1242 1616 1253 ·
1649 1224 1883 1291 Ζητεῖτε

203 1309 321 1377 τὴν
343 1310 678 1373 ,βασιλείαν
691 1307 812 1362 τῶν
832 1308 1126 1376 οὐρανῶν,
1154 1310 1458 1364 καὶταῦτα
1478 1311 1674 1363 πάντα
1698 1324 1882 1377 προσ-

202 1393 517 1459 τεθήσεται
539 1393 703 1461 ὐμῖν.
728 1392 834 1445 Kal
850 1393 949 1445 οὑκ
980 1388 1124 1456 εἶπε,
1146 1393 1465 1465 Δοθήσεται,
1499 1394 1657 1457 ἀλλὰ,
1688 1398 1883 1461 Προσ-

200 1478 539 1544 τεθήσεται,
575 1477 662 1530 ἵνα
696 1476 894 1547 μάθῃς,
931 1476 1011 1529 ὅτι
1040 1476 1192 1529 οὐδὲν
1230 1477 1371 1547 μέγα
1401 1477 1420 1507 ⁷
1450 1477 1560 1529 τῶν
1589 1476 1880 1545 διδομένων

200 1562 267 1613 τὰ
304 1561 555 1631 παρόντα
592 1560 710 1613 ἐστὶ
746 1560 883 1630 πρὸς
927 1560 986 1611 τὸ
1020 1558 1248 1629 μέγεθος
1279 1560 1387 1612 τῶν
1419 1559 1743 1628 μελλόντων.
1780 1559 1877 1613 Διά

197 1643 260 1713 δὴ
282 1643 449 1696 τοῦτο
475 1644 594 1696 οὑδὲ
623 1645 793 1695 αἰτεῖν
815 1642 957 1695 αὑτά
980 1642 1211 1704 κελεύει,
1242 1642 1357 1696 ἀλλ’
1375 1645 1543 1695 αίτεῖν
1563 1644 1660 1712 μὲν
1690 1643 1874 1715 ἐτερα,

196 1726 425 1799 θαρρεῖν
446 1727 503 1780 δὲ
525 1726 599 1789 ὡς
625 1727 721 1779 καὶ
750 1726 957 1780 τούτων
980 1727 1209 1790 ἐκείνοις
1235 1728 1692 1799 προστιθεμένων.
1712 1729 1873 1798 Ζήτει

196 1814 377 1866 τοίνυν
405 1812 477 1865 τά
507 1811 796 1882 μέλλοντα,
822 1812 918 1864 καὶ
938 1810 1085 1882 λήψῃ
1109 1810 1203 1864 καὶ
1222 1812 1291 1865 τὰ
1312 1812 1556 1882 παρόντα
1578 1829 1590 1840 ’
1618 1812 1691 1883 μή
1722 1812 1873 1881 ζήτει

192 1894 263 1947 τὰ
290 1895 573 1967 ὁρώμενα,
602 1896 697 1948 καὶ
724 1894 941 1958 πάντως
961 1894 1141 1947 αὑτῶν
1170 1894 1445 1967 ἐπιτεύξῃ.
1480 1897 1589 1949 Καὶ
1615 1896 1721 1967 7&9
1745 1896 1876 1950 &v&-

192 1978 307 2041 ξιόν
341 1995 439 2031 σου
478 1978 539 2031 τὸ
572 1979 700 2048 περί
752 1978 1010 2032 τοιούτων
1054 1978 1337 2049 προσιέναι
1372 1979 1448 2049 τῷ
1493 1979 1751 2050 δεσπότῃ.
1814 1980 1874 2033 '0

192 2056 303 2127 7&9
326 2057 429 2126 τὴν
479 2058 697 2112 ἃπασαν
737 2058 971 2129 σπουδήν
1006 2059 1099 2111 καὶ
1147 2058 1246 2129 τὴν
1281 2059 1549 2129 μέριμναν
1597 2059 1737 2131 ὑπὲρ
1766 2059 1874 2112 τῶν

188 2140 530 2210 ἀπορρήτων
558 2139 777 2208 ἀγαθῶν
812 2141 1039 2195 ἐκείνων
1068 2141 1298 2210 ὀφείλων
1344 2141 1635 2206 ποιεῖσθαι,
1670 2143 1873 2213 σφόδρα

191 2223 423 2277 σεαυτὸν
458 2223 860 2293 καταισχύνεις,
894 2225 973 2287 είς
1002 2224 1101 2293 τήν
1132 2223 1241 2277 τῶν
1272 2223 1503 2296 ῥεόντων
1535 2227 1874 2295 πραγμάτων

189 2304 494 2375 ἐπιθυμίαν
519 2305 932 2359 καταναλίσκων
952 2306 1124 2376 αὑτήν
1139 2306 1179 2358 ³.
1211 2305 1336 2370 Πῶς
1352 2301 1445 2358 οὖν
1468 2322 1481 2370 ;
1508 2306 1672 2375 φησίν
1689 2307 1710 2337 ⁹
1735 2323 1749 2338 ⁸
1773 2308 1873 2361 οὑκ

189 2386 447 2439 ἐκέλευσε
492 2387 583 2440 τὸν
630 2388 795 2459 ἄρτον
839 2390 1044 2453 αίτεῖν;
1096 2388 1257 2441 Ἀλλά
1283 2429 1298 2453 ,
1370 2389 1483 2443 Τόν
1519 2390 1869 2453 ἐπιούσιον,

190 2469 527 2542 προσέθηκε,
558 2472 651 2525 καὶ
674 2471 851 2542 τούτῳ
873 2473 1035 2527 πάλιν
1066 2473 1150 2534 τὸ.
1177 2472 1472 2543 σήμερον
1502 2475 1639 2545 ὅπερ
1659 2472 1753 2528 οὖν
1778 2476 1872 2529 καί

187 2554 428 2608 ἐνταῦθα
475 2557 640 2610 ποιεῖ.
684 2554 758 2607 υὺ
807 2555 916 2627 7&9
951 2551 1095 2619 εἶπε,
1130 2555 1214 2627 Μὴ
1259 2558 1670 2629 μεριμνήσητε⁹
1712 2558 1869 2624 ἀλλὰ,

188 2637 285 2705 Μὴ
311 2638 725 2707 μεριμνήσητε
753 2638 905 2709 ὑπὲρ
926 2637 1035 2706 τῆς
1060 2640 1296 2708 αὔριον·
1315 2639 1453 2710 ὁμοῦ
1482 2642 1576 2694 καὶ
1602 2641 1699 2713 τὴν
1723 2643 1872 2695 ἐλευ-

191 2722 378 2792 θερίαν
417 2724 554 2792 ήμῖν
600 2722 880 2793 παρέχων,
922 2723 1016 2776 καὶ
1044 2724 1145 2794 τήν
1183 2723 1360 2794 ψυχὴν
1392 2724 1548 2794 ήμῶν
1580 2726 1869 2797 προσηλῶν

187 2810 301 2869 τοῖς
344 2805 814 2877 άναγκαιοτέροις.
850 2806 961 2859 Kal
988 2805 1097 2877 7&9
1131 2806 1225 2860 καὶ
1260 2808 1303 2838 ⁸ο
1339 2810 1522 2862 ἐκεῖνα
1569 2811 1741 2862 αἰτεῖν
1781 2811 1868 2865 διὰ

186 2889 351 2944 τοῦτο
378 2890 688 2953 ἐκέλευσεν,
716 2889 816 2960 οὐχ
866 2887 943 2952 ὼς
990 2888 1084 2942 τοῦ
1115 2889 1250 2942 Θεοῦ
1297 2889 1557 2960 δεομένου
1601 2893 1701 2961 τῆς
1736 2894 1866 2961 παρ’

188 2974 349 3044 ἡμῶν
384 2973 771 3043 ὑπομνήσεως,
825 2973 943 3026 ἀλλ’
992 2973 1081 3025 ἴνα
1124 2972 1412 3043 μάθωμεν,
1447 2976 1528 3028 ὅτι
1578 2976 1715 3046 μετὰ
1768 2978 1867 3047 τῆς

190 3056 358 3110 αὑτοῦ
413 3056 669 3128 βοηθείας
717 3056 1091 3129 κατορθοῦμεν
1130 3059 1273 3129 άπερ
1306 3060 1372 3111 ἂν
1405 3059 1864 3132 κατορθώσωμεν,

190 3141 283 3194 καὶ
329 3141 417 3194 ῖνα
466 3140 838 3212 οίκειωθῶμεν
863 3144 931 3212 τῇ
977 3145 1193 3212 συνεχεῖ
1238 3144 1368 3213 περί
1395 3142 1601 3197 τούτων
1627 3146 1863 3217 αἰτήσει.

186 3222 341 3288 Εὸες
370 3224 492 3287 πῶς
520 3226 614 3277 καὶ
631 3222 883 3278 ἐντεῦθεν
909 3224 1511 3298 έπεισεν,ὃτιλήψονται
1539 3229 1606 3281 τά
1624 3231 1867 3300 παρόντα

187 3310 450 3373 πάντως;
488 3308 547 3361 '0
580 3306 690 3378 7&9
713 3308 782 3362 τὰ
824 3306 995 3377 μείζω
1019 3308 1299 3379 παρέχων,
1339 3310 1519 3381 πολλῷ
1557 3311 1755 3381 μᾶλλον
1797 3313 1867 3366 τὰ

186 3392 398 3446 ἐλάττω
435 3390 620 3445 δώσει.
659 3392 735 3444 Οὑ
766 3392 876 3462 7&9
917 3391 1006 3445 διά
1046 3391 1226 3457 τοῦτο,
1257 3394 1443 3463 φησὶν,
1473 3390 1625 3447 εἷπον
1656 3396 1729 3466 μὴ
1774 3413 1867 3465 με-

187 3478 411 3549 ριμνᾷν,
447 3476 583 3547 μηδὲ
613 3478 807 3542 αίτεῖν,
839 3475 926 3529 ἴνα
968 3476 1351 3549 ταλαιπωρῆτε
1388 3480 1484 3532 καὶ
1517 3480 1714 3549 γυμνοί
1764 3499 1864 3533 πε-

186 3560 505 3633 ριέρχησθε,
554 3560 669 3614 ἀλλ’
711 3560 799 3615 ἵνα
845 3562 941 3613 καὶ
987 3560 1194 3614 τούτων
1233 3562 1290 3613 ἐν
1319 3561 1552 3634 ἀφθονίᾳ
1588 3560 1718 3635 ἦτε’
1746 3564 1774 3617 ὃ
1800 3565 1865 3636 δὴ

187 3644 427 3715 μάλιστα
461 3640 610 3715 [279]
640 3642 856 3696 πάντων
889 3644 1071 3696 ἰκανὸν
1102 3639 1169 3715 ἦν
1200 3645 1398 3709 αὐτοὺς
1442 3647 1861 3716 ἐφελκύσασθαι.

185 3728 399 3798 Ὥσπερ
426 3722 520 3779 οῦν
544 3726 638 3778 ἐπὶ
660 3726 757 3796 τῆς
782 3725 905 3797 ἐλεη
916 3725 1153 3795 μοσύνης
1177 3727 1501 3797 ἀποτρέπων
1523 3729 1720 3792 αὐτοὺς
1745 3732 1864 3785 ἐπι-

180 3808 497 3863 δείκνυσθαι
533 3811 646 3872 τοῖς
676 3807 1005 3879 ἀνθρώποις,
1040 3808 1215 3880 τούτῳ
1260 3810 1496 3880 μάλιστα
1535 3811 1740 3873 ἔπειθε,
1787 3812 1865 3883 τῷ

183 3893 326 3965 μετὰ
358 3892 606 3956 πλείονος
640 3891 772 3944 αὑτὸ
804 3894 843 3923 ¹¹
870 3892 1131 3963 παρέξειν
1163 3892 1499 3964 ὑποσχέσθαι
1528 3898 1627 3965 τῆς
1662 3895 1866 3964 φιλοτι-

183 3978 314 4047 μίας
340 3976 528 4039 αὑτοῖς
552 3994 565 4006 ·
599 3975 686 4045 ('0
717 3976 828 4045 γὰρ
850 3976 1055 4046 Πατήρ
1087 3994 1226 4043 σου,
1253 3978 1441 4049 φησὶν,
1477 3982 1509 4034 ὁ
1526 3980 1775 4043 ,ϐλέπων
1795 3980 1865 4034 ἐν

182 4059 263 4126 τῷ
287 4057 558 4128 κρυπτῷ,
586 4058 887 4113 ἀποδώσει
919 4076 1017 4113 σοι
1043 4061 1113 4113 ὲν
1140 4059 1221 4125 τῷ
1248 4060 1485 4130 φανερῷ
1510 4063 1548 4133 ’)
1582 4062 1724 4116 οὕτω
1768 4065 1863 4117 καὶ

181 4143 415 4197 ἐνταῦθα
450 4142 702 4211 ἀφέλκων
733 4144 933 4206 αὑτοὺς
961 4143 1055 4197 τοῦ
1099 4143 1172 4216 μὴ
1207 4143 1389 4215 ζητεῖν
1416 4145 1574 4211 αὑτὰ,
1606 4147 1781 4217 τούτῳ
1818 4148 1861 4177 ¹²

182 4226 421 4295 μάλιστα
452 4226 652 4293 πείθει,
697 4226 777 4296 τῷ
812 4226 886 4297 μὴ
913 4226 1135 4296 ζητοῦσι
1170 4227 1308 4297 μετά
1356 4228 1598 4292 πλείονος
1629 4229 1862 4299 ὑποσχέ-

181 4309 303 4363 σθαι
340 4309 605 4379 παρέχειν
652 4310 751 4379 τῆς
794 4310 1130 4379 περιουσίας.
1161 4311 1259 4363 Διά
1286 4310 1393 4381 7&9
1435 4310 1592 4364 τοῦτο
1626 4311 1855 4377 κελεύω,

180 4395 335 4463 φησὶ,
368 4393 445 4464 μὴ
476 4393 680 4463 ζητεῖν,
708 4393 807 4463 οὑχ
837 4393 924 4446 ῖνα
965 4394 1041 4465 μὴ
1071 4394 1264 4468 λάϐῃς,
1299 4394 1415 4448 ἀλλ’
1443 4396 1532 4448 ἵνα
1560 4395 1731 4467 λάϐῃς
1765 4396 1858 4451 δα-

177 4477 350 4545 ψιλῶς
369 4494 382 4507 ·
412 4476 501 4529 ἵνα
538 4475 711 4547 λάϐῃς
746 4480 886 4547 μετά
910 4476 1006 4531 τοῦ
1037 4495 1117 4531 σοι
1157 4480 1525 4549 προσήκοντος
1556 4482 1855 4550 σχήματος,

181 4560 317 4631 μετὰ
333 4560 436 4630 τῆς
468 4559 819 4631 ἁρμοζούσης
836 4578 918 4614 σοι
946 4561 1284 4626 λυσιτελείας
1304 4579 1319 4594 ·
1348 4563 1437 4616 ίνα
1457 4562 1531 4633 μὴ
1554 4564 1856 4633 μεριμνῶν,

181 4645 313 4716 μηδὲ
339 4643 665 4715 σχιζόμενος
698 4646 779 4708 είς
799 4646 901 4716 τὴν
929 4645 1136 4699 τούτων
1166 4647 1451 4718 φροντίδα,
1474 4644 1691 4709 ἀνάξιον
1727 4663 1858 4697 σαυ-

174 4730 264 4783 τδν
292 4730 390 4783 καὶ
415 4728 624 4782 τούτων
652 4728 878 4783 καὶτῶν
919 4730 1309 4802 πνευματικῶν
1346 4733 1698 4802 καταστήσῃς
1717 4747 1731 4759 ·
1769 4730 1858 4783 ἵνα

177 4816 251 4885 μὴ
272 4813 657 4884 ταλαιπωρίαν
681 4813 942 4886 περιττήν
970 4814 1292 4888 ὑπομείνῃς,
1322 4816 1416 4868 καὶ
1436 4813 1530 4867 τοῦ
1560 4812 1858 4887 προκειμέ-

172 4913 264 4948 νου
291 4897 463 4951 πάλιν
484 4896 743 4967 ἐκπέσῃς.
774 4898 873 4968 Μὴ
894 4893 1009 4953 οὖν
1027 4899 1437 4968 μεριμνήσητε
1459 4896 1719 4967 περὶτῆς
1749 4898 1855 4951 αὕ-

166 4997 322 5046 ριον.
358 4981 633 5051 Ἄρκετὸν
666 4985 777 5051 γὰρ
807 4982 885 5051 τῇ
922 4982 1112 5052 ήμέρςι
1140 4986 1178 5051 ή
1204 4983 1385 5037 κακία
1405 4981 1596 5048 αὐτῆς
1616 4998 1630 5010 ·
1668 4982 1853 5033 τουτέ-

176 5076 309 5124 στιν,
344 5061 379 5130 ή
406 5060 753 5132 ταλαιπωρία
772 5062 840 5127 ⁸⁸,
870 5064 903 5134 ἡ
938 5063 1220 5133 συντριϐή.
1258 5063 1372 5117 Οὐκ
1396 5062 1556 5133 ἀρκεῖ
1589 5078 1671 5114 σοι
1699 5060 1761 5113 τὸ
1792 5061 1852 5114 ἐν

175 5141 356 5211 ἱδρῶτι
372 5142 471 5196 τοῦ
485 5143 781 5213 προσώπου
804 5162 898 5199 σου
917 5145 961 5178 ³⁸
990 5146 1197 5200 ἐσθίειν
1221 5144 1312 5199 τὸν
1345 5146 1509 5217 ἄρτον
1543 5162 1635 5198 σου
1654 5164 1669 5210 ;
1686 5145 1740 5197 τί
1758 5144 1851 5197 καὶ

174 5228 366 5299 ἑτέραν
410 5229 725 5299 προστιθεῖς
752 5230 851 5301 τὴν
880 5230 989 5283 ἀπὸ
1012 5231 1113 5299 τῆς
1141 5229 1424 5300 φροντίδος
1456 5229 1848 5299 ταλαιπωρίαν,

176 5311 383 5380 μέλλων
406 5312 595 5366 λοιπὸν
620 5313 717 5365 καὶ
744 5314 853 5367 τῶν
872 5315 1155 5385 προτέρων
1182 5312 1515 5369 ἀπολύεσθαι
1542 5313 1754 5378 κόπων;

1988 726 2088 777 κία
2118 726 2187 777 ἐν
2209 728 2403 788 πόλει,
2438 712 2517 793 ἢν
2550 727 2763 794 Κύριος
2786 725 2896 776 οὐκ
2924 720 3211 787 ἐποίησεν
3234 734 3250 780 ;
3280 716 3379 785 οὑχ
3406 712 3660 784 ἁρπαγὰς

1985 808 2180 875 λέγων,
2228 810 2349 861 οὑδέ
2385 808 2698 873 πλεονεξίας
2751 808 2816 869 ⁸⁸,
2851 805 2950 857 οὑκ
2985 803 3112 857 ἄλλο
3156 818 3208 854 τι
3248 799 3355 851 τῶν
3402 795 3660 850 τοιούτων

1985 892 2159 957 οὐδὲν,
2194 892 2329 945 άλλά
2357 893 2456 955 τὰς
2491 892 2696 947 ἄνωθεν
2733 888 3038 961 φερομένας
3068 884 3303 955 πληγάς.
3337 882 3447 936 Kal
3472 880 3657 941 πάλιν,

2000 976 2165 1039 Ἐγὼ,
2198 977 2352 1045 φησὶ,
2387 973 2577 1028 ποιῶν
2604 976 2853 1042 εῖρήνην
2876 972 2975 1025 καὶ
2998 969 3206 1030 κτίζων
3236 967 3411 1021 κακά.
3448 964 3584 1017 Οὑδέ
3611 962 3657 1045 ’ξ

1984 1058 2095 1129 γὰρ
2129 1044 2361 1112 ἐνταῦθα
2389 1060 2489 1130 τήν
2525 1059 2725 1112 κακίαν
2772 1056 2960 1127 φησὶν,
3001 1054 3137 1108 ἀλλὰ
3170 1055 3296 1116 τοὺς
3328 1049 3520 1120 λιμοὺς
3566 1044 3658 1098 καὶ

1984 1144 2107 1205 τοὺς
2126 1142 2367 1212 λοιμοὺς,
2392 1142 2460 1195 τὰ
2488 1141 2745 1195 δοκοῦντα
2775 1138 2914 1194 εἶναι
2939 1140 3085 1193 κακά
3119 1139 3268 1209 παρὰ
3292 1137 3404 1198 τοῖς
3418 1130 3649 1192 πολλοῖς.

1988 1225 2149 1287 Ἐθος
2186 1228 2295 1296 γάρ
2314 1228 2427 1288 τοῖς
2464 1226 2681 1289 πολλοῖς
2710 1226 2773 1278 τὸ
2806 1226 2845 1255 ¹⁷
2875 1224 3049 1276 ταῦτα
3078 1223 3257 1291 λέγειν
3297 1218 3464 1277 κακά.
3498 1214 3656 1270 Οὕτω

1983 1314 2113 1383 γοῦν
2146 1315 2240 1368 καὶ
2271 1316 2320 1367 οἰ
2361 1315 2470 1367 τῶν
2513 1314 2677 1367 πέντε
2713 1314 3060 1384 σατραπειῶν
3103 1312 3324 1364 ἐκείνων
3362 1308 3526 1375 ἱερεῖς
3559 1302 3656 1356 καὶ

1985 1398 2228 1466 μάντεις,
2264 1398 2426 1466 ἡνίκα
2455 1397 2553 1459 τὰς
2580 1396 2705 1466 βοῦς
2734 1393 3130 1460 ὑποζεύξαντες
3150 1396 3215 1464 τῇ
3245 1390 3461 1459 κιϐωτῷ
3484 1386 3654 1457 χωρὶς

1979 1482 2090 1535 τῶν
2122 1480 2407 1551 δαμάλεων
2447 1481 2667 1548 ἀφῆκαν
2710 1479 2966 1550 βαδίζειν,
3001 1479 3197 1531 κακίαν
3226 1478 3326 1539 τὰς
3358 1472 3651 1542 θεηλάτους

1983 1564 2209 1617 ἐκάλουν
2240 1561 2453 1631 πληγὰς
2482 1562 2716 1625 ἐκείνας,
2755 1563 2850 1614 καὶ
2886 1561 2983 1631 τὴν
3008 1560 3066 1623 ἐξ
3087 1559 3266 1613 αὑτῶν
3297 1556 3534 1627 ἀθυμίαν
3561 1552 3653 1605 καὶ

1982 1647 2173 1717 ὀδύνην
2212 1645 2568 1715 ἐγγινομένην
2610 1646 2811 1706 αὑτοῖς.
2853 1646 3024 1698 Τοῦτο
3065 1645 3243 1697 τοίνυν
3292 1646 3385 1695 καὶ
3418 1637 3654 1694 ἐνταῦθα

1982 1728 2134 1799 δηλοῖ
2158 1730 2330 1799 λέγων
2350 1748 2362 1760 ·
2398 1729 2663 1798 Ἀρκετόν
2692 1729 2763 1797 τῇ
2789 1729 2977 1798 ήμέρᾳ
2998 1731 3035 1797 ἡ
3058 1730 3234 1782 κακία
3257 1724 3467 1792 αὐτῆς.
3486 1720 3653 1775 Οὑδὲν

1978 1815 2086 1884 7&9
2111 1813 2285 1876 οὕτως
2303 1812 2523 1880 ἀλγύνει
2542 1812 2740 1882 ψυχὴν,
2766 1812 2841 1873 ὡς
2862 1812 3103 1882 μέριμνα
3120 1812 3212 1863 καὶ
3230 1808 3447 1879 φροντίς
3491 1803 3651 1857 Οῦτω

1976 1902 2069 1950 καὶ
2100 1897 2311 1960 Παῦλος
2341 1900 2421 1959 εἰς
2461 1896 2758 1966 παρθενίαν
2786 1895 2991 1961 ἐνάγων
3040 1892 3388 1945 συνεϐούλευε
3434 1888 3607 1955 λέγων
3629 1901 3645 1914 ⁸

1978 1982 2138 2035 Θέλω
2164 1981 2233 2034 δὲ
2254 1980 2409 2051 ὑμᾶς
2440 1981 2801 2048 ἀμερίμνους
2830 1973 3001 2030 εἶναι.
3033 1978 3201 2029 Ὅταν
3233 1975 3289 2028 δὲ
3315 1974 3469 2042 λέγῃ,
3506 1972 3586 2022 ὅτι
3614 1969 3648 2037 ἡ

1978 2066 2165 2136 αῠριον
2221 2065 2549 2135 μεριμνήσει
2577 2063 2706 2131 περὶ
2761 2062 2979 2130 ἐαυτῆς,
3021 2061 3120 2129 οὑχ
3170 2060 3245 2122 ὼς
3293 2059 3390 2127 τῆς
3438 2055 3653 2126 ἡμέρας

1980 2145 2333 2220 μεριμνώσης
2358 2146 2533 2199 ταῦτά
2558 2162 2745 2215 φησιν,
2782 2143 2895 2197 ἀλλ’
2925 2144 3113 2214 ἐπειδὴ
3151 2142 3287 2212 πρὸς
3320 2141 3488 2209 δῆμον
3522 2140 3649 2192 ἀτε-

1976 2230 2228 2301 λέα-τερον
2252 2232 2280 2282 ό
2308 2228 2463 2296 λόγος
2496 2224 2563 2299 ἦν
2607 2226 2777 2298 αὑτῷ,
2816 2226 3135 2297 βουλόμενος
3172 2221 3651 2297 ἐμφαντικώτερον

1976 2314 2201 2383 ποιῆσαι
2225 2313 2284 2365 τὸ
2305 2312 2620 2382 λεγόμενον,
2642 2313 3135 2381 προσωποποιεῖται
3150 2309 3242 2361 τὸν
3266 2305 3475 2377 καιρὸν,
3502 2302 3647 2357 κατὰ

1973 2396 2071 2466 τήν
2097 2397 2203 2448 τῶν
2253 2395 2461 2448 πολλῶν
2506 2393 2791 2464 συνήθειαν
2834 2391 3202 2463 φθεγγόμενος
3245 2388 3382 2460 πρὸς
3428 2386 3644 2450 αὑτούς.

1966 2478 2084 2533 ’Καὶ
2118 2479 2355 2533 ἐνταῦθα
2394 2478 2491 2549 μὲν
2523 2475 2904 2548 συμϐουλεύει,
2941 2475 3145 2547 προῖὼν
3176 2475 3231 2528 δέ
3257 2473 3388 2527 αὑτὸ
3427 2472 3521 2526 καὶ
3560 2489 3647 2524 νο-

1978 2564 2195 2634 μοθετεῖ
2240 2562 2413 2629 λέγων
2438 2579 2451 2593 ·
2498 2560 2596 2627 Μὴ
2638 2560 2950 2627 κτήσησθε
2980 2558 3254 2627 χρυσίον,
3279 2554 3432 2625 μήτε
3462 2554 3651 2622 ἀρτύει

1966 2665 2125 2717 ριον,
2151 2644 2305 2715 μήτε
2332 2644 2533 2711 πήραν
2558 2646 2647 2709 είς
2688 2643 2852 2697 ὀδόν.
2912 2640 3133 2711 Ἐπειδὴ
3158 2638 3266 2710 7&9
3292 2638 3381 2691 διά
3411 2637 3519 2689 τῶν
3552 2637 3645 2707 ἐρ-

1970 2749 2083 2800 γων
2111 2730 2385 2784 αὑτὰ¹⁸·¹⁰
2410 2727 2751 2792 ἐπεδείξατο,
2782 2726 2904 2779 τότε
2931 2724 3115 2777 λοιπὸν
3147 2723 3242 2776 καὶ
3274 2722 3371 2793 τὴν
3412 2722 3519 2775 ἀπὸ
3538 2719 3650 2774 τῶν

1972 2814 2233 2885 ῥημάτων
2271 2813 2480 2880 εἰσάγει
2528 2810 2848 2879 νομοθεσίαν
2896 2807 3285 2878 εὐτονωτέραν,
3338 2807 3426 2859 ὅτε
3459 2807 3503 2838 ²¹
3551 2806 3645 2859 καί¹

1970 2896 2380 2967 εὐπαράδεκτος
2409 2898 2437 2949 ό
2477 2894 2635 2962 λόγος
2679 2893 2917 2959 ἐγένετο,
2951 2894 3061 2953 τοῖς
3103 2891 3283 2962 ἔργοις
3311 2892 3423 2953 τοῖς
3450 2889 3647 2941 ἑαυτοῦ

1972 2980 2237 3051 πρότερον
2278 2977 2615 3049 βεϐαιωθείς.
2666 2975 2779 3030 Ποῦ
2814 2972 2907 3028 οῦν
2954 2975 3123 3038 ἔδειξε
3169 2974 3255 3026 διὰ
3286 2973 3393 3026 τῶν
3431 2973 3644 3043 ἔργων;

1972 3066 2237 3117 ’Ἄκουσον
2263 3062 2413 3134 [2801
2436 3060 2605 3114 αὑτοῦ
2644 3060 2895 3127 λέγοντος
2914 3076 2927 3089 ο
2980 3060 3042 3111 '0
3068 3058 3138 3111 δὲ
3163 3061 3208 3089 ’³
3245 3058 3377 3121 Υἱὸς
3402 3056 3507 3108 τοῦ
3535 3055 3641 3107 ἀν-

1969 3147 2206 3215 θρώπου
2236 3148 2346 3199 οὐκ
2377 3147 2503 3213 ἕχει
2537 3144 2655 3198 ποῦ
2689 3143 2806 3210 τὴν
2828 3142 3105 3211 κεφαλήν
3136 3142 3341 3208 κλίνῃ.
3373 3138 3484 3191 Καὶ
3521 3137 3643 3189 οὑδέ

1968 3232 2143 3303 τούτῳ
2174 3232 2425 3303 ἀρκεῖται
2459 3228 2625 3299 μόνῳ,
2662 3227 2796 3281 ἀλλὰ
2824 3228 2916 3280 καὶ
2938 3229 2993 3279 ἐν
3026 3229 3136 3289 τοῖς
3172 3227 3436 3297 μαθηταῖς
3472 3222 3645 3292 παρέ-

1969 3333 2120 3387 χεται
2163 3316 2262 3385 τὴν
2298 3314 2438 3384 ὑπὲρ
2462 3312 2665 3366 τούτων
2687 3311 2982 3375 ἀπόδειξιν.
3011 3312 3103 3364 καὶ
3129 3309 3327 3370 αὑτοὺς
3344 3306 3484 3359 οὑτω
3508 3323 3640 3375 σχη-

1972 3398 2228 3469 ματίσας,
2261 3398 2355 3449 καὶ
2389 3398 2488 3449 οὑκ
2517 3397 2675 3465 ἀφεὶς
2698 3394 2909 3456 οὐδενὸς
2938 3394 3208 3464 δεηθῆναι.
3241 3393 3439 3445 Σκόπει
3466 3390 3522 3442 δὲ
3547 3390 3643 3441 αὑ-

1967 3482 2060 3536 τοῦ
2086 3483 2179 3535 καί
2203 3483 2302 3553 τὴν
2343 3480 2691 3552 κηδεμονίαν,
2720 3478 2837 3542 πῶς
2861 3478 3067 3548 πατρὸς
3094 3477 3295 3539 παντὸς
3322 3474 3643 3545 ὑπερϐαίνει

1968 3566 2371 3636 φιλοστοργίαν.
2409 3564 2579 3617 Τοῦτο
2625 3563 2733 3633 7&9
2771 3563 2998 3624 κελεύω,
3034 3561 3187 3632 φησὶ,
3215 3561 3281 3614 δι’
3316 3560 3500 3629 ἕτερον
3543 3558 3642 3626 μὲν

1966 3649 2141 3711 οὐδὲν,
2171 3649 2260 3703 ἵνα
2289 3648 2345 3702 δὲ
2370 3648 2515 3718 ὑμᾶς
2544 3646 2837 3712 ἀπαλλάξω
2871 3645 3142 3717 περιττῶν
3170 3642 3485 3714 φροντίδων.
3519 3642 3644 3695 Κᾶν

1966 3733 2073 3804 7&9
2126 3733 2369 3804 σήμερον
2409 3733 2753 3801 μεριμνήσῃς
2783 3730 2923 3802 ὑπὲρ
2962 3729 3065 3798 τῆς
3107 3728 3317 3799 αὔριον,
3351 3729 3444 3779 καὶ
3476 3727 3643 3780 πάλιν

1965 3815 2156 3887 αὔριον
2186 3815 2568 3887 μεριμνήσεις.
2602 3813 2667 3866 Τί
2689 3809 2780 3865 οὖν
2802 3812 2861 3864 τὸ
2884 3812 3137 3883 περιττόν
3161 3829 3175 3875 ;
3201 3811 3269 3863 Τί
3294 3808 3641 3876 καταναγκά-

1965 3900 2077 3964 ζεις
2105 3902 2206 3970 τὴν
2236 3899 2452 3970 ἡμέραν
2482 3896 2644 3949 πλέον
2674 3898 2773 3966 τῆς
2814 3896 3085 3965 συγκεκλη
3098 3894 3347 3965 ρωμένης
3380 3893 3515 3961 αὑτῇ
3546 3908 3642 3945 τα-

1964 3982 2269 4052 λαιπωρίας
2317 3978 2732 4050 καταδέχεσθαι,
2769 3978 2864 4031 καὶ
2904 3977 3043 4048 μετὰ
3073 3977 3183 4029 τῶν
3212 3977 3429 4029 οἰκείων
3459 3975 3643 4027 πόνων

1964 4067 2057 4120 καὶ
2090 4066 2151 4118 τὸ
2175 4065 2275 4135 τῆς
2304 4062 2564 4132 ἐπιούσης
2589 4062 2901 4133 προστιθεῖς
2920 4062 3055 4131 αὑτῇ
3080 4060 3318 4130 φορτίον,
3346 4058 3441 4111 καὶ
3466 4056 3642 4111 ταῦτα

1963 4148 2114 4201 οὐδὲν
2156 4146 2252 4217 τὴν
2278 4146 2469 4216 ἐτέραν
2514 4144 2723 4214 μέλλων
2753 4144 2859 4196 ἀπὸ
2887 4143 2986 4212 τῆς
3020 4142 3336 4212 προσθήκης
3371 4141 3469 4210 τῆς
3498 4156 3642 4208 γινο-

1968 4232 2135 4302 μένης
2162 4232 2207 4261 ⁸³
2247 4228 2647 4296 ἐπικουφίζειν,
2674 4227 2809 4280 ἀλλὰ
2826 4224 3139 4290 πλεονεξίαν
3171 4226 3329 4295 μόνον
3361 4222 3637 4294 περιττῶν

1960 4312 2364 4369 ἐπιδείκνυσθαι
2404 4311 2612 4374 πόνων;
2652 4310 2770 4363 Ἵνα
2813 4309 2919 4380 7&9
2960 4309 3217 4378 μειζόνως
3259 4306 3439 4359 αὐτῶν
3468 4305 3640 4359 καθά-

1958 4398 2149 4469 ψηται,
2191 4394 2474 4467 μονονουχὶ
2496 4394 2587 4446 τὸν
2618 4392 2808 4463 καιρὸν
2833 4392 2995 4444 αὑτὸν
3031 4391 3288 4461 ψυχώσας
3319 4389 3395 4452 ὡς
3422 4388 3639 4441 ἀδικού-

1963 4498 2122 4551 μενον
2144 4480 2375 4547 είσάγει,
2401 4477 2495 4530 καὶ
2512 4476 2866 4530 καταϐοῶντα
2885 4474 3063 4528 αὑτῶν
3083 4474 3230 4545 ὑπὲρ
3246 4474 3344 4543 τῆς
3376 4472 3643 4543 περιττῆς

1960 4562 2243 4634 ἐπηρείας.
2298 4561 2413 4614 Καὶ
2450 4560 2558 4631 7&9
2602 4559 2793 4621 ἔλαϐες
2835 4558 2935 4629 τὴν
2978 4558 3213 4628 ἡμέραν,
3246 4557 3334 4609 ἴνα
3363 4556 3433 4609 τὰ
3466 4555 3638 4623 αὑτῆς

1960 4647 2273 4718 φροντίζῃς.
2326 4644 2483 4707 Τίνος
2534 4639 2626 4696 οῦν
2657 4642 2841 4695 ἕνεκεν
2884 4642 2978 4693 καὶ
3012 4640 3083 4694 τὰ
3127 4645 3225 4711 τῆς
3267 4639 3459 4710 ἐτέρας
3496 4637 3641 4707 αὑτῇ

1960 4729 2305 4800 προστιθεῖς;
2338 4727 2413 4797 μὴ
2438 4725 2547 4795 γὰρ
2562 4725 2663 4777 οὑκ
2680 4722 2887 4794 ἀρκοῦν
2914 4723 3024 4793 ἔχει
3059 4722 3278 4794 φορτίον
3305 4720 3350 4751 ’⁸
3377 4721 3478 4791 τὴν
3509 4721 3638 4772 ἐαυ-

1956 4812 2056 4881 τῆς
2081 4810 2335 4880 φροντίδα
2354 4826 2368 4873 ;
2387 4808 2441 4861 τί
2461 4809 2641 4861 τοίνυν
2665 4805 2833 4877 αὑτὴν
2856 4805 3111 4877 βαρύνεις
3137 4804 3397 4876 μειζόνως
3425 4820 3439 4867 ;
3469 4803 3645 4857 Ὅταν

1959 4895 2016 4947 δὲ
2040 4897 2069 4947 ὁ
2100 4893 2396 4966 νομοθέτης
2418 4893 2591 4946 ταῦτα
2612 4891 2767 4962 λέγῃ,
2797 4890 2891 4942 καὶ
2912 4891 2941 4941 ὁ
2976 4889 3183 4960 μέλλων
3217 4890 3348 4958 ήμῖν
3371 4885 3638 4949 δικάζειν,

1960 4977 2215 5049 ἐννόησον
2250 4978 2365 5041 πῶς
2392 4978 2522 5047 ἡμῖν
2546 4974 2787 5046 χρηστάς
2804 4972 3074 5024 ὑποτείνει
3103 4970 3201 5035 τὰς
3234 4969 3476 5033 ἐλπίδας,
3502 4971 3637 5023 ὅταν

1956 5063 2116 5126 αὑτὸς
2150 5062 2527 5133 μαρτυρῇ,ὄτι
2558 5059 2903 5127 ταλαίπωρος
2945 5058 2973 5109 ὁ
3006 5056 3118 5126 βίος
3164 5050 3317 5118 οὗτος
3367 5054 3461 5108 καὶ
3513 5054 3635 5107 ἐπί-

1961 5146 2180 5216 μοχθος,
2202 5146 2276 5208 ὼς
2301 5148 2394 5197 καὶ
2415 5144 2512 5215 τήν
2539 5142 2638 5212 τῆς
2671 5142 2800 5212 μιᾶς
2825 5140 3039 5211 ἡμέρας
3066 5137 3320 5211 φροντίδα
3345 5138 3534 5209 ἀρκεῖν
3559 5138 3644 5200 εἰς

1956 5229 2018 5283 τὸ
2042 5228 2249 5282 κακοῦν
2295 5228 2444 5299 ἡμᾶς
2495 5228 2588 5280 καὶ
2628 5224 2956 5295 συντρίϐειν.
3000 5224 3045 5255 ³⁸
3092 5222 3233 5274 Ἀλλ’
3267 5222 3416 5290 ὅμως
3449 5220 3638 5273 τοσού-

1956 5331 2065 5366 των
2095 5314 2143 5344 ²⁶
2171 5312 2480 5384 εἰρημένων
2508 5311 2602 5364 καὶ⁴
2631 5307 2990 5380 τηλικούτων,
3025 5308 3187 5377 ﬂuet;
3217 5305 3358 5376 ὑπὲρ
3392 5305 3490 5375 μὲν
3515 5303 3640 5357 τού-

242 5469 264 5499 ⁶
285 5470 743 5555 περιϐριλλώμεθα
773 5472 857 5555 ’Ᾱ.
890 5473 949 5526 F.
981 5471 1128 5555 Ep."
1156 5474 1176 5504 "
1211 5471 1375 5555 μέγα]
1403 5473 1492 5555 Sjc
1517 5473 1557 5525 E
1585 5473 1820 5555 vulgo-9.;

1981 5473 2111 5555 νίίιο.
2131 5471 2360 5555 θάνοι-η
2394 5469 2416 5499 ⁸
2441 5465 2640 5555 έιιέξήν]
2679 5465 2864 5555 303‘-
2884 5554 2887 5555 ,
2907 5464 3072 5555 99sz
3111 5462 3385 5555 ⁸οὲίῖἑεὶιὲ
3418 5460 3638 5555 σὲεξὶτὲγς

176 5538 197 5570 ⁹
218 5542 377 5613 φησὶν
405 5541 507 5613 οὑκ
535 5538 622 5613 om
644 5543 709 5595 A.
733 5542 831 5595 οὐκ
856 5560 966 5597 οιη.
992 5538 1053 5597 ΕΖ
1090 5543 1166 5613 Ep

1174 5585 1187 5595 .
1223 5545 1406 5599 invitis
1433 5545 1669 5613 lnlerpp.

177 5610 320 5686 αὑτῶ
341 5612 519 5686 τούτῳ
539 5611 603 5665 Α.
772 5613 815 5686 ξ’
834 5610 1211 5686 ταλαιπωρία]
1243 5615 1381 5669 Add.
1412 5610 1740 5683 αὑτῆςΊΞιίιῑ.

1750 5545 1820 5595 1οτ

1981 5562 2050 5598 In.
2085 5544 2148 5598 Α.
2182 5542 2243 5596 C.
2324 5542 2361 5570 “
2398 5542 2547 5610 αὐτὸ]
2575 5542 2734 5591 αὑτὸν
2764 5542 2827 5589 Α.
2860 5542 3010 5603 αὑτῴ
3032 5542 3090 5588 ιε.
3171 5542 3216 5564 "
3243 5542 3401 5596 αὑτά,
3438 5542 3636 5609 τούτῳ]

2008 5631 2114 5668 om.
2150 5614 2211 5667 A.
2239 5612 2307 5684 Β.
2334 5610 2395 5663 Ε.
2429 5610 2676 5684 alterum“
2691 5625 2783 5660 σου
2805 5623 2920 5684 οη]ἶ
2953 5609 3017 5662 A.
3055 5604 3155 5684 Ep.
3179 5604 3304 5684 Mm:
3337 5604 3636 5684 προστίίλῃς

2324 5541 2361 5570 ¹¹
2398 5538 2547 5610 αὐτὸ]
2574 5531 2734 5591 αὑτὸν
2764 5542 2827 5589 Α.
2860 5535 3010 5610 αὑτῷ
3032 5536 3094 5610 F_.
3171 5533 3401 5610 ‘_’_aOt&,
3438 5531 3639 5610 τούτῳ]

431 5666 577 5755 ln'fra
609 5699 665 5753 ι).
698 5684 805 5738 ‘280
826 5685 895 5755 Β.
932 5666 1616 5740 Πύοίιιὶιιίιόοιίἰοθεὶηίᾷι·
1641 5666 1820 5754 προστη

1981 5666 2290 5755 προστιθεὶς
2316 5690 2371 5735 οι
2397 5680 2726 5751 προστιθεῖς.
2793 5666 3197 5755 ιίυδπλεονεξίας]
3224 5666 3537 5755 δυναστείας
3569 5666 3629 5723 Β.

183 5750 222 5781 ³⁵
245 5750 399 5819 Οὑδέ]
433 5754 507 5804 Οὑ
538 5750 627 5808 Δί
711 5756 752 5785 ¹⁷
788 5754 849 5807 τὸ
867 5771 977 5810 om.
1009 5757 1070 5809 B.
1094 5757 1155 5809 E.
1188 5756 1247 5809 τὸ
1273 5756 1497 5809 τοιαῦτα
1518 5756 1566 5810 λ.
1595 5774 1648 5808 κ.
1680 5750 1741 5810 Ι).

204 5821 348 5876 Mm.
367 5822 491 5876 ὅθεν
515 5822 611 5877 Ge.
632 5822 765 5879 Mor.
790 5821 923 5879 Ben.
1025 5828 1068 5857 ²¹
1095 5826 1153 5879 δὲ
1181 5842 1292 5881 om.
1328 5828 1461 5881 Edd.

181 5891 287 5967 τίον
319 5894 380 5945 Δ.
400 5889 579 5967 οὗτος]
601 5894 823 5967 οὔτω-Α.
847 5895 980 5952 Illud
1004 5898 1250 5967 legerunt
1282 5897 1520 5967 lnlerpp.

1848 5748 1965 5787 ικέιο
1984 5748 2145 5825 aha]
2178 5754 2268 5808 Sic
2294 5748 2454 5807 codd:
2489 5751 2668 5825 (δεῦε.
2689 5749 2819 5825 αὐτο
2844 5748 2974 5825 litigi.

1566 5828 1612 5859 ’³
1634 5830 1820 5894 ἐπιγινη

1981 5846 2019 5897 ις
2052 5815 2194 5879 ἰδίει
2230 5839 2370 5877 corr.
2404 5838 2513 5876 rec.
2534 5822 2598 5875 Ι).
2629 5836 2776 5897 p._p1
2807 5818 3172 5897 ἐνδείκνυσθαι
3202 5823 3277 5897 Α..
3342 5816 3388 5897 ⁸)
3409 5815 3636 5897 τξὶφορτ

1626 5898 1672 5928 ’⁵
1706 5885 2133 5951 ΙΪΘΙΚΟΝΪὌτι
2166 5894 2245 5946 δεῖ
2273 5895 2419 5963 ἡμᾶς
2460 5885 2843 5963 προαιρεῖσθαι
2871 5888 3197 5963 τδ-ἀγαθόν·
3230 5887 3290 5963 τδ
3317 5885 3425 5958 γὰρ
3450 5885 3568 5940 ὃλον
3601 5885 3636 5938 ὁ

3083 5749 3125 5778 ¹¹
3149 5745 3260 5812 ὅτει
3293 5745 3381 5799 Sic
3399 5745 3531 5798 codd
3577 5750 3635 5799 et

181 5961 305 6031 Θεὸς
360 5959 637 6036 κατορθοῖ⁸
667 5965 762 6019 καὶ
790 5967 921 6038 περί
972 5959 1084 6022 τοῦ
1101 5966 1365 6039 διηνεκῶς
1420 5959 1512 6023 καὶ
1548 5968 1774 6033 ἐντόνως
1807 5969 1979 6021 αἰτεῖν
2007 5967 2096 6021 τὸν
2128 5963 2261 6019 Θεὸν
2295 5959 2363 6019 τὰ
2395 5959 2743 6033 πνευματικά
2769 5963 2833 6016 Α.
2913 5960 2956 5991 ³⁸
2975 5959 3233 6013 τοιούτων
3265 5960 3331 6011 Α.
