4038 6364
417 306 526 362 305

418 438 526 475 των
557 423 930 494 μεριμνῶμεν,
964 423 1102 495 ὑπὲρ
1123 424 1179 477 δὲ
1214 425 1323 480 τῶν
1360 429 1417 480 ἐν
1456 430 1569 491 τοῖς
1589 429 1840 498 οὐρανοῖς
1871 428 2078 488 οὐκέτι,

408 509 536 563 ἀλλ’
573 510 1016 584 ἀπεστρέψαμεν
1057 511 1156 583 τὴν
1183 513 1358 580 τάξιν,
1406 513 1750 586 ἑκατέρωθεν
1786 515 2082 585 μαχόμενοι

417 600 532 660 τοῖς
569 597 897 668 λεγομένοις.
934 600 1132 653 Σκόπει
1169 601 1276 670 γάρ
1301 619 1315 633 ·
1364 603 1439 673 μὴ
1472 603 1682 672 ζητεῖτε
1715 601 1784 656 τὰ
1819 603 2080 674 παρόντα,

420 686 577 756 φησὶ,
612 687 839 740 καθόλου
863 704 876 718 ·
904 689 1062 759 ἡμεῖς
1084 688 1141 741 δὲ
1169 688 1343 742 ταῦτα
1376 690 1646 761 ζητοῦμεν
1664 690 1944 761 διηνεκῶς.
1977 692 2083 760 Ζη-

419 775 562 826 τεῖτε
595 773 662 826 τά
691 773 1008 845 ἐπουράνια,
1046 776 1208 844 φησίν
1233 793 1247 807 ·
1285 779 1445 846 ἡμεῖς
1469 778 1526 830 δὲ
1561 777 1682 830 οὐδὲ
1715 777 1914 848 μικράν
1933 777 2083 848 ὥραν

421 859 606 914 ἐκεῖνα
639 860 927 932 ζητοῦμεν,
954 862 1068 915 ἀλλ’
1101 863 1231 934 ὅσην
1263 863 1401 934 ὑπὲρ
1430 864 1540 916 τῶν
1565 863 1832 934 βιωτικῶν
1849 864 2086 917 ἐπιδεικ-

419 945 628 1016 νύμεθα
658 950 758 1017 τὴν
796 950 1084 1019 μέριμναν,
1127 951 1395 1022 τοσαύτην
1439 952 1498 1003 ἐν
1543 953 1654 1013 τοῖς
1695 955 2084 1021 πνευματικοῖς

419 1035 616 1108 ἔχομεν
649 1037 747 1110 τὴν
773 1040 1090 1111 ὀλιγωρίαν,
1146 1043 1344 1113 μᾶλλον
1387 1043 1444 1096 δὲ
1488 1044 1582 1096 καὶ
1625 1041 1804 1112 πολλῷ
1840 1043 2081 1098 πλείονα.

430 1124 571 1178 Ἀλλ’
588 1127 688 1179 οὐκ
709 1127 795 1179 ἀεὶ
822 1127 990 1180 ταῦτα
1013 1133 1310 1202 προχωρεῖ,
1340 1131 1459 1184 οὐδὲ
1487 1131 1573 1184 ἀεὶ
1593 1131 1766 1184 ταῦτα
1787 1131 2080 1200 ἐνδέχεται.

431 1211 562 1267 Ἰδοὺ
600 1213 731 1267 δέκα
767 1216 981 1286 ἡμέρας
1024 1218 1496 1288 καταφρονοῦμεν.
1549 1219 1656 1272 ίδοὺ
1712 1220 1934 1284 εἴκοσιν,
1974 1220 2082 1272 ίδοὺ

419 1298 615 1355 ἑκατόν
639 1320 650 1332 ·
687 1302 787 1355 οὐκ
825 1303 1037 1373 ἀνάγκη
1090 1307 1309 1368 πάντως
1346 1304 1622 1366 ἀπελθεῖν,
1681 1306 1776 1357 καὶ
1823 1305 2082 1375 ἐμπεσεῖν

418 1385 501 1448 είς
545 1385 642 1447 τάς
672 1387 765 1442 τοῦ
800 1389 1111 1454 δικάζοντος
1148 1395 1370 1462 χεῖρας;
1415 1393 1554 1445 Ἀλλ’
1587 1392 1699 1461 ἔχει
1729 1393 2082 1463 παραμυθίαν

415 1474 450 1542 ἡ
482 1474 737 1546 ἀναϐολή.
769 1477 878 1529 Καὶ⁵
909 1478 1035 1530 ποία
1065 1479 1408 1550 παραμυθία,
1442 1479 1503 1531 τὸ
1526 1479 1648 1531 καθ’
1679 1480 1913 1550 ἑκάστην
1947 1479 2084 1549 ἡμέ-

416 1577 518 1630 ραν
561 1562 865 1633 προσδοκᾷν
915 1563 1137 1618 κόλασιν
1176 1568 1269 1619 καὶ
1313 1566 1620 1638 τιμωρίαν;
1655 1567 1716 1618 Εἰ
1750 1567 1858 1636 γὰρ
1902 1565 2080 1636 βούλει

416 1649 766 1719 παραμυθίαν
791 1651 914 1704 τινά
939 1652 1047 1704 ἀπὸ
1068 1655 1166 1723 τῆς
1195 1653 1469 1723 ἀναϐολῆς
1494 1653 1697 1723 ταύτης
1717 1653 1923 1713 λαϐεῖν,
1944 1653 2072 1706 λάϐε

414 1735 511 1806 τὴν
528 1737 634 1790 ἀπὸ
653 1738 752 1807 τῆς
773 1740 1058 1808 μετανοίας
1089 1740 1470 1812 καρπούμενος
1490 1741 1794 1813 διόρθωσιν.
1829 1741 1938 1793 Καὶ
1969 1741 2076 1812 γὰρ

415 1819 461 1871 εἰ
491 1819 552 1871 τὸ
583 1820 795 1890 μέλλειν
823 1821 920 1891 τὴν
947 1823 1229 1893 τιμωρίαν¹
1248 1824 1576 1894 παραψυχήν
1606 1841 1728 1876 τινα
1763 1817 1900 1876 εἶναι
1928 1824 2079 1892 νομί-

414 1899 546 1964 ζεις,
564 1901 742 1972 πολλῷ
773 1903 969 1973 μᾶλλον
991 1904 1179 1976 κέρδος
1200 1905 1259 1957 τὸ
1285 1905 1363 1975 μὴ
1383 1909 1700 1976 περιπεσεῖν
1729 1909 1794 1976 τῇ
1818 1904 2076 1975 τιμωρία.

414 1983 904 2055 Καταχρησώμεθα
928 1985 1106 2038 τοίνυν
1139 1989 1205 2058 τῇ
1234 1987 1487 2057 μελλήσει
1513 1988 1689 2057 ταύτῃ
1708 1988 1841 2058 πρὸς
1860 1986 1920 2039 τὸ
1941 2003 2078 2037 παν-

414 2065 579 2128 τελῶς
600 2067 978 2137 ἀπαλλαγῆναι
1001 2069 1109 2123 τῶν
1135 2071 1500 2140 ἐπικειμένων
1520 2071 1727 2124 δεινῶν.
1755 2071 1889 2124 Οὐδὲ
1907 2069 2016 2139 γὰρ
2030 2069 2075 2099 ³⁷

407 2152 698 2222 φορτικὸν,
747 2154 867 2206 οὐδὲ
908 2155 1144 2225 ἐπαχθές
1193 2173 1244 2209 τι
1283 2158 1392 2210 τῶν
1441 2157 1843 2228 ἐπιταχθέντων
1896 2155 2074 2209 ἐστίν⁶

412 2237 526 2291 ἀλλ’
559 2239 734 2304 οὕτως
768 2239 924 2312 [281]
958 2241 1156 2296 εὔκολα
1190 2244 1366 2297 πάντα
1390 2247 1483 2297 καὶ
1513 2245 1690 2316 ῥᾴδια,
1722 2245 1797 2308 ὡς
1814 2244 2076 2316 προαίρε-

413 2343 496 2380 σιν
543 2327 702 2398 μόνον
747 2329 793 2360 ’⁸
834 2331 1244 2398 εἰσενεγκόντας
1292 2333 1518 2404 γνησίαν
1561 2334 1738 2388 πάντα
1784 2332 2075 2403 δυνηθῆναι

411 2411 622 2476 ἀνύσαι,
655 2413 756 2466 κᾶν
787 2415 996 2485 μυρίων
1017 2409 1166 2485 ὦμεν
1196 2415 1485 2469 ὑπεύθυνοι
1504 2416 1989 2486 πλημμελημάτων
2005 2416 2074 2478 ³⁹,

411 2496 519 2550 Καὶ
545 2496 656 2567 γὰρ
679 2499 708 2552 6
733 2499 1032 2568 Μανασσῆς
1064 2500 1348 2572 μιάσματα
1373 2501 1575 2571 ἄπειρα
1599 2494 1667 2570 ἦν
1695 2498 2041 2571 τετολμηκώς
2057 2517 2070 2531 ·

405 2580 502 2632 καὶ
545 2580 654 2651 γάρ
691 2581 834 2634 κατὰ
867 2581 977 2635 τῶν
1009 2582 1183 2650 ἁγίων
1219 2582 1321 2645 τάς
1351 2585 1538 2653 χεῖρας
1573 2583 1825 2648 ἐξέτεινε,
1875 2583 1970 2636 καὶ
2007 2581 2076 2635 τὰ

410 2665 753 2738 βδελύγματα
777 2670 858 2732 είς
885 2669 974 2722 τὸν
994 2673 1121 2723 ναὸν
1147 2670 1433 2740 εἰσήγαγε,
1466 2671 1560 2722 καὶ
1589 2671 1766 2739 φόνων
1796 2670 1894 2741 τὴν
1920 2670 2074 2723 πόλιν

411 2753 692 2825 ἐνέπλησε,
728 2757 822 2808 καὶ
855 2756 1028 2810 πολλὰ
1069 2757 1232 2827 ἕτερα
1255 2757 1546 2825 εἰργάσατο
1582 2757 1910 2829 συγγνώμης
1951 2758 2072 2828 μεί-

410 2841 568 2906 ζονα·
614 2842 728 2896 ἀλλ’
771 2844 920 2913 ὅμως
967 2843 1105 2914 μετά
1150 2843 1247 2916 τὴν
1289 2844 1555 2915 τοσαύτην
1604 2846 1698 2898 καί
1740 2844 2074 2916 τηλικαύτην

413 2925 772 2996 παρανομίαν,
817 2929 1035 2980 ᾶπαντα
1079 2926 1381 2995 ἀπενίψατο
1434 2929 1636 2981 ἐκεῖνα.
1670 2927 1792 2990 Πῶς
1833 2927 1926 2980 καὶ
1965 2927 2072 2981 τίνι

411 3013 628 3083 τρόπῳ;
664 3014 939 3084 Μετανοίᾳ
973 3013 1067 3067 καὶ
1089 3012 1305 3086 γνώμῃ.

475 3103 538 3150 ε’.
579 3098 652 3151 Οὐ
687 3097 796 3167 γάρ
849 3099 1018 3164 ἐστιν,
1053 3099 1154 3152 οὐκ
1193 3098 1339 3152 ἐστιν
1373 3099 1524 3152 οὐδὲν
1567 3098 1892 3172 ἁμάρτημα,
1937 3101 2075 3172 ὅπερ

405 3183 507 3236 οὐκ
555 3185 692 3238 εἴκει
739 3185 834 3238 καὶ
867 3188 1191 3256 παραχωρεῖ
1229 3188 1295 3256 τῇ
1342 3187 1439 3252 τῆς
1489 3186 1778 3255 μετανοίας
1825 3187 2073 3259 δυνάμει,

409 3270 610 3341 μᾶλλον
641 3272 697 3324 δὲ
730 3275 797 3343 τῇ
825 3272 920 3326 τοῦ
947 3271 1182 3344 Χριστοῦ
1217 3273 1263 3304 ⁸⁰
1288 3273 1493 3344 χάριτι.
1527 3275 1636 3326 Καὶ
1661 3275 1768 3345 γάρ
1798 3275 1864 3328 ἂν
1909 3293 2077 3345 μετα-

409 3353 699 3426 ϐαλώμεθα
728 3357 773 3387 ³⁸
805 3356 988 3426 μόνον,
1012 3357 1173 3410 αὐτὸν
1196 3356 1390 3428 ἔχομεν
1416 3359 1892 3429 συνεφαπτόμενον
1913 3361 1946 3430 ἡ
1955 3361 2072 3429 μῖν·

408 3438 510 3492 κάν
539 3438 771 3513 θελήσῃς
809 3439 1064 3508 γενέσθαι
1095 3440 1280 3503 καλὸς,
1323 3441 1499 3504 οὐδεὶς
1534 3444 1562 3494 6
1596 3441 1846 3494 κωλύων’
1881 3441 2078 3511 μᾶλλον

409 3521 466 3575 δέ
494 3523 610 3576 ἐστι
636 3523 735 3593 μὲν
762 3525 791 3576 6
815 3524 1060 3588 κωλύων,
1097 3527 1125 3578 ὀ
1151 3524 1416 3588 διάϐολος,
1447 3527 1507 3579 οὐ
1543 3527 1648 3596 μὴν
1683 3526 1726 3556 ⁸³
1755 3525 1948 3595 ίσχύει,
1984 3527 2078 3580 σοῦ

407 3605 479 3659 τὰ
503 3607 700 3678 ἄριστα
727 3609 1188 3678 προαιρουμένου,
1226 3608 1518 3681 καὶταύτῃ
1550 3609 1640 3662 τὸν
1673 3608 1806 3662 Θεὸν
1833 3610 2080 3662 ἐπισπω-

409 3695 574 3766 μένου
620 3695 756 3765 πρὸς
803 3696 1142 3766 συμμαχίαν.
1172 3698 1270 3750 Ἂν
1314 3697 1372 3750 δὲ
1404 3698 1469 3750 σύ
1526 3696 1600 3768 μὴ
1637 3697 1922 3767 βουληθῇς,
1963 3696 2079 3754 ἀλλ’

407 3778 792 3849 ἀποπηδήσῃς,
827 3779 944 3842 πῶς
978 3796 1071 3831 σου
1112 3780 1513 3850 προστὴσεται;
1560 3780 1693 3833 Οὐδὲ
1719 3780 1828 3851 γὰρ
1867 3780 2082 3850 ἀνάγκῃ

407 3860 505 3914 καὶ
544 3859 656 3931 βίᾳ,
686 3861 801 3914 ἀλλ’
840 3861 1034 3914 ἑκόντα
1076 3861 1326 3931 βούλεται
1361 3862 1651 3926 σώζεσθαι.
1684 3861 1746 3916 El
1779 3866 1888 3935 γὰρ
1920 3863 2082 3926 αὐτὸς

407 3943 626 4013 οικέτην
673 3942 811 4013 ἔχων
864 3943 1127 4014 μισοῦντά
1180 3961 1242 3997 σε
1297 3945 1393 3997 καὶ
1437 3946 1935 4016 ἀποστρεφόμενον,
1988 3947 2082 3998 καὶ

408 4026 648 4096 συνεχῶς
671 4026 1040 4096 ἀποπηδῶντα
1077 4027 1172 4080 καὶ
1203 4027 1494 4097 φεύγοντα,
1523 4029 1623 4081 οὐκ
1653 4029 1718 4082 ἂν
1746 4029 1886 4082 ’ἐλοιο
1918 4029 2078 4082 κατέ‹

406 4126 544 4181 χειν,
580 4111 677 4164 καὶ
722 4110 896 4164 ταῦτα
938 4112 1190 4182 δεόμενος
1219 4112 1386 4166 αὐτοῦ
1426 4113 1524 4181 τῆς
1567 4112 1872 4176 διακονίας·
1903 4113 2082 4183 πολλῷ

408 4192 611 4264 μᾶλλον
635 4195 664 4248 6
705 4194 859 4258 Θεὸς,
884 4195 912 4246 6
949 4195 1024 4264 μὴ
1061 4194 1150 4248 διά
1197 4196 1297 4265 τὴν
1334 4195 1540 4248 οἰκείαν
1587 4195 1798 4264 χρείαν,
1831 4193 1968 4248 ἀλλά
1993 4194 2083 4247 διὰ

409 4275 514 4348 τὴν
549 4275 649 4347 σὴν
689 4277 962 4348 σωτηρίαν
997 4276 1174 4330 πάντα
1200 4278 1390 4342 ποιῶν,
1419 4278 1520 4330 οὐκ
1544 4276 1608 4330 ἂν
1647 4276 1820 4329 ἐλοιτό
1847 4293 1907 4328 σε
1941 4276 2080 4348 πρὸς

415 4358 542 4429 βίαν
576 4359 826 4431 κατέχειν
851 4377 864 4390 ·
894 4359 1083 4431 ὥσπερ
1112 4357 1206 4415 οῦν
1237 4361 1334 4415 ἐὰν
1367 4361 1684 4432 προαίρεσιν
1715 4359 1952 4430 ἐπιδείξῃ
1991 4359 2082 4430 μό-

406 4459 521 4506 νον,
559 4443 661 4496 οὐκ
696 4443 762 4497 ἂν
792 4444 966 4496 ἐλοιτό
1014 4445 1074 4497 σέ
1103 4461 1234 4498 ποτε
1261 4444 1548 4516 προέσθαι,
1579 4443 1689 4497 οὐδ’
1725 4444 1791 4496 ἂν
1839 4441 2017 4496 ὁτιοῦν
2050 4444 2079 4494 6

405 4523 649 4588 διάϐολος
702 4527 853 4596 ποιῇ.
885 4526 1050 4578 Ὥστε
1099 4529 1262 4597 ἡμεῖς
1312 4527 1473 4580 αἴτιοι
1517 4527 1616 4596 τῆς
1657 4526 1932 4590 ἀπωλείας
1976 4526 2078 4594 τῆς

407 4609 682 4682 ἡμετέρας
719 4609 908 4678 ἐσμέν.
953 4610 1089 4662 Οὐδὲ
1129 4611 1238 4681 γάρ
1277 4610 1694 4681 προσερχόμεθα
1744 4609 1915 4680 αὐτῷ,
1955 4611 2078 4664 οὐδὲ

409 4694 827 4764 ἐντυγχάνομεν,
863 4693 985 4746 οὐδὲ
1023 4695 1470 4766 παρακαλοῦμεν,
1505 4695 1580 4758 ὡς
1623 4696 1764 4766 χρή·
1801 4695 1938 4748 ἀλλά
1969 4696 2074 4749 κᾶν
2109 4721 2112 4724 ι

408 4776 822 4846 προσέλθωμεν,
851 4775 1010 4829 τοῦτο
1036 4775 1296 4847 ποιοῦμεν
1323 4779 1420 4848 οὐχ
1439 4778 1514 4841 ὼς
1533 4777 1838 4846 ὀφείλοντες
1865 4777 2073 4841 λαϐεῖν,

407 4859 528 4913 οὐδὲ
556 4859 696 4930 μετά
726 4863 824 4931 τῆς
851 4860 1236 4932 προσηκούσης
1259 4861 1514 4925 πίστεως,
1543 4861 1663 4914 οὐδὲ
1693 4861 1768 4924 ὡς
1785 4861 2078 4916 ἀπαιτοῦν-

406 4961 520 5008 τες,
556 4944 694 4998 ἀλλά
717 4942 1182 5015 χασμώμενοικαὶ
1212 4945 1666 5009 ἀναπεπτωκότες
1685 4945 1861 4999 πάντα
1891 4945 2078 4998 ποιοῦ⁸

411 5046 536 5098 μεν.
567 5028 830 5096 Καίτοιγε
865 5025 1112 5098 βούλεται
1137 5029 1487 5082 ἀπαιτεῖσθαι
1519 5031 1651 5100 παρ’
1677 5028 1835 5099 ἡμῶν
1863 5028 1892 5080 6
1921 5028 2075 5091 Θεὸς,

407 5112 505 5166 καὶ
540 5112 702 5182 χάριν
746 5110 860 5182 ἔχει
893 5129 976 5165 σοι
1005 5112 1198 5165 τούτου
1246 5112 1470 5182 πολλήν.
1518 5113 1691 5176 Μόνος
1717 5113 1826 5182 γὰρ
1847 5108 2002 5174 οὗτος
2050 5111 2080 5163 6

406 5193 713 5266 χρεώστης,
749 5195 878 5248 ὃταν
921 5195 1241 5265 ἀπαιτῆται,
1288 5196 1447 5267 χάριν
1481 5196 1615 5266 ἔχει,
1643 5197 1739 5250 καὶ
1776 5197 1811 5251 δι
1852 5195 1926 5267 μὴ
1959 5195 2082 5248 ἐδα-

1199 308 1257 362 S.
1295 307 1583 366 JOANNIS
1627 308 2109 366 CIIRYSOSTOMI
2152 310 2474 366 ARCIIIEP.
2510 308 3057 366 CONSTANTINOP.

3738 312 3843 365 306

2185 429 2372 482 λεσθαι
2402 428 2604 491 δοῦναι,
2629 427 2744 480 ἀλλ’
2767 427 2953 498 ἐπειδὴ
2999 427 3130 499 παρ’
3163 425 3321 498 ἡμῶν
3351 424 3518 497 ἡδέως
3547 425 3660 494 ἔχει
3685 426 3848 478 ἀπαι-

2183 512 2414 566 τεῖσθαι.
2447 511 2546 565 Διά
2569 510 2728 564 τοῦτό
2755 527 2835 563 σοι
2869 511 2963 564 καὶ
2989 511 3298 581 ὑπόδειγμα
3323 508 3476 562 εἶπεν
3509 509 3718 560 ἐκείνου
3749 507 3845 560 τοῦ

2186 599 2340 669 φίλου
2370 598 2462 652 τοῦ
2503 598 2719 669 νύκτωρ
2750 598 3196 668 παραγενομένου
3235 598 3330 651 καὶ
3355 597 3519 668 ἀρτον
3551 593 3845 656 αἰτοῦντος,

2184 682 2280 735 καὶ
2301 682 2396 735 τοῦ
2429 680 2681 735 δικαστοῦ
2704 680 2799 734 τοῦ
2818 681 2908 733 τὸν
2931 681 3062 734 Θεὸν
3097 681 3171 751 μὴ
3203 680 3563 750 φοϐουμένου,
3589 677 3723 748 μηδὲ
3750 677 3847 729 ἀν-

2185 765 2437 838 θρώπους
2465 765 2884 836 ἐντρεπομένου.
2915 767 3024 818 Καὶ
3045 767 3146 820 οὐκ
3172 765 3300 835 ἔστη
3334 765 3494 835 μέχρι
3527 764 3636 816 τῶν
3668 775 3846 826 παρα-

2183 847 2516 918 δειγμάτων,
2548 847 2685 900 ἀλλά
2707 849 2801 902 καὶ
2821 849 2908 900 ἐπ’
2932 849 3112 903 αὐτῶν
3137 847 3270 902 αὐτὸ
3294 847 3402 901 τῶν
3429 847 3604 918 ἔργων
3625 843 3847 908 ἔδειξεν.

2183 935 2346 1006 ἡνίκα
2374 935 2472 1007 τὴν
2501 935 2845 988 Φοινίκισσαν
2871 935 2916 967 ³³
2949 936 3163 1006 ἐκείνην
3193 938 3426 1004 γυναῖκα
3466 935 3564 1004 τῆς
3605 931 3848 1003 μεγάλης

2182 1022 2389 1096 δωρεᾶς
2419 1023 2704 1094 ἐμπλήσας
2745 1022 3040 1092 ἐξέπεμψε.
3075 1022 3174 1075 Διά
3222 1021 3319 1092 μὲν
3347 1023 3457 1091 γὰρ
3499 1020 3723 1089 ταύτης,
3764 1019 3846 1071 ὅτι

2184 1111 2279 1163 καὶ
2303 1111 2371 1162 τά
2402 1112 2476 1180 μὴ
2509 1112 2855 1180 προσήκοντα
2883 1112 2994 1172 τοῖς
3019 1109 3308 1162 ἀπαιτοῦσι
3341 1107 3583 1177 σφοδρῶς
3608 1106 3845 1166 δίδωσιν,

2182 1196 2401 1260 ἔδειξεν.
2443 1199 2524 1250 Οὺ
2559 1197 2668 1267 γὰρ
2705 1196 2894 1248 καλόν
2931 1197 3083 1258 ἐστι,
3117 1195 3270 1265 φησὶ,
3300 1192 3506 1248 λαϐεῖν
3532 1192 3643 1245 τὸν
3664 1191 3849 1258 ἄρτον

2181 1285 2300 1338 τῶν
2327 1285 2572 1348 τέκνων,
2609 1286 2703 1338 καὶ
2727 1285 2936 1338 δοῦναι
2963 1284 3147 1350 ’δτοῖς
3175 1283 3481 1350 κυναρίοις
3503 1298 3518 1312 ·
3555 1280 3670 1334 ἀλλ’
3697 1281 3848 1348 ὅμως

2181 1373 2400 1435 ἔδωκεν,
2437 1372 2624 1443 ἐπειδὴ
2658 1373 2862 1444 σφόδρα
2889 1372 3051 1426 αὐτὸν
3077 1373 3123 1403 ³⁸
3163 1370 3434 1442 ἀπῄτησε.
3469 1370 3569 1422 Διά
3613 1367 3762 1440 [282]
3791 1367 3845 1419 δὲ

2180 1461 2290 1515 τῶν
2333 1461 2602 1516 Ἰουδαίων
2630 1461 2920 1530 ἐδήλωσεν,
2967 1461 3050 1514 δτι
3079 1463 3194 1524 τοῖς
3241 1458 3572 1530 ρᾳθυμοῦσιν
3620 1455 3744 1508 οὐδὲ
3781 1455 3846 1507 τὰ

2179 1549 2359 1602 αὐτῶν
2389 1549 2623 1607 δίδωσιν.
2658 1548 2866 1601 Οὐκοῦν
2888 1547 3077 1601 ἔλαϐον
3111 1549 3307 1600 ἐκεῖνοι
3337 1546 3508 1606 οὐδὲν,
3539 1542 3678 1596 ἀλλά
3704 1542 3750 1573 ³⁸
3780 1541 3846 1592 τά

2180 1637 2359 1688 αὐτῶν
2379 1637 2689 1692 ἀπώλεσαν.
2719 1635 2822 1688 Καὶ
2848 1631 2993 1689 οὗτοι
3027 1637 3145 1705 μὲν,
3163 1633 3350 1702 ἐπειδὴ
3371 1632 3445 1703 μὴ
3469 1632 3701 1702 ᾔτησαν,
3727 1628 3848 1681 οὐδὲ

2179 1725 2248 1778 τά
2275 1725 2380 1777 ἴδια
2409 1723 2599 1776 ἔλαϐον
2626 1741 2639 1754 ·
2673 1723 2856 1792 ἐκείνη
2883 1723 2962 1786 δὲ,
2999 1722 3188 1793 ἐπειδὴ
3207 1720 3450 1792 σφοδρῶς
3471 1717 3728 1785 ἐπετέθη,
3754 1715 3847 1768 καὶ⁵

2177 1812 2248 1866 τά
2284 1811 2538 1881 ἀλλότρια
2591 1810 2807 1880 ἴσχυσεν
2861 1811 3164 1880 ἐκδικῆσαι,
3216 1810 3311 1862 καὶ
3360 1807 3432 1860 τά
3477 1805 3585 1858 τῶν
3638 1803 3849 1856 τέκνων

2179 1900 2340 1954 ἔλαϐε
2373 1899 2435 1953 τὸ
2463 1898 2740 1969 κυνάριον.
2775 1898 3039 1951 Τοσοῦτον
3065 1900 3099 1969 ἡ
3129 1893 3454 1968 προσεδρεία
3476 1892 3698 1961 ἀγαθόν.
3729 1889 3851 1942 Κάν

2177 1990 2285 2060 γὰρ
2317 1988 2463 2042 κύων
2489 1984 2575 2062 ᾗς,
2609 1985 2985 2058 προσεδρεύων
3008 1984 3392 2057 προτιμηθήσῃ
3419 1981 3512 2035 τοῦ
3533 1981 3729 2034 τέκνου
3760 1980 3850 2048 pq.-

2180 2077 2478 2146 θυμοῦντος
2513 2076 2555 2106 ⁸⁷
2575 2092 2588 2105 ⁸
2616 2077 2716 2128 ὅσα
2743 2073 2852 2144 γὰρ
2877 2074 2976 2126 οὐκ
3010 2073 3162 2126 ἀνύει
3195 2073 3228 2142 ἡ
3259 2070 3431 2140 φιλία,
3458 2066 3702 2122 τοσαῦτα
3731 2067 3852 2135 ἥνυ-

2181 2167 2316 2235 σενὴ
2347 2161 2798 2235 προσεδρεία.Μὴ
2823 2162 3001 2215 τοίνυν
3024 2161 3170 2228 λέγε,
3195 2161 3276 2212 ὅτι
3309 2157 3532 2229 ’,Εχθρός
3563 2154 3664 2226 μού
3701 2157 3849 2205 ἐστιν

2177 2253 2206 2306 6
2234 2253 2385 2316 Θεὸς,
2409 2253 2504 2306 καὶ
2532 2253 2633 2305 οὐκ
2657 2249 3036 2304 είσακούσεται
3059 2249 3124 2302 ³⁸.
3147 2248 3362 2310 Εὐθέως
3383 2262 3467 2298 σοι
3491 2242 3849 2313 ἀποκρίνεται

2180 2341 2415 2411 συνεχῶς
2438 2337 2774 2410 ἐνοχλοῦντι·
2794 2339 2843 2390 εί
2873 2337 2966 2390 καὶ
2992 2336 3064 2406 μὴ
3087 2334 3176 2388 διά
3198 2334 3257 2387 τὸ
3281 2334 3323 2367 ³⁹
3351 2329 3489 2385 εἶναι
3510 2330 3684 2398 φίλον,
3715 2327 3850 2381 ἀλλά

2175 2428 2264 2482 διὰ
2285 2430 2346 2482 τὸ
2377 2426 2762 2500 προσεδρεύειν
2781 2441 2796 2456 ο
2831 2425 2927 2478 καὶ
2952 2423 3076 2476 οὐτε
3107 2425 3140 2494 ἡ
3176 2422 3365 2493 ἔχθρα,
3387 2419 3511 2474 οὐτε
3537 2420 3572 2490 ἡ
3592 2414 3845 2486 ἀκαιρία,

2175 2517 2300 2570 οὐτε
2335 2516 2461 2571 ἄλλο
2501 2515 2651 2568 οὐδὲν
2688 2513 2898 2582 γίνεται
2928 2511 3176 2582 κώλυμα.
3219 2509 3312 2580 Μὴ
3349 2508 3530 2580 εἴπῃς,
3572 2505 3693 2558 Οὐκ
3735 2503 3850 2572 εἰμί⁵

2176 2602 2347 2666 ἄξιος,
2399 2601 2495 2654 καὶ
2542 2599 2642 2651 οὐκ
2691 2595 2956 2667 εὔχομαι·
3008 2595 3104 2648 καὶ
3149 2593 3257 2664 γὰρ
3301 2595 3335 2662 ἡ
3392 2589 3848 2662 Συροφοινίκισσα

2173 2689 2398 2760 τοιαύτη
2423 2683 2511 2758 ἦν.
2535 2687 2628 2757 Μὴ
2659 2684 2840 2755 εἴπῃς,
2865 2685 2947 2736 ὅτι
2972 2681 3149 2736 Πολλά
3169 2681 3435 2752 ἥμαρτον,
3469 2677 3562 2730 καὶ
3593 2675 3657 2729 οὐ
3690 2675 3850 2727 δύνα-

2181 2795 2280 2847 μαι
2325 2775 2707 2848 παρακαλέσαι
2732 2772 2825 2826 τὸν
2859 2769 3201 2842 ὠργισμένον
3220 2786 3234 2800 ο
3262 2768 3324 2820 οὐ
3354 2767 3462 2838 γὰρ
3500 2765 3600 2836 τὴν
3642 2763 3850 2828 ἀξίανό

2176 2865 2308 2928 Θεὸς
2334 2865 2546 2923 σκοπεῖ,
2576 2861 2712 2915 ἀλλά
2741 2861 2842 2930 τὴν
2873 2856 3116 2927 γνώμην.
3145 2857 3209 2910 Εἰ
3234 2853 3342 2926 γὰρ
3363 2854 3455 2907 τὸν
3484 2853 3726 2924 ἄρχοντα
3759 2851 3849 2905 τὸν

2178 2953 2270 3007 τὸν
2303 2952 2346 2984 ⁸⁸
2372 2951 2505 3004 Θεὸν
2529 2949 2602 3021 μὴ
2627 2947 2978 3018 φοϐούμενον,
3015 2944 3148 3016 μηδὲ
3186 2943 3230 2975 ⁸¹
3254 2941 3570 3013 ἀνθρώπους
3596 2939 3850 3010 αἰσχυνό-

2180 3057 2338 3111 μενον
2365 3038 2609 3109 ἐκαμψεν
2644 3038 2676 3108 ἡ
2707 3037 2775 3107 χὴ
2787 3053 2853 3106 ρα
2876 3052 2890 3066 ’
2929 3032 3108 3103 πολλῷ
3136 3030 3332 3102 μᾶλλον
3361 3029 3450 3084 τὸν
3485 3028 3696 3097 ἀγαθὸν
3727 3029 3849 3081 ἐπι-

2178 3129 2446 3182 σπάσεται
2490 3127 2523 3196 ἡ
2568 3124 2796 3193 συνεχὴς
2831 3119 3090 3184 ἔντευξις.
3140 3119 3303 3171 Ὥστε
3329 3117 3434 3171 κᾶν
3467 3117 3540 3187 μὴ
3577 3116 3736 3184 φίλος
3761 3111 3849 3186 ᾖς.

2177 3217 2280 3272 κᾶν
2317 3215 2391 3286 μὴ
2427 3215 2496 3268 τά
2535 3212 2858 3282 ὀφειλόμενα
2887 3211 3148 3280 ἀπαιτῇς,
3179 3206 3286 3260 κάν
3316 3206 3385 3260 τά
3413 3205 3651 3276 πατρῷα
3681 3220 3850 3258 κατε-

2177 3302 2417 3373 δηδοκὼς
2450 3302 2494 3334 δ’
2522 3298 2610 3374 ᾖς,
2653 3300 2748 3354 καὶ
2793 3297 2959 3352 πολὺν
2997 3296 3190 3367 χρόνον
3223 3295 3284 3359 ἐξ
3311 3294 3485 3363 ὅψεως
3524 3293 3848 3362 γενόμενος,

2179 3386 2280 3440 κᾶν
2303 3386 2516 3456 ἄτιμος,
2541 3383 2642 3437 κᾶν
2675 3383 2896 3464 πάγτων
2933 3379 3179 3450 ἔσχατος,
3215 3379 3317 3430 κᾶν
3341 3375 3709 3464 ὀργιζομένῳ,
3750 3374 3851 3428 κᾶν

2180 3473 2580 3544 ἀγανακτοῦντι
2615 3463 2951 3542 προσέλθῃς·
2989 3467 3213 3536 θέλησον
3263 3468 3423 3535 μόνον
3459 3463 3727 3528 εὔξασθαι
3760 3463 3854 3516 καὶ

2181 3562 2522 3625 ἐπανελθεῖν,
2551 3559 2645 3614 καὶ
2669 3559 2847 3613 πάντα
2873 3554 3150 3628 ἀπολήψῃ.
3179 3554 3272 3607 καὶ
3309 3553 3406 3624 τὴν
3433 3551 3605 3624 ὀργῆν
3635 3551 3733 3604 καὶ
3757 3549 3852 3621 τὴν

2181 3654 2482 3724 καταδίκην
2507 3652 2718 3712 σϐέσεις
2742 3648 2965 3710 εὐθέως.
2991 3645 3130 3698 Ἀλλ’
3161 3644 3271 3697 ίδού
3293 3641 3543 3712 εὐχομαι,
3566 3641 3728 3712 φησὶ,
3758 3639 3854 3724 καὶ

2181 3742 2335 3796 οὐδὲν
2363 3721 2576 3809 γίνεται
2599 3737 2781 3790 πλέον.
2805 3736 2877 3789 Οὐ
2911 3733 3018 3805 γὰρ
3043 3733 3088 3765 ⁵³
3123 3731 3257 3802 εὐχη
3289 3731 3410 3783 κατ’
3441 3729 3687 3792 ἐκείνους
3709 3746 3722 3758 ·
3743 3721 3854 3781 οἷον

2180 3830 2279 3897 τὴν
2306 3827 2790 3899 Συροφοινίκισσαν
2832 3821 2995 3889 λέγω,
3027 3821 3120 3874 καὶ⁵
3146 3819 3236 3871 τὸν
3264 3818 3416 3887 φίλον
3440 3815 3529 3869 τὸν
3563 3815 3713 3886 ἀωρὶ
3751 3831 3855 3868 πα-

2185 3917 2570 3990 ραγενόμενον,
2596 3915 2693 3968 καὶ
2718 3913 2816 3982 τὴν
2839 3912 3014 3982 χήραν
3029 3908 3128 3980 τὴν
3157 3905 3395 3976 συνεχῶς
3413 3902 3744 3990 ἐνοχλοῦσαν
3765 3901 3854 3954 τὸν

2180 3986 2459 4072 δικαστὴν,
2490 3999 2584 4052 καὶ
2616 3998 2705 4051 τὸν
2731 3997 2846 4049 υἱὸν
2871 3999 2962 4048 τὸν
2994 3995 3064 4048 τά
3097 3990 3325 4062 πατρῷα
3363 3986 3850 4042 καταναλώσαντα.

2182 4091 2245 4144 El
2275 4089 2384 4158 γὰρ
2409 4085 2583 4150 οὕτως
2610 4083 2802 4156 ηὐχου,
2845 4081 3058 4152 ταχέως
3096 4077 3482 4147 ἐπετύγχανες.
3513 4074 3630 4158 Καὶ
3659 4073 3771 4158 γάρ
3807 4075 3855 4126 εἰ

2183 4173 2277 4224 καὶ
2309 4157 2561 4239 ὑϐρίσθη,
2591 4168 2774 4238 πατήρ
2807 4169 2956 4218 ἐστι’
2989 4165 3085 4216 καὶ
3124 4163 3172 4215 εἱ
3205 4160 3468 4232 ῶργισται
3494 4157 3561 4219 ⁸⁸,
3595 4157 3854 4225 φιλόπαις

2185 4258 2303 4310 ἐστί
2328 4274 2341 4288 °
2378 4257 2473 4310 καὶ
2503 4256 2561 4309 ἓν
2590 4254 2745 4326 ζητεῖ
2775 4254 2954 4324 μόνον,
2983 4253 3044 4305 οὐ
3077 4251 3233 4321 δίκην
3263 4247 3446 4301 λαϐεῖν
3478 4246 3585 4299 τῶν
3618 4245 3852 4317 ὕϐρεων,

2182 4344 2298 4399 ἀλλ’
2332 4343 2458 4398 ίδεῖν
2482 4360 2539 4396 σε
2573 4341 3010 4414 μεταμελόμενον
3038 4340 3082 4370 ’⁵⁵
3107 4337 3200 4391 καὶ
3235 4331 3676 4406 παρακαλοῦντα.

2253 4438 2326 4498 ς’.
2346 4430 2575 4500 Ὄφελον
2600 4429 2695 4483 καὶ
2718 4431 2878 4500 ἡμεῖς
2897 4428 3041 4480 οὐτω
3066 4423 3425 4496 διεθερμάνθη
3433 4439 3553 4492 μεν,
3570 4421 3650 4485 ὡς
3671 4422 3854 4475 ἐκεῖνα

2179 4519 2249 4574 τὰ
2287 4519 2569 4588 σπλάγχνα
2599 4517 2732 4588 πρὸς
2763 4517 2861 4587 τὴν
2893 4515 3116 4585 ἀγάπην
3155 4512 3490 4567 διανίσταται
3522 4510 3624 4581 τὴν
3655 4508 3850 4581 ἡμετέ-

2183 4625 2301 4678 ραν.
2348 4605 2486 4660 Ἀλλ’
2520 4606 2773 4677 ἀφορμὴν
2809 4605 3057 4675 ἐπιζητεῖ
3087 4601 3248 4672 μόνον
3275 4599 3434 4653 τοῦτο
3466 4598 3527 4652 τὸ
3563 4597 3680 4668 πῦρ
3701 4615 3716 4628 ·
3753 4598 3855 4651 κᾶν

2185 4695 2378 4766 μικρὸν
2405 4693 2552 4765 αὐτῷ
2589 4693 2881 4766 παράσχῃς
2919 4691 3194 4761 σπινθῆρα
3216 4727 3232 4753 ,
3269 4686 3563 4758 ὁλόκληρον
3591 4686 3854 4747 ἀνάπτεις

2184 4781 2356 4851 φλόγα
2381 4781 2715 4854 εὐεργεσίας.
2738 4781 2870 4834 Οὐδὲ
2887 4778 2996 4850 γὰρ
3017 4777 3202 4849 ἐπειδὴ
3234 4776 3506 4847 ὕϐρισται,
3531 4775 3854 4841 ἀγανακτεῖ,

2183 4865 2297 4920 ἀλλ’
2327 4865 2514 4936 ἐπειδὴ
2546 4867 2610 4919 σὺ
2627 4867 2655 4919 6
2673 4864 2909 4936 ὑϐρίζων
2935 4859 3005 4922 εἴ,
3025 4863 3121 4917 καὶ
3143 4861 3314 4933 ταύτῃ
3342 4861 3629 4929 γινόμενος
3659 4859 3854 4928 πάροι-

2182 4966 2290 5012 νος.
2344 4950 2407 5002 El
2451 4948 2559 5019 γὰρ
2604 4950 2765 5018 ἡμεῖς
2814 4948 3040 5018 πονηροὶ
3096 4947 3280 5009 ὅντες,
3317 4946 3424 4999 τῶν
3454 4944 3663 4997 παίδων
3701 4941 3854 5011 ὐϐρι-

2185 5031 2384 5095 ζόντων
2403 5074 2418 5096 ,
2448 5032 2588 5101 ὑπὲρ
2619 5031 2841 5084 ἐκείνων
2864 5029 3133 5100 ἀλγοῦμεν
3158 5071 3172 5092 ,
3208 5027 3388 5098 πολλῷ
3421 5026 3620 5098 μᾶλλον
3648 5028 3679 5079 6
3703 5023 3854 5086 Θεὸς.

2181 5117 2210 5168 6
2245 5115 2380 5186 μηδὲ
2408 5114 2732 5186 ὑϐρισθῆναι
2773 5113 3069 5184 δυνάμενος
3093 5153 3109 5178 ,
3142 5112 3282 5181 ὑπὲρ
3315 5110 3410 5164 σοῦ
3441 5108 3535 5162 τοῦ
3567 5107 3854 5177 ὐϐρικότος

2183 5201 2499 5268 ἀγανακτεῖ.
2530 5200 2591 5252 Εἰ
2617 5199 2778 5269 ἡμεῖς
2807 5198 2857 5251 οί
2903 5196 3061 5266 φύσει
3105 5195 3459 5263 ἀγαπῶντες,
3500 5190 3684 5260 πολλῷ
3718 5189 3854 5260 μᾶλ-

405 5276 666 5348 νείσαμεν
690 5278 894 5332 δίδωσι.
933 5278 1050 5332 Κᾶν
1080 5279 1178 5349 μὲν
1210 5279 1454 5350 σφοδρῶς
1486 5281 1571 5351 ἴδῃ
1604 5280 1951 5349 ἐπικείμενον
1990 5280 2082 5332 τὸν
2113 5327 2157 5354 _..
2181 5284 2272 5338 λον
2301 5287 2328 5337 6
2361 5283 2502 5354 ὑπὲρ
2541 5281 2705 5351 φύσιν
2736 5281 3102 5350 φιλόστοργος.
3131 5280 3200 5331 El
3244 5277 3356 5344 γὰρ
3411 5274 3508 5328 καὶ
3550 5272 3853 5354 611M091-

405 5361 769 5427 ἀπαιτοῦντα,
795 5364 888 5416 καὶ
913 5361 948 5416 ἃ
980 5365 1056 5433 μὴ
1084 5348 1248 5416 ἔλαϐε
1274 5348 1404 5434 παρ’
1427 5348 1586 5433 ἡμῶν
1616 5348 1948 5417 καταϐάλλει
1969 5380 1983 5392 ·
2016 5362 2082 5415 ἂν
2113 5348 2155 5393 Κ
2182 5382 2272 5429 το,
2329 5348 2501 5436 φησὶ,
2555 5348 2711 5434 Ῑγυνὴ
2750 5348 2836 5416 -τὰ
2884 5348 3107 5430 ἔκγονα
3156 5358 3268 5427 τῆς
3339 5357 3569 5420 κοιλίας
3626 5351 3852 5436 αὐτῆς,

404 5445 464 5499 δέ
498 5445 743 5516 νωθρῶς,
779 5448 874 5500 καὶ
900 5447 1063 5510 αὐτὸς
1087 5446 1522 5513 διαναϐάλλεται,
1552 5447 1612 5500 οὐ
1651 5447 1741 5500 διά
1759 5447 1822 5500 τὸ
1855 5447 1929 5517 μὴ
1954 5445 2080 5516 βούσ-

477 5539 521 5570 ¹⁷
539 5537 707 5621 Οὐδὲν
749 5539 859 5621 γάρ
900 5545 965 5594 Α.
994 5539 1288 5621 Α”μόνην
1313 5619 1318 5621 Α
1343 5540 1409 5594 Α.
1451 5537 1513 5621 1:.

408 5624 501 5662 σου
557 5609 708 5677 ῥῆμα
759 5609 936 5664 τοῦτο.
989 5609 1050 5665 C.
1104 5610 1158 5664 in
1215 5619 1383 5664 textu.
1461 5610 1583 5663 ³⁰Χ

1616 5541 1660 5572 ’⁸
1682 5538 2188 5611 πλημμελημάτων]
2244 5540 2370 5611 add-
2399 5535 2473 5611 Ὦ

1627 5610 1795 5683 ιστοῦ]
1835 5609 1974 5683 Θεοῦ
2018 5611 2078 5663 Ι).
2128 5609 2192 5664 Ρ.
2227 5610 2333 5683 _(_}e.
2367 5610 2531 5683 Ατπῃ.
2614 5609 2672 5683 _“

2183 5447 2318 5501 ἀλλ’
2344 5433 2486 5512 Ἶὲγιὼ
2535 5449 2648 5500 οὐκ
2681 5443 3049 5512 ἐπιλήσομαί
3076 5457 3214 5496 σου.
3247 5438 3640 5510 Προσέλθωμεν
3677 5433 3852 5487 τοίνυν

2527 5537 2774 5608 μακαρία
2803 5535 3023 5608 γλῶσσα
3046 5573 3060 5597 ,
3107 5530 3658 5608 πόσαυς-ἀνακτᾶταε
3697 5526 3852 5608 τὸέν

2713 5595 3169 5676 μεταϐαλλώμεθα
3221 5602 3356 5676 Ερι-Ι.
3422 5595 3850 5676 έχρμεν-λρἀρ.

408 5627 501 5662 σου
557 5627 708 5688 μηρία
759 5627 936 5664 τουτο.
969 5627 1050 5697 ιι..
1104 5627 1158 5664 In
1215 5627 1383 5664 lexw.
1461 5627 1505 5641 ’ν
1536 5627 1795 5712 Αριστου]
1835 5627 1970 5662 mou
2018 5627 2078 5663 υ.

405 5693 686 5752 πανταχου
854 5683 898 5752 ξ’
923 5681 1054 5752 μην]
1083 5680 1209 5752 gdd.
1242 5680 1480 5752 δὲΕᾱςΙ.
1502 5750 1518 5752 _
1557 5681 1578 5712 ⁸
1635 5681 1917 5752 φοίνισσαν
2037 5691 2078 5733 el

2182 5649 2192 5664 ι
2235 5627 2333 5665 ue.
2383 5627 2531 5664 arm.
2631 5627 2672 5639 '"
2713 5627 3169 5676 μεταοαΛΛωμευα
3221 5627 3356 5656 mm.
3422 5627 3657 5669 εχυμιν]
3711 5627 3850 5649 ηυυ.

2182 5699 2203 5734 ν.
2226 5681 2285 5752 Ε.
2361 5677 2633 5752 ⁸⁴ξδοῦναιῖ
2679 5678 2773 5752 Sic
2790 5677 2950 5752 cgdd.
2978 5671 3342 5752 eALVessssz.
3367 5666 3853 5752 ρ.551;(].βει“λξζν

406 5747 522 5802 ΕιΙιΙ
532 5791 546 5804 .

407 5820 453 5851 ³⁸
478 5817 562 5891 τὸ]

625 5819 750 5874 add.
779 5819 930 5891 μὴΒ.
969 5819 1142 5876 εἶ’καὶ
1164 5820 1330 5874 διὰτὸ
1363 5822 1437 5891 μὴ
1461 5819 1600 5877 εἶναι
1621 5823 1683 5877 Α.
1718 5822 1778 5875 C.
1811 5819 1952 5874 E.F.

405 5883 647 5961 πους”μὴ
675 5883 822 5958 αἰσχ.
841 5883 998 5965 ἰζ-ιω,
1070 5883 1538 5965 ⁴²Ακατεδῃδοκῶς]
1553 5889 2090 5965 ,καταδεδαπανηκῲς
2109 5891 2171 5944 C.
2304 5892 2442 5965 μου.
2465 5890 2562 5947 καὶ
2586 5883 2991 5951 κάτάνᾶλωκὼς
3013 5883 3153 5944 Edd.

621 5738 875 5824 ’ἷσὲὖτδνΙ
907 5736 1054 5823 ἀῦἒτί
1294 5751 1341 5824 ’_‘
1363 5750 1522 5824 ἀλλά]
1549 5750 1674 5824 add.
1703 5754 1794 5824 καὶ
1812 5752 1932 5824 ᾗ*
1961 5750 2004 5782 ³⁷
2032 5736 2166 5824 ραθυ
2177 5750 2534 5824 μοῦντοςῗῖμμὴ
2553 5736 3091 5824 ’προθυμοῦντοςᾼζι
3128 5744 3174 5777 ³⁸
3195 5736 3564 5824 ενὶσακὸύσεταί
3583 5736 3696 5824 μαυ

2053 5806 2187 5873 σ’τδά
2204 5806 2473 5889 pm.Eh’dZ
2523 5806 2808 5889 ἰε’μηδξ]
2837 5806 3489 5889 δίο-λᾏιξηεεειᾳςί-ρξξέ.
3514 5808 3608 5889 καὶ
3638 5806 3852 5889 ἀνθρώ·

3247 5883 3301 5917 ⁸³
3313 5881 3447 5940 0666
3473 5880 3601 5950 γὰρ,
3638 5887 3698 5934 ει
3713 5892 3770 5947 p.
3796 5889 3850 5944 p.

405 5960 723 6026 παραγινόυ.
739 5976 855 6016 ενον
887 5961 1024 6018 Edd.
1102 5961 1146 5994 “
1180 5960 1430 6032 ὠργίσθη
1453 5960 1586 6020 [id—cl.
1668 5964 1714 5995 "
1744 5961 2078 6034 μεταϐαλλόμ

2183 5960 2228 6017 ν’
2243 5960 2378 6017 Edd.
