4038 6364
278 348 383 402 503

268 471 449 515 tamen
472 474 597 516 cum
624 468 703 515 tot
737 470 985 531 tantaque
1008 462 1150 518 dicta
1178 464 1303 529 sint,
1334 483 1434 523 nos
1459 468 1525 523 de
1547 468 1628 523 bis
1655 472 1865 526 solliciti

265 567 480 618 sumus,
511 551 744 606 caelestia
773 562 951 607 autem
975 568 1079 608 non
1102 570 1371 624 curamus,
1402 559 1494 612 sed
1522 560 1762 615 ordinem
1788 563 1867 615 in-

264 642 561 709 vertimus,
623 643 871 713 utrinque
916 654 1101 699 contra
1146 662 1303 717 supra
1358 649 1498 704 dicta
1550 662 1862 721 pugnantes.

262 734 546 805 Perpende
572 750 800 806 namque
842 755 855 789 :
896 736 1027 791 dicit
1056 739 1142 792 ille
1172 757 1184 791 :
1233 739 1309 794 Ne
1336 742 1555 798 omnino
1585 746 1863 813 praesentia

262 829 555 898 quaeratis;
589 843 687 881 nos
710 839 887 884 antem
920 829 1005 883 illa
1048 830 1263 886 assidue
1292 836 1598 902 quierimus.
1632 836 1864 903 Quterite

261 921 525 986 carlestia,
567 920 769 990 inquit;
814 936 912 976 nos
954 931 1130 975 autem
1174 939 1241 978 ne
1274 939 1434 992 parvo
1463 926 1675 995 quidem
1716 929 1863 984 hora:

264 1010 422 1063 unius
447 1012 622 1080 Spatio
649 1012 736 1065 illa
766 1012 1092 1082 qua-rimus;
1130 1015 1225 1070 sed
1254 1028 1504 1086 quantam
1544 1019 1612 1075 de
1641 1023 1863 1076 saecula—

262 1103 415 1156 ribus
441 1102 856 1159 sollicitudinem
887 1106 1221 1173 exhibemus,
1255 1117 1455 1164 tantam
1488 1113 1538 1165 in
1572 1115 1857 1182 Spirituali-

260 1195 362 1249 bns
403 1197 778 1266 negligentiam
810 1199 1163 1267 ostendimus,
1196 1201 1304 1255 imo
1345 1204 1514 1257 multo
1552 1208 1809 1275 majorem
1841 1227 1855 1261 :

259 1286 357 1339 sed
384 1302 493 1341 non
523 1302 737 1355 semper
766 1288 881 1344 lucc
910 1290 1063 1345 nobis
1106 1307 1363 1361 prospere
1392 1296 1716 1364 precedent;
1761 1314 1858 1354 ne-

260 1394 363 1446 que
390 1394 608 1447 semper
638 1382 706 1434 ita
739 1392 962 1449 possunt
988 1385 1228 1439 evenire.
1273 1386 1410 1441 Ecce
1439 1388 1629 1443 decent
1670 1391 1856 1447 diebus

260 1471 677 1536 contemnimus,
708 1487 833 1527 ecce
863 1473 1068 1542 viginti,
1099 1490 1224 1529 ecce
1252 1487 1485 1533 centum.
1526 1480 1719 1534 Annon
1765 1497 1857 1536 ne-

258 1579 411 1617 cesse
442 1580 663 1633 prorsus
692 1576 773 1620 est
801 1567 971 1631 obire,
1016 1579 1069 1623 et
1100 1569 1150 1622 in
1175 1570 1462 1639 judicantis
1490 1590 1677 1630 manus
1718 1578 1855 1631 inci-

258 1655 426 1709 dere?
452 1656 559 1710 Sed
588 1656 770 1710 dilatio
794 1659 1211 1714 consolationem
1240 1661 1414 1717 affert.
1444 1664 1509 1718 Et
1528 1682 1646 1734 qua:
1673 1682 1856 1723 conso-

260 1744 408 1811 latio,
442 1762 564 1800 cum
596 1748 833 1817 quotidie
874 1759 1216 1819 exspectatur
1243 1755 1562 1823 supplicium
1597 1767 1651 1811 et
1689 1759 1854 1815 ultio?

253 1835 308 1891 Si
340 1838 477 1891 velis
504 1838 646 1892 enim
668 1854 733 1893 ex
757 1838 857 1894 hac
883 1840 1137 1896 dilatione
1165 1845 1586 1901 consolationem
1618 1849 1849 1920 aliquam

253 1929 520 1996 accipere,
554 1931 737 1999 accipe
778 1946 919 1997 eam,
967 1948 1084 2002 quae
1124 1936 1451 2002 poenitentia:
1499 1938 1703 1993 fructus
1748 1952 1849 2008 est,

253 2019 708 2075 emendationem.
740 2021 872 2077 Nam
916 2024 960 2077 si
1004 2041 1070 2078 ex
1102 2041 1168 2079 eo
1199 2028 1337 2095 quod
1377 2029 1508 2083 ultio
1554 2030 1847 2096 differatur,

252 2111 486 2180 aliquam
533 2112 750 2180 prodire
799 2123 954 2182 putas
993 2118 1433 2186 consolationem,
1468 2122 1637 2177 multo
1682 2125 1851 2194 majus

253 2203 461 2257 lucrum
492 2213 577 2259 est
621 2222 725 2260 non
767 2208 1003 2263 incidere
1044 2209 1096 2262 in
1140 2211 1419 2266 ultionem.
1463 2213 1685 2269 Utamur
1723 2234 1850 2287 ergo

251 2295 350 2350 hac
380 2296 661 2363 dilatione,
708 2307 765 2352 ut
802 2300 1020 2353 omnino
1047 2301 1115 2355 ab
1147 2302 1545 2361 imminentibus
1578 2310 1746 2376 pugnis
1787 2310 1850 2363 li-

249 2387 525 2442 beremur.
570 2388 648 2442 Ex
681 2389 745 2443 iis
770 2391 912 2443 enim
953 2407 1071 2461 quae
1113 2404 1372 2463 praecepta
1418 2407 1539 2451 sunt
1582 2398 1716 2452 nihil
1762 2400 1849 2455 vel

249 2496 541 2535 onerosum
573 2481 655 2537 vel
682 2482 969 2536 molestum
1002 2495 1111 2547 est;
1140 2485 1234 2539 sed
1266 2488 1442 2541 omnia
1474 2489 1544 2542 ita
1586 2491 1763 2557 pervia
1793 2502 1848 2546 et

247 2571 448 2638 facilia,
493 2582 551 2626 ut
577 2573 620 2626 si
650 2584 950 2644 promptam
987 2577 1158 2629 solum
1185 2577 1510 2633 voluntatem
1537 2580 1842 2647 alferamus,

247 2665 429 2717 omnia
474 2664 748 2718 valeamus
798 2665 1088 2733 perﬁcere,
1136 2669 1347 2723 etiamsi
1396 2672 1627 2726 millibus
1679 2674 1845 2728 simus

248 2754 486 2823 pematis
510 2754 749 2809 obnoxii.
780 2754 1051 2810 Manasses
1078 2759 1220 2811 enim
1251 2761 1576 2816 exsecranda
1612 2762 1844 2821 facinora

246 2858 433 2911 ausus,
492 2845 583 2914 qui
636 2844 892 2900 adversus
942 2856 1124 2900 sancta
1178 2864 1364 2903 manus
1412 2852 1744 2919 extenderat,
1791 2864 1847 2910 et

245 2936 674 2991 abominationes
702 2936 753 2990 in
781 2938 1040 3008 templum
1072 2938 1372 3005 induxerat,
1398 2943 1740 3016 cacdibusque
1763 2963 1844 3001 ur-

244 3025 367 3082 bem
398 3028 722 3097 repleverat,
768 3029 1041 3099 multaque
1081 3031 1185 3084 alia
1232 3032 1429 3088 fecerat
1475 3051 1594 3105 quae
1632 3038 1841 3093 veniam

244 3135 352 3175 non
383 3121 729 3175 merebantur
771 3119 847 3194 (.l.
892 3121 1022 3193 Reg.
1069 3124 1165 3194 2|)
1198 3145 1210 3179 :
1243 3134 1478 3183 attamen
1524 3138 1643 3197 post
1682 3132 1838 3186 talem

243 3221 558 3282 tantamque
608 3213 980 3283 iniquitatem,
1034 3217 1215 3270 omnia
1266 3218 1353 3274 illa
1406 3221 1608 3277 scelera
1651 3224 1834 3282 abluit.

241 3303 526 3371 Quomodo
551 3313 605 3359 et
622 3320 725 3374 qua
754 3304 1000 3361 ratione?
1026 3306 1129 3362 Per
1160 3310 1524 3377 penitentiam
1549 3328 1613 3369 ac
1640 3316 1837 3371 bonum

239 3395 598 3465 propositum.

312 3488 369 3542 5.
394 3486 451 3541 Ν
454 3504 521 3541 οη
541 3496 612 3541 εει
642 3498 900 3556 peccatum
917 3490 1053 3559 quod
1070 3492 1370 3559 paenitentia:
1387 3512 1488 3549 non
1508 3498 1674 3554 cedat.
1699 3498 1837 3556 Deus

243 3595 343 3633 non
385 3579 570 3632 inuitos
609 3580 790 3632 salvat.
821 3580 1087 3645 Quomodo
1123 3599 1269 3638 orare
1296 3585 1563 3641 debeamus
1594 3599 1647 3642 ut
1674 3608 1835 3645 exau-

242 3674 471 3728 diamur.
501 3673 787 3727 Assiduitas
810 3685 1051 3743 quantum
1079 3677 1283 3733 bonum.
1309 3710 1381 3718 —
1406 3679 1521 3735 Non
1558 3692 1639 3737 est
1669 3684 1834 3748 enim,

242 3779 351 3818 non
378 3772 464 3819 est
485 3773 635 3819 certe
667 3773 962 3833 peccatum.
997 3767 1140 3837 quod
1181 3784 1284 3823 non
1310 3770 1465 3825 cedat
1488 3773 1537 3825 vi
1574 3776 1837 3842 poeniten-

242 3854 361 3919 tiae;
392 3855 504 3910 imo
531 3855 705 3925 potius
729 3857 915 3926 gratia:
933 3856 1153 3912 Christi.
1184 3859 1316 3915 Nam
1344 3861 1391 3915 si
1418 3863 1578 3918 modo
1604 3880 1835 3922 conver-

244 3954 440 4011 tamur,
471 3946 561 4002 ille
590 3946 745 4002 nobis
778 3948 932 4003 adest
964 3951 1255 4019 opitulator
1287 3970 1300 4006 :
1330 3968 1395 4009 ac
1421 3955 1466 4009 si
1497 3955 1627 4011 velis
1664 3958 1836 4014 bonus

241 4051 381 4099 esse,
414 4052 577 4092 nemo
601 4038 852 4108 impedit;
886 4040 993 4095 imo
1025 4042 1200 4111 potius
1239 4052 1323 4098 est
1347 4046 1438 4114 qui
1465 4047 1725 4117 impedire
1745 4066 1837 4107 co-

242 4137 403 4184 netur
419 4129 689 4196 diabolus,
717 4146 890 4201 neque
915 4142 1111 4202 potest,
1140 4143 1192 4188 te
1218 4137 1417 4205 optima
1445 4138 1693 4209 eligente,
1723 4142 1831 4198 sic-

242 4237 346 4291 que
375 4223 549 4277 Deum
566 4221 634 4276 ad
656 4224 1007 4292 patrocinium
1031 4226 1350 4283 attrahente.
1379 4230 1473 4284 Sin
1496 4240 1550 4285 tu
1574 4233 1829 4303 nolueris,

242 4314 336 4369 sed
377 4314 657 4383 resilieris,
701 4316 971 4385 quomodo
1012 4318 1106 4373 tibi
1157 4320 1605 4387 patrocinabitur?
1651 4326 1835 4397 Neque

242 4409 389 4462 enim
420 4406 471 4461 vi
501 4418 590 4461 aut
616 4409 955 4475 necessitate,
985 4408 1081 4463 sed
1110 4409 1362 4466 libentem
1389 4422 1439 4467 te
1466 4416 1578 4469 vult
1606 4418 1832 4475 salutem

242 4498 521 4569 consequi.
552 4497 683 4553 Nam
726 4499 771 4553 si
808 4509 859 4555 tu
886 4516 1100 4555 servum
1132 4501 1358 4558 haberes
1403 4514 1454 4559 te
1482 4507 1606 4561 odio
1636 4510 1835 4565 haben-

244 4599 347 4644 tem
378 4598 437 4644 et
473 4598 830 4656 aversantem,
878 4605 1127 4661 saepeque
1170 4593 1507 4651 recedentem
1536 4611 1599 4651 ac
1628 4597 1836 4670 fugien-

242 4692 371 4747 tem,
402 4682 582 4738 nolles
624 4694 771 4739 certe
811 4684 1065 4752 retinere,
1094 4685 1197 4740 etsi
1226 4686 1343 4755 ejus
1372 4688 1669 4746 ministerio
1697 4708 1833 4763 opus

240 4773 471 4830 haberes
502 4792 517 4828 :
547 4774 715 4828 multo
755 4775 923 4844 magis
963 4775 1124 4839 Deus,
1157 4778 1243 4846 qui
1277 4792 1380 4832 non
1426 4780 1495 4833 ob
1533 4796 1686 4836 suam
1728 4784 1831 4838 ali-

240 4882 396 4936 quam
424 4867 823 4933 necessitatem,
847 4867 940 4922 sed
968 4868 1038 4923 ob
1058 4870 1280 4923 salutem
1313 4880 1453 4926 tuam
1480 4876 1656 4929 omnia
1683 4875 1828 4945 facit,

238 4960 405 5014 nollet
429 4969 483 5013 te
521 4960 570 5012 vi
614 4960 864 5015 retinere.
894 4959 1025 5014 Cum
1054 4972 1238 5016 contra
1267 4962 1313 5016 si
1342 4970 1667 5020 voluntatem
1711 4978 1829 5023 tan-

239 5058 347 5104 tum
376 5049 659 5114 exhibeas,
688 5065 975 5120 numquam
1005 5060 1055 5106 te
1076 5052 1167 5108 ille
1189 5053 1418 5122 deseret,
1444 5060 1831 5126 quantumlibet

237 5139 484 5196 diabolus
509 5142 792 5196 adversum
818 5143 1035 5198 nitatur.
1069 5143 1247 5214 Itaque
1274 5160 1371 5201 nos
1393 5162 1550 5203 causa
1577 5152 1830 5218 perniciei

237 5241 435 5287 nostrae
462 5247 670 5287 sumus.
700 5232 883 5303 Neque
919 5234 1060 5289 enim
1100 5235 1168 5290 ad
1206 5236 1353 5290 illum
1380 5240 1700 5307 accedimus,
1736 5260 1830 5299 ne-

237 5340 337 5394 que
366 5323 641 5395 supplices
672 5325 900 5392 adimus,
932 5342 1104 5397 neque
1150 5343 1396 5398 rogamus
1431 5340 1489 5387 ut
1516 5347 1615 5402 par
1639 5346 1782 5392 esset
1812 5357 1825 5393 :

238 5417 330 5472 sed
372 5417 586 5471 etiamsi
620 5417 957 5483 accedamus,
1000 5418 1103 5473 hoe
1149 5418 1220 5473 ita
1267 5418 1489 5475 facimus
1528 5426 1677 5493 quasi
1718 5444 1824 5484 non

239 5510 597 5583 impetraturi,
642 5525 741 5565 nec
780 5526 899 5564 cum
932 5510 1036 5566 fide
1083 5514 1418 5581 congruenti,
1466 5530 1639 5585 neque
1674 5524 1826 5589 quasi

237 5604 557 5673 exigentes;
601 5601 696 5656 sed
735 5603 1025 5657 oscitantes
1075 5618 1138 5657 ac
1177 5614 1451 5673 torpentes
1491 5609 1669 5663 omnia
1696 5609 1825 5667 faci-

240 5713 375 5753 mus.
409 5699 570 5767 Atqui
602 5697 742 5753 Dens
778 5699 890 5753 vult
918 5715 1016 5754 nos
1039 5702 1189 5770 quasi
1215 5702 1491 5772 exigentes
1520 5705 1745 5775 precari,
1771 5713 1826 5760 et

240 5798 362 5842 tunc
393 5789 589 5858 gratias
615 5789 708 5845 tibi
739 5805 957 5860 magnas
982 5791 1161 5847 habet.
1192 5792 1289 5876 Hic
1314 5797 1513 5866 quippe
1542 5797 1689 5852 solus
1722 5797 1819 5853 dc-

1308 352 1372 407 IN
1413 354 1822 412 MATTHIEUM
1862 357 2088 415 HOMIL.
2132 364 2295 422 ΧΧΙΙ.
2337 372 2408 425 al.
2454 373 2640 431 XXIII.

3445 386 3547 441 506

1972 477 2129 546 bitor,
2159 488 2372 553 quando
2398 490 2673 560 exigimus,
2715 495 2909 565 gratias
2932 496 3110 567 habet,
3138 509 3193 555 et
3215 516 3274 556 ea
3297 517 3415 572 quae
3441 521 3545 559 non

1970 584 2154 627 mutuo
2179 577 2422 634 dedimus
2453 583 2643 639 reddit.
2677 585 2745 639 Et
2773 587 2817 641 si
2853 589 3008 646 valde
3048 591 3333 649 instantem
3356 596 3548 652 viderit

1969 678 2090 718 eum
2116 669 2205 735 qui
2238 671 2420 740 exigit,
2453 675 2611 729 etiam
2639 692 2721 743 ea,
2769 694 2889 749 qua:
2934 698 3037 736 non
3067 688 3273 755 accepit
3310 702 3340 740 a
3372 690 3543 754 nobis,

1970 756 2167 819 solvit;
2199 762 2241 812 si
2272 776 2398 815 vero
2441 766 2676 834 segnius,
2722 768 2813 824 ille
2849 770 3025 827 differt
3050 817 3062 837 ,
3097 790 3202 830 non
3247 778 3388 846 quod
3419 778 3545 834 dare

1968 848 2120 914 nolit,
2164 852 2257 905 sed
2304 855 2427 923 quia
2473 857 2699 915 libenter
2734 863 2879 919 videt
2906 882 3005 920 nos
3047 868 3116 923 ab
3152 871 3267 941 ipso
3308 874 3542 943 exigere.

1965 938 2194 1010 Ideoque
2217 944 2307 998 tibi
2330 950 2629 1018 exemplum
2660 956 2837 1010 attulit
2865 958 3022 1013 amici
3048 938 3188 1017 illius
3212 974 3368 1019 noctu
3394 938 3547 1020 acce-

1963 1032 2159 1099 dentis,
2203 1046 2257 1090 ct
2303 1053 2493 1107 panem
2544 1048 2790 1112 petentis,
2840 1066 3046 1106 necnon
3088 1054 3283 1123 judicis
3320 1058 3409 1126 qui
3446 1074 3545 1114 nec

1970 1122 2134 1179 Deum
2168 1128 2405 1197 timebat,
2440 1149 2539 1189 nec
2582 1136 2829 1195 homines
2866 1122 3226 1200 reverebatur.
3268 1147 3451 1218 Neque
3489 1151 3542 1205 in

1961 1221 2222 1307 exemplis
2252 1222 2507 1290 substitit,
2533 1228 2627 1283 sed
2655 1230 2706 1284 id
2735 1232 2850 1300 ipse
2874 1250 3087 1305 quoque
3112 1240 3361 1307 operibus
3388 1242 3541 1295 exhi-

1963 1306 2095 1375 buit,
2128 1317 2340 1382 quando
2369 1319 2698 1378 Phoenissam
2728 1327 2872 1382 illam
2914 1330 3191 1387 mulierem
3224 1349 3414 1405 magno
3441 1336 3542 1389 ho-

1962 1415 2201 1459 noratam
2228 1408 2368 1463 dono
2394 1413 2615 1467 remisit.
2647 1415 2700 1470 In
2732 1416 2833 1473 hac
2854 1435 2984 1475 vero
3025 1423 3275 1491 ostendit,
3302 1441 3360 1481 se
3380 1428 3538 1481 etiam

1962 1496 2072 1564 illa,
2102 1516 2219 1568 quze
2250 1516 2355 1555 non
2382 1518 2675 1574 congruere
2699 1510 2964 1574 videntur,
3013 1515 3273 1570 instanter
3314 1518 3540 1585 petenti-

1960 1588 2059 1644 bus
2085 1592 2282 1664 largiri.
2313 1595 2434 1650 Non
2464 1609 2553 1662 est,
2587 1600 2793 1671 inquit,
2843 1606 3028 1660 bonum
3069 1609 3245 1664 tollere
3269 1627 3449 1680 panem
3475 1613 3539 1680 ﬁ-

1957 1682 2161 1751 liorum,
2193 1695 2239 1739 et
2265 1690 2511 1758 projicere
2534 1695 2740 1747 canibus
2786 1695 2996 1767 (Matth.
3030 1701 3116 1755 15.
3146 1701 3260 1769 26).
3289 1703 3537 1757 Attamen

1956 1772 2105 1856 dedit
2129 1777 2250 1845 quia
2284 1779 2369 1834 illa
2412 1781 2757 1840 vehementer
2795 1790 3025 1856 petebat.
3066 1791 3166 1846 Per
3203 1792 3414 1849 Iudaeos
3437 1809 3536 1849 au-

1957 1854 2066 1920 fem
2102 1868 2449 1939 significavit,
2497 1890 2555 1929 se
2583 1854 2863 1934 desidiosis
2906 1897 2973 1935 ne
3013 1883 3099 1935 illa
3127 1885 3338 1953 quidem
3382 1885 3533 1953 dare,

1955 1973 2074 2027 quae
2112 1962 2178 2015 ad
2220 1964 2362 2032 ipsos
2400 1970 2752 2036 pertinebant.
2802 1972 2981 2041 ltaque
3030 1977 3103 2029 illi
3150 1977 3281 2031 nihil
3310 1994 3534 2048 accepe-

1954 2058 2097 2115 runt,
2127 2054 2220 2107 sed
2258 2057 2417 2111 etiam
2445 2075 2538 2113 sua
2570 2062 2930 2129 perdiderunt.
2970 2066 3037 2120 Et
3076 2068 3125 2121 lii
3153 2070 3387 2138 quidem,
3410 2072 3533 2141 quia

1956 2156 2062 2196 non
2106 2145 2370 2212 petierunt
2401 2150 2441 2215 ³,
2488 2167 2555 2205 ne
2581 2167 2674 2207 sua
2713 2156 2924 2222 quidem
2963 2174 3256 2228 accepere:
3292 2162 3374 2216 illa
3406 2178 3534 2218 vero

1954 2234 2076 2301 quia
2108 2237 2452 2294 vehementer
2478 2242 2685 2309 institit,
2712 2247 2881 2301 aliena
2908 2252 3079 2317 potuit
3108 2252 3207 2305 sibi
3240 2253 3528 2321 vindicare,

1950 2334 2005 2380 et
2031 2342 2150 2397 qu:e
2180 2330 2407 2386 filiorum
2430 2348 2579 2389 erant
2598 2339 2817 2392 catellus
2834 2342 3055 2409 accepit.
3078 2342 3303 2398 Tantum
3332 2346 3529 2399 bonum

1950 2428 2035 2473 est
2058 2420 2359 2476 assiduitas.
2394 2424 2507 2481 Etsi
2547 2430 2689 2483 enim
2715 2431 2862 2485 canis
2900 2430 3084 2497 fueris,
3135 2435 3179 2488 si
3228 2435 3532 2507 frequenter

1951 2511 2137 2579 instes,
2180 2514 2289 2568 lilio
2321 2516 2489 2572 desidi
2533 2525 2874 2589 anteponeris
2905 2543 2917 2578 :
2949 2541 3067 2594 quae
3096 2528 3239 2581 enim
3270 2544 3374 2583 non
3406 2545 3531 2599 pcr-

1950 2600 2075 2655 fecit
2126 2606 2378 2673 amicitia,
2429 2609 2480 2662 id
2529 2612 2751 2679 perfecit
2801 2616 3084 2671 assiduitas
3132 2621 3405 2688 precandi.
3454 2622 3532 2675 Ne

1949 2693 2095 2748 dicas
2131 2695 2308 2765 igitur,
2358 2698 2608 2755 Inimicus
2648 2705 2775 2759 mihi
2824 2716 2903 2760 est
2930 2707 3089 2775 Deus,
3140 2726 3239 2764 nec
3285 2712 3532 2767 exaudiet

1950 2802 2055 2842 me.
2090 2788 2207 2844 Cito
2247 2792 2338 2845 tibi
2371 2795 2731 2864 respondebit,
2776 2799 2819 2852 si
2851 2799 3153 2871 frequenter
3188 2804 3333 2858 illum
3367 2806 3531 2860 inter-

1950 2879 2114 2947 pelles
2158 2889 2210 2935 et
2241 2898 2463 2952 urgeas;
2498 2895 2550 2939 et
2581 2889 2623 2941 si
2663 2904 2769 2943 non
2810 2891 2878 2945 ob
2921 2893 3227 2959 amicitiam,
3277 2906 3423 2951 certe
3461 2899 3531 2952 ob

1947 2972 2312 3030 assiduitatem
2342 2995 2357 3031 :
2388 2994 2449 3032 ac
2478 2996 2650 3048 neque
2673 2982 2969 3053 inimicitia,
3004 3001 3178 3055 neque
3212 2987 3530 3056 importuni-

1948 3074 2047 3132 tas,
2079 3083 2250 3138 neque
2271 3071 2408 3123 aliud
2439 3074 2707 3142 quidpiam
2752 3076 3130 3148 impedimento
3158 3095 3278 3135 esse
3312 3081 3525 3150 poterit.

1943 3157 2021 3212 Ne
2050 3159 2218 3224 dicas,
2257 3161 2372 3215 Non
2418 3180 2532 3217 Slllll
2569 3166 2791 3236 dignus,
2839 3170 2959 3225 ideo
2998 3188 3101 3224 non
3142 3187 3329 3241 precor
3360 3190 3373 3232 :
3404 3189 3527 3228 nam

1947 3250 2065 3305 talis
2094 3262 2208 3306 erat
2231 3255 2658 3325 Syrophoenissa.
2701 3259 2777 3315 Ne
2805 3262 2972 3328 dicas,
3002 3263 3222 3319 Multum
3269 3266 3525 3335 peccavi,

1944 3357 2044 3397 nec
2075 3359 2287 3413 possum
2333 3349 2522 3403 iratum
2568 3367 2757 3421 rogare
2808 3373 2820 3407 :
2869 3370 2975 3408 non
3032 3356 3171 3411 enim
3215 3358 3524 3427 dignitatem

1944 3437 2084 3491 Deus
2121 3449 2345 3508 spectat,
2379 3442 2474 3497 sed
2510 3445 2857 3502 voluntatem.
2888 3448 3018 3502 Nam
3050 3450 3094 3504 si
3135 3450 3424 3521 principem
3464 3454 3528 3506 il-

1943 3527 2050 3583 lum
2076 3532 2164 3600 qui
2195 3548 2293 3588 nec
2321 3533 2484 3587 Deum
2512 3536 2749 3604 timebat,
2773 3554 2871 3593 nec
2894 3541 3134 3597 homines
3162 3545 3523 3611 reverebantur,

1943 3621 2095 3675 vidua
2121 3622 2322 3678 inﬂexit
2343 3643 2355 3677 :
2375 3627 2540 3681 multo
2556 3630 2721 3699 magis
2736 3630 2933 3685 bonum
2949 3632 3049 3686 sibi
3068 3634 3297 3689 attrahet
3314 3636 3523 3692 assidua

1942 3716 2276 3785 supplicatio.
2302 3718 2376 3773 Ita
2408 3731 2467 3773 ut
2485 3721 2691 3775 etiamsi
2710 3738 2814 3776 non
2848 3724 3052 3778 amicus
3069 3726 3163 3793 sis,
3187 3730 3394 3782 etiamsi
3419 3744 3525 3785 non

1941 3809 2119 3864 debita
2139 3811 2339 3881 exigas,
2364 3813 2570 3866 etiamsi
2586 3822 2802 3882 paterna
2826 3814 2963 3869 bona
2984 3817 3363 3887 absumpseris,
3390 3822 3527 3875 mnl-

1942 3908 2102 3971 toque
2132 3911 2370 3972 tempore
2417 3905 2611 3959 absens
2659 3906 2840 3971 fueris,
2892 3909 3098 3962 etiamsi
3135 3909 3367 3980 degener
3409 3926 3527 3967 om-

1940 3994 2193 4064 niumque
2215 4005 2551 4066 postremus,
2586 3999 2794 4054 etiamsi
2831 4000 3025 4056 iratum
3055 4003 3524 4077 indignantemque

1940 4086 2268 4152 convenias;
2300 4087 2353 4141 in
2382 4089 2619 4142 animum
2656 4090 2875 4146 inducas
2903 4102 3101 4147 tantum
3130 4098 3336 4163 precari
3362 4107 3521 4169 atque

1939 4177 2006 4231 ad
2035 4177 2184 4232 illum
2211 4179 2405 4243 redire,
2445 4187 2500 4235 et
2524 4182 2701 4237 omnia
2741 4184 2993 4254 accipies,
3020 4196 3180 4257 atque
3209 4190 3339 4243 iram
3370 4189 3524 4245 dam-

1939 4270 2314 4340 nationemqne
2338 4273 2513 4326 statim
2539 4274 2861 4345 exstingues.
2882 4278 3039 4347 Atqui
3062 4294 3268 4348 precor,
3290 4282 3519 4352 inquies,

1939 4368 1993 4414 et
2024 4360 2155 4414 nihil
2183 4363 2420 4430 proficio.
2452 4363 2558 4418 Sed
2602 4380 2709 4419 non
2755 4369 2987 4435 precaris
3027 4379 3085 4423 ut
3130 4371 3234 4436 illi,
3278 4382 3333 4426 ut
3360 4374 3522 4443 Syro-

1938 4451 2231 4520 phoenissa,
2263 4454 2403 4520 dico,
2438 4464 2492 4508 ut
2515 4458 2715 4512 amicus
2757 4459 3068 4529 intempesta
3094 4474 3249 4519 nocte
3276 4466 3518 4535 veniens,

1940 4554 1991 4598 ut
2026 4546 2179 4599 vidua
2218 4562 2335 4616 qua:
2377 4548 2681 4617 frequenter
2715 4551 2947 4619 judicem
2997 4556 3235 4626 urgebat,
3283 4573 3338 4614 ut
3381 4560 3520 4618 ﬁlius

1936 4636 2025 4706 qui
2059 4646 2275 4706 paterna
2304 4639 2438 4693 bona
2456 4641 2845 4710 absumpserat.
2869 4645 3002 4700 Nam
3018 4648 3060 4701 si
3087 4650 3162 4703 sic
3188 4664 3390 4715 orares,
3413 4654 3520 4707 cito

1938 4728 2271 4799 impetrares.
2302 4731 2511 4786 Etenim
2552 4736 2758 4789 etiamsi
2786 4740 3105 4794 contumelia
3149 4742 3370 4797 affectus
3400 4745 3468 4798 sit
3501 4762 3515 4807 ;

1936 4828 1989 4873 at
2015 4830 2165 4889 pater
2197 4830 2318 4876 est:
2351 4824 2557 4878 etiamsi
2598 4825 2765 4881 iratus
2799 4839 2900 4896 est,
2946 4837 3003 4883 at
3050 4832 3186 4886 filios
3225 4846 3405 4889 amat:
3434 4846 3517 4889 at-

1934 4927 2039 4982 que
2080 4928 2245 4968 unum
2279 4923 2479 4970 tantum
2511 4921 2731 4986 quzcrit,
2777 4936 2880 4976 non
2919 4922 2987 4978 de
3027 4928 3363 4982 contumeliis
3404 4943 3515 4996 poe-

1935 5018 2032 5058 nas
2048 5005 2282 5074 exigere,
2311 5008 2403 5061 sed
2423 5016 2473 5062 te
2489 5024 2804 5065 conversum
2836 5023 2887 5067 et
2913 5017 3294 5086 supplicantem
3314 5020 3512 5074 videre.

2005 5096 2058 5148 6.
2098 5095 2329 5150 Charitas
2360 5098 2453 5152 Dei
2495 5116 2614 5171 erga
2643 5119 2755 5156 nos.
2797 5104 2878 5157 Ad
2907 5106 3074 5175 ipsum
3098 5110 3386 5163 accedentes
3416 5111 3514 5164 iut-

1934 5188 2138 5255 portuni
2166 5204 2437 5258 numquam
2456 5202 2591 5244 sunt.
2622 5222 2693 5232 ——
2720 5193 2925 5249 Utinam
2958 5212 3053 5251 nos
3085 5198 3155 5251 ita
3183 5201 3513 5267 arderemns,

1933 5289 1991 5334 ut
2015 5281 2219 5335 viscera
2246 5283 2334 5336 illa
2360 5283 2425 5337 ad
2453 5284 2790 5342 dilectionem
2818 5304 2942 5359 erga
2975 5306 3071 5345 nos
3099 5292 3512 5350 inﬂammantur.

1930 5370 2036 5426 Sed
2057 5371 2193 5440 ignis
2213 5372 2301 5427 ille
2326 5376 2656 5429 occasionem
2678 5379 2850 5431 solum
2876 5382 3127 5449 requirit:
3149 5393 3203 5437 et
3226 5384 3269 5436 si
3296 5400 3514 5455 parvam

1932 5464 2005 5517 illi
2034 5465 2315 5519 scintillam
2348 5467 2619 5535 prtebeas,
2651 5470 2915 5539 ingentem
2958 5471 3337 5529 beneficiorum
3364 5476 3515 5531 tiam-

1931 5573 2074 5612 mam
2101 5559 2367 5614 accendis.
2398 5558 2579 5629 Neque
2605 5561 2748 5615 enim
2780 5564 2919 5633 quod
2947 5566 3267 5622 contumelia
3295 5567 3513 5627 aﬂ‘ectns

1931 5649 2020 5711 sit,
2058 5649 2360 5720 indignatur
2383 5692 2397 5715 ,
2428 5651 2520 5705 sed
2549 5652 2671 5721 quia
2715 5662 2768 5707 tu
2795 5657 3212 5714 contumeliosus
3256 5673 3313 5715 es
3338 5701 3354 5727 ,
3379 5670 3431 5715 et
3458 5671 3514 5717 ut

1996 5808 2012 5838 ³
2046 5805 2209 5869 savil.,
2230 5807 2343 5872 quia
2363 5809 2652 5873 negligenter
2675 5810 2924 5874 petierunt.
