4038 6364
577 365 683 423 3'07

565 482 757 540 ebrius
779 482 927 539 furis.
949 481 1005 539 Si
1025 481 1166 538 enim
1183 495 1283 537 nos
1308 483 1432 538 mali
1453 497 1574 538 cum
1598 477 1786 550 simus,
1804 484 1855 538 si
1874 493 2157 538 contume-

597 573 700 630 iosi
723 574 830 630 sint
857 573 970 636 lilii,
999 575 1095 642 pro
1118 573 1224 627 illis
1253 571 1499 628 dolemus
1531 591 1545 628 :
1573 581 1774 644 quanto
1798 573 1966 643 magis
1994 573 2154 638 Deus,

573 667 669 738 qui
701 666 890 736 injuria
918 665 1056 720 afﬁci
1079 666 1280 736 nequit,
1309 681 1406 736 pro
1441 666 1611 736 teipso
1643 665 2032 721 contumelioso
2070 665 2158 720 in-

575 758 866 830 dignatur?
895 759 952 814 Si
983 773 1101 826 nos,
1131 759 1219 828 qui
1247 767 1434 814 natura
1463 759 1732 830 diligimus
1759 777 1772 813 :
1797 759 1962 814 multo
1989 759 2157 829 magis

577 850 687 919 ille,
719 850 802 921 qui
837 850 973 905 ultra
1001 861 1245 906 naturam
1274 851 1464 922 diligit.
1491 850 1648 918 Nam,
1677 850 1788 905 Etsi
1814 851 2152 916 obiiciuntur,

569 942 764 1012 inquit,
797 943 977 997 mulier
1019 943 1272 1015 infantum
1307 944 1446 998 uteri
1479 945 1578 1009 sui,
1607 944 1697 998 sed
1723 959 1815 1016 ego
1848 960 1949 998 non
1974 943 2154 998 oblivi-

545 1049 687 1114 ~scar
707 1035 800 1099 tui,
833 1036 955 1088 dicit
974 1035 1222 1090 Dominus
1253 1035 1401 1107 (Isai.
1436 1037 1524 1092 i9.
1558 1035 1670 1108 15).
1691 1037 2022 1092 Accedamus
2053 1037 2153 1108 igi-

573 1135 662 1180 tur
681 1125 747 1180 ad
777 1141 901 1182 eum
922 1137 978 1180 et
1001 1127 1240 1182 dicamus
1265 1145 1278 1180 :
1309 1127 1519 1195 Etiam,
1542 1126 1800 1194 Domine;
1830 1143 1949 1181 nam
1978 1135 2026 1182 et
2068 1144 2156 1182 ca-

570 1218 682 1273 telli
714 1219 866 1273 edunt
889 1219 951 1273 de
977 1220 1150 1286 micis,
1181 1233 1293 1288 qua:
1318 1217 1504 1273 cadunt
1528 1221 1591 1274 de
1621 1231 1794 1274 mensa
1835 1220 2154 1274 dominorum

564 1327 776 1367 suorum
805 1313 1013 1384 (Matth.
1037 1314 1124 1368 15.
1152 1311 1267 1386 27).
1295 1312 1626 1368 Accedamus
1653 1313 1829 1383 itaque
1855 1320 2153 1382 opportune

566 1415 626 1461 et
646 1406 948 1477 importune
970 1423 986 1474 ;
1009 1407 1117 1461 imo
1131 1420 1258 1461 vero
1284 1403 1570 1476 numquam
1589 1419 1869 1475 possumus
1896 1405 2154 1475 importu-

570 1513 642 1554 ne
691 1498 991 1555 accedere:
1023 1501 1381 1568 importunum
1415 1498 1612 1568 quippe
1659 1505 1741 1552 est
1787 1511 1892 1551 non
1939 1495 2152 1553 assidue

562 1591 737 1648 adire.
776 1591 908 1646 Nam
950 1605 1072 1647 eum
1097 1633 1112 1654 ,
1138 1591 1228 1660 qui
1259 1590 1388 1644 dare
1427 1591 1624 1661 gestit,
1661 1598 2019 1658 Opportunum
2067 1597 2152 1644 est

567 1699 780 1754 semper
801 1698 1007 1756 rogare.
1040 1681 1498 1752 Quemadmodum
1528 1681 1668 1737 enim
1695 1683 1960 1752 respirare
1989 1695 2147 1736 num-

561 1791 728 1846 quam
759 1776 1120 1846 importunum
1150 1785 1268 1842 est,
1299 1775 1375 1830 sic
1403 1785 1457 1830 et
1486 1783 1668 1845 petere
1697 1790 1982 1843 numquam
2007 1815 2021 1839 ,
2051 1774 2148 1829 sed

565 1883 672 1924 non
697 1877 878 1940 petere
905 1879 985 1924 est
1020 1877 1403 1939 Importunum.
1443 1860 1662 1923 Etenim
1693 1867 1830 1921 sicut
1849 1868 1950 1922 hac
1973 1863 2146 1937 respi-

563 1962 770 2018 ratione
795 1976 929 2031 opus
951 1962 1206 2017 habemus
1226 2003 1241 2026 ,
1269 1963 1346 2016 sic
1366 1970 1420 2016 et
1439 1961 1557 2028 ejus
1582 1960 1779 2015 auxilio
1806 1973 1824 2014 :
1855 1975 1918 2015 ac
1945 1959 1992 2013 si
2015 1959 2147 2014 veli-

560 2065 702 2118 mus,
732 2052 883 2108 facile
913 2053 1085 2122 ipsum
1110 2052 1176 2106 ad
1197 2066 1296 2106 nos
1310 2051 1659 2106 attraltemus.
1688 2050 1752 2104 Et
1774 2044 1876 2104 hoc
1904 2049 2145 2105 indicans

559 2145 842 2217 prepheta,
869 2145 1251 2215 declaransque
1283 2145 1448 2200 Deum
1475 2143 1824 2199 ad'beneiicia
1845 2141 2143 2211 praastanda

560 2252 778 2308 semper
801 2247 1068 2307 paratum,
1100 2236 1310 2292 dicebat
1342 2253 1356 2289 :
1388 2235 1532 2291 Sicut
1575 2234 1858 2289 diluculum
1907 2244 2142 2305 paratum

557 2328 865 2384 inveniemus
903 2344 1018 2383 eum
1069 2327 1226 2396 (Osee
1253 2327 1306 2384 6.
1345 2328 1426 2397 '5).
1467 2327 1686 2394 Quoties
1721 2327 1862 2380 enim
1907 2325 1973 2380 ad
2016 2341 2140 2381 eum

557 2419 942 2474 accesserimus
961 2460 975 2482 ,
1011 2427 1191 2472 nostra
1218 2426 1612 2488 exspectantem
1641 2415 1958 2471 videbimus.
1985 2416 2142 2484 Quod

556 2511 602 2566 si
632 2510 844 2565 nihilex
864 2510 981 2580 ejus
999 2510 1196 2565 virtute
1215 2525 1313 2564 ceu
1333 2509 1453 2564 fons
1469 2509 1793 2564 scaturiente
1809 2507 2138 2574 hauriamus,

559 2613 738 2658 nostra
765 2604 918 2672 culpa
948 2612 1030 2658 est
1055 2604 1292 2657 omnino.
1324 2601 1436 2658 Hoc
1464 2603 1606 2658 enim
1638 2602 1853 2658 Judaeos
1886 2602 2140 2659 incusans

554 2691 766 2747 dicebat
794 2709 807 2746 :
836 2692 1191 2746 Misericordia
1229 2701 1400 2746 autem
1440 2709 1554 2746 mea
1588 2701 1643 2748 ut
1687 2692 1841 2746 nubes
1868 2693 2136 2761 matutina,

553 2791 602 2836 et
625 2782 752 2836 sicut
775 2797 860 2837 ros
877 2798 1024 2836 mane
1049 2783 1382 2852 pertransiens
1416 2780 1574 2854 (Ibid.
1604 2798 1652 2836 υ.
1681 2782 1758 2852 4).
1784 2781 1937 2850 Quod
1956 2791 2134 2837 autem

1281 367 1345 426 S.
1382 361 1660 425 JOANNIS
1694 361 2166 424 CHRYSOSTOMI
2204 365 2523 426 ARCHIEP.
2561 353 3098 430 CONSTANTINOP.

3739 375 3835 430 508

2265 482 2425 550 dicit,
2458 485 2763 558 bujusmodi
2800 499 2888 545 est
2913 507 2926 544 :
2951 489 3064 560 Ego
3109 490 3325 560 quidem
3376 506 3495 562 quas
3539 505 3657 547 mea
3698 505 3839 548 erant

2265 577 2441 632 omnia
2469 579 2730 648 praestiti;
2761 579 2858 637 vos
2884 597 3012 638 vero
3034 623 3050 648 ,
3076 583 3528 654 quemadmodum
3554 584 3632 640 sol
3659 586 3839 642 ardens

2260 676 2647 744 superveniens
2673 685 2728 732 et
2754 678 2950 733 nubem
2981 687 3037 734 et
3063 693 3242 734 rorem
3272 677 3573 749 dissipate:
3596 678 3836 748 occultat,

2264 766 2344 821 sic
2371 766 2441 822 ob
2464 768 2685 824 multant
2713 771 3000 840 nequitiam
3027 767 3352 826 ineffabilem
3397 769 3687 840 reprimitis
3716 771 3838 826 libe-

2263 852 2546 915 ralitatem.
2576 860 2632 916 ld
2657 861 2797 932 quod
2837 871 3010 918 tamen
3048 861 3393 933 providentia:
3416 872 3520 918 est.
3565 861 3696 917 Nam
3724 877 3836 918 cum

2263 950 2508 1024 indignos
2532 953 2678 1010 videt
2699 969 2798 1010 nos
2820 957 2911 1027 qui
2940 955 3094 1012 bonis
3124 943 3442 1020 afficiamur,
3470 951 3726 1011 beneficia
3753 971 3836 1012 re-

2263 1044 2418 1110 tinet,
2449 1058 2517 1099 ne
2571 1061 2671 1100 nos
2716 1045 2929 1102 desides
2966 1045 3182 1101 efficiat.
3214 1043 3274 1104 Si
3315 1057 3492 1101 autem
3531 1047 3616 1100 vel
3661 1041 3835 1116 parum

2261 1137 2654 1205 convertamur,
2685 1141 2887 1194 tantum
2926 1138 3184 1195 'videliCet
3225 1150 3481 1210 quantum
3524 1152 3660 1209 opus
3683 1147 3761 1193 est
3784 1149 3836 1194 ut

2259 1242 2644 1297 cognoscamus
2663 1245 2762 1285 nos
2783 1229 3049 1300 peccasse,
3075 1230 3192 1301 plus
3217 1245 3374 1301 quam
3406 1229 3578 1284 fontes
3603 1231 3833 1298 scaturit,

2262 1317 2382 1386 plus
2403 1334 2561 1402 quam
2583 1319 2801 1390 pelagus
2831 1319 3026 1376 diffluit
3054 1338 3068 1375 :
3099 1321 3154 1375 et
3177 1329 3377 1386 quanto
3403 1319 3604 1389 majora
3619 1319 3834 1390 accepe-

2259 1407 2355 1475 ris,
2387 1418 2534 1465 tanto
2560 1412 2730 1482 magis
2767 1411 2964 1483 gaudet
2993 1430 3006 1466 :
3039 1411 3270 1482 hincque
3297 1410 3366 1467 ad
3396 1411 3545 1481 plura
3582 1409 3754 1466 danda
3780 1424 3834 1466 se

2258 1509 2555 1571 comparat.
2577 1501 2711 1557 Nam
2745 1502 2962 1559 divitias
2996 1519 3122 1559 suas
3160 1505 3396 1559 nostram
3421 1512 3572 1574 putat
3607 1517 3726 1559 esse
3750 1497 3832 1558 sa-

2257 1594 2445 1658 lutem,
2491 1604 2546 1650 et
2585 1595 2756 1664 ipsam
2796 1595 2956 1650 dandi
2985 1597 3288 1666 petentibus
3329 1596 3628 1666 largitatem
3661 1595 3833 1666 :quod

2258 1684 2419 1740 etiam
2447 1685 2648 1741 Paulus
2676 1687 2754 1742 sic
2772 1685 3077 1742 declarabat
3107 1703 3120 1740 :
3154 1685 3307 1742 Diues
3330 1691 3384 1740 in
3399 1703 3592 1749 omnes.
3620 1697 3669 1740 et
3692 1703 3833 1755 super

2257 1787 2431 1830 omnes
2454 1776 2542 1846 qui
2568 1775 2802 1832 invocant
2841 1777 2986 1831 illum
3038 1777 3213 1849 (Rom.
3243 1777 3331 1833 10.
3367 1775 3477 1847 12).
3523 1776 3658 1832 Cum
3697 1776 3855 1839 enim.

2256 1883 2362 1922 non
2391 1867 2645 1938 petimus,
2673 1877 2800 1924 tunc
2827 1867 3107 1934 irascitur;
3135 1863 3258 1924 cum
3287 1883 3393 1922 non
3441 1867 3692 1938 petimus,
3717 1878 3833 1923 tunc

2255 1969 2552 2013 aversatur.
2585 1959 2710 2015 Ideo
2735 1966 2936 2030 pauper
2971 1959 3092 2027 fuit,
3124 1970 3181 2016 ut
3209 1976 3308 2016 nos
3336 1961 3537 2016 divites
3563 1975 3829 2027 essemus;

2255 2050 2376 2105 ideo
2405 2050 2492 2105 illa
2517 2051 2696 2106 omnia
2728 2052 2966 2122 pertulit,
2997 2063 3054 2108 ut
3078 2068 3176 2108 nos
3203 2053 3270 2108 ad
3294 2052 3579 2123 petendum
3602 2061 3827 2109 vocaret.

2252 2139 2331 2196 Ne
2360 2139 2538 2210 itaque
2565 2141 2948 2212 desperemus:
2973 2143 3068 2198 sed
3108 2143 3206 2198 has
3229 2142 3541 2199 occasiones
3565 2152 3624 2198 et
3646 2143 3831 2199 bonam

2251 2245 2404 2301 spem
2440 2231 2694 2288 habentes
2717 2275 2733 2301 ,
2757 2234 2966 2290 etiamsi
2998 2249 3092 2304 per
3117 2234 3357 2305 singulos
3379 2233 3496 2291 dies
3521 2233 3828 2306 peccamus,

2252 2321 2571 2377 accedamus
2597 2334 2868 2394 rogantes,
2898 2323 3263 2391 obsecrantes,
3285 2327 3624 2394 peccatorum
3645 2323 3830 2380 remis-

2252 2415 2459 2472 sionem
2489 2424 2748 2486 petentes.
2777 2417 2868 2473 Sic
2891 2418 3035 2472 enim
3061 2426 3116 2473 et
3132 2417 3200 2472 ad
3225 2416 3551 2488 peccandum
3573 2416 3830 2472 tardiores

2250 2506 2574 2576 efficiemur,
2606 2519 2662 2565 et
2689 2509 2965 2565 diabolum
3012 2508 3376 2580 depeliemus,
3416 2525 3481 2565 ac
3508 2509 3605 2565 Dei
3633 2509 3831 2564 miseri-

2249 2597 2486 2653 cordiam
2518 2599 2944 2670 provocabimus,
2969 2600 3249 2671 futuraque
3263 2605 3658 2670 consequemur
3677 2600 3825 2664 bona,

2248 2691 2418 2760 gratia
2443 2701 2497 2747 et
2524 2692 2850 2763 benignitate
2882 2693 3094 2749 Domini
3120 2693 3288 2748 nostri
3324 2692 3453 2748 JeSu
3480 2691 3718 2758 Christi,
3748 2691 3827 2747 cui

2247 2783 2421 2852 gloria
2451 2794 2506 2841 et
2535 2785 2817 2858 imperium
2840 2787 2891 2842 in
2921 2789 3116 2844 saecula
3146 2787 3486 2844 saeculorum.
3513 2787 3708 2845 Amen.

1663 2983 2011 3047 HOMILIA
2052 2971 2295 3044 XXIIII.
2338 2983 2426 3046 al.
2472 2973 2711 3050 XXIV.

694 3107 823 3163 CAP.
863 3107 918 3162 7.
957 3122 1007 3161 ν.
1041 3107 1091 3161 1.
1122 3097 1296 3160 Nolite
1310 3102 1564 3177 judicare,
1593 3123 1657 3160 ne
1678 3106 1988 3174 judicentini.

614 3183 646 3253 ’1
662 3239 675 3252 .
696 3198 869 3265 Illius,
891 3195 1068 3253 Nolite
1093 3193 1351 3268 judicare,
1372 3197 1760 3266 explanatio.—
1778 3196 1912 3264 Quid
1941 3195 2138 3266 igitur?

535 3285 655 3345 nun
690 3297 904 3360 oportet
939 3297 1222 3360 peccantes
1242 3285 1492 3343 accuSare
1511 3289 1534 3342 ?
1555 3287 1685 3342 Nam
1713 3296 1768 3343 et
1792 3287 1986 3343 Paulus
2034 3287 2137 3342 hoc

551 3382 724 3451 ipsum
758 3381 923 3446 dicit;
950 3381 1058 3436 imo
1091 3392 1144 3437 et
1169 3381 1412 3436 Christus
1441 3379 1535 3451 per
1558 3381 1802 3446 Paulum,
1823 3381 1906 3437 his
1923 3380 2133 3436 verbis:

547 3473 646 3536 Tu,
660 3475 782 3546 quid
790 3475 996 3544 judicas
1011 3475 1219 3548 fratrem
1241 3469 1378 3528 tuum
1395 3475 1420 3529 ἱ)
1435 3485 1481 3529 et
1495 3471 1699 3546 itu,quid
1713 3476 1907 3546 spernis
1928 3476 2137 3544 fratrem

526 3569 692 3620 "tuum
724 3565 900 3636 (Rem.
944 3567 1032 3620 Ui.
1062 3564 1192 3634 10)?
1219 3565 1304 3629 Et,
1340 3563 1436 3632 Tu,
1458 3567 1570 3636 quis
1585 3583 1656 3635 es,
1684 3567 1771 3637 qui
1787 3567 1993 3637 judicas
2008 3569 2136 3622 alie-

544 3657 674 3712 num
703 3673 896 3711 servum
926 3654 1086 3730 (Ibid.
1109 3673 1156 3710 υ.
1187 3658 1242 3728 4)
1261 3655 1371 3712 ἳἘι
1395 3657 1623 3713 iterum:
1658 3658 1835 3713 Nolite
1861 3668 1979 3712 ante
2014 3669 2138 3713 tem-

545 3763 643 3820 pus
676 3749 932 3817 judicare,
973 3746 1302 3819 quoadusque
1333 3749 1497 3802 veniat
1533 3749 1781 3804 Dominus
1825 3751 1903 3822 (l.
1931 3749 2049 3804 Cor.
2078 3751 2133 3806 4.

546 3840 625 3907 5).
659 3838 767 3894 Cur
791 3847 968 3894 autem
1002 3839 1126 3893 alibi
1153 3838 1283 3893 dicit
1309 3857 1320 3890 :
1342 3841 1528 3910 Argue,
1555 3839 1777 3906 obsecra,
1799 3841 2005 3912 increpa
2038 3841 2132 3914 (2.

545 3929 682 3984 Tim.
703 3931 758 3985 4.
781 3930 878 4001 2)?
903 3938 958 3985 et
976 3929 1119 3996 alibi,
1150 3929 1422 3986 Peccantes
1447 3948 1617 3988 coram
1638 3933 1868 3986 omnibus
1887 3933 2102 4004 argue(i
2117 3971 2132 3987 .

547 4021 682 4076 Tim.
711 4021 765 4076 5.
797 4020 892 4093 20)
913 4022 938 4075 Ἰ
961 4031 1017 4076 et
1043 4020 1292 4077 Christus
1316 4021 1477 4077 Petro
1510 4041 1523 4078 :
1561 4022 1737 4090 Vade,
1767 4025 1965 4094 corripe
1987 4017 2136 4080 illum

544 4116 676 4168 inter
701 4123 748 4169 te
771 4124 820 4169 et
854 4113 1020 4185 ipsum
1048 4114 1212 4168 solum
1242 4130 1262 4169 :
1285 4116 1331 4169 si
1375 4132 1476 4170 non
1508 4117 1745 4181 audierit,
1787 4116 1948 4172 alium
1973 4130 2136 4174 tecum

542 4204 788 4276 adjunge;
803 4207 846 4259 si
866 4221 979 4259 vero
998 4222 1152 4277 neque
1162 4206 1233 4260 sic
1247 4206 1715 4270 cesserit,Eccles'ite
1729 4207 1906 4263 nuntia
1919 4210 2131 4283 (Matth.

544 4291 868 4366 1815-17)?
887 4305 940 4351 et
957 4305 1061 4350 tam
1082 4297 1275 4350 multos
1290 4295 2039 4370 constituitincrepantes,nec
2056 4320 2136 4360 so-

545 4387 658 4443 lum
689 4388 1044 4457 increpantes,
1075 4388 1169 4443 sed
1197 4389 1354 4443 etiam
1385 4389 1704 4458 punientes?
1731 4391 1865 4448 Nam
1896 4409 2016 4449 eum
2045 4397 2134 4465 qui

551 4479 756 4534 nullum
788 4479 980 4536 horum
1010 4481 1264 4548 audisset,
1287 4481 1447 4552 jussit
1475 4484 1656 4540 haberi
1685 4489 1837 4556 quasi
1863 4489 2134 4545 ethnicum

542 4580 600 4626 et
643 4572 999 4641 publicanum.
1053 4573 1162 4628 Cur
1214 4584 1391 4630 autem
1437 4576 1541 4631 illis
1586 4578 1764 4634 claves
1791 4579 2134 4639 dedit?Nam

543 4666 589 4717 si
623 4663 911 4734 judicaturi
937 4680 1042 4719 non
1057 4675 1200 4734 sunt,
1220 4667 1417 4722 nullam
1445 4667 1718 4726 habebunt
1737 4674 2130 4742 auctoritatem,

548 4763 604 4809 et
645 4755 841 4809 frustra
885 4756 1082 4826 ligandi
1131 4767 1290 4827 atque
1311 4759 1555 4814 solvendi
1577 4759 1948 4818 auctoritatem
1973 4779 2131 4821 acce-

546 4855 764 4916 perunt.
806 4846 877 4901 Et
913 4849 1145 4917 alioquin
1165 4889 1182 4916 ,
1217 4850 1261 4903 si
1294 4849 1396 4905 hoc
1423 4851 1682 4918 obtineat,
1713 4855 1891 4908 omnia
1919 4870 2134 4924 pessum

545 4940 720 5007 ibunt,
743 4949 798 4995 et
819 4940 872 4994 in
905 4939 1168 5006 ecclesiis,
1199 4953 1253 4997 et
1279 4943 1334 4997 in
1358 4940 1681 5012 civitatibus,
1701 4941 1834 5000 etin
1861 4945 2132 5004 domibus.

543 5031 679 5088 Nam
730 5033 978 5088 dominus
1023 5050 1236 5090 servum
1281 5045 1336 5091 et
1379 5034 1592 5093 domina
1642 5040 1887 5096 ancillam
1917 5083 1933 5107 ,
1984 5034 2136 5112 pater

544 5124 736 5191 filium,
763 5125 968 5180 amicus
995 5119 1225 5180 amicum
1252 5127 1353 5181 nisi
1373 5126 1751 5198 judicaverint,
1778 5133 2011 5202 nequitia
2039 5150 2136 5188 att-

540 5216 770 5286 gebitur.
795 5215 865 5270 Et
908 5215 1033 5286 quid
1078 5216 1218 5283 dico,
1247 5213 1452 5274 amicus
1497 5221 1767 5276 amicum?
1793 5221 2043 5278 Inimicos
2089 5225 2134 5280 'si

543 5325 649 5366 non
679 5310 999 5380 judicemus,
1032 5327 1318 5382 numquam
1351 5313 1646 5382 poterimus
1682 5310 1988 5371 inimiCitias
2020 5303 2134 5371 sol-

543 5416 691 5466 vere,
722 5401 818 5458 sed
845 5417 936 5456 sus
975 5401 1148 5473 deque
1185 5403 1366 5458 omnia
1396 5415 1689 5461 vertentur.
1729 5406 1868 5474 Quid
1897 5423 2028 5478 ergo
2066 5408 2136 5463 sit

542 5492 647 5548 hoc
686 5492 829 5562 quod
867 5493 1062 5548 dicitur
1087 5492 1372 5565 diligenter
1399 5496 1740 5552 attendamus
1763 5539 1778 5563 ,
1807 5513 1873 5553 ne
1900 5489 2136 5553 remedia

543 5583 731 5638 salutis
749 5593 806 5638 et
821 5584 963 5654 leges
991 5587 1136 5656 pacis
1157 5595 1301 5656 putet
1327 5586 1588 5657 quispiam
1609 5603 1727 5644 esse
1747 5587 1892 5660 leges
1911 5583 2137 5644 subver-

543 5675 712 5730 sionis
736 5685 793 5730 et
817 5675 1164 5732 confusionis.
1191 5676 1325 5732 Nam
1355 5677 1420 5732 iis
1447 5680 1536 5749 qui
1565 5679 1910 5750 intelligentia
1933 5679 2133 5746 valent,

507 5764 596 5861 .in
631 5768 976 5841 sequentibus
1004 5770 1238 5829 maxime
1255 5770 1480 5842 hujusce
1505 5772 1639 5844 legis
1666 5771 1919 5830 virtutem
1948 5779 2134 5829 osten-

2244 3093 2324 3158 dit
2349 3104 2536 3163 dicens
2564 3127 2577 3160 :
2603 3109 2742 3178 Quid
2779 3111 2916 3167 rides
2957 3111 3205 3182 festucam
3239 3114 3294 3167 in
3335 3113 3484 3168 oculo
3519 3113 3695 3184 fratris
3733 3114 3820 3179 tui,

2244 3198 2435 3252 trabem
2449 3209 2617 3255 autem
2635 3218 2750 3272 qua:
2766 3213 2838 3257 est
2854 3203 2907 3257 in
2927 3203 3072 3258 oculo
3088 3211 3171 3258 tuo
3187 3219 3287 3258 non
3303 3205 3596 3260 consideras
3617 3203 3819 3276 (Matth.

2245 3287 2298 3342 7.
2329 3287 2406 3361 5).
2443 3290 2594 3358 Quod
2639 3294 2682 3347 si
2711 3293 2891 3348 multis
2923 3294 3216 3350 tardiorum
3242 3295 3259 3326 ¹
3288 3295 3488 3350 dictum
3513 3296 3695 3351 adhuc
3734 3297 3821 3350 o'b-

2241 3381 2450 3436 scurius
2465 3397 2585 3439 esse
2599 3383 2860 3450 videatur,
2884 3401 3037 3441 rema
3059 3386 3320 3457 principio
3346 3387 3561 3444 solvere
3595 3387 3818 3444 tentabo.

2245 3471 2340 3528 llic
2363 3485 2530 3541 certe,
2559 3485 2617 3530 ut
2638 3477 2764 3531 mihi
2792 3478 3005 3548 quidem
3029 3479 3270 3545 videtur,
3301 3495 3406 3535 non
3432 3481 3613 3536 omnia
3645 3495 3823 3552 pecca-

2241 3573 2292 3620 ta
2315 3566 2468 3636 jubet
2496 3583 2603 3623 non
2625 3568 2865 3639 judicare
2883 3613 2899 3639 ,
2935 3587 3107 3642 neque
3135 3573 3354 3628 omnino
3380 3583 3525 3628 vetat
3547 3573 3676 3629 illud
3704 3588 3820 3645 age-

2241 3672 2322 3724 re,
2355 3659 2448 3714 sed
2476 3658 2598 3714 illos
2621 3663 2839 3732 respicit
2868 3663 2961 3734 qui
2988 3665 3280 3721 innumeris
3309 3667 3485 3721 onusti
3510 3668 3675 3731 vitiis,
3709 3667 3818 3721 aliis

2239 3750 2310 3805 ob
2337 3751 2467 3806 levia
2502 3766 2728 3825 quaeque
2751 3755 3025 3812 insultant.
3059 3757 3282 3814 Videtur
3298 3767 3475 3815 autem
3500 3759 3591 3815 hic
3617 3759 3818 3816 inda-os

2238 3844 2596 3915 subindicare,
2625 3849 2860 3919 quicum
2886 3851 3064 3906 acerbi
3094 3861 3276 3907 essent
3303 3851 3370 3907 de
3395 3853 3558 3908 rebus
3594 3853 3818 3908 minimis

2238 3940 2543 4010 nulliusque
2568 3943 2824 3997 momenti
2853 3944 3082 4013 proximi
3112 3945 3194 3999 sui
3240 3954 3614 4012 accusatores,
3639 3957 3814 4015 magna

2239 4028 2314 4084 illi
2352 4030 2468 4087 sine
2501 4032 2622 4087 ullo.
2636 4048 2798 4088 sensu
2825 4035 3047 4090 crimina
3069 4035 3422 4091 admittebant
3453 4054 3467 4090 :
3499 4037 3644 4106 quod
3664 4039 3814 4091 etiam

2238 4122 2292 4177 in
2316 4122 2421 4179 line
2447 4125 2774 4195 exprobrans
2800 4127 2907 4182 illis
2934 4127 3148 4184 dicebat
3177 4147 3191 4183 :
3224 4127 3457 4200 Alligatis
3478 4137 3635 4183 onera
3653 4127 3818 4199 gravia

2219 4223 2286 4272 .el
2304 4214 2646 4286 importabih'a
2671 4234 2692 4272 :
2719 4233 2806 4273 vos
2829 4229 2999 4273 autem
3028 4234 3130 4274 non
3154 4221 3300 4274 uultis
3337 4236 3396 4274 ea
3434 4221 3595 4292 digito
3633 4233 3818 4274 ntovere

2238 4307 2455 4377 (Matth.
2476 4309 2568 4364 25.
2595 4312 2652 4382 ὅ)
2677 4328 2692 4378 ;
2735 4321 2809 4377 et,
2832 4310 3109 4368 Decimatis
3136 4314 3391 4367 mentham
3416 4324 3461 4368 et
3490 4314 3748 4377 anethum,
3773 4320 3817 4363 et

2238 4400 2572 4469 dereliquistis
2600 4419 2658 4457 ea
2673 4419 2785 4473 quae
2804 4400 3040 4474 graviora
3061 4415 3178 4459 sunt
3205 4405 3347 4476 legis,
3362 4405 3619 4476 judicium
3636 4445 3651 4468 ,
3678 4404 3820 4457 mise-

2237 4495 2510 4548 ricordiam
2539 4507 2586 4548 et
2615 4495 2768 4563 ﬁdem
2793 4495 2951 4567 (Ibid.
2983 4513 3032 4551 υ.
3062 4497 3174 4568 25).
3197 4496 3410 4552 Judtros
3435 4496 3597 4567 igitur
3620 4496 3818 4550 videtur

2239 4584 2292 4639 in
2322 4586 2501 4640 animo
2525 4586 2745 4654 habere,
2767 4588 2876 4658 jam
2905 4599 3031 4644 ante
3075 4589 3197 4643 illos
3224 4589 3522 4658 reprimens
3565 4588 3636 4643 ob
3673 4601 3731 4642 ea
3753 4586 3816 4641 de

2237 4679 2429 4749 quibus
2446 4679 2742 4751 discipulos
2769 4682 3067 4736 accusaturi
3093 4688 3264 4737 erant.
3287 4681 3400 4736 Etsi
3419 4681 3564 4736 enim
3589 4680 3666 4735 illi
3693 4678 3815 4734 nihil

2241 4773 2344 4828 tale
2362 4782 2753 4842 peccaverant,
2782 4774 3023 4844 quaedam
3053 4783 3234 4830 tamen
3263 4775 3391 4844 ipsis
3416 4784 3636 4844 peccata
3677 4773 3815 4827 vide-

2239 4866 2434 4922 bantur
2453 4881 2595 4935 esse,
2625 4877 2704 4936 ut,
2721 4869 3008 4924 sabbatum
3031 4883 3136 4924 non
3162 4869 3453 4924 observare
3471 4908 3486 4934 ,
3517 4866 3682 4923 illatis
3702 4877 3816 4920 ma-

2239 4959 2396 5014 nibus
2443 4959 2786 5027 manducare,
2818 4975 2938 5017 cum
2979 4960 3277 5031 publicanis
3305 4961 3654 5025 recumbere;
3683 4955 3813 5029 quod

2237 5057 2294 5103 et
2320 5049 2444 5104 alibi
2474 5050 2548 5104 ait
2574 5065 2588 5100 :
2621 5049 2930 5106 Excolantes
2960 5051 3197 5118 culicem,
3220 5061 3267 5106 et
3293 5051 3624 5124 deglutientes
3667 5063 3817 5104 came-

2239 5141 2344 5196 lum
2370 5140 2532 5214 (Ibid.
2563 5159 2612 5197 υ.
2639 5143 2760 5214 24).
2786 5144 3048 5200 Cteterum
3074 5145 3414 5199 communem
3452 5143 3520 5199 de
3544 5143 3631 5198 his
3655 5142 3815 5211 legem

2237 5233 2533 5289 constituit.
2558 5231 2860 5290 Corinthiis
2888 5243 3016 5290 vero
3043 5235 3282 5290 scribens
3312 5233 3528 5301 Paulus,
3551 5249 3666 5289 non
3692 5233 3815 5286 sim-

2235 5329 2449 5400 pliciter
2509 5327 2770 5400 prohibet
2839 5325 3130 5397 judicare,
3217 5326 3310 5382 sed
3381 5341 3476 5382 eos
3535 5327 3626 5397 qui
3681 5323 3807 5396 ipsis

2235 5433 2506 5492 praeerant
2550 5419 2794 5489 iudicare
2827 5427 2995 5486 vetat,
3031 5423 3100 5474 ’et
3154 5418 3210 5473 in
3253 5431 3421 5474 causa
3476 5431 3586 5471 non
3647 5417 3810 5470 tuam-

2235 5511 2412 5577 festa,
2474 5524 2573 5566 nec
2643 5509 2964 5580 simpliciter
3042 5519 3190 5566 vetat
3265 5519 3555 5580 peccantes
3627 5521 3807 5562 emen-

2235 5601 2385 5658 dare.
2438 5599 2622 5671 Neque
2665 5607 2800 5656 tunc
2862 5615 3054 5657 omnes
3102 5600 3221 5656 sine
3266 5600 3587 5656 discrimine
3641 5598 3805 5653 incre-

2239 5689 2436 5762 pabat;
2464 5689 2560 5744 sed
2587 5687 2880 5759 discipulos
2917 5689 3007 5758 qui
3037 5689 3319 5758 magistros
3361 5689 3646 5756 arguerent
3671 5695 3812 5738 coer-

2309 5783 2328 5814 ⁸
2361 5779 2491 5844 Vox,
2513 5776 2801 5844 tardiorum,
2824 5779 2970 5833 deest
2989 5779 3042 5830 in
3061 5777 3348 5844 quibusdam
3362 5781 3475 5828 uss.
