4038 6364
389 319 511 384 ἴση

402 442 575 496 ἅπασι
619 439 740 492 τότε
791 437 1044 508 ἐπετίμα,
1099 435 1236 489 ἀλλά
1271 435 1539 507 μαθηταῖς
1574 434 1702 505 περὶ
1741 433 2078 487 διδασκάλων

399 528 557 581 τοῦτο
607 525 854 580 ποιοῦσιν
915 524 1256 596 ἐπέπληττε,
1298 525 1395 577 καὶ
1440 525 1554 586 τοῖς
1618 521 1829 593 μυρίων
1893 523 2078 576 κακῶν

399 618 726 682 ὑπευθύνοις
793 612 953 680 οὖσι,
1017 615 1144 678 τοὺς
1189 614 1233 646 ⁶¹
1297 612 1622 676 ἀνευθύνους
1673 611 2075 666 διαϐάλλουσιν.

401 709 581 778 Ὅπερ
627 701 723 759 οὖν
778 705 873 759 καὶ
910 704 940 756 ὁ
997 701 1232 775 Χριστὸς
1271 700 1505 756 ἐνταῦθα
1546 699 1800 772 ᾐνίξατο·
1834 699 1930 752 καὶ
1980 699 2078 770 οὐχ

398 794 588 858 ἁπλῶς
636 793 887 866 ᾐνίξατο,
933 790 1070 845 ἀλλά
1119 790 1214 844 καὶ
1253 790 1420 843 πολὺν
1457 787 1727 859 ἐπέστησε
1759 787 1851 840 τὸν
1877 787 2074 856 φόϐον.

401 882 496 935 καὶ
547 882 646 953 τήν
697 880 919 934 κόλασιν
969 878 1362 949 ἀπαραίτητον.
1418 877 1524 930 Ἐν
1576 867 1624 942 ᾧ
1676 874 1791 945 γὰρ
1841 875 2076 944 κρίματι

402 972 667 1040 κρίνετε,
722 970 891 1040 φησὶ,
937 967 1318 1036 κριθήσεσθε.
1361 964 1436 1017 Οὐ
1495 963 1605 1036 γὰρ
1649 965 1856 1018 ἐκεῖνον
1905 981 2075 1017 κατα-

398 1056 636 1122 δικάζεις
659 1097 676 1123 ,
721 1057 905 1128 φησιν,
955 1055 1094 1109 ἀλλά
1142 1053 1358 1116 σαυτὸν,
1393 1053 1488 1106 καὶ
1514 1052 1742 1123 φοϐερόν
1785 1068 1866 1104 σοι
1903 1056 2076 1117 ποιεῖς

398 1143 460 1197 τὺ
509 1130 900 1216 δικαστήριον,
963 1145 1057 1198 καί
1106 1141 1353 1213 ἀκριϐεῖς
1399 1140 1500 1204 τὰς
1561 1139 1809 1203 εὐθύνας.
1867 1141 2076 1212 Ὥσπερ

399 1228 493 1286 οῦν
544 1233 602 1286 ἐν
643 1234 710 1303 τῇ
760 1231 871 1286 τῶν
915 1230 1327 1302 ἁμαρτημάτων
1375 1230 1569 1298 ἀφέσει
1625 1229 1753 1299 παρ’
1809 1228 1968 1300 ήμῶν
2018 1229 2075 1282 αἱ

399 1319 598 1390 ἀρχαὶ,
642 1318 787 1372 οῦτω
837 1319 932 1373 καὶ
979 1320 1038 1372 ἐν
1090 1318 1263 1389 ταύτῃ
1305 1319 1372 1388 τῇ
1416 1316 1596 1388 κρίσει
1637 1317 1769 1387 παρ’
1815 1315 1974 1387 ήμῶν
2007 1305 2088 1370 τὰ’

402 1407 576 1480 μέτρα
628 1407 729 1479 τῆς
800 1407 1099 1476 καταδίκης
1151 1406 1377 1459 τίθεται.
1441 1404 1577 1457 Οὐδέ
1633 1405 1743 1473 γὰρ
1799 1403 2076 1468 ὀνειδίζειν

395 1493 516 1558 δεῖ,
584 1493 706 1546 οὐδὲ
763 1493 1158 1564 ἐπεμϐαίνειν,
1219 1491 1356 1546 ἀλλὰ
1403 1491 1710 1544 νουθετεῖνο
1745 1491 1836 1543 ,οὐ
1898 1508 2071 1562 κακη-

396 1585 580 1653 γορεῖν
597 1583 664 1647 ⁸⁸,
691 1582 827 1636 ἀλλά
880 1583 1266 1654 συμϐουλεύειν
1286 1601 1300 1618 ο
1333 1582 1453 1635 οὐδὲ
1485 1583 1626 1653 μετὰ
1653 1581 1914 1646 ἀπονοίας
1949 1582 2072 1635 ἐπι-

394 1670 679 1734 τίθεσθαι,
732 1671 868 1725 ἀλλά
911 1673 1048 1743 μετά
1099 1670 1479 1742 φιλοστοργίας
1527 1670 1793 1740 διορθοῦν.
1835 1671 1910 1723 Οὐ
1961 1670 2069 1742 γάρ

395 1759 623 1822 ἐκεῖνον,
655 1758 791 1812 ἀλλά
817 1758 1012 1812 σαυτὸν
1037 1760 1239 1830 ἐσχάτῃ
1277 1758 1585 1828 παραδίδως
1611 1758 1658 1790 ⁸³
1683 1759 1925 1830 τιμωρίᾳ
1945 1798 1960 1822 ,
1993 1759 2070 1829 μὴ

395 1845 708 1918 φειδόμενος
733 1846 920 1913 αὐτοῦ,
960 1847 1122 1917 ἡνίκα
1148 1847 1214 1902 ἂν
1240 1846 1408 1918 δεήσῃ
1440 1845 1774 1918 ψηφίζεσθαι
1806 1847 1934 1918 περί
1961 1846 2071 1899 τῶν

392 1933 949 2005 πεπλημμελημένων
975 1933 1145 2006 αὐτῷ.

464 2019 530 2090 β’.
579 2022 742 2092 Ὁρᾷς
775 2023 894 2087 πῶς
924 2015 1088 2077 αὗται
1114 2025 1169 2077 αἰ
1216 2023 1311 2078 δύο
1342 2023 1554 2079 ἐντολαὶ
1599 2023 1696 2077 καὶ
1748 2021 1948 2092 κοῦφαι
1979 2023 2070 2077 καὶ

395 2108 648 2178 μεγάλων
686 2109 858 2164 αἴτιαι
910 2110 1132 2180 ἀγαθῶν
1163 2114 1275 2175 τοῖς
1323 2112 1666 2182 πειθομένοις
1689 2153 1704 2177 ,
1740 2109 1930 2180 ὥσπερ
1977 2106 2070 2164 οῦν

391 2197 706 2252 καὶκακῶν
739 2202 852 2264 τοῖς
894 2199 969 2271 μὴ
1007 2199 1402 2272 προσέχουσιν;
1435 2201 1504 2254 Ὅ
1534 2217 1594 2255 τε
1643 2198 1753 2270 γάρ
1782 2199 1964 2269 ἀφιεὶς
1989 2200 2070 2272 τῷ

390 2285 637 2357 πλησίον,
673 2287 865 2341 ἐαυτὸν
897 2288 1002 2358 πρὸ
1029 2288 1239 2342 ἐκείνου
1271 2288 1381 2342 τῶν
1406 2288 1769 2360 ἐγκλημάτων
1814 2287 2069 2359 ἀπήλλα-

393 2372 502 2440 ξεν,
527 2374 681 2428 οὐδὲν
706 2375 900 2447 καμών
924 2391 938 2407 ο
973 2377 1002 2428 ὃ
1021 2393 1080 2429 τε
1112 2375 1251 2447 μετὰ
1277 2375 1491 2446 φειδοῦς
1519 2377 1614 2429 καί
1642 2375 1972 2447 συγγνώμης
2002 2375 2070 2430 τὰ

390 2461 907 2534 πεπλημμελημένα
937 2463 1144 2534 ἑτέροις
1190 2463 1487 2528 ἐξετάσας,
1528 2464 1703 2518 πολὺν
1759 2463 1934 2534 ἐαυτῷ
1967 2464 2068 2535 τῆς

391 2547 727 2621 συγγνώμης
765 2551 856 2604 τὸν
896 2549 1088 2622 ἔρανον
1128 2551 1237 2604 ἀπὸ
1267 2551 1367 2622 τῆς
1396 2551 1579 2622 ψήφου
1606 2551 1968 2622 προαπέθετο.
2002 2552 2069 2605 Τί

389 2629 525 2703 οὗνς
559 2634 627 2691 ἂν
654 2638 925 2710 πορνεύῃ,
967 2638 1122 2709 φησί,
1160 2637 1235 2709 μὴ
1265 2639 1403 2691 εῐπω
1432 2639 1515 2691 ὅτι
1555 2639 1725 2692 κακὸν
1753 2640 1788 2711 ἠ
1823 2639 2067 2712 πορνεία,

393 2723 531 2795 μηδέ
557 2723 940 2796 διορθώσωμαι
967 2725 1013 2757 ⁸⁸
1035 2725 1127 2780 τὸν
1154 2725 1574 2794 ἀσελγαίνοντα;
1606 2725 1908 2797 Διόρθωσον
1945 2727 2065 2798 μὲν,

388 2811 527 2866 ἀλλά
566 2812 641 2884 μὴ
679 2813 756 2876 ὡς
789 2813 1074 2884 πολέμιος,
1111 2813 1247 2885 μηδὲ
1278 2813 1357 2878 ὡς
1388 2814 1580 2886 ἐχθρὸς
1606 2814 1853 2869 ἀπαιτῶν
1884 2815 2066 2886 δίκην,

287 2949 291 2958 τ
387 2898 507 2953 ἀλλ’
530 2899 607 2964 ὼς
639 2899 822 2970 ἰατρὸς
857 2901 1126 2972 φάρμακα
1147 2903 1595 2966 κατασκευάζων.
1626 2903 1760 2955 Οὐδὲ
1789 2903 1897 2977 γάρ
1923 2899 2066 2970 εἶπε,

388 2987 472 3058 μή
506 2986 715 3060 παύσῃς
755 2989 1169 3060 ἁμαρτάνοντα,
1206 2989 1373 3058 ἀλλὰ,
1425 2993 1499 3062 μὴ
1527 2990 1755 3064 κρίνῃςο
1793 2993 2065 3055 τουτέστι,

393 3073 472 3146 μὴ
500 3075 692 3147 πικρὸς
719 3076 870 3145 γίνου
907 3075 1188 3148 δικαστής.
1223 3078 1432 3142 Ἀλλως
1474 3078 1530 3132 δέ
1568 3078 1688 3132 οὐδὲ
1713 3079 1759 3110 ⁸⁵
1792 3081 1921 3150 περὶ
1959 3080 2068 3133 τῶν

393 3160 646 3232 μεγάλων
674 3162 769 3216 καί⁵
800 3162 1288 3234 ἀπηγορευμένων,
1318 3165 1454 3235 ὅπερ
1482 3163 1652 3234 ἔφθην
1687 3165 1890 3231 εἰπὼν,
1929 3166 2067 3220 άλλά

390 3249 522 3322 περὶ
557 3249 668 3302 τῶν
712 3250 834 3304 οὐδὲ
871 3250 1172 3306 δοκούντων
1215 3247 1356 3306 εἶναι
1388 3253 1878 3324 πλημμελημάτων
1907 3254 2066 3307 τοῦτο

389 3336 626 3407 εἴρηται.
655 3337 746 3390 Διὸ
771 3337 868 3392 καὶ
896 3337 1079 3408 ἐλεγεο
1122 3339 1184 3394 Τί
1219 3339 1478 3406 ,ϐλέπεις
1524 3339 1591 3392 τὸ
1624 3339 1856 3408 κάρφος
1895 3338 1964 3393 τὸ
1998 3340 2070 3393 ἐν

391 3421 472 3490 τῷ
501 3422 787 3494 ὀφθαλμῷ
813 3425 920 3480 τοῦ
958 3424 1231 3495 ἀδελφοῦ
1274 3443 1426 3492 σου;
1460 3425 1573 3479 Kal
1613 3425 1722 3497 γὰρ
1755 3427 1942 3480 πολλοί
1975 3427 2069 3481 νῦν

389 3513 552 3566 τοῦτο
595 3512 840 3566 ποιοῦσι⁶
901 3513 1006 3568 κᾶν
1064 3514 1214 3567 ἴδωσι
1275 3513 1508 3584 μοναχὸν
1542 3513 1800 3585 περιττὸν
1853 3515 2070 3586 ἱμάτιον

391 3599 612 3671 ἔχοντα,
638 3600 732 3654 τὸν
759 3600 922 3671 νόμον
960 3599 1111 3671 αὐτῴ
1168 3601 1563 3672 προϐάλλονται
1603 3601 1695 3654 τὸν
1727 3601 2068 3668 δεσποτικὸν,

391 3689 547 3743 αὐτοί
578 3688 748 3761 μυρία
778 3689 1112 3761 ἁρπάζοντες
1137 3689 1232 3742 καὶ
1269 3689 1389 3742 καθ’
1416 3687 1567 3762 [286]
1596 3689 1834 3762 ἑκάστην
1850 3691 2070 3744 πλεονε-

390 3779 650 3842 κτοῦντες
701 3777 800 3850 τὴν
850 3779 1064 3851 ἡμέραν
1096 3795 1111 3810 ο
1145 3779 1250 3832 κᾶν
1275 3778 1425 3833 ίδωσι
1448 3779 1838 3851 δαψιλεστὲρας
1862 3782 2067 3851 τροφῆς

390 3871 754 3934 ἀπολαύοντα,
771 3869 959 3943 πικροὶ
975 3871 1215 3940 γίνονται
1232 3870 1525 3941 κατήγοροι
1540 3867 1663 3923 καθ’
1684 3869 1898 3942 ἡμέραν
1915 3869 2068 3924 αὐτοί

393 3958 686 4029 μεθύοντες
717 3959 811 4012 καὶ
837 3956 1249 4028 κραιπαλῶντες
1269 3998 1284 4021 ,
1307 3957 1408 4009 οὐκ
1438 3956 1642 4020 εἰδότες
1669 3956 1751 4009 ὅτι
1777 3956 1918 4026 μετά
1955 3957 2066 4009 τῶν

390 4045 608 4100 οἰκείων
657 4045 1072 4116 ἁμαρτημάτων
1124 4045 1309 4115 μεῖζον
1357 4043 1570 4107 ἑαυτοῖς
1635 4042 1890 4097 ἐντεῦθεν
1943 4059 2069 4096 συν-

390 4133 582 4202 άγουσι
601 4133 662 4186 τὸ
690 4132 934 4206 πῦρ,καὶ
966 4133 1146 4204 πάσης
1184 4131 1410 4195 ἑαυτοὺς
1434 4130 1831 4202 ἀποστεροῦσιν
1863 4130 2060 4184 ἀπολο-

389 4221 515 4291 γίας
543 4222 610 4278 ⁸⁷.
639 4221 761 4275 Ὀτι
802 4221 903 4292 μὲν
931 4219 1039 4290 γὰρ
1087 4219 1168 4272 δεῖ
1193 4219 1332 4291 μετά
1361 4219 1646 4289 ἀκριϐείας
1672 4217 1946 4284 ἐξετάζειν
1996 4220 2063 4273 τά

391 4308 462 4362 σὰ
485 4349 502 4376 ,
556 4310 620 4363 σὺ
667 4309 885 4382 πρῶτος
931 4309 1096 4380 νόμον
1124 4307 1357 4380 ἔθηκας,
1385 4306 1529 4360 οὕτω
1556 4310 1670 4370 τοῖς
1709 4306 1802 4360 τοῦ
1835 4307 2063 4378 πλησίον

386 4395 634 4460 δικάσας.
666 4396 760 4467 Μὴ
807 4395 985 4450 τοίνυν
1021 4395 1159 4468 βαρύ
1205 4395 1390 4465 νόμιζε
1445 4391 1618 4458 εἶναι,
1653 4396 1703 4448 εἰ
1761 4396 1855 4449 καί
1901 4396 2094 4460 αὐτὸς·

391 4484 605 4556 μέλλεις
631 4483 884 4549 τοιαύτας
917 4479 1141 4554 ὑπέχειν
1179 4483 1429 4546 εὐθύνας.
1476 4483 1803 4550 Ὑποκριτὰ,
1844 4481 2064 4537 ἔκϐαλε

386 4570 624 4640 πρῶτον
658 4571 775 4640 τὴν
817 4571 1002 4625 δοκὸν
1027 4571 1096 4624 ἐκ
1130 4569 1238 4624 τοῦ
1272 4571 1581 4639 ὀφθαλμοῦ
1617 4585 1754 4624 σου.
1797 4569 2060 4624 Ἐνταῦθα

386 4660 484 4731 τὴν
523 4659 692 4730 ὀργὴν
740 4657 1076 4724 ἐνδείξασθαι
1122 4657 1368 4729 βούλεται
1407 4657 1504 4728 τήν
1543 4651 1746 4728 πολλὴν
1769 4698 1784 4721 ,
1832 4657 1899 4729 ἣν
1947 4657 2060 4728 ἔχει

385 4747 524 4818 πρὸς
551 4748 680 4810 τούς
715 4747 784 4801 τά
820 4745 1048 4800 τοιαῦτα
1094 4745 1400 4810 ποιοῦντας.
1430 4747 1541 4799 Kal
1578 4746 1688 4817 γὰρ
1713 4747 1961 4816 ὅπουπερ
1993 4745 2060 4799 ἂν

385 4835 618 4907 βουληθῇ
645 4833 816 4898 δεῖξαι
845 4833 906 4886 τὸ
953 4833 1254 4905 ἁμάρτημα
1288 4832 1430 4904 μέγα
1458 4831 1548 4896 δν,
1596 4832 1690 4885 καὶ
1732 4831 1933 4903 πολλὴν
1959 4831 2058 4902 τὴν

382 4909 471 4976 ἐπ’
510 4920 660 4992 αὐτῷ
718 4920 938 4974 κόλασιν
975 4921 1067 4974 καὶ
1115 4919 1285 4991 ὀργὴν
1315 4958 1331 4983 ,
1381 4919 1491 4973 ἀπὸ
1550 4917 1762 4990 ὕϐρεως
1805 4920 2055 4990 ἄρχεται.

383 5011 596 5082 Ὠσπερ
630 5006 724 5063 οὖν
770 5007 866 5063 καί
909 5007 1046 5081 πρὸς
1097 5008 1305 5062 ἐκεῖνον
1349 5007 1439 5062 τὸν
1484 5007 1554 5061 τά
1592 5007 1784 5061 ἐκατὺν
1827 5007 2055 5079 δηνάρια

381 5096 717 5152 ἀπαιτοῦντα
745 5095 1068 5166 ἀγανακτῶν
1115 5095 1292 5164 ἐλεγε-
1329 5095 1565 5163 Πονηρὲ
1602 5094 1813 5160 δοῦλε,
1849 5094 2056 5150 πᾶσαν

379 5185 496 5252 τὴν
522 5183 780 5254 ὀφειλὴν
813 5183 1059 5250 ἐκείνην
1094 5181 1298 5252 ἀφῆκά
1331 5198 1433 5236 σοι
1456 5199 1471 5215 ⁶
1502 5181 1645 5236 οὕτω
1675 5183 1768 5236 καὶ
1796 5182 2050 5248 ἐνταῦθα,

389 5271 717 5341 ’Υποκριτά
759 5271 835 5325 Οὐ
859 5270 969 5344 γὰρ
1004 5269 1325 5342 κηδεμονίας
1353 5271 1386 5341 ἠ
1414 5270 1638 5341 τοιαύτη
1667 5269 1846 5340 ψῆφος
1870 5312 1884 5334 ,
1919 5270 2055 5327 ἀλλά

379 5358 794 5431 μισανθρωπίας
830 5357 948 5413 ἐστί
971 5373 986 5389 ·
1020 5359 1112 5412 καὶ
1145 5359 1486 5430 προσωπεῖον
1519 5357 1617 5426 μὲν
1645 5356 2053 5428 φιλανθρωπίας

1166 320 1218 374 S.
1264 316 1548 375 JOANNIS
1585 316 2074 374 Clllll'SOSTOMl
2110 316 2431 377 ARCIIIEP.
2468 319 3019 381 CONSTANTINOP.
3069 316 3073 320 ’

3748 327 3844 383 ὗω

2177 434 2498 491 διδασκάλου
2519 437 2672 503 τάξιν
2693 438 2978 511 ἁρπάζων,
2996 437 3117 493 οὐδὲ
3145 438 3393 511 μαθητὴς
3414 437 3562 506 ἄξιος
3585 437 3660 494 ῶν
3680 436 3812 496 εἶναι
3827 457 3844 474 ο

2177 522 2267 577 διά
2294 523 2453 578 τοῦτο
2483 525 2529 557 ⁸⁸
2553 526 2853 598 ὑποκριτὴν
2881 527 3044 581 αὐτὸν
3074 527 3355 581 ἐκάλεσεν.
3395 527 3454 581 Ὀ
3494 527 3603 598 γάρ
3651 529 3708 582 ἐν
3743 531 3847 592 τοῖς

2179 611 2383 682 ἐτέρων
2403 610 2576 676 οὕτως
2609 611 2687 666 ὢν
2717 613 2946 684 πικρὸς,
2985 613 3062 677 ὼς
3090 613 3186 667 καὶ
3213 613 3283 668 τὰ
3317 615 3490 686 μικρά
3533 615 3696 678 ἰδεῖν,
3738 615 3848 677 πῶς

2177 699 2237 751 ἐν
2265 701 2380 761 τοῖς
2413 700 2527 763 σοῖς
2549 698 2692 753 οὕτω
2716 700 2946 769 γέγονας
2980 699 3226 771 ῥᾴθυμος
3248 740 3263 761 ,
3303 701 3375 766 ὼς
3418 701 3513 756 καὶ
3538 703 3606 756 τά
3647 701 3848 772 μεγάλα

2176 786 2552 858 παραδραμεῖν
2587 804 2602 852 ;
2637 789 2898 842 Ἔκϐαλε
2947 787 3186 855 πρῶτον
3239 789 3355 856 τὴν
3401 789 3587 842 δοκὸν
3621 790 3690 843 ἐκ
3747 789 3849 844 τοῦ

2176 875 2489 945 ὀφθαλμοῦ
2515 889 2654 931 σου.
2690 875 2856 947 Ὁρᾷς
2880 917 2896 941 ,
2931 875 3013 928 ὅτι
3041 875 3102 928 οὐ
3125 875 3322 929 κωλύει
3352 878 3413 929 τὸ
3443 877 3651 948 κρίνειν
3671 919 3686 942 ,
3721 877 3850 932 άλλὰ

2177 965 2386 1019 κελεύει
2416 965 2698 1019 ἐκϐάλλειν
2724 967 2769 998 ⁸⁸
2798 965 3014 1036 πρῶτον
3035 964 3134 1035 τὴν
3161 965 3318 1019 δοκὸν
3346 967 3410 1018 ἐκ
3436 966 3530 1019 τοῦ
3551 966 3848 1038 ὀφθαλμοῦ,

2175 1053 2270 1106 καὶ
2306 1053 2426 1106 τότε
2454 1052 2524 1106 τά
2557 1053 2666 1107 τῶν
2713 1052 2891 1107 ἄλλων
2940 1051 3227 1123 διορθοῦν;
3264 1054 3376 1106 Kal
3424 1054 3530 1124 γὰρ
3563 1054 3631 1108 τά
3660 1054 3849 1109 ἐαυτοῦ

2173 1157 2259 1204 τις
2289 1140 2488 1211 μᾶλλον
2511 1137 2675 1204 οἶδεν,
2715 1141 2748 1211 ἢ
2778 1140 2847 1194 τά
2877 1139 3081 1212 ἐτέρων
3109 1157 3123 1171 ο
3156 1145 3252 1195 καὶ
3284 1140 3354 1194 τά
3392 1141 3615 1210 μείζονα
3657 1141 3850 1212 μᾶλλον

2175 1229 2316 1300 ὁρᾷ,
2357 1228 2491 1300 ἢτά
2524 1228 2764 1282 ἐλάττω’
2807 1228 2904 1282 καὶ
2951 1228 3141 1282 ἐαυτὸν
3193 1228 3395 1298 μᾶλλον
3446 1229 3628 1297 φιλεῖ,
3687 1227 3720 1298 ἢ
3764 1227 3850 1281 τὸν

2174 1316 2425 1386 πλησίον.
2466 1317 2628 1369 Ὥστε
2687 1317 2738 1369 εἰ
2791 1316 3094 1388 κηδόμενος
3151 1319 3326 1380 ποιεῖς
3356 1356 3372 1381 ,
3437 1315 3636 1370 σαυτοῦ
3690 1316 3850 1386 κήδου

2175 1404 2438 1477 πρότερον
2461 1444 2476 1468 ,
2510 1403 2639 1457 ἔνθα
2695 1403 2792 1458 καὶ
2837 1404 3172 1476 σαφέστερον
3201 1406 3294 1458 καὶ
3352 1405 3535 1476 μεῖζον
3567 1403 3629 1457 τὸ
3677 1404 3852 1475 ἀμάρ-

2172 1507 2344 1562 τημα.
2375 1491 2437 1543 Εἰ
2475 1490 2532 1544 δέ
2573 1489 2771 1545 σαυτοῦ
2821 1494 3187 1563 καταφρονεῖς
3211 1531 3227 1556 ,
3259 1489 3482 1560 εὔδηλον
3511 1491 3594 1544 ὅτι
3632 1491 3731 1545 καὶ
3768 1490 3853 1546 τὸν

2173 1576 2401 1646 ἀδελφὸν
2435 1578 2480 1610 ⁷⁸
2531 1579 2594 1630 οὐ
2627 1577 2923 1648 κηδόμενος
2973 1577 3218 1649 κρίνεις,
3254 1577 3392 1631 ἀλλά
3427 1576 3601 1646 μισῶν
3639 1577 3741 1631 καί
3765 1577 3853 1630 ἐκ·

2173 1666 2492 1738 πομπεῦσαι
2523 1665 2864 1737 βουλόμενος.
2904 1668 2968 1720 Εἰ
3017 1668 3126 1740 γὰρ
3160 1667 3255 1721 καὶ
3305 1667 3416 1720 δέοι
3463 1666 3653 1719 τοῦτον
3683 1666 3855 1736 κρίνε-

2175 1754 2320 1820 σθαι,
2354 1755 2506 1826 παρά
2532 1753 2629 1808 τοῦ
2671 1754 2838 1826 μηδὲν
2862 1753 3106 1808 τοιοῦτον
3138 1755 3577 1826 ἁμαρτάνοντος,
3607 1753 3668 1806 οὐ
3708 1751 3852 1824 παρὰ

2173 1842 2288 1898 σοῦ.
2325 1842 2541 1914 Ἐπειδὴ
2571 1843 2681 1913 γάρ
2713 1842 2927 1913 μεγάλα
2951 1841 3048 1896 καὶ
3071 1842 3254 1914 ὐψηλά
3281 1841 3599 1912 φιλοσοφίας
3630 1840 3852 1907 ἐνέθηκε

2169 1929 2448 2001 δόγματα,
2477 1929 2566 1983 ῐνα
2598 1931 2673 2002 μή
2709 1947 2793 1994 τις
2842 1929 2973 2001 λέγῃ
2995 1972 3009 1994 ,
3051 1931 3134 1984 ὅτι
3167 1930 3236 1984 τά
3268 1929 3495 1982 τοιαῦτα
3542 1928 3854 1998 φιλοσοφεῖν

2169 2016 2349 2088 λόγοις
2376 2016 2596 2072 εὔκολον
2623 2060 2638 2084 ,
2672 2017 2841 2083 δεῖξαι
2884 2019 3206 2090 βουλόμενος
3244 2018 3342 2090 τὴν
3373 2017 3696 2089 παρρησίαν
3719 2056 3734 2080 ,
3762 2016 3853 2070 καὶ

2169 2107 2230 2160 τὺ
2262 2106 2452 2178 μηδενί
2487 2105 2594 2159 τῶν
2631 2107 2935 2178 εἰρημένων
2958 2105 3262 2160 ὑπεύθυνον
3286 2101 3428 2160 εἶναι
3455 2147 3470 2171 ,
3500 2104 3638 2158 ἁλλά
3675 2104 3854 2158 πάντα

2169 2192 2582 2264 κατορθωκέναι
2605 2236 2621 2261 ,
2661 2193 2870 2265 ταύτην
2905 2188 3028 2247 εἷπε
3075 2193 3178 2266 τὴν
3226 2191 3561 2264 παραϐολήν.
3588 2193 3702 2245 Kal
3742 2191 3848 2261 γὰρ

2170 2281 2265 2335 καὶ
2289 2282 2462 2344 αὐτὸς
2479 2281 2672 2353 ἔμελλε
2714 2282 2921 2354 κρίνειν
2947 2281 3083 2354 μετὰ
3112 2280 3303 2346 ταῦτα,
3322 2281 3467 2335 Οὺαί
3496 2278 3660 2345 ὑμῖν,
3678 2296 3855 2349 γραμ-

2163 2369 2374 2438 ματεῖς
2402 2370 2502 2424 καὶ
2549 2369 2855 2439 Φαρισαῖοι
2890 2369 3222 2439 ὑποκριταί,
3253 2368 3425 2439 λέγων
3450 2384 3465 2399 ο
3515 2367 3633 2422 ἀλλ’
3659 2367 3764 2421 οὐκ
3788 2363 3853 2438 ἦν

2170 2461 2470 2524 ὑπεύθυνος
2495 2462 2608 2525 τοῖς
2647 2461 2957 2532 εἰρημένοις
2978 2476 2991 2490 ·
3020 2459 3144 2514 οῦτε
3183 2457 3294 2530 γάρ
3325 2457 3538 2531 κάρφος
3574 2455 3851 2524 ἐξέϐαλεν,

2169 2548 2294 2604 οὔτε
2321 2549 2476 2604 δοκὸν
2499 2545 2644 2621 εἶχεν
2669 2551 2762 2604 ἐπὶ
2785 2550 2896 2603 τῶν
2923 2549 3208 2621 ὀμμάτων,
3240 2547 3375 2601 ἀλλά
3401 2547 3621 2602 πάντων
3646 2546 3854 2600 τούτων

2169 2637 2246 2690 ῶν
2280 2637 2551 2709 καθαρὸς,
2583 2636 2726 2692 οὕτω
2755 2637 2823 2691 τά
2860 2638 3081 2692 πάντων
3108 2636 3340 2708 διώρθου
3375 2635 3852 2708 πλημμελήματα.

2170 2724 2305 2778 Οὐδὲ
2331 2725 2442 2798 γὰρ
2485 2725 2586 2790 δεῖ,
2623 2725 2780 2796 φησί,
2812 2727 3018 2798 κρίνειν
3047 2725 3301 2796 ἐτέρους,
3334 2725 3464 2778 ὅταν
3497 2741 3582 2786 τις
3613 2724 3731 2778 τῶν
3761 2723 3857 2777 αὖ·

2169 2811 2278 2865 τῶν
2310 2811 2613 2875 ὑπεύθυνος
2740 2812 2850 2865 Kal
2882 2813 2936 2866 τί
2962 2811 3266 2883 θαυμάζεις
3292 2849 3308 2875 ,
3351 2812 3400 2864 εἰ
3428 2810 3520 2864 τὸν
3545 2810 3719 2881 νόμον
3742 2809 3859 2864 τοῦ·

2168 2915 2260 2952 τον
2292 2899 2456 2962 αὐτὸς
2508 2898 2705 2971 έθηκεν
2724 2939 2740 2965 ,
2771 2899 2905 2953 ὅπου
2935 2915 2999 2968 γε
3026 2898 3122 2952 καὶ
3165 2899 3193 2950 ὁ
3220 2897 3428 2970 λῃστὴς
3455 2897 3620 2950 αὐτὸν
3663 2897 3856 2966 ἐγίνω-

2171 3004 2302 3040 σκεν
2347 2987 2442 3040 ἐπὶ
2470 2987 2564 3042 τοῦ
2598 2986 2833 3062 σταυροῦ
2855 3027 2870 3052 ,
2926 2985 3079 3060 [287]
3111 2985 3190 3057 τῷ
3221 2985 3394 3057 ἐτέρῳ
3423 2984 3592 3058 λῃστῇ
3625 2985 3807 3054 λέγων
3835 3001 3852 3017 ⁶

2163 3074 2318 3129 Οὐδὲ
2359 3074 2516 3144 φοϐῇ
2569 3075 2650 3130 σὺ
2687 3076 2794 3129 τὸν
2824 3075 2993 3139 Θεὸν,
3038 3075 3129 3129 ὅτι
3167 3075 3237 3128 ἐν
3284 3072 3365 3139 τῷ
3401 3072 3563 3140 αὐτῷ
3615 3073 3856 3144 κρίματι

2169 3163 2358 3232 ἐσμεν
2375 3165 2455 3228 ⁷¹;
2481 3163 2550 3217 τὰ
2578 3163 2718 3218 αὐτὰ
2745 3163 2823 3234 τῷ
2841 3163 3062 3234 Χριστῷ
3077 3166 3320 3234 νοήματα
3342 3162 3533 3230 λέγων.
3559 3163 3632 3216 Σὺ
3670 3162 3729 3215 δὲ
3757 3161 3852 3233 τὴν

2174 3253 2270 3322 μὲν
2308 3252 2506 3306 σαυτοῦ
2555 3253 2710 3307 δοκδν
2749 3254 2809 3306 οὐ
2849 3253 3008 3324 μόνον
3055 3253 3158 3305 οὐκ
3208 3251 3494 3316 ἐκϐάλλεις
3519 3290 3535 3316 ,
3582 3251 3706 3304 ἀλλ’
3734 3251 3853 3310 οὐδὲ

2169 3342 2338 3412 όρᾷςο
2368 3341 2428 3394 τὸ
2479 3341 2535 3395 δέ
2567 3341 2757 3414 ἐτέρου
2807 3342 3020 3413 κάρφος
3049 3342 3112 3394 οὐ
3169 3341 3328 3412 μόνον
3365 3343 3536 3414 ὁρᾷς,
3575 3340 3718 3394 ἀλλά
3763 3341 3853 3394 καὶ

2169 3427 2410 3498 κρίνεις,
2439 3429 2533 3484 καὶ
2557 3428 2844 3482 ἐκϐάλλειν
2878 3429 3178 3498 ἐπιχειρεῖς
3198 3444 3211 3458 ο
3244 3427 3433 3499 ῶσπερ
3463 3426 3517 3482 εί
3545 3445 3630 3491 τις
3682 3427 3855 3498 ὑδέρῳ

2171 3515 2528 3586 συνεχόμενος
2589 3515 2811 3586 χαλε·πῷ
2839 3554 2854 3580 ,
2911 3516 2945 3588 ἢ
2996 3517 3091 3570 καὶ
3118 3518 3164 3548 ⁷⁸
3211 3517 3384 3588 ἑτέρῳ
3430 3515 3540 3569 τινί¹
3578 3516 3852 3586 νοσήματι

2169 3601 2375 3673 ἀνιάτω
2393 3641 2408 3666 ,
2441 3601 2630 3655 τούτου
2675 3604 2772 3674 μὲν
2799 3603 3027 3674 ἀμελοίη
3055 3643 3072 3668 ,
3110 3603 3368 3674 ἐγκαλοίη
3394 3603 3451 3656 δέ
3484 3602 3659 3674 ἑτέρῳ
3685 3602 3733 3633 ’³
3760 3620 3854 3672 φυ-

2171 3689 2412 3759 σήματος
2437 3689 2732 3760 ἀμελοῦντι
2763 3689 2982 3762 μικροῦ.
3017 3691 3080 3744 Εἰ
3117 3690 3173 3744 δὲ
3204 3692 3374 3745 κακὸν
3415 3690 3478 3744 τὸ
3519 3691 3592 3763 μὴ
3621 3691 3762 3763 ὁρᾷν
3787 3690 3853 3742 τὰ

2169 3776 2366 3830 ἐαυτοῦ
2406 3778 2782 3850 ἁμαρτήματα
2805 3820 2820 3846 ,
2867 3778 3088 3833 διπλοῦν
3142 3780 3237 3833 καὶ
3277 3779 3540 3852 τριπλοῦν
3583 3781 3759 3834 κακὸν
3794 3779 3854 3832 τὸ

2169 3868 2266 3919 καὶ
2297 3867 2507 3938 ἑτέροις
2555 3868 2603 3900 ⁷⁵
2656 3867 2934 3933 δικάζειν,
2985 3867 3184 3932 αὐτοὺς
3232 3868 3555 3940 ἀναλγήτως
3597 3869 3697 3922 ἐπὶ
3744 3868 3853 3922 τῶν

2168 3953 2464 4025 ὀφθαλμῶν
2502 3955 2899 4028 περιφέροντας
2927 3957 3024 4021 τὰς
3055 3955 3263 4021 δοκούς.
3295 3956 3403 4010 Kal
3431 3955 3540 4027 γάρ
3575 3956 3740 4010 δοκοῦ
3767 3956 3852 4027 βα-

2170 4039 2396 4112 ρύτερον
2425 4043 2692 4114 ἁμαρτία.

2239 4137 2310 4200 γ’.
2353 4128 2421 4185 ’Ὀ
2443 4131 2622 4186 τοίνυν
2651 4130 2902 4185 ἐκέλευσε
2929 4131 3018 4185 διὰ
3043 4132 3154 4186 τῶν
3180 4131 3505 4205 εἰρημένων,
3527 4133 3692 4189 τοῦτό
3711 4137 3850 4205 ἐστι,

2166 4217 2260 4272 τὸν
2285 4218 2582 4274 ὑπεύθυνον
2599 4220 2728 4273 ὄντα
2751 4221 2965 4292 μυρίοις
2990 4225 3178 4286 κακοῖς
3202 4221 3277 4294 μή
3304 4224 3502 4295 πικρὸν
3523 4219 3665 4277 εἶναι
3696 4227 3851 4280 δικα-

2119 4318 2121 4321 ·
2167 4307 2297 4376 στὴν
2351 4306 2460 4362 τῶν
2493 4308 2702 4379 ἑτέροις
2756 4308 3282 4380 πλημμελουμένων,
3323 4311 3419 4364 καὶ
3451 4311 3693 4382 μάλιστα
3721 4314 3850 4368 ὅταν

2167 4393 2341 4464 μικρά
2366 4390 2624 4470 ταῦτα·
2648 4397 2710 4448 οὐ
2732 4396 2794 4449 τὸ
2819 4397 3087 4468 ἐλέγχειν,
3118 4397 3239 4450 ούδέ
3263 4397 3324 4450 τὺ
3347 4397 3594 4470 διορθοῦν
3611 4401 3850 4472 ἀνατρέ-

2163 4497 2300 4546 πων,
2323 4481 2459 4538 ἀλλά
2487 4482 2548 4536 τὸ
2575 4482 2686 4537 τῶν
2717 4484 2933 4537 οἰκείων
2981 4484 3206 4555 ἀμελεῖν
3229 4484 3477 4548 κωλύων,
3528 4487 3620 4541 καί
3649 4488 3714 4542 τὸ
3735 4491 3848 4553 τοῖς

2161 4566 2462 4641 ἀλλοτρίοις
2492 4569 2828 4625 ἐνάλλεσθαι.
2867 4573 2978 4625 Kal
3015 4572 3125 4644 γάρ
3151 4574 3230 4636 εἰς
3261 4573 3508 4645 μεγάλην
3547 4575 3846 4630 ἐπιδιδόναι

2161 4657 2359 4710 κακίαν
2377 4657 2552 4710 ἐποίει
2587 4657 2767 4722 τοῦτο,
2797 4658 2991 4729 διπλῆν
3021 4660 3286 4730 πονηρίαν
3313 4661 3531 4729 εἰσάγον
3552 4662 3621 4716 ⁷⁸.
3661 4664 3722 4717 ’0
3737 4664 3848 4735 γὰρ

2162 4743 2469 4817 μελετήσας
2498 4746 2724 4816 ἀμελεῖν
2753 4747 2851 4817 μὲν
2874 4746 2984 4802 τῶν
3012 4746 3206 4802 ἐαυτοῦ
3233 4748 3485 4817 μεγάλων
3513 4749 3709 4814 δντων,
3727 4751 3846 4818 ἐξε-

2159 4831 2344 4897 τάζειν
2364 4833 2423 4886 δέ
2468 4832 2534 4887 τὰ
2565 4833 2769 4905 ἐτέρων
2791 4834 3006 4906 πικρῶς
3029 4836 3201 4908 μικρά
3236 4836 3365 4890 ὄντα
3389 4837 3484 4890 καὶ
3519 4837 3744 4908 εὐτελῆ,
3767 4839 3846 4892 δι-

2159 4919 2266 4991 πλῇ
2299 4920 2663 4993 διεφθείρετο·
2689 4922 2769 4994 τῷ
2791 4939 2852 4976 τε
2873 4921 2984 4977 τῶν
3005 4925 3222 4978 οἰκείων
3250 4928 3633 4996 καταφρονεῖν,
3669 4927 3754 4999 τῷ
3781 4944 3844 4980 τε

2157 5005 2358 5078 ἔχθρας
2396 5008 2491 5063 καὶ
2513 5009 2810 5080 ἀπεχθείας
2837 5010 2975 5082 πρὸς
3007 5011 3254 5077 ἅπαντας
3300 5013 3659 5085 ἀναδέχεσθαι
3679 5053 3698 5078 ,
3747 5016 3842 5068 καὶ

2156 5096 2238 5157 εἰς
2267 5094 2504 5165 ἐσχάτην
2536 5095 2798 5168 ὠμότητα
2843 5098 2940 5151 καὶ
2985 5098 3048 5152 τὺ
3072 5099 3399 5171 ἁσυμπαθὲς
3426 5100 3551 5154 καθ’
3595 5101 3841 5173 ἑκάστην

2154 5179 2471 5250 ἀλείφεσθαι
2493 5183 2593 5252 τὴν
2622 5184 2856 5254 ἡμέραν.
2890 5185 3057 5239 Ταῦτ’
3101 5182 3197 5241 οὖν
3225 5187 3444 5242 ἅπαντα
3490 5186 3703 5243 ἀνελὼν
3749 5189 3842 5243 διά

2153 5268 2252 5339 τῆς
2285 5269 2459 5341 καλῆς
2487 5271 2690 5342 ταύτης
2734 5273 3054 5344 νομοθεσίας
3082 5314 3098 5339 ,
3138 5277 3387 5348 ἐπήγαγε
3429 5275 3594 5330 πάλιν
3641 5276 3838 5348 ἕτερον

2153 5356 2543 5428 παράγγελμα,
2598 5359 2772 5428 λέγων
2795 5379 2809 5392 ·
2846 5361 2947 5430 Μὴ
3004 5361 3156 5417 δῶτε
3189 5364 3261 5418 τὰ
3305 5365 3444 5434 ἅγια
3479 5366 3607 5430 τοῖς
3647 5365 3797 5418 κυσὶ
3817 5405 3835 5430 ,

377 5443 762 5514 προϐάλλεται,
798 5443 959 5515 ἔργον
986 5443 1042 5498 δὲ
1077 5443 1312 5513 ἐσχάτης
1333 5443 1598 5512 πονηρίας
1628 5440 1844 5512 πληροῖ,
1872 5442 2049 5513 ὀνείδη
2146 5443 2532 5514 μηδὲρίψητε
2555 5447 2696 5514 τοὺς
2711 5449 3080 5519 μαργαρίτας
3103 5452 3149 5483 ⁷⁸
3169 5453 3511 5520 ἔμπροσθεν
3543 5450 3665 5504 τῶν
3704 5451 3835 5521 χοί-

373 5532 601 5602 περιττά
619 5531 713 5587 καὶ
735 5532 1055 5604 ἐγκλήματα
1072 5530 1530 5603 προστριϐόμενος
1553 5533 1664 5593 τοῖς
1688 5529 1936 5600 πλησίον,
1953 5531 2049 5584 καὶ
2147 5549 2292 5600 ρων.
2322 5534 2584 5603 Καίτοιγε
2613 5535 2840 5606 προῖὼν,
2879 5537 3044 5609 φησὶν
3077 5539 3144 5606 ⁷⁷,
3179 5539 3466 5593 ἐκέλευσεν
3490 5555 3505 5569 ο
3547 5540 3618 5592 Ὅ
3647 5539 3836 5606 ᾐκού-

446 5664 488 5696 ⁵¹
508 5663 657 5737 τοὺς]
686 5667 781 5718 καὶ
805 5664 933 5727 τούς
958 5663 1020 5717 F.
1098 5665 1142 5744 ’ξ
1169 5664 1491 5786 κατηγορεῖν
1507 5663 1568 5716 Β.
1591 5662 1655 5718 D.
1680 5660 1741 5716 F.
1773 5677 1828 5730 p.
1931 5661 1991 5716 οὐ
2022 5679 2063 5742 μ

447 5734 593 5786 οὐδέι
622 5736 684 5786 οὐ
713 5735 884 5786 Also.
913 5735 1049 5786 οὐδέ
1075 5751 1184 5786 van
1218 5735 1347 5786 περὶ
1400 5748 1510 5786 om.
1539 5732 1712 5786 άλλως
1740 5731 1818 5786 δὲ)
1907 5771 1918 5784 .
1998 5733 2063 5785 ⁸⁸.

2182 5663 2239 5717 F.
2317 5664 2362 5696 “
2383 5665 2722 5736 παραδώσεις
2748 5667 2884 5724 Edd.
2963 5669 3011 5701 “
3034 5669 3125 5726 Sic
3160 5669 3223 5724 E.
3251 5670 3410 5741 vulgo
3441 5670 3832 5742 διορθώσομαι.

2201 5734 2312 5786 γὰο
2342 5735 2436 5786 καί
2462 5737 2645 5786 πολλοὶ
2668 5738 2760 5786 νῦν
2784 5739 2847 5786 C-
2883 5739 2943 5786 Ι)-
2969 5738 3029 5786 Ε-
3057 5743 3166 5786 Καὶ
3188 5742 3295 5786 γὰο
3322 5743 3414 5786 καὶ
3436 5741 3533 5786 νῦν
3553 5741 3743 5786 πολλοὶ
3765 5745 3827 5786 Δ-

447 5734 594 5805 οὐδὲι
622 5729 684 5788 όύ
713 5735 1049 5805 Α.ί¹.ρ.-υῢδέ
1075 5734 1184 5805 γάρ
1218 5729 1347 5805 περὶ
1377 5729 1510 5805 (on).
1539 5729 1818 5805 άλλως-δέ)

1998 5733 2042 5764 ⁶⁶
2060 5734 2168 5812 Kal
2201 5734 2312 5812 γάρ
2328 5735 2450 5812 καὶ
2462 5733 2760 5812 πολλοίλνῦν
2882 5739 2943 5792 D.
3057 5743 3166 5796 Kal
3185 5742 3295 5812 γὰρ
3322 5733 3414 5795 {al
3436 5733 3536 5795 νῦν
3553 5733 3744 5812 nulla}
3763 5745 3828 5812 Δ.

375 5803 418 5884 ξξ
447 5803 545 5884 τῆς
565 5802 1018 5884 ἀπολργίαςβιίιί.
1084 5802 1142 5884 4⁸⁸
1154 5802 1367 5884 καὶ-διά
1389 5802 1552 5884 τοῦτο
1570 5802 1631 5857 C.
1659 5803 1744 5884 διὸ
1769 5802 1892 5884 ,καὶ
1922 5803 2030 5884 Ε.“
2060 5809 2063 5828 ⁴

2182 5802 2501 5884 ιϐαλεῖηκ
2547 5809 2593 5884 '_°
2615 5808 3027 5884 ἀδελφδνλιιίίιί.
3059 5828 3170 5884 σού
3396 5813 3441 5884 Τί
3467 5806 3743 5884 ἱσμένλεῖ

372 5873 419 5952 'f
445 5873 538 5925 καὶ
558 5874 760 5952 0111.113.
792 5876 898 5952 τινί
935 5891 1046 5952 o_:_n.
1069 5873 1222 5952 Αηιτ.
1246 5875 1309 5952 _""
1334 5875 1507 5944 ἑτέρῳ
1538 5888 1648 5952 qm.
1965 5873 2035 5952 _"‘

2182 5891 2288 5952 ιους
2315 5874 2452 5951 Edd.
2481 5871 3108 5952 é':§_.-pouc_x'a':a6ma§ew
3233 5882 3281 5914 "
3308 5871 3547 5952 εἰσάγων
3570 5871 3727 5936 (λ’ῐ).

375 5951 430 5996 ει
466 5957 549 6012 pr.
585 5943 646 5998 B.
677 5942 926 6000 Correxit
957 5944 1183 6000 Momef.
1246 5943 1295 5978 ⁷⁸
1321 5942 1690 6016 μαργαρίτας]
1720 5943 1845 5998 add.
1878 5943 2032 6015 ὑμῶν

2182 5949 2208 6000 ι.
2242 5944 2447 6018 Moqu.
2523 5942 2761 6020 τ”φησὶν
2787 5965 2896 6005 om.
2921 5951 2985 6008 A.
3007 5942 3217 6027 προῖὼν
3247 5942 3525 6019 ἐκέλευσε,
3549 5952 3725 6021 λέγων
3759 5949 3816 6008 Ει
