4038 6364
214 424 317 479 509

215 537 371 593 cebat
393 575 410 600 ,
454 547 553 588 nec
580 546 685 586 non
716 544 809 585 eos
836 529 923 599 qui
972 527 1370 582 innumerorum
1397 524 1474 579 rei
1505 523 1765 578 malorum
1788 561 1807 589 ,

216 626 471 683 innoxios
502 621 924 678 criminabantur
955 637 968 673 :
1005 617 1057 673 id
1096 617 1237 689 quod
1264 617 1427 671 etiam
1457 616 1541 669 hic
1568 613 1811 669 Christus

215 717 609 783 subiudicavit,
643 728 745 769 nec
792 711 953 767 modo
979 709 1355 774 subindicavit,
1386 707 1482 765 sed
1510 716 1564 763 et
1589 707 1810 761 multum

212 810 447 866 incussit
482 809 755 872 timorem,
785 804 1081 874 indixitque
1109 801 1429 871 supplicium
1482 797 1809 854 inevitabile.

215 903 271 956 2.
299 901 371 956 1η
395 917 498 971 quo
524 900 659 954 enim
680 896 899 969 judicio,
928 895 1130 965 inquit,
1156 891 1527 964 judicaveritis,
1549 890 1813 961 judicabic

219 1006 301 1049 tur
324 996 389 1049 de
416 994 574 1049 vobis.
623 990 738 1046 Non
765 990 906 1044 enim
940 988 1091 1042 illum
1132 985 1476 1051 condemnas,
1503 983 1691 1053 inquit,
1717 980 1813 1037 sed

217 1087 475 1155 teipsum,
506 1093 559 1139 et
589 1079 983 1138 formidandum
1006 1078 1102 1132 tibi
1132 1090 1289 1147 paras
1304 1074 1562 1139 tribunal,
1594 1086 1813 1126 accura-

218 1178 524 1245 tioremque
593 1171 922 1228 reddendam
996 1169 1283 1225 rationem.
1352 1162 1812 1233 Quemadmodum

220 1269 363 1324 enim
415 1268 470 1321 in
523 1264 844 1321 remissione
892 1269 1260 1332 peccatorum,
1291 1255 1557 1329 principia
1603 1270 1631 1307 a
1661 1253 1816 1308 nobis

218 1368 498 1430 petuntur,
532 1357 608 1413 sic
628 1365 684 1411 et
702 1356 754 1409 in
782 1353 885 1409 hoc
910 1351 1132 1421 judicio,
1164 1347 1522 1404 damnationis
1551 1359 1815 1401 mensura:

220 1464 497 1525 ponuntur
525 1468 555 1505 a
586 1450 759 1504 nobis.
811 1447 927 1502 Non
972 1446 1115 1501 enim
1143 1442 1467 1513 exprobrare
1495 1446 1706 1510 oportet
1732 1437 1814 1493 vel

219 1546 506 1610 insultare,
530 1541 625 1598 sed
646 1542 938 1597 admonere
965 1556 976 1590 :
1006 1552 1113 1593 non
1144 1534 1483 1600 maledicere,
1511 1532 1603 1588 sed
1632 1530 1814 1587 consi-

221 1638 352 1694 lium
401 1638 534 1693 dare
562 1654 575 1689 :
605 1649 706 1691 nec
742 1639 1058 1703 arroganter
1079 1630 1355 1699 insurgere
1379 1668 1395 1694 ,
1428 1624 1522 1681 sed
1543 1639 1665 1680 cum
1684 1623 1819 1677 dile-

220 1732 407 1787 ctione
460 1729 752 1799 corrigere.
797 1725 914 1781 Non
962 1724 1106 1780 enim
1154 1721 1325 1784 illum,
1373 1719 1467 1775 sed
1498 1728 1549 1773 te
1575 1728 1818 1773 extremo

220 1823 402 1878 uades
433 1820 717 1891 supplicio,
744 1817 871 1873 dum
900 1832 1005 1871 non
1028 1813 1204 1885 parcis
1228 1812 1303 1867 illi
1325 1808 1542 1882 quando
1570 1806 1809 1878 oportuit

220 1915 288 1970 de
311 1915 460 1969 illius
484 1912 692 1968 delictis
717 1909 856 1965 ferre
876 1907 1217 1964 sententiam.

288 2006 347 2061 2.
376 2005 567 2061 Viden‘
585 2001 852 2075 quomodo
882 2000 996 2054 hrec
1023 1998 1130 2054 duo
1152 2002 1413 2067 praecepta
1438 2002 1492 2049 et
1521 1991 1657 2048 levia
1686 1990 1811 2055 sint,

222 2111 275 2157 et
304 2114 624 2172 magnorum
670 2092 1089 2165 obsequentibus
1117 2105 1293 2147 causae
1340 2090 1622 2151 bonorum,
1676 2095 1731 2138 ιιι
1764 2091 1820 2137 et

224 2192 493 2249 malorum
538 2204 647 2244 non
689 2182 1138 2242 attendeutibus?
1177 2181 1309 2236 Nam
1350 2189 1404 2235 et
1445 2181 1533 2249 qui
1574 2176 1818 2248 proximo

220 2283 467 2351 dimittit,
495 2297 557 2338 se
586 2280 754 2351 magis
793 2292 952 2348 quam
972 2276 1130 2343 illum
1161 2274 1277 2329 sine
1302 2273 1411 2327 ullo
1437 2271 1618 2325 labore
1658 2268 1818 2323 reati-

222 2377 322 2433 bus
348 2376 587 2438 liberat;
618 2382 673 2427 et
702 2370 792 2442 qui
822 2367 1159 2437 indulgenter
1190 2372 1405 2434 peccata
1432 2363 1659 2417 aliorum
1692 2374 1820 2414 exa-

222 2472 396 2527 minat
426 2510 444 2533 ,
491 2482 740 2537 magnum
794 2463 893 2519 sibi
943 2462 1118 2518 venia:
1172 2461 1344 2516 fmulos
1372 2460 1386 2489 ¹
1420 2473 1483 2511 ex
1532 2456 1619 2510 tali
1658 2455 1820 2508 allato

223 2563 441 2621 calculo
468 2570 641 2630 parat.
673 2555 809 2625 Quid
842 2555 1021 2625 igitur,
1052 2553 1284 2622 inquies,
1312 2554 1357 2606 si
1388 2548 1675 2604 fornicatus
1704 2547 1818 2599 fue-

223 2659 294 2713 rit
318 2656 342 2711 ῗ
368 2671 479 2723 non
502 2653 676 2708 dicam
704 2649 895 2704 malam
917 2663 1029 2702 rem
1052 2661 1174 2701 esse
1201 2644 1620 2704 fornicationem,
1650 2652 1822 2710 neque

224 2748 519 2818 cerripiam
567 2740 981 2799 lascivientem?
1019 2739 1242 2809 Corripe
1289 2736 1526 2808 quidem,
1574 2733 1667 2789 sed
1716 2746 1820 2787 non

225 2852 284 2895 ut
328 2838 507 2894 hostis
549 2834 633 2890 vel
673 2832 923 2888 inimicus
970 2831 1231 2885 ultionem
1275 2840 1593 2897 exposcens,
1640 2822 1735 2880 sed
1767 2832 1824 2877 ut

226 2931 472 2988 medicus
508 2925 748 2983 remedia
793 2935 1079 2995 apparens.
1127 2920 1313 2989 Neque
1358 2917 1500 2973 enim
1547 2916 1700 2981 dixit,
1745 2910 1824 2968 Ne

226 3023 489 3080 cohibeas
537 3025 873 3089 peccantem,
922 3013 1040 3079 sed,
1090 3011 1169 3068 Ne
1210 3009 1421 3081 judices
1452 3024 1468 3065 :
1496 3008 1549 3092 id
1588 3016 1691 3073 est,
1746 3005 1826 3062 Ne

228 3115 461 3171 acerbus
482 3112 556 3167 sis
580 3109 766 3180 judex.
793 3107 1046 3177 Alioquin
1075 3114 1251 3161 autem
1276 3119 1383 3159 non
1413 3102 1480 3158 de
1503 3100 1708 3172 magnis
1734 3114 1824 3155 re-

229 3208 331 3264 bus
353 3215 451 3263 aut
474 3202 781 3275 prohibitis,
812 3210 870 3255 ut
888 3200 1020 3265 dixi,
1051 3198 1145 3253 sed
1167 3198 1235 3253 de
1265 3196 1329 3251 iis
1355 3210 1475 3266 quae
1505 3210 1610 3248 non
1643 3191 1826 3247 viden-

232 3311 469 3356 turesse
488 3296 737 3360 crimina,
768 3292 871 3348 hoc
896 3292 1099 3346 dictum
1129 3289 1249 3344 fuit.
1281 3286 1638 3356 Quamobrem
1676 3284 1825 3338 dice-

230 3393 321 3447 bat
348 3409 364 3446 :
393 3391 452 3445 3.
476 3388 617 3457 Quid
631 3387 768 3442 vides
784 3383 1097 3455 [estucamiu
1112 3383 1257 3436 oculo
1278 3382 1452 3451 fratris
1483 3380 1555 3433 tui
1574 3379 1601 3432 .9
1621 3377 1826 3433 Etenim

231 3482 387 3537 multi
440 3494 589 3536 nunc
630 3478 686 3536 id
727 3476 963 3542 faciunt,
1016 3474 1107 3545 qui
1152 3474 1198 3528 si
1234 3472 1463 3529 viderint
1507 3468 1828 3526 monachum

231 3571 512 3643 superfluo
566 3569 761 3624 vestitu
819 3567 1061 3622 indutum
1093 3604 1108 3631 ,
1157 3564 1330 3635 legem
1385 3562 1461 3619 illi
1508 3561 1828 3617 dominicam

232 3664 533 3734 objiciunt,
561 3661 689 3716 licet
714 3659 813 3729 ipsi
840 3657 1000 3714 millia
1028 3656 1329 3726 abripiant,
1380 3668 1444 3709 ac
1482 3652 1723 3721 quotidie
1750 3652 1833 3706 di-

232 3759 393 3813 vitias
435 3753 822 3810 accumulent:
863 3761 918 3806 et
961 3750 1010 3806 si
1047 3747 1276 3805 viderint
1300 3747 1530 3817 largiore
1572 3745 1649 3801 uti
1675 3744 1828 3812 cibo,

232 3847 419 3904 acerbi
448 3846 649 3901 instant
675 3849 1034 3905 accusatores,
1068 3840 1195 3896 licet
1212 3839 1449 3911 quotidie
1474 3836 1572 3908 ipsi
1599 3835 1833 3906 crapulae

233 3949 286 3993 et
312 3934 564 3995 ebrietati
595 3934 723 3989 dent
742 3947 981 4003 cperam,
1010 3931 1318 4002 ignorantes
1350 3944 1410 3986 se
1443 3929 1674 4000 propriis
1694 3943 1830 3984 onu-

234 4041 349 4085 stos
378 4026 638 4100 peccatis,
675 4024 932 4094 majorem
972 4021 1097 4077 hinc
1121 4021 1221 4077 sibi
1243 4021 1418 4092 ignem
1452 4020 1704 4091 colligere
1726 4061 1741 4086 ,
1770 4034 1833 4075 ac

235 4139 359 4179 sese
387 4120 539 4177 omni
572 4119 916 4176 excusatione
941 4117 1172 4188 privare.
1205 4114 1355 4183 Quod
1395 4115 1537 4170 enim
1563 4124 1650 4170 tua
1679 4128 1837 4169 accu-

237 4228 355 4274 rate
383 4217 495 4273 sint
534 4212 885 4272 examinanda
903 4254 919 4279 ,
952 4221 1007 4267 tu
1035 4212 1181 4281 prius
1212 4209 1349 4265 hanc
1375 4208 1545 4279 legem
1574 4206 1794 4278 posuisti
1815 4248 1832 4270 .

236 4325 359 4363 eum
392 4307 466 4362 ita
483 4306 549 4361 de
570 4304 813 4376 proximo
835 4312 927 4358 tuo
941 4301 1208 4374 judicasti.
1232 4299 1309 4355 Ne
1332 4300 1509 4370 itaque
1529 4298 1655 4354 illud
1674 4312 1836 4369 grave

239 4415 367 4456 esse
410 4398 689 4454 existimes
713 4438 728 4462 ,
769 4396 818 4451 si
864 4394 1001 4450 tales
1029 4403 1085 4449 et
1127 4391 1242 4463 ipse
1281 4406 1467 4463 poenas
1492 4391 1712 4447 daturus
1738 4390 1834 4447 sis.

239 4494 295 4548 5.
334 4490 662 4562 Hypocrita,
710 4487 835 4559 ejice
883 4487 1046 4557 primo
1076 4485 1267 4539 trabem
1294 4499 1359 4537 ea:
1403 4482 1551 4538 oculo
1580 4492 1686 4537 tuo.
1738 4482 1837 4538 llic

240 4587 380 4641 iram
423 4585 540 4638 vult
584 4581 838 4638 exhibere
877 4579 1194 4652 plurimam,
1240 4593 1399 4649 quam
1436 4576 1672 4646 concipit
1707 4592 1837 4648 erga

238 4678 360 4733 illos
402 4675 495 4745 qui
546 4673 636 4727 tali
681 4687 743 4728 se
779 4678 973 4742 gerunt
1012 4668 1195 4725 modo.
1225 4668 1358 4724 Nam
1400 4670 1839 4739 quotiescumque

240 4770 354 4823 vult
392 4763 684 4821 ostendere
721 4777 969 4833 magnum
1014 4775 1135 4816 esse
1168 4768 1439 4830 peccatum
1462 4800 1478 4827 ,
1513 4757 1836 4829 multamque

242 4871 463 4930 prunam
490 4863 548 4911 et
572 4855 830 4910 ultionem
859 4852 959 4923 ipsi
988 4859 1248 4923 paratam,
1279 4866 1311 4905 a
1339 4848 1580 4906 convicio
1606 4848 1834 4905 orditur.

244 4944 716 5017 Quemadmodum
751 4952 809 4999 et
831 4951 1017 4999 contra
1044 4942 1194 4997 illum
1220 4942 1310 5011 qui
1342 4950 1559 4997 centum
1589 4939 1841 4997 denarios

242 5039 531 5111 exigebat,
566 5039 854 5106 indignans
898 5033 1108 5089 dicebat
1155 5051 1168 5087 :
1214 5032 1369 5088 Serve
1415 5048 1646 5103 nequam,
1695 5046 1843 5087 omne

244 5130 471 5185 debitum
492 5128 628 5183 illud
666 5126 838 5181 dimisi
878 5126 966 5181 tibi
996 5124 1217 5196 (Matth.
1251 5125 1338 5181 18.
1364 5123 1479 5196 52)
1507 5143 1522 5179 :
1554 5125 1632 5180 sic
1659 5133 1713 5181 et
1738 5125 1842 5181 hoc

247 5224 368 5279 loco
419 5222 579 5287 dicit,
631 5218 933 5290 Hypocrita.
980 5218 1094 5274 Non
1139 5219 1281 5274 enim
1326 5234 1506 5273 curam
1544 5220 1680 5288 :equi
1725 5219 1842 5275 haec

247 5315 520 5372 sententia
568 5314 816 5378 exhibet,
867 5311 961 5367 sed
1009 5311 1490 5377 inhumanitatem;
1542 5322 1597 5367 et
1636 5313 1840 5368 larvam

248 5407 468 5477 quidem
500 5404 850 5459 humanitatis
875 5419 987 5466 orre
1015 5418 1075 5459 se
1097 5403 1219 5469 fert,
1253 5412 1547 5459 extremam
1580 5418 1709 5459 vero
1748 5420 1842 5460 ne-

250 5498 477 5567 quitiam
518 5505 770 5559 exercet,
815 5495 942 5549 dum
972 5494 1241 5563 superﬂua
1282 5493 1531 5565 proximo
1556 5496 1842 5566 opprobria

250 5597 415 5659 atque
452 5586 679 5643 crimina
724 5584 950 5655 afﬁngit,
998 5594 1052 5640 et
1100 5586 1277 5639 locum
1320 5584 1557 5656 magistri
1600 5585 1839 5654 invadit,

251 5682 339 5751 qui
405 5695 515 5736 non
560 5679 751 5750 dignus
811 5689 893 5734 est
937 5692 1058 5734 esse
1106 5678 1395 5748 discipulus
1435 5695 1451 5733 :
1491 5681 1841 5750 quamobrem

254 5773 591 5844 hypocritam
622 5772 772 5828 illum
793 5770 1021 5826 vocavit.
1051 5769 1181 5825 Nam
1203 5769 1294 5841 qui
1321 5770 1373 5825 in
1393 5769 1583 5828 alienis
1603 5769 1675 5829 ita
1702 5787 1843 5830 acer-

318 5884 336 5918 ι
370 5882 487 5949 nu,
506 5896 731 5949 magnam
752 5880 846 5936 sibi
861 5881 1009 5935 venite
1030 5879 1345 5947 largitionem.

1177 412 1244 466 ΙΝ
1285 406 1686 467 ΜΛΤΪΗίΕυΜ
1725 403 1957 463 Ποῖιῖιῐε.
1999 404 2166 460 XXIII
2218 407 2286 459 al.
2332 407 2517 462 XXH’.

3409 412 3511 466 510

1924 520 2023 575 bus
2046 536 2123 581 es.
2172 531 2226 576 ut
2252 523 2412 577 etiam
2455 525 2638 593 exigua
2671 524 2849 579 videas
2870 567 2884 588 ι
2915 527 3181 594 quomodo
3226 529 3275 581 in
3311 531 3413 582 luis
3443 533 3510 583 ita

1921 612 2192 683 negligens
2218 613 2386 680 fuisti,
2421 625 2478 669 ut
2502 616 2661 671 etiam
2688 633 2875 687 magna
2896 629 3290 676 transcurreres
3317 621 3340 675 ?
3369 622 3514 693 Ejitc

1923 707 2142 772 primum
2187 706 2377 761 trabem
2405 709 2470 761 de
2498 711 2646 763 oculo
2674 720 2778 763 tuo.
2824 710 3009 766 Viden‘
3033 714 3175 781 Qtrod
3222 729 3325 767 non
3370 724 3512 768 vetet

1917 797 2178 865 judicare,
2206 800 2299 853 sed
2326 799 2513 869 jubeat
2539 802 2767 870 primum
2799 801 2997 872 ejicere
3028 804 3231 859 trabem
3262 822 3327 859 ex
3356 805 3513 858 oculo

1921 898 2033 953 tuo,
2063 898 2117 944 et
2148 899 2273 945 tunc
2314 892 2539 946 aliorum
2565 902 2738 947 errata
2767 894 3055 964 corrigere.
3088 895 3219 950 Nam
3245 911 3339 951 sua
3367 898 3516 967 quis-

1921 995 2025 1048 que
2055 981 2227 1050 magis
2270 981 2417 1035 novit
2448 997 2606 1052 quam
2648 983 2821 1038 aliena
2842 1027 2857 1051 ,
2894 994 2950 1039 et
2993 985 3194 1055 majora
3225 986 3369 1042 videt
3396 988 3514 1056 plus

1920 1086 2078 1139 quam
2108 1073 2349 1138 minora,
2389 1089 2554 1144 seque
2597 1075 2766 1144 magis
2812 1086 2956 1130 amat
2986 1092 3144 1146 quam
3186 1079 3509 1149 proximum.

1922 1156 2103 1231 Itaque
2126 1163 2171 1217 si
2193 1179 2374 1219 curam
2396 1180 2590 1235 gerens
2617 1166 2667 1221 id
2702 1165 2853 1235 facis,
2884 1169 2955 1223 tui
2984 1184 3164 1225 curam
3188 1187 3312 1237 gere
3340 1174 3508 1242 prius,

1922 1254 2010 1308 ubi
2038 1264 2092 1310 et
2114 1256 2307 1310 clarius
2332 1266 2385 1311 et
2429 1258 2601 1328 majus
2627 1268 2710 1313 est
2742 1270 3037 1329 peccatum.
3070 1261 3221 1328 Quod
3246 1262 3289 1317 si
3321 1272 3512 1318 temet-

1921 1351 2093 1417 ipsum
2134 1350 2431 1405 contemnis
2454 1392 2468 1415 ,
2501 1353 2676 1421 palam
2725 1363 2808 1408 est
2860 1362 2914 1409 te
2957 1369 3062 1409 non
3095 1354 3215 1411 ideo
3242 1356 3311 1411 de
3349 1356 3512 1413 fratre

1923 1451 2011 1495 tuo
2033 1440 2277 1512 judicare
2296 1483 2310 1507 ,
2354 1444 2495 1514 quod
2520 1442 2635 1513 ejus
2665 1461 2848 1500 curam
2873 1462 3029 1517 geras
3052 1489 3065 1512 ,
3098 1448 3192 1502 sed
3217 1450 3360 1518 quod
3386 1449 3511 1503 odio

1923 1536 2121 1592 habeas
2163 1546 2217 1591 et
2252 1535 2529 1592 diffamare
2569 1539 2719 1593 velis.
2759 1538 2814 1594 Si
2845 1540 2989 1594 enim
3030 1550 3276 1610 oporteat
3305 1541 3373 1596 de
3420 1542 3511 1595 illo

1916 1626 2163 1695 judicari,
2213 1627 2283 1682 ab
2326 1644 2392 1683 eo
2420 1628 2681 1698 judicium
2732 1629 3039 1699 ferendum.
3094 1635 3183 1701 qui
3235 1631 3362 1690 nihil
3407 1634 3512 1685 tale

1920 1720 2226 1789 commisit,
2268 1736 2374 1776 non
2421 1738 2452 1778 a
2500 1732 2569 1778 te.
2608 1723 2740 1790 Quia
2782 1724 2924 1779 enim
2966 1740 3154 1796 magna
3183 1734 3237 1780 et
3266 1726 3511 1782 sublimia

1922 1814 2101 1884 posuit
2125 1813 2474 1886 philosolihiae
2513 1816 2791 1887 dogmata,
2823 1832 2892 1873 ne
2918 1818 3037 1890 quis
3065 1818 3299 1884 diceret,
3330 1819 3380 1874 in
3410 1820 3512 1875 illis

1920 1921 2171 1962 sermone
2213 1906 2583 1977 phiIOSOphari
2615 1909 2771 1964 facile
2797 1925 2918 1965 esse
2938 1952 2953 1977 ,
2985 1920 3042 1964 ut
3079 1909 3304 1965 fidenter
3332 1921 3513 1966 osten-

1921 1999 2046 2068 dat,
2078 2013 2138 2056 se
2163 2001 2214 2054 in
2244 2016 2402 2072 supra
2430 2001 2693 2057 dictorum
2723 2002 2871 2057 nullo
2892 2004 3082 2059 rationi
3109 2004 3391 2060 reddeudm
3416 2004 3513 2058 ob-

1923 2091 2142 2146 noxium
2164 2107 2285 2147 esse
2308 2134 2323 2157 ,
2352 2092 2444 2147 sed
2469 2094 2646 2148 omnia
2673 2094 2965 2164 perfecisse
2999 2113 3012 2149 :
3036 2096 3173 2150 hanc
3203 2095 3508 2166 parabolam

1922 2177 2079 2237 dixit.
2131 2182 2265 2239 Nam
2316 2184 2429 2252 ipse
2471 2200 2685 2256 quoque
2736 2196 2918 2257 postea
2960 2197 3074 2242 erat
3119 2188 3453 2256 judicaturus
3495 2207 3508 2241 :

1935 2276 2021 2330 Va:
2037 2278 2191 2343 vobis,
2208 2278 2387 2331 scriba:
2403 2288 2448 2331 et
2473 2276 2724 2331 Pharisaei
2746 2279 3021 2350 hypocrita:
3045 2279 3259 2350 (Matth.
3282 2282 3370 2335 25.
3395 2282 3512 2351 Η).

1924 2366 2095 2437 inquit
2124 2384 2137 2431 ;
2168 2358 2219 2421 at
2251 2368 2341 2421 ille
2370 2385 2473 2423 non
2497 2378 2614 2423 erat
2652 2370 2776 2436 illis,
2807 2386 2926 2441 qua:
2951 2371 3182 2435 dicebat,
3211 2371 3510 2427 obnoxius:

1925 2472 2097 2527 neque
2125 2458 2265 2512 enim
2294 2457 2553 2514 festucam
2582 2460 2829 2529 ejecerat,
2872 2476 3045 2531 neque
3073 2463 3275 2518 trabem
3307 2464 3358 2516 in
3386 2477 3515 2517 ocu-

1925 2551 1992 2605 lis
2022 2550 2255 2606 habebat
2288 2570 2302 2617 ;
2336 2552 2429 2607 sed
2462 2553 2512 2607 in
2543 2553 2626 2607 his
2654 2553 2903 2608 omnibus
2931 2554 3115 2610 insons
3141 2567 3190 2609 et
3222 2570 3408 2623 purus,
3437 2554 3517 2610 sic

1924 2644 2163 2699 omnium
2204 2654 2419 2715 peccata
2459 2645 2781 2717 corrigebat.
2811 2645 2994 2717 Neque
3019 2648 3161 2702 enim
3191 2647 3351 2702 debet
3377 2648 3421 2701 is
3448 2647 3518 2702 de

1924 2736 2133 2790 emteris
2171 2735 2432 2805 judicare,
2456 2738 2545 2807 qui
2575 2737 2761 2792 iisdem
2791 2738 2960 2808 culpis
2989 2738 3103 2808 ipse
3129 2740 3198 2797 sit
3226 2740 3507 2795 obnoxius.

1930 2829 1997 2884 Et
2025 2828 2150 2899 quid
2180 2829 2412 2895 miraris,
2440 2831 2483 2886 si
2511 2830 2647 2887 hanc
2679 2830 2795 2901 ipse
2815 2831 2985 2901 legem
3015 2834 3272 2902 posuerit,
3304 2833 3518 2904 quando

1929 2923 2067 2976 latro
2096 2921 2148 2975 in
2177 2935 2337 2976 cruce
2383 2921 2555 2992 ipsam
2584 2923 2830 2992 agnovit,
2861 2938 2980 2977 cum
3011 2923 3168 2979 alteri
3203 2924 3394 2979 latroni
3427 2926 3515 2979 di-

1927 3022 2076 3069 ceret
2103 3031 2119 3070 :
2150 3011 2330 3081 Neque
2361 3023 2418 3067 tu
2443 3015 2587 3068 times
2626 3014 2790 3069 Deum
2823 3031 2841 3069 :
2866 3014 3002 3087 quod
3028 3032 3119 3070 nos
3144 3017 3195 3070 in
3225 3017 3402 3071 eadem
3422 3018 3519 3071 dae

1929 3107 2186 3161 mnatione
2201 3123 2375 3161 sumus
2397 3104 2549 3179 (Lar.
2570 3106 2661 3162 25.
2690 3105 2781 3176 40)
2814 3125 2826 3160 :
2855 3106 3054 3162 Christi
3082 3110 3361 3164 sententiae
3384 3124 3518 3164 con-

1928 3214 2060 3254 sona
2089 3199 2319 3255 dicens?
2360 3200 2439 3253 Tu
2473 3214 2603 3254 vero
2644 3199 2847 3254 trabem
2888 3209 3032 3254 tuam
3073 3216 3179 3255 non
3220 3201 3379 3255 modo
3410 3218 3518 3256 non

1928 3292 2111 3365 ejicis,
2158 3292 2253 3347 sed
2294 3307 2361 3347 ne
2402 3292 2551 3347 vides
2592 3291 2808 3362 quidem
2839 3308 2853 3357 ;
2880 3290 3060 3345 fratris
3106 3307 3234 3347 vero
3265 3292 3518 3349 festucam

1932 3401 2039 3439 non
2070 3384 2229 3439 modo
2258 3384 2437 3449 vides,
2467 3383 2561 3439 sed
2592 3384 2823 3454 judicas,
2869 3383 3117 3454 illamque
3146 3384 3339 3454 ejicere
3358 3400 3521 3439 cona-

1932 3476 2008 3529 ris
2038 3491 2050 3529 :
2078 3490 2142 3530 ac
2178 3475 2220 3530 si
2252 3476 2372 3546 quis
2401 3484 2491 3531 aut
2516 3475 2809 3547 hydropisi,
2843 3485 2937 3530 aut
2960 3477 3065 3531 alio
3090 3477 3278 3535 morbo
3306 3477 3520 3532 incura-

1933 3566 2335 3621 biliadmodum
2377 3566 2661 3633 laborans,
2691 3566 2742 3622 id
2776 3567 3102 3638 negligeret,
3148 3569 3522 3639 incusarctque

1933 3659 2093 3714 alium
2122 3660 2210 3729 qui
2243 3660 2413 3715 levem
2449 3661 2682 3731 aliquem
2729 3671 2989 3715 tumorem
3032 3676 3137 3716 non
3179 3673 3410 3718 curaret.
3463 3663 3519 3717 Si

1935 3768 2066 3809 vero
2100 3754 2299 3809 malum
2340 3762 2424 3810 est
2451 3770 2544 3809 sua
2586 3763 2801 3825 peccata
2832 3770 2937 3808 non
2964 3754 3174 3821 videre,
3203 3754 3395 3824 duplex
3431 3756 3522 3809 tri-

1936 3850 2166 3920 plexque
2188 3850 2383 3904 malum
2412 3858 2496 3905 est
2522 3848 2593 3905 de
2620 3849 2741 3903 aliis
2761 3848 3001 3918 judicare
3021 3863 3135 3913 eos,
3160 3849 3247 3918 qui
3271 3850 3387 3903 sine
3414 3849 3525 3904 ullo

1936 3941 2135 3997 doloris
2163 3956 2323 3997 sensu
2355 3942 2536 3997 trabes
2560 3941 2614 3996 in
2653 3941 2820 3997 oculis
2845 3940 2958 3996 suis
2979 3950 3210 4011 gestant.
3240 3941 3523 3998 Peccatum

1937 4036 2132 4106 quippe
2153 4034 2302 4091 trabe
2324 4036 2539 4106 gravius
2567 4044 2667 4091 est.

2010 4130 2063 4186 5.
2105 4125 2334 4184 Christus
2363 4145 2465 4183 non
2489 4138 2618 4183 vetat
2649 4128 2779 4183 alios
2818 4144 3060 4199 arguere,
3089 4128 3177 4183 sed
3204 4128 3324 4198 quid
3353 4127 3524 4182 vetat?

1940 4221 2257 4293 Explanatio
2306 4221 2465 4285 illius,
2493 4220 2666 4276 Nolite
2718 4220 2847 4275 dare
2896 4229 3078 4275 sancta
3128 4220 3382 4287 canibus,
3423 4233 3521 4274 etc.

1941 4314 2191 4386 Mysteria
2230 4329 2323 4367 cur
2347 4313 2529 4384 januis
2564 4312 2752 4367 clausis
2778 4312 3163 4366 celebrarentur.
3197 4341 3265 4352 ——
3286 4310 3398 4366 Hoc
3423 4312 3523 4381 igi-

1942 4416 2027 4463 tur
2054 4422 2149 4478 per
2174 4422 2235 4461 ea
2265 4422 2383 4476 quae
2412 4405 2553 4459 dicta
2582 4414 2706 4460 sunt
2736 4406 3024 4475 pratcepit,
3064 4419 3258 4474 nempe
3284 4420 3406 4460 eum
3434 4406 3524 4473 qui

1942 4499 2211 4555 sexcentis
2239 4498 2384 4552 vitiis
2413 4497 2483 4551 sit
2507 4495 2792 4562 obnoxius,
2819 4496 3009 4551 aliena:
3038 4496 3209 4566 culpae
3232 4513 3336 4550 non
3368 4512 3525 4551 seve-

1942 4608 2061 4649 rum
2089 4606 2210 4648 esse
2239 4590 2478 4661 judicem
2510 4600 2779 4659 oportere,
2812 4591 2854 4643 si
2889 4590 3120 4644 maxime
3144 4590 3373 4644 aliorum
3398 4604 3525 4660 pec-

1941 4695 2059 4741 cata
2084 4686 2191 4741 sint
2208 4685 2341 4740 levia
2376 4702 2388 4738 :
2423 4698 2526 4739 non
2548 4682 2691 4754 quod
2720 4691 2863 4737 vetet
2890 4697 3115 4753 arguere
3133 4691 3187 4738 et
3219 4683 3523 4746 emendare,

1942 4777 2036 4833 sed
2067 4775 2210 4847 quod
2241 4774 2517 4845 prohibeat
2544 4773 2756 4845 propria
2790 4774 2927 4828 mala
2950 4774 3239 4844 negligere,
3267 4783 3320 4829 et
3340 4774 3530 4831 alienis

1943 4872 2217 4929 insultare.
2244 4870 2455 4926 Etenim
2486 4869 2613 4923 illud
2646 4869 2699 4923 in
2734 4882 2984 4939 magnum
3006 4878 3251 4938 vergeret
3280 4869 3529 4938 nequitia:

1943 4971 2308 5035 augmentum,
2339 4961 2717 5032 duplicemque
2755 4959 3032 5015 inveheret
3077 4960 3354 5014 malitiam.
3395 4959 3528 5015 Nam

1944 5056 2034 5127 qui
2057 5053 2290 5125 peccatis
2309 5052 2441 5117 suis,
2469 5051 2571 5107 etsi
2597 5050 2868 5122 gravibus,
2900 5051 3179 5122 neglectis,
3205 5051 3431 5105 aliorum
3454 5052 3531 5105 vi-

1946 5149 2017 5202 tia
2066 5160 2228 5216 parva
2276 5143 2520 5215 leviaque
2563 5143 2810 5199 acerbius
2858 5143 3125 5199 discutere
3173 5143 3445 5210 studeret,
3477 5146 3528 5200 in

1944 5237 2211 5308 duplicem
2254 5235 2551 5291 incurreret
2578 5234 2751 5291 labem
2776 5252 2792 5301 ;
2819 5244 2869 5291 el
2894 5235 3036 5306 quod
3071 5236 3285 5307 propria
3313 5248 3529 5306 peccata

1945 5327 2242 5398 negligeret
2287 5333 2762 5397 contemneretque
2786 5366 2801 5390 ,
2833 5333 2888 5381 et
2915 5325 3058 5396 quod
3088 5327 3325 5381 omnium
3356 5326 3530 5383 offen-

1945 5422 2151 5474 sionem
2208 5418 2647 5488 iuimicitiamque
2695 5417 2748 5471 in
2798 5432 2859 5475 se
2905 5419 3229 5485 concitaret,
3274 5427 3435 5489 atque
3479 5421 3531 5475 in

1947 5520 2241 5565 extremam
2276 5508 2716 5563 inhumanitatem
2748 5508 3121 5578 feritatemque
3141 5510 3381 5580 quotidie
3409 5525 3533 5582 pro-

1946 5600 2183 5655 cederet.
2232 5599 2325 5655 His
2354 5601 2532 5670 itaque
2570 5598 2819 5654 omnibus
2846 5616 2942 5669 per
2971 5601 3107 5655 hanc
3138 5602 3417 5672 pulchram
3460 5606 3534 5660 le-

1946 5707 2068 5761 gem
2096 5691 2340 5754 sublatis,
2371 5690 2475 5745 hoc
2495 5690 2638 5745 aliud
2660 5690 2933 5761 subjungit
2959 5702 3280 5762 prarceptum
3306 5711 3319 5747 :
3349 5694 3401 5750 6.
3431 5695 3532 5750 Νο-

1951 5790 2037 5839 lite
2075 5793 2251 5839 sancta
2280 5783 2404 5838 dare
2431 5784 2675 5849 canibus,
2715 5799 2872 5853 neque
2915 5784 3199 5855 proﬁciatis
3228 5791 3533 5860 margaritas

1948 5885 2137 5932 uestras
2158 5884 2275 5931 ante
2299 5890 2481 5948 porcos
2504 5873 2732 5952 (Matth.
2767 5875 2854 5934 10.
2885 5874 3013 5953 27).
3037 5878 3195 5951 Atqui
3227 5881 3277 5936 in
3304 5897 3538 5952 sequen-
