4038 6364
538 400 636 456 511

536 521 678 572 tibus
702 560 716 582 ,
749 518 958 591 inquies
985 560 1000 585 ,
1042 514 1320 592 praecipit,
1359 520 1424 576 Et
1451 523 1586 591 quod
1621 523 1676 577 in
1718 539 1845 579 aure
1884 523 2072 578 auditis
2097 566 2113 590 ,

532 611 808 678 pmdicate
827 627 980 682 super
1004 619 1154 666 tecta.
1188 612 1381 667 Verum
1409 611 1512 668 hoc
1545 611 1708 684 priori
1742 629 1851 669 non
1881 623 1962 670 est
1985 630 2118 671 con-

527 703 777 756 trarium.
828 701 1010 772 Neque
1050 702 1157 758 illic
1199 703 1447 759 omnibus
1483 703 1639 774 jubet
1680 705 1992 774 praedicare,
2023 706 2119 762 sed

528 794 597 847 iis
635 795 826 865 quibus
858 795 1255 865 praedicandum
1286 807 1398 864 est,
1441 795 1568 853 cum
1591 797 1782 854 ﬁducia
1826 799 1878 856 id
1917 798 2116 857 facere.

525 884 704 941 Canes
731 895 905 942 autem
936 887 1023 943 hic
1043 898 1199 944 vocat
1219 891 1307 961 qui
1338 891 1389 945 iu
1421 891 1694 961 impietate
1721 889 1885 948 vitam
1917 893 2120 950 ducunt

529 979 826 1043 incurabili,
857 988 910 1035 et
946 980 997 1034 in
1024 982 1216 1052 quibus
1245 997 1370 1053 spes
1404 985 1548 1039 nulla
1574 986 1886 1042 mutationis
1924 989 1979 1043 in
2012 1003 2120 1044 me-

526 1072 652 1125 lius.
700 1071 903 1126 Porcos
940 1089 1068 1128 vero
1098 1073 1217 1128 illos
1246 1075 1334 1144 qui
1366 1075 1580 1130 luxuria
1611 1077 1870 1145 perditam
1901 1093 2118 1150 semper

526 1162 690 1217 vitam
721 1175 906 1234 agunt,
935 1179 1072 1236 quos
1093 1179 1282 1222 omnes
1307 1166 1613 1237 hujusmodi
1636 1168 1876 1225 doctrina
1907 1171 2118 1227 dicebat

526 1253 793 1324 indignos.
828 1255 940 1310 [loc
969 1259 1110 1312 enim
1141 1259 1301 1313 etiam
1342 1259 1538 1315 Paulus
1571 1261 1833 1332 signiﬁcat
1870 1263 1955 1320 his
1989 1281 2116 1322 ver-

525 1345 607 1400 bis
637 1367 651 1402 :
689 1347 939 1402 Animalis
966 1360 1136 1403 autem
1181 1351 1329 1406 homo
1354 1369 1457 1406 non
1493 1355 1707 1425 percipit
1749 1372 1808 1409 ea
1843 1372 1957 1426 qua:
1984 1356 2113 1427 Spi-

523 1437 654 1491 ritus
679 1447 843 1494 sunt:
876 1441 1091 1494 stultitia
1117 1442 1248 1495 enim
1282 1452 1354 1496 est
1378 1444 1458 1498 illi
1488 1445 1567 1515 (Ι.
1591 1445 1709 1500 Cor.
1737 1446 1793 1501 2.
1827 1448 1940 1520 ΙΙ).
1973 1449 2113 1504 Alibi

523 1541 736 1599 quoque
776 1544 921 1597 saepe
963 1530 1094 1585 dicit
1137 1533 1260 1588 vita:
1299 1535 1697 1605 corruptionem
1726 1538 1782 1592 in
1808 1553 1968 1595 causa
1993 1555 2114 1596 esse

522 1633 619 1674 cur
643 1620 955 1690 perfectiora
976 1623 1222 1694 dogmata
1255 1641 1359 1680 non
1391 1627 1733 1697 recipiantur.
1767 1629 1944 1698 Quare
1966 1639 2113 1687 vetat

524 1713 652 1782 ipsis
691 1715 882 1784 januas
917 1717 1111 1786 aperiri
1147 1719 1448 1788 :siquidem
1485 1730 1762 1791 postquam
1795 1722 2111 1793 didicerint,

523 1804 814 1862 ferociores
866 1808 1120 1864 evadunt.
1167 1810 1294 1866 Haec
1348 1812 1564 1882 quidem
1609 1815 1790 1884 probis
1829 1831 1893 1871 ac
1930 1827 2112 1874 mente

521 1899 822 1955 valentibus
849 1903 1078 1957 revelata
1101 1945 1114 1969 ,
1145 1905 1451 1961 veneranda
1477 1906 1727 1962 videntur
1759 1925 1771 1962 :
1799 1896 2110 1966 Socordibus

521 2005 648 2045 vero
679 1994 846 2063 magis
876 1995 1208 2050 honorantur
1238 1997 1497 2066 ignorata.
1535 1997 1604 2053 lis
1645 1998 1804 2070 igitur
1839 2001 1962 2071 quia
2000 2015 2110 2057 non

518 2093 743 2150 possunt
767 2100 834 2140 ex
876 2095 1063 2142 natura
1100 2087 1191 2142 illa
1223 2087 1485 2156 ediscere,
1516 2090 1873 2158 occultentur,
1915 2092 2107 2164 inquit,

520 2187 576 2232 ut
611 2179 796 2233 saltem
822 2196 888 2234 ex
915 2179 1215 2250 ignorantia
1244 2181 1332 2238 illa
1355 2193 1725 2239 revereantur.
1753 2183 1937 2255 Neque
1963 2184 2108 2240 enim

518 2285 711 2338 porcus
736 2272 881 2327 novit
923 2273 1050 2344 quid
1076 2273 1147 2329 sit
1184 2276 1490 2346 margarita.
1520 2276 1652 2344 Quia
1679 2277 1839 2348 igitur
1877 2293 1983 2334 non
2007 2283 2108 2334 ηοε-Δ

518 2361 612 2426 vit,
637 2377 705 2418 ne
725 2363 901 2419 videat
922 2364 1162 2434 quidem,
1193 2380 1260 2420 ne
1282 2367 1559 2422 conculcet
1583 2383 1646 2423 ea
1669 2383 1788 2438 quae
1815 2384 1921 2424 non
1938 2369 2106 2425 novit.

516 2450 657 2507 Nihil
687 2455 828 2508 enim
859 2454 1062 2510 accedit
1087 2456 1152 2510 iis
1173 2457 1262 2527 qui
1298 2457 1369 2512 ita
1406 2471 1530 2513 sunt
1559 2457 1733 2515 aﬁ'ecti
1772 2459 1817 2514 si
1850 2460 2106 2529 audiant,

518 2545 620 2600 nisi
653 2546 825 2616 majus
867 2547 1144 2603 damnum.
1192 2549 1402 2605 Etenim
1439 2560 1623 2607 sancta
1652 2552 1721 2608 ab
1747 2553 1812 2608 iis
1839 2561 2109 2610 temeran-

516 2647 630 2703 tur,
671 2646 855 2707 utpote
893 2639 984 2695 illa
1013 2639 1379 2712 ignorantibus
1409 2661 1422 2696 :
1453 2653 1506 2699 et
1538 2643 1635 2714 ipsi
1659 2644 1891 2701 ferocius
1919 2656 2105 2707 contra

517 2743 617 2785 nos
648 2730 931 2801 insurgunt
955 2733 1167 2787 armati.
1199 2733 1312 2789 Hoc
1343 2735 1484 2789 enim
1518 2735 1782 2806 significat
1811 2737 1939 2793 illud
1972 2757 1986 2792 :
2023 2737 2107 2795 Ne

516 2823 808 2878 conculcent
835 2841 938 2890 eas,
966 2835 1016 2880 et
1037 2830 1267 2881 conversi
1293 2828 1589 2900 dirumpunt
1617 2846 1724 2886 vos.
1762 2831 1866 2887 Sed
1896 2833 1966 2888 ita
1994 2832 2108 2888 for-

519 2919 641 2972 titer
668 2917 876 2974 harere
897 2917 1184 2986 debebant,
1209 2929 1264 2975 ut
1289 2923 1454 2977 semel
1481 2923 1670 2978 tradita
1703 2925 1895 2980 invicta
1917 2941 2106 2982 mane-

515 3017 657 3076 rent,
688 3023 787 3064 nec
805 3025 990 3065 ansam
1019 3011 1122 3066 illis
1149 3021 1334 3068 contra
1362 3030 1460 3070 nos
1494 3015 1817 3086 prmberent.
1841 3018 1955 3074 Non
1978 3035 2108 3090 prae-

513 3096 641 3153 bent
661 3107 839 3154 autem
859 3100 945 3154 illa
968 3115 1174 3165 ansam.
1194 3103 1286 3158 sed
1310 3103 1362 3157 hi
1384 3106 1473 3175 qui
1497 3107 1642 3175 porci
1667 3118 1822 3162 sunt:
1845 3111 2104 3180 quemad-

515 3188 728 3243 modum
750 3191 1032 3261 margarita
1051 3191 1272 3261 pedibus
1288 3194 1508 3261 calcata,
1529 3211 1634 3251 non
1651 3198 1790 3268 quod
1803 3201 2105 3269 spernenda

513 3281 586 3335 sit
623 3282 992 3348 conculcatur,
1025 3282 1119 3338 sed
1149 3285 1270 3354 quia
1317 3286 1372 3340 in
1403 3301 1594 3356 porcos
1623 3289 1827 3344 incidit.
1859 3292 1937 3346 Ac
1980 3293 2104 3363 pul-

511 3374 641 3431 chre
664 3375 800 3432 dixit
825 3393 838 3430 :
862 3375 1101 3433 Conversi
1120 3378 1415 3450 dirumpunt
1439 3395 1545 3436 vos.
1571 3381 1884 3440 Modestiam
1907 3387 2105 3457 quippe

512 3468 800 3535 simulant,
853 3477 912 3524 ut
957 3469 1208 3536 discant;
1257 3479 1538 3542 postquam
1585 3488 1717 3530 vero
1761 3474 2100 3546 didicerunt,

512 3563 603 3616 alii
656 3577 722 3618 ex
775 3563 896 3618 aliis
946 3562 1119 3619 effecti
1173 3562 1403 3620 illuduut
1455 3564 1646 3633 nobis,
1713 3569 1996 3624 traducunt
2049 3579 2106 3626 et

513 3653 739 3709 irrident
783 3670 882 3710 nos
925 3656 1076 3726 quasi
1121 3655 1395 3728 deceptos.
1426 3657 1656 3729 Ideoque
1695 3659 1890 3716 Paulus
1921 3661 2104 3717 Timo-

512 3745 640 3800 theo
686 3746 898 3801 dicebat
945 3763 959 3799 :
1014 3747 1173 3812 Quem
1204 3757 1251 3802 et
1295 3758 1351 3802 tu
1399 3749 1564 3804 devita
1592 3765 1612 3805 :
1659 3752 1808 3806 valde
1845 3754 1980 3807 enim
2017 3769 2103 3808 re-

511 3838 637 3891 stitit
685 3838 848 3892 verbis
903 3839 1087 3894 nostris
1134 3837 1156 3912 (
1192 3838 1248 3893 2.
1305 3838 1441 3894 Tim.
1499 3842 1555 3897 4.
1598 3839 1750 3916 i5);
1809 3858 2104 3915 rursusque

510 3930 658 3994 alibi,
690 3929 758 3984 Et
783 3929 874 3984 hos
899 3930 1062 3984 devita
1087 3929 1165 4000 (2.
1197 3929 1329 3984 Tim.
1366 3932 1419 3987 5.
1451 3932 1542 4004 5);
1571 3942 1645 4000 et,
1680 3932 2104 3990 Horreticumlto-

511 4025 696 4078 minem
726 4035 838 4095 post
864 4041 1020 4078 unam
1043 4034 1089 4078 et
1126 4026 1341 4080 alterum
1365 4026 1758 4082 admonitionem
1783 4027 1949 4082 devita
1968 4028 2098 4099 (Tit.

510 4115 564 4169 5.
597 4116 706 4187 10).
739 4114 854 4170 Νοη
882 4115 1042 4186 igitur
1068 4115 1136 4171 ab
1162 4116 1268 4172 illis
1288 4125 1584 4183 armantur,
1617 4112 1713 4174 sed
1738 4133 1923 4174 eorum
1946 4133 2103 4176 occa-

511 4209 666 4264 sione
691 4208 837 4263 stulti
876 4208 1128 4274 evadunt,
1157 4209 1348 4278 majori
1375 4203 1676 4281 arrogantia
1710 4212 1920 4282 repleti.
1944 4212 2099 4268 Ideo-

511 4316 616 4371 quc
637 4317 742 4356 non
765 4316 950 4370 parum
977 4301 1109 4357 lucri
1138 4301 1261 4357 inde
1282 4301 1506 4368 accedit,
1535 4303 1578 4357 si
1602 4302 1655 4358 in
1677 4318 1775 4359 sua
1802 4305 2099 4375 ignorantia

513 4404 807 4449 maneant:
853 4395 932 4449 sic
960 4395 1104 4450 enim
1148 4409 1256 4448 non
1286 4393 1356 4448 ita
1387 4394 1701 4465 despicient.
1751 4396 1807 4452 Si
1849 4411 1978 4452 vero
2019 4396 2104 4452 di-

512 4494 685 4551 scant,
726 4486 922 4556 duplex
953 4487 1177 4557 emergit
1206 4486 1477 4542 damnum.
1527 4487 1607 4543 Illi
1645 4488 1787 4544 enim
1819 4488 1942 4545 inde
1966 4487 2100 4544 nihil

512 4577 716 4633 fructus
743 4578 1065 4648 percipient;
1098 4580 1206 4635 imo
1231 4580 1400 4650 magis
1427 4579 1707 4646 laedentur,
1732 4581 1934 4653 tibique
1954 4583 2100 4640 mille

512 4671 722 4740 negotia
765 4670 1122 4727 suscitabunt.
1169 4671 1404 4728 Audiant
1442 4672 1477 4727 ii
1503 4674 1593 4744 qui
1619 4673 1960 4745 impudenter
1986 4689 2102 4731 om-

511 4762 668 4818 nibus
693 4777 753 4817 se
777 4761 1094 4830 admiscent,
1139 4771 1192 4820 et
1220 4764 1525 4819 veneranda
1551 4779 1776 4836 quasque
1799 4765 2099 4836 spernenda

509 4855 761 4910 reddunt.
808 4855 941 4910 Nam
985 4855 1237 4928 mysteria
1277 4857 1398 4912 ideo
1425 4855 1604 4928 januis
1632 4856 1826 4912 clausis
1860 4857 2101 4913 celebra-

511 4961 652 5015 mus,
675 4955 865 5002 etnon
906 4945 1142 5001 initiatos
1178 4947 1470 5016 abigimus,
1511 4961 1619 5002 non
1652 4946 1794 5017 quod
1822 4945 2102 5002 inﬁrmita-

512 5048 618 5093 tem
645 5038 930 5108 quamdam
959 5038 1011 5094 in
1042 5038 1147 5094 illis
1175 5038 1663 5109 deprehendamus,
1688 5039 1782 5096 sed
1803 5042 1923 5111 quia
1947 5040 2100 5096 multi

511 5127 933 5198 imperfectiores
978 5137 1126 5194 sunt,
1158 5142 1314 5199 quam
1362 5138 1421 5184 ut
1471 5129 1601 5198 ipsis
1643 5131 1849 5199 possint
1886 5130 2097 5187 adesse.

510 5219 636 5275 Ideo
672 5219 764 5275 ille
799 5219 962 5274 multa
1003 5218 1057 5274 in
1099 5219 1366 5290 parabolis
1392 5221 1706 5291 loquebatur
1728 5221 1944 5288 Judaeis,
1975 5223 2098 5294 quia

511 5311 757 5368 videntes
783 5328 888 5367 non
914 5311 1186 5368 videbant.
1212 5312 1545 5384 Quapmpter
1568 5314 1764 5370 Paulus
1790 5315 2102 5385 scirejussit

509 5401 782 5471 quomodo
829 5411 1076 5470 oporteat
1111 5403 1785 5475 unicuiquerespondere.
1826 5407 1857 5458 7
1913 5404 2096 5472 Petito,

511 5502 558 5545 et
583 5493 787 5546 dabitur
814 5493 982 5558 vobis;
1012 5497 1240 5565 qurerite,
1272 5504 1317 5550 et
1339 5495 1633 5560 invenietis;
1662 5497 1877 5564 pulsate,
1910 5505 1957 5550 et
1987 5514 2102 5568 ape-

511 5585 668 5638 rietur
687 5585 843 5641 vobis.
873 5585 1006 5653 Quia
1035 5587 1176 5642 enim
1200 5601 1387 5657 magna
1413 5597 1466 5642 et
1495 5587 1804 5643 admiranda
1829 5589 2096 5658 prmeepit,

515 5674 762 5731 omnibus
797 5677 960 5745 jussit
987 5676 1267 5734 aﬂ'ectibus
1291 5691 1410 5734 esse
1462 5678 1788 5749 superiores,
1819 5678 1888 5734 ad
1926 5679 2100 5749 ipsum

513 5769 704 5822 czelum
735 5767 967 5834 adduxit,
994 5783 1057 5827 ac
1084 5770 1301 5828 studere
1327 5771 1598 5842 przecepit,
1646 5785 1752 5826 non
1793 5779 1851 5825 ut
1897 5770 2098 5842 angelis

1243 402 1298 461 S.
1336 402 1613 462 JOANNIS
1651 404 2122 462 CilRYSOSTOMl
2161 405 2479 464 ARCHIEP.
2519 401 3078 466 CON'STANTINOP.

3685 405 3786 468 312

2209 530 2263 576 et
2291 522 2661 592 archangelis,
2688 520 2780 577 sed
2809 521 2910 592 ipsi
2935 521 3180 576 omnium
3206 519 3437 576 Domino
3455 516 3496 587 ι,
3525 531 3784 591 quantum

2213 610 2326 665 ﬁeri
2360 610 2510 676 licet,
2552 610 2762 666 similes
2789 611 2979 666 simus.
3030 609 3338 680 Discipulos
3365 624 3493 665 vero
3526 625 3636 664 non
3690 611 3787 666 hoc

2211 703 2388 759 solum
2438 704 2721 774 perficere,
2753 703 2845 759 sed
2884 712 2939 758 et
2972 703 3110 759 alios
3152 703 3445 759 emendare
3477 703 3664 773 jussit,
3728 718 3788 758 ac

2209 794 2521 850 discernere
2555 794 2694 850 inter
2730 796 2902 852 malos
2932 791 2986 850 et
3017 795 3212 859 bonos,
3241 795 3384 850 inter
3413 810 3578 850 canes
3606 803 3787 850 etnon

2209 901 2375 942 canes
2403 886 2597 955 (multa
2626 896 2808 942 autem
2833 897 2961 943 sunt
2984 888 3037 942 in
3071 887 3389 944 hominibus
3424 886 3687 956 occulta),
3728 905 3790 943 ne

2209 977 2454 1034 dicerent
2491 976 2606 1031 haec
2635 978 2770 1032 dura
2799 988 2852 1033 et
2873 978 3240 1033 intolerabilia
3265 994 3407 1034 esse.
3465 976 3600 1032 Nam
3629 978 3682 1031 in
3708 994 3789 1033 se-

2209 1067 2503 1141 quentibus
2542 1068 2658 1124 haec
2696 1067 2892 1126 Petrus
2925 1070 3199 1142 loquitur:
3247 1070 3380 1135 Quis
3418 1078 3588 1139 potest
3618 1071 3790 1123 salvus

2210 1163 2364 1217 esse?
2410 1158 2476 1216 Et
2504 1176 2726 1238 rursus:
2779 1161 2841 1218 Si
2862 1164 2939 1218 ita
2967 1172 3047 1222 est
3068 1179 3234 1216 causa
3267 1162 3519 1224 hominis,
3572 1177 3675 1214 non
3705 1177 3791 1214 εαξη

2209 1254 2351 1322 pedit
2381 1256 2572 1310 nubere
2603 1254 2825 1324 (Matth.
2850 1255 2938 1310 l9.
2974 1253 3048 1309 25
3087 1245 3198 1324 10).

2291 1355 2346 1410 4.
2381 1355 2648 1429 Praecpta
2673 1360 2960 1432 evangelica
2996 1363 3250 1436 precando
3286 1365 3507 1422 allevare
3546 1367 3796 1424 debemus.

2224 1444 2654 1504 Perseverandum
2676 1451 2731 1506 in
2757 1454 3003 1508 oratione.
3042 1484 3116 1496 —
3155 1454 3236 1512 Ne
3280 1457 3443 1528 igitur
3493 1457 3610 1514 haec
3638 1459 3792 1514 etiam

2219 1554 2362 1595 nunc
2389 1539 2602 1607 dicant,
2634 1557 2756 1598 cum
2799 1543 2908 1614 jam
2940 1544 2993 1600 in
3020 1547 3447 1616 praecedentibus
3486 1549 3800 1606 ostendisset

2221 1630 2307 1685 illa
2358 1645 2479 1688 esse
2519 1633 2732 1703 facilia,
2777 1636 3074 1693 ratiociniis
3110 1637 3477 1710 frequentibus
3523 1641 3800 1707 adductis,

2218 1736 2338 1791 quae
2358 1721 2411 1777 id
2431 1724 2659 1781 suadere
2688 1735 2924 1795 possent,
2956 1727 3174 1784 demum
3205 1730 3469 1787 facilitatis
3495 1731 3800 1788 coronidem

2217 1813 2470 1883 apponit,
2496 1829 2606 1870 non
2645 1816 2850 1888 vulgari
2893 1820 3192 1890 excogitata
3230 1820 3283 1875 in
3313 1821 3584 1878 laboribus
3609 1837 3800 1878 conso-

2217 1905 2417 1962 latione
2440 1948 2456 1975 ,
2518 1922 2713 1980 nempe
2772 1909 3106 1966 assiduarum
3155 1927 3374 1982 precum
3418 1912 3634 1969 auxilio.
3689 1913 3799 1969 Non

2215 1999 2347 2055 satis
2387 2000 2534 2056 enim
2573 2015 2695 2057 esse
2735 2001 2898 2070 dicit,
2939 2003 2984 2058 si
3020 2003 3074 2058 id
3103 2003 3362 2074 perﬁcere
3390 2021 3657 2072 curemus,
3711 2007 3800 2061 sed

2215 2103 2506 2162 supernum
2535 2108 2659 2149 esse
2682 2095 2936 2150 auxilium
2967 2095 3362 2166 implorandum
3393 2115 3406 2150 :
3439 2097 3582 2168 quod
3622 2098 3801 2169 utique

2214 2183 2394 2238 veniet
2419 2193 2475 2239 et
2498 2184 2671 2240 aderit
2697 2226 2713 2251 ,
2755 2185 2916 2257 inque
2939 2187 3322 2244 certaminibus
3346 2203 3445 2244 nos
3469 2189 3682 2260 juvabit
3698 2232 3714 2257 ,
3751 2199 3801 2245 et

2215 2273 2393 2328 omnia
2433 2272 2606 2328 facilia
2640 2274 2848 2332 reddet.
2881 2275 3006 2332 Ideo
3031 2285 3212 2347 petere
3239 2279 3430 2348 jussit,
3467 2293 3533 2334 ac
3564 2293 3625 2335 se
3651 2279 3802 2334 datu-

2214 2379 2332 2420 rum
2359 2365 2668 2435 Spopondit.
2695 2366 2894 2423 Verum
2937 2368 3208 2439 postulare
3249 2367 3412 2440 jussit
3456 2383 3564 2424 non
3589 2369 3798 2436 obiter,

2213 2454 2308 2510 scd
2337 2470 2458 2511 cum
2489 2455 2799 2513 assiduitate
2822 2469 2876 2514 et
2899 2459 3241 2516 contentione
3286 2467 3498 2531 magna.
3523 2460 3635 2516 Hoc
3661 2463 3801 2517 enim

2212 2546 2475 2616 signiﬁcat
2504 2547 2634 2604 illud
2655 2590 2669 2615 ,
2700 2548 2938 2616 Quaerite.
2965 2549 3098 2605 Nam
3127 2552 3214 2621 qui
3245 2553 3453 2621 quaerit,
3483 2552 3608 2606 aliis
3632 2552 3802 2606 omni-

2212 2638 2312 2694 bus
2349 2655 2416 2696 cx
2461 2649 2643 2696 mente
2687 2641 3008 2708 eliminatis,
3057 2643 3136 2697 rei
3187 2651 3392 2697 tantum
3431 2642 3673 2712 quies-ita:
3717 2643 3803 2698 dat

2212 2745 2451 2800 operam,
2479 2732 2786 2800 nullamque
2816 2732 3156 2802 praesentium
3185 2732 3346 2788 habet
3375 2733 3660 2787 rationem.
3693 2732 3801 2787 No-

2213 2830 2338 2877 runt
2362 2830 2508 2878 certe
2535 2821 2662 2878 illud
2688 2831 2950 2894 quotquot
2976 2823 3060 2879 vel
3081 2839 3214 2878 auro
3234 2824 3316 2878 vel
3347 2824 3516 2879 servis
3551 2825 3798 2888 amissis,

2213 2913 2328 2969 haec
2355 2924 2539 2985 postea
2580 2925 2842 2986 qumrunt.
2876 2915 3007 2971 Illud
3038 2916 3235 2972 indicat
3278 2931 3376 2988 per
3399 2933 3587 2973 vocem
3621 2918 3800 2984 illam,

2213 3005 2435 3072 Quwrite
2457 3025 2476 3073 ;
2501 3023 2620 3062 cum
2648 3023 2776 3063 vero
2805 3007 2956 3074 dicit,
2989 3007 3220 3072 Pulsate,
3252 3008 3604 3065 vehementer
3635 3017 3692 3066 et
3718 3025 3802 3064 ar-

2209 3097 2356 3155 denti
2397 3100 2576 3154 animo
2619 3099 2981 3156 accedendum
3027 3115 3148 3157 esse
3191 3101 3474 3173 significat.
3502 3102 3583 3159 Ne
3627 3103 3801 3174 itaque

2209 3191 2493 3258 concidas,
2525 3193 2598 3247 mi
2638 3191 2800 3248 homo
2820 3235 2835 3262 ,
2865 3209 3041 3266 neque
3083 3195 3347 3252 minorem
3373 3195 3441 3252 de
3467 3197 3668 3252 virtute
3705 3213 3801 3250 cu-

2208 3298 2322 3337 ram
2349 3282 2639 3353 exhibeas,
2667 3299 2825 3356 quam
2856 3285 2923 3342 de
2970 3287 3229 3357 pecuniis.
3277 3286 3385 3343 Has
3420 3288 3621 3360 quippe
3659 3304 3801 3358 sa-pe

2208 3389 2454 3442 quaerens
2482 3391 2587 3432 non
2618 3375 2864 3432 invenisti
2891 3395 2906 3444 ;
2936 3387 2989 3434 et
3019 3387 3194 3435 tamen
3232 3393 3353 3435 cum
3391 3380 3556 3452 probe
3584 3382 3727 3437 scias
3752 3391 3802 3435 te

2207 3462 2346 3521 forte
2400 3480 2509 3521 non
2551 3467 2924 3534 inventurum,
2969 3483 3184 3526 omnem
3236 3470 3482 3540 exploras
3524 3471 3800 3542 quasrendi

2207 3556 2424 3611 modum
2460 3574 2474 3612 :
2503 3555 2592 3612 hic
2615 3573 2743 3614 vero
2767 3561 3109 3629 sponsionem
3147 3560 3351 3617 habens
3375 3570 3429 3616 te
3457 3577 3680 3632 prorsus
3707 3577 3799 3618 ac-

2207 3656 2483 3717 cepturum
2510 3661 2660 3715 esse,
2685 3664 2753 3705 ne
2778 3649 3052 3723 minimam
3081 3651 3296 3722 quidem
3329 3652 3468 3708 illius
3491 3652 3657 3709 studii
3681 3668 3800 3724 par-

2208 3747 2315 3795 tem
2347 3739 2586 3796 exhibes.
2633 3739 2690 3796 Si
2720 3756 2849 3796 vero
2875 3757 2980 3796 non
3007 3742 3185 3798 statim
3208 3743 3438 3813 accipias
3459 3785 3474 3810 ,
3507 3759 3576 3800 ne
3603 3744 3800 3814 despe-

2206 3846 2315 3888 res.
2346 3831 2471 3889 ldeo
2497 3834 2640 3890 enim
2672 3834 2845 3904 dixit,
2875 3834 3116 3902 Pulsate,
3143 3845 3203 3893 ut
3225 3837 3475 3894 ostendat
3497 3879 3512 3904 ,
3553 3840 3801 3908 quamvis

2207 3940 2314 3981 non
2340 3927 2521 3982 statim
2545 3927 2768 3997 aperiat,
2803 3929 3126 3984 manendum
3161 3939 3336 3985 tamen
3365 3945 3507 3987 esse.
3533 3929 3592 3988 Si
3620 3943 3801 3989 autem

2207 4033 2342 4074 mea:
2395 4033 2498 4074 non
2546 4019 2737 4075 credas
2785 4021 3097 4090 sponsioni,
3155 4020 3344 4077 saltem
3390 4022 3516 4079 huic
3549 4025 3802 4094 exemplo

2204 4109 2385 4166 crede.
2409 4111 2462 4167 9.
2489 4110 2615 4176 Quis
2643 4128 2706 4166 ea:
2731 4111 2868 4166 vobis
2895 4121 2984 4177 est,
3018 4112 3210 4183 inquit,
3246 4121 3390 4185 pater
3408 4115 3452 4181 ’,
3482 4115 3564 4169 cui
3589 4115 3640 4170 si
3662 4115 3802 4184 filius

2205 4209 2343 4271 petat
2365 4217 2566 4269 panem,
2585 4201 2830 4270 numquid
2854 4202 3076 4273 lapidem
3102 4202 3240 4256 dabit
3264 4204 3308 4256 ei
3323 4204 3350 4258 .9
3368 4203 3520 4274 Apud
3549 4204 3801 4260 homines

2204 4293 2417 4364 quidem
2443 4293 2489 4348 si
2517 4292 2570 4348 id
2601 4292 2910 4364 frequenter
2934 4293 3095 4350 facias
3115 4335 3131 4359 ,
3170 4293 3429 4350 molestus
3455 4305 3511 4351 et
3533 4309 3802 4351 onerosus

2205 4387 2406 4443 videris
2437 4405 2450 4442 :
2479 4386 2620 4457 apud
2646 4387 2813 4442 Deum
2839 4397 3036 4451 autem,
3065 4387 3108 4442 si
3137 4386 3241 4442 hoc
3269 4402 3374 4442 non
3405 4386 3593 4452 facias,
3628 4389 3802 4458 magis

2203 4477 2273 4533 ad
2319 4477 2453 4532 iram
2491 4491 2818 4532 commoves.
2869 4476 2925 4533 Si
2973 4487 3150 4532 autem
3173 4476 3406 4547 petendo
3430 4491 3756 4548 permaneas
3778 4516 3796 4542 ,

2204 4569 2412 4626 etiamsi
2463 4585 2568 4625 non
2617 4570 2798 4625 statim
2846 4569 3111 4639 accipias,
3159 4569 3389 4640 accipies
3419 4577 3623 4625 tamen.
3676 4570 3801 4626 Ideo

2205 4677 2435 4734 namque
2473 4663 2653 4718 clausa
2682 4670 2766 4717 est
2783 4662 2962 4733 janua,
2991 4670 3054 4717 ut
3101 4671 3154 4717 te
3191 4661 3259 4717 ad
3288 4661 3608 4733 pulsandum
3642 4662 3800 4718 indu-

2203 4764 2308 4810 cat.
2336 4753 2463 4810 ldeo
2489 4769 2594 4808 non
2635 4753 2813 4808 statim
2839 4752 3060 4820 annuit,
3097 4761 3155 4807 ut
3199 4761 3347 4822 petas
3379 4769 3394 4806 :
3427 4767 3586 4808 mane
3638 4753 3800 4823 igitur

2203 4844 2257 4900 id
2278 4860 2463 4915 agens,
2492 4851 2547 4899 et
2583 4844 2770 4914 procul
2821 4842 2984 4899 dubio
3012 4843 3260 4912 accipies.
3303 4841 3381 4898 Ne
3425 4843 3567 4898 enim
3597 4843 3750 4898 dicas
3779 4859 3797 4898 :

2203 4936 2342 5004 Quid
2373 4936 2552 5006 igitur,
2578 4935 2621 4992 si
2649 4944 2847 5005 petam,
2880 4943 2935 4990 et
2962 4948 3066 4989 non
3093 4933 3349 5004 accipiam
3370 4933 3397 4988 ?
3434 4947 3532 5004 per
3558 4933 3799 5004 parabo.

2203 5025 2311 5083 lam
2337 5035 2388 5082 te
2410 5027 2462 5081 in
2484 5041 2580 5096 spe
2599 5025 2866 5090 ﬁrmavit,
2895 5024 3188 5080 ratiociniis
3214 5039 3425 5079 rursum
3457 5038 3609 5090 usus,
3637 5034 3800 5094 atque

2204 5119 2452 5176 humanis
2476 5119 2736 5189 exemplis
2768 5128 2821 5173 te
2849 5117 2916 5172 ad
2939 5116 3186 5172 fiduciam
3217 5130 3279 5172 ea
3303 5117 3354 5171 in
3387 5131 3447 5172 re
3474 5114 3799 5171 sumendam

2204 5213 2485 5280 inducens,
2505 5212 2631 5268 dum
2653 5225 2750 5280 per
2767 5208 2884 5264 haec
2911 5207 3163 5270 ostendit.
3187 5222 3292 5263 non
3315 5207 3475 5263 modo
3499 5207 3796 5279 petendum

2203 5321 2345 5375 esse,
2399 5304 2494 5362 sed
2543 5319 2661 5375 qua:
2688 5302 2911 5373 petenda
2951 5301 3078 5356 sint.
3125 5301 3256 5368 Quis
3280 5300 3412 5354 enim
3440 5315 3504 5353 ea:
3533 5299 3680 5353 vobis
3723 5306 3799 5352 est

2205 5409 2366 5470 pater,
2391 5397 2472 5452 cui
2498 5397 2542 5451 si
2568 5394 2707 5465 ﬁlius
2736 5402 2872 5464 petat
2898 5408 3098 5462 panem,
3130 5390 3377 5460 numquid
3403 5389 3627 5460 lapidem
3654 5387 3798 5440 dabit

2204 5489 2527 5560 illi?ltaque
2556 5487 2726 5543 sinon
2753 5484 2949 5555 accipis
2969 5525 2985 5551 ,
3031 5481 3151 5537 ideo
3179 5496 3285 5536 non
3306 5480 3522 5552 accipis,
3551 5479 3680 5548 quia
3711 5477 3796 5532 la-

2204 5582 2380 5654 pidem
2403 5580 2561 5651 petis.
2581 5576 2802 5634 Etiamsi
2831 5576 2975 5632 enim
3005 5573 3146 5628 ﬁlius
3173 5574 3269 5641 sis,
3291 5571 3343 5627 id
3369 5585 3474 5627 non
3499 5569 3705 5626 sufﬁcit
3730 5567 3794 5622 ad

2262 5741 2288 5811 ,ί
2343 5737 2462 5798 Alii,
2520 5733 2607 5785 sed
2679 5730 2778 5796 ipsi
2895 5729 3114 5781 Domino.
3149 5727 3253 5790 Alii,
3276 5726 3363 5780 sed
3387 5725 3674 5791 angelorum
3699 5733 3794 5775 Do-

2205 5813 2352 5851 mmo.

2272 5865 2293 5896 ³
2326 5859 2452 5922 Vox,
2470 5863 2626 5924 pater,
2652 5855 2794 5908 deest
2815 5856 2868 5905 in
2889 5851 3195 5920 quibusdam.
