4038 6364
168 329 253 386 3n
1208 329 1271 381 In
1313 329 1720 383 MA'I'HLEUM
1765 329 1998 386 IIOMIL.
2038 330 2223 386 XXIII.
2272 334 2343 387 al.
2386 333 2575 391 XXIV.

174 458 322 495 σαγε
344 443 434 507 εἰς
467 442 534 495 τὸ
554 442 683 508 οὓς,
712 442 1011 510 κηρύξατε
1034 442 1129 495 ἐπὶ
1155 442 1273 496 τῶν
1300 442 1584 512 δωμάτων
1618 446 1683 499 ⁷⁸.
1713 445 1851 497 Ἀλλ’

174 529 291 582 οὑδέ
326 528 489 581 τοῦτο
524 531 766 582 ἐναντίον
812 530 927 582 ἐστὶ¹
972 529 1051 600 τῷ
1098 530 1365 601 προτέρῳ.
1410 532 1544 583 Οὐδὲ
1578 532 1685 603 γάρ
1738 535 1856 586 ἐκεῖ

176 621 340 671 πᾶσιν
374 617 565 681 ἁπλῶς
595 618 855 683 ἐπέταξεν
885 620 1078 681 εἰπεῖν,
1100 619 1217 673 ἀλλ’
1251 615 1332 681 οἷς
1358 621 1439 673 δεῖ
1467 623 1661 685 εἰπεῖν,
1715 624 1855 693 μετά

175 706 498 776 παρᾑσίας
537 708 729 759 εἰπεῖν.
790 706 972 769 Κύνας
1024 708 1079 761 δὲ
1106 708 1334 761 ἐνταῦθα
1366 710 1489 773 τοὺς
1544 712 1601 763 ἐν
1632 712 1855 782 ἀσεϐείᾳ.

174 792 387 855 ζῶντας
425 793 650 863 ἀνιάτῳ,
682 794 777 847 καὶ
812 793 1114 864 μεταϐολῆς
1148 796 1245 865 τῆς
1273 796 1365 848 ἐπὶ
1396 796 1455 849 τὸ
1489 800 1730 867 κρεῖττον
1757 800 1856 851 οὐκ

174 882 398 950 ξχοντας
448 882 637 934 ἐλπίδα
670 883 909 953 ᾐνίξατο,
950 881 1045 936 καὶ
1078 882 1294 954 χοίρους
1320 886 1445 949 τοῦς
1476 886 1534 937 ἐν
1574 886 1857 957 ἀκολάστῳ

178 969 275 1037 βίῳ
306 969 689 1038 διατρίϐοντας
736 970 1045 1033 διαπαντὸς,
1080 970 1286 1042 οῦσπερ
1333 971 1577 1036 ἅπαντας
1606 972 1858 1038 ἀναξίους

175 1058 377 1126 ἔφησεν
406 1053 548 1109 εἶναι
576 1058 673 1126 τῆς
708 1057 965 1129 τοιαύτης
1003 1058 1340 1129 ἀκροάσεως.
1385 1058 1556 1113 Τοῦτο
1602 1060 1732 1129 γοῦν
1766 1062 1859 1114 καὶ

176 1146 203 1195 ὁ
236 1142 456 1206 Παῦλος
492 1142 667 1213 δηλῶν
710 1141 896 1211 ἔλεγε·
950 1144 1215 1213 Ψυχικὸς
1253 1144 1323 1198 δὲ
1353 1146 1398 1177 ⁷⁹
1451 1145 1758 1213 ἄνθρωπος
1786 1149 1858 1201 οὐ

177 1230 418 1300 δέχεται
456 1231 527 1283 τὰ
556 1230 662 1284 τοῦ
696 1233 1031 1299 πνεύματος
1056 1247 1069 1261 ⁸
1102 1232 1295 1301 μωρία
1344 1233 1454 1303 γὰρ
1496 1232 1657 1299 αὐτῷ
1705 1234 1856 1287 ἐστι.

180 1321 290 1372 Καὶ
324 1318 598 1388 πολλαχοῦ
649 1318 708 1372 δὲ
749 1318 975 1389 ἑτέρωθι
1017 1318 1133 1389 βίου
1173 1318 1471 1392 διαφθορὰν
1494 1321 1672 1374 αἰτίαν
1699 1324 1860 1393 φησὶν

180 1404 317 1459 εἰναι
340 1406 440 1460 τοῦ
466 1407 541 1477 μὴ
566 1406 815 1477 δέχεσθαι
843 1406 909 1460 τὰ
932 1406 1241 1479 τελειότερα
1255 1408 1518 1478 δόγματα.
1542 1408 1634 1461 Διὸ
1651 1408 1861 1462 κελεύει

184 1496 258 1565 μὴ
287 1496 629 1548 ἀναπετάσαι
666 1494 765 1558 τὰς
808 1494 978 1565 θύρας
1008 1497 1190 1561 αὐτοῖς
1215 1515 1229 1528 ·
1261 1498 1355 1551 καὶ
1391 1496 1501 1566 γὰρ
1538 1497 1861 1570 θρασύτεροι

182 1587 423 1655 γίνονται
451 1585 589 1656 μετά
624 1586 685 1638 τὸ
727 1586 938 1656 μαθεῖν.
988 1586 1112 1649 Τοῖς
1161 1586 1259 1657 μὲν
1282 1587 1390 1659 γὰρ
1430 1587 1736 1658 εὐγνώμοσι
1770 1587 1864 1641 καί⁵

184 1675 303 1726 νοῦν
356 1674 577 1744 ἔχουσιν
620 1672 1077 1742 ἐκκαλυπτόμενα
1111 1674 1285 1743 σεμνά
1315 1674 1598 1744 φαίνεταιο
1656 1678 1768 1739 τοῖς
1806 1674 1864 1727 δὲ

184 1761 555 1832 ἀναισθήτοις,
603 1761 733 1814 ὅταν
762 1760 1023 1831 ἀγνοῆται
1073 1761 1295 1829 μᾶλλον.
1352 1762 1504 1816 Ἐπεὶ
1542 1763 1589 1795 ⁵ο
1618 1760 1711 1817 οὖν
1757 1764 1869 1817 ἀπὸ

185 1852 281 1920 τῆς
309 1850 532 1919 φύσεως
555 1850 616 1902 οὐ
641 1848 895 1902 δύνανται
924 1849 1066 1903 αὐτά
1103 1850 1465 1922 καταμαθεῖν,
1493 1851 1535 1883 ⁸¹
1572 1851 1866 1923 [καλυπτέ-

186 1940 422 2003 σθωσαν,
458 1938 644 2008 φησὶν,
688 1936 796 2009 ἵνα]
839 1938 944 1991 κᾶν
974 1937 1084 1991 ἀπὸ
1112 1939 1212 2008 τῆς
1248 1941 1473 2007 ἀγνοίας
1523 1942 1867 1997 αἰδεσθῶσιν.

186 2029 319 2082 Οὐδὲ
348 2028 461 2103 γὰρ
493 2030 523 2081 ὁ
548 2027 700 2100 [288]
730 2030 913 2099 χοῖρος
941 2023 1073 2095 οἶδε,
1099 2028 1152 2081 τί
1190 2029 1321 2082 ποτέ
1353 2031 1470 2084 ἐστι
1500 2032 1868 2103 μαργαρίτης.

187 2117 395 2171 Οὐκοῦν
412 2117 602 2188 ἐπειδὴ
624 2118 726 2171 οὐκ
750 2113 880 2181 οἶδε,
904 2118 1040 2187 μηδὲ
1065 2117 1264 2189 ὁράτω,
1295 2119 1379 2172 ἵνα
1409 2119 1483 2190 μὴ
1506 2122 1872 2193 καταπατήσῃ

184 2206 218 2258 ἀ
246 2207 347 2258 οὐκ
372 2201 540 2259 οἶδεν.
572 2205 738 2258 Οὐδὲν
781 2204 891 2276 γάρ
924 2206 1134 2274 γίνεται
1158 2206 1338 2273 πλέον,
1380 2208 1413 2278 ἢ
1459 2208 1629 2280 βλάϐη
1668 2210 1871 2279 μείζων

185 2297 291 2357 τοῖς
323 2293 473 2347 οὕτω
502 2293 870 2364 διακειμένοις
903 2294 997 2348 καὶ
1026 2294 1306 2350 ἀκούουσι.
1346 2297 1459 2349 Καὶ
1505 2299 1613 2369 γὰρ
1638 2299 1706 2351 τά
1738 2298 1872 2367 ἅγια

185 2383 603 2453 ἐμπαροινεῖται
645 2383 776 2452 παρ’
822 2382 1081 2447 ἐκείνων,
1141 2383 1241 2437 οὐκ
1304 2384 1520 2439 εἰδότων
1580 2387 1700 2440 τίνα
1754 2388 1872 2441 ἐστὶ

186 2471 392 2524 ταῦτα’
428 2472 525 2525 καὶ
555 2472 755 2523 ἐκεῖνοι
803 2470 1003 2541 μᾶλλον
1053 2472 1374 2543 ἐπαίρονται
1422 2474 1516 2527 καὶ
1559 2475 1870 2540 ὁπλίζονται

187 2559 304 2612 καθ’
338 2559 524 2628 ἡμῶν.
567 2557 738 2611 Τοῦτο
770 2558 878 2631 γάρ
903 2560 1053 2610 ἐστι·
1087 2559 1183 2628 Μὴ
1229 2561 1735 2630 καταπατήσωσι,
1772 2563 1869 2619 καὶ

188 2646 559 2716 στραφέντες
599 2646 874 2716 ῥήξωσιν
922 2645 1098 2714 ὑμᾶς.
1150 2650 1261 2701 Καὶ
1308 2650 1415 2721 μὴν
1455 2650 1629 2714 οὕτως
1676 2652 1873 2721 ἰσχυρά

187 2736 289 2787 ἔδει
311 2733 475 2797 εἶναι,
498 2736 683 2805 φησὶν,
715 2734 791 2798 ὡς
820 2735 923 2792 καὶ
934 2736 1074 2806 μετά
1092 2735 1152 2788 τὸ
1181 2736 1372 2806 μαθεῖν
1396 2738 1644 2791 ἀνάλωτα
1668 2739 1869 2809 μένειν,

189 2825 279 2877 καὶ
315 2825 393 2895 μὴ
447 2824 707 2895 παρέχειν
738 2823 947 2895 ἐτέροις
1002 2824 1174 2888 λαϐὰς
1221 2824 1342 2878 καθ’
1376 2826 1552 2897 ήμῶν.
1600 2827 1736 2879 Ἀλλ’
1772 2829 1873 2881 οὐκ

190 2913 372 2965 ἐκεῖνα
412 2911 641 2982 παρέχει
666 2949 681 2975 ,
714 2911 850 2965 ἀλλά
876 2912 936 2963 τὸ
966 2912 1184 2982 χοίρους
1221 2907 1360 2966 εἷναι
1389 2912 1611 2976 τούτους
1636 2931 1649 2944 ·
1682 2914 1872 2985 ὥσπερ

190 2997 277 3054 οὖν
298 3001 394 3053 καὶ
417 3003 446 3053 ὁ
473 2999 826 3071 μαργαρίτης
849 2999 1166 3053 καταπατού
1176 3018 1355 3071 μενος,
1380 3001 1479 3054 οὐκ
1499 3002 1684 3074 ἐπειδὴ
1718 3004 1877 3057 εὐκα-

190 3088 532 3159 ταφρόνητός
561 3089 700 3154 ἐστι,
733 3090 1158 3155 καταπατεῖται,
1185 3088 1301 3141 ἀλλ’
1332 3090 1517 3160 ἐπειδὴ
1549 3092 1628 3154 εἰς
1663 3092 1876 3162 χοίρους

191 3175 438 3229 ἐνέπεσε.
476 3175 589 3229 Καὶ
638 3175 820 3239 καλῶς
851 3172 1011 3229 εἰπε’
1065 3176 1439 3246 Στραφέντες
1479 3178 1757 3247 ῥήξωσιν
1803 3180 1872 3234 ⁸².

201 3265 623 3335 Ὑποκρίνονται
671 3263 779 3335 γάρ
805 3264 1126 3331 ἐπιείκειαν,
1157 3264 1299 3318 ὥστε
1327 3265 1521 3336 μαθεῖν
1544 3284 1556 3296 ο
1587 3264 1706 3320 εἶτα
1728 3270 1877 3321 ἐπει-

189 3353 282 3405 δὰν
310 3351 582 3422 μάθωσιν,
618 3350 797 3423 ἕτεροι
828 3352 947 3405 ἀνθ’
979 3352 1185 3423 ἐτέρων
1213 3352 1496 3423 γενόμενοι
1530 3354 1873 3423 κωμῳδοῦσι,

190 3440 539 3509 χλευάζουσι.
566 3438 801 3508 γελῶσιν
831 3439 878 3470 ⁸³
900 3438 976 3502 ὡς
1002 3438 1384 3511 ἀπατηθέντας
1406 3441 1572 3510 ἡμᾶς,
1596 3441 1694 3495 Διά
1721 3441 1877 3495 τοῦτο

192 3529 282 3581 καὶ
305 3531 333 3583 ὁ
365 3527 583 3589 Παῦλος
614 3527 768 3595 ἐλεγε
806 3524 885 3598 τῷ
933 3526 1184 3598 Τιμοθέῳ
1205 3544 1217 3555 ·
1261 3529 1371 3580 Ὃν
1399 3527 1499 3581 καὶ
1526 3528 1607 3581 σὺ
1635 3529 1875 3597 φυλάσ-

190 3633 306 3671 σου
327 3634 341 3647 ο
364 3616 515 3671 λίαν
539 3614 649 3685 γὰρ
676 3614 1014 3683 ἁνθέστηκε
1036 3614 1163 3681 τοῖς
1186 3614 1498 3685 ἡμετέροις
1515 3617 1719 3686 λόγοις
1737 3634 1750 3647 ·
1781 3617 1876 3671 καὶ

193 3705 352 3759 πάλιν
388 3701 652 3773 ἀλλαχοῦ,
715 3703 863 3770 Τοὺς
907 3704 1216 3768 τοιούτους
1262 3702 1605 3771 ἀποτρέπου
1639 3704 1685 3736 ⁸⁸
1704 3720 1718 3733 ·
1758 3705 1874 3771 καὶ,

191 3793 505 3861 ΔΙρετικὸν
524 3792 845 3861 ἄνθρωπον
868 3792 1022 3861 μετὰ
1047 3792 1197 3860 μίαν
1225 3791 1325 3846 καὶ
1352 3791 1641 3859 δευτέραν
1669 3797 1877 3847 νουθε-

192 3884 338 3935 σίαν
395 3879 713 3949 παραιτοῦ.
768 3880 845 3933 Οὐ
883 3880 1063 3935 τοίνυν
1092 3879 1225 3949 παρ’
1274 3880 1500 3932 ἐκείνων
1541 3879 1874 3944 ὁπλίζονται,

194 3973 304 4025 ἀλλ’
334 3973 495 4026 αὐτοὶ
539 3970 758 4041 ἀνόητοι
803 3970 977 4042 ταύτῃ
1027 3969 1289 4038 γίνονται,
1346 3969 1590 4032 πλείονος
1621 3970 1877 4033 ἀπονοίας

194 4058 586 4129 πληρούμενοι.
611 4057 709 4111 Διά
740 4058 900 4112 τοῦτο
937 4058 998 4109 οὐ
1030 4057 1224 4129 μικρὸν
1261 4056 1451 4129 κέρδος
1478 4057 1540 4109 τὸ
1579 4059 1638 4110 ἐν
1684 4058 1877 4129 ἀγνοίᾳ

197 4148 377 4215 μένειν
410 4146 637 4210 αὐτούς’
669 4145 792 4199 οὐδὲ
821 4145 930 4216 γάρ
956 4145 1101 4199 οὓτω
1128 4146 1173 4177 ⁸⁵
1200 4145 1655 4216 καταφρονοῦσιν.
1696 4148 1793 4198 Ἂν
1819 4147 1875 4199 δὲ

198 4234 437 4305 μάθωσι,
469 4234 634 4304 διπλῆ
665 4237 699 4305 ἠ
737 4234 930 4305 ζημία.
984 4234 1147 4287 Αὐτοί
1180 4251 1240 4287 τε
1272 4235 1379 4305 γάρ
1424 4234 1575 4287 οὐδὲν
1622 4233 1875 4287 ἐντεῦθεν

195 4321 602 4392 καρπώσονται,
634 4321 773 4376 ἀλλά
794 4322 889 4376 καὶ
917 4321 1275 4393 βλαϐήσονται
1312 4323 1575 4392 μειζόνως
1596 4362 1611 4386 ,
1656 4323 1751 4376 καὶ
1790 4324 1875 4376 σοὶ

200 4411 366 4480 μυρία
393 4410 691 4481 παρέξουσι
715 4408 1036 4480 πράγματα.
1068 4409 1438 4463 Ἀκουέτωσαν
1460 4410 1508 4463 οἰ
1540 4412 1705 4463 πᾶσιν
1725 4412 1875 4463 ἀναι-

197 4498 298 4563 δῶς
327 4497 790 4569 συμπλεκόμενοι,
824 4497 919 4550 καὶ
948 4496 1017 4550 τὰ
1048 4496 1221 4567 σεμνά
1264 4498 1718 4569 εὐκαταφρόνητα
1754 4517 1873 4552 ποι-

196 4586 401 4650 οῦντες.
432 4586 543 4639 Καὶ
566 4584 674 4657 γὰρ
701 4583 773 4637 τὰ
801 4586 1076 4656 μυστήρια
1100 4583 1188 4637 διὰ
1221 4583 1376 4637 τοῦτο
1403 4583 1500 4648 τὰς
1527 4584 1697 4656 θύρας
1730 4585 1874 4639 κλεί-

196 4694 342 4741 οντες
369 4678 420 4709 ⁸⁸
445 4674 821 4744 ἐπιτελοῦμεν,
854 4673 949 4727 καί⁵
980 4675 1106 4736 τοὺς
1159 4674 1438 4743 ἀμυήτους
1466 4675 1741 4746 εῖργομεν,
1775 4676 1875 4729 οὐκ

196 4765 383 4836 ἐπειδὴ
442 4764 727 4818 ἀσθένειαν
780 4762 1130 4832 κατέγνῳμεν
1185 4762 1298 4817 τῶν
1348 4763 1708 4832 τελουμένων,
1759 4764 1874 4818 ἀλλ’

195 4853 387 4923 ἐπειδὴ
413 4851 766 4921 ἀτελέστερον
794 4851 845 4903 οἰ
875 4849 1059 4903 πολλοί
1096 4850 1233 4921 πρὸς
1261 4851 1401 4905 αὐτά
1440 4851 1519 4904 ἐτι
1553 4852 1871 4908 διάκεινται.

194 4942 292 4994 Διά
314 4941 383 5011 δὴ
405 4939 561 4993 τοῦτο
586 4939 681 4993 καί¹
701 4937 863 5000 αὐτὸς
888 4939 933 4970 ⁸⁷
959 4940 1017 4991 ἐν
1052 4939 1386 5009 παραϐολαῖς
1407 4939 1577 4995 πολλὰ
1600 4944 1717 5005 τοῖς
1739 4942 1873 4996 Ἰου-

194 5029 366 5091 δαίοις
426 5026 739 5096 διελέγετο,
798 5026 987 5098 ἐπειδὴ
1031 5026 1318 5097 βλέποντες
1372 5029 1472 5081 οὐκ
1504 5028 1748 5083 ἔϐλεπον.
1774 5030 1873 5084 Διά

195 5116 352 5169 τοῦτο
375 5118 472 5169 καὶ
510 5119 537 5169 ὁ
566 5115 781 5179 Παῦλος
807 5116 1095 5168 ἐκέλευσεν
1121 5116 1339 5181 εἰδέναι,
1377 5117 1492 5180 πῶς
1529 5118 1611 5171 δεῖ
1639 5120 1719 5172 ἐνὶ
1746 5119 1872 5172 ἐκάη

199 5221 306 5274 στῳ
334 5202 753 5274 ἀποκρίνεσθαι.
788 5204 1030 5269 Αἰτεῖτε,
1081 5204 1180 5256 καί
1210 5202 1526 5271 δοθήσεται
1566 5206 1708 5274 ὑμῖν
1736 5225 1749 5240 ·
1782 5206 1875 5274 ζη-

199 5293 367 5355 τεῖτε,
406 5291 506 5345 καὶ
535 5290 823 5359 εὑρήσετε
842 5307 856 5322 ⁸
894 5294 1159 5360 κρούετε,
1182 5293 1281 5347 καὶ
1306 5294 1688 5363 ἀνοιγήσεται
1709 5294 1871 5365 ὑμῖν.

210 5380 429 5450 Ἐπειδὴ
454 5380 565 5452 γὰρ
589 5379 803 5451 μεγάλα
828 5380 1058 5447 ἐπέταξε
1090 5381 1184 5435 καὶ
1203 5381 1511 5454 θαυμαστὰ,
1537 5385 1630 5436 καὶ
1657 5384 1873 5438 πάντων

3530 342 3647 399 διε

1966 448 2218 501 ἐκέλευσε
2260 450 2369 503 τῶν
2403 450 2591 505 παθῶν
2633 449 2771 507 εἶναι
2808 456 3131 527 ἀνωτέρους,
3180 458 3273 511 καὶ
3306 458 3442 527 πρὸς
3476 460 3638 513 αὐτὸν

1962 535 2133 605 ἤγαγε
2161 536 2252 589 τὸν
2279 538 2529 609 οὐρανὸν,
2556 541 2650 594 καὶ
2679 542 2999 606 σπουδάζειν
3028 544 3308 612 ἐπέταξεν,
3341 547 3442 599 οὐκ
3473 548 3639 615 ἀγγέ-

1960 620 2093 686 λοις,
2118 624 2236 677 οὐδὲ
2266 627 2651 696 ἀρχαγγέλοις,
2678 628 2793 682 ἀλλ’
2825 631 2975 701 αὐτῷ
3012 631 3091 702 τῷ
3131 632 3240 685 τῶν
3268 634 3403 687 ὅλων
3445 635 3491 666 ⁸⁸
3544 638 3643 687 Δε-

1964 711 2138 784 σπότῃ
2169 713 2307 766 κατὰ
2329 716 2389 767 τὸ
2433 716 2711 786 ἐγχωροῦν
2747 717 2962 788 ὁμοίους
2996 718 3263 787 γίνεσθαι,
3300 722 3425 784 τοὺς
3452 723 3508 775 δέ
3536 740 3641 793 μα·

1964 797 2132 869 θητάς
2160 800 2259 853 οὐκ
2291 802 2487 865 αὐτοὺς
2533 804 2726 872 μόνους
2776 804 2949 859 ταῦτα
3002 808 3324 879 κατορθοῦν,
3377 809 3512 863 ἀλλά
3546 812 3641 864 καὶ

1963 887 2180 958 ἐτέρους
2205 888 2446 961 διορθοῦν
2475 891 2747 956 ἐκέλευσε,
2779 894 2869 946 καὶ
2899 895 3195 966 διακρίνειν
3222 897 3347 960 τοὺς
3372 899 3643 969 πονηροὺς

1965 978 2057 1028 καί
2092 978 2215 1039 τοὺς
2249 979 2308 1030 οὐ
2345 978 2638 1045 τοιούτους,
2670 982 2795 1044 τοὺς
2841 981 3008 1045 κύνας
3055 983 3144 1035 καὶ
3183 984 3307 1047 τοὺς
3351 986 3412 1037 οὐ
3454 985 3655 1048 κύνας,

1966 1061 2135 1131 (πολὺ
2165 1064 2219 1117 δὲ
2249 1064 2307 1117 τὸ
2337 1066 2816 1138 ἐπικεκρυμμένον
2841 1069 2899 1121 ἐν
2930 1070 3297 1142 ἀνθρώποις),
3334 1072 3421 1124 ἵνα
3456 1076 3529 1143 μὴ
3564 1073 3645 1126 λέ-

1965 1167 2151 1219 γωσιν.
2187 1152 2268 1205 ὅτι
2298 1152 2508 1222 χαλεπὰ
2534 1154 2706 1209 ταῦτα
2740 1156 2831 1210 καὶ
2868 1158 3145 1230 ἀφόρητα’
3189 1160 3281 1213 καὶ
3315 1160 3422 1231 γάρ
3454 1162 3510 1212 ἐν
3532 1163 3645 1223 τοῖς

1969 1240 2108 1309 μετά
2133 1238 2305 1294 ταῦτα
2333 1244 2361 1293 ὁ
2399 1241 2604 1311 Πέτρος
2630 1244 2927 1313 ἐφθέγξατό
2955 1264 3005 1299 τι
3043 1246 3283 1301 τοιοῦτον
3313 1246 3480 1301 εἰπών
3504 1265 3516 1277 ·
3549 1249 3645 1322 Τίς

1965 1328 2213 1382 δύναται
2246 1328 2511 1397 σωθῆναι
2535 1346 2552 1392 ;
2582 1331 2677 1384 καὶ
2706 1332 2869 1386 πάλιν
2890 1349 2904 1365 ·
2927 1337 2998 1387 El
3017 1334 3205 1399 οὕτως
3224 1335 3395 1388 ἐστὶν
3428 1336 3465 1403 ή
3488 1335 3647 1387 αἰτία

1968 1417 2074 1471 τοῦ
2102 1418 2439 1486 ἀνθρώπου,
2483 1422 2555 1472 οὐ
2593 1422 2885 1491 συμφέρει
2913 1424 3201 1494 γαμῆσαι.

2039 1505 2100 1557 δ’.
2137 1507 2253 1558 ’Ίνα
2276 1504 2370 1559 οὖν
2405 1508 2479 1579 μὴ
2527 1509 2701 1563 ταῦτα
2730 1512 2927 1581 λέγωσι
2957 1515 3050 1567 καὶ
3089 1513 3205 1576 νῦν,
3235 1512 3382 1585 [‘289]
3414 1512 3648 1585 μάλιστα

1973 1591 2071 1661 μὲν
2105 1596 2199 1647 καὶ
2227 1594 2317 1649 διὰ
2348 1596 2455 1649 τῶν
2488 1597 2793 1669 ἔμπροσθεν
2824 1601 3104 1666 ἀπέδειξεν
3151 1603 3347 1657 εῦκολα
3377 1604 3526 1664 ὄντα,
3559 1603 3648 1657 λο-

1970 1683 2203 1752 γισμούς
2231 1683 2400 1747 τιθεὶς
2438 1686 2664 1750 πολλοὺς
2698 1688 2792 1741 καί
2853 1694 3113 1759 συνεχεῖς,
3160 1692 3285 1755 τοὺς
3317 1692 3649 1761 δυναμένους

1970 1770 2156 1822 πεῖσαι
2176 1785 2188 1800 ·
2219 1770 2403 1823 λοιπὸν
2425 1771 2482 1824 δὲ
2505 1772 2597 1825 καὶ
2621 1774 2720 1843 τὴν
2745 1776 3010 1846 κορωνίδα
3036 1778 3232 1846 ἐπάγει
3258 1779 3355 1849 τῆς
3378 1778 3665 1841 εὐκολίας,

1968 1857 2030 1909 οὐ
2060 1858 2159 1929 τὴν
2183 1859 2451 1929 τυχοῦσαν
2499 1862 2729 1915 ἐπινοῶν
2773 1863 3122 1933 παραμυθίαν
3154 1866 3265 1928 τοῖς
3311 1866 3517 1929 πόνοις,
3551 1866 3651 1935 τὴν

1969 1945 2078 1998 ἀπὸ
2103 1946 2213 1998 τῶν
2244 1946 2419 2017 εὐχῶν
2446 1946 2555 1999 τῶν
2588 1950 2933 2020 καρτερικῶν
2961 1952 3005 1983 ⁸³
3032 1954 3370 2023 συμμαχίαν.
3416 1954 3491 2006 Οὐ
3541 1953 3650 2024 γὰρ

1970 2033 2168 2097 αὐτοὺς
2221 2034 2540 2099 σπουδάζειν
2595 2036 2676 2089 δεῖ
2732 2037 2944 2107 μόνους,
3006 2042 3192 2109 φησὶν,
3245 2041 3380 2093 ἀλλά
3426 2042 3521 2095 καὶ
3552 2042 3651 2112 τὴν

1970 2121 2178 2176 ἄνωθεν
2207 2122 2392 2175 καλεῖν
2411 2122 2665 2192 βοήθειαν
2685 2140 2698 2153 ’
2731 2126 2824 2179 καὶ
2860 2126 3075 2190 πάντως
3096 2128 3213 2197 ἦξει
3240 2129 3333 2181 καὶ
3360 2130 3665 2198 παρέσται,.

1972 2210 2066 2263 καὶ
2101 2211 2466 2280 συνεφάψεται
2497 2211 2605 2264 τῶν
2631 2211 2859 2280 ἀγώνων
2911 2216 3063 2284 ἡμῖν,
3092 2216 3184 2268 καί
3236 2215 3411 2268 πάντα
3437 2218 3651 2285 ποιήσει

1972 2298 2149 2368 ῥᾴδια.
2185 2299 2284 2351 Διά
2324 2298 2483 2352 τοῦτο
2532 2301 2625 2352 καὶ
2674 2302 2845 2353 αἰτεῖν
2900 2303 3174 2365 ἐκέλευσε,
3210 2306 3305 2356 καὶ
3354 2304 3451 2374 τὴν
3508 2304 3651 2356 δόσιν

1971 2388 2367 2458 ἐνηγγυήσατο.
2408 2387 2554 2456 Πλὴν
2603 2389 2701 2458 οὐχ
2748 2389 2935 2452 ἁπλῶς
2964 2391 3135 2443 αἰτεῖν
3170 2392 3478 2453 ἐκέλευσεν,
3519 2390 3653 2444 ἀλλὰ

1975 2475 2114 2546 μετά
2147 2475 2499 2546 προσεδρείας
2525 2476 2722 2546 πολλῆς
2753 2478 2847 2531 καὶ
2882 2479 3143 2543 εὐτονίας.
3187 2481 3359 2534 Τοῦτο
3392 2482 3499 2552 γάρ
3536 2484 3652 2533 ἐστι

1972 2563 2056 2627 τὸ,
2080 2563 2343 2633 Ζητεῒτε.
2373 2564 2483 2618 Καὶ
2510 2565 2617 2635 γὰρ
2656 2566 2683 2618 ὁ
2710 2564 2908 2636 ζητῶν,
2942 2567 3117 2620 πάντα
3148 2567 3393 2620 ἐκϐαλὼν
3416 2569 3515 2637 τῆς
3538 2569 3639 2621 δια-

1972 2650 2141 2715 νοίας,
2180 2650 2316 2721 πρὸς
2339 2653 2516 2704 ἐκεῖνο
2545 2652 2753 2719 γίνεται
2788 2653 2834 2683 ⁹⁰
2861 2654 3020 2722 μόνον
3049 2654 3110 2707 τὸ
3152 2654 3508 2726 ζητούμενον,
3563 2655 3654 2711 καὶ

1973 2740 2161 2793 οὐδένα
2195 2738 2304 2792 τῶν
2342 2740 2625 2810 παρόντων
2661 2742 2852 2795 ἐννοεῖ.
2902 2742 3012 2795 Καὶ
3054 2742 3201 2795 ίσασι
3242 2741 3400 2796 τοῦτο
3428 2743 3456 2795 ὃ
3490 2742 3653 2809 λέγω,

1971 2829 2085 2881 ὅσοι
2111 2828 2145 2898 ἢ
2176 2827 2396 2899 χρυσίον
2424 2828 2457 2899 ἢ
2483 2828 2702 2891 οἰκέτας
2725 2828 3086 2893 ἀπολέσαντες
3119 2829 3491 2901 ἐπιζητοῦσιν.
3526 2831 3656 2883 Ἀπὸ

1978 2917 2075 2986 μὲν
2100 2911 2192 2969 οὖν
2226 2915 2320 2969 τοῦ
2345 2914 2548 2985 ζητεῖν,
2582 2916 2740 2969 τοῦτο
2760 2932 2773 2946 ·
2805 2916 2913 2970 ἀπὸ
2943 2917 2999 2971 δὲ
3030 2918 3125 2971 τοῦ
3155 2921 3394 2990 κρούειν,
3426 2918 3488 2974 τὸ
3517 2924 3656 2989 μετά

1977 3004 2335 3074 σφοδρότητος
2363 3004 2645 3076 προσιέναι
2669 3005 2763 3057 καὶ
2787 3004 2995 3076 θερμῆς
3018 3006 3255 3069 διανοίας
3281 3005 3542 3076 ἐδήλωσε.
3567 3008 3657 3065 Μὴ

1975 3092 2154 3145 τοίνυν
2206 3092 2549 3166 καταπέσῃς,
2588 3092 2861 3163 ἄνθρωπε,
2910 3094 3045 3165 μηδέ
3092 3094 3349 3147 ἐλάττονα
3414 3094 3663 3167 ἐπιδείξῃ

1978 3180 2106 3250 περί
2154 3180 2251 3251 τὴν
2285 3179 2483 3250 ἀρετήν
2516 3179 2751 3251 σπουδὴν
2780 3181 2877 3250 τῆς
2912 3180 3040 3252 περὶ
3089 3182 3156 3233 τὰ
3180 3182 3441 3251 χρήματα
3473 3180 3655 3233 ἐπιθυ·-

1979 3268 2127 3337 μίας.
2174 3267 2388 3319 Ἐκεῖνα
2444 3266 2541 3337 μὲν
2592 3267 2701 3338 γὰρ
2756 3267 3017 3330 πολλάκις
3068 3267 3309 3338 ζητήσας
3330 3267 3427 3336 οὐχ
3458 3260 3615 3339 εὗρες
3644 3285 3656 3298 ·

1977 3355 2091 3408 ἀλλ’
2125 3355 2273 3425 ὅμως
2321 3354 2415 3407 καὶ
2452 3355 2626 3407 ταῦτα
2663 3353 2841 3419 εἰδὼς.
2881 3356 2959 3409 ὅτι
3005 3356 3064 3407 οὐ
3116 3356 3335 3418 πάντως
3382 3355 3659 3425 εὑρήσεις,

1979 3445 2157 3498 πάντα
2187 3445 2358 3505 κινεῖς
2389 3442 2618 3513 ἐρεύνης
2642 3443 2844 3514 τρόπον
2933 3442 3165 3497 ἐνταῦθα
3195 3441 3251 3495 δὲ
3292 3443 3386 3495 καὶ
3416 3444 3657 3511 ἐπαγγε-

1976 3533 2097 3586 λίαν
2126 3532 2264 3603 ἐχων
2319 3532 2399 3585 ὅτι
2448 3531 2593 3603 λήψῃ
2630 3531 2883 3595 πάντως,
2934 3530 3055 3582 οὐδέ
3107 3532 3168 3582 τὸ
3218 3529 3508 3583 πολλοστὸν
3561 3530 3669 3600 τῆς

1979 3621 2216 3690 σπουδῆς
2248 3619 2463 3690 ἐκείνης
2510 3619 2879 3672 ἐπιδείκνυσαι
2918 3619 3103 3688 μέρος.
3152 3619 3214 3671 Εἰ
3254 3617 3311 3670 δὲ
3344 3617 3419 3688 μὴ
3452 3616 3659 3680 εὐθέως

1975 3708 2310 3780 λαμϐάνεις,
2347 3706 2484 3777 μηδέ
2523 3705 2696 3768 οὕτως
2730 3706 3005 3777 ἀπογνῷς.
3045 3705 3143 3758 Διά
3171 3705 3281 3775 γὰρ
3324 3705 3482 3759 τοῦτο
3513 3702 3659 3767 εἰπε,

1978 3796 2224 3869 κρούετε,
2258 3795 2347 3848 ἴνα
2382 3793 2531 3865 δείξῃ
2564 3794 2643 3846 ὅτι
2664 3792 2767 3846 κᾶν
2790 3792 2994 3856 εὐθέως
3023 3793 3098 3864 μὴ
3128 3793 3317 3866 ἀνοίξῃ
3342 3793 3440 3864 τὴν
3468 3791 3658 3863 θύραν,

1977 3884 2319 3957 παραμένειν
2348 3882 2450 3935 δεῖ.
2479 3882 2544 3935 Εἰ
2591 3881 2648 3934 δὲ
2692 3882 2940 3943 ἀπιστεῖς
2966 3897 3068 3950 μου
3108 3884 3174 3951 τῇ
3208 3881 3515 3950 ἀποφάσει,
3554 3879 3659 3933 κᾶν

1976 3973 2055 4044 τῷ
2103 3971 2460 4041 ὑποδείγματι
2514 3969 2826 4023 πίστευσον.
2886 3968 2982 4034 Τίς
3012 3968 3121 4037 γάρ
3154 3969 3325 4022 ἐστιν
3361 3969 3432 4032 ἐξ
3455 3967 3623 4036 ὑμῶν
3644 4008 3658 4027 ,

1979 4060 2167 4132 φησὶν,
2202 4059 2275 4113 ὃν
2321 4061 2355 4112 ό
2396 4056 2525 4122 υίὸς
2568 4054 2754 4110 αὐτοῦ
2795 4055 3032 4122 αἰτήσει
3076 4055 3254 4122 ἄρτον
3279 4055 3349 4120 ³³,
3369 4055 3456 4123 μὴ
3486 4055 3658 4109 λίθον

1978 4146 2258 4202 ἐπιδώσει
2298 4142 2496 4210 dimi);
2549 4144 2664 4196 Ἐπ’
2694 4141 2998 4213 ἀνθρώπων
3033 4142 3130 4213 μὲν
3160 4143 3291 4213 γὰρ,
3321 4141 3387 4194 ἂν
3420 4142 3657 4211 συνεχῶς

1979 4236 2136 4290 τοῦτο
2169 4237 2348 4305 ποιῇς,
2380 4214 2474 4286 καὶ
2498 4232 2727 4303 ὀχληρὸς
2752 4233 2847 4285 καὶ
2874 4231 3045 4302 βαρὺς
3075 4225 3216 4283 εἶναι
3245 4230 3455 4292 δοκεῖςο
3489 4231 3581 4282 ἐπὶ
3600 4230 3659 4283 δέ

1977 4326 2072 4379 τοῦ
2091 4324 2250 4386 Θεοῦ,
2278 4324 2406 4376 ὁταν
2433 4323 2509 4393 μὴ
2534 4320 2693 4374 τοῦτο
2740 4322 2920 4390 ποιῇς,
2951 4320 3072 4373 τότε
3116 4319 3442 4390 παροξύνεις
3476 4318 3658 4388 μειζό-

1978 4434 2105 4479 νως.
2133 4416 2229 4467 Ἂν
2261 4413 2318 4466 δέ
2370 4412 2635 4483 ἐπιμένῃς
2666 4414 2711 4445 ⁸³
2740 4410 2925 4470 αἰτῶν,
2964 4410 3067 4464 κάν
3118 4409 3192 4481 μὴ
3222 4409 3425 4473 εὐθέως
3453 4409 3656 4480 λάϐῃς,

1977 4503 2123 4576 λήψῃ
2153 4501 2388 4563 πάντως.
2421 4499 2520 4553 Διά
2547 4498 2656 4570 γὰρ
2677 4497 2835 4553 τοῦτο
2869 4498 3182 4552 κέκλεισται
3223 4500 3257 4569 ή
3288 4497 3449 4570 θύρα,
3480 4498 3567 4551 ἵνα
3597 4515 3658 4549 σε

1980 4595 2057 4656 εἰς
2083 4592 2144 4644 τὸ
2176 4589 2395 4661 κρούειν
2418 4588 2662 4659 ἐναγάγῃ
2682 4604 2697 4619 ·
2725 4586 2812 4640 διὰ
2840 4585 2999 4639 τοῦτο
3034 4587 3134 4639 οὐκ
3164 4585 3365 4649 εὐθέως
3394 4585 3654 4647 ἐπινεύει,

1981 4682 2067 4734 ἵνα
2090 4680 2338 4750 αἰτήσῃς.
2360 4678 2505 4731 Μένε
2525 4677 2703 4730 τοίνυν
2722 4674 2895 4729 ταῦτα
2913 4675 3103 4738 ποιῶν,
3124 4676 3219 4728 καὶ
3242 4674 3388 4746 λήψῃ
3417 4675 3654 4736 πάντως.

1982 4769 2100 4822 Ἵνα
2130 4766 2239 4837 γὰρ
2272 4766 2348 4835 μὴ
2402 4764 2573 4836 λέγῃς
2594 4782 2608 4795 ι
2642 4763 2694 4815 τί
2722 4757 2837 4824 οὖν,
2889 4762 2955 4815 ἀν
3000 4764 3208 4833 αἰτήσω
3237 4763 3329 4814 καὶ
3368 4761 3442 4831 μὴ
3468 4761 3616 4814 λάϐω
3642 4778 3656 4824 ;

1979 4855 2282 4925 ἐπετείχισέ
2315 4871 2398 4906 σοι
2428 4852 2524 4923 τὴν
2552 4850 2865 4922 παραϐολὴν
2886 4890 2901 4915 ,
2931 4850 3224 4920 λογισμοὺς
3268 4849 3427 4903 πάλιν
3453 4848 3655 4914 τιθεὶς,

1979 4945 2075 4999 καὶ
2101 4944 2210 4997 ἀπὸ
2230 4941 2337 4994 τῶν
2362 4940 2717 5011 ἀνθρωπίνων
2740 4938 3083 5009 πραγμάτων
3112 4940 3191 4999 εἰς
3215 4937 3275 4989 τὸ
3298 4938 3423 5006 περὶ
3450 4937 3657 4989 τούτων

1980 5029 2204 5100 θαρρεῖν
2243 5026 2452 5092 ἐνάγων
2472 5041 2486 5055 ο
2515 5024 2727 5086 δεικνὺς
2748 5022 2837 5075 διά
2870 5023 3096 5086 τούτων,
3114 5024 3196 5074 ὅτι
3225 5021 3324 5073 οὐκ
3356 5022 3526 5074 αἰτεῖν
3548 5021 3655 5090 χρὴ

1986 5118 2166 5188 μόνον,
2188 5113 2324 5167 ἀλλά
2343 5112 2436 5166 καὶ
2464 5111 2499 5166 ἃ
2516 5112 2621 5183 χρὴ
2652 5112 2843 5165 αἰτεῖν.
2875 5111 2969 5176 Τίς
2996 5109 3107 5179 γάρ
3127 5110 3299 5162 ἐστιν
3323 5109 3368 5142 ⁸³
3397 5108 3465 5173 ἐξ
3491 5106 3658 5177 ὑμῶν

1980 5206 2197 5274 πατὴρ,
2217 5206 2288 5259 ὂν
2318 5206 2351 5258 ό
2378 5202 2508 5267 υἱὸς
2526 5202 2713 5256 αὑτοῦ
2741 5200 2976 5269 αἰτήσει
3006 5200 3204 5268 ἄρτον,
3228 5197 3315 5268 μὴ
3336 5200 3510 5252 λίθον
3527 5200 3655 5251 ἐπι-

1979 5295 2157 5349 δώσει
2190 5290 2380 5355 αὺτῷ;
2405 5291 2569 5343 Ὥστε
2604 5290 2669 5343 ἀν
2725 5288 2800 5358 μὴ
2826 5287 3019 5358 λάϐῃς,
3058 5286 3246 5358 ἐπειδὴ
3287 5286 3434 5339 λίθον
3462 5288 3655 5348 αἰτεῖς,

1980 5383 2040 5437 οὐ
2088 5382 2405 5453 λαμϐάνεις.
2442 5380 2505 5432 Εἰ
2542 5377 2651 5448 γάρ
2685 5376 2779 5430 καὶ
2807 5376 2919 5439 υἱὸς
2948 5372 3018 5442 εἰ,
3050 5376 3151 5428 οὐκ
3191 5376 3352 5445 ἀρκεῖ
3381 5374 3541 5427 τοῦτο
3577 5378 3656 5437 εἰς

258 5562 578 5632 ηδομάτων
710 5562 895 5637 __"
925 5564 980 5617 δέ
1023 5579 1147 5637 0m._
1290 5563 1352 5618 C.
1395 5564 1455 5618 F.
1534 5564 1581 5596 ”
1622 5565 1839 5637 Ἐπειδὴ

1983 5566 2018 5620 l.
2095 5565 2140 5596 ⁸¹
2163 5563 2339 5616 Verba
2374 5560 2580 5615 inclusa
2610 5559 2662 5613 in
2695 5559 2844 5612 nullo
2881 5557 3070 5612 codice
3109 5556 3314 5621 inveni,
3339 5566 3393 5610 et
3425 5565 3657 5637 utet-mle

199 5626 474 5702 lnlerpi-us
510 5635 768 5705 neglexit.
797 5632 876 5688 Ne
905 5643 1083 5705 tamen
1118 5635 1377 5701 delerem,
1402 5636 1574 5691 movit
1615 5626 2023 5705 conjunétivum
2052 5634 2391 5697 αἰδεσθῶσιν,
2429 5647 2528 5701 pro
2564 5646 2673 5699 quo
2698 5644 3012 5705 _non__ailsgs
3042 5644 3160 5705 sui"
3201 5644 3272 5705 e_x_
3302 5628 3559 5705 upo_coq_.

198 5701 901 5776 imperalivum'regonere.
936 5704 1075 5776 Erge
1113 5705 1402 5767 cancellos.
1438 5716 1642 5762 temere
1670 5701 1867 5762 a'Sav.
1902 5716 1957 5761 et
1987 5707 2116 5760 Ben.
2153 5705 2422 5776 sublatos,
2464 5702 2733 5776 revocavi.
2792 5702 2849 5776 _"_’
2876 5701 2942 5776 ρῄ

2950 5697 3132 5768 ξωσιν]
3171 5699 3295 5752 add.
3327 5698 3477 5768 7611.5};
3516 5697 3652 5752 Edd.

199 5766 641 5849 "ﬂatayaiémv
678 5766 761 5849 F._
783 5777 882 5849 Ep.
957 5766 1363 5849 ⁸λ”ξξποστρέφου
1402 5780 1517 5849 At;
1541 5778 1587 5808 ⁸⁵
1618 5776 1760 5831 οὕτω
1801 5778 1873 5845 γά

1983 5778 2056 5830 ὅδὲ
2104 5776 2161 5828 F.
2240 5766 2617 5849 “alsiaavtiq
2762 5771 2834 5849 ..ξιτ
2865 5766 3045 5839 eam]
3070 5766 3176 5849 _1_5ic
3225 5770 3286 5849 1‘2:
3324 5766 3382 5821 F.
3411 5767 3507 5849 ΟΞ.
3544 5768 3651 5821 [)0-

197 5846 385 5917 minus_
408 5838 559 5917 ,ξι-ιιι.
582 5845 763 5900 exteri
784 5838 987 5917 αὐτοῖς.
1022 5846 1085 5899 Ili
1108 5838 1290 5917 auleni
1308 5863 1447 5917 eum
1478 5847 1538 5901 F.
1568 5849 1720 5902 Arm.
1744 5838 1856 5911 τοῖς

1983 5848 2165 5909 ιδαίοις
2204 5844 2480 5900 omiuunl.
2530 5842 2603 5917 _”
2623 5841 2894 5917 c_ch_61wv
2928 5856 3038 5917 0_I_n.
3070 5839 3221 5917 Μαι..
3244 5838 3378 5917 [ἴσηἶ
3449 5838 3650 5917 ⁸⁹Μκαρο

198 5912 449 5987 τερικῶνξ
493 5917 766 5984 ἐπιμόνων
798 5916 930 5972 Ιιῖιίἀ.
1013 5919 1057 5948 ’³ο
1084 5916 1313 5987 γίνεται]
1358 5920 1589 5971 τείνεται
1628 5918 1686 5970 E.
1715 5910 1992 5980 ἐπείγεται
2030 5918 2084 5971 F.
2163 5919 2203 5948 ⁹¹
2234 5916 2380 5986 φησὶ,
2414 5912 2612 5985 πατὴρ,
2641 5912 2698 5967 ὃν
2728 5912 2829 5967 ἐὰν
2859 5913 2885 5965 ὁ
2922 5912 3033 5974 υίὸς
3060 5910 3224 5965 αὐτοῦ
3266 5910 3461 5980 αἰτήσῃ
3490 5911 3647 5979 ἄρτον

201 5984 332 6043 Εάιι.

412 5988 457 6018 ⁹²
482 5988 767 6058 ἐπεμείνῃς
791 5986 851 6042 C.
928 5988 973 6020 ’3
1005 5988 1151 6040 ἐστιν
1175 6004 1281 6042 om.
1315 5988 1375 6041 Α.
1399 5989 1455 6043 ὃν
1488 5991 1645 6046 ἐὰν...
1678 6000 1731 6044 ιιι
1768 6006 1948 6062 supra.
1986 5989 2118 6043 Edd.
