4038 6364
280 367 389 424 διδ

280 484 652 557 accipiendum
686 502 700 540 :
724 484 833 540 imo
853 480 979 539 illud
1000 482 1171 555 ipsum
1193 483 1435 554 impedit,
1457 482 1743 554 quominus
1770 493 1862 535 ac-

280 579 452 646 cipias
472 619 486 640 ,
515 575 655 647 quod
673 617 689 641 ,
740 574 879 631 ﬁlius
902 590 1023 630 cum
1050 575 1127 631 sis
1150 616 1166 641 ,
1191 574 1279 629 illa
1309 584 1459 644 petas
1501 588 1621 643 quae
1642 586 1748 627 non
1774 571 1868 627 tibi

280 667 593 737 expediam.
622 667 691 721 Et
735 676 789 721 tu
832 668 1010 737 itaque
1033 664 1163 721 nihil
1202 664 1531 720 mundanttm
1557 673 1708 735 petas
1731 702 1747 728 ,
1772 661 1869 718 sed

280 758 583 828 spintualia
609 758 787 813 omnia
813 765 903 821 ;et
928 768 1078 813 certo
1100 756 1350 827 accipies.
1377 756 1585 811 Etenim
1614 753 1868 811 Salomon

279 849 404 917 quia
449 848 539 903 illa
576 849 727 919 petiit
754 864 872 919 qute
897 857 1081 919 petere
1099 847 1400 918 oportebat,
1429 848 1550 903 vide
1575 862 1734 917 quam
1762 846 1871 902 cito

281 943 568 1009 acceperit.
606 941 718 994 Duo
748 940 907 1010 igitur
927 940 1219 996 observare
1243 947 1457 1010 oportet
1483 948 1727 993 orantem
1748 977 1763 1002 ,
1814 947 1874 993 ut

281 1042 336 1085 et
358 1031 710 1087 vehementer
738 1042 900 1102 petat,
923 1041 979 1088 et
1004 1047 1067 1087 ea
1095 1040 1240 1103 petat
1266 1047 1387 1103 quae
1410 1030 1512 1086 sibi
1537 1030 1828 1100 expediunt
1854 1046 1868 1083 :

282 1123 714 1193 quandoquidem
758 1133 811 1177 et
841 1138 965 1189 vos,
1015 1123 1216 1194 inquit,
1261 1124 1468 1178 etiamsi
1500 1132 1677 1192 patres
1716 1121 1869 1188 sitis,

285 1215 426 1268 filios
458 1224 667 1269 vestros
687 1206 868 1283 petere
889 1214 1061 1269 sinitis
1086 1231 1101 1279 ;
1145 1225 1200 1270 et
1236 1214 1280 1268 si
1305 1214 1621 1270 damnosum
1646 1213 1715 1267 sit
1744 1211 1871 1267 illud

282 1304 429 1372 quod
462 1314 680 1374 petunt,
714 1306 954 1375 negatis;
983 1306 1066 1361 sin
1092 1305 1221 1361 utile
1246 1305 1336 1371 sit,
1364 1306 1596 1360 annuitis
1629 1313 1684 1360 et
1710 1304 1869 1359 datis.

282 1395 361 1449 Tu
391 1397 553 1466 igitur
570 1396 685 1451 haec
708 1398 967 1467 cogitans,
992 1412 1058 1452 ne
1090 1397 1348 1463 absistas,
1370 1395 1542 1452 donec
1563 1398 1869 1466 acceperis;

282 1502 350 1541 ne
375 1482 631 1551 reCedas,
657 1487 829 1543 donec
872 1488 1142 1544 inveneris
1168 1506 1184 1553 ;
1236 1505 1305 1544 ne
1328 1490 1561 1545 studium
1593 1490 1833 1545 remittas
1852 1530 1869 1556 ,

279 1577 456 1633 donec
477 1579 750 1646 aperiatur
767 1578 950 1647 janua.
981 1579 1037 1633 Si
1058 1579 1200 1635 enim
1230 1579 1331 1634 hoc
1357 1581 1535 1635 animo
1557 1580 1868 1645 accesseris,

279 1670 591 1740 dixerisque
610 1710 625 1734 ,
654 1668 763 1725 Nisi
792 1670 1040 1740 recipiam
1064 1712 1079 1731 .
1124 1686 1227 1725 non
1258 1672 1393 1726 abeo
1414 1712 1430 1736 ,
1458 1686 1676 1741 prorsus
1726 1671 1871 1725 acci-

280 1764 396 1831 pies
422 1802 440 1829 ,
472 1764 517 1817 si
566 1772 745 1817 tamen
775 1763 862 1818 illa
891 1772 1073 1833 petas,
1116 1779 1235 1833 quae
1262 1772 1318 1819 et
1340 1763 1390 1819 ei
1417 1778 1448 1818 a
1481 1779 1589 1833 quo
1632 1763 1768 1832 petis
1818 1770 1874 1818 et

281 1855 376 1908 tibi
405 1853 625 1923 expedit
666 1865 728 1909 ut
753 1854 963 1910 dentur.
1006 1855 1262 1922 Quaenam
1289 1870 1449 1924 porro
1474 1865 1600 1909 sunt
1624 1854 1784 1910 hzec?
1813 1853 1871 1910 Si

275 1946 585 2015 spiritualia
617 1958 767 2017 petas
807 1948 1016 2013 omnia;
1058 1948 1102 2002 si
1130 1956 1408 2017 postquam
1448 1946 1679 2003 offensas
1706 1947 1873 2003 remi-

279 2040 424 2102 sisti,
463 2041 543 2093 sic
577 2038 802 2094 accedas
839 2040 1209 2097 remissionem
1239 2049 1460 2110 petens;
1492 2040 1536 2093 si
1561 2039 1766 2110 absque
1794 2039 1873 2095 ira

277 2141 335 2183 et
398 2129 877 2200 disceptationibus
931 2140 1141 2186 sanctas
1188 2146 1374 2185 manus
1418 2131 1723 2186 attollamus
1770 2132 1870 2201 (Ι.

280 2218 419 2273 Tim.
449 2220 503 2273 2.
533 2221 625 2291 8).
668 2219 727 2276 Si
757 2221 835 2276 sic
865 2229 1105 2291 petamus
1125 2262 1141 2287 ,
1163 2220 1504 2290 accipiemus.
1559 2220 1711 2277 Nunc
1746 2235 1873 2277 vero

278 2322 468 2368 nostra
500 2313 684 2383 petitio
714 2314 890 2368 irrisio
924 2322 1040 2379 est,
1076 2315 1356 2385 potiusque
1393 2315 1663 2370 ebriorum
1696 2314 1872 2369 homi-

279 2422 437 2472 num,
463 2421 623 2477 quam
645 2405 966 2462 sobriorum.
1006 2407 1145 2474 Quid
1177 2407 1363 2477 igitur,
1406 2407 1648 2478 inquies,
1689 2407 1733 2461 si
1760 2407 1872 2477 spi-

279 2499 499 2554 ritualia
530 2508 703 2568 petam
724 2540 741 2564 ,
782 2514 883 2554 nec
906 2500 1204 2569 accipiam?
1240 2499 1356 2555 Non
1383 2498 1619 2554 studiose
1659 2499 1874 2568 procul-

277 2592 448 2647 dubio
495 2593 807 2663 postulasti,
838 2594 920 2648 vel
971 2593 1196 2662 teipsutn
1256 2592 1531 2663 indignum
1574 2593 1747 2648 fecisti
1781 2592 1874 2663 qui

276 2686 588 2754 acciperes,
636 2694 727 2740 aut
770 2686 929 2741 citius
966 2702 1124 2757 quam
1167 2701 1263 2756 par
1288 2694 1403 2741 erat
1436 2686 1762 2743 abscessisti.
1807 2687 1875 2742 Et

273 2793 406 2842 cur,
442 2778 648 2848 inquies
669 2818 685 2845 ,
719 2794 826 2832 non
855 2778 990 2833 dixit
1031 2795 1149 2848 quae
1182 2787 1429 2848 oporteat
1464 2779 1687 2848 petere?
1713 2778 1874 2835 Certe

278 2871 390 2942 iam
440 2871 618 2925 omnia
648 2870 797 2942 prius
820 2871 990 2935 dixit,
1022 2880 1077 2926 et
1104 2871 1337 2926 ostendit
1375 2887 1471 2940 pro
1498 2872 1689 2941 quibus
1715 2886 1871 2926 acce-

273 2964 414 3018 dere
436 2971 703 3033 oporteat.
728 2963 805 3019 Ne
828 2964 1002 3034 itaque
1021 2963 1189 3029 dicas,
1214 2964 1453 3029 Accessi,
1469 2972 1523 3018 et
1538 2978 1644 3018 non
1666 2964 1867 3034 accepi.

279 3058 399 3114 Non
439 3059 583 3113 enim
615 3074 711 3128 per
739 3059 904 3113 Deum
945 3058 1093 3113 stetit
1119 3058 1405 3128 quominus
1429 3058 1735 3128 acceperis,
1781 3057 1873 3127 qui

275 3152 419 3207 adeo
461 3151 672 3222 diligit,
720 3162 780 3205 nt
814 3161 992 3220 patres
1049 3151 1149 3205 hac
1204 3152 1255 3204 in
1304 3166 1361 3206 re
1412 3159 1616 3206 tantum
1651 3151 1871 3219 vincat,

277 3252 541 3313 quantum
567 3245 705 3298 hanc
733 3244 1019 3313 nequitiam
1054 3242 1259 3297 bonitas
1288 3250 1523 3311 superat.
1550 3243 1715 3297 Η.δὶ
1740 3242 1874 3296 enim

276 3350 388 3401 eos,
417 3352 534 3389 cum
555 3336 666 3390 sitis
694 3334 838 3401 mali,
871 3336 1026 3389 nostis
1052 3334 1183 3389 bona
1219 3334 1340 3387 data
1368 3334 1491 3387 dare
1517 3334 1639 3403 ﬁliis
1660 3334 1834 3388 vestris
1853 3375 1870 3401 ,

275 3437 470 3498 quanto
508 3428 670 3496 magis
693 3426 850 3481 Pater
886 3436 1043 3481 vester
1068 3425 1322 3480 cwlestis?
1358 3424 1483 3480 llaec
1512 3440 1671 3494 porro
1699 3424 1870 3493 dixit,

280 3537 389 3576 non
435 3521 743 3593 vituperans
792 3520 1077 3575 humanam
1119 3526 1401 3584 naturam,
1432 3533 1531 3573 nec
1571 3532 1742 3588 genus
1777 3533 1875 3572 no-

278 3621 453 3665 strum
483 3612 681 3665 malum
710 3627 831 3667 esse
871 3611 1258 3681 pronuntians;
1301 3610 1474 3665 absit:
1504 3610 1597 3664 sed
1636 3624 1873 3664 amorem

279 3713 587 3773 paternum,
619 3704 665 3758 si
694 3718 814 3759 cum
844 3703 1080 3759 bonitate
1104 3703 1195 3757 Dei
1219 3711 1591 3771 comparetur,
1616 3702 1870 3757 malitiam

280 3797 560 3867 appellans
585 3815 599 3851 :
629 3806 776 3850 tanta
803 3796 1005 3851 scilicet
1033 3796 1173 3850 inest
1201 3794 1277 3849 illi
1303 3794 1620 3864 benignitas.

353 3892 410 3947 5.
456 3890 701 3945 Vidistin’
751 3889 1005 3945 invictum
1054 3895 1465 3958 argumentum,
1515 3887 1655 3958 quod
1706 3888 1874 3957 possit

276 3986 447 4040 etiam
482 3983 858 4053 desperantem
900 3983 952 4037 in
1001 3981 1194 4037 bonam
1239 3996 1389 4051 spem
1427 3982 1728 4037 revocare?
1776 3981 1873 4037 llic

278 4075 499 4148 quidem
552 4075 801 4145 exemplo
855 4082 1063 4143 patrum
1111 4071 1402 4127 bonitatem
1450 4072 1545 4128 Dei
1592 4072 1867 4127 ostendit:

280 4171 531 4242 superius
575 4178 751 4224 autem
779 4183 844 4223 ex
872 4167 1027 4223 donis
1053 4168 1164 4221 suis
1191 4166 1513 4236 majoribus,
1546 4182 1611 4223 ex
1659 4166 1831 4219 anima
1852 4207 1869 4231 ,

279 4280 343 4319 ex
370 4278 638 4334 corpore;
669 4270 725 4317 et
763 4275 1023 4331 nusquam
1049 4269 1207 4330 caput
1252 4259 1513 4314 bonorum
1540 4258 1725 4325 all'ert,
1774 4273 1871 4313 ne-

276 4372 383 4425 que
436 4355 604 4426 ipsius
645 4354 934 4410 adventum
977 4354 1028 4408 in
1056 4353 1290 4408 medium
1323 4352 1537 4407 adducit
1567 4368 1581 4406 :
1611 4367 1733 4407 nam
1781 4351 1870 4421 qui

280 4447 452 4500 tilium
474 4444 828 4500 occidendum
864 4443 1039 4508 dedit,
1070 4442 1338 4513 quomodo
1366 4442 1519 4497 nobis
1546 4458 1650 4497 non
1692 4442 1869 4496 omnia

278 4535 545 4591 donabit?
590 4536 714 4590 Hanc
757 4550 886 4589 vero
916 4535 1151 4589 nondum
1193 4544 1502 4590 evenerant.
1531 4533 1637 4590 Sed
1676 4534 1871 4589 Paulus

280 4627 410 4683 illud
436 4626 597 4683 aﬂ'ert
633 4627 718 4681 his
742 4627 921 4682 verbis
952 4644 965 4679 :
999 4626 1099 4691 Qui
1124 4626 1331 4695 proprio
1369 4626 1478 4693 ﬁlio
1499 4642 1599 4679 non
1626 4626 1866 4695 pepercit,

276 4719 533 4790 quomodo
556 4736 658 4772 non
673 4719 828 4772 etiam
855 4734 971 4771 cum
990 4734 1052 4771 eo
1078 4718 1247 4771 omnia
1273 4718 1415 4771 nobis
1443 4718 1650 4771 donabit
1675 4717 1695 4790 (
1717 4718 1863 4773 Rom.

276 4813 331 4867 8.
365 4811 509 4881 32)?
555 4811 672 4882 Ipse
703 4826 830 4866 vero
855 4810 1098 4866 Christus
1147 4826 1215 4866 ex
1259 4810 1505 4865 humanis
1533 4810 1706 4865 adhuc
1747 4825 1871 4866 cum

276 4906 391 4960 illis
434 4905 671 4959 disserit.
727 4903 927 4958 Deinde
953 4902 1239 4958 ostendens
1261 4942 1278 4969 ,
1307 4918 1406 4957 nec
1433 4903 1658 4957 orationi
1700 4901 1869 4957 fiden-

276 4997 406 5052 dutn
435 5012 590 5062 esse,
614 4996 661 5050 si
685 5011 746 5051 ea
769 5011 889 5065 qua:
914 4995 966 5050 in
994 4995 1148 5050 nobis
1175 5004 1300 5051 sunt
1325 4994 1672 5065 negligamus,
1700 5010 1871 5066 neque

278 5089 323 5143 si
355 5088 446 5142 illa
490 5102 777 5150 curemus,
807 5096 1005 5139 nostrae
1048 5101 1192 5140 curae
1234 5100 1297 5140 ac
1332 5084 1622 5155 diligentiae
1666 5094 1870 5141 tantum

280 5179 554 5235 ridendum
596 5194 721 5234 esse
740 5218 755 5243 ,
780 5178 876 5232 sed
904 5193 1194 5248 supernum
1220 5192 1342 5233 esse
1369 5177 1745 5248 requirendum
1771 5194 1871 5233 aus

278 5273 506 5336 xiliuzn,
536 5280 593 5327 et
639 5280 821 5326 nostra
865 5270 1023 5324 simul
1070 5269 1340 5325 afferenda
1389 5284 1544 5334 esse,
1587 5270 1770 5325 ethoc
1816 5280 1872 5326 et

279 5364 407 5426 illul
453 5364 762 5435 frequenter
806 5364 1046 5433 apponit.
1100 5363 1235 5419 Nam
1290 5374 1409 5434 post
1460 5364 1624 5418 multa
1668 5365 1869 5419 monita

279 5458 500 5513 modum
526 5455 715 5512 orandi
740 5456 941 5523 docuit,
972 5463 1027 5511 et
1056 5465 1333 5526 postquam
1360 5455 1411 5509 id
1435 5454 1723 5521 docuerat,
1752 5471 1872 5510 rur-

279 5562 372 5602 sus
415 5547 483 5602 ad
522 5546 789 5618 agendum
814 5546 1122 5602 cohortatus
1146 5556 1267 5612 est;
1309 5538 1505 5602 abhinc
1532 5548 1725 5602 iterum
1751 5562 1868 5602 mo-

281 5640 393 5694 nuit
421 5640 681 5695 orandum
711 5654 835 5695 esse
876 5638 1218 5711 frequenter,
1269 5654 1391 5695 cum
1438 5639 1613 5705 dixit,
1667 5637 1867 5707 Petita,

278 5730 507 5798 qmite,
544 5729 775 5801 pulsate;
805 5730 904 5786 sub
931 5730 1046 5786 hinc
1085 5746 1321 5797 rursum,
1351 5731 1560 5786 virtutis
1601 5730 1871 5788 studiosos

278 5837 399 5888 esse
422 5832 707 5893 oportere;
755 5839 875 5887 nam
908 5825 980 5881 ait
1003 5864 1019 5894 ,
1051 5823 1138 5883 12.
1171 5824 1357 5885 Omnia
1381 5840 1501 5897 ergo
1546 5840 1868 5898 quacumque
1915 5904 1935 5912 δ

1195 366 1259 422 IN
1297 342 1708 423 uA'th‘neun
1744 361 1977 420 llDMlL.
2021 360 2209 418 χχιιι.
2258 362 2329 418 al.
2372 361 2558 418 XXIV.

3462 367 3571 424 3H

1974 475 2126 532 uultis
2154 486 2209 531 ut
2240 478 2431 549 faciant
2476 477 2615 533 vobis
2659 477 2921 549 homines,
2949 487 2997 535 et
3036 494 3125 536 vos
3147 480 3297 551 facit:
3323 480 3463 547 illis;
3512 484 3566 538 in

1975 569 2123 625 brevi
2150 569 2323 639 spatio
2350 578 2542 626 cuncta
2568 586 2848 627 resumens
2878 613 2895 640 ,
2945 571 3373 644 ostendensque,
3413 588 3566 629 com-

1978 660 2318 733 pendiosum,
2342 661 2548 718 facilem
2569 703 2587 730 ,
2622 663 2979 735 omnibusque
3017 672 3201 719 notam
3242 679 3364 721 esse
3396 665 3569 720 virtu-

1978 762 2107 809 tem.
2155 754 2340 825 Neque
2388 754 2703 826 simpliciter
2745 755 2912 824 dixit,
2954 757 3316 828 Qutecumque
3366 756 3562 823 vultis;

1978 845 2094 912 sed,
2124 846 2309 902 Omnia
2329 864 2449 920 ergo
2476 863 2804 919 quiscumque
2843 850 3012 904 uultis.
3055 849 3189 907 Nam
3216 850 3366 917 illud,
3400 850 3562 923 Ergo,

1978 953 2087 991 non
2142 937 2259 994 sine
2307 952 2469 995 causa
2506 939 2735 1010 adjecit,
2790 941 2885 996 sed
2916 940 3019 997 hoc
3057 942 3401 998 subindicans
3445 959 3460 996 :
3510 944 3568 1000 Si

1978 1029 2164 1096 vultis,
2219 1030 2419 1101 inquit,
2442 1032 2648 1097 audiri,
2675 1048 2796 1088 cum
2827 1033 2968 1102 illis,
3010 1050 3131 1106 qua:
3167 1034 3309 1104 dixi,
3355 1045 3411 1091 et
3452 1036 3568 1092 haec

1980 1118 2153 1176 facite.
2184 1120 2441 1189 Quaenam
2481 1122 2614 1177 illa?
2645 1122 2985 1193 Quaecumque
3009 1125 3158 1179 vultis
3183 1134 3238 1179 ut
3264 1125 3457 1196 faciant
3480 1142 3568 1181 vo-

1978 1211 2053 1266 bis
2092 1212 2338 1269 homines.
2390 1213 2577 1269 Viden‘
2600 1214 2871 1285 quomodo
2898 1216 3228 1285 ostenderit,
3276 1233 3398 1274 cum
3444 1233 3569 1274 orav-

1982 1302 2125 1357 tione
2168 1303 2333 1357 etiam
2378 1304 2548 1374 probo
2574 1305 2696 1361 vitae
2739 1306 2981 1362 instituto
3026 1307 3181 1363 nobis
3224 1322 3361 1378 opus
3402 1310 3568 1365 esse?

1978 1393 2161 1466 Neque
2187 1396 2354 1463 dixit,
2405 1397 2767 1470 Quaecumque
2805 1400 3040 1456 volueris
3069 1400 3163 1456 tibi
3194 1415 3224 1455 a
3257 1402 3368 1457 Deo
3410 1401 3523 1458 fieri
3548 1443 3567 1469 ,

1981 1484 2096 1542 haec
2124 1488 2205 1542 lae
2252 1496 2308 1543 et
2355 1489 2637 1558 proximo:
2670 1505 2740 1546 ne
2775 1490 3016 1557 diceres,
3052 1494 3116 1547 Et
3159 1494 3427 1564 quomodo
3466 1493 3570 1549 hoc

1978 1575 2120 1632 effici
2144 1578 2356 1647 potest?
2387 1579 2473 1634 ille
2502 1580 2643 1635 Deus
2668 1590 2789 1648 est,
2819 1590 2873 1637 et
2899 1597 2999 1653 ego
3025 1582 3186 1638 homo
3210 1600 3225 1650 ;
3256 1583 3350 1639 sed
3368 1625 3383 1652 ,
3413 1584 3571 1653 Quie-

1978 1681 2208 1739 cumque
2257 1669 2491 1727 volueris
2537 1671 2634 1726 tibi
2688 1672 2803 1727 fieri
2845 1688 2876 1727 a
2933 1688 3234 1741 conservo,
3283 1673 3401 1731 haec
3428 1684 3482 1731 et
3512 1684 3570 1731 tu

1980 1761 2230 1830 proximo
2280 1770 2372 1818 tuo
2419 1764 2695 1821 exhibeas.
2750 1766 2890 1834 Quid
2927 1766 3027 1823 hac
3064 1784 3125 1824 re
3170 1768 3387 1824 levius?
3440 1769 3567 1840 quid

1974 1855 2212 1926 iustius?
2238 1856 2439 1913 Deinde
2466 1866 2589 1913 ante
2614 1860 2831 1929 prtemia
2854 1860 3057 1930 grande
3078 1863 3401 1917 encomium.
3436 1860 3565 1917 Hice

1978 1955 2053 2001 est
2079 1947 2211 2001 enim
2239 1947 2323 2002 lex
2347 1989 2362 2013 ,
2390 1958 2437 2002 ct
2473 1950 2749 2020 prophetia.
2779 1951 2934 2007 Unde
2976 1953 3314 2008 manifestum
3363 1964 3447 2008 est
3483 1968 3570 2009 se—

1980 2038 2213 2095 cundum
2269 2048 2508 2096 naturam
2557 2043 2713 2099 nobis
2760 2043 2937 2100 inesse
2983 2045 3270 2115 virtutem,
3298 2057 3361 2101 et'
3393 2062 3491 2101 nos
3538 2061 3567 2101 a

1980 2132 2137 2187 nobis
2163 2132 2292 2201 ipsis
2311 2133 2438 2204 quid
2468 2134 2538 2189 sit
2577 2134 2841 2205 agendum
2867 2138 3038 2203 scire,
3080 2134 3271 2208 neque
3300 2138 3457 2209 posse
3492 2139 3565 2195 'ad

1980 2223 2294 2294 ignorantiae
2323 2225 2735 2295 excusationem
2758 2242 3007 2297 umquam
3033 2226 3341 2299 confugere.

2050 2315 2207 2370 Arcta
2231 2325 2304 2371 est
2330 2316 2411 2370 via
2435 2332 2548 2387 qua:
2588 2318 2727 2373 ducit
2754 2320 2841 2371 ad
2881 2320 3073 2385 vitam;
3117 2312 3366 2390 quamo'do
3403 2322 3570 2394 facitis

1981 2408 2177 2463 evadat.
2206 2438 2278 2448 —
2304 2409 2392 2464 l5.
2434 2408 2631 2463 Intrate
2654 2425 2744 2479 per
2769 2420 3036 2481 angustam
3066 2408 3287 2479 p’or'tam;
3330 2414 3568 2481 quoniam

1980 2500 2086 2554 lata
2111 2508 2183 2554 est
2214 2510 2360 2569 porta
2380 2542 2397 2567 ,
2425 2510 2473 2555 et
2493 2501 2717 2571 spatiosa
2738 2502 2835 2555 'via
2861 2506 2951 2567 est,
2996 2503 3271 2572 quwidttcit
3297 2504 3364 2557 ad
3401 2504 3571 2576 perdi-

1981 2593 2187 2655 tionem,
2218 2602 2266 2647 et
2310 2594 2460 2647 multi
2484 2601 2621 2660 sunt,
2649 2594 2735 2662 qui
2773 2594 3125 2664 ingrediuntur
3163 2612 3254 2665 per
3291 2611 3402 2649 eam
3432 2611 3451 2650 :
3477 2596 3565 2651 14.

1980 2696 2029 2739 et
2056 2695 2197 2739 arcta
2225 2697 2296 2740 est
2324 2696 2472 2757 porta
2498 2712 2521 2749 ,-
2544 2696 2592 2741 et
2622 2686 2847 2758 angusta
2869 2689 2968 2753 via,
2994 2703 3106 2757 qua:
3132 2688 3270 2741 ducit
3306 2688 3373 2741 ad
3393 2689 3565 2755 vitam,

1981 2786 2027 2831 et
2050 2778 2199 2845 pauci
2225 2787 2364 2845 sunt,
2390 2778 2491 2847 “qui
2517 2778 2774 2832 inveniunt
2819 2794 2950 2833 eam.
2991 2779 3149 2847 Atqui
3180 2786 3360 2847 postea
3390 2777 3519 2834 dicit
3553 2797 3566 2832 :

1978 2868 2174 2939 Iugum
2219 2886 2385 2924 meum
2423 2886 2575 2924 suave
2616 2882 2723 2937 cst,
2752 2882 2799 2925 et
2835 2888 2963 2926 onus
3003 2889 3168 2925 meum
3199 2872 3303 2926 leve
3335 2871 3565 2945 (Matth.

1983 2964 2072 3016 Η.
2113 2962 2255 3033 ‘50);
2305 2973 2465 3034 atque
2489 2966 2648 3018 etiam
2680 2964 2730 3018 in
2761 2964 2859 3031 iis,
2892 2980 3013 3035 qua:
3058 2966 3213 3035 paulo
3258 2977 3382 3021 ante
3422 2966 3564 3021 dicta

1980 3064 2144 3120 sunt,
2199 3055 2430 3125 idipsum
2471 3056 2827 3111 subindicavit
2877 3076 2889 3108 :
2937 3058 3205 3127 quomodo
3245 3067 3424 3113 autem
3481 3058 3569 3115 hic

1980 3157 2180 3203 arctam
2208 3148 2350 3203 illam
2375 3158 2761 3221 angustumque
2788 3149 2915 3205 dicit
2939 3153 3101 3207 esse?
3129 3152 3289 3208 Certe
3318 3154 3361 3206 si
3389 3161 3565 3208 atten-

1980 3239 2125 3296 deris
2145 3281 2159 3303 ,
2190 3240 2277 3295 hic
2302 3241 2465 3296 etiam
2495 3241 2731 3296 declarat
2768 3242 2910 3296 illam
2939 3242 3222 3298 admodum
3250 3257 3369 3298 esse
3394 3244 3567 3298 levem

1979 3342 2034 3388 et
2061 3333 2290 3389 facilem.
2318 3332 2388 3388 Et
2424 3334 2721 3404 quomodo,
2755 3334 2960 3405 inquies
2979 3376 2995 3402 ,
3028 3334 3115 3389 illa
3137 3376 3152 3400 ,
3195 3350 3313 3404 qua:
3342 3344 3487 3391 arcta
3513 3346 3569 3391 ct

1977 3434 2222 3496 angusta,
2251 3425 2421 3481 facilis
2448 3427 2592 3483 erit?
2643 3428 2774 3496 Quia
2804 3428 2888 3483 via
2939 3437 3052 3493 est,
3102 3438 3155 3483 et
3198 3437 3383 3499 porta;
3431 3430 3569 3484 sicut

1979 3520 2140 3574 etiam
2166 3520 2255 3574 illa
2280 3520 2384 3575 alia
2407 3561 2424 3585 ,
2453 3522 2553 3575 etsi
2585 3520 2690 3575 lata
2716 3531 2771 3576 et
2796 3522 3032 3590 spatiosa
3052 3563 3067 3588 ,
3110 3521 3193 3575 via
3223 3531 3305 3576 est
3328 3530 3382 3575 et
3428 3521 3566 3591 ipsa.

1979 3610 2036 3666 ln
2074 3611 2156 3667 his
2184 3621 2361 3667 autem
2390 3612 2519 3666 nihil
2554 3623 2766 3679 manet,
2808 3613 2903 3668 sed
2951 3623 3228 3668 transeunt
3274 3613 3450 3667 omnia
3496 3613 3566 3669 ad

1981 3703 2117 3760 hanc
2158 3705 2318 3760 vitam
2371 3704 2690 3774 pertinentia
2709 3745 2726 3771 ,
2746 3726 2749 3731 ·
2772 3708 2886 3760 sive
2914 3706 3083 3759 tristia
3103 3746 3118 3767 ,
3149 3705 3262 3761 sive
3289 3720 3565 3775 prospera.

1977 3798 2087 3853 Nec
2126 3797 2250 3853 ideo
2277 3806 2484 3853 tantum
2527 3797 2695 3853 facilis
2728 3808 2812 3853 est
2836 3800 3035 3863 virtus;
3067 3798 3161 3853 sed
3190 3813 3221 3853 a
3266 3798 3371 3853 fine
3407 3798 3566 3853 etiam

1978 3891 2183 3946 facilior
2228 3891 2489 3946 redditur.
2526 3890 2709 3961 Neque
2746 3890 2890 3946 enim
2935 3900 3137 3945 tantum
3165 3889 3308 3959 quod
3358 3889 3570 3944 labores

1978 3990 2035 4037 et
2059 3982 2283 4038 sudores
2329 3991 2620 4047 transeant,
2652 3983 2745 4038 sed
2770 3984 2929 4037 etiam
2959 3983 3100 4053 quod
3128 3982 3270 4037 bono
3301 3982 3427 4049 fine,
3458 3982 3568 4037 vita

1979 4088 2206 4142 nempe,
2237 4074 2608 4138 terminentur,
2642 4073 2693 4127 id
2715 4072 3138 4129 consolationem
3166 4072 3567 4127 decertantibus

1980 4179 2171 4235 parere
2199 4164 2380 4220 debet.
2409 4164 2589 4234 Itaque
2616 4173 2670 4218 et
2690 4164 2922 4219 brevitas
2940 4164 3184 4219 laborum
3212 4172 3268 4219 et
3294 4162 3569 4219 aeternitas

1977 4273 2318 4322 coronarum,
2353 4266 2407 4314 et
2432 4258 2571 4329 quod
2604 4257 2719 4313 haec
2738 4258 2846 4312 sint
2872 4258 3046 4328 priora
3071 4298 3085 4320 ,
3120 4258 3208 4312 illa
3236 4272 3362 4311 vero
3378 4268 3567 4327 "poste—

1978 4350 2155 4414 riora;
2190 4349 2303 4403 lucc
2329 4357 2474 4404 certe
2498 4350 2676 4403 omnia
2725 4351 3009 4404 maximam
3050 4349 3102 4403 in
3146 4349 3418 4403 laboribus
3441 4347 3569 4403 affe-

1977 4451 2099 4496 rant
2122 4442 2563 4496 consolatiOnem.
2590 4442 2927 4511 Quapropter
2960 4442 3156 4496 Paulus
3183 4442 3367 4496 levem-
3399 4441 3569 4495 tribu-

1980 4535 2232 4591 lationem
2298 4536 2549 4601 vocavit,
2608 4551 2712 4590 non
2761 4536 2833 4591 ob
2894 4543 3138 4590 naturam
3209 4534 3567 4589 accidentium

1978 4643 2156 4683 rerum
2178 4669 2194 4691 ,
2235 4627 2329 4683 sed
2360 4628 2429 4684 ob
2461 4637 2757 4698 promptam
2790 4628 3115 4683 voluntatem
3146 4627 3485 4690 certantium,
3514 4637 3569 4680 et

1977 4732 2127 4788 spem
2173 4718 2492 4773 futurorum.
2544 4718 2673 4774 Leve
2730 4719 3067 4773 tribulationis
3098 4760 3114 4785 ,
3166 4717 3370 4788 inquit,
3410 4734 3570 4786 supra

1976 4812 2205 4877 modum,
2254 4820 2495 4866 wternum
2522 4811 2700 4882 q.’oria:
2727 4812 2926 4880 pondus
2970 4820 3231 4881 operatur,
3272 4827 3372 4864 non
3398 4810 3568 4863 consi-

1978 4904 2269 4960 derantibus
2320 4904 2463 4958 nobis
2513 4920 2627 4974 qua:
2668 4905 2922 4971 videntur,
2952 4904 3040 4957 sed
3068 4919 3183 4973 qua
3212 4919 3312 4957 non
3336 4902 3569 4956 videntur

1978 4998 1999 5066 (
2022 4997 2076 5051 ἓ.
2107 4996 2222 5051 Cor.
2254 4999 2310 5053 4.
2345 4998 2433 5051 l7.
2464 4997 2586 5067 l8).
2630 4996 2761 5051 Nam
2791 4996 2837 5051 si
2860 4995 3054 5050 fluctus
3076 5003 3131 5049 et
3157 4996 3322 5048 maria
3350 4992 3524 5047 nautis
3548 5034 3563 5056 ,

1976 5106 2040 5146 ac
2090 5091 2267 5146 czedes
2304 5091 2633 5160 vulneraque
2679 5089 2968 5155 militibus,
3014 5088 3185 5142 hiems
3236 5096 3396 5157 atque
3445 5085 3566 5155 gelu

1975 5182 2243 5253 agricolis,
2275 5181 2644 5252 pugilibusque
2671 5180 2976 5251 frequentes
3011 5179 3211 5249 plagas,
3247 5179 3396 5233 leves
3425 5178 3563 5230 tole-

1978 5274 2281 5343 rabilesque
2311 5274 2561 5329 videntur
2580 5315 2595 5339 ,
2628 5273 2698 5327 ob
2728 5288 2877 5343 spem
2924 5272 3285 5341 praemiorum,
3315 5284 3437 5339 qua:
3481 5278 3567 5321 ta-

1977 5382 2100 5421 men
2148 5366 2289 5421 tluxa
2340 5366 2679 5436 perituraque
2732 5374 2896 5419 sunt:
2931 5363 3099 5417 multo
3144 5362 3312 5432 magis
3348 5360 3565 5431 quando

1975 5461 2166 5515 caelum
2192 5458 2345 5513 nobis
2364 5500 2380 5525 ,
2409 5457 2693 5513 ineffabilia
2724 5456 2861 5511 bona
2879 5496 2896 5521 ,
2923 5455 3249 5525 pnemiaque
3290 5456 3566 5508 immorta-

1976 5552 2048 5606 lia
2095 5559 2465 5621 pmponuntur
2489 5590 2504 5615 ,
2549 5549 2753 5604 nullum
2780 5548 2901 5618 quis
2927 5546 3271 5619 praisentium
3298 5544 3563 5600 malorum

1976 5656 2193 5697 sensum
2224 5640 2501 5712 percipiat.

2048 5735 2102 5791 6.
2143 5733 2294 5802 Quod
2322 5736 2367 5788 si
2403 5734 2494 5803 qui
2529 5733 2592 5788 iis
2619 5732 2777 5789 etiam
2818 5732 3027 5803 positis,
3067 5730 3207 5785 viam
3240 5728 3380 5783 illam
3410 5725 3553 5781 labo-

1981 5828 2179 5885 riosam
2204 5842 2323 5886 esse
2349 5834 2559 5898 putant,
2586 5840 2653 5884 ex
2680 5824 2894 5884 illorum
2934 5824 3138 5883 desidia
3162 5832 3365 5881 tantum
3392 5822 3560 5877 oritur
