4038 6364
451 306 555 362 ὃίὅ

453 418 570 473 Ιιςυε
589 414 843 485 suspicio.
876 412 1013 470 Vide
1034 411 1178 468 enim
1193 426 1355 483 quam
1379 413 1552 469 levem
1578 412 1725 466 illam
1752 410 1857 467 alio
1882 409 2045 466 modo

452 510 683 571 c-tliciat,
713 522 835 563 eum
856 505 1010 576 jubet
1056 520 1163 559 non
1202 502 1542 559 commisceri
1583 500 1838 566 canibus,
1875 514 2061 570 noque-

455 602 633 672 porcis
660 615 720 654 se
747 598 979 659 tradere,
1008 606 1061 651 et
1087 610 1277 650 cavere
1302 610 1332 648 a
1362 591 1863 664 pseudoprophetis,
1890 591 2049 645 dum-

453 710 556 765 que
593 707 689 748 eos
724 691 959 761 undique
998 689 1258 744 sollicitos
1287 687 1482 743 reddit.
1516 686 1632 741 Hoc
1675 687 1849 755 ipsum
1894 699 2053 749 vero,

454 787 596 856 quod
630 786 773 839 illam
802 795 1006 838 arctam
1048 781 1317 852 appellat,
1334 780 1579 835 maxime
1597 778 1810 835 confert
1834 777 1901 831 ad
1929 793 2055 832 eam-

455 878 667 933 facilem
693 875 1040 940 reddendam,
1071 875 1368 929 admonens
1398 872 1518 927 illos
1548 880 1607 926 ut
1629 871 1879 942 vigilent.
1900 869 2051 925 Sicut

458 974 603 1026 enim
632 971 849 1036 Paulus,
877 985 999 1025 cum
1036 968 1190 1031 dixit,
1224 966 1345 1021 Non
1371 976 1443 1022 est
1472 965 1616 1020 nobis
1640 964 1931 1019 colluctatio
1957 963 2052 1016 ati-

459 1077 629 1115 oersus
675 1062 975 1131 sanguinem
1012 1069 1063 1113 et
1099 1074 1305 1113 carnem
1332 1056 1549 1127 (Ep/tes.
1598 1056 1650 1112 6.
1684 1054 1799 1126 12),
1852 1070 1960 1109 non
1993 1064 2050 1107 ut

459 1152 698 1222 deiiciat,
740 1151 839 1207 sed
866 1162 924 1206 ut
966 1152 1137 1221 erigat
1178 1150 1404 1204 militum
1436 1149 1668 1215 animos,
1697 1147 1749 1203 id
1778 1147 1909 1202 dicit
1937 1168 1950 1202 ε
1974 1146 2053 1201 sic

461 1244 577 1314 ipse
614 1243 873 1299 Dominus
896 1251 953 1297 ut
981 1242 1214 1298 viatores
1250 1258 1282 1297 a
1325 1255 1518 1297 somno
1545 1240 1763 1305 excitet,
1805 1252 2052 1308 asperam

462 1336 593 1391 dicit
637 1335 777 1389 viam
806 1353 821 1389 :
846 1350 1020 1405 neque
1065 1334 1166 1390 hoc
1202 1333 1583 1389 tantummodo-
1620 1331 1688 1387 ad
1726 1329 2053 1402 vigilandum

462 1426 685 1494 inducit,
712 1427 805 1481 sed
835 1428 998 1483 etiam
1035 1442 1156 1481 cum
1186 1426 1390 1495 adjicit,
1420 1426 1617 1481 multos
1654 1438 1775 1482 esse
1804 1425 1894 1495 qui
1924 1440 2054 1496 sup-

464 1520 706 1588 plantare
742 1520 1025 1585 studeant;
1052 1519 1302 1590 quodque
1329 1520 1544 1590 gravius
1585 1528 1691 1584 est,
1724 1534 1831 1574 non
1867 1530 2057 1590 aperte

466 1609 789 1679 irrumpunt,
836 1610 931 1665 sed
972 1626 1092 1665 sese
1129 1611 1442 1665 occultant:
1475 1610 1781 1680 lmiusmodi
1826 1626 2057 1680 namque

464 1710 547 1754 est
586 1701 1169 1773 pseudoprophetarum
1205 1718 1395 1773 genus.
1422 1700 1528 1758 Sed
1556 1719 1624 1759 ne
1654 1704 1781 1759 illud
1813 1703 2061 1759 conside-

467 1807 578 1856 res,
612 1792 800 1863 inquit,
829 1793 978 1863 quod
998 1794 1069 1849 sit
1091 1809 1277 1865 aspera
1304 1804 1359 1849 et
1394 1803 1563 1861 arcta,
1590 1793 1687 1850 sed
1714 1811 1823 1866 quo
1847 1794 2063 1853 desinat

469 1883 774 1954 perpende;
805 1899 977 1955 neque
1004 1884 1147 1954 quod
1173 1885 1439 1940 contraria
1480 1887 1563 1942 via
1605 1887 1676 1942 sit
1703 1886 1808 1941 lata
1847 1895 1902 1942 et
1939 1902 2062 1955 Spa-

470 1976 626 2040 tiosa,
660 1975 756 2030 sed
795 1991 953 2045 quem
984 1975 1142 2031 linem
1177 1976 1387 2033 habeat.
1419 1978 1544 2033 ﬂare
1570 1993 1733 2048 porro
1774 1978 1952 2033 omnia
1979 1978 2063 2033 di-

470 2066 559 2128 rit,
587 2074 646 2120 ut
676 2066 828 2120 nobis
854 2066 1088 2120 animum
1112 2066 1304 2138 erigat,
1331 2076 1388 2121 ut
1412 2076 1467 2123 et
1493 2068 1627 2124 alibi
1650 2068 1861 2124 dicebat
1888 2087 1903 2123 :
1935 2068 2062 2123 Vio-

472 2155 595 2210 lenti
636 2158 842 2228 rapiunt
872 2158 1002 2212 illud
1025 2156 1238 2229 (Matth.
1279 2160 1367 2215 Η.
1400 2158 1512 2233 12).
1554 2159 1695 2215 Nam
1715 2160 1807 2232 qui
1845 2159 1912 2215 ad
1954 2175 2063 2216 cer-

473 2259 650 2304 tamen
721 2250 1056 2321 ingreditur,
1121 2252 1211 2307 ubi
1265 2252 1411 2308 clare
1475 2250 1624 2308 videt
1685 2251 2063 2322 agonothetam

475 2341 829 2395 certaminum
861 2340 1101 2398 laborem
1138 2340 1514 2409 admirantem,
1554 2343 1783 2399 alacrior
1814 2343 2063 2400 efficitur.

480 2428 558 2485 Ne
585 2430 744 2502 igitur
782 2432 1021 2487 animum
1057 2433 1507 2504 despondeamns,
1546 2449 1667 2490 cum
1705 2437 1871 2491 multa
1911 2435 2070 2492 nobis

476 2519 602 2576 hinc
627 2520 797 2577 tristia
830 2523 1151 2579 acciderint.
1168 2526 1329 2580 Arcta
1356 2527 1500 2581 enim
1527 2536 1610 2582 est
1633 2526 1741 2593 via,
1770 2536 1825 2583 et
1844 2538 2075 2598 angusta.

476 2621 630 2683 porta
658 2630 674 2668 :
702 2622 759 2668 at
792 2630 898 2669 non
927 2615 1115 2671 civitas
1142 2616 1253 2672 illa.
1288 2616 1517 2689 Ideoque
1546 2634 1653 2673 non
1677 2617 1766 2675 hic
1802 2619 2069 2690 speranda

477 2704 631 2772 quies
654 2711 757 2768 est,
786 2720 959 2775 neque
990 2706 1097 2762 illic
1124 2708 1416 2778 putandum
1445 2710 1644 2780 aliquid
1680 2711 1858 2767 inesse
1892 2713 2071 2768 triste.

478 2793 612 2848 Cum
640 2793 779 2849 dixit
804 2805 1005 2862 autem,
1039 2797 1204 2853 Pauci
1229 2808 1347 2854 sunt
1381 2801 1469 2870 qui
1493 2804 1753 2857 inveniunt
1778 2820 1912 2870 eam,
1944 2820 2069 2859 rur-

479 2900 573 2940 sus
614 2887 905 2944 multorum
952 2890 1038 2946 hic
1082 2891 1345 2962 ignaviam
1392 2892 1650 2963 declarat,
1696 2903 1752 2951 et
1798 2895 2071 2952 auditores

480 2978 734 3050 instituit,
758 2998 828 3038 ne
854 2983 1141 3041 multorum
1163 2986 1323 3042 rebus
1352 2989 1627 3059 prosperis
1654 2989 1894 3044 animum
1919 2989 2072 3045 adhi-

480 3073 660 3139 beant,
684 3076 779 3130 sed
806 3090 1094 3146 paucorum
1122 3077 1416 3137 laboribus.
1440 3081 1662 3137 Plurimi
1689 3097 1941 3154 namque,
1971 3084 2069 3151 ait,

478 3180 586 3220 non
629 3166 790 3223 modo
830 3183 927 3238 per
968 3170 1112 3226 illam
1157 3172 1296 3226 viam
1347 3188 1452 3228 nou
1499 3174 1774 3242 incedunt,
1824 3176 1921 3232 sed
1971 3191 2073 3233 nec

480 3257 626 3312 illam
670 3260 876 3330 eligunt
920 3262 1179 3332 quidem;
1216 3265 1358 3334 quod
1406 3275 1706 3322 extremum
1749 3267 2072 3339 insipientia:

480 3359 584 3406 est.
617 3352 811 3409 Verum
850 3371 957 3410 non
986 3366 1069 3412 est
1094 3358 1420 3413 multitudini
1448 3359 1868 3421 attendendum;
1899 3376 2074 3432 neque

483 3440 609 3499 inde
646 3444 846 3500 turbari
874 3455 1113 3517 oportet,
1138 3449 1234 3506 sed
1274 3464 1475 3520 paucos
1502 3451 1621 3508 illos
1644 3453 1860 3519 imitari,
1888 3463 1944 3510 et
1972 3471 2073 3509 un-

484 3533 647 3605 dique
678 3551 800 3592 sese
837 3538 1153 3609 colligentes
1189 3542 1269 3597 sic
1312 3556 1410 3613 per
1454 3559 1577 3599 eum
1620 3544 1893 3601 incedere.
1938 3545 2082 3602 Nam

486 3638 840 3699 pneterquam
885 3631 1028 3700 quod
1075 3642 1297 3703 angusta
1348 3635 1437 3690 illa
1476 3644 1580 3701 est,
1620 3637 1772 3692 multi
1814 3647 1939 3694 sunt
1986 3641 2076 3710 qui

486 3718 830 3789 supplantare
871 3722 1124 3788 student,
1167 3740 1235 3781 ne
1276 3725 1369 3781 illo
1412 3727 1677 3794 intretur;
1725 3732 2075 3800 quamobrem

488 3810 797 3881 subiunxit:
825 3813 911 3868 15.
959 3814 1215 3869 Atlendite
1263 3834 1297 3871 a
1339 3818 1486 3888 falsis
1532 3820 1809 3889 prophetis.
1869 3819 2083 3876 Venient

490 3902 624 3955 enim
662 3904 731 3955 ad
770 3918 857 3958 vos
893 3905 947 3959 in
986 3907 1286 3963 vestimentis
1329 3910 1498 3964 ovium
1525 3926 1544 3965 :
1569 3912 1871 3967 intrinsecus
1910 3923 2082 3969 autem

490 4009 608 4049 sunt
634 3996 742 4063 lupi
768 4014 1000 4069 rapaces.
1045 3998 1185 4055 Ecce
1213 4015 1335 4056 cum
1369 4002 1593 4059 canibus
1622 4013 1676 4059 et
1714 4005 1892 4075 porcis
1934 4005 2081 4061 aliud

493 4087 804 4143 insidiarum
848 4104 1041 4160 genus,
1083 4091 1259 4148 multo
1280 4092 1630 4166 periculosius
1668 4096 1780 4151 illo.
1827 4096 1908 4153 Illi
1936 4096 2080 4153 enim

493 4188 617 4234 sunt
655 4180 947 4249 manifesti,
978 4192 1034 4238 et
1060 4184 1234 4253 palam
1263 4185 1675 4256 aggrediuntur;
1720 4187 1777 4243 hi
1812 4204 1949 4247 vero
1986 4204 2082 4246 oe-

492 4271 647 4327 eulti.
686 4271 813 4328 ideo
849 4273 919 4328 ab
962 4274 1068 4332 illis
1108 4277 1324 4346 quidem
1354 4277 1625 4335 abstinere
1660 4281 1841 4350 jussit,
1888 4283 1957 4337 ab
2000 4282 2083 4340 bis

495 4377 625 4418 vero
660 4362 1067 4435 diligentissime
1099 4382 1308 4433 cavere,
1335 4384 1400 4424 ac
1437 4370 1482 4425 si
1521 4370 1737 4428 dillicile
1776 4372 1849 4430 sit
1884 4374 1955 4430 ad
1985 4376 2085 4445 pri-

497 4468 651 4511 mum
676 4455 795 4511 illos
824 4472 1172 4529 congressum
1195 4461 1477 4532 explorare
1501 4479 1515 4515 :
1548 4463 1775 4535 ideoque
1803 4465 1962 4533 dixit,
1985 4466 2082 4520 Αι-

496 4549 700 4613 tendite,
726 4560 783 4603 ut
807 4550 875 4606 ad
890 4552 1009 4606 illos
1035 4554 1477 4610 internoscendos
1501 4556 1749 4612 redderet
1779 4557 2086 4630 diligentio-

497 4654 605 4694 res.
634 4640 834 4697 Deinde
854 4658 921 4697 ne
946 4644 1243 4713 audientes,
1277 4647 1335 4702 in
1355 4656 1499 4702 arcta
1526 4657 1582 4702 et
1612 4658 1837 4719 angusta
1877 4650 2087 4707 multis-

497 4746 604 4801 que
646 4735 913 4788 contraria
960 4735 1045 4791 via
1104 4737 1459 4793 incedendum
1513 4753 1674 4804 esse,
1724 4754 1754 4793 a
1808 4742 1987 4811 porcis
2034 4751 2091 4798 et

498 4823 723 4879 canibus
750 4826 1069 4895 cavendum,
1105 4829 1427 4901 insuperque
1463 4844 1495 4885 a
1531 4831 1828 4901 maligniori
1865 4849 2085 4904 genere,

500 4930 695 4985 nempe
724 4915 1000 4985 luporum;
1023 4934 1090 4974 ne
1112 4921 1341 4975 tristium
1368 4936 1547 4976 rerum
1586 4922 1927 4980 multitudine
1954 4940 2089 4981 con-

500 5006 705 5075 cidant,
734 5008 789 5061 in
818 5012 1144 5066 contrariam
1175 5012 1358 5067 multis
1396 5013 1658 5070 incessuri
1683 5016 1845 5083 viam,
1871 5028 2093 5087 prauor-

501 5113 674 5169 eaque
703 5099 788 5157 bis
828 5100 897 5156 de
931 5102 1094 5159 rebus
1119 5103 1339 5159 solliciti
1364 5105 1548 5171 futuri,
1577 5106 1820 5177 quredam
1851 5117 2093 5179 tempore

503 5201 712 5260 patrum
735 5207 953 5248 suorum
982 5204 1130 5265 gesta
1154 5196 1495 5265 memoravit,
1517 5198 2013 5269 pseudoprophetas
2039 5202 2092 5256 in

502 5284 738 5339 medium
768 5285 1073 5350 adducens;
1102 5289 1277 5356 prisce
1310 5304 1541 5359 namque
1567 5290 1688 5344 talia
1731 5293 2091 5361 contigerunt.

505 5372 681 5429 Nolite
723 5392 842 5446 ergo
885 5378 1062 5432 terreri
1101 5378 1255 5448 (Luc.
1283 5378 1376 5434 2i.
1423 5380 1501 5451 9),
1554 5381 1761 5451 inquit:
1789 5382 1919 5437 nihil
1950 5384 2093 5439 cuitu

505 5484 728 5538 novum,
782 5470 918 5526 nihil
967 5471 1264 5528 inauditum
1311 5475 1538 5531 accidet.
1584 5474 1808 5531 Veritati
1865 5493 2096 5545 namque

506 5561 765 5618 fallaciam
804 5580 1018 5636 semper
1045 5567 1317 5623 substituit
1343 5567 1611 5624 diabolus.
1642 5568 2093 5640 Pseudoprophe-

509 5663 589 5709 tas
607 5665 783 5711 autem
804 5654 891 5713 hic
911 5673 1018 5714 non
1041 5656 1322 5716 hmreticos
1348 5660 1478 5716 mihi
1500 5661 1841 5718 subindicare
1861 5662 2094 5729 videun',

506 5743 603 5799 scd
654 5760 771 5815 eos,
816 5748 907 5820 qui
952 5764 1077 5808 cum
1118 5752 1356 5825 corrupti
1404 5754 1644 5812 moribus
1699 5762 1756 5811 et
1808 5755 1916 5812 vita
1961 5756 2092 5826 sint,

1204 299 1263 356 S.
1302 295 1578 356 JO'ANNIS
1613 294 2095 355 CHRYSOSTOMIL
2126 294 2451 352 ARCIIIEP.
2488 292 3024 353 CONSTANTINO‘P.

3639 302 3749 358 318

2157 408 2368 462 virtutis
2391 406 2592 463 larvam
2610 406 3013 474 circumferunt,
3046 423 3183 480 quos
3206 408 3519 468 seductores
3548 427 3749 470 vocare

2156 498 2309 553 multi
2352 498 2546 553 solent.
2579 498 2937 566 Quamobrem
2976 500 3257 571 subiunxit
3289 501 3495 569 dicens,
3542 504 3628 558 16.
3666 505 3751 559 Ea:

2156 591 2403 663 fructibus
2440 608 2614 646 eorum
2639 593 2950 663 cognoscetis
2986 609 3090 647 eos.
3124 592 3256 648 Nam
3285 594 3427 664 apud
3468 594 3756 652 hazretieos

2156 682 2369 754 quidem
2394 683 2628 738 honesta.
2642 684 2746 738 vita
2768 698 2913 753 saepe
2939 686 3235 755 reperitur;
3259 686 3398 756 apud
3425 686 3527 741 bos
3548 699 3759 753 autem,

2157 789 2293 844 quos
2334 774 2463 838 dixi,
2501 790 2813 844 numquam.
2838 775 2987 842 Quid
3005 776 3185 846 igitur,
3215 777 3445 847 inquies,
3479 777 3523 831 si
3569 795 3754 833 mores

2161 867 2362 937 ﬁngant
2397 866 2689 922 honestos?
2728 866 2835 923 Sed
2871 866 3024 924 facile
3052 867 3357 939 capientur.
3378 869 3522 924 Talis
3552 870 3761 940 quippe

2160 969 2242 1013 est
2283 957 2441 1029 hujus
2468 958 2569 1013 via:
2600 968 2809 1027 natura,
2858 974 2973 1031 qua.
3007 960 3261 1016 incedere
3299 960 3456 1031 iussi,
3488 962 3759 1017 labori0sa

2160 1069 2355 1124 nempe
2390 1063 2445 1109 et
2481 1054 2634 1109 dura.
2664 1053 2953 1127 Hypocrita
2990 1070 3120 1110 vero
3143 1055 3379 1111 laborem
3413 1056 3552 1112 ferre
3595 1056 3759 1122 nolit,

2161 1145 2257 1200 sed
2296 1146 2549 1202 simulare
2578 1156 2822 1203 tantum:
2849 1147 3076 1219 ideoque
3111 1146 3268 1203 facile
3306 1147 3755 1219 deprehenditur.

2162 1236 2295 1306 Quin
2316 1239 2459 1294 enim
2481 1238 2632 1305 dixit,
2661 1238 2826 1293 Pauci
2844 1240 3069 1310 suntqui
3091 1240 3349 1293 inueniunt
3369 1256 3501 1306 eam,
3525 1241 3764 1296 secernit

2161 1342 2257 1382 eos
2283 1328 2352 1382 ab
2381 1328 2505 1395 illis,
2528 1329 2617 1399 qui
2652 1344 2775 1384 cum
2800 1343 2905 1384 non
2928 1329 3247 1393 invenerint,
3279 1329 3543 1385 invenisse
3578 1338 3765 1385 tamen

2161 1433 2223 1473 se
2247 1419 2524 1486 simulant,
2545 1420 2740 1491 iubens
2762 1437 2867 1475 non
2897 1421 2964 1476 ad
2991 1421 3135 1488 illos,
3168 1423 3261 1492 qui
3289 1422 3491 1477 larvam
3518 1423 3766 1478 circum-

2163 1508 2363 1577 ierunt,
2389 1511 2683 1581 respicere,
2714 1511 2810 1567 sed
2836 1511 2904 1567 ad
2946 1511 3068 1567 illos
3094 1513 3183 1583 qui
3222 1528 3350 1569 vere
3387 1522 3444 1567 et
3481 1529 3550 1568 ex
3573 1514 3772 1568 animo

2166 1603 2218 1657 in
2248 1603 2341 1658 illa
2379 1604 2655 1659 incedunt.
2693 1604 2763 1659 Et
2799 1619 2900 1674 qua
2924 1604 2994 1660 de
3019 1619 3199 1670 causa,
3238 1605 3467 1673 inquies,
3500 1620 3605 1659 non
3635 1605 3763 1660 illos

2163 1703 2323 1751 notos
2349 1694 2494 1761 fecit,
2518 1696 2612 1752 sed
2639 1711 2737 1751 nos
2771 1696 2823 1751 in
2845 1696 3157 1769 explorandi
3185 1712 3367 1753 curam
3393 1698 3663 1767 coniecit?
3694 1696 3769 1773 Ut

2166 1787 2467 1857 vigilemus,
2500 1795 2556 1844 et
2593 1787 2808 1844 solliciti
2845 1804 3059 1859 semper
3098 1790 3287 1856 simus,
3327 1789 3454 1845 dum
3504 1806 3764 1845 cavemus

2167 1892 2273 1932 non
2302 1876 2553 1933 modeab
2581 1878 2813 1935 inimicis
2837 1878 2943 1935 illis
2970 1881 3059 1951 qui
3086 1878 3260 1950 palam
3302 1881 3436 1936 tales
3474 1892 3600 1936 sunt
3623 1923 3637 1945 ,
3667 1881 3775 1936 sed

2167 1970 2236 2025 ab
2277 1970 2343 2024 iis
2390 1971 2551 2026 etiam
2592 1971 2681 2041 qui
2731 1985 2855 2028 sese
2901 1971 3210 2026 occultant:
3238 1987 3372 2043 quos
3417 1972 3771 2028 subindicans

2170 2061 2363 2118 Paulus
2388 2061 2600 2118 dicebat
2628 2081 2643 2118 :
2672 2062 2738 2117 Et
2762 2079 2854 2135 per
2870 2062 3043 2118 dulces
3068 2080 3321 2118 sermones
3338 2064 3582 2119 seducttnt
3608 2067 3773 2118 corda

2168 2154 2508 2209 innocentium
2538 2155 2713 2227 (liom.
2744 2157 2831 2213 16.
2862 2157 2974 2228 18).
3000 2156 3079 2212 Ne
3105 2158 3284 2228 itaque
3314 2157 3609 2224 turbemur,
3641 2173 3781 2213 cum

2171 2248 2368 2303 multos
2410 2248 2777 2317 hujuscemodi
2821 2249 2985 2304 etiam
3025 2263 3169 2304 nunc
3211 2249 3479 2305 videmus.
3533 2248 3668 2304 Nam
3718 2260 3773 2304 et

2173 2337 2303 2393 illud
2331 2354 2489 2410 supra
2518 2339 2761 2395 Christus
2791 2340 3055 2410 prmdixit.

2245 2430 2303 2486 τ.
2342 2428 2410 2485 Ει
2451 2429 2721 2502 perpende
2762 2431 2879 2502 ejus
2921 2431 3413 2488 mansuetudinem.
3457 2430 3572 2488 Non
3616 2432 3769 2487 enim

2174 2520 2345 2587 dixit,
2373 2521 2566 2579 Punite
2592 2522 2710 2578 illos
2732 2563 2749 2589 ,
2780 2524 2897 2589 sed,
2925 2522 3119 2579 Cavete
3146 2540 3213 2579 ne
3236 2524 3303 2578 ab
3329 2524 3434 2578 illis
3464 2523 3734 2579 laedamini
3756 2564 3785 2590 ,

2175 2627 2244 2667 ne
2273 2612 2469 2669 incauti
2511 2614 2564 2668 in
2610 2614 2732 2669 illos
2775 2614 3041 2670 incidatis.
3086 2615 3327 2680 Deinde,
3361 2631 3428 2671 ne
3474 2616 3623 2671 dicas
3665 2631 3788 2671 non

2178 2717 2335 2773 posse
2384 2703 2685 2775 huiusmodi
2726 2704 2973 2761 homines
3013 2707 3311 2761 internosci.
3337 2748 3351 2768 .
3382 2708 3451 2762 ab
3493 2706 3783 2762 hominum

2176 2796 2428 2868 exemplo
2454 2813 2639 2853 rursus
2667 2799 3001 2854 ratiocinium
3020 2800 3237 2854 adhibet
3265 2800 3449 2854 dicens
3472 2818 3485 2855 :
3508 2799 3780 2871 Numquid

2177 2888 2422 2960 colligunt
2452 2889 2515 2943 de
2540 2889 2701 2959 spinis
2737 2904 2859 2945 uvas
2882 2931 2899 2957 ,
2927 2901 3012 2944 aut
3045 2890 3108 2944 de
3137 2891 3333 2945 tribulis
3365 2891 3496 2959 ficus
3517 2892 3542 2944 ?
3572 2892 3658 2946 Π.
3692 2891 3783 2947 Sis

2178 2981 2340 3036 omnis
2366 2980 2517 3035 arbor
2541 2983 2704 3048 bona,
2730 2982 2885 3037 bonos
2913 2986 3117 3052 fructus
3137 2983 3296 3053 facit;
3325 2984 3461 3037 mala
3490 2993 3662 3037 autent
3689 3001 3781 3036 ar-

2179 3072 2269 3127 bor
2311 3074 2515 3144 fructus
2558 3075 2721 3129 malos
2768 3074 2913 3146 facit.
2951 3075 3037 3129 18.
3084 3073 3207 3129 Non
3253 3083 3414 3146 potest
3457 3075 3609 3129 arbor
3646 3076 3784 3130 bona

2181 3169 2376 3235 [ructas
2402 3165 2563 3219 malos
2585 3169 2750 3236 facere
2768 3205 2784 3231 ,
2807 3182 2899 3220 nec
2926 3165 3078 3220 arbor
3106 3167 3243 3220 mala
3278 3168 3472 3237 fructus
3503 3167 3663 3221 bonos
3692 3172 3778 3237 fa-

2181 3273 2313 3311 cere.
2345 3256 2498 3324 Quod
2538 3266 2716 3313 autem
2744 3256 2874 3312 dicit
2901 3257 3207 3328 huiusmodi
3249 3258 3533 3313 cst:Niliil
3581 3258 3788 3314 habent

2182 3349 2311 3402 mite
2328 3349 2411 3403 vel
2438 3347 2628 3414 dulce;
2657 3349 2849 3419 pellem
2880 3349 3053 3404 solum
3080 3348 3197 3404 ovis
3219 3358 3451 3420 gestant,
3483 3349 3605 3405 ideo
3624 3349 3787 3406 facile

2185 3442 2638 3496 internoscantur.
2662 3440 2729 3495 Et
2757 3456 2827 3496 ne
2855 3441 2937 3496 vel
2966 3441 3242 3496 minimum
3270 3440 3505 3507 dubites,
3533 3442 3792 3497 naturali-

2186 3532 2286 3587 bus
2320 3533 2726 3588 necessitatibus
2761 3541 3038 3603 comparat
3077 3547 3142 3588 ea
3171 3548 3291 3603 qua:
3331 3533 3487 3588 aliter
3515 3534 3629 3587 lieri
3677 3548 3785 3587 non

2186 3633 2428 3694 possunt.
2458 3624 2618 3693 Quod
2640 3624 2798 3679 etiam
2836 3624 3033 3680 Paulus
3063 3624 3276 3681 dicebat
3299 3642 3313 3679 :
3337 3624 3609 3695 Sapientia
3650 3626 3789 3679 enim

2186 3718 2355 3772 carnis
2376 3758 2393 3784 ,
2423 3734 2561 3771 mors
2584 3727 2657 3772 est
2680 3733 2699 3771 :
2721 3717 2819 3789 legi
2854 3720 2987 3771 enim
3026 3716 3124 3773 Dei
3164 3736 3267 3773 non
3304 3718 3569 3788 subjicitur
3587 3733 3606 3771 .'
3627 3734 3791 3788 neque

2186 3812 2321 3865 enim
2346 3820 2504 3880 potest
2527 3811 2709 3882 (Rom.
2739 3812 2794 3867 8.
2825 3812 2877 3868 6.
2908 3812 2984 3883 Ἰ).
3007 3812 3160 3880 Quod
3184 3813 3521 3869 autem‘illud
3548 3814 3792 3869 secundo

2189 3914 2372 3977 ponat,
2406 3921 2513 3962 non
2539 3914 2623 3961 est
2648 3906 2919 3976 superflua
2949 3906 3199 3977 repetitio
3222 3907 3535 3965 verborum.
3563 3908 3643 3963 Ne
3666 3910 3791 3979 quis

2190 3998 2332 4053 enim
2360 3996 2584 4062 diceret,
2608 3997 2785 4053 Arbor
2811 4000 2949 4053 mala
2978 3998 3184 4055 fruetus
3212 4000 3427 4070 quidem
3455 3999 3557 4055 fert
3582 4002 3788 4063 malos,

2191 4088 2288 4143 sed
2313 4089 2415 4144 fert
2442 4089 2604 4144 etiam
2634 4088 2842 4155 bonos;
2864 4098 2919 4144 et
2947 4104 3070 4144 eum
3107 4089 3345 4160 duplices
3368 4088 3540 4154 ferat,
3568 4088 3792 4144 diliicile

2192 4190 2276 4237 est
2305 4181 2427 4237 illos
2454 4182 2855 4238 internoscere:
2880 4184 3089 4248 Atres,
3115 4182 3327 4253 inquit,
3358 4197 3464 4237 non
3496 4181 3569 4236 ita
3596 4196 3657 4236 se
3691 4182 3791 4235 ba-

2192 4271 2283 4328 bet
2307 4290 2321 4327 :
2345 4271 2517 4327 malos
2560 4281 2766 4327 tantum
2809 4271 2997 4340 ali‘ert,
3019 4273 3190 4328 bonos
3230 4288 3557 4342 numquam;
3590 4282 3648 4326 ut
3676 4281 3737 4328 et
3764 4287 3794 4328 e

2192 4363 2484 4418 contrario.
2512 4362 2648 4430 Quid
2677 4364 2869 4432 igitur?
2892 4363 3087 4419 Annon
3129 4374 3210 4420 est
3235 4365 3317 4419 vir
3343 4363 3539 4429 bonus,
3564 4364 3658 4434 qui
3682 4379 3796 4418 ma-

2195 4458 2279 4515 lus
2303 4457 2597 4515 efﬁciatur?
2614 4460 2691 4515 Ac
2706 4460 2937 4515 vicissim
2963 4459 3247 4515 dicendum
3274 4476 3306 4516 e
3324 4460 3597 4516 contrario
3621 4478 3635 4514 :
3657 4463 3797 4515 iutu-

2196 4554 2266 4608 tis
2295 4553 2599 4624 huiusmodi
2628 4554 2890 4624 exemplis
2917 4554 3136 4624 plenum
3161 4563 3245 4609 est
3282 4554 3559 4609 hominum
3598 4568 3791 4623 genus.

2194 4645 2301 4702 Sed
2325 4645 2567 4701 Christus
2588 4661 2694 4700 non
2720 4644 2849 4700 illud
2875 4645 3025 4713 dicit,
3048 4659 3243 4715 nempe
3269 4660 3374 4699 non
3405 4659 3563 4714 posse
3591 4644 3793 4697 malum

2197 4737 2469 4793 hominem
2500 4738 2714 4801 mutari,
2745 4752 2917 4808 neque
2939 4738 3135 4792 bonum
3164 4737 3357 4793 cadere
3377 4755 3390 4792 :
3414 4752 3598 4792 verum
3622 4734 3795 4789 donec

2197 4829 2251 4885 in
2283 4830 2516 4900 nequitia
2556 4839 2901 4900 perseverat,
2935 4830 3134 4885 bonum
3175 4846 3280 4885 non
3310 4829 3499 4884 afferet
3535 4828 3792 4883 fructum.

2200 4921 2389 4976 Mutari
2415 4922 2558 4977 enim
2590 4931 2805 4992 potest,
2832 4932 2887 4978 et
2914 4937 2979 4977 ex
3017 4922 3270 4992 improbe
3288 4921 3463 4978 bonus
3491 4919 3666 4986 efﬁci;
3700 4920 3795 4976 sed

2200 5013 2255 5068 in
2300 5014 2535 5084 nequitia
2579 5029 2840 5081 manens,
2897 5014 3126 5069 fructum
3175 5028 3282 5069 non
3335 5013 3523 5070 afferet
3570 5014 3795 5069 bonum.

2200 5107 2481 5174 Quomodo
2500 5122 2629 5178 ergo
2658 5107 2822 5162 David
2843 5149 2857 5171 ,
2888 5108 3061 5163 bonus
3082 5123 3203 5163 cum
3231 5117 3395 5175 esset,
3422 5109 3649 5163 fructum
3681 5124 3793 5163 ma-

2201 5202 2313 5256 lum
2351 5201 2511 5256 tulit?
2540 5199 2653 5255 Non
2686 5216 2909 5256 manens
2945 5201 3117 5256 bonus
3142 5243 3158 5268 ,
3191 5200 3283 5256 sed
3334 5210 3603 5256 mutatus:
3630 5201 3721 5272 qui
3749 5200 3793 5254 si

2204 5303 2473 5364 perpetuo
2487 5293 2773 5348 mansisset
2800 5293 2970 5363 qualis
2992 5303 3109 5349 erat
3128 5335 3142 5360 ,
3166 5307 3455 5365 numquam
3490 5294 3650 5347 talem
3666 5293 3792 5348 .fru-

2202 5393 2344 5440 ctum
2378 5384 2604 5441 tulisset.
2628 5384 2760 5440 Nam
2788 5386 2832 5439 si
2864 5386 2916 5440 in
2934 5386 3144 5440 virtutis
3170 5384 3337 5457 gradu
3358 5386 3665 5451 mansisset,
3685 5399 3790 5438 non

2204 5493 2366 5533 ausus
2392 5487 2537 5534 esset
2566 5477 2685 5532 talia
2717 5488 3049 5548 perpetrare.
3081 5477 3209 5532 Haec
3246 5486 3425 5532 autem
3465 5476 3706 5540 dicebat,
3738 5482 3793 5529 ut

2205 5580 2407 5627 temere
2436 5571 2838 5643 obloquentium
2870 5581 2926 5627 et
2964 5571 3363 5627 criminantium
3406 5585 3502 5625 ora
3535 5570 3788 5625 frenaret.

2203 5662 2338 5732 Quia
2374 5662 2517 5718 enim
2561 5663 2771 5733 plurimi
2802 5662 2972 5719 bonos
3005 5677 3076 5718 ex
3106 5662 3366 5732 improbis
3403 5662 3670 5717 testimant
3690 5702 3704 5722 .
3733 5670 3790 5715 ut

2206 5756 2310 5814 iilis
2336 5770 2549 5813 onmem
2580 5758 2976 5815 excusationem
3002 5756 3286 5827 adimeret,
3311 5757 3417 5815 hoc
3435 5755 3590 5813 dixit.
3611 5754 3790 5826 Neque
