4058 6356
396 483 653 553 στόματα.
698 475 915 548 Ἐπειδὴ
944 477 1052 547 γάρ
1081 473 1268 528 πολλοὶ
1298 475 1424 537 τοὺς
1447 471 1683 541 ἀγαθοὺς
1707 468 1816 524 ἀπὸ
1835 467 1944 520 τῶν
1967 484 2069 519 πο-

397 571 571 642 νηρῶν
598 567 987 631 ὑποπτεύουσι,
1007 564 1188 634 πάσης
1214 560 1532 633 ἀποστερῶν
1553 559 1753 621 αὐτοὺς
1774 555 2069 620 ἀπολογίας

395 658 549 711 τοῦτο
576 657 816 728 εἴρηκεν.
837 652 973 706 Οὐδὲ
1002 651 1112 721 γὰρ
1151 651 1217 704 ἂν
1247 649 1388 719 ἐχοις
1409 649 1605 710 εἰπεῖν,
1633 647 1716 699 ὅτι
1751 643 2067 713 Ἢπάτημαι

395 745 489 798 καὶ
508 739 910 815 παρελογίσθην
931 757 946 770 ·
971 738 1066 791 καὶ
1094 738 1203 809 γάρ
1224 735 1430 808 ἀκριϐῆ
1453 752 1535 787 σοι
1555 732 1830 807 παρέσχον
1845 729 1942 801 τὴν
1961 728 2069 782 ἀπὸ

397 831 502 886 τῶν
558 832 734 899 ἔργων
783 828 1104 896 διάγνωσιν,
1141 825 1236 879 καὶ
1277 825 1320 856 ⁵⁸
1354 821 1662 894 προστάξας
1700 817 1933 890 βαδίζειν
1977 817 2071 899 ἐπὶ

396 919 495 984 τάς
529 898 778 990 πράξεις,
823 916 917 968 καὶ
951 914 1025 985 μὴ
1069 913 1247 967 πάντα
1280 909 1464 974 ἁπλῶς
1499 907 1903 979 συνταράττειν.
1935 898 2070 958 Εἶτα

396 1007 585 1078 ἐπειδὴ
617 1003 864 1068 κολάζειν
899 1002 996 1073 μὲν
1034 1001 1230 1064 αὐτοὺς
1258 999 1361 1052 οὐκ
1397 997 1669 1056 ἐκέλευσε,
1706 991 2068 1078 φυλάττεσθαι

395 1088 455 1144 δὲ
491 1075 671 1160 μόνον,
698 1085 832 1158 ὁμοῦ
881 1085 976 1138 καὶ
1021 1084 1146 1147 τούς
1192 1078 1668 1153 ἐπηρεαζομένους
1710 1077 1841 1148 παρ’
1887 1075 2069 1129 αὐτῶν

399 1173 926 1246 παραμυθούμενος,
977 1169 1262 1230 κάκείνους
1309 1165 1490 1236 φοϐῶν
1541 1165 1634 1217 καὶ
1701 1160 2066 1234 μεταϐάλλων,

399 1261 735 1330 ἐπετείχισεν
774 1259 960 1321 αὐτοῖς
1000 1257 1098 1327 τὴν
1133 1256 1263 1326 παρ’
1293 1252 1456 1307 αὐτοῦ
1501 1251 1750 1310 κόλασιν,
1791 1247 1958 1302 εἰπὼν
1987 1248 2069 1301 ὅτι

399 1347 532 1404 Πᾶν
556 1347 808 1414 δένδρον
845 1344 929 1414 μὴ
961 1343 1177 1398 ποιοῦν
1202 1341 1433 1410 καρπὸν
1454 1338 1666 1400 καλὸν,
1701 1337 2068 1399 ἐκκόπτεται,

401 1437 500 1490 καί
522 1438 609 1502 εἰς
643 1435 760 1502 πῦρ
774 1433 1093 1498 βάλλεται.
1131 1426 1264 1483 Εἶτα
1294 1425 1760 1496 ἀνεπαχθέστερον
1783 1422 1949 1476 ποιῶν
1979 1422 2070 1477 τὸν

400 1523 580 1592 λόγον,
624 1522 931 1592 ἐπήγαγεν·
969 1520 1106 1585 Ἄρα
1143 1511 1256 1570 οὖν
1294 1514 1412 1569 ἀπὸ
1439 1512 1557 1568 τῶν
1594 1508 1838 1579 καρπῶν
1873 1509 2072 1564 αὐτῶν

399 1609 809 1680 ἐπιγνώσεσθε
855 1607 1107 1668 αὐτούς·
1158 1605 1246 1657 ἵνα
1297 1601 1370 1674 μὴ
1408 1601 1451 1633 ⁸¹
1501 1598 1916 1671 προηγουμένην
1974 1596 2070 1668 τὴν

402 1698 632 1767 ἀπειλὴν
657 1696 782 1768 δόξῃ
812 1693 1068 1762 εἰσάγειν,
1091 1691 1203 1744 ἀλλ’
1227 1693 1272 1722 ⁸³
1303 1693 1359 1744 ἐν
1383 1688 1534 1753 τάξει
1568 1686 1940 1758 παραινέσεως
1974 1686 2068 1738 καὶ

405 1783 715 1855 συμϐουλῆς
755 1779 1063 1834 κατασείειν
1096 1777 1274 1832 αὐτῶν
1313 1777 1412 1848 τὴν
1440 1775 1698 1829 διάνοιαν.
1725 1773 1772 1806 ⁸⁸
1805 1773 2070 1827 Ἐνταῦθά

406 1888 498 1943 μοι
527 1873 622 1925 καὶ
662 1867 944 1931 Ἰουδαίους
977 1865 1306 1920 αἰνίττεσθαι
1333 1865 1497 1927 δοκεῖ,
1529 1863 1797 1925 τοιούτους
1826 1862 2068 1932 καρποὺς

403 1957 896 2026 ἐπιδεικνυμένους.
945 1954 1037 2007 Διὸ
1075 1955 1170 2006 καὶ
1215 1953 1316 2006 τῶν
1363 1952 1606 2005 Ἰωάννου
1643 1949 1902 2021 ῥημάτων
1941 1948 2072 2001 ὑπέ-

406 2063 598 2117 μνησε,
633 2043 721 2098 διά
751 2042 858 2095 τῶν
891 2042 1069 2094 αὐτῶν
1102 2040 1380 2110 ὀνομάτων
1401 2038 1450 2069 ⁸⁸
1473 2037 1572 2108 τὴν
1598 2036 1867 2108 τιμωρίαν
1888 2037 2072 2101 αὐτοῖς

404 2131 748 2202 ὑπογράψας.
785 2130 893 2183 Kal
924 2129 1032 2200 γάρ
1071 2129 1165 2181 καὶ
1197 2129 1402 2190 ἐκεῖνος
1431 2124 1607 2179 ταῦτα
1642 2125 1848 2194 ἔλεγεν,
1884 2123 2072 2193 ἀξίνης

403 2220 496 2274 καὶ
523 2219 737 2290 δένδρου
763 2215 1097 2287 κοπτομένου
1118 2215 1210 2268 καὶ
1233 2212 1401 2285 πυρὸς
1423 2211 1689 2265 ἀσϐέστου
1719 2210 1855 2282 πρὸς
1878 2210 2073 2275 αὐτοὺς

407 2307 772 2377 μεμνημένος.
821 2305 931 2358 Kal
960 2303 1107 2356 δοκεῖ
1143 2302 1239 2372 μὲν
1276 2301 1372 2371 μία
1413 2317 1496 2363 τις
1537 2295 1677 2353 εἶναι
1722 2299 1980 2370 τιμωρία,
2013 2297 2075 2350 τὸ

405 2391 803 2448 κατακαίεσθαι
824 2405 837 2420 ·
868 2392 916 2442 εἰ
947 2389 1006 2442 δέ
1041 2406 1125 2451 τις
1164 2385 1408 2458 ἀκριϐῶς
1448 2386 1753 2450 ἐξετάσειε,
1793 2384 1886 2438 δύο
1915 2379 2074 2438 αὗται

405 2480 658 2542 κολάσεις
686 2479 841 2531 εἰσίν.
893 2477 952 2530 '0
997 2476 1105 2546 γάρ
1162 2474 1448 2545 καιόμενος
1507 2474 1600 2528 καὶ
1649 2474 1748 2544 τῆς
1801 2472 2074 2544 βασιλείας

406 2566 662 2619 ἐκπίπτει
686 2562 838 2636 [295]
872 2563 1086 2626 πάντως
1108 2579 1122 2592 °
1151 2559 1286 2631 αῦτη
1319 2561 1375 2615 δὲ
1412 2561 1629 2633 ἐκείνης
1655 2559 2009 2633 χαλεπωτέρα
2037 2561 2072 2632 ἡ

406 2652 674 2724 τιμωρία.
711 2652 822 2705 Kal
849 2645 964 2704 οἶδα
1021 2649 1118 2719 μὲν
1159 2651 1242 2702 ὅτι
1286 2647 1472 2702 πολλοὶ
1512 2649 1612 2719 τὴν
1657 2648 1877 2716 γέενναν
1917 2649 2076 2719 μόνον

369 2788 373 2793 .
407 2739 779 2810 πεφρίκασινο
821 2737 931 2804 ἐγὼ
974 2735 1032 2788 δὲ
1070 2735 1168 2806 τὴν
1203 2734 1477 2788 ἔκπτωσιν
1521 2735 1620 2804 τῆς
1663 2733 1820 2804 δόξης
1861 2733 2077 2805 ἐκείνης

407 2828 550 2882 πολύ
578 2828 678 2898 τῆς
705 2828 929 2896 γεέννης
958 2826 1180 2880 κόλασιν
1207 2826 1536 2897 πικροτέραν
1569 2820 1707 2878 εἷναί
1738 2843 1900 2897 φημι.
1932 2827 1994 2879 EE
2018 2826 2074 2879 δὲ

410 2916 488 2988 μὴ
511 2915 734 2970 δυνατὸν
761 2917 1107 2986 παραστῆσαι
1132 2913 1210 2985 τῷ
1232 2914 1393 2984 λόγῳ,
1413 2912 1725 2984 θαυμαστὸν
1750 2913 1922 2966 οὐδέν.
1943 2913 2076 2968 Οὐδὲ

407 3004 519 3074 γάρ
555 3004 710 3073 ῐσμεν
753 3002 976 3056 ἐκείνων
1022 3003 1128 3056 τῶν
1167 3000 1388 3070 ἀγαθῶν
1420 3002 1520 3073 τὴν
1555 3001 1952 3073 μακαριότητα,
1991 3002 2078 3055 ἵνα

409 3092 504 3144 καὶ
545 3090 643 3161 τὴν
688 3089 980 3160 ἀθλιότητα
1020 3088 1122 3161 τὴν
1157 3089 1204 3120 ⁸⁸
1238 3087 1349 3142 ἀπὸ
1390 3091 1492 3160 τῆς
1539 3089 1849 3161 στερήσεως
1900 3088 2080 3143 αὐτῶν

409 3177 596 3246 σαφῶς
648 3177 875 3247 ἰδωμενο
923 3176 1048 3228 ἐπεὶ
1099 3175 1310 3238 Παῦλος
1334 3174 1378 3207 ⁸⁸
1405 3177 1434 3228 ὀ
1473 3173 1646 3229 ταῦτα
1688 3176 1871 3244 σαφῶς
1900 3175 2078 3241 εἰδὼς,

406 3263 547 3320 οἶδεν
574 3266 654 3319 ὅτι
683 3266 743 3319 rb
762 3268 1016 3319 ἐκπεσεῖν
1041 3265 1139 3336 τῆς
1159 3263 1252 3317 τοῦ
1280 3265 1515 3335 Χριστοῦ
1536 3263 1693 3335 δόξης
1722 3263 1939 3318 πάντων
1964 3265 2081 3318 ἐστὶ

407 3351 809 3425 χαλεπώτερον.
832 3353 943 3407 Kal
965 3351 1122 3406 τοῦτο
1145 3351 1189 3383 ⁸⁷
1215 3349 1474 3422 εἰσόμεθα
1490 3350 1632 3416 τότε,
1656 3353 1783 3405 ὅταν
1805 3353 1884 3415 εἰς
1911 3351 2080 3424 αὐτὴν

405 3441 507 3510 τὴν
537 3441 734 3510 πεῖραν
763 3439 1112 3510 ἐμπέσωμεν.

480 3532 551 3596 η’.
597 3525 756 3579 Ἀλλά
798 3528 1006 3596 μήποτε
1055 3525 1214 3578 τοῦτο
1247 3525 1541 3596 πάθοιμεν,
1575 3519 1620 3580 ὦ
1657 3527 1940 3596 μονογενὲς
1984 3526 2078 3580 τοῦ

407 3613 542 3667 Θεοῦ
576 3614 698 3676 παῖ,
743 3613 877 3684 μηδὲ
913 3611 1172 3683 λάϐοιμέν
1206 3613 1338 3666 ποτέ
1372 3631 1495 3668 τινα
1537 3616 1730 3686 πεῖραν
1762 3615 1859 3686 τῆς
1885 3614 2082 3686 ἀνηκέ-

410 3717 538 3754 στου
568 3699 772 3770 ταύτης
811 3698 1106 3762 κολάσεως.
1132 3699 1295 3752 Ὅσον
1327 3700 1437 3771 γάρ
1467 3701 1584 3753 ἐστι
1620 3699 1789 3754 κακὸν
1830 3703 2080 3754 ἐκπεσεῖν

407 3786 517 3840 τῶν
561 3784 782 3853 ἀγαθῶν
811 3785 1054 3851 ἐκείνων,
1082 3785 1268 3855 σαφῶς
1295 3784 1393 3857 μὲν
1423 3786 1595 3839 εἰπεῖν
1631 3787 1730 3839 οὐκ
1772 3786 1880 3839 ἔνι·
1917 3785 2078 3856 πλὴν,

406 3874 482 3936 ὡς
517 3872 582 3926 ἂν
611 3867 719 3934 οἷός
749 3887 808 3924 τε
847 3865 916 3934 ὦ,
954 3871 1210 3942 βιάσομαι
1240 3872 1336 3926 καὶ
1374 3871 1730 3943 φιλονεικήσω
1771 3872 1839 3926 δι’
1871 3873 2083 3927 ὑποδεί-

407 3976 619 4030 γματος
657 3959 786 4028 ὑμῖν
831 3958 964 4011 αὐτὸ
1003 3957 1106 4012 κάν
1136 3959 1279 4012 κατά
1323 3959 1519 4030 μικρὸν
1564 3959 1784 4030 ποιῆσαι
1824 3961 2079 4032 φανερόν.

421 4046 779 4118 ’Υποθώμεθα
808 4047 917 4119 γὰρ
951 4045 1160 4100 παιδίον
1187 4041 1326 4100 εἶναι
1357 4046 1685 4118 θαυμαστὸν,
1705 4049 1798 4101 καὶ
1823 4049 1961 4119 μετά
1980 4049 2081 4121 τῆς

407 4135 610 4207 ἀρετῆς
664 4135 756 4188 καί
799 4134 897 4206 τὴν
932 4133 1209 4204 βασιλείαν
1256 4135 1354 4206 τῆς
1389 4134 1713 4206 οἰκουμένης
1761 4136 1940 4207 ἔχειν,
1985 4140 2080 4192 καὶ

407 4222 580 4286 οὐτως
630 4219 771 4278 εἶναι
829 4223 1082 4294 ἐνάρετον
1131 4222 1441 4293 πανταχοῦ,
1490 4223 1856 4288 ώςδδύνασθαι
1907 4225 2081 4281 ἀπαν-

405 4327 507 4373 τας
529 4310 574 4341 ⁴⁸
605 4311 663 4364 ἐν
692 4310 1046 4382 φιλοστοργίᾳ
1081 4311 1352 4380 πατρικῆς
1392 4311 1730 4383 καταστῆσαι
1765 4312 2076 4379 διαθέσεως.

410 4397 478 4450 Τί
505 4397 684 4451 τοίνυν
709 4400 809 4451 οὐκ
839 4397 906 4451 ἀν
935 4397 1115 4450 οῖεσθε
1142 4397 1234 4450 τὸν
1276 4398 1488 4468 πατέρα
1514 4399 1604 4452 τὸν
1649 4399 1840 4454 τούτου
1884 4400 2077 4456 παθεῖν

410 4485 479 4538 ἂν
505 4483 698 4556 ἡδέως,
726 4483 868 4537 ὥστε
904 4484 980 4556 μὴ
1011 4486 1264 4538 ἐκπεσεῖν
1301 4483 1462 4539 αὐτοῦ
1503 4485 1599 4556 τῆς
1639 4486 1890 4556 ὀμιλίας;
1927 4487 1980 4541 τί
2018 4487 2076 4541 ὣ

407 4571 442 4641 ἢ
488 4571 684 4643 μικρὸν
730 4572 764 4641 ἢ
809 4572 953 4643 μέγα
994 4572 1162 4626 κακὸν
1214 4573 1314 4626 οὐκ
1354 4571 1420 4626 ἂν
1460 4573 1733 4639 δέξασθαι,
1768 4574 1909 4628 ὥστε
1943 4575 2076 4646 όρᾷν

409 4658 506 4712 καὶ
544 4658 834 4712 ἀπολαύειν
865 4659 1064 4725 αὐτοῦ;
1102 4658 1272 4712 Τοῦτο
1317 4658 1495 4713 τοίνυν
1528 4659 1622 4713 καὶ
1659 4659 1752 4712 ἐπὶ
1786 4661 1886 4732 τῆς
1919 4660 2076 4730 δόξης

409 4743 624 4815 ἐκείνης
671 4744 1032 4816 λογιζώμεθα.
1063 4746 1140 4800 Οὐ
1173 4746 1281 4815 γάρ
1309 4745 1452 4800 οὓτω
1486 4747 1656 4820 πατρὶ
1690 4748 1922 4814 παιδίον,
1973 4749 2076 4803 κᾶν

412 4833 672 4903 μυριάκις
725 4833 978 4905 ἐνάρετον
1022 4829 1096 4906 ᾖ,
1151 4834 1395 4888 ποθεινόν
1449 4835 1564 4888 ἐστι
1607 4835 1703 4889 καὶ
1754 4835 2074 4908 ἐπέραστον,

407 4917 483 4981 ὡς
538 4919 647 4972 τῶν
688 4919 909 4988 ἀγαθῶν
959 4921 993 4992 ἡ
1044 4919 1197 4990 λῆξις
1245 4921 1504 4987 ἐκείνων,
1552 4922 1648 4976 καὶ
1700 4922 1762 4976 rb
1814 4923 2076 4978 ἀναλῦσαι

409 5005 505 5059 καὶ
535 5006 633 5061 σὺν
662 5006 881 5078 Χριστῷ
918 5004 1080 5061 εἶναι.
1134 5007 1427 5080 Ἀφόρητον
1463 5009 1558 5062 καὶ
1585 5008 1630 5041 δ’
1659 5011 1695 5080 ἡ
1728 5010 1941 5078 γέεννα,
1981 5011 2078 5066 καὶ

408 5094 444 5164 ὴ
499 5093 719 5157 κόλασις
765 5094 969 5165 ἐκείνη.
1002 5094 1149 5166 Πλὴν
1195 5094 1300 5148 κᾶν
1358 5095 1558 5167 μυρίας
1599 5112 1683 5160 τις
1721 5097 1786 5168 θῇ
1830 5097 2110 5168 γεέννας,·

407 5179 558 5234 οὐδὲν
587 5179 828 5234 τοιοῦτον
874 5181 1010 5252 ἐρεῖ,
1039 5177 1149 5235 οἷον
1185 5181 1246 5235 rb
1275 5181 1377 5252 τῆς
1421 5182 1696 5254 μακαρίας
1726 5183 1883 5256 δόξης
1911 5189 2074 5241 ἐκπεο

409 5269 524 5322 σεῖν
558 5267 790 5340 ἐκείνης,
820 5269 878 5322 rb
910 5269 1207 5341 μισηθῆναι
1230 5271 1384 5342 παρά
1413 5269 1508 5324 τοῦ
1543 5271 1801 5344 Χριστοῦ,
1827 5273 1888 5326 τὸ
1910 5274 2074 5328 ἀκοῦ-

479 5421 525 5453 ⁶⁶
551 5417 646 5494 καὶ
682 5416 838 5472 deest
887 5419 939 5472 in
997 5418 1135 5494 Edd.
1187 5418 1256 5494 _'“
1281 5418 1369 5494 ἕνα
1407 5419 1542 5490 μηδὲ
1672 5420 1758 5494 ἶνα
1794 5420 1853 5473 δὲ
1887 5421 1962 5494 μὴ
1992 5421 2127 5479 Edd.

1171 357 1232 416 S.
1271 356 1560 415 JOANMS
1595 349 2082 411 CIIRYSOSTOMI
2108 347 2426 406 ARCHIEP.
2451 345 2994 406 CONSTANTINOP.

3722 341 3834 399 518

2169 483 2257 520 σαι
2295 467 2377 519 ὅτι
2425 467 2546 520 Οὐκ
2599 462 2732 519 οῖδα
2778 462 2954 535 ὑμᾶς,
2981 463 3046 516 rb
3073 458 3403 532 ἐγκληθῆναι
3439 458 3522 513 ὅτι
3561 457 3838 512 πεινῶντα

2167 555 2330 608 αὐτὸν
2361 553 2558 617 ἰδόντες
2589 552 2690 606 οὐκ
2724 550 3052 626 ἐθρέψαμεν.
3087 550 3195 603 Kal
3222 549 3331 621 γάρ
3367 547 3590 619 μυρίους
3623 545 3839 615 βέλτιον

2168 637 2458 706 ὑπομεῖναι
2497 635 2812 705 κεραυνοὺς,
2850 634 2884 706 ἢ
2913 631 2975 686 rb
3004 632 3290 704 πρόσωπον
3319 631 3495 683 ἐκεῖνο
3521 628 3582 682 rb
3622 629 3842 699 ἥμερον

2171 723 2299 778 ίδεῖν
2331 722 2804 793 ἀποστρεφόμενον
2837 721 3006 791 ἡμᾶς.
3036 720 3132 773 καὶ
3167 717 3258 772 τὸν
3284 717 3517 789 γαληνὸν
3555 715 3840 787 ὀφθαλμὸν

2168 811 2268 866 οὐκ
2305 811 2631 882 ἀνεχόμενον
2656 812 2736 874 εἰς
2765 811 2910 881 ἡμᾶς
2941 807 3178 879 βλέπειν.
3207 807 3270 860 Εἰ
3303 805 3412 876 γάρ
3441 804 3602 869 αὐτὸς
3636 803 3840 876 ἐχθρὸν

2167 897 2296 953 ὄντα
2329 916 2396 970 με
2428 899 2521 953 καὶ
2547 897 2808 970 μισοῦντα
2836 897 2996 952 αὐτὸν
3027 897 3120 950 καὶ
3148 894 3620 965 ἀποστρεφόμενον
3657 891 3840 956 οὕτως

2169 986 2386 1051 ἐδίωξεν
2419 986 2486 1047 ³⁸,
2517 987 2594 1047 ὼς
2647 985 2784 1058 μηδέ
2835 984 3027 1040 ἑαυτοῦ
3063 981 3387 1054 φείσασθαι,
3434 981 3549 1034 ἀλλ’
3583 979 3841 1034 ἐκδοῦναι

2169 1073 2360 1127 ἐαυτὸν
2388 1075 2467 1137 εἰς
2494 1073 2721 1127 θάνατον
2743 1091 2757 1104 ο
2781 1073 2910 1128 ὅταν
2938 1071 3076 1143 μετὰ
3105 1071 3280 1125 πάντα
3308 1072 3489 1124 ἐκεῖνα
3510 1067 3644 1140 μηδὲ
3663 1067 3842 1139 ἄρτου

2169 1161 2332 1214 αὐτὸν
2369 1159 2584 1225 ἀξιώσω
2629 1159 2986 1232 λιμώττοντα,
3022 1160 3196 1223 ποίοις
3225 1157 3408 1212 λοιπὸν
3442 1155 3600 1210 αὐτὸν
3628 1155 3841 1225 ὀφθαλ-

2172 1249 2294 1318 μοῖς
2320 1245 2552 1317 δψομαη
2587 1247 2786 1300 Σκόπει
2819 1245 2876 1298 δὲ
2917 1244 3082 1300 αὐτοῦ
3115 1243 3211 1298 καὶ
3249 1242 3478 1297 ἐνταῦθα
3507 1241 3605 1313 τὴν
3637 1242 3843 1313 ἡμερόο

2168 1350 2327 1405 τητα.
2379 1333 2512 1386 Οὐδὲ
2561 1332 2670 1404 γάρ
2721 1332 2871 1402 λέγει
2907 1333 3007 1396 τάς
3060 1331 3419 1402 εὐεργεσίας,
3457 1329 3564 1383 οὐδ’
3610 1328 3692 1382 δτι
3740 1328 3846 1382 τὸν

2168 1421 2403 1475 τοσαῦτα
2432 1420 2783 1491 ὠφελήσαντα
2809 1420 3074 1492 περιεῖδες
3095 1419 3162 1473 ⁸¹.
3190 1417 3324 1473 Οὐδὲ
3352 1417 3462 1488 γάρ
3479 1416 3626 1484 λέγει
3649 1433 3663 1448 ·
3703 1415 3845 1485 Ἐμὲ

2169 1507 2259 1562 τὸν
2296 1511 2360 1562 ἐκ
2397 1507 2488 1561 τοῦ
2523 1508 2596 1579 μὴ
2633 1507 2783 1572 ὅντος
2816 1510 2896 1570 εἰς
2937 1507 2998 1560 rb
3037 1502 3177 1560 εἷναί
3209 1522 3268 1559 σε
3308 1504 3716 1578 παραγαγόντα,
3745 1502 3845 1555 τὸν

2169 1596 2344 1669 ψυχὴν
2383 1596 2784 1668 ἐμπνεύσαντα,
2825 1595 2919 1650 καὶ
2945 1594 3312 1666 ἐπιστήσαντά
3352 1610 3413 1646 σε
3458 1595 3592 1646 πᾶσι
3636 1595 3750 1656 τοῖς
3779 1592 3846 1644 ἐν

2171 1689 2238 1758 τῇ
2262 1688 2354 1756 γῇ,
2379 1686 2468 1739 τὸν
2492 1685 2578 1740 διά
2601 1685 2661 1738 σὲ
2689 1685 2794 1756 γῆν
2814 1685 2908 1739 καὶ
2929 1683 3154 1756 οὐρανὸν
3176 1683 3267 1736 καὶ
3294 1680 3558 1736 θάλατταν
3584 1679 3679 1733 καὶ
3697 1678 3849 1750 ἀέρα

2175 1775 2271 1827 καὶ
2300 1774 2475 1828 πάντα
2506 1774 2574 1828 τά
2619 1773 2747 1828 ὄντα
2779 1774 3103 1845 ποιήσαντα,
3147 1771 3239 1825 τὸν
3273 1769 3648 1842 ἀτιμασθέντα
3683 1765 3849 1837 παρά

2177 1861 2295 1924 σοῦ,
2323 1863 2414 1915 καὶ
2458 1861 2551 1915 τοῦ
2603 1861 2849 1916 διαϐόλου
2893 1860 3214 1931 ἀτιμότερον
3259 1853 3399 1911 εἶναι
3448 1855 3694 1923 δόξαντα,
3743 1852 3848 1907 καὶ

2179 1949 2314 2020 μηδὲ
2365 1948 2538 2012 οῦτως
2583 1949 2914 2014 ἀποστάντα,
2946 1947 3083 2002 ἀλλά
3116 1945 3286 2019 μυρία
3334 1944 3471 2016 μετά
3502 1941 3674 1996 ταῦτα
3714 1943 3847 1994 ἐπι-

2176 2038 2462 2108 νοήσαντα,
2487 2037 2578 2090 τὸν
2600 2037 2851 2107 ἐλόμενον
2882 2035 3133 2106 γενέσθαι
3152 2033 3356 2096 δοῦλον,
3377 2031 3470 2086 τὸν
3507 2028 3849 2104 ραπισθέντα

2177 2124 2327 2198 [296]
2360 2127 2453 2180 καὶ
2476 2125 2871 2198 ἐμπτυσθέντα,
2896 2125 2986 2179 τὸν
3010 2125 3302 2195 σφαγέντα,
3328 2123 3420 2176 τὸν
3435 2124 3481 2154 ⁵³
3503 2119 3851 2175 ἀποθανόντα

2179 2215 2406 2270 θάνατον
2437 2213 2526 2268 τὸν
2559 2213 2857 2285 αἴσχιστον,
2885 2212 2976 2266 τὸν
3006 2211 3102 2266 καὶ
3133 2213 3248 2266 ἀνω
3277 2211 3418 2282 ὑπὲρ
3454 2207 3548 2262 σοῦ
3581 2207 3856 2277 ἐντυγχά-

2179 2321 2359 2367 νοντα,
2393 2303 2485 2357 τὸν
2524 2301 2745 2373 πνεῦμά
2774 2319 2855 2356 σοι
2903 2300 3259 2374 χαριζόμενον
3281 2339 3296 2364 ,
3325 2299 3416 2353 τὸν
3467 2295 3749 2368 βασιλείας
3784 2310 3852 2347 σε

2179 2389 2574 2456 καταξιοῦντα,
2607 2390 2700 2445 τὸν
2737 2390 2807 2444 τά
2840 2389 2886 2422 ⁸⁸
2923 2387 3146 2443 τοιαῦτα
3199 2385 3699 2457 ἐπαγγελλόμενον,
3750 2381 3854 2435 rbv

2179 2479 2423 2550 κεφαλήν
2471 2495 2564 2532 σου
2599 2477 2926 2549 βουληθέντα
2956 2473 3123 2540 εἶναι,
3161 2477 3255 2530 καὶ
3287 2474 3542 2546 νυμφίον,
3576 2474 3672 2526 καὶ
3711 2470 3852 2540 ἰμά-

2177 2578 2314 2625 τιον,
2356 2561 2452 2616 καὶ
2491 2556 2658 2626 οἰκον,
2693 2561 2788 2614 καὶ
2828 2559 3003 2631 ῥίζαν,
3039 2561 3133 2614 καὶ
3161 2557 3389 2631 τροφὴν,
3419 2557 3512 2610 καὶ
3545 2555 3716 2626 πόμα,
3749 2553 3854 2607 καὶ

2179 2648 2434 2720 ποιμένα,
2471 2651 2566 2702 καὶ
2596 2647 2839 2718 βασιλέα,
2869 2648 2964 2701 καὶ
2990 2647 3238 2716 ἀδελφὸν,
3265 2644 3358 2700 καὶ
3383 2643 3718 2716 κληρονόμον
3747 2641 3854 2694 καὶ

2183 2735 2622 2807 συγκληρονόμον
2653 2751 2712 2788 σε
2746 2736 3024 2806 ἑλόμενον,
3059 2735 3149 2789 τὸν
3176 2735 3284 2790 ἀπὸ
3319 2733 3545 2794 σκότους
3580 2732 3660 2794 εἰς
3694 2729 3854 2796 ἐξουά

2182 2824 2301 2878 σίαν
2333 2824 2508 2894 φωτὸς
2537 2825 2830 2893 ἀγαγόντα.
2870 2824 3057 2878 Ταῦτα
3095 2823 3201 2894 γάρ
3248 2822 3341 2876 καὶ
3383 2820 3603 2874 πλείονα
3635 2817 3854 2872 τούτων

2181 2911 2320 2982 ἔχων
2361 2914 2556 2977 εἰπεῖν,
2585 2912 2738 2966 οὐδὲν
2764 2911 2970 2965 τούτων
3008 2911 3184 2977 λέγει’
3215 2908 3351 2964 ἀλλά
3377 2907 3430 2960 τί
3448 2924 3464 2973 ;
3498 2906 3676 2960 Μόνον
3712 2904 3856 2958 αὐτὸ

2180 3001 2241 3053 rb
2265 2999 2313 3032 “
2341 2999 2664 3070 ἁμάρτημα.
2699 2999 2810 3053 Kal
2855 2998 3087 3054 ἐνταῦθα
3120 2998 3166 3030 ⁸³
3197 2997 3436 3052 δείκνυσι
3470 2994 3566 3066 τὴν
3597 2992 3854 3063 ἀγάπην,

2179 3087 2276 3142 καὶ
2316 3087 2408 3141 τὸν
2462 3087 2624 3140 πόθον
2657 3086 2716 3140 ὃν
2751 3085 2862 3157 ἔχει
2906 3086 3035 3158 περὶ
3080 3086 3140 3139 σὲ
3170 3085 3523 3139 ἐνδείκνυται.
3553 3080 3689 3135 Οὐδὲ
3734 3081 3854 3152 γάρ

2179 3170 2321 3238 εἷπε,
2347 3172 2648 3244 Πορεύεσθε
2680 3174 2759 3236 είς
2781 3172 2842 3226 rb
2874 3171 2984 3244 πῦρ
3003 3171 3062 3225 rb
3093 3169 3490 3242 ἡτοιμασμένον
3509 3169 3658 3240 ὑμῖν,
3684 3166 3852 3233 ἀλλά,

2184 3263 2255 3319 Τὸ
2277 3264 2720 3333 ἡτοιμασμένον
2747 3262 2794 3296 ³⁸
2827 3261 2908 3328 τῷ
2934 3262 3208 3330 διαϐόλῳ.
3243 3263 3352 3315 Kal
3391 3262 3652 3333 πρότερον
3695 3260 3854 3328 λέγει

2177 3349 2214 3404 ἀ
2255 3351 2519 3422 ἠδίκησαν
2541 3390 2556 3416 ,
2602 3350 2698 3404 καὶ
2735 3351 2856 3404 οὐδὲ
2887 3350 3055 3414 οὓτως
3097 3350 3356 3422 ὑπομένει
3407 3350 3581 3404 πάντα
3632 3352 3852 3414 εἰπεῖν,

2179 3437 2294 3493 ἀλλ’
2327 3438 2500 3508 ὀλίγα.
2527 3439 2638 3493 Kal
2663 3439 2768 3510 πρὸ
2799 3438 3001 3493 τούτων
3028 3440 3268 3504 ἐκείνους
3288 3439 3444 3492 καλεῖ
3471 3439 3598 3502 τούς
3633 3455 3856 3509 κατωρ-

2180 3527 2444 3593 θωκότας,
2471 3527 2558 3581 ἴνα
2585 3527 2732 3600 δείξῃ
2759 3529 2851 3581 καὶ
2883 3526 3130 3581 ἐντεῦθεν
3161 3527 3344 3582 δίκαια
3371 3526 3636 3595 ἐγκαλῶν.
3663 3526 3854 3595 Πόσης

2178 3609 2271 3670 οὗν
2301 3615 2573 3680 κολάσεως
2599 3615 2667 3670 τά
2689 3617 2910 3688 ῥήματα
2934 3615 3105 3670 ταῦτα
3132 3616 3192 3668 οὐ
3224 3615 3609 3686 χαλεπώτερα;
3639 3615 3704 3668 Εἰ
3735 3614 3855 3685 γάρ

2179 3701 2460 3772 ἄνθρωπόν
2501 3701 2546 3734 ⁸⁷
2583 3719 2668 3766 τις
2709 3701 3001 3773 εὐεργέτην
3051 3701 3390 3772 λιμώττοντα
3435 3701 3593 3768 ἰδὼν,
3632 3702 3733 3756 οὐκ
3778 3701 3854 3755 ἂν

2180 3788 2412 3858 περιῒδοι
2433 3805 2450 3820 ο
2480 3789 2529 3841 εἰ
2568 3788 2627 3842 δὲ
2662 3788 2760 3842 καὶ
2800 3789 3052 3860 περιῖδοι,
3087 3788 3474 3859 ὀνειδιζόμενος
3503 3789 3680 3842 ἐλοιτο
3710 3789 3854 3859 μᾶλ-

2179 3874 2271 3928 λον
2294 3877 2341 3908 ⁸⁸
2360 3876 2654 3930 καταδῦναι
2685 3878 2764 3941 είς
2787 3876 2886 3948 τὴν
2907 3878 3030 3949 γῆν,
3059 3878 3093 3948 ἢ
3122 3877 3215 3930 ἐπὶ
3246 3877 3338 3930 δύο
3359 3877 3392 3949 ἢ
3415 3879 3460 3909 ⁵⁸
3484 3877 3651 3948 τριῶν
3674 3876 3855 3946 φίλων

2177 3963 2355 4017 ταῦτα
2381 3963 2614 4018 ἀκοῦσαι
2633 3981 2646 3997 ο
2664 3965 2718 4018 τί
2747 3965 3048 4036 πεισόμεθα
3076 3966 3235 4036 ἡμεῖς
3265 3965 3357 4018 ἐπὶ
3389 3965 3489 4037 τῆς
3519 3965 3853 4035 οἰκουμένης

2181 4051 2398 4122 ἀπάσης
2425 4052 2597 4107 ταῦτα
2624 4051 2928 4118 ἀκούοντες,
2953 4053 3093 4126 άπερ
3117 4052 3226 4107 οὐδ’
3255 4052 3321 4106 ἂν
3341 4052 3461 4106 τότε
3484 4047 3664 4122 εἷπεν,
3687 4054 3736 4105 εἰ
3767 4052 3853 4124 μὴ

2179 4136 2322 4208 ὑπὲρ
2363 4137 2472 4190 τῶν
2519 4138 2643 4191 καθ’
2687 4138 2877 4192 ἐαυτὸν
2910 4138 3348 4210 ἀπολογήσασθαι
3388 4138 3680 4204 ἐσπευὼνς
3721 4139 3852 4192 Ὀτι

2181 4222 2290 4294 γάρ
2321 4223 2419 4276 οὐκ
2444 4223 2716 4288 ὀνειδίζων
2737 4223 2878 4279 αὐτά
2901 4225 3218 4296 προέφερεν.
3248 4225 3364 4278 ἀλλ’
3387 4224 3852 4294 ἀπολογούμενος,

2180 4310 2275 4362 καὶ
2303 4308 2442 4380 ὐπέρ
2468 4308 2562 4362 τοῦ
2592 4309 2761 4375 δεῖξαι
2786 4299 2865 4363 ὅτι
2887 4311 2946 4364 οὐ
2979 4295 3154 4382 μάτην
3181 4311 3300 4365 οὐδὲ
3331 4310 3452 4380 εἰκῆ
3480 4311 3615 4381 πρὸς
3644 4295 3852 4376 αὐτούς

2179 4395 2352 4465 ἐλεγε,
2375 4399 2710 4466 Πορεύεσθε
2736 4398 2840 4454 ἀπ’
2866 4398 3032 4470 ἐμοῦ,
3049 4399 3206 4471 δῆλον
3227 4401 3290 4453 ἐκ
3317 4399 3424 4454 τῶν
3439 4400 3662 4469 ἀφάτων
3687 4401 3853 4471 εὐερσ

2176 4484 2394 4555 γεσιῶν.
2441 4485 2505 4540 Εἰ
2555 4484 2664 4557 γάρ
2701 4485 2955 4541 ἐϐούλετο
3008 4488 3282 4554 ὀνειδίσαι,
3323 4489 3502 4545 πάντα
3553 4487 3621 4542 ἂν
3660 4490 3854 4550 ἐκεῖνα

2177 4575 2258 4636 εἰς
2284 4572 2449 4644 μέσον
2477 4573 2680 4644 ῆγαγεο
2712 4575 2829 4628 νυνὶ
2853 4575 2908 4629 δὲ
2938 4575 3082 4646 άπερ
3113 4575 3280 4631 ἔπαθε
3306 4576 3454 4645 λέγει
3481 4577 3661 4647 μόνον.

2247 4660 2314 4716 θ’.
2352 4659 2681 4732 Φοϐηθῶμεν
2705 4663 2902 4726 τοίνυν,
2925 4665 3218 4736 ἀγαπητοὶ,
3242 4666 3303 4717 rb
3325 4663 3498 4718 ταῦτα
3517 4663 3747 4718 ἀκοῦσαι
3772 4664 3850 4719 ra

2179 4746 2420 4816 ῥήματα.
2436 4747 2552 4801 Οὐκ
2577 4747 2691 4801 ἐστι
2711 4750 2965 4819 παίγνιον
2982 4753 3011 4804 ὀ
3033 4750 3166 4820 βίοςο
3188 4750 3387 4820 μᾶλλον
3407 4749 3463 4803 δὲ
3478 4753 3508 4804 ὁ
3527 4750 3624 4821 μὲν
3647 4749 3847 4820 παρὼν

2179 4831 2292 4902 βίος
2321 4833 2590 4902 παίγνιον,
2627 4834 2697 4889 τὰ
2711 4837 2767 4890 δὲ
2791 4836 3052 4908 μέλλοντα
3091 4837 3153 4890 οὐ
3184 4837 3430 4906 παίγνια.
3463 4837 3614 4907 Τάχα
3639 4836 3696 4889 δὲ
3717 4837 3848 4890 οὐδὲ

2177 4915 2426 4983 παίγνιον
2456 4919 2614 4988 μόνον
2642 4921 2671 4973 ὁ
2694 4919 2826 4988 βίος,
2849 4920 2986 4974 ἀλλά
3011 4921 3106 4974 καὶ
3131 4921 3321 4974 τούτου
3348 4923 3528 4992 χεῖρον
3551 4920 3616 4974 “°.
3631 4921 3704 4974 Οὐ
3730 4921 3849 4991 γὰρ

2177 5002 2258 5064 είς
2279 5001 2492 5071 γέλωτα
2518 5004 2762 5080 τελευτᾷ,
2792 5005 2927 5060 ἀλλά
2969 5007 3064 5060 καὶ
3093 5005 3291 5077 πολλὴν
3329 5007 3484 5076 φέρει
3509 5005 3608 5078 τὴν
3637 5005 3850 5076 βλάϐην

2178 5093 2289 5154 τοῖς
2309 5092 2383 5162 μὴ
2413 5092 2549 5163 μετά
2564 5095 2844 5166 ἀκριϐείας
2863 5094 2931 5148 τά
2953 5095 3075 5152 καθ’
3093 5096 3317 5157 ἐαυτοὺς
3337 5096 3638 5164 οἰκονομεῖν
3660 5083 3850 5164 βουλος

2180 5180 2380 5251 μένοις.
2409 5182 2473 5236 Τί
2495 5185 2602 5255 γάρ
2632 5184 2859 5248 παίδων,
2888 5187 3010 5239 είπέ
3049 5202 3160 5258 μοι,
3189 5184 3552 5255 διεστήκαμεν
3583 5170 3692 5238 τῶν
3715 5201 3851 5238 παιο

2178 5266 2380 5332 ζόντων
2403 5271 2498 5324 καὶ
2524 5273 2702 5338 οἰκίας
2734 5273 3158 5345 οἰκοδομούντων
3187 5274 3350 5344 ἡμεῖς
3375 5272 3427 5324 οί
3449 5270 3550 5335 τάς
3583 5270 3850 5342 λαμπράς

2201 5424 2248 5460 ⁸³
2277 5421 2413 5490 ἀλλ’]
2445 5419 2535 5476 Sic
2570 5421 2630 5474 Β.
2667 5421 2728 5476 C.
2766 5419 2826 5474 E.
2855 5428 2911 5476 et
2947 5437 3029 5490 pr.
3061 5420 3124 5474 D.
3160 5421 3254 5490 καὶ
3286 5418 3356 5490 Ἐ.
3388 5417 3503 5490 ἀλλξ
3541 5432 3649 5470 om.
3676 5417 3750 5490 _A.
3784 5427 3850 5490 οι

408 5505 552 5562 corr,
587 5490 647 5562 Ο.
677 5503 736 5562 p._
764 5503 817 5558 ι).
846 5489 1150 5562 κατασείειν
1171 5489 1248 5562 ΑΒ.
1271 5489 1334 5545 C.
1365 5487 1423 5544 ei
1444 5487 1541 5562 Apr.
1574 5490 1638 5544 D.
1673 5491 1832 5562 νυίεο
1875 5487 2075 5546 κατασε

2247 5497 2295 5528 ⁸³
2325 5487 2776 5562 ΗΘΙΚΟΝηὮετι
2829 5487 3006 5562 χεῖρον
3032 5491 3134 5562 τῆς
3169 5487 3442 5562 κολάσεώς
3476 5488 3598 5562 ἐστι
3640 5487 3848 5562 τὸῂτῆς

412 5559 689 5629 βασιλείας
721 5559 992 5611 ἐκπεσεῖν·
1034 5560 1130 5612 καὶ
1164 5560 1249 5613 ὅτι
1293 5562 1322 5613 ὀ
1367 5559 1620 5632 ἐνάρετος
1669 5559 1788 5629 βίος
1821 5559 2071 5634 λαμπρὸν
2097 5565 2368 5628 ἀποτελεῖ,
2399 5563 2460 5615 οὐ
2527 5564 2556 5615 ὁ
2587 5561 2813 5624 πλοῦτος
2830 5559 2990 5630 itali]

412 5631 478 5684 Α.
513 5630 572 5684 Β.
648 5628 694 5660 ⁸⁸
716 5625 812 5685 τὴν
841 5629 994 5683 deest
1021 5629 1076 5682 in
1100 5630 1258 5685 codd.
1291 5639 1486 5685 οτιιιιει·
1517 5629 1578 5682 E.
1608 5645 1660 5685 ι).
1698 5645 1752 5685 n.
1791 5631 1968 5684 αὐτῶν
2004 5648 2114 5685 om.
2143 5636 2202 5685 Β.
2229 5636 2289 5685 F.
2365 5632 2411 5665 “
2433 5579 2682 5685 είδῶιιεν·
2710 5631 2833 5684 ἐπεὶ
2859 5632 2953 5684 καὶ
2984 5631 2990 5683 l

1539 5629 1660 5700 Bap.
1698 5645 1752 5700 ι).
1791 5629 2114 5700 αὐτῶνόιη.
2143 5636 2202 5689 Β.
2229 5636 2289 5689 F.
2365 5632 2411 5665 “
2433 5629 2547 5685 εἰδιῖ

409 5625 494 5710 λ..
636 5628 694 5710 ξ’
716 5625 1076 5710 τὴν-ιιεεξεικίιι
1100 5630 1259 5710 (ιοιωζ
1291 5625 1486 5710 ρι’ξιζιειῖ
1510 5629 1660 5710 .E._p_.

3023 5557 3309 5614 δυναστεία
3333 5562 3399 5612 Α.
3474 5557 3524 5588 ⁸⁸
3555 5557 3852 5626 νοημάτων

2563 5648 2682 5703 μενο
2709 5631 2833 5703 ἐπε).
2859 5632 2962 5703 καί.-
2979 5626 3191 5703 Παῦὶρς
3225 5629 3370 5703 [Stich
3436 5628 3481 5658 "
3506 5626 3695 5703 τοῦτοί-
3713 5629 3843 5683 add.

410 5695 849 5775 galjaglilﬂdd.
926 5699 972 5730 ⁵⁸
994 5697 1261 5775 ἀπαντας]
1293 5695 1425 5775 ἀόᾴι
1463 5695 1777 5775 αὐ-τῷίΕίίά.
1853 5699 2054 5775 δ’ᾍκαὶ]

2177 5705 2320 5775 νγάρ
2349 5703 2444 5758 καὶ
2469 5695 2576 5775 _'
2605 5703 2652 5734 ⁵⁸
2666 5699 2880 5775 ἐδίωξε]
2910 5700 3000 5775 Sig
3024 5699 3083 5775 B_.
3116 5700 3178 5775 E_.
3219 5699 3501 5775 (ἓοηΑιΊΞι.
3526 5695 3847 5775 ἐδεξιώσατο

411 5766 966 5860 ἁοβξζυμὲιιάῖεησξι
995 5767 1060 5860 ‘1‘;
1207 5766 1485 5860 ίεὲεεεεῖδξξ
1519 5766 1659 5860 ιὲείειίι
1683 5785 1826 5860 ρ-,ιιλ
1859 5771 1968 5860 ιέιρ
1997 5766 2075 5826 of"

2177 5766 2334 5860 ις
2452 5766 2898 5860 ’ξόνῖλιαὶιιέᾱάελ
2945 5769 3092 5860 "Mra
3139 5771 3292 5860 (ἱερεῖ
3325 5770 3392 5860 in2
3427 5766 3560 5851 E'dd.
3637 5767 3683 5798 “
3711 5769 3846 5860 αὐξὸ

540 5840 602 5916 rb
636 5838 770 5916 αὐτὸ
799 5839 862 5892 Ι).
902 5839 963 5891 rb
1001 5841 1194 5916 allio-1
1214 5841 1283 5916 Β.
1313 5838 1374 5894 C.
1423 5840 1484 5916 rb
1521 5838 1701 5916 αὐτῶν
1739 5838 1801 5894 [ετ.
1873 5838 2206 5916 ⁵[ἐνταῦθα]
2233 5845 2356 5900 add.
2377 5844 2436 5916 δὲ
2466 5844 2524 5900 Ε.
2549 5838 2678 5916 ’Καῖ
2707 5841 2941 5916 ἐνταῦθα
2956 5841 3029 5916 *δὲ

415 5907 547 5981 M65
569 5907 902 5981 ἐνδείκνυται
927 5924 1055 5981 om.”
1072 5909 1132 5964 C.
1163 5911 1566 5981 D.__faventibus
1595 5909 1829 5981 Interpp.

3075 5840 3336 5912 μεγίστην
3369 5837 3611 5912 dixit"!!!
3647 5838 3740 5912 κεῖ
3777 5840 3842 5912 E-

1907 5913 1963 5986 '_‘_
1985 5913 2045 5986 τὸ
2081 5906 2480 5986 ἠτοὶμασμένον
2504 5913 2744 5986 οιιικΑε⁸
2762 5911 2820 5966 Β.
2956 5912 3018 5986 D_.
3077 5906 3462 5986 “⁸⁷-ἀνθρώπων
3484 5908 3549 5962 Α.
3582 5906 3641 5962 Β.
3679 5908 3741 5966 C.
3776 5909 3844 5978 Ε..

427 5979 475 6012 ⁸⁸
500 5977 615 6034 ἀλλ’
645 5977 800 6034 ὀνειδ.
826 5977 995 6032 Ξλοιτο
1032 5978 1096 6035 ἂν
1129 5999 1187 6046 μ.
1219 5979 1280 6046 F.
1356 5982 1400 6014 ⁸⁹
1427 5979 1486 6048 ἧι
1517 5981 1609 6034 καὶ
1634 5981 1696 6037 Ε.
1737 5977 1895 6048 ἰγκαί
1923 5982 2058 6041 Edd.
2097 5977 2218 6041 Mox'
2240 5977 2458 6050 ἁπάσης
2483 6001 2592 6043 om.
2618 5984 2678 6040 Β.
2708 5982 2768 6038 ι’.
2842 5983 2888 6015 ⁸ο
2912 5981 3108 6056 χείρων
3133 5981 3203 6038 υ.
