4038 6364
249 334 357 387 317

242 448 392 502 enim
443 446 623 504 dicere
663 446 873 519 possis,
901 445 1309 504 Circumventus
1337 459 1456 501 sum
1485 453 1643 515 atque
1682 442 1847 500 dece-

246 546 369 608 ptus
399 557 413 593 :
444 553 567 592 nam
594 546 898 593 accuratam
925 537 1019 593 tibi
1045 535 1168 593 dedi
1194 552 1260 592 ex
1286 537 1538 606 operibus
1564 536 1802 590 notitiam
1827 577 1845 602 ,

245 632 444 703 jubens
472 646 567 701 per
592 630 737 700 ipsos
756 637 906 685 actus
922 628 1237 699 procedere,
1257 643 1430 697 neque
1446 627 1622 682 omnia
1648 635 1848 682 temere

251 723 488 777 turbare.
519 719 722 775 Deinde
746 720 871 790 quia
897 734 1002 774 non
1027 733 1120 774 eos
1142 718 1323 774 ulcisci
1342 719 1515 789 jussit,
1539 718 1633 773 sed
1659 733 1848 773 cavere

246 813 444 868 abillis
461 821 519 866 ut
534 827 628 867 eos
643 813 732 881 qui
749 811 817 865 ab
836 811 941 865 illis
964 810 1287 867 laederentur
1312 811 1634 874 consoletur,
1659 810 1847 865 simul-

247 920 351 975 que
376 912 433 959 ut
455 903 712 959 laedentes
739 903 1008 958 deterreat
1027 911 1082 957 et
1099 903 1149 955 in
1169 901 1388 957 meliora
1405 910 1700 962 convertat,
1728 915 1846 972 poe-

250 1012 371 1051 nam
390 997 461 1052 ab
477 1011 537 1051 se
556 996 683 1067 ipsis
704 994 1042 1066 infligeudam
1064 995 1248 1050 statuit
1273 1004 1328 1050 et
1353 994 1600 1061 firmavit,
1631 993 1845 1049 dicens:

250 1091 335 1146 19.
358 1090 545 1144 Omnis
558 1088 728 1156 arbor,
740 1104 853 1159 quae
865 1104 964 1142 non
977 1088 1101 1159 facit
1114 1091 1334 1159 fructum
1350 1087 1556 1153 bonum,
1570 1088 1846 1154 excidatur,

246 1194 293 1236 et
335 1184 391 1236 in
433 1183 603 1253 ignem
629 1182 870 1235 mittetur.
900 1179 1102 1236 Deinde
1128 1194 1433 1235 sermonem
1460 1179 1847 1250 aliquantulum

249 1283 583 1342 temperans,
603 1272 810 1326 intulit:
826 1270 917 1327 20.
937 1270 1105 1342 Igitur
1132 1286 1196 1325 ea:
1211 1270 1458 1342 fructibus
1478 1287 1645 1325 eorum
1661 1288 1849 1342 cogno-

247 1365 395 1418 scetis
415 1380 524 1419 eos.
543 1363 623 1419 Ne
637 1372 813 1419 autem
830 1362 1299 1418 comminationem
1324 1363 1553 1418 maxime
1578 1362 1849 1418 videretur

250 1454 532 1519 inducere,
552 1455 702 1524 quasi
726 1469 818 1524 per
829 1452 1247 1508 admonitionem
1263 1462 1317 1508 et
1339 1454 1621 1508 consilium
1643 1454 1850 1509 videtur

251 1544 466 1601 illorum
497 1547 734 1600 animum
763 1560 1002 1601 movere.
1033 1544 1130 1600 llic
1154 1560 1282 1600 vero
1310 1545 1436 1600 mihi
1465 1546 1678 1602 Judacos
1714 1547 1849 1602 sub-

250 1636 493 1693 indicare
525 1637 753 1706 videtur,
790 1638 881 1708 qui
915 1636 1046 1692 tales
1077 1635 1418 1707 proferebant
1454 1637 1675 1692 fructus.
1700 1637 1852 1693 Ideo-

248 1744 352 1799 que
376 1727 606 1783 Joannis
630 1726 770 1782 dicta
801 1727 1136 1793 memoravit,
1159 1742 1256 1797 per
1282 1728 1467 1783 eadem
1496 1728 1605 1798 ipsa
1637 1731 1850 1785 nomina

251 1819 577 1889 supplicium
608 1818 713 1874 illis
737 1818 1065 1874 describens.
1095 1817 1229 1873 Nam
1258 1826 1310 1873 et
1340 1818 1428 1874 ille
1464 1817 1578 1874 haec
1605 1819 1848 1887 dicebat,

252 1912 488 1967 securim
510 1952 527 1977 ,
557 1911 804 1967 arborem
839 1910 1188 1966 excidendam
1219 1918 1273 1965 et
1301 1912 1474 1981 ignem
1505 1911 1853 1982 ineXstingui-

251 2001 419 2058 bilem
459 2002 564 2057 illis
597 2017 1028 2057 commemorans
1055 1999 1269 2074 (Matth.
1298 2003 1351 2057 5.
1385 2002 1495 2072 10).
1529 2002 1854 2073 Videtur-que

252 2110 356 2148 una
399 2104 605 2148 tantum
646 2108 801 2163 pinna
843 2108 998 2159 esse,
1029 2109 1221 2163 nempe
1259 2094 1598 2160 combustio;
1633 2096 1677 2149 si
1725 2110 1854 2149 vero

251 2186 374 2255 quis
427 2189 544 2241 haec
585 2194 831 2240 accurate
861 2185 1140 2255 exploret,
1168 2184 1363 2255 duplex
1406 2185 1493 2241 hic
1534 2186 1853 2257 supplicium

251 2285 355 2332 est.
379 2276 517 2331 Nam
543 2278 632 2346 qui
657 2275 1006 2341 comburitur,
1025 2291 1054 2329 a
1078 2290 1241 2346 regno
1263 2276 1459 2331 excidit
1480 2277 1717 2343 omnino;
1741 2277 1855 2333 bibe

253 2384 384 2422 vero
413 2384 574 2439 paena
602 2368 773 2437 major
798 2378 901 2423 est.
927 2368 1060 2423 Novi
1098 2377 1247 2424 certe
1281 2370 1476 2425 multos
1500 2385 1565 2424 ex
1594 2369 1855 2440 gehennae

253 2470 464 2515 tantum
496 2461 712 2515 nomine
740 2460 961 2515 horrere
986 2477 1002 2525 ;
1029 2474 1127 2531 ego
1157 2468 1331 2515 tamen
1363 2461 1531 2515 multo
1554 2460 1857 2531 graviorem

254 2569 376 2609 esse
405 2568 623 2623 poenam
649 2552 787 2608 duco
806 2567 835 2606 a
861 2552 1026 2624 gloria
1056 2552 1146 2607 illa
1171 2552 1438 2620 excidere,
1467 2569 1625 2624 quam
1655 2553 1858 2626 gehen-

252 2660 379 2699 nam
402 2643 589 2699 subire
606 2645 647 2700 '.
670 2642 724 2699 Si
747 2658 874 2699 vero
894 2643 947 2698 id
970 2658 1073 2698 non
1094 2645 1263 2715 possit
1283 2659 1531 2699 sermone
1548 2645 1857 2713 monstrari,

252 2737 388 2792 nihil
431 2740 647 2792 mirum.
673 2736 857 2808 Neque
893 2738 1037 2793 enim
1069 2738 1311 2792 novimus
1343 2738 1605 2793 bonorum
1643 2738 1857 2792 illorum

253 2830 668 2896 beatitudinem,
692 2840 747 2885 ut
769 2829 988 2901 perditae
1005 2830 1171 2901 ipsius
1195 2830 1467 2884 miseriam
1492 2829 1854 2885 aestimemus:

253 2922 526 2991 siquidem
557 2922 754 2976 Paulus
786 2963 802 2989 ,
826 2937 914 2991 qun
940 2921 1056 2976 haec
1086 2920 1251 2991 probe
1272 2928 1513 2987 noverat,
1538 2920 1741 2976 sciebat
1764 2936 1861 2976 ex-

252 3013 441 3068 cidere
468 3029 499 3068 e
526 3013 695 3083 gratia
722 3010 922 3067 Christi
944 3026 1055 3067 rem
1077 3025 1198 3067 esse
1222 3011 1462 3065 omnium
1487 3010 1859 3081 gravissimam

254 3103 405 3170 (Gal.
440 3104 495 3160 ὕ.
530 3104 607 3175 4).
641 3104 707 3158 Et
733 3103 835 3158 hoc
863 3117 963 3157 nos
991 3117 1204 3173 quoque
1245 3101 1513 3170 sciemus,
1541 3116 1667 3156 cum
1690 3102 1746 3157 in
1774 3102 1856 3157 rei

254 3198 691 3268 experimentum
722 3196 1086 3251 inciderimus.

331 3292 386 3346 8.
412 3289 674 3357 Quantum
701 3290 766 3343 sit
800 3288 988 3342 malum
1018 3287 1245 3343 excidere
1269 3303 1301 3341 a
1326 3302 1479 3358 regno
1511 3285 1606 3341 Dei
1629 3286 1860 3355 exemplo

255 3383 615 3438 adumbratur.
640 3379 866 3435 Christus
895 3379 1037 3449 nobis
1074 3380 1245 3433 omnia
1278 3386 1369 3433 est.
1397 3408 1467 3419 —
1492 3376 1599 3433 Sed
1632 3376 1766 3433 faxis
1792 3390 1861 3432 ne

256 3477 363 3532 hoc
394 3477 683 3546 patiamur,
707 3490 739 3529 ο
766 3473 1036 3544 unigenite
1063 3472 1159 3528 Dei
1190 3472 1312 3538 Fili,
1337 3486 1513 3542 neque
1542 3469 1860 3526 intolerandi

256 3570 419 3625 istius
484 3567 730 3638 supplicii
788 3581 1040 3637 umquam
1089 3565 1515 3636 experimentum
1566 3578 1858 3620 sumamus.

256 3660 538 3728 Quantum
560 3660 703 3714 enim
730 3660 799 3714 sit
827 3658 1024 3712 malum
1053 3672 1081 3711 a
1108 3657 1264 3713 bonis
1291 3657 1397 3712 illis
1423 3656 1693 3722 excidere,
1717 3655 1862 3710 clare

257 3752 515 3822 cognosci
539 3750 740 3821 nequit.
766 3750 1012 3804 Attamen
1031 3765 1128 3820 pro
1151 3747 1286 3801 virili
1310 3762 1424 3803 mea
1449 3746 1685 3802 conabor
1703 3755 1862 3815 atque

258 3842 609 3909 contendam,
629 3842 729 3897 hoc
748 3840 899 3896 vobis
924 3856 1018 3910 per
1043 3840 1346 3911 exemplum
1377 3839 1569 3893 saltem
1597 3837 1859 3892 tantillum

257 3947 588 3990 monstrare.
620 3933 994 4003 Supponamus
1020 3946 1139 3988 esse
1167 3932 1400 4002 puellum
1424 3932 1740 3997 mirabilem,
1771 3931 1862 4001 qui

257 4030 462 4083 virtute
490 4026 690 4082 ﬂorens
727 4025 886 4082 totius
912 4025 1071 4079 etiam
1102 4025 1248 4079 orbis
1274 4025 1556 4094 imperium
1582 4024 1860 4089 obtineat,

260 4129 522 4191 tantaque
548 4120 743 4173 virtute
764 4118 1065 4188 praeditum,
1091 4126 1148 4171 ut
1168 4117 1336 4187 p0ssit
1358 4117 1598 4171 omnium
1616 4114 1863 4171 affectum

260 4213 314 4267 in
342 4226 405 4267 se
432 4213 507 4266 ita
533 4225 874 4266 commovere
895 4251 910 4274 ,
945 4219 1002 4264 ut
1030 4208 1265 4263 universi
1300 4208 1453 4262 illum
1483 4216 1705 4278 paterno
1738 4207 1862 4261 dili-

238 4300 392 4376 gant
420 4318 629 4359 amore.
664 4302 801 4369 Quid
833 4318 942 4356 non
972 4302 1168 4371 putatis
1196 4312 1401 4371 patrem
1424 4300 1541 4370 ejus
1581 4314 1863 4369 passurum

263 4412 407 4463 esse,
442 4411 513 4450 ne
540 4394 659 4449 talis
684 4394 777 4449 ﬁlii
808 4394 1045 4463 privetur
1063 4391 1504 4462 colloquio?quid
1530 4402 1620 4446 aut
1645 4406 1865 4461 parvum
1904 4429 1917 4444 .

264 4500 356 4543 aut
384 4503 641 4557 magnum
675 4487 797 4540 mali
826 4500 931 4540 non
962 4493 1332 4554 suscepturum
1353 4526 1368 4550 ,
1398 4494 1455 4538 ut
1479 4483 1627 4538 illum
1653 4482 1863 4547 videat,

266 4582 473 4652 illoque
504 4579 849 4650 perfruatur?
870 4578 984 4634 Hoc
1011 4579 1170 4648 igitur
1189 4585 1243 4633 et
1268 4576 1335 4632 de
1359 4576 1527 4644 gloria
1551 4576 1640 4631 illa
1667 4576 1866 4646 cogites

268 4688 412 4729 mus.
438 4672 621 4742 Neque
650 4671 794 4726 enim
822 4669 961 4725 filius
986 4669 1316 4741 quantalibet
1341 4668 1537 4722 virtute
1561 4666 1864 4734 decoretur,

269 4767 343 4821 ita
368 4765 512 4835 patri
539 4762 914 4819 desiderabilis
937 4772 991 4818 et
1014 4761 1259 4816 amabilis
1283 4768 1385 4825 est,
1411 4770 1468 4814 ut
1493 4767 1691 4813 sortem
1725 4758 1866 4812 illam

271 4859 540 4913 bonorum
588 4855 832 4926 accipere
856 4895 872 4921 ,
899 4869 962 4909 ac
1000 4851 1233 4918 resolvi,
1265 4860 1320 4906 et
1347 4864 1466 4906 esse
1492 4864 1612 4904 cum
1654 4847 1869 4903 ChriSto

238 5007 249 5037 ι
272 4950 537 5022 (Philipp.
561 4950 614 5005 l.
634 4948 754 5018 25).
778 4946 1134 5001 lntolerabilis
1159 4943 1355 5037 quippe
1376 4951 1463 5037 est
1488 4940 1574 5037 illa
1601 4938 1866 5012 gehenna,

273 5047 474 5116 illaque
502 5057 678 5113 pmna.
705 5043 953 5095 Attamen
984 5037 1108 5093 licet
1134 5036 1278 5091 mille
1300 5034 1419 5106 quis
1447 5032 1717 5104 gehennas
1744 5047 1870 5099 pro-

273 5136 557 5208 posuerit,
589 5134 718 5187 nihil
750 5133 853 5187 tale
880 5131 1119 5187 dicturus
1148 5136 1263 5193 est,
1292 5125 1448 5196 quale
1485 5132 1570 5181 est
1605 5138 1672 5179 ex
1716 5123 1870 5177 beata

276 5235 363 5289 illa
390 5230 643 5288 excidere
681 5227 848 5297 gloria
873 5266 887 5289 ,
922 5223 1135 5280 Christo
1159 5235 1380 5278 exosum
1405 5233 1525 5275 esse
1549 5258 1565 5283 ,
1595 5216 1781 5271 audire
1804 5216 1871 5269 ab

279 5324 372 5380 illo
400 5364 416 5388 ,
449 5320 575 5376 Non
618 5321 733 5373 novi
771 5334 858 5372 eos
898 5315 1109 5388 (Matth.
1140 5313 1230 5371 25.
1273 5312 1386 5382 l2),
1421 5308 1697 5373 accusari,
1728 5306 1871 5376 quod

279 5418 606 5473 esurientem
630 5413 779 5467 illum
802 5426 924 5464 cum
946 5408 1269 5471 videremus,
1285 5404 1461 5459 cibum
1480 5398 1868 5471 negaverimus.

284 5506 495 5563 Etenim
526 5502 719 5558 melius
746 5510 828 5555 est
855 5498 999 5553 mille
1025 5494 1331 5551 fulminibus
1356 5490 1534 5556 obrui,
1565 5504 1722 5560 quam
1752 5487 1870 5542 vul-

282 5607 397 5654 tum
425 5596 577 5651 illum
605 5600 942 5649 mansuetum
968 5586 1150 5643 videre
1172 5599 1270 5641 nos
1295 5589 1655 5647 aversantem,
1680 5589 1736 5635 et
1762 5577 1873 5648 pla-

344 5752 363 5785 ⁸
400 5752 484 5801 Hic
505 5750 643 5801 locus
659 5750 731 5798 sic
755 5747 938 5811 legitur
962 5742 1331 5811 iti__tlorel._,_eqo
1351 5745 1505 5791 tamen
1538 5734 1871 5804 gravissimam

282 5826 384 5867 esse
400 5826 594 5877 pernam
613 5814 739 5863 duco
763 5826 794 5861 a
809 5804 964 5875 gloria
989 5808 1073 5858 uta
1095 5804 1343 5857 excidere.

1192 326 1258 385 ΙΝ
1297 326 1705 385 MATTH/EUM
1747 322 1975 381 HOMIL
2020 328 2207 385 XXIII.
2245 335 2314 393 al.
2353 336 2547 395 XXIV.

3434 350 3537 405 318

1952 446 2129 504 cidum
2161 452 2375 508 oculum
2404 470 2502 509 nos
2530 457 2767 528 aspicere
2798 475 2901 514 non
2933 462 3305 519 sustinentem.
3332 462 3463 518 Nam
3490 466 3535 521 si

1954 555 2041 595 me
2065 542 2153 597 ille
2181 542 2452 600 inimicum
2479 562 2539 602 se
2567 550 2692 602 odio
2719 551 2999 606 habentem
3028 564 3082 607 et
3106 563 3438 609 aversantem
3466 556 3537 609 ita

1960 639 2281 699 prosecutus
2296 639 2401 697 est,
2422 640 2479 686 ut
2496 648 2595 687 nee
2617 635 2717 687 sibi
2738 634 2838 703 ipsi
2855 647 3123 704 parceret,
3143 638 3235 692 sed
3249 653 3308 693 se
3321 639 3385 693 ad
3400 655 3545 694 mor-

1959 731 2064 776 tem
2082 724 2337 789 traderet;
2353 738 2477 779 cum
2491 734 2613 793 post
2630 726 2719 780 illa
2735 729 2916 783 omnia
2931 744 3030 784 nec
3040 730 3302 785 esurienti
3317 731 3538 802 quidem

1953 827 2144 882 panem
2173 815 2447 885 porrigere
2471 815 2718 885 dignatus
2746 817 2916 886 fuero,
2947 820 3142 891 quibus
3169 821 3385 878 demum
3414 838 3543 878 ocu-

1954 903 2021 958 lis
2066 902 2237 973 ipsum
2285 907 2607 976 respiciam?
2636 907 2730 963 Hie
2758 924 2889 963 vero
2932 911 3201 981 perpende
3239 912 3355 982 ejus
3384 929 3541 966 man-

1952 994 2307 1051 suetudinem.
2336 996 2518 1068 Neque
2542 998 2685 1053 enim
2714 998 2967 1055 beneficia
3008 1016 3104 1057 sua
3130 1013 3541 1069 commemorat,

1954 1102 2126 1158 neque
2155 1099 2229 1157 te,
2257 1090 2341 1145 cui
2371 1099 2449 1145 tot
2478 1091 2616 1146 bona
2647 1094 2892 1158 contulit,
2926 1093 3072 1148 illum
3101 1094 3378 1164 despicere
3407 1111 3545 1167 que-

1952 1181 2106 1233 ritur.
2136 1179 2318 1251 Neque
2344 1182 2485 1236 enim
2515 1181 2679 1237 dicit:
2704 1182 2857 1239 Mene
2880 1184 3129 1254 despicis,
3159 1187 3249 1256 qui
3281 1196 3334 1242 te
3363 1203 3429 1242 ex
3457 1187 3544 1242 ni—

1954 1270 2066 1326 bilo
2092 1273 2336 1342 produxi,
2363 1275 2453 1344 qui
2482 1273 2573 1330 tibi
2599 1276 2829 1329 animam
2858 1276 3140 1344 insufflavi,
3172 1280 3263 1349 qui
3297 1291 3346 1336 te
3365 1282 3545 1335 omni-

1952 1362 2068 1427 bus,
2098 1379 2216 1434 qua:
2237 1365 2289 1419 in
2318 1373 2458 1420 terra
2484 1376 2627 1434 sunt,
2648 1365 2882 1437 praefeci,
2905 1369 2991 1439 qui
3016 1379 3231 1440 propter
3255 1380 3309 1427 te
3328 1372 3543 1439 escium,

1954 1463 2151 1510 terram
2171 1496 2188 1522 ,
2216 1470 2395 1522 mare,
2427 1471 2606 1512 aerem
2625 1498 2642 1525 ,
2671 1467 2727 1513 et
2754 1459 2931 1513 omnia
2956 1475 3075 1530 qua:
3104 1461 3368 1516 exsistunt
3398 1462 3499 1518 feci
3527 1505 3543 1529 ,
3574 1526 3580 1531 ι

1953 1546 2044 1616 qui
2072 1562 2101 1601 a
2131 1555 2183 1601 te
2210 1546 2561 1603 inhonoratus
2602 1565 2719 1603 sunt
2764 1559 2818 1604 et
2853 1550 3063 1605 diabolo
3092 1551 3248 1607 vilior
3271 1552 3546 1607 existima-

1957 1644 2044 1690 tus
2064 1678 2079 1702 ,
2112 1637 2199 1706 qui
2227 1652 2400 1707 neque
2429 1638 2507 1693 sic
2534 1638 2747 1707 destiti,
2775 1642 2868 1695 sed
2897 1640 3060 1694 millia
3091 1651 3211 1711 post
3250 1644 3364 1698 haec
3392 1645 3443 1698 in
3474 1645 3547 1699 tui

1953 1727 2175 1796 gratiam
2206 1730 2497 1800 excogitavi
2524 1772 2539 1796 ,
2572 1731 2659 1800 qui
2693 1746 2883 1786 servus
2910 1747 3029 1787 esse
3054 1734 3195 1788 volui
3218 1776 3232 1800 ,
3264 1736 3351 1805 qui
3378 1737 3547 1805 alapis

1954 1831 2147 1885 caesus,
2174 1829 2462 1890 consputus
2488 1830 2541 1877 et
2565 1824 2773 1876 occisus
2794 1836 2933 1889 sum,
2960 1833 3187 1878 mortem
3215 1840 3403 1896 passus
3435 1836 3545 1881 tur-

1956 1910 2383 1981 pissimam,qui
2424 1913 2582 1967 etiam
2627 1914 2681 1967 in
2725 1914 2857 1969 ca-lo
2905 1930 3001 1984 pro
3048 1924 3101 1970 te
3149 1919 3430 1987 supplico,
3458 1918 3549 1989 qui

1957 2000 2215 2069 Spiritum
2242 2001 2335 2056 tibi
2361 2002 2581 2072 largitus
2606 2017 2744 2070 sum,
2770 2004 2860 2075 qui
2884 2014 2934 2060 te
2956 2021 3121 2076 regno
3138 2007 3383 2077 dignatus
3405 2024 3547 2075 sum,

1956 2090 2047 2159 qui
2077 2090 2198 2144 talia
2227 2092 2447 2161 promisi
2475 2093 2567 2148 tibi
2591 2134 2608 2159 ,
2634 2095 2726 2164 qui
2752 2105 2910 2165 caput
2941 2106 3085 2151 tuum
3115 2113 3236 2152 esse
3270 2099 3430 2166 volui,
3459 2104 3551 2170 qui

1958 2194 2189 2251 sponsus
2218 2196 2359 2249 sum,
2386 2184 2570 2252 vestis,
2601 2186 2810 2251 domus,
2841 2187 2989 2242 radix
3014 2230 3030 2255 ,
3063 2204 3183 2244 esca
3205 2232 3220 2256 ,
3247 2200 3424 2262 potus,
3454 2208 3552 2262 pa-

1958 2282 2090 2337 smr,
2121 2289 2234 2341 rex,
2256 2273 2438 2343 frater,
2463 2278 2551 2347 qui
2572 2284 2625 2332 te
2650 2276 2901 2333 heredem
2922 2290 2976 2335 et
3001 2280 3321 2337 coheredem
3348 2285 3365 2314 ί
3387 2285 3548 2353 elegi,

1958 2364 2049 2433 qui
2089 2380 2155 2419 ex
2200 2365 2433 2421 tenebris
2472 2368 2538 2422 ad
2569 2377 2884 2438 potestatem
2905 2372 2926 2402 ¹
2958 2372 3088 2426 lucis
3131 2381 3183 2427 te
3208 2374 3385 2427 eduxi.
3416 2376 3551 2429 Cum

1961 2455 2076 2511 lucc
2104 2466 2159 2512 et
2198 2458 2281 2512 his
2306 2458 2456 2528 plura
2482 2459 2665 2516 dicere
2691 2471 2912 2531 posset,
2945 2462 3075 2516 nihil
3105 2464 3208 2519 tale
3261 2465 3413 2519 dixit.
3444 2465 3551 2520 Sed

1960 2547 2126 2617 quid?
2152 2548 2336 2604 Solum
2365 2550 2495 2605 illud
2524 2552 2744 2621 protulit
2773 2562 3067 2622 peccatum.
3103 2554 3201 2610 llic
3239 2570 3366 2609 vero
3413 2555 3555 2611 dile-

1960 2638 2190 2692 Ctionem
2222 2639 2454 2694 ostendit
2481 2650 2535 2695 et
2557 2656 2816 2708 amorem,
2850 2659 2955 2713 quo
2982 2652 3033 2698 te
3058 2644 3415 2714 prosequitur.
3443 2645 3552 2700 Ne-

1960 2742 2066 2796 que
2097 2728 2242 2783 enim
2270 2728 2422 2796 dixit,
2448 2729 2521 2785 Ite
2547 2730 2597 2784 in
2629 2731 2805 2801 ignem
2835 2741 3077 2802 paratum
3106 2734 3273 2797 Vobis,
3298 2734 3414 2801 sed,
3448 2734 3555 2789 Pa-

1961 2828 2126 2874 ratum
2146 2820 2368 2876 diabolo.
2396 2823 2656 2895 Priusque
2674 2824 2803 2879 dicit
2822 2841 3065 2895 quaenam
3089 2826 3162 2882 illi
3190 2830 3553 2896 peccaverint,

1964 2929 2138 2985 neque
2182 2923 2360 2970 tamen
2396 2919 2575 2972 omnia
2613 2918 2794 2973 dicere
2836 2920 3100 2986 sustinet,
3129 2920 3223 2974 sed
3268 2936 3456 2990 pam'a.
3489 2921 3557 2975 Et

1961 3014 2087 3061 ante
2112 3005 2212 3061 hos
2241 3007 2359 3062 illos
2383 3018 2535 3063 vocat
2557 3009 2646 3079 qui
2678 3009 2816 3065 bona
2844 3008 3102 3076 fecerunt,
3133 3018 3190 3064 ut
3218 3010 3344 3066 hinc
3370 3022 3555 3066 osten-

1962 3099 2116 3156 deret
2143 3114 2204 3154 se
2241 3109 2389 3155 recte
2416 3116 2684 3156 accusare.
2713 3101 2923 3167 Quanto
2966 3117 3093 3173 ergo
3139 3104 3399 3174 supplicio
3438 3104 3557 3159 inec

1960 3188 2123 3244 verba
2168 3204 2274 3245 non
2319 3192 2425 3246 sint
2465 3193 2815 3249 sazviora?Si
2858 3194 2976 3263 quis
3020 3194 3162 3248 enim
3211 3196 3481 3250 hominem
3524 3214 3554 3252 a

1962 3297 2070 3353 quo
2104 3280 2367 3338 beneficio
2396 3283 2615 3338 affectus
2644 3284 2713 3338 sit
2738 3287 3059 3340 esurientem
3083 3286 3265 3341 videns
3290 3328 3304 3353 ,
3330 3302 3435 3341 non
3460 3287 3558 3341 de-

1964 3375 2182 3444 spiciat;
2214 3375 2357 3447 quod
2402 3376 2446 3430 si
2485 3375 2777 3446 despiciat,
2810 3378 3161 3447 exprobratos
3192 3380 3367 3449 potius
3396 3379 3559 3448 eligat

1965 3465 2017 3519 in
2048 3474 2242 3520 terram
2265 3464 2467 3532 defodi,
2498 3482 2656 3538 quam
2688 3467 2896 3523 duobus
2923 3469 3005 3524 vel
3036 3469 3208 3525 tribus
3242 3471 3430 3525 amicis
3471 3480 3555 3527 te-

1965 3558 2134 3613 stibus
2157 3558 2278 3613 talia
2300 3559 2483 3615 audire
2510 3578 2523 3613 :
2556 3560 2680 3630 quid
2709 3576 2806 3615 nos
2837 3562 3099 3631 patiemur
3127 3572 3237 3617 toto
3267 3563 3397 3618 orbe
3423 3571 3561 3618 teste

1966 3651 2087 3706 talia
2118 3652 2417 3721 audientes,
2447 3668 2567 3724 qua:
2595 3670 2663 3709 ne
2694 3654 2905 3724 quidem
2933 3662 3059 3710 tunc
3086 3656 3174 3711 ille
3201 3656 3425 3721 diceret,
3451 3656 3555 3712 nisi

1965 3758 2180 3798 causam
2225 3744 2338 3815 ipse
2375 3759 2523 3799 suam
2554 3744 2844 3801 defendere
2873 3747 3073 3803 vellet?
3099 3747 3251 3815 Quod
3282 3748 3423 3804 enim
3452 3766 3560 3805 non

1966 3837 2298 3905 exprobrans
2334 3836 2386 3891 id
2418 3837 2506 3892 ille
2528 3837 2704 3903 dicat,
2731 3838 2825 3893 sed
2854 3854 2976 3894 sese
3004 3855 3265 3911 purgans,
3298 3849 3353 3895 et
3385 3850 3440 3895 ut
3468 3857 3560 3894 os-

1969 3927 2149 3982 tendat
2191 3944 2251 3983 se
2289 3944 2395 3983 non
2440 3928 2633 3984 frustra
2683 3930 2766 3985 vel
2805 3932 2921 3986 sine
2966 3946 3126 3987 causa
3171 3932 3381 3997 dicere,
3431 3932 3560 3987 Dis-

1967 4023 2129 4078 cedite
2171 4014 2204 4076 a
2236 4039 2332 4089 me,
2363 4024 2534 4093 palam
2565 4034 2647 4078 est
2688 4039 2754 4078 ex
2781 4024 2897 4094 ejus
2926 4024 3228 4095 ingentibus
3258 4024 3556 4080 beneficiis.

1967 4115 2098 4171 Nam
2130 4116 2175 4171 si
2202 4117 2528 4185 exprobrare
2557 4115 2854 4183 voluisset,
2888 4117 2978 4170 illa
3021 4116 3195 4170 omnia
3225 4116 3279 4170 in
3322 4116 3556 4171 medium

1968 4208 2276 4264 adduxisset
2305 4226 2319 4264 :
2347 4223 2489 4264 nunc
2521 4217 2699 4263 autem
2738 4223 2798 4262 ea
2829 4209 3000 4262 solum
3041 4207 3168 4262 dicit
3208 4223 3327 4278 qum
3371 4221 3561 4279 passus

1968 4312 2071 4358 est.

2042 4394 2096 4450 9.
2122 4393 2429 4448 Timeamus
2473 4393 2654 4462 itaque
2677 4435 2692 4461 ,
2724 4393 2944 4459 dilecti,
2973 4391 3090 4448 haec
3141 4392 3328 4449 audire
3376 4394 3562 4449 verba.

1968 4484 2086 4540 Non
2122 4493 2206 4540 est
2232 4485 2379 4539 lusus
2424 4483 2539 4538 lucc
2566 4485 2713 4548 vita;
2747 4484 2853 4538 imo
2881 4485 3055 4554 potius
3099 4483 3215 4538 haec
3258 4484 3368 4538 vita
3415 4484 3567 4539 lusus

1971 4586 2073 4639 est.
2094 4576 2266 4631 futura
2285 4592 2416 4631 vero
2442 4592 2547 4631 non
2574 4576 2721 4631 lusus
2748 4585 2889 4630 sunt.
2914 4576 3074 4631 Forte
3089 4583 3267 4631 autem
3286 4590 3392 4631 non
3418 4575 3569 4631 lusus

1974 4679 2181 4725 tantum
2205 4677 2290 4725 est
2318 4670 2455 4735 vita,
2485 4669 2580 4724 sed
2608 4669 2724 4724 lusu
2750 4668 3003 4724 deterior.
3031 4666 3148 4722 Non
3180 4669 3324 4723 enim
3368 4667 3570 4723 desinit

1975 4765 2026 4817 in
2055 4763 2217 4816 risum
2237 4803 2253 4827 ,
2286 4760 2377 4816 sed
2422 4776 2671 4831 magnum
2715 4759 2875 4814 infert
2915 4759 3168 4814 damnum
3198 4759 3263 4812 iis
3288 4800 3303 4825 ,
3334 4758 3423 4827 qui
3459 4774 3564 4811 non

1972 4848 2256 4918 diligenter
2276 4860 2453 4900 mores
2469 4860 2594 4899 suos
2614 4857 2937 4913 componere
2961 4843 3163 4897 volunt.
3194 4843 3250 4897 lu
3272 4859 3379 4912 quo
3400 4842 3565 4907 enim,

1974 4953 2158 5010 quaeso
2183 4978 2197 5002 ,
2223 4953 2255 4992 a
2302 4936 2484 5008 pueris
2521 4935 2829 4992 ludentibus
2860 4944 2915 4989 et
2941 4934 3133 4989 domos
3179 4932 3567 4987 tedificantibus

1973 5029 2269 5085 differimus
2292 5069 2308 5095 ,
2336 5028 2428 5098 qui
2480 5026 2784 5096 splendidas
2830 5026 3191 5080 construimus
3227 5024 3373 5078 aedes
3398 5022 3422 5076 ?
3450 5037 3571 5091 quae

1974 5123 2271 5180 differentia
2306 5122 2444 5177 inter
2489 5121 2611 5176 il!os
2639 5119 2960 5191 prandentes
2995 5128 3050 5173 et
3077 5132 3177 5173 nos
3218 5117 3357 5171 laute
3388 5115 3572 5170 convi-

1974 5217 2201 5273 vantes?
2227 5215 2419 5282 Nulla,
2456 5214 2559 5269 nisi
2606 5213 2658 5267 in
2700 5221 2955 5283 quantum
3001 5224 3099 5264 nos
3144 5208 3405 5278 supplicio
3449 5206 3567 5275 ple-

1976 5309 2154 5367 cteodi
2192 5308 2247 5363 id
2284 5308 2525 5363 facimus.
2551 5304 2704 5374 Quod
2745 5304 2789 5358 si
2831 5303 3067 5358 nondum
3108 5299 3360 5355 harumce
3388 5313 3568 5353 rerum

1977 5403 2236 5458 vilitatem
2279 5397 2632 5470 perapicimus
2655 5437 2671 5463 ,
2700 5410 2803 5451 non
2848 5402 2933 5451 est
2963 5391 3303 5457 mirandum;
3332 5388 3568 5445 nondum

2043 5670 2061 5698 ι
2097 5674 2207 5716 lucc
2228 5663 2397 5721 verba,
2420 5666 2466 5711 et
2485 5657 2785 5715 coheredem,
2810 5654 2990 5704 desunt
3013 5654 3061 5702 in
3080 5649 3269 5706 Morel..
3285 5646 3373 5699 sed
3396 5646 3444 5696 in
3454 5642 3568 5696 aliis

1980 5730 2206 5781 omnibus
2224 5727 2483 5787 habentur.
2572 5783 2583 5787 _
2745 5778 2756 5787 _
2826 5777 2837 5787 ,

2048 5774 2071 5823 ί
2082 5774 2214 5853 alii,
2237 5788 2289 5839 in
2309 5774 2719 5852 participationem
2740 5777 2883 5841 lucis;
2902 5790 2997 5829 non
3021 5774 3170 5827 male.
