4058 6356
1148 311 1208 369 S.
1244 307 1528 366 JOANNlS
1562 307 2054 365 CHRYSOSTOMI
2092 307 2414 364 ARCHIEP.
2455 307 3002 366 CONSTANTINOP.
3699 307 3805 362 52‘!

3532 447 3688 461 -.—_

1865 528 2106 583 ΟΜΙΛΙΑ
2145 532 2271 584 KA'.

347 627 436 681 οὐ
464 622 584 690 πᾶς
611 625 645 677 ὁ
677 623 872 692 λέγων
895 641 1020 694 μοι,
1049 624 1245 691 Κύριε,
1269 622 1474 694 Κύριε,
1505 622 1918 694 εἰσελεύσεται
1938 623 2026 694 είς

420 695 538 763 τὴν
574 691 911 763 ,ϐασιλείαν
925 694 1042 748 τῶν
1065 692 1358 762 οὐρανῶν,
1391 693 1531 748 ἀλλ’
1558 697 1590 747 ό
1611 691 1798 746 ποιῶν
1821 693 1889 746 τὸ
1929 693 2026 748 θέ-

417 762 586 834 λημα
608 762 715 818 τοῦ
746 765 974 831 Πατρός
1000 781 1118 833 μου
1157 763 1264 817 τοῦ
1290 763 1360 816 ἑν
1392 763 1690 831 οὐρανοῖς.

421 858 491 906 α’.
530 852 630 906 Διὰ
659 851 713 905 τί
751 852 825 923 μὴ
857 848 1033 916 εἶπεν,
1052 851 1190 904 Ἀλλ’
1209 851 1422 906 όποιῶν
1451 853 1513 906 16
1542 851 1754 924 θέλημα
1775 851 1836 906 16
1862 851 2026 922 ἐμόν;

349 940 479 994 Ὅτι
501 939 640 1004 τέως
663 939 947 1011 ἀγαπητὸν
972 935 1041 1010 ἦν
1067 939 1330 994 καὶτοῦτο
1351 939 1614 1010 πρότερον
1638 939 1911 1006 δέξασθαιο
1936 938 2032 992 καὶ

349 1028 462 1100 γάρ
516 1027 650 1080 πολὺ
698 1027 839 1098 μέγα
885 1023 953 1098 ἦν
996 1027 1134 1100 πρὸς
1184 1026 1283 1098 τὴν
1323 1027 1610 1081 ἀσθένειαν
1646 1027 1744 1099 τὴν
1784 1027 2030 1081 ἐκείνων.

353 1116 564 1178 Ἀλλως
592 1114 648 1167 δὲ
677 1115 945 1168 καὶτοῦτο
972 1115 1037 1167 δι’
1061 1115 1268 1168 ἐκείνου
1297 1115 1537 1187 ᾐνίξατο.
1571 1115 1726 1169 Μετὰ
1752 1115 1807 1168 δέ
1833 1114 2033 1169 τούτων

355 1204 576 1256 κάκεῖνο
591 1202 738 1255 ἔστιν
761 1205 955 1268 εἰπεῖν,
975 1203 1056 1256 ὅτι
1074 1203 1193 1255 οὐδέ
1210 1205 1357 1256 ἐστιν
1375 1204 1462 1256 ’έτε
1472 1220 1561 1273 ρον
1577 1203 1785 1274 θέλημα
1802 1202 1895 1256 τοῦ
1914 1203 2032 1236 '9'”

355 1289 487 1344 Υἰοῦ
521 1289 670 1361 παρὰ
689 1290 750 1343 16
766 1289 860 1343 τοῦ
891 1291 1125 1360 Πατρός.
1157 1290 1422 1345 Ἐνταῦθα
1442 1291 1499 1344 δέ
1519 1308 1608 1361 μοι
1634 1291 1740 1344 τῶν
1765 1287 2034 1345 Ἰουδαίων

356 1378 592 1448 μάλιστα
619 1377 994 1432 καθάπτεσθαι
1025 1379 1188 1443 δοκεῖ,
1240 1379 1297 1430 ἐν
1335 1381 1446 1442 τοῖς
1476 1377 1709 1448 δόγμασι
1738 1378 2034 1450 τιθεμένων

355 1466 416 1520 16
448 1468 575 1533 πᾶν,
616 1467 711 1519 καὶ¹
747 1464 841 1519 τοῦ
894 1466 1011 1537 βίου
1064 1466 1321 1537 πρόνοιαν
1377 1465 1635 1537 οὐδεμίαν
1675 1466 2032 1536 ποιουμένων.

356 1555 448 1611 Διὸ
482 1555 577 1610 καὶ
608 1556 636 1608 ό
669 1554 883 1619 Παῦλος
914 1554 1098 1619 αὐτοῖς
1121 1555 1341 1625 ἐγκαλεῖ
1368 1554 1542 1624 λέγων
1561 1571 1579 1588 ο
1617 1555 1740 1609 Ἴδε
1763 1554 1844 1609 σὺ
1885 1556 2035 1610 Ἰου-

355 1643 523 1710 δαῖος
545 1643 898 1714 ἐπονομάζῃ,
922 1643 1020 1698 καί
1043 1644 1401 1712 ἐπαναπαύῃ
1439 1642 1518 1709 τῷ
1545 1645 1727 1714 νόμῳ,
1762 1645 1859 1697 καὶ
1892 1660 2031 1698 καυ-

356 1732 543 1802 χᾶσαι
564 1733 634 1786 ἐν
663 1732 804 1799 Θεῷ,
831 1733 931 1790 καὶ
954 1731 1264 1803 γινώσκεις
1283 1732 1350 1786 τὸ
1385 1732 1617 1804 θέλημα
1633 1734 1676 1766 ⁸³
1695 1752 1708 1766 ·
1741 1733 1859 1788 ἀλλ’
1885 1734 2038 1788 οὐδέν

358 1838 444 1874 σοι
479 1819 637 1874 πλέον
668 1820 935 1885 ἐντεῦθεν,
960 1821 1088 1874 ὅταν
1125 1821 1157 1892 ἡ
1184 1820 1278 1874 τοῦ
1307 1820 1423 1891 βίου
1454 1822 1548 1874 καὶ
1577 1821 1684 1876 τῶν
1718 1821 1894 1894 ἔργων
1920 1821 2040 1875 ἐπί-

355 1909 524 1977 δειξις
545 1909 619 1982 μὴ
648 1911 818 1980 παρῇ.
845 1909 1016 1972 Αὐτὸς
1046 1909 1103 1962 δὲ
1131 1910 1190 1962 ού
1213 1908 1258 1939 ⁸⁸
1291 1908 1452 1978 μέχρι
1483 1908 1688 1962 τούτων
1718 1909 1871 1982 ἔστη,
1905 1909 2040 1963 ἀλλὰ

358 1997 542 2052 καὶτὸ
587 1996 766 2067 πολλῷ
795 1996 959 2051 πλέον
1006 1992 1148 2052 εἶπε.
1180 1997 1404 2050 Πολλοί
1443 1997 1552 2067 γὰρ
1599 1996 1809 2065 ἐροῦσί
1834 2015 1936 2067 μοι
1972 1998 2042 2051 ἐν

356 2087 560 2156 ἐκείνῃ
596 2085 673 2156 τῇ
723 2087 947 2156 ἠιιέρᾳο
983 2088 1180 2155 Κύριε,
1225 2088 1419 2156 Κύριε,
1451 2089 1522 2140 οὐ
1560 2085 1639 2153 τῷ
1665 2085 1754 2153 σῷ
1799 2087 2039 2157 ὀνόματι

358 2176 930 2244 προεφητεύσαμεν;
971 2175 1046 2228 Ού
1094 2173 1204 2246 γάρ
1232 2175 1296 2245 δὴ
1346 2173 1525 2246 μόνον,
1564 2174 1749 2245 φησὶν,
1790 2175 1819 2228 6
1861 2176 2042 2230 πίστιν

358 2262 522 2332 ἔχων,
548 2261 644 2315 τοῦ
689 2261 805 2332 βίου
833 2262 1182 2333 ἠμελημένον
1201 2303 1215 2327 ,
1269 2261 1378 2316 τῶν
1425 2261 1671 2332 οὐρανῶν
1699 2261 2039 2326 ἐκϐάλλεται,

361 2350 501 2405 ἀλλὰ
530 2350 638 2404 κᾶν
659 2351 800 2421 μετά
825 2350 928 2420 τῆς
961 2350 1200 2415 πίστεως
1233 2351 1434 2422 σημεῖα
1453 2349 1623 2403 πολλὰ
1646 2350 1964 2423 πεποιηκὼς
1982 2349 2040 2425 ᾗ,

360 2439 459 2493 καὶ
479 2437 634 2492 οὐδὲν
663 2437 867 2506 ἀγαθὸν
899 2437 1296 2508 ἐργασάμενος,
1328 2439 1422 2490 καὶ
1453 2433 1606 2501 οὗτος
1625 2437 1675 2469 ⁸⁸
1707 2437 1906 2508 ὁμοίως
1933 2429 2043 2492 τῶν

361 2525 524 2598 ίερῶν
549 2527 795 2596 εἴργεται
835 2524 1124 2596 προθύρων
1159 2525 1400 2578 ἐκείνων.
1443 2518 1667 2579 Πολλοί
1698 2525 1807 2595 γὰρ
1835 2525 2045 2593 ἐροῦσι

360 2631 456 2684 μοι
483 2613 553 2667 ἐν
579 2613 782 2681 ἐκείνῃ
808 2611 885 2682 τῇ
911 2611 1130 2682 ἡμέραο
1159 2613 1356 2681 Κύριε,
1381 2613 1581 2680 Κύριε,
1606 2613 1677 2666 οὐ
1701 2613 1779 2677 τῷ
1795 2611 1885 2678 σῷ
1911 2614 2044 2667 ὀνό-

359 2716 504 2770 ματι
538 2701 1109 2768 προεφητεύσαμεν;
1133 2700 1295 2771 Ὁρᾷς
1325 2700 1442 2764 πῶς
1463 2699 1832 2765 λανθανόντως
1856 2701 2044 2756 ἐαυτὸν

366 2788 674 2857 συνεισάγει
703 2787 908 2853 λοιπὸν,
941 2787 1131 2860 ἐπειδὴ
1159 2788 1258 2858 τὴν
1284 2789 1464 2842 πᾶσαν
1494 2789 1764 2860 ἀπήρτισε
1799 2788 2046 2860 δημηγο-

365 2875 510 2948 ρίαν,
545 2878 641 2932 καὶ
680 2875 952 2932 δείκνυσιν
983 2876 1176 2930 ἐαυτὸν
1201 2876 1332 2931 ὄντα
1361 2877 1598 2949 κριτήν;
1630 2877 1755 2930 Ὅτι
1800 2877 1901 2948 μὲν
1935 2879 2044 2950 γὰρ

363 2965 587 3030 κόλασις
620 2965 897 3030 ἐκδέξεται
937 2965 1064 3028 τοὺς
1102 2964 1547 3037 ἁμαρτάνοντας,
1585 2965 1644 3018 ἐν
1676 2966 1790 3029 τοίς
1837 2963 2048 3036 ἔμπρο-

365 3051 491 3106 σθεν
521 3051 710 3119 ἔδειξε*
750 3051 836 3115 τίς
873 3043 938 3105 δὲ’
986 3051 1080 3106 καὶ
1109 3052 1158 3084 ⁸⁵
1196 3053 1226 3106 ὁ
1261 3052 1525 3118 κολάζων,
1569 3051 1807 3106 ἐνταῦθα
1856 3051 2045 3106 λοιπὸν

266 3139 271 3144 ’
363 3137 717 3195 ἐκκαλύπτει.
780 3139 888 3192 Καὶ
929 3139 1030 3193 οὐκ
1071 3134 1194 3193 εἷπε
1249 3139 1519 3212 φανερῶς,
1565 3141 1648 3194 ὅτι
1693 3138 1837 3208 Ἐγώ
1895 3141 2038 3210 εἰμι’

363 3226 502 3282 ἀλλὰ
535 3225 762 3282 Πολλοί
798 3227 1009 3296 ἐροῦσι
1041 3246 1166 3298 μοι,
1205 3226 1267 3281 τὸ
1307 3227 1439 3280 αὐτὸ
1476 3226 1633 3281 τοῦτο
1676 3226 1838 3281 πάλιν
1869 3243 2043 3281 κατα-

367 3314 671 3380 σκευάζων.
697 3316 759 3369 Εἰ
792 3314 902 3384 γάρ
929 3314 1004 3387 μὴ
1048 3315 1210 3379 αὐτὸς
1245 3311 1314 3387 ἧν
1343 3317 1371 3368 6
1408 3315 1621 3387 κριτὴς.
1655 3315 1770 3379 πῶς
1813 3315 1880 3370 ἂν
1907 3315 2046 3388 πρὸς

365 3405 566 3470 αὐτοὺς
596 3400 747 3458 ε’ίπε⁹
785 3404 894 3460 Καὶ
935 3405 1070 3458 τότε
1116 3403 1475 3474 ὁμολογήσω
1512 3403 1751 3470 αὐτοῖς·
1793 3404 2044 3473 Ἀποχω-

358 3492 521 3564 ριῖτε
553 3491 652 3548 ἀπ’
679 3491 846 3561 ἐμοῦ,
879 3490 1166 3545 οὐδέποτε
1193 3491 1388 3560 ἔγνων
1407 3489 1604 3560 ὑμᾶς;
1634 3491 1768 3562 Οὐχί
1797 3492 1958 3562 μόνον
1987 3493 2048 3545 ἐν

366 3577 448 3650 τῷ
475 3579 652 3652 καιρῷ
691 3579 791 3650 τῆς
823 3579 1083 3650 κρίσεως,
1121 3579 1239 3632 ἀλλ’
1272 3578 1392 3632 οὐδὲ
1425 3579 1568 3645 τότε,
1613 3579 1775 3651 ἡνίκα
1803 3579 2050 3652 ἐθαυμαο

366 3669 672 3739 τουργεῖτε,
721 3665 876 3735 φησί.
917 3665 1017 3719 Διά
1060 3665 1220 3719 τοῦτο
1269 3665 1366 3720 καί¹
1411 3668 1524 3730 τοῖς
1561 3667 1829 3739 μαθηταῖς
1860 3666 2045 3736 ἔλεγε’

367 3756 468 3822 Μὴ
526 3753 782 3823 χαίρετε,
830 3751 920 3806 ὅτι
963 3753 1039 3806 τὰ
1091 3752 1366 3822 δαιμόνια
1424 3753 1568 3822 ὑμῖν
1615 3753 2048 3819 ὑποτάσσεται,

368 3841 512 3896 ἀλλ’
542 3841 632 3895 ὅτι
661 3839 734 3896 τὰ
762 3841 1024 3910 ὀνόματα
1063 3841 1232 3910 ὑμῶν
1262 3839 1583 3911 γέγραπται
1615 3841 1686 3895 ἐν
1716 3841 1841 3909 τοῖς
1870 3844 2049 3910 οὐρα-ο

369 3929 520 3996 νοῖς.
557 3929 665 3984 Καὶ
700 3928 977 4000 πανταχοῦ
1018 3929 1220 4000 πολλὴν
1252 3929 1464 3982 κελεύει
1505 3928 1600 3982 τοῦ
1651 3929 1769 4000 βίου
1814 3931 2050 4003 σπουδὴν

371 4016 666 4073 ποιεῖσθαι.
693 4018 769 4072 Οὐ
801 4018 910 4089 γάρ
930 4018 1078 4071 ἐστιν
1104 4016 1259 4090 [500]
1293 4016 1580 4090 ἄνθρωπον
1605 4017 1777 4089 ὀρθῶς
1808 4017 2048 4089 βιοῦντα,

371 4106 470 4161 καὶ
509 4106 729 4160 πάντων
792 4105 1213 4177 ἀπηλλαγμένον
1264 4104 1374 4158 τῶν
1418 4103 1630 4171 παθῶν,
1691 4106 2052 4179 περιοφθῆναι

372 4211 527 4249 ποτεο
560 4193 697 4248 ἀλλὰ
718 4193 820 4248 κᾶν
847 4191 1198 4264 πλανώμενος
1229 4191 1390 4266 τύχῃ,
1419 4192 1628 4262 ταχέως
1662 4193 1826 4249 αὐτὸν
1853 4197 1881 4248 6
1920 4195 2052 4260 Θεὸς

373 4283 512 4355 πρὸς
538 4283 638 4354 τὴν
676 4281 935 4354 ἀλήθειαν
965 4281 1348 4336 ἐπισπάσεται.
1386 4282 1525 4335 Ἀλλ’
1559 4282 1664 4336 εἰσί
1693 4300 1837 4348 τινες
1861 4284 1916 4338 οἵ
1949 4302 2053 4354 φα-

377 4387 482 4437 σιν,
535 4371 617 4424 ὅτι
661 4369 981 4441 ψευδόμενοι
1017 4364 1163 4424 οῦτοι
1215 4370 1391 4424 ταῦτα
1434 4369 1637 4438 ἔλεγον·
1689 4371 1878 4444 διόπερ
1930 4373 2052 4427 οὐδὲ

375 4456 680 4528 ἐσώθησαν,
706 4455 893 4528 φησίν.
918 4457 1129 4510 Οὐκοῦν
1161 4455 1224 4510 16
1257 4457 1499 4512 ἐναντίον
1529 4451 1590 4511 οῦ
1617 4457 1863 4530 βούλεται
1893 4477 2056 4515 κατα·

375 4547 653 4612 σκευάζει.
680 4546 791 4601 Καὶ
833 4546 945 4618 γὰρ
990 4547 1241 4619 βούλεται
1286 4547 1522 4603 ἐνταῦθα
1549 4548 1740 4617 δεῖξαι.
1775 4553 1859 4606 ὅτι
1901 4553 1936 4625 ἡ
1965 4553 2056 4608 πί-

377 4650 497 4699 στις
531 4634 684 4688 οὐδὲν
732 4633 906 4706 ἰσχύει
950 4635 1120 4707 χωρὶς
1167 4635 1344 4707 ἔργων
1373 4637 1442 4697 ⁸⁸.
1476 4634 1608 4692 Ε’ίτα
1644 4637 1927 4692 ἐπιτείνων
1952 4637 2054 4692 αὺ-

375 4722 449 4778 τά
476 4722 544 4787 ",
588 4721 900 4794 προσέθηκε
944 4724 1042 4778 καὶ
1076 4722 1147 4778 τά
1178 4727 1406 4796 σημεῖα·
1454 4725 1633 4798 δηλῶν
1673 4727 1758 4780 ὅτι
1796 4727 1858 4780 οὐ
1893 4727 2054 4798 μόνον

378 4811 416 4882 ὴ
444 4808 650 4874 πίστις,
688 4809 804 4864 ἀλλ’
830 4809 952 4864 οὐδὲ
991 4811 1026 4882 ἡ
1057 4810 1168 4866 τῶν
1200 4813 1442 4884 σημείων
1475 4814 1736 4882 ἐπίδειξις
1765 4815 1973 4886 όνίνησί
2001 4831 2056 4870 τι

378 4898 473 4953 16v
499 4896 1021 4970 θαυματουργοῦντα
1043 4899 1246 4971 ἀρετῆς
1275 4900 1462 4971 χωρίς.
1491 4900 1553 4954 Εἰ
1579 4902 1636 4956 δὲ
1665 4902 1741 4974 μὴ
1772 4902 2054 4974 ἐποίησαν,

380 4984 502 5050 πῶς
529 4984 597 5040 ἂν
622 4985 852 5058 ἐδυνήθη
890 4985 1048 5040 τοῦτο
1091 4987 1135 5019 ⁸⁷
1178 4993 1438 5059 συστῆναι
1468 4990 1730 5055 ἐνταῦθας
1765 4992 1974 5056 Ἀλλως
2000 4993 2058 5046 δὲ

379 5074 490 5129 οὐδ’
515 5071 584 5129 ἂν
603 5073 932 5146 ἐτόλμησαν,
974 5075 1074 5146 τῆς
1110 5076 1346 5148 κρίσεως
1380 5078 1683 5150 παρούσης,
1719 5079 1858 5150 πρὸς
1891 5081 2058 5136 αὐτὸν

380 5161 557 5217 ταῦτα
583 5163 777 5216 εἰπεῖν.
819 5162 931 5216 Καὶ
979 5163 1119 5235 αὑτὴ
1163 5163 1220 5217 δὲ
1262 5165 1297 5235 ἡ
1342 5166 1653 5235 ἀπόκρισις,
1690 5168 1784 5221 καί¹
1826 5167 1889 5222 τὸ
1935 5171 2058 5223 κατ’

383 5249 653 5320 ἐρώτησιν
680 5248 878 5319 λέγειν,
904 5250 1174 5305 δείκνυσιν
1201 5253 1399 5317 αὐτοὺς
1434 5255 1822 5325 πεποιηκότας.
1843 5257 2060 5330 Ἐπειδὴ

383 5339 496 5410 γάρ
529 5337 774 5392 ἐναντίον
800 5339 866 5408 τῇ
896 5338 1196 5411 προσδοκίᾳ
1222 5339 1284 5392 16
1323 5340 1478 5404 τέλος
1505 5338 1665 5406 εἶδον,
1701 5342 1797 5396 καὶ
1827 5344 2064 5397 ἐνταῦθα

2125 622 2342 693 τόμενοι
2374 623 2467 676 καὶ
2489 621 2858 693 θαυμάζοντες
2881 621 3123 690 λέγουσι’
3161 621 3338 690 Κύριε
3365 621 3433 688 ⁸⁸,
3460 620 3597 690 οὺχί
3624 620 3696 674 ἐν
3721 616 3806 686 τῷ

2127 704 2222 771 σῷ
2258 705 2505 775 ὀνόματι
2549 706 3117 775 προεφητεύσαμεν;
3152 704 3270 767 πῶς
3322 699 3417 758 οὖν
3464 705 3611 775 ἡμᾶς
3661 704 3806 756 6-m-

2131 788 2340 861 στρέφῃ
2380 790 2505 857 νῦν;
2557 791 2610 844 τί
2640 789 2888 860 βούλεται
2927 790 2987 843 τδ
3012 790 3160 855 ξένον
3192 789 3286 844 καὶ
3321 787 3621 859 παράδοξον
3645 786 3810 840 τοῦτο

2129 872 2324 939 τέλος;
2362 872 2503 926 Ἀλλ’
2535 874 2732 926 ἐκεῖνοι
2765 873 2861 945 μὲν
2898 871 3288 944 θαυμάζουσιν,
3315 871 3398 925 ὃτι
3423 871 3644 925 τοιαῦτα
3674 869 3811 922 θαυ-

2134 959 2616 1029 ματουργήσαντες
2657 957 3056 1028 ἐκολάσθησαν
3090 957 3154 1010 σὺ
3202 956 3259 1009 δὲ
3311 956 3386 1026 μὴ
3432 954 3706 1025 θαύμαζε.
3741 955 3811 1007 Ἡ

2133 1040 2244 1111 γάρ
2275 1041 2436 1112 χάρις
2473 1042 2624 1094 πᾶσα
2656 1040 2759 1110 τῆς
2800 1039 2894 1093 τοῦ
2937 1040 3230 1102 δεδωκότος
3265 1039 3495 1111 δωρεᾶς·
3520 1039 3723 1092 ἐκεῖνοι
3747 1037 3813 1091 δὲ

2132 1124 2287 1179 οὐδὲν
2316 1125 2445 1194 παρ’
2493 1123 2701 1177 ἑαυτῶν
2729 1125 3070 1195 εἰσήνεγκαν·
3111 1123 3192 1176 διὸ
3237 1121 3331 1176 καὶ
3375 1119 3699 1186 κολάζεσθαι
3728 1119 3836 1186 δίτ

2134 1224 2298 1270 καιοι,
2325 1207 2407 1261 δτι
2450 1208 2581 1280 περὶ
2619 1207 2711 1261 τὸν
2744 1207 2886 1261 οὕτω
2931 1208 3260 1278 τιμήσαντα,
3303 1207 3380 1271 ώς
3425 1206 3519 1260 καὶ
3565 1203 3815 1271 ἀναξίοις

2135 1291 2315 1346 δοῦναι
2339 1291 2438 1363 τὴν
2480 1293 2659 1363 χάριν,
2705 1291 3023 1364 ἀγνώμονες
3053 1293 3308 1360 γεγόνασι
3334 1292 3430 1347 καὶ
3467 1289 3810 1360 ἀναίσθητοι.

2135 1374 2201 1428 Τί
2245 1371 2361 1439 οῦν,
2412 1376 2597 1446 φησὶν,
2656 1375 3015 1446 ἐργαζόμενοι
3062 1375 3160 1447 τὴν
3203 1375 3455 1446 ἀνομίαν,
3505 1373 3731 1428 τοιαῦτα
3761 1373 3813 1405 ⁸⁸

2137 1459 2388 1525 ἐποίουν;
2425 1460 2467 1511 Τ
2475 1458 2583 1522 ινές
2621 1459 2722 1529 μέν
2751 1475 2936 1527 φασιν,
2967 1458 3049 1512 ὅτι
3086 1459 3188 1512 οῦκ
3217 1459 3274 1512 ἐν
3309 1457 3390 1528 τῷ
3430 1457 3628 1529 καιρῷ,
3665 1457 3725 1510 ἐν
3761 1449 3816 1522 ᾧ

2137 1541 2308 1595 ταῦτα
2334 1540 2838 1612 ἐθαυματούργουν,
2865 1544 2959 1595 καὶ
2997 1543 3249 1613 ἡνόμουν,
3289 1540 3404 1596 ἀλλ’
3450 1541 3675 1612 ὕστερον
3713 1557 3818 1611 με-

2135 1622 2423 1678 τεϐάλοντο
2452 1623 2521 1689 ³³,
2548 1625 2642 1678 καὶ
2670 1623 2768 1696 τὴν
2797 1625 3027 1696 ἀνομίαν
3062 1625 3299 1679 ἐποίουν.
3335 1623 3477 1678 Ἀλλ’
3517 1625 3612 1677 ἐὰν
3650 1624 3818 1677 τοῦτο

2136 1701 2195 1779 ᾖ,
2231 1706 2392 1760 πάλιν
2419 1705 2481 1759 16
2526 1707 2956 1780 σπουδαζόμενον
2987 1708 3087 1778 οὐχ
3120 1709 3354 1764 ἵσταται.
3389 1710 3456 1762 Ὀ
3500 1708 3608 1780 γὰρ
3639 1708 3818 1775 δεῖξαι

2140 1783 2464 1855 ἐσπούδακε,
2491 1790 2649 1845 τοῦτό
2682 1793 2852 1846 ἐστιν·
2897 1794 2978 1846 ὅτι
3019 1791 3140 1846 οὔτε
3170 1793 3373 1857 πίστις,
3398 1791 3522 1846 οὔτε
3552 1791 3819 1864 θαύματα

2145 1872 2338 1943 ἰσχύει,
2364 1872 2479 1943 βίου
2511 1873 2587 1946 μὴ
2612 1875 2899 1946 παρόντος·
2919 1876 3056 1948 ὅπερ
3076 1873 3170 1931 οῦν
3191 1877 3284 1930 καὶ
3308 1879 3336 1930 6
3364 1875 3574 1940 Παῦλος
3601 1876 3816 1943 ἐλεγενο

2153 1957 2288 2011 Ἐὰν
2319 1957 2438 2027 ἔχω
2474 1959 2705 2026 πίστιν,
2741 1959 3046 2031 ὣστεόρη
3091 1960 3495 2032 μεθιστάνειν,
3543 1959 3643 2014 καὶ
3675 1958 3820 2013 εἰδῶ

2140 2041 2212 2094 τὰ
2233 2041 2536 2111 μυστήρια
2567 2041 2764 2098 πάντα
2791 2045 2889 2098 καί
2913 2043 3120 2100 πᾶσαν
3145 2045 3262 2112 τὴν
3287 2043 3534 2115 γνῶσιν,
3569 2043 3822 2113 ἀγάπην

2140 2124 2209 2178 δὲ
2238 2126 2324 2195 μὴ
2361 2129 2500 2196 ἔχω,
2551 2126 2732 2182 οὐδέν
2760 2131 2898 2198 εἰμι.
2941 2129 3098 2193 Τίνες
3140 2124 3233 2183 οὗν
3261 2131 3398 2182 εἰσιν
3431 2120 3607 2194 οῦτοι;
3654 2126 3814 2198 φησι.

2143 2211 2336 2264 Πολλοὶ
2376 2213 2486 2268 τῶν
2531 2213 2939 2267 πιστευσάντων
2960 2213 3152 2266 ἔλαϐον
3175 2213 3510 2284 χαρίσματα,
3538 2209 3649 2275 οἷος
3675 2207 3746 2284 ἦν
3784 2214 3818 2266 ὁ

2139 2295 2212 2348 τά
2232 2294 2487 2366 δαιμόνια
2517 2295 2816 2357 ἐκϐάλλων,
2850 2297 2944 2350 καὶ
2971 2297 3071 2350 οὐκ
3110 2295 3186 2350 ὣν
3231 2297 3348 2368 μετ’
3383 2295 3578 2362 αὐτοῦ,
3605 2291 3719 2360 οἷος
3745 2291 3819 2368 ἦν

2140 2379 2171 2432 6
2203 2378 2426 2442 Ἰούδας·
2467 2379 2562 2434 καὶ
2597 2379 2708 2450 γὰρ
2743 2380 2838 2435 καὶ
2873 2372 3049 2446 οὗτος,
3081 2380 3316 2453 πονηρὸς
3353 2379 3452 2446 ὣν,
3490 2379 3741 2452 χάρισμα
3767 2380 3817 2412 ⁸⁸

2142 2456 2276 2532 εἶχε.
2301 2463 2409 2517 Καὶ
2441 2465 2501 2518 ἐν
2536 2467 2604 2536 τῇ
2637 2465 2852 2536 Παλαιᾷ
2876 2464 2933 2518 δὲ
2961 2464 3122 2518 τοῦτο
3150 2462 3303 2535 εὖροι
3339 2481 3423 2529 τις
3459 2463 3547 2528 ἂν,
3590 2465 3672 2528 εἰς
3715 2465 3816 2518 άν-

2143 2546 2330 2612 αξίους
2369 2549 2468 2617 τὴν
2523 2549 2687 2621 χάριν
2715 2549 3091 2621 ἐνεργήσασαν
3127 2548 3414 2616 πολλάκις,
3466 2548 3555 2602 ἵνα
3592 2548 3821 2619 ἐτέρους

2143 2631 2503 2704 εὑεργετήσῃ.
2541 2632 2756 2704 Ἐπειδὴ
2780 2633 2888 2702 γὰρ
2915 2632 2976 2686 οὐ
3013 2632 3214 2697 πάντες
3241 2631 3378 2704 πρὸς
3425 2631 3600 2685 πάντα
3624 2633 3821 2701 ἐπιτη-

2143 2713 2303 2778 δείως
2336 2710 2502 2784 εἶχον,
2540 2715 2655 2768 ἀλλ’
2691 2717 2740 2769 οί
2789 2715 2889 2786 μὲν
2916 2711 3057 2788 ἦσαν
3092 2715 3210 2788 βίον
3240 2715 3505 2786 καθαροῦ,
3536 2715 3722 2768 πίστιν
3761 2713 3824 2768 δὲ

2142 2796 2206 2848 ού
2233 2797 2504 2867 τοσαύτην
2533 2793 2698 2869 εἶχον,
2725 2799 2775 2851 οί
2803 2798 2858 2852 δὲ
2899 2799 3232 2852 τούναντίον·
3265 2798 3550 2862 κάκείνους
3577 2798 3666 2851 διά
3693 2797 3823 2851 τού-

2145 2897 2253 2933 των
2283 2879 2605 2952 προτρέπει,
2652 2880 2792 2934 ὥστε
2828 2880 3030 2952 πολλὴν
3067 2880 3437 2947 ἐπιδείξασθαι
3481 2881 3686 2944 πίστιν,
3723 2882 3824 2934 καὶ

2143 2962 2370 3029 τούτους
2392 2964 2483 3018 διὰ
2508 2965 2608 3036 τῆς
2645 2964 2854 3033 ἁφάτου
2891 2963 3096 3035 ταύτης
3137 2963 3348 3036 δωρεᾶς
3385 2962 3529 3018 ὥστε
3565 2962 3822 3032 γενέσθαι

2148 3045 2391 3118 βελτίους
2421 3047 2752 3113 ἐξεκαλεῖτο.

2221 3134 2288 3206 β’.
2315 3135 2407 3190 Διὸ
2422 3136 2515 3190 καὶ
2536 3136 2674 3207 μετὰ
2693 3135 2896 3206 πολλῆς
2921 3136 3023 3208 τῆς
3037 3135 3318 3208 δαψιλείας
3332 3135 3431 3208 τὴν
3446 3136 3604 3208 χάριν
3627 3135 3821 3192 ἐδίδου.

2147 3222 2440 3295 Δυνάμεις
2467 3223 2596 3297 γὰρ,
2625 3226 2784 3296 φησὶ,
2803 3226 3038 3292 πολλὰς
3068 3224 3455 3294 ἐποιήσαμεν.
3489 3225 3650 3280 Ἀλλ’
3685 3228 3826 3294 ὀμο-

2146 3311 2393 3381 λογήσω
2429 3312 2634 3380 αὐτοῖς
2663 3311 2815 3378 τότε,
2851 3312 3004 3384 [301]
3039 3313 3130 3367 ὅτι
3171 3315 3294 3367 Οὐκ
3323 3310 3455 3369 οῖδα
3497 3311 3674 3383 ὑμᾶς.
3705 3312 3828 3368 Νῦν

2151 3400 2251 3472 μὲν
2283 3400 2389 3471 γάρ
2422 3398 2730 3472 νομίζουσιν
2758 3394 2898 3455 εἷναί
2924 3417 3013 3471 μοι
3033 3399 3206 3471 φίλοι·
3229 3399 3349 3454 τότε
3375 3401 3434 3454 δὲ
3457 3401 3715 3467 εἴσονται,
3735 3402 3828 3454 ὃτι

2148 3489 2248 3560 οὐχ
2273 3488 2350 3552 ὼς
2390 3488 2564 3559 φίλοις
2593 3487 2789 3544 ἔδωκα.
2827 3489 2937 3542 Καὶ
2964 3488 3016 3541 τί
3059 3487 3358 3558 θαυμάζεις
3385 3489 3434 3541 εί
3473 3489 3702 3560 ἀνδράσι
3726 3505 3830 3542 πε-

2149 3574 2470 3629 πιστευκόσι
2515 3575 2618 3646 μὲν
2650 3576 2729 3639 είς
2755 3574 2936 3640 αὐτὸν,
2968 3573 3080 3644 βίον
3106 3575 3161 3628 δὲ
3185 3575 3284 3630 οὐκ
3316 3575 3498 3646 έχουσι
3531 3577 3598 3646 τῇ
3640 3576 3828 3629 πίστει

2151 3663 2546 3734 συμϐαίνοντα,
2581 3663 2901 3736 χαρίσματα
2927 3665 2974 3695 ⁸³
3011 3662 3273 3729 δέδωκεν,
3322 3663 3457 3717 ὅπου
3494 3679 3560 3732 γε
3602 3663 3696 3716 καὶ
3741 3664 3828 3726 εἰς

2147 3752 2277 3815 τοὺς
2305 3750 2631 3823 ἀμφοτέρων
2655 3750 2860 3806 τούτων
2885 3750 3309 3815 ἐκπεπτωκότας
3335 3750 3649 3822 εὑρίσκεται
3676 3749 3834 3822 ἐνερ-

2150 3838 2299 3908 γῶν;
2333 3838 2444 3893 Καὶ
2481 3839 2589 3911 γὰρ
2635 3841 2664 3893 6
2703 3837 2933 3909 Βαλαὰμ
2988 3839 3082 3892 καὶ
3130 3839 3366 3902 πίστεως
3409 3838 3504 3893 καὶ
3553 3837 3833 3903 πολιτείας

2151 3927 2380 3999 ἀρίστης
2417 3927 2696 4000 ἀλλότριος
2727 3922 2824 3999 ἦν’
2870 3927 2984 3981 ἀλλ’
3036 3927 3188 3998 ὅμως
3240 3927 3544 4000 ἐνήργησεν
3588 3927 3670 3989 εἰς
3720 3925 3829 3980 αὑ-

2151 4016 2243 4070 τὸν
2271 4015 2370 4087 ’δή
2405 4015 2563 4088 χάρις
2590 4015 2678 4070 διὰ
2703 4016 2802 4088 τὴν
2829 4015 3032 4088 ἐτέρων
3062 4017 3392 4086 οἰκονομίαν.
3417 4015 3528 4071 Καὶ
3567 4017 3595 4069 6
3625 4013 3831 4086 Φαραὼ

2151 4103 2422 4168 τοιοῦτος·
2456 4103 2569 4157 ἀλλ’
2602 4104 2751 4176 ὅμως
2779 4104 3020 4168 κάκείνῳ
3055 4104 3126 4158 τά
3153 4104 3414 4177 μέλλοντα
3442 4102 3631 4168 ἔδει-ξε.
3662 4104 3774 4158 Καὶ
3799 4105 3832 4157 6

2154 4191 2624 4264 Ναὸουχοδονόσορ
2668 4191 3132 4264 παρανομώτατος
3150 4233 3166 4258 ,
3194 4193 3288 4247 καὶ
3324 4191 3500 4262 τούτῳ
3552 4192 3714 4246 πάλιν
3757 4191 3834 4246 τά

2160 4279 2298 4352 μετὰ
2327 4279 2527 4344 πολλὰς
2574 4279 2801 4352 ὕστερον
2833 4281 3068 4352 ἐσόμενα
3109 4280 3302 4349 γενεάς
3330 4279 3672 4348 ,άπεκάλυψε
3717 4280 3834 4334 Καὶ

2157 4368 2236 4443 τῷ
2271 4370 2422 4424 παιδὶ
2440 4369 2600 4423 πάλιν
2613 4368 2693 4440 τῷ
2717 4370 2928 4423 ἐκείνου
2952 4368 3172 4424 νικῶντι
3204 4368 3296 4422 16v
3326 4367 3536 4439 πατέρα
3557 4371 3621 4439 τῇ
3644 4385 3831 4438 παρα-

2155 4459 2349 4530 νομίᾳ,
2400 4458 2471 4512 τά
2542 4458 2804 4530 μέλλοντα
2853 4457 3052 4525 ἔδειξε,
3111 4457 3402 4530 θαυμαστὰ
3457 4457 3551 4511 καὶ
3618 4458 3834 4529 μεγάλα

2154 4547 2456 4618 οἰκονομῶν
2484 4547 2807 4619 πράγματα.
2854 4545 3007 4600 Ἐπεί
3029 4542 3122 4601 οὖν
3160 4546 3255 4600 καὶ
3293 4545 3413 4599 τότε
3439 4546 3615 4617 ἀρχάς
3641 4546 3703 4599 τὸ
3732 4547 3836 4618 κή-

2159 4657 2344 4711 ρυγμα
2372 4637 2507 4712 εἶχε,
2534 4639 2628 4694 καὶ
2656 4639 2859 4711 πολλὴν
2886 4639 2994 4693 ἔδει
3013 4638 3265 4709 γενέσθαι
3295 4639 3393 4709 τῆς
3417 4637 3700 4708 δυνάμεως
3729 4638 3834 4691 αὺ-

2156 4727 2251 4782 τοῦ
2281 4727 2380 4803 την
2412 4729 2690 4795 ἐπίδειξιν,
2723 4725 2909 4782 πολλοὶ
2933 4727 3028 4781 καὶ
3059 4727 3166 4781 τῶν
3197 4727 3430 4792 ἀναξίων
3470 4725 3618 4796 δῶρα
3661 4725 3836 4796 ἐλάμ-

2161 4816 2341 4871 σανον.
2380 4816 2520 4870 Ἀλλ’
2554 4817 2704 4888 ὅμως
2725 4816 2832 4871 ἀπὸ
2861 4817 2969 4869 τῶν
2995 4815 3235 4887 σημείων
3261 4815 3467 4868 τούτων
3492 4814 3646 4868 οὐδὲν
3673 4814 3838 4885 ἐκέρο

2160 4904 2325 4959 δαναν
2348 4907 2396 4939 ⁸⁵
2431 4906 2652 4971 ἐκεῖνοι,
2702 4905 2838 4959 ἀλλὰ
2863 4904 2957 4959 καὶ
2999 4903 3201 4976 μᾶλλον
3231 4902 3567 4967 κολάζονται.
3613 4900 3707 4953 Διὸ
3742 4901 3838 4955 καὶ

2160 4991 2222 5044 16
2253 4991 2484 5064 φοϐερὸν
2515 4993 2691 5045 ἐκεῖνο
2715 4991 2867 5062 ῥῆμα
2896 4984 3050 5042 εἶπεν
3070 4989 3254 5052 αὐτοῖς
3271 5001 3286 5016 ⁸
3319 4986 3617 5042 Οὐδέποτε
3642 4987 3840 5056 ἔγνων

2161 5079 2339 5149 ὑμᾶς·
2377 5079 2611 5143 Πολλοὺς
2630 5080 2739 5152 γὰρ
2765 5079 2860 5134 καὶ
2881 5077 3132 5134 ἐντεῦθεν
3156 5077 3259 5150 ἥδη
3291 5081 3458 5149 μισεῖ,
3487 5077 3581 5130 καί
3606 5075 3715 5148 πρὸ
3737 5076 3840 5146 τῆς

2165 5169 2399 5240 κρίσεως
2417 5169 2466 5201 ’⁸
2495 5169 2921 5241 ἀποστρέφεται.
2955 5167 3283 5239 Φοϐηθιῖῳεν
3307 5165 3507 5230 τοίνυν,
3538 5164 3841 5235 ἀγαπητοὶ,

2165 5256 2260 5309 καὶ
2311 5255 2513 5328 πολλὴν
2562 5257 2880 5329 ἐπιμέλειαν
2930 5254 3284 5327 ποιησώμεθα
3310 5253 3449 5325 βίου,
3499 5253 3634 5325 μηδὲ
3681 5251 3843 5321 νομί-

2165 5341 2348 5414 ζωμεν
2385 5345 2604 5401 ἔλαττον
2649 5345 2816 5417 ἔχειν,
2847 5344 3032 5416 ἐπειδὴ
3071 5346 3272 5416 σημεῖα
3315 5342 3376 5396 οὐ
3408 5341 3670 5412 ποιοῦμεν
3716 5340 3838 5395 νῦν.

388 5426 489 5497 μὲν
511 5424 813 5496 θαυμαστοί
837 5420 978 5496 ἦσαν
1008 5425 1160 5498 παρὰ
1184 5428 1322 5480 πᾶσι
1345 5427 1913 5502 θαυματουργοῦντες,
1946 5433 2067 5485 ἐκεῖ
2166 5431 2333 5485 Οὐδὲν
2357 5431 2466 5504 γὰρ
2510 5434 2575 5487 ἐκ
2603 5434 2794 5487 τούτου
2823 5433 2986 5487 πλέον
3019 5433 3171 5486 ἔσται
3221 5433 3352 5504 ἡμῖν
3392 5447 3520 5484 ποτε
3555 5431 3622 5492 ’⁷,
3650 5428 3845 5501 ὥσπερ

385 5513 444 5568 δὲ
467 5512 671 5586 ὁρῶσιν
696 5513 743 5545 ⁸⁸
772 5513 999 5578 ἑαυτοὺς
1034 5513 1219 5568 λοιπὸν
1248 5514 1669 5587 κολαζομένους,
1709 5518 1787 5582 ὡς
1823 5518 2064 5590 ἐκπλητ·

458 5621 706 5704 ῃῦ
738 5621 880 5704 υἱοῦ]
916 5621 976 5704 τὸ
1012 5623 1150 5704 ulmi
1177 5623 1248 5704 AL
1279 5624 1354 5704 τὲ
1379 5625 1473 5680 τοῦ
1513 5626 1630 5704 υἰβοῦ
1862 5629 1936 5704 _“
1971 5629 2227 5704 θέλημα]
2255 5631 2382 5704 add.
2420 5632 2532 5704 καὶ
2571 5631 2688 5686 δοκι

806 5693 1372 5801 '13.‘::‘::5.P;,2:..‘:‘-
1386 5693 2101 5801 ιῖτροθιὲιιιῖὶτ.9ξξξῖιν.εάάέ

388 5692 511 5747 οὐδὲ
557 5692 696 5749 Είίά.
806 5692 879 5727 “—
899 5693 1071 5759 οὕτως
1110 5694 1171 5748 Β.
1213 5696 1275 5750 D.
1314 5695 1372 5749 F.
1405 5716 1445 5750 π

389 5763 437 5836 '_'
459 5762 636 5836 ταῦτα
665 5763 804 5820 Edd.
841 5765 1124 5836 συστῆναι]
1155 5765 1350 5836 στῆναι
1385 5765 1445 5822 F.

393 5833 456 5906 Β.
501 5832 566 5906 If.
627 5849 799 5906 p.'-p._
830 5836 941 5906 Καὶ
989 5832 1130 5899 τινὲς
1195 5832 1294 5906 μὲν
1330 5836 1483 5906 iEdd.
1581 5840 1626 5872 “

394 5903 443 5976 ἒξ
471 5903 822 5976 χάριάμσιίςο
857 5905 926 5976 τὲ
960 5907 1125 5976 mia

1640 5768 1986 5846 ὁρῶντες-Α.
2083 5773 2129 5846 '_’
2182 5773 2380 5846 ιςύριε,
2427 5773 2601 5846 [ξύριε
2645 5774 2704 5829 Β.
2728 5776 2865 5846 γούχί
2899 5774 2977 5846 τῷ
3003 5773 3063 5846 Ε.
3098 5768 3159 5828 οὗ
3188 5768 3279 5845 τῷ
3329 5777 3403 5846 Α.
3437 5775 3496 5830 Β.

1660 5841 2049 5928 μετεϐάλλοντο
2087 5844 2150 5897 Α.
2398 5841 2546 5928 “Ep;
2574 5841 2966 5928 καπεράλλοντο
3014 5845 3076 5902 Β.

1207 5924 1276 5960 τα
1326 5905 1386 5960 Β.
1424 5909 1484 5962 Ε.
1525 5910 1586 5964 F.
1660 5905 1725 5942 ’⁸⁸
1748 5913 1826 5976 εἰς
1855 5912 2018 5965 αὑτὸν
2047 5929 2157 5969 om.
2201 5914 2261 5968 B.
2289 5912 2353 5968 C.
2396 5905 2566 5968 DIF.

2168 5513 2262 5573 οὖν
2307 5520 2428 5574 οὺδέ
2457 5520 2678 5575 ἔλαττον
2713 5523 2779 5576 ἐκ
2805 5520 2900 5576 τοῦ
2936 5522 3010 5593 μὴ
3054 5524 3244 5587 ποιεῖν,
3277 5523 3372 5575 ἐὰν
3404 5520 3606 5592 άρετῆς
3647 5520 3846 5589 ἐπιμι-

2749 5634 2885 5663 ιν-.-
2922 5633 2992 5663 -.1.
3041 5633 3363 5663 ἓικκλιυηι--
3407 5631 3450 5663 ι)
3519 5631 3563 5663 π
3658 5631 3706 5663 η
3751 5630 3808 5663 ...ε

2192 5629 2211 5704 ]
2255 5631 2382 5688 add.
2437 5632 2532 5687 καὶ
2571 5631 2885 5759 δοκιὲάζεις
2922 5633 2992 5686 τὰ
3041 5633 3366 5704 διαφέροντα
3407 5631 3469 5687 Β.
3519 5631 3584 5688 F.
3658 5631 3706 5663 ⁸³
3751 5629 3841 5702 obl

2192 5702 2362 5804 3.τὲῗὲ
2401 5703 2686 5804 δείὶεὲ..ί“ι.
2739 5705 2859 5804 9.91..
2899 5704 3079 5804 ἶῗ-ῗξέν
3099 5705 3288 5804 ΞΞἮΥ
3319 5704 3477 5804 εὶάάίι
3533 5703 3582 5735 ⁸⁸
3595 5700 3841 5804 3δῖῗὲ

3188 5790 3591 5916 ’ῖῳχαίρίσῖατα

2687 5918 2734 5949 ’³
2767 5916 2860 5971 Sic
2888 5916 2956 5973 A.
2990 5915 3173 5972 caeleri
3206 5912 3330 5971 cuii:
3351 5912 3501 5985 'l‘ldﬂ.
3537 5912 3838 5985 ξκέρδανον.

395 5972 445 6006 ⁹⁶
464 5972 722 6046 κρίσεως]
755 5973 845 6032 Sic
882 5972 1095 6048 EXEI).
1128 5972 1224 6034 Ge.
1276 5980 1457 6034 caeleri
1496 5980 1787 6047 κολάσεως.
1810 5972 2044 6042 ’νοτίης

2163 5985 2261 6056 τῆς
2293 5984 2527 6057 κρίσεως
2557 6001 2666 6044 non
2691 5972 2952 6061 agnoscit,
2972 5989 3124 6042 Arm.
3199 5987 3244 6020 "
3283 5985 3406 6041 τότε
3431 5983 3491 6042 C.
3527 5972 3668 6041 Ge."
