4058 6356
264 333 361 388 Sil

269 508 3432 538 -ΜΜ

1243 327 1313 384 ΙΝ
1347 327 1755 388 ΜᾹΤΤΙΙιΕυΜ
1794 327 2022 386 IIOMIL.
2069 331 2253 387 XXIV.
2297 333 2367 388 al.
2408 332 2572 388 XXV.

3424 330 3531 387 322

1373 602 1721 666 HOMILIA
1764 602 2003 666 XXIV.
2041 604 2125 667 al.
2172 607 2378 669 XXV.

254 796 389 854 CAP.
419 797 474 853 7.
509 813 557 849 v.
594 797 643 851 1.
678 792 797 851 Non
833 796 993 850 omnis
1022 795 1106 865 qui
1144 792 1262 848 dicit
1292 794 1436 858 mihi,
1468 790 1705 853 Domine,
1730 787 1839 842 Do-

329 890 502 954 mine,
548 889 750 942 intrabit
790 890 844 942 in
885 905 1094 958 regnum
1136 887 1412 945 calorum.
1456 884 1545 938 sed
1589 883 1675 953 qui
1719 880 1841 955 facit

332 980 640 1034 uoluntatem
678 975 853 1032 Patris
882 979 979 1031 mei
1006 978 1091 1050 qui
1114 978 1167 1030 in
1193 976 1327 1030 uelis
1355 986 1446 1029 est.

333 1071 383 1126 I.
428 1070 548 1125 Non
576 1068 679 1125 alia
722 1069 882 1136 Filii,
910 1070 1016 1122 alia
1063 1066 1235 1121 Patris
1276 1067 1530 1122 uoluntas.
1564 1064 1839 1136 Signorum

259 1164 487 1233 Operatio
515 1162 623 1216 sine
650 1161 830 1215 virtute
856 1160 983 1213 nihil
1005 1159 1208 1230 prodest
1228 1156 1478 1227 aperanti.
1506 1188 1574 1198 —
1599 1157 1708 1211 Cur
1730 1171 1834 1211 non

260 1257 426 1320 dixit,
450 1253 561 1310 Sed
592 1254 681 1324 qui
712 1252 835 1307 facit
858 1253 1183 1307 voluntatem
1214 1250 1425 1305 meam?
1454 1249 1586 1315 Quia
1626 1248 1728 1303 hoc
1758 1248 1841 1301 in-

260 1349 417 1404 terim
466 1352 711 1418 poterant
754 1344 1010 1400 libentius
1038 1344 1295 1414 accipere.
1347 1340 1481 1396 Illud
1522 1342 1664 1397 enim
1712 1356 1837 1410 per-

259 1454 423 1508 pensa
480 1437 687 1493 illorum
743 1436 1047 1491 inﬁrmitate
1089 1444 1216 1489 tunc
1264 1448 1511 1504 magnum
1551 1430 1836 1486 admodum

257 1539 395 1584 erat.
424 1527 672 1600 Alioquin
702 1542 826 1583 vero
857 1542 949 1596 per
976 1526 1104 1581 illud
1134 1525 1235 1579 hoc
1266 1526 1435 1595 ipsum
1464 1525 1624 1579 etiam
1650 1522 1836 1579 subin-

259 1620 475 1676 dicavit.
503 1620 585 1675 Ad
613 1620 727 1674 haec
751 1628 931 1674 autem
964 1616 1091 1673 illud
1122 1618 1340 1687 insuper
1373 1616 1657 1672 dicendum
1682 1659 1697 1681 ,
1730 1630 1835 1670 non

259 1728 382 1768 esse
428 1712 584 1766 aliam
621 1710 780 1775 Filii,
812 1710 969 1765 aliam
995 1710 1169 1765 Patris
1190 1711 1537 1764 voluntatem.
1572 1708 1668 1763 llic
1706 1723 1837 1764 vero

258 1803 390 1859 mihi
441 1803 673 1858 maxime
716 1801 927 1857 videtur
967 1801 1179 1857 Judmos
1221 1801 1606 1873 perstringere,
1648 1801 1739 1871 qui
1783 1801 1838 1855 in

257 1894 592 1963 dogmatibus
637 1908 897 1949 summam
937 1908 1115 1947 rerum
1149 1892 1453 1961 ponebant,
1486 1906 1585 1947 nec
1620 1891 1690 1947 de
1730 1892 1838 1946 vita

258 1986 426 2055 probe
455 1984 655 2056 agenda
678 1986 951 2040 curabant.
982 1982 1109 2040 Ideo
1133 1985 1250 2040 illos
1279 1984 1477 2040 Paulus
1495 1986 1735 2056 coarguit
1758 1985 1839 2040 di-

254 2090 386 2130 cens
416 2093 428 2127 :
466 2075 595 2130 Ecce
633 2086 687 2129 tu
710 2073 926 2129 Iudaeus
967 2076 1370 2147 cognominaris,
1397 2084 1444 2129 et
1482 2076 1748 2144 requiescis
1784 2076 1838 2129 in

256 2169 388 2238 lege,
418 2178 463 2222 et
489 2167 726 2239 gloriaris
754 2169 806 2221 in
828 2166 956 2233 Deo,
984 2178 1033 2222 et
1057 2169 1190 2222 nosti
1226 2169 1530 2222 uoluntatem
1555 2167 1745 2241 (Rom.
1776 2169 1833 2224 2.

258 2260 347 2314 17.
376 2259 493 2329 18).
519 2259 712 2314 Verum
742 2259 877 2315 nihil
898 2259 988 2315 tibi
1010 2274 1075 2315 ex
1098 2259 1185 2314 illa
1213 2258 1449 2326 accedit,
1480 2259 1690 2330 quando
1716 2260 1837 2314 vita:

256 2360 309 2405 et
335 2365 555 2419 operum
593 2350 896 2421 exemplum
925 2367 1028 2406 non
1066 2350 1237 2406 adest.
1267 2351 1361 2407 Ille
1402 2361 1578 2407 autem
1606 2367 1712 2407 non
1750 2351 1837 2407 hic

249 2443 527 2511 substitit,
554 2444 646 2498 sed
666 2444 809 2515 quod
840 2445 1007 2499 multo
1033 2445 1203 2512 majus
1227 2453 1341 2500 erat
1362 2445 1494 2501 dixit
1521 2464 1535 2501 :
1565 2445 1653 2500 22.
1684 2445 1837 2501 .Ilulti

254 2536 391 2588 enim
414 2536 578 2589 dicent
605 2536 728 2589 mihi
756 2537 807 2589 in
843 2537 925 2591 die
950 2536 1043 2591 illa
1065 2576 1080 2602 ,
1112 2534 1345 2601 Domine,
1394 2536 1628 2603 Domine,
1672 2554 1839 2592 nonne

254 2626 307 2679 in
337 2627 537 2679 nomine
571 2635 654 2679 tuo
691 2626 1139 2697 prophetavimus?
1179 2626 1293 2682 Non
1327 2627 1470 2683 enim
1514 2629 1685 2683 solum
1707 2671 1722 2694 ,
1752 2631 1835 2683 in-

254 2717 403 2784 quit.
434 2718 523 2785 qui
570 2715 724 2771 ﬁdem
774 2718 969 2783 habet,
1003 2719 1047 2772 si
1088 2719 1193 2772 vita
1235 2718 1562 2789 negligatur,
1601 2736 1666 2775 ex
1692 2720 1836 2777 czelis

252 2810 591 2873 excluditur;
619 2811 710 2865 sed
743 2812 949 2865 etiamsi
980 2828 1101 2866 cum
1142 2812 1244 2869 ﬁde
1278 2814 1440 2867 multa
1470 2814 1620 2884 signa
1650 2814 1837 2869 edide-

251 2901 325 2954 rit
348 2942 363 2965 ,
397 2917 495 2955 nec
516 2901 637 2956 boni
660 2902 925 2973 quidpiam
954 2903 1169 2968 fecerit,
1196 2919 1223 2957 a
1255 2906 1420 2959 sacris
1444 2904 1689 2961 similiter
1715 2921 1839 2977 por-

250 2995 322 3047 tis
349 2995 659 3064 repelletur.
692 2994 845 3049 Multi
869 2997 1002 3050 enim
1037 2997 1162 3051 mihi
1181 2997 1347 3051 dicent
1384 2998 1437 3051 in
1464 2996 1546 3051 die
1572 2997 1695 3065 illa,
1726 2996 1835 3051 Do-

249 3089 409 3154 mine,
446 3085 695 3155 Domine,
742 3106 909 3144 nonne
950 3092 1003 3144 in
1048 3091 1250 3145 nomine
1277 3100 1363 3145 tuo
1391 3093 1839 3165 prophetavimw.?

259 3177 447 3232 \‘iden‘
475 3179 741 3250 quomodo
771 3195 891 3236 sese
935 3181 1158 3237 latenter
1186 3191 1366 3252 postea
1399 3182 1556 3238 simul
1584 3183 1833 3251 inducat,

251 3278 535 3339 postquam
565 3279 725 3325 totam
750 3272 977 3327 absolvit
1003 3273 1337 3340 concionem,
1376 3289 1435 3329 se
1460 3289 1669 3345 quoque
1689 3274 1833 3343 judi-

250 3376 370 3416 cem
401 3362 671 3417 ostendit?
701 3363 845 3418 Nam
875 3364 1014 3434 quod
1059 3365 1189 3420 ultio
1222 3375 1530 3437 peccatores
1578 3367 1647 3421 sit
1693 3366 1839 3421 inva-

253 3470 403 3519 sura,
431 3454 541 3525 jam
570 3456 714 3526 prius
741 3458 1079 3524 ostenderat;
1108 3460 1226 3529 quis
1249 3470 1427 3515 autem
1456 3460 1597 3515 ultor
1626 3460 1835 3515 futurus

247 3556 426 3615 esset,
452 3548 536 3603 hic
561 3550 774 3605 demum
805 3553 1041 3616 revelat;
1072 3568 1169 3607 nec
1196 3554 1337 3608 clare
1361 3552 1512 3616 dixit.
1547 3554 1657 3624 Ego
1678 3569 1832 3618 sum;

250 3647 370 3703 sed,
402 3639 557 3694 Multi
595 3641 757 3696 dicent
784 3644 928 3710 mihi,
963 3644 1188 3713 idipsum
1220 3660 1405 3699 rursus
1434 3643 1692 3699 indicans.
1722 3644 1835 3700 Nisi

249 3730 399 3785 enim
428 3734 542 3801 ipse
566 3732 726 3801 judex
757 3742 919 3801 esset,
948 3734 1217 3804 quomodo
1244 3734 1467 3790 dixisset
1495 3735 1572 3791 eis
1605 3753 1618 3789 :
1644 3734 1735 3791 25.
1766 3734 1836 3789 Et

255 3833 377 3879 tunc
402 3825 675 3893 confitebor
693 3826 781 3889 eis,
809 3824 1060 3880 Discedite
1086 3844 1117 3880 a
1137 3843 1234 3894 me,
1263 3844 1536 3899 numquam
1574 3828 1688 3883 novi
1708 3844 1793 3882 vos
1811 3828 1837 3882 ?

252 3915 372 3970 Non
403 3916 576 3971 solum
623 3916 675 3971 in
700 3916 787 3972 die
812 3916 995 3985 jndicii
1014 3959 1029 3984 ,
1057 3918 1150 3973 sed
1196 3933 1369 3988 neque
1392 3918 1552 3973 etiam
1579 3933 1699 3973 cum
1729 3916 1834 3973 mi-

251 4008 434 4063 racula
464 4008 756 4064 edideritis.
791 4009 1021 4080 ideoque
1065 4009 1338 4080 discipulis
1383 4009 1632 4065 dicebat:
1661 4008 1837 4064 Nolite

252 4102 475 4172 gaudere
491 4143 506 4169 ,
534 4102 653 4173 quia
681 4102 930 4157 dwmonia
958 4104 1094 4157 vobis
1114 4103 1466 4175 subjiciuntur,
1489 4103 1578 4157 sed
1602 4104 1719 4175 quia
1745 4120 1838 4157 no-

254 4195 393 4249 mina
417 4205 581 4250 uestra
608 4196 794 4266 scripta
813 4204 929 4249 sunt
955 4196 1008 4249 in
1037 4197 1173 4251 uelis
1194 4194 1342 4267 (Luc.
1370 4196 1456 4251 I0.
1488 4195 1605 4267 20).
1636 4196 1697 4249 Iit
1722 4194 1837 4250 ubi-

254 4300 361 4356 que
388 4286 610 4341 multam
634 4284 785 4356 jubet
800 4286 921 4340 vitae
946 4301 1128 4341 curam
1150 4302 1328 4357 agere.
1350 4284 1531 4356 Neque
1551 4285 1694 4341 enim
1721 4284 1835 4341 ﬁeri

254 4390 511 4451 umquam
541 4384 740 4449 potest,
770 4385 827 4432 ut
862 4375 1023 4431 homo
1061 4387 1208 4432 recte
1234 4379 1395 4432 vitam
1437 4376 1718 4433 instituens
1738 4418 1755 4442 ,
1784 4386 1838 4432 et

254 4467 504 4521 omnibus
544 4467 708 4521 animi
754 4468 954 4522 morbis
999 4468 1291 4533 liberatus,
1335 4468 1689 4539 despiciatur;
1742 4468 1837 4525 sed

254 4557 357 4613 etsi
384 4558 671 4629 aliquando
698 4560 998 4623 erraverit,
1027 4560 1134 4614 cito
1165 4560 1310 4614 illum
1337 4560 1476 4614 Deus
1500 4560 1566 4615 ad
1596 4562 1835 4617 notitiam

254 4648 498 4705 veritatis
528 4649 819 4720 pertrabet.
848 4648 1046 4706 Verum
1076 4650 1289 4721 quidam
1332 4659 1456 4705 sunt
1492 4651 1579 4722 qui
1608 4650 1793 4706 dicunt
1819 4694 1836 4721 ,

255 4742 404 4813 ipsos
450 4741 523 4797 ita
572 4741 771 4797 dixisse
811 4742 1154 4810 mentiendo,
1207 4742 1436 4813 ideoque
1477 4743 1701 4798 salutem
1732 4760 1836 4799 non

256 4848 377 4889 esse
403 4841 785 4903 consequutos.
834 4832 973 4902 Ergo
1003 4841 1209 4897 contra,
1240 4848 1397 4903 quam
1438 4835 1711 4898 voluerat,
1740 4832 1837 4887 ad-

253 4925 435 4980 struit.
484 4923 611 4980 lllud
639 4925 836 4996 quippe
878 4926 990 4980 vult
1028 4924 1114 4980 hic
1152 4924 1435 4980 ostendere
1459 4966 1474 4990 ,
1503 4924 1659 4980 ﬁdem
1709 4925 1840 4980 nihil

256 5020 374 5071 sine
401 5016 656 5087 operibus
682 5018 880 5072 valere.
907 5015 1108 5071 Deinde
1148 5015 1197 5071 id
1224 5017 1541 5083 extendens,
1573 5018 1719 5089 signa
1748 5017 1843 5073 ad-

256 5110 428 5164 didit:
456 5109 746 5165 ostendens
784 5124 892 5164 non
930 5108 1090 5165 modo
1121 5108 1274 5165 ﬁdem
1296 5151 1312 5178 ,
1354 5110 1447 5165 sed
1476 5111 1634 5166 etiam
1660 5112 1841 5181 signo-

259 5218 377 5257 rum
398 5203 762 5272 operationem
788 5204 1028 5271 operanti
1053 5200 1307 5272 prodesse
1332 5202 1461 5257 nihil
1486 5202 1603 5258 sine
1629 5203 1840 5258 virtute.

262 5292 370 5348 Nisi
401 5301 580 5348 autem
629 5292 707 5348 illi
753 5292 905 5363 signa
950 5292 1232 5359 fecissent,
1261 5292 1529 5364 quomodo
1558 5293 1672 5349 hac
1699 5304 1844 5349 stare

261 5384 364 5439 hoc
394 5384 514 5440 loco
546 5382 884 5454 potuissent?
908 5382 1155 5455 Alioquin
1199 5394 1378 5440 autem
1421 5399 1527 5439 non
1556 5385 1672 5441 ausi
1718 5385 1844 5441 luis-

260 5485 402 5541 sent,
431 5486 695 5546 praesente
718 5474 941 5545 judicio,
969 5475 1053 5531 his
1078 5475 1225 5531 illum
1264 5476 1481 5547 alloqui.
1514 5477 1630 5547 Ipsa
1664 5488 1844 5535 autem

260 5568 568 5639 responsio,
590 5577 702 5624 tum
733 5568 897 5624 etiam
923 5568 1063 5640 quod
1092 5568 1191 5639 ipsi
1222 5568 1598 5639 interrogando
1624 5570 1847 5641 loquan-

263 5668 372 5726 tur,
406 5660 641 5715 ostendit
667 5660 813 5731 ipsos
841 5657 894 5714 id
931 5675 1057 5715 vere
1084 5661 1293 5717 fecisse.
1330 5661 1463 5728 Quia
1494 5661 1636 5716 enim
1657 5676 1848 5732 exspe-

264 5743 488 5802 ctationi
516 5758 628 5804 suae
653 5749 979 5808 contrarium
1028 5750 1188 5808 ﬁnem
1221 5767 1342 5812 esse
1365 5750 1653 5824 videbant,
1675 5762 1732 5811 et
1757 5753 1843 5811 hic

1956 786 2219 843 mirabilia
2249 791 2506 860 patrando
2546 795 2859 865 conspicui,
2888 796 2992 852 illic
3040 812 3099 852 se
3128 799 3386 869 supplicio
3420 800 3533 873 ple-

1948 879 2168 934 ctendos
2213 884 2532 949 cernebant,
2581 887 2859 957 stupefacti
2906 898 2959 943 et
3002 892 3257 946 mirantes
3303 892 3532 947 dicunt:

1946 967 2185 1037 Domine,
2219 972 2453 1041 Domine,
2488 994 2653 1033 nonne
2670 981 2722 1032 in
2749 997 2950 1034 nomine
2978 990 3062 1035 tuo
3094 984 3532 1052 prophetavimus.’

1947 1062 2215 1128 quomodo
2262 1081 2389 1135 ergo
2436 1082 2578 1123 nunc
2624 1084 2721 1124 nos
2764 1072 3073 1126 aversaris?
3116 1074 3241 1144 quid
3290 1076 3387 1130 sibi
3418 1080 3531 1132 vult

1948 1151 2343 1223 inexspectatus
2392 1157 2478 1211 ille
2524 1158 2683 1214 ﬁnis?
2726 1161 2829 1216 Sed
2880 1163 2953 1216 illi
2993 1164 3205 1234 quidem
3247 1169 3530 1230 mirantur,

1946 1242 2085 1311 quod
2119 1255 2235 1313 post
2282 1247 2405 1302 talia
2450 1249 2592 1304 edita
2638 1266 2799 1320 opera
2849 1254 3136 1322 puniantur
3167 1274 3179 1310 :
3209 1266 3263 1310 tu
3304 1274 3530 1316 verone

1944 1335 2175 1390 mireris.
2217 1335 2404 1393 Omnis
2432 1342 2627 1411 quippe
2652 1345 2820 1412 gratia
2846 1360 2909 1399 ex
2937 1344 3115 1401 dantis
3148 1364 3370 1405 munere
3402 1368 3532 1421 pro-

1941 1426 2020 1481 dit
2049 1445 2062 1481 :
2090 1428 2163 1483 illi
2192 1445 2318 1484 vero
2344 1431 2476 1487 nihil
2507 1449 2536 1487 a
2564 1435 2753 1505 seipsis
2781 1438 3109 1507 attulerunt,
3148 1441 3373 1512 ideoque
3410 1446 3531 1514 jure

1942 1521 2202 1591 supplicio
2225 1523 2524 1592 traduntur,
2548 1542 2612 1581 eo
2633 1528 2771 1597 quod
2792 1544 2913 1600 erga
2934 1546 3054 1585 eum
3083 1534 3169 1602 qui
3194 1534 3269 1589 sic
3290 1535 3413 1591 illos
3433 1537 3529 1592 ho-

1942 1623 2244 1679 noraverat,
2270 1625 2326 1670 ut
2348 1618 2576 1689 indignis
2600 1621 2755 1676 talem
2784 1624 3005 1692 gratiam
3031 1624 3312 1693 tribueret,
3337 1629 3527 1700 ingrati

1942 1702 2159 1758 fuerint.
2197 1705 2305 1761 Cur
2336 1723 2483 1778 ergo,
2516 1711 2743 1782 inquies,
2780 1714 3039 1784 iniquitati
3072 1718 3259 1774 dantes
3285 1737 3527 1791 operam,

1943 1793 2064 1847 talia
2094 1796 2241 1865 signa
2268 1797 2791 1872 edebant?Suntqui
2818 1803 3017 1871 dicant,
3034 1822 3127 1861 eos
3153 1825 3259 1879 quo
3286 1820 3527 1881 tempore

1940 1885 2195 1941 miracula
2218 1890 2515 1957 patrabant,
2535 1891 2713 1962 inique
2736 1909 2839 1948 non
2868 1897 3061 1966 egisse,
3085 1898 3177 1953 sed
3203 1910 3385 1970 postea
3405 1920 3527 1957 mu--

1942 1983 2099 2042 latos,
2125 1980 2261 2033 mala
2282 1980 2440 2036 luisse
2456 1983 2926 2052 operatosNerum
2952 1989 2994 2042 si
3023 1988 3125 2045 hoc
3151 1990 3219 2044 ita
3236 2002 3395 2058 esset,
3418 2011 3526 2050 non

1941 2081 2123 2140 posset
2136 2081 2279 2128 stare
2295 2076 2576 2130 sententia.
2590 2076 2722 2132 Nam
2742 2080 2881 2147 quod
2900 2078 3142 2138 Christus
3159 2084 3528 2145 demonstrare

1940 2161 2171 2229 volebat,
2193 2163 2293 2219 hoc
2310 2175 2423 2220 erat
2442 2184 2453 2219 :
2472 2183 2643 2239 neque
2663 2169 2842 2237 ﬁdem,
2858 2187 3033 2243 neque
3054 2175 3307 2231 miracula
3329 2180 3525 2245 valere,

1939 2255 2045 2309 vita
2076 2270 2183 2311 non
2204 2260 2605 2316 consentiente:
2633 2263 2775 2333 quod
2798 2274 2852 2319 et
2867 2263 3063 2321 Paulus
3081 2266 3317 2323 dicebat:
3345 2269 3405 2325 Si
3427 2270 3525 2324 ha-

1940 2345 2095 2401 buero
2120 2348 2293 2416 ﬁdem,
2312 2349 2383 2402 ita
2408 2359 2463 2403 ut
2490 2362 2681 2407 montes
2711 2356 3097 2425 transferam,et
3126 2376 3307 2414 novere
3334 2372 3524 2432 myste-

1938 2441 2017 2490 ria
2042 2441 2232 2505 omnia,
2254 2449 2301 2493 et
2327 2456 2525 2495 omnem
2553 2444 2802 2509 notitiam,
2826 2446 3085 2501 caritatem
3108 2460 3275 2505 autent
3306 2468 3406 2505 non
3432 2456 3529 2506 ha-

1941 2530 2102 2597 beam,
2121 2532 2371 2587 niln'lsum
2392 2533 2439 2602 (l
2454 2573 2467 2587 .
2490 2532 2609 2589 Cor.
2633 2537 2718 2590 l5.
2733 2535 2813 2608 2).
2835 2537 3060 2605 Quinam
3090 2540 3268 2610 igitur,
3293 2544 3522 2613 inquies.

1939 2621 2024 2677 isti
2055 2625 2221 2679 sunt?
2246 2624 2396 2680 Multi
2427 2627 2755 2683 credentium
2796 2628 2934 2685 dona
2965 2645 3316 2701 acceperant;
3351 2636 3526 2705 qualis

1940 2723 2058 2768 erat
2085 2714 2192 2778 ille,
2221 2717 2308 2785 qui
2340 2732 2461 2771 cum
2487 2718 2658 2787 ipsum
2688 2734 2793 2774 non
2832 2732 3169 2791 sequeretur,
3201 2732 3385 2779 tamen
3413 2726 3523 2781 da:-

1940 2806 2117 2859 monia
2145 2806 2389 2876 ejiciebat
2418 2825 2433 2874 ;
2461 2811 2634 2878 qualis
2660 2820 2775 2865 erat
2792 2810 2955 2866 Judas
2983 2830 2996 2865 :
3031 2829 3150 2867 nam
3174 2814 3261 2869 hic
3287 2831 3521 2888 quoque,

1939 2913 2062 2952 cum
2095 2898 2268 2954 malus
2293 2910 2453 2963 esset.
2478 2902 2674 2957 donum
2705 2915 3002 2975 acceperat.
3034 2905 3087 2961 In
3116 2909 3279 2963 veteri
3311 2926 3526 2982 quoque

1942 2987 2059 3059 lege
2095 2991 2145 3044 id
2176 2993 2411 3060 reperire
2437 3003 2517 3048 est
2537 3034 2552 3057 ,
2576 2995 2800 3063 gratiam
2825 3011 3015 3066 nempe
3044 2998 3097 3051 in
3126 2998 3356 3069 indignis
3381 3017 3527 3071 smpc

1940 3093 2249 3152 operantem
2274 3126 2290 3152 ,
2339 3095 2393 3139 ut
2435 3086 2551 3140 aliis
2594 3086 2853 3143 beneﬁcia
2897 3090 3183 3145 conferret.
3216 3092 3348 3157 Quia
3376 3094 3521 3149 enim

1940 3189 2046 3229 non
2076 3190 2261 3231 omnes
2310 3176 2376 3231 ad
2422 3178 2601 3232 omnia
2629 3162 2827 3235 idonei
2855 3191 3043 3246 erant;
3073 3182 3165 3237 sed
3192 3182 3277 3237 alii
3309 3184 3523 3253 quidem

1938 3265 2101 3320 vitam
2130 3282 2311 3335 puram
2341 3268 2588 3338 agebant,
2616 3284 2792 3339 neque
2820 3282 2961 3325 tanta
2988 3271 3090 3327 ﬁde
3117 3273 3325 3343 praediti
3347 3285 3521 3342 erant,

1940 3357 2027 3412 alii
2058 3373 2187 3412 vero
2213 3373 2244 3413 e
2275 3359 2543 3413 contrario
2575 3378 2589 3414 :
2623 3369 2676 3415 et
2704 3361 2789 3415 his
2817 3362 2980 3416 utitur
2999 3403 3012 3426 ,
3038 3373 3096 3417 ut
3126 3363 3246 3419 illos
3271 3376 3484 3421 moneat
3503 3407 3521 3434 ,

1941 3456 1997 3501 ut
2026 3449 2243 3503 multam
2269 3449 2425 3505 ﬁdem
2450 3449 2758 3517 exhibeant,
2783 3463 2839 3507 et
2863 3453 2981 3508 illos
3012 3470 3106 3524 per
3131 3454 3394 3512 inell‘abile
3422 3457 3523 3514 hoc

1939 3539 2135 3594 donum
2165 3548 2385 3605 evocat,
2418 3550 2477 3595 ut
2506 3541 2754 3597 meliores
2783 3544 3029 3598 evadant.

2009 3630 2066 3685 2.
2096 3630 2330 3686 Potestas
2359 3634 2766 3699 supernaturalis
2789 3635 2896 3689 sine
2924 3637 3104 3690 virtute
3132 3637 3336 3691 exitium
3363 3639 3518 3708 parit.

1953 3723 2160 3778 Virtutis
2187 3726 2553 3795 prterogativae.
2579 3756 2640 3768 —
2673 3726 2902 3798 Ideoque
2926 3729 3381 3786 abundantissime
3396 3747 3520 3801 gra-

1942 3818 2068 3873 tiam
2109 3818 2291 3873 dabat.
2342 3817 2580 3885 Virtutes,
2614 3819 2880 3890 inquiunt,
2928 3822 3115 3876 multas
3158 3824 3386 3895 fecimus.
3418 3824 3525 3879 Sed

1941 3909 2216 3978 conﬁtebor
2263 3910 2366 3964 illis
2410 3918 2556 3976 tunc,
2588 3909 2712 3964 Non
2745 3914 2858 3965 novi
2886 3929 2991 3967 vos.
3026 3912 3181 3969 Nunc
3214 3914 3433 3985 quidem
3463 3930 3524 3970 se

1940 4002 2139 4056 amicos
2181 4016 2330 4057 meos
2353 4017 2474 4057 esse
2502 4011 2730 4072 putant;
2767 4012 2891 4057 tunc
2922 4019 3050 4059 vero
3087 4015 3412 4074 cognoscent
3437 4022 3524 4061 me

1944 4096 2049 4150 illis
2098 4111 2201 4149 non
2249 4104 2307 4149 ut
2358 4096 2545 4151 amicis
2586 4095 2814 4150 dedisse.
2854 4096 3057 4167 Ecquid
3086 4098 3295 4153 miraris
3321 4098 3364 4152 si
3395 4099 3525 4152 viris

1941 4187 2154 4258 quidem
2184 4188 2235 4241 in
2264 4188 2436 4257 ipsum
2467 4187 2831 4243 credentibus.
2856 4190 2949 4244 sed
2979 4189 3141 4244 vitam
3170 4206 3276 4244 non
3318 4189 3523 4245 baben-

1944 4279 2083 4335 tibus
2108 4295 2420 4346 consonam,
2445 4273 2663 4336 munera
2695 4282 2782 4336 illa
2811 4281 2976 4348 dedit,
3000 4282 3213 4354 quando
3234 4284 3284 4337 in
3310 4284 3375 4337 iis
3392 4299 3523 4353 quo-

1941 4387 2045 4442 que
2068 4371 2156 4442 qui
2179 4383 2405 4442 utroque
2434 4371 2742 4442 hujttsmodi
2776 4374 2915 4427 bono
2943 4376 3094 4430 vacui
3119 4384 3292 4440 erant,
3319 4375 3524 4429 inveni—

1942 4472 2029 4518 tur
2053 4464 2349 4534 operatus?
2378 4464 2591 4519 Balaam
2617 4465 2812 4535 quippe
2835 4475 2938 4520 eta
2974 4465 3081 4522 ﬁde
3108 4476 3163 4521 et
3188 4483 3217 4521 a
3250 4468 3385 4523 bona
3417 4473 3521 4525 vita

1941 4556 2146 4612 alienus
2172 4565 2290 4611 erat
2324 4554 2343 4628 (
2375 4554 2535 4610 Num.
2566 4555 2637 4612 24
2663 4558 2722 4628 );
2770 4566 3001 4613 attamen
3028 4561 3196 4630 gratia
3236 4560 3287 4615 in
3325 4563 3418 4617 illo
3457 4564 3524 4618 ad

1943 4649 2166 4703 aliorum
2198 4663 2287 4703 res
2316 4649 2670 4719 providendas
2697 4660 2915 4719 operata
2942 4659 3043 4706 est.
3076 4651 3359 4724 Etiamque
3389 4654 3526 4709 Pha-

1943 4754 2037 4794 rao
2082 4740 2204 4794 talis
2227 4748 2342 4795 erat
2367 4756 2381 4805 ;
2411 4749 2465 4794 et
2490 4749 2670 4795 tamen
2701 4741 2799 4811 ipsi
2837 4756 3047 4812 quoque
3075 4742 3249 4798 futura
3271 4746 3526 4800 ostendit.

1944 4833 2011 4887 Et
2054 4830 2565 4886 Nabuchodonosori
2608 4831 2942 4902 iniquissimo
2985 4848 3047 4887 ea
3090 4849 3209 4902 qum
3240 4844 3359 4905 post
3387 4837 3532 4890 mul-

1947 4937 2025 4982 tas
2074 4928 2445 4998 generationes
2487 4927 2664 4981 futura
2711 4935 2866 4982 erant
2909 4928 3166 4983 revelavit
3191 4928 3210 4999 (
3239 4927 3376 4983 Dan.
3422 4927 3529 5001 2).

1949 5020 2115 5090 Ipsius
2147 5034 2359 5090 quoque
2388 5017 2514 5083 ﬁlio,
2545 5018 2637 5089 qui
2664 5026 2871 5089 patrem
2905 5018 3186 5088 iniquitate
3215 5020 3524 5089 superabat,

1948 5112 2120 5168 futura
2169 5111 2441 5172 ostendit:
2474 5109 2746 5165 mirabiles
2782 5124 3110 5180 magnasque
3150 5125 3238 5165 res
3290 5110 3361 5165 ita
3414 5112 3528 5167 dis-

1948 5218 2176 5275 pensans
2214 5203 2235 5273 (
2267 5202 2400 5257 Dan.
2428 5202 2518 5271 5).
2554 5201 2688 5270 Quia
2733 5200 2892 5270 igitur
2932 5201 3322 5272 praedicationis
3367 5217 3529 5258 exor-

1949 5293 2035 5349 dia
2060 5302 2167 5347 tum
2198 5301 2372 5359 erant,
2405 5293 2676 5362 multaque
2701 5291 2983 5361 Oportebat
3021 5290 3135 5362 ejus
3164 5295 3415 5361 potentia:
3441 5308 3522 5347 ar-

1949 5395 2200 5457 gumenta
2229 5383 2550 5448 monstrari,
2578 5384 2727 5438 multi
2754 5399 2820 5437 ex
2846 5382 3182 5453 indignorum
3231 5385 3394 5438 etiam
3425 5399 3517 5438 nu-

1951 5492 2103 5533 mero
2130 5477 2268 5532 dona
2295 5476 2646 5546 accipiebant.
2674 5475 3097 5530 Attamenilliex
3128 5474 3426 5530 istiusmodi
3455 5476 3519 5531 si-

1950 5572 2068 5642 gnis
2097 5569 2229 5625 nihil
2269 5569 2635 5635 lucrabantur,
2675 5567 2769 5623 sed
2804 5568 2963 5622 etiam
3007 5569 3238 5639 graviori
3272 5570 3530 5640 supplicio

1953 5664 2263 5736 puniuntur.
2316 5661 2546 5734 Ideoque
2594 5662 2734 5717 hanc
2778 5661 3071 5716 terribilem
3124 5676 3311 5717 vocem
3355 5664 3530 5721 emisit

1960 5755 2131 5827 ipsis:
2162 5752 2455 5825 Numquam
2484 5754 2598 5809 novi
2626 5769 2731 5809 vos.
2783 5752 2975 5808 Multos
3024 5767 3166 5809 enim
3208 5751 3295 5812 hic
3327 5753 3532 5824 odit,et
