4038 6364
549 336 661 416 sas

551 491 680 534 ante
708 475 962 547 judicium
993 475 1010 507 ¹
1042 483 1340 530 aversatur.
1371 473 1681 530 Timeamus
1707 473 1909 542 itaque,
1941 470 2143 534 dilecti,

555 582 615 625 et
638 569 861 625 multam
890 565 1232 622 instituenda:
1256 567 1380 620 vita:
1402 581 1587 620 curam
1615 564 1985 635 impendamus
2008 580 2024 630 ;
2056 580 2148 618 ne-

553 677 661 732 que
686 669 931 731 putemus
960 659 1140 714 minus
1165 675 1264 713 nos
1293 658 1514 725 habere,
1537 657 1660 728 quia
1690 657 1839 727 signa
1868 670 2012 711 nunc
2040 670 2148 710 non

555 753 805 810 facimus.
831 754 973 810 Nihil
1001 755 1146 810 enim
1177 768 1431 824 umquam
1461 751 1696 823 amplius
1720 767 1785 807 ex
1809 751 1974 821 signis
1993 750 2149 806 nobis

542 835 833 912 reddetur,
849 845 988 901 sicut
1010 844 1145 899 nihil
1167 845 1344 898 minus
1372 858 1437 898 eo
1452 842 1594 914 quod
1619 842 1771 912 signa
1793 857 1900 896 non
1919 840 2146 896 edamus

555 937 600 990 si
627 936 912 992 virtutibus
931 937 1182 992 omnibus
1203 936 1392 991 demus
1421 950 1662 1006 operam.
1683 933 1970 1004 Signerum
1994 933 2148 1004 quip-

552 1046 624 1100 pe
655 1031 926 1087 debitores
956 1047 1061 1086 non
1080 1044 1288 1098 sumus,
1316 1043 1412 1099 pro
1438 1029 1580 1085 bona
1601 1035 1780 1083 autem
1803 1027 1910 1082 vita
1932 1035 1989 1082 et
2016 1040 2150 1098 epe-

557 1121 706 1178 rihus
731 1164 746 1187 ,
780 1123 946 1177 Deum
997 1122 1258 1177 habemus
1301 1120 1626 1177 debitorem.
1669 1115 1808 1188 Quia
1850 1117 2011 1189 igitur
2056 1117 2150 1173 ille

555 1223 746 1268 cuncta
780 1213 1020 1283 perfecit.
1048 1222 1104 1269 et
1131 1212 1199 1268 de
1228 1213 1425 1267 virtute
1449 1211 1854 1266 accuratissime
1875 1208 2146 1275 disseruit,

557 1322 621 1360 ac
640 1304 888 1360 virtutem
920 1305 1238 1360 simulantes
1264 1320 1294 1358 a
1323 1303 1507 1374 probis
1543 1303 1786 1358 diversos
1811 1317 1933 1358 esse
1956 1311 2146 1358 osten-

551 1398 672 1463 dit;
702 1399 820 1454 illos
856 1414 1048 1470 nempe
1068 1399 1156 1470 qui
1180 1398 1487 1468 jejunarent
1514 1398 1598 1453 vel
1627 1406 1847 1453 orarent
1871 1397 1936 1451 ad
1963 1405 2148 1452 osten-

553 1491 962 1557 tntionem,cos
999 1493 1088 1560 qui
1119 1489 1220 1545 sub
1269 1489 1408 1559 pelle
1449 1489 1628 1544 ovium
1693 1487 2030 1554 accederent,
2054 1503 2150 1542 eos

559 1585 645 1652 qui
679 1583 928 1638 virtutem
961 1582 1381 1650 labefactarent,
1414 1596 1550 1652 quos
1593 1589 1648 1635 et
1677 1595 1870 1650 porcos
1896 1589 1953 1635 et
1987 1595 2149 1636 canes

552 1664 791 1741 vocavit,
815 1673 1114 1729 (ostendens
1143 1672 1360 1729 demum
1391 1682 1651 1743 quantum
1679 1681 1826 1728 esset
1849 1671 1933 1726 vel
1965 1671 2017 1726 in
2049 1671 2150 1726 hac

547 1769 672 1843 vita
704 1768 918 1823 virtutis
944 1768 1148 1822 lucrum
1176 1807 1194 1834 ,
1233 1775 1602 1838 quantumque
1630 1773 1929 1834 emergeret
1952 1778 2022 1819 ex
2049 1763 2150 1818 im-

559 1861 822 1928 probitate
873 1871 1251 1915 nocumentum
1274 1900 1290 1926 ,
1340 1859 1471 1915 dicit
1519 1875 1533 1912 :
1565 1858 1657 1914 24.
1691 1855 1870 1913 Omnis
1896 1857 1983 1927 qui
2006 1856 2148 1910 audit

543 1953 712 2021 verba
732 1970 843 2007 mea
863 1953 977 2008 inec
996 1994 1017 2021 ,
1044 1963 1091 2007 et
1121 1953 1245 2025 facit
1267 1969 1347 2020 ea,
1391 1951 1756 2007 assintilabitur
1780 1951 1888 2005 viro
1902 1950 2145 2020 sapienti.

561 2043 692 2113 Nam
728 2044 821 2116 qui
851 2043 1012 2099 verba
1041 2044 1157 2114 ejus
1186 2060 1291 2098 non
1320 2043 1628 2110 observant,
1659 2043 1868 2099 etiamsi
1897 2042 2045 2112 signa
2072 2041 2148 2096 fa-

557 2137 727 2203 ciant,
757 2152 876 2206 qua:
893 2137 1103 2206 passuri
1133 2135 1241 2191 sint
1268 2134 1491 2190 audistis
1519 2151 1532 2187 :
1565 2134 1744 2190 sciatis
1773 2144 1952 2188 autem
1973 2148 2136 2203 opor-

549 2227 658 2294 tet,
691 2229 884 2300 quibus
916 2229 1158 2284 fruentur
1176 2219 1331 2283 benis
1355 2227 1390 2282 ii
1416 2228 1508 2298 qui
1533 2227 1691 2282 dictis
1715 2227 1964 2282 omnibus
1989 2224 2147 2281 obse-

550 2331 812 2392 quuntur,
843 2335 948 2374 non
981 2321 1034 2375 in
1061 2318 1242 2374 futuro
1271 2327 1478 2374 tantum
1511 2317 1711 2373 sarculo
1731 2358 1747 2383 ,
1771 2315 1870 2372 sed
1898 2316 2059 2372 etiam
2091 2315 2145 2372 in

555 2411 829 2482 praesenti.
856 2410 1064 2476 Omnis,
1097 2411 1298 2480 inquit,
1329 2410 1417 2480 qui
1443 2410 1589 2463 audit
1627 2407 1778 2462 verba
1803 2424 1915 2462 mea
1938 2411 2064 2473 lucc,
2093 2416 2147 2462 et

555 2503 677 2574 facit
716 2520 775 2556 ea
800 2543 817 2568 ,
865 2502 1229 2556 assimitabitur
1270 2488 1376 2556 viro
1402 2501 1643 2572 sapienti.
1691 2499 1852 2555 Vides
1877 2499 2146 2570 quomodo

552 2610 857 2650 sermonem
881 2595 1078 2660 variet,
1105 2593 1268 2648 modo
1297 2592 1485 2648 dicens
1507 2634 1522 2657 ,
1553 2590 1673 2646 Non
1708 2593 1877 2646 omnis
1915 2592 2002 2662 qui
2026 2592 2148 2646 dicit

553 2688 680 2742 mihi
709 2729 727 2755 ,
749 2686 988 2752 Domine,
1024 2685 1256 2752 Domine,
1287 2701 1518 2757 seseque
1558 2685 1832 2746 revelatis;
1865 2685 2026 2740 modo
2050 2701 2148 2742 all-

553 2790 684 2848 tem,
715 2778 814 2846 Qui
841 2779 966 2851 facit
990 2777 1306 2833 voluntatem
1337 2777 1514 2833 Patris
1539 2777 1656 2841 mei,
1687 2785 1744 2831 ct
1771 2791 1960 2832 rursus
1977 2789 2036 2830 se
2055 2775 2145 2846 ju-

551 2872 726 2927 dicem
755 2871 1059 2937 declarans,
1080 2869 1234 2924 Multi
1249 2869 1419 2924 dicent
1440 2868 1566 2922 mihi
1580 2868 1639 2921 in
1658 2867 1751 2922 illa
1765 2865 1846 2921 die
1866 2883 1885 2922 :
1909 2864 2143 2932 Domine,

551 2963 788 3027 Domine,
805 2978 971 3017 nonne
994 2962 1048 3016 in
1075 2961 1280 3015 nomine
1307 2971 1392 3014 tuo
1421 2959 1829 3031 prophetavimus
1844 2957 1871 3013 2
1890 2957 1957 3012 Et
1979 2957 2148 3011 dicam

551 3055 657 3121 eis,
682 3052 804 3108 Non
831 3053 945 3108 novi
971 3068 1077 3107 vos.
1127 3051 1225 3107 llic
1273 3065 1489 3122 quoque
1516 3047 1754 3104 ostendit
1801 3062 1863 3104 se
1907 3047 2145 3102 omnium

552 3155 870 3219 potestatem
925 3143 1126 3200 habere
1173 3159 1187 3196 :
1229 3150 1556 3212 quapropter
1594 3138 1808 3195 dicebat
1835 3179 1851 3204 ,
1877 3138 1977 3206 Qui
2003 3137 2148 3192 audit

552 3240 703 3296 verba
729 3256 842 3295 mea
861 3238 990 3292 lucc.
1024 3236 1156 3305 Quia
1186 3236 1329 3291 enim
1359 3234 1538 3289 omnia
1560 3232 1633 3288 de
1656 3231 1848 3288 futuris
1873 3231 2143 3298 disseruit,

556 3342 614 3389 et
635 3347 857 3403 regnum
898 3343 1208 3385 memorans
1231 3369 1248 3394 ,
1277 3334 1333 3382 et
1372 3325 1677 3382 mercedem
1721 3322 2066 3389 ineﬁ'abilem,
2093 3331 2148 3378 et

555 3425 974 3482 consolationem
997 3429 1054 3478 et
1081 3420 1276 3476 similia
1303 3460 1320 3486 ,
1349 3417 1463 3473 vult
1483 3431 1582 3474 eos
1618 3417 1744 3472 hinc
1769 3414 2010 3487 proferre
2033 3415 2146 3470 tru-

552 3528 671 3574 ctus
716 3531 877 3582 suos,
921 3523 976 3570 et
1004 3512 1290 3570 ostendere
1331 3517 1528 3580 quanta
1567 3508 1637 3564 sit
1677 3509 1729 3562 in
1759 3508 2008 3578 praesenti
2038 3507 2147 3562 vita

554 3609 764 3666 virtutis
778 3608 878 3662 vis.
907 3605 1038 3674 Qua:
1061 3619 1190 3674 ergo
1209 3611 1293 3658 est
1313 3599 1526 3656 virtutis
1552 3599 1679 3654 vis?
1701 3596 1836 3654 Cum
1861 3597 2149 3654 securitate

552 3679 752 3766 vivere,
785 3697 946 3753 nullis
983 3695 1177 3750 cedere
1205 3692 1490 3758 aerumnis,
1538 3689 1858 3745 lmdentibns
1895 3689 2147 3744 omnibus

554 3790 892 3861 superiorem
942 3800 1063 3842 esse
1110 3801 1127 3838 :
1177 3784 1264 3839 cui
1317 3780 1445 3854 quid
1492 3794 1589 3852 par
1617 3795 1738 3836 esse
1767 3779 1984 3851 possit?
2012 3779 2146 3835 lllud

555 3884 702 3939 enim
729 3895 798 3936 ne
827 3880 874 3935 is
893 3877 1107 3950 quidem
1132 3875 1223 3946 qui
1241 3873 1546 3930 diademate
1591 3873 1890 3938 redimitur,
1923 3869 2026 3926 sibi
2052 3885 2149 3942 po-

557 3984 665 4031 test
683 3985 1020 4042 comparare,
1050 3967 1145 4024 sed
1173 3967 1264 4023 ille
1288 3965 1436 4021 solus
1465 3967 1554 4036 qui
1585 3963 1769 4020 virtuti
1790 3963 1884 4028 dat
1904 3977 2147 4034 operam.

557 4068 676 4137 Ipse
699 4063 896 4136 quippe
923 4060 1070 4116 solus
1099 4059 1215 4114 lure
1247 4073 1370 4112 cum
1410 4071 1603 4128 magno
1625 4055 1845 4112 cumulo
1883 4053 2146 4126 possidet,

559 4159 613 4213 in
645 4157 746 4210 hoc
772 4151 1117 4225 prmscntium
1147 4164 1327 4206 rerum
1356 4151 1547 4219 euripo
1591 4147 1758 4202 multa
1789 4147 1973 4202 fruens
2001 4156 2150 4202 tran-

557 4249 841 4322 quillitate.
867 4245 1002 4302 Nam
1031 4242 1175 4315 quod
1213 4241 1458 4298 mirabile
1481 4249 1584 4307 est,
1622 4255 1744 4297 cum
1774 4239 1921 4295 nulla
1947 4240 2152 4296 sereni-

551 4352 640 4412 tas
664 4342 752 4406 sit,
782 4339 878 4397 sed
901 4345 1190 4408 tempestas
1212 4335 1504 4390 vehemens
1523 4341 1579 4390 et
1608 4334 1772 4388 multa
1795 4333 2147 4404 perturbatio,

557 4436 910 4507 plurimaeque
936 4432 1278 4498 tentationes,
1304 4444 1410 4483 non
1437 4436 1614 4498 potest
1640 4428 1754 4496 ipse
1780 4426 1864 4482 vel
1884 4426 2149 4481 tantillum

559 4539 767 4583 nutare.
797 4525 931 4580 Nam
980 4524 1094 4592 ait,
1123 4521 1214 4579 25.
1263 4519 1534 4576 Descendit
1560 4518 1751 4588 pluuia,
1773 4527 2014 4572 uenerunt
2048 4518 2150 4588 ﬂu-

558 4619 732 4685 mina,
770 4618 1021 4687 ﬂaverunt
1048 4615 1197 4679 venti,
1225 4623 1272 4669 et
1295 4614 1555 4668 irruerunt
1578 4612 1632 4665 in
1668 4611 1875 4666 dontum
1907 4609 2070 4674 illaut,
2101 4619 2148 4664 et

560 4727 663 4764 non
691 4708 907 4763 cecidit:
937 4705 1151 4776 fundata
1181 4705 1316 4760 enim
1336 4713 1442 4758 erat
1463 4719 1621 4772 supra
1650 4711 1845 4772 petram
1873 4716 1892 4754 :
1919 4701 2148 4772 pluviatn

561 4803 646 4858 hic
675 4811 732 4858 et
757 4801 998 4864 ﬁumina,
1028 4809 1082 4853 et
1121 4807 1308 4853 ventos
1336 4794 1702 4865 tnetapltorice
1731 4808 1934 4849 vocans
1964 4792 2151 4847 huma-

560 4908 658 4950 nas
677 4892 1013 4948 calamitates
1036 4897 1093 4944 et
1113 4900 1404 4953 aerumnas,
1433 4884 1683 4940 videlicet
1707 4881 2002 4940 calumnias
2023 4923 2037 4944 ,
2071 4882 2151 4936 iu-

559 4986 723 5043 sidias
751 5025 767 5051 ,
795 4985 969 5040 luctus
992 5023 1007 5045 ,
1041 4989 1242 5036 mortes
1261 5019 1277 5045 ,
1304 4978 1601 5034 domestica
1641 4975 1854 5042 damna,
1878 4975 2152 5030 molestias

559 5079 630 5134 ab
657 5076 848 5132 alienis
871 5082 1098 5137 creatas,
1122 5070 1409 5141 omniaque
1436 5077 1630 5125 caetera
1655 5066 1795 5122 mala
1821 5066 1874 5122 in
1906 5081 2151 5138 praesen-

560 5181 672 5229 tem
702 5173 866 5224 vitam
898 5164 1221 5238 ingruentia.
1253 5163 1358 5220 Sed
1381 5158 1689 5232 hujusmodi
1718 5158 1895 5214 anima
1913 5198 1928 5223 ,
1957 5157 2148 5228 inquit,

568 5263 702 5320 nulli
729 5262 807 5318 rei
845 5260 992 5316 cedit
1023 5277 1036 5314 :
1069 5257 1227 5328 hujus
1255 5265 1436 5312 autem
1478 5255 1558 5309 rei
1582 5268 1744 5308 causa
1770 5261 1887 5318 est,
1912 5251 2054 5322 quod
2084 5250 2155 5306 sit

563 5370 730 5428 supra
761 5362 965 5425 petram
993 5349 1230 5407 fundata.
1259 5347 1473 5404 Petram
1503 5353 1684 5400 autem
1713 5352 1871 5399 vocat
1892 5341 2154 5400 doctrina:

562 5461 676 5502 sua
702 5445 1030 5500 ﬁrmitatem.
1059 5440 1270 5497 Etenim
1294 5449 1440 5509 petra
1467 5435 1686 5491 fortiora
1715 5443 1839 5490 sunt
1862 5443 2151 5506 praecepta,

562 5537 943 5607 hominemque
967 5533 1170 5590 faciunt
1198 5531 1446 5586 humanis
1461 5529 1712 5584 omnibus
1733 5528 1985 5584 ﬂuctibus
2003 5543 2156 5599 supe-

563 5629 784 5684 riorem.
803 5627 906 5696 Qui
934 5625 1077 5683 enim
1107 5621 1531 5694 haecdiligenter
1555 5618 1824 5687 observat,
1857 5633 1964 5675 non
1991 5617 2153 5676 modo

629 5803 647 5837 ³
667 5805 869 5869 Quidam
898 5805 1228 5870 Manuscripti,
1243 5805 1290 5853 et
1313 5805 1422 5851 ante
1439 5795 1753 5865 partitionem.

1299 355 1356 412 S.
1395 353 1675 413 JOANNIS
1712 351 2188 411 CIIBYSOSTGMI
2227 352 2547 413 ARCIHEP.
2573 357 3116 418 CONSTANTINOP.

3739 371 3838 425 59.1

2258 468 2564 528 hominibus
2589 487 2784 530 nocere
2807 474 3134 532 tentantibus
3159 476 3406 548 superior
3426 478 3548 547 erit,
3567 479 3661 536 sed
3681 486 3835 538 etiam

2258 562 2389 634 ipsis
2415 564 2748 622 daemonibus
2772 566 3170 624 insidiantibus.

2351 656 2404 712 5.
2449 657 2578 714 Sola
2622 658 2779 714 uirtus
2806 661 3158 720 inconcussam
3208 664 3344 732 parit
3394 663 3556 718 animi
3602 665 3836 736 quietem.

2253 746 2425 803 Probo
2444 748 2616 805 nullus
2636 759 2796 821 potest
2813 766 3012 806 nocere.
3038 750 3068 805 Ι
3073 752 3269 822 mprobi
3302 752 3486 808 multos
3503 757 3745 810 sustinent
3765 759 3840 811 la-

2253 839 2492 893 bores.—
2509 839 2662 908 Quod
2694 849 2873 896 autem
2903 840 3018 897 haec
3037 858 3141 897 non
3169 858 3271 914 per
3284 842 3596 914 jactantiam
3631 847 3740 902 sint
3762 849 3841 902 die

2252 939 2361 995 cta,
2386 931 2539 986 testis
2568 931 2723 987 nobis
2751 942 2835 988 est
2863 930 2998 1000 Job,
3025 934 3118 1004 qui
3157 948 3346 988 omnes
3377 933 3576 990 diaboli
3612 937 3843 1007 impetus

2252 1024 2504 1095 excepit,
2547 1024 2908 1095 immotusque
2955 1026 3150 1080 mansit
3180 1044 3194 1080 :
3223 1027 3493 1082 testiﬁcari
3523 1039 3750 1100 possunt
3785 1041 3843 1085 et

2252 1118 2506 1186 apostoli,
2536 1118 2628 1189 qui
2652 1119 2902 1174 omnibus
2923 1119 3073 1176 orbis
3097 1119 3350 1176 (luctibus
3378 1121 3430 1176 in
3451 1137 3510 1177 se
3538 1123 3836 1193 irrumpen-

2260 1208 2424 1278 tibus,
2460 1211 2673 1281 p0pulis
2711 1211 2860 1277 item,
2891 1213 3165 1284 tyrannis,
3198 1212 3508 1269 domesticis
3544 1223 3604 1270 et
3628 1216 3840 1278 alienis,

2251 1301 2608 1368 dmonibus,
2633 1303 2868 1370 diabolo,
2901 1305 3155 1376 omnique
3183 1307 3400 1362 admota
3449 1306 3694 1363 machina
3715 1350 3730 1372 ,
3758 1308 3844 1364 his

2255 1393 2444 1449 solutis
2463 1395 2714 1450 omnibus
2737 1436 2752 1460 ,
2780 1403 2931 1465 petra
2961 1393 3225 1452 ﬁrmiores
3263 1407 3548 1452 steterunt.
3581 1397 3719 1466 Quid
3749 1399 3840 1469 igi-

2251 1492 2339 1538 tur
2367 1483 2668 1554 ltujusmodi
2698 1486 2804 1540 vita
2822 1485 3030 1541 beatius
3055 1501 3176 1543 esse
3198 1487 3410 1558 possit?
3438 1488 3551 1544 Hoc
3569 1489 3713 1544 enim
3739 1506 3840 1546 non

2248 1577 2471 1644 divitiae,
2499 1594 2606 1635 non
2634 1581 2879 1652 corporis
2921 1583 3090 1638 robur
3110 1623 3126 1649 ,
3154 1599 3262 1638 non
3286 1583 3457 1654 gloria
3474 1624 3493 1650 ,
3522 1600 3628 1640 non
3659 1597 3842 1655 potem

2255 1668 2344 1731 tia,
2375 1685 2547 1740 neque
2571 1670 2714 1726 aliud
2737 1670 3031 1742 quidpiam,
3066 1673 3162 1729 sed
3192 1674 3309 1728 sola
3331 1674 3542 1730 virtutis
3573 1678 3842 1745 possessio

2253 1761 2772 1829 poteritconciiiare.
2795 1761 2908 1818 Non
2939 1773 3115 1832 potest
3151 1765 3319 1829 enim,
3359 1780 3466 1820 non
3494 1776 3672 1834 potest
3698 1779 3840 1826 certe

2251 1849 2352 1903 alia
2381 1851 2603 1920 reperiri
2637 1852 2742 1907 vita
2777 1853 2934 1909 malis
2960 1854 3212 1910 omnibus
3241 1854 3425 1922 libera,
3459 1856 3561 1910 nisi
3601 1857 3719 1912 lucc
3745 1873 3842 1915 aut

2253 1950 2481 1996 tantum.
2511 1942 2621 2000 Vos
2653 1959 2866 2015 quoque
2893 1954 3062 2002 testes
3085 1948 3240 2014 estis,
3268 1949 3360 2018 qui
3390 1949 3586 2005 videtis
3617 1951 3672 2004 in
3705 1951 3841 2021 regia

2250 2033 2493 2100 insidias,
2513 2038 2601 2107 qui
2633 2038 2893 2094 tumultus
2922 2049 2977 2095 et
3005 2040 3441 2110 perturbationes
3456 2045 3774 2114 conspicitis
3791 2045 3841 2098 in

2246 2125 2478 2180 divitum
2530 2127 2757 2184 aedibus.
2804 2129 2913 2185 Sed
2963 2130 3104 2201 apud
3153 2133 3424 2202 apostolos
3471 2133 3600 2189 nihil
3652 2135 3838 2190 simitu.

2249 2215 2391 2284 Quid
2420 2218 2626 2288 igitur?
2655 2234 2722 2275 an
2749 2219 2884 2276 nihil
2930 2221 3039 2277 tale
3073 2225 3279 2293 experti
3307 2227 3472 2280 sunt?
3501 2225 3706 2282 nihilne
3731 2240 3843 2281 me-

2247 2306 2443 2363 iestum
2471 2309 2540 2364 ab
2563 2310 2742 2382 aliquo
2769 2322 2895 2366 sunt
2921 2314 3200 2384 perpessi?
3229 2314 3337 2370 Sed
3361 2315 3462 2371 hoc
3478 2317 3722 2372 omnium
3746 2319 3844 2372 mi-

2248 2398 2632 2456 rabilissimam
2657 2403 2909 2474 est,quod
2937 2403 3135 2460 mult-as
3156 2407 3297 2476 passi
3326 2407 3433 2462 sint
3457 2407 3844 2479 iusidias,quod

2248 2493 2432 2549 multa:
2459 2504 2805 2566 tempestates
2849 2497 2903 2553 in
2938 2512 3039 2554 eos
3089 2499 3415 2571 irruperint,
3457 2517 3576 2573 qua:
3607 2503 3843 2573 ipsorum

2249 2586 2486 2640 animum
2519 2602 2625 2643 non
2651 2598 2996 2656 everterunt,
3029 2605 3204 2662 neque
3231 2590 3445 2647 illorum
3480 2594 3842 2650 constantiam

2246 2675 2562 2748 fregerunt;
2595 2679 2703 2733 imo
2727 2679 2892 2735 etiam
2924 2680 3080 2736 nudis
3107 2681 3422 2751 corporibus
3440 2695 3746 2755 pugnantes
3764 2687 3844 2741 vi-

2247 2775 2472 2835 cerunt,
2529 2769 2940 2842 superioresque
2967 2781 3277 2828 evaserunt.
3299 2773 3370 2830 Et
3396 2786 3451 2829 tu
3476 2776 3661 2846 itaque
3688 2776 3734 2832 si
3760 2792 3844 2831 ve-

2248 2860 2316 2916 lis
2346 2858 2465 2916 hrec
2491 2871 2743 2918 accurate
2786 2862 3096 2931 observare,
3123 2865 3305 2922 omnia
3330 2865 3606 2923 deridebis
3639 2884 3653 2920 :
3685 2868 3844 2922 modo

2250 2952 2392 3008 enim
2421 2952 2607 3008 harum
2644 2952 3079 3010 adhortationum
3107 2954 3444 3028 philosophia
3477 2956 3722 3013 munitus
3749 2959 3840 3023 sis,

2251 3043 2381 3098 nihil
2411 3053 2466 3099 te
2491 3044 2544 3099 in
2567 3059 2856 3101 maerorem
2876 3045 3147 3116 conjicere
3172 3049 3389 3119 poterit.
3413 3046 3472 3104 In
3498 3065 3608 3120 quo
3629 3051 3772 3105 enim
3797 3061 3846 3103 te

2251 3133 2409 3191 tardet
2436 3135 2481 3190 is
2507 3135 2598 3206 qui
2641 3134 2865 3192 insidias
2888 3138 3184 3194 struxerit?
3212 3154 3282 3194 an
3311 3139 3568 3210 pecunias
3590 3139 3792 3197 auteret
3819 3139 3843 3192 τ

2247 3226 2358 3283 Sed
2379 3237 2506 3284 ante
2531 3227 2704 3283 minas
2733 3227 2873 3284 illius
2899 3228 3082 3300 jussus
3111 3243 3171 3286 es
3219 3230 3336 3286 illas
3362 3240 3716 3288 contemnere
3737 3273 3752 3296 ,
3791 3243 3848 3286 et

2250 3319 2324 3374 ita
2349 3317 2419 3373 ab
2446 3318 2553 3375 illis
2579 3321 2820 3377 animum
2846 3321 3136 3391 abducere,
3161 3332 3226 3379 ut
3248 3339 3538 3394 numquam
3567 3339 3601 3380 a
3624 3324 3845 3380 Domino

2250 3411 2559 3483 hujusmodi
2589 3413 2862 3484 quidpiam
2894 3423 3069 3485 petas.
3096 3414 3201 3472 Sed
3237 3424 3288 3471 te
3330 3415 3383 3471 in
3409 3431 3686 3475 carcerem
3719 3433 3845 3472 cou-

2251 3503 2438 3560 iiciet?
2468 3503 2538 3559 At
2564 3514 2690 3560 ante
2721 3519 2996 3564 carcerem
3045 3505 3118 3562 ita
3150 3515 3202 3562 te
3230 3507 3414 3563 vivere
3459 3510 3724 3579 pramepit
3747 3550 3760 3573 ,
3788 3519 3842 3562 ut

2249 3596 2451 3652 mundo
2465 3598 2682 3654 omnino
2708 3598 2995 3654 cruciﬁxus
3012 3599 3108 3655 sis.
3134 3599 3239 3656 Sed
3257 3600 3398 3657 male
3419 3601 3487 3658 de
3507 3611 3562 3658 te
3588 3602 3846 3674 loquitur?

2253 3686 2451 3743 Verum
2505 3686 2609 3744 hoc
2651 3699 2704 3744 te
2735 3688 2923 3745 dolore
2970 3689 3222 3746 liberavit
3255 3691 3504 3748 Christus
3527 3735 3545 3761 ,
3579 3693 3710 3750 dum
3749 3693 3840 3752 tibi

2253 3781 2495 3849 multam,
2528 3781 2661 3836 citra
2701 3781 2962 3850 laborem,
2997 3783 3269 3854 patientia:
3291 3785 3566 3855 pollicitus
3593 3796 3681 3843 est
3705 3801 3843 3841 mer-

2248 3871 2460 3938 cedem,
2481 3880 2643 3944 atque
2669 3873 2742 3928 ita
2769 3881 2821 3929 te
2860 3887 3053 3944 purutn
3080 3875 3150 3931 ab
3189 3875 3492 3947 hujusmodi
3550 3878 3634 3933 ira
3675 3887 3730 3934 et
3769 3878 3843 3933 la-

2251 3964 2385 4020 bore
2412 3965 2664 4032 reddidit,
2696 3973 2754 4021 ut
2774 3967 2996 4036 jusserit
3025 3969 3188 4024 etiam
3219 3983 3318 4040 pro
3356 3970 3592 4027 inimicis
3623 3987 3781 4027 orare
3799 3971 3839 4024 ³.

2250 4055 2356 4112 Sed
2383 4055 2530 4126 pellit
2555 4064 2677 4112 teet
2701 4057 2997 4113 innumeris
3019 4058 3238 4115 obsidet
3264 4060 3420 4115 malis
3441 4061 3466 4113 ἲ
3496 4063 3570 4116 At
3599 4061 3840 4132 Splendi-

2253 4147 2456 4205 diorem
2477 4148 2571 4204 tibi
2599 4159 2751 4219 parat
2775 4163 3050 4205 coronam.
3077 4150 3181 4206 Sed
3212 4159 3265 4208 te
3293 4151 3490 4207 occidit
3513 4153 3836 4225 etjugulat?

2253 4240 2343 4298 Sic
2379 4241 2500 4297 ideo
2543 4241 2779 4298 maxime
2809 4241 2902 4296 tibi
2927 4241 3245 4297 beneﬁcium
3273 4251 3512 4313 praestat,
3540 4255 3840 4317 martyrum

2257 4335 2346 4389 tibi
2378 4334 2594 4404 prsentia
2617 4349 2830 4405 parans,
2845 4341 2903 4389 et
2924 4334 3082 4390 citius
3105 4343 3157 4390 te
3183 4334 3471 4390 mittensin
3490 4337 3836 4407 tranquillum

2256 4434 2488 4494 portum,
2517 4425 2840 4496 majorisque
2881 4425 2976 4480 tibi
3013 4425 3382 4482 retributionis
3427 4425 3562 4483 dans
3605 4427 3820 4484 occasio

2256 4534 2400 4585 nem,
2427 4533 2491 4574 ac
2516 4517 2610 4573 tibi
2655 4517 2946 4588 providens
2965 4559 2980 4585 ,
3009 4529 3070 4574 ut
3094 4534 3124 4573 a
3152 4521 3428 4574 communi
3450 4520 3536 4574 illa
3571 4520 3840 4576 reddenda

2257 4611 2462 4666 ratione
2490 4619 2542 4665 te
2569 4609 2840 4680 expedias.
2877 4607 3042 4680 quue
3079 4609 3314 4665 maxime
3355 4612 3600 4665 omnium
3643 4613 3841 4668 miran-

2254 4703 2379 4758 dum
2408 4711 2514 4771 est,
2542 4702 2684 4773 quod
2715 4716 2905 4772 nempe
2927 4717 3033 4758 non
3058 4702 3218 4758 modo
3236 4703 3368 4758 nihil
3396 4703 3599 4759 laedant
3623 4704 3838 4759 insidia-

2257 4807 2423 4864 tores,
2454 4796 2549 4853 sed
2574 4797 2736 4852 etiam
2759 4794 3151 4867 splendidiores
3177 4796 3297 4852 illos
3322 4795 3552 4854 reddant
3576 4813 3716 4868 quos
3742 4797 3836 4852 im-

2255 4899 2461 4960 petunt.
2505 4885 2602 4944 Cui
2642 4888 2784 4944 bono
2811 4886 2941 4960 quid
2979 4902 3076 4958 par
3118 4903 3369 4958 umquam
3400 4886 3565 4943 fuerit
3588 4930 3605 4954 ,
3637 4886 3845 4959 quando

2255 4983 2377 5038 talis
2417 4981 2668 5052 deligitur
2708 4980 2834 5047 vita,
2884 4979 3059 5050 qualis
3099 4981 3215 5035 hinc
3262 4979 3375 5035 sola
3413 4980 3673 5036 exsistit?
3715 4978 3844 5047 Quia

2253 5075 2398 5131 enim
2419 5073 2627 5130 dixerat
2650 5082 2852 5128 arctam
2878 5079 2931 5128 et
2959 5081 3237 5142 angustam
3266 5087 3388 5128 esse
3412 5072 3574 5141 viam,
3604 5071 3732 5126 hinc
3762 5073 3837 5123 la.

2255 5168 2402 5224 boris
2419 5167 2839 5224 consolationem
2863 5165 3114 5233 atterens,
3143 5165 3379 5221 ostendit
3403 5180 3655 5236 magnam
3685 5165 3737 5220 in
3756 5164 3840 5218 illa

2256 5277 2377 5318 esse
2404 5261 2771 5327 securitatem,
2802 5274 3048 5330 magnam
3069 5257 3400 5329 voluptatem
3423 5296 3442 5324 ,
3465 5258 3604 5313 sicut
3635 5258 3689 5312 in
3715 5271 3842 5312 con-

2256 5355 2422 5412 traria
2449 5370 2697 5427 magnam
2726 5354 3043 5425 pravitatem
3062 5352 3106 5418 ’,
3132 5353 3322 5424 ingens
3347 5349 3626 5410 damnum.
3657 5350 3844 5419 Quem-

2257 5446 2544 5504 admodum
2568 5447 2713 5503 enim
2743 5446 2867 5501 hinc
2896 5443 3108 5500 virtutis
3136 5444 3356 5515 prannia
3385 5442 3709 5499 monstravit
3727 5483 3744 5508 ,
3765 5441 3838 5496 sic

2256 5548 2311 5596 et
2327 5538 2577 5610 nequitiae
2596 5537 3023 5594 retributionem.
3046 5533 3179 5592 Nam
3201 5534 3345 5608 quod
3366 5531 3546 5591 dicere
3564 5529 3840 5597 consuevi,

2322 5737 2340 5803 ξ
2375 5732 2472 5803 Alii
2487 5746 2587 5803 non
2607 5733 2774 5803 pauci,
2788 5731 2935 5803 etimit
2955 5743 3046 5803 pro
3066 5729 3150 5785 illo
3170 5745 3335 5787 orare.

2323 5799 2344 5828 ‘
2376 5796 2490 5860 Alii,
2514 5801 2736 5860 magnam
2757 5796 3088 5848 temeritatem.
