4058 6356
425 292 536 351 325

427 411 538 482 γὰρ
562 403 680 463 εἷπε
711 406 905 479 στενὴν
950 407 1043 460 ml
1091 407 1458 480 τεθλιμμένην
1489 409 1587 482 τὴν
1623 411 1762 479 ὁδὸν,
1811 411 2104 466 κάντεῦθεν

425 490 929 565 παραμυθούμενος
975 491 1102 556 τούς
1144 492 1372 556 πόνους,
1424 493 1662 547 δείκνυσι
1697 495 1896 566 πολλὴν
1940 495 2108 564 αὐτῆς

435 573 602 630 οὖσαν
655 575 756 647 τὴν
789 575 1108 644 ἀσφάλειαν,
1159 575 1362 647 πολλὴν
1392 577 1491 648 τὴν
1529 577 1745 649 ἡδονὴν,
1793 578 1980 649 ὥσπερ
2016 574 2108 631 οὖν

431 658 526 712 καὶ
553 658 652 728 τῆς
678 656 932 720 ἐναντίας
958 657 1158 728 πολλὴν
1186 658 1281 727 τὴν
1305 660 1610 731 σαθρότητα
1630 662 1724 715 καί¹
1751 662 1848 732 τὴν
1881 660 2102 731 ζημίαν.

436 740 702 812 Καθάπερ
728 741 838 812 γὰρ
869 739 970 809 τῆς
1013 740 1214 811 ἀρετῆς
1251 741 1544 796 κάντεῦθεν
1581 743 1748 808 ἔδειξε
1785 743 1854 796 τὰ
1877 741 2106 801 ἐπαθλα,

433 827 579 890 οῦτω
607 825 701 877 ml
743 825 842 893 τῆς
893 824 1091 886 κακίας
1137 825 1204 877 τά
1247 826 1518 895 ἐπίχειρα.
1555 827 1666 879 Καὶ
1705 826 1811 898 γὰρ
1845 827 1981 896 ὅπερ
2022 823 2108 877 ἀεὶ

431 909 608 978 λέγω,
639 907 795 962 τοῦτο
835 907 928 960 καὶ
956 907 1050 958 νῦν
1075 907 1207 977 ἐρῶ,
1237 907 1302 959 δι’
1336 908 1659 979 ἀμφοτέρων
1701 909 1979 979 πανταχοῦ
2003 923 2105 960 κα-

432 993 760 1056 τασκευάζει
804 991 913 1044 τῶν
949 990 1232 1061 ἀκροατῶν
1279 990 1377 1060 τὴν
1439 993 1734 1063 σωτηρίαν,
1791 993 1878 1046 διά
1909 1009 1966 1044 τε
2010 991 2106 1044 τοῦ

435 1076 596 1149 ζήλου
619 1075 719 1144 τῆς
740 1073 962 1145 ἀρετῆς,
993 1073 1081 1126 διά
1101 1089 1158 1125 τε
1185 1071 1281 1126 τοῦ
1303 1075 1401 1143 τῆς
1427 1075 1624 1138 κακίας
1644 1075 1854 1144 μίσους.
1889 1074 2106 1146 Ἐπειδὴ

434 1161 544 1230 γὰρ
573 1157 796 1229 ἔμελλόν
826 1173 968 1218 τινες
1002 1150 1162 1219 εἶναι,
1192 1154 1260 1208 τὰ
1285 1156 1387 1227 μὲν
1419 1156 1685 1228 λεγόμενα
1717 1157 2104 1228 θαυμάζοντες,

433 1241 533 1310 τὴν
555 1241 611 1294 δὲ
639 1239 727 1294 διά
753 1238 862 1291 τῶν
894 1238 1072 1308 ἐργων
1110 1239 1171 1290 οὐ
1211 1239 1543 1310 παρέχοντες
1591 1241 1867 1304 ἐπίδειξιν,
1901 1257 2107 1312 προκα-

433 1323 796 1394 ταλαμϐάνων
833 1322 1030 1384 αὐτοὺς
1077 1321 1234 1390 φοϐεῖ
1277 1321 1472 1390 λέγων,
1521 1325 1599 1376 ὅτι
1645 1325 1691 1376 εἰ
1728 1327 1822 1377 ml
1860 1323 2000 1376 καλά
2036 1323 2106 1378 τὰ

434 1408 720 1479 εἰρημένα,
751 1405 850 1457 οὐκ
880 1405 1039 1476 ἀρκεῖ
1061 1405 1140 1468 εἰς
1166 1405 1464 1472 ἀσφάλειαν
1490 1409 1522 1476 ἡ
1555 1407 1833 1479 ἀκρόασις,
1864 1407 2000 1461 ἀλλὰ
2025 1407 2106 1460 δεῖ

433 1491 528 1542 καὶ
568 1490 667 1560 τῆς
697 1489 786 1542 διὰ
813 1489 922 1540 τῶν
963 1487 1140 1558 ἔργων
1177 1487 1426 1556 ὑπακοῆς
1445 1529 1459 1553 ,
1491 1489 1584 1542 καὶ
1616 1491 1676 1542 τὸ
1704 1493 1811 1544 πᾶν
1845 1492 1903 1544 ἐν
1931 1491 2104 1561 τούτῳ

438 1571 675 1644 μάλιστά
698 1572 834 1623 ἐστι.
859 1568 963 1622 Καὶ
985 1568 1216 1622 ἐνταῦθα
1239 1569 1496 1624 καταλύει
1516 1573 1606 1624 τὸν
1625 1571 1800 1641 λόγον,
1827 1573 1920 1626 τὸν
1941 1573 2103 1642 φόϐον

433 1657 617 1719 αὐτοῖς
655 1655 1032 1725 ἐνακμάζοντα
1053 1653 1097 1685 ³⁸
1127 1654 1304 1723 ἀφείς.
1343 1655 1552 1724 ’Ὠσπερ
1579 1655 1687 1727 γὰρ
1717 1657 1811 1710 ἐπὶ
1845 1656 1943 1727 τῆς
1973 1658 2102 1727 ἀρε-

432 1739 534 1810 τῆς
555 1739 654 1791 οὐκ
687 1737 794 1790 ἀπὸ
825 1736 930 1790 τῶν
961 1735 1260 1807 μελλόντων
1283 1736 1586 1809 προέτρεψε
1614 1739 1797 1808 μόνον,
1827 1738 2100 1809 βασιλείαν

434 1819 627 1880 εἰπὼν,
657 1821 750 1872 ml
778 1821 1059 1890 οὐρανοὺς,
1095 1820 1188 1873 ml
1220 1819 1409 1891 μισθὸν
1447 1821 1674 1890 ἄφατον,
1703 1823 1798 1876 καὶ
1822 1822 2102 1894 παράκλη-

437 1919 540 1970 σιν,
578 1904 670 1956 ml
701 1903 769 1955 τά
796 1903 964 1974 μυρία
1001 1902 1201 1971 ἀγαθὰ,
1234 1902 1372 1956 ἀλλὰ
1409 1903 1502 1957 καὶ
1531 1905 1638 1958 ἀπὸ
1665 1904 1774 1958 τῶν
1796 1906 2097 1976 παρόντων,

431 1986 495 2041 16
528 1987 752 2059 στερρὸν
779 1987 871 2040 ml
891 1986 1143 2057 ἀκίνητον
1164 1985 1538 2056 ἐνδειξάμενος
1573 1988 1669 2057 τῆς
1691 1989 1893 2059 πέτρας
1912 2005 1924 2018 ⁸
1959 1987 2102 2040 οῦτω

432 2072 527 2124 καὶ
560 2071 652 2124 ἐπὶ
680 2071 776 2140 τῆς
809 2069 1000 2131 κακίας
1042 2070 1142 2122 οὐκ
1179 2068 1288 2121 ἀπὸ
1313 2069 1420 2121 τῶν
1452 2070 1914 2140 προσδοκωμένων
1946 2070 2103 2139 φοϐεῖ

436 2155 619 2226 μόνον,
641 2149 753 2208 οἷον
777 2153 872 2206 τοῦ
895 2153 1229 2223 κοπτομένου
1255 2151 1493 2223 δένδρου,
1517 2153 1610 2206 ml
1629 2153 1723 2206 τοῦ
1758 2152 1908 2226 [504]
1931 2156 2100 2226 πυρὸς

429 2239 525 2293 τοῦ
567 2237 855 2301 ἀσϐέστου,
891 2237 983 2289 ml
1017 2235 1109 2288 τοῦ
1143 2237 1214 2306 μὴ
1249 2235 1507 2288 εἰσελθεῖν
1551 2237 1628 2299 εἰς
1671 2237 1768 2308 τὴν
1801 2236 2096 2307 βασιλείαν,

430 2324 527 2378 καὶ
570 2321 663 2375 τοῦ
712 2320 910 2388 λέγειν,
958 2321 1082 2372 Οὐκ
1131 2315 1265 2371 οῖδα
1307 2316 1463 2387 ὑμᾶς
1487 2336 1500 2350 ·
1547 2318 1681 2372 ἀλλά
1725 2321 1820 2373 καὶ
1855 2319 1963 2374 ἀπὸ
1991 2321 2101 2375 τῶν

429 2409 735 2480 παρόντων,
765 2405 864 2473 τῆς
904 2402 1163 2466 πτώσεως
1187 2401 1328 2470 λέγω
1354 2403 1453 2472 τῆς
1490 2403 1631 2456 κατά
1654 2404 1754 2474 τὴν
1784 2403 1981 2458 οἰκίαν.
2010 2405 2102 2458 Διὸ

431 2494 528 2547 καὶ
567 2487 1041 2561 ἐμφαντικώτερον
1090 2486 1184 2540 τὸν
1220 2486 1376 2554 λόγον
1428 2486 1700 2556 ἐποίησεν,
1732 2487 1827 2540 ἐπὶ
1860 2487 2102 2558 παραϐο-

429 2575 530 2645 λῆς
571 2573 700 2628 αὐτὸ
733 2575 778 2605 ³⁸
831 2569 1145 2641 γυμνάζων.
1204 2569 1336 2623 Οὐδὲ
1379 2569 1490 2639 γάρ
1539 2566 1608 2640 ἦν
1641 2571 1816 2624 εἰπεῖν
1844 2572 1978 2636 ἴσον,
2017 2573 2101 2637 ὅτι

431 2658 728 2730 ἀχείρωτος
765 2654 919 2708 ἐσται
963 2655 991 2706 6
1029 2653 1314 2724 ἐνάρετος,
1344 2654 1441 2706 καὶ
1472 2653 1740 2717 εὐάλωτος
1775 2654 1805 2705 6
1845 2654 2099 2725 πονηρὸς,

431 2742 528 2796 καὶ
562 2740 764 2810 πέτραν
798 2737 992 2803 θεῖναι,
1023 2737 1116 2789 ml
1145 2736 1343 2801 οἰκίαν,
1375 2737 1469 2790 ml
1499 2740 1796 2808 ποταμοὺς,
1830 2738 1926 2792 ml
1970 2739 2100 2810 βρο-

430 2827 553 2898 χὴν,
577 2823 671 2878 ml
693 2823 920 2890 ἄνεμον,
945 2821 1036 2875 ml
1059 2821 1158 2874 ὅσα
1183 2821 1426 2876 τοιαῦτα.
1454 2821 1562 2875 Καὶ
1584 2823 1628 2854 ⁸³
1659 2820 1778 2888 πᾶς
1805 2826 1837 2877 ό
1863 2823 2103 2878 ἀκούων

423 2927 544 2980 μου
590 2905 732 2972 τοὺς
761 2905 983 2974 λόγους
1016 2904 1289 2969 τούτους,
1338 2903 1493 2974 φησὶ,
1528 2903 1624 2958 καὶ
1649 2903 1734 2973 μὴ
1769 2904 1956 2958 ποιῶν
1996 2907 2102 2959 αὐ-

428 2991 592 3056 τοὺς,
637 2987 1064 3058 ὁμοιωθήσεται
1107 2985 1278 3054 ἀνδρί
1311 2985 1504 3055 μωρῷ,
1549 2987 1718 3054 ὅστις
1755 2987 2105 3058 ᾠκοδόμησε

427 3073 545 3142 τὴν
575 3071 772 3125 οἰκίαν
791 3069 976 3124 αὐτοῦ
1002 3067 1099 3122 ἐπὶ
1133 3069 1248 3136 τὴν
1264 3068 1512 3138 ψάμμον
1532 3069 1600 3124 ³³.
1626 3068 1817 3132 Καλῶς
1838 3069 1894 3123 δὲ
1924 3070 2104 3143 μωρὸν

429 3158 656 3212 ἐκάλεσε
698 3153 888 3209 τοῦτον
903 3153 971 3206 ’⁸.
1005 3153 1072 3205 Τί
1115 3151 1224 3225 γάρ
1255 3153 1322 3206 ἂν
1369 3152 1578 3221 γένοιτο
1617 3153 1971 3224 ἀνοητότερον
2007 3152 2102 3207 τοῦ

427 3240 605 3294 οἰκίαν
644 3234 1048 3306 οἰκοδομοῦντος
1097 3236 1191 3287 ἐπὶ
1247 3234 1348 3304 τῆς
1404 3233 1657 3306 ψάμμου,
1712 3236 1809 3288 ml
1856 3237 1948 3289 τὸν
2005 3237 2104 3308 μὲν

428 3325 590 3378 πόνον
637 3322 1018 3392 ὑπομένοντος,
1047 3318 1225 3372 τοῦ.δέ
1251 3317 1466 3390 καρποῦ
1494 3317 1591 3372 ml
1617 3319 1716 3389 τῆς
1737 3318 2100 3384 ἀναπαύσεως

428 3406 920 3478 ἀποστερουμένου,
943 3404 1038 3457 καὶ
1074 3403 1197 3456 ἀντὶ
1237 3401 1428 3455 τούτου
1455 3401 1675 3456 κόλασιν
1705 3403 2100 3474 ὑπομένοντοςς

430 3496 550 3548 ’Ὁτι
579 3492 688 3563 γὰρ
719 3491 814 3544 καὶ
847 3491 896 3542 οί
941 3488 1138 3541 κακίαν
1171 3485 1446 3557 μετιόντες
1485 3486 1776 3558 κάμνουσι,
1807 3488 1970 3541 παντί
1998 3504 2101 3541 που

426 3576 586 3647 δῆλόν
618 3578 731 3629 ἐστι
756 3590 768 3603 ·
799 3574 894 3627 καὶ
922 3572 1032 3642 γὰρ
1057 3570 1151 3624 καὶ
1179 3571 1223 3602 ’⁵
1250 3571 1279 3624 6
1301 3569 1503 3641 ἅρπαξ,
1530 3570 1623 3625 καὶ
1649 3573 1678 3624 6
1716 3570 1921 3643 μοιχὸς,
1951 3573 2044 3625 ml
2075 3573 2104 3625 6

429 3661 770 3726 συκοφάντης
790 3654 959 3709 πολλά
976 3653 1198 3708 πονοῦσι
1221 3654 1315 3706 καὶ
1334 3653 1831 3726 ταλαιπωροῦνται,
1851 3655 1990 3709 ὥστε
2004 3654 2102 3726 τὴν

429 3741 610 3797 αὐτῶν
660 3739 860 3794 κακίαν
909 3739 990 3799 εἰς
1024 3737 1174 3800 τέλος
1223 3738 1472 3806 ἀγαγεῖν·
1505 3737 1622 3792 ἀλλ’
1655 3739 1717 3791 οὐ
1761 3738 1920 3810 μόνον
1952 3738 2102 3794 οὐδὲν

428 3825 538 3880 ἀπὸ
561 3822 668 3877 τῶν
699 3822 876 3875 πόνων
915 3818 1119 3872 τούτων
1159 3819 1494 3889 καρποῦνται
1529 3819 1590 3874 16
1612 3819 1660 3852 ³⁸
1705 3819 1927 3892 κέρδος,
1967 3819 2102 3874 ἀλλὰ

427 3907 525 3962 ml
562 3904 762 3976 πολλὴν
793 3902 1121 3972 ὑπομένουσι
1143 3901 1241 3974 τὴν
1270 3902 1494 3974 ζημίαν.
1535 3903 1689 3957 Ἐπεὶ
1716 3901 1809 3958 ml
1835 3907 1863 3958 6
1893 3905 2103 3969 Παῦλος

426 3990 586 4045 τοῦτο
605 3990 648 4020 ⁸⁷
703 3985 1073 4056 αἰνιττόμενος
1127 3984 1344 4055 ἔλεγεν·
1411 3987 1475 4041 '0
1527 3987 1793 4055 σπείρων
1851 3990 1938 4055 εις
1988 3987 2104 4056 τὴν

426 4075 624 4142 σάρκα
654 4069 860 4134 αὑτοῦ,
899 4069 969 4123 ἐκ
1010 4067 1119 4137 τῆς
1140 4067 1368 4136 σαρκὸς
1405 4069 1594 4124 αὐτοῦ
1615 4069 1663 4102 ⁸⁸
1704 4069 1924 4139 θερίσει
1957 4073 2103 4140 φθο-

425 4157 561 4228 ράν.
596 4154 783 4224 Τούτῳ
833 4154 1043 4207 ἐοίκασι
1090 4152 1183 4206 ml
1223 4154 1272 4205 οί
1314 4152 1407 4206 ἐπὶ
1469 4152 1568 4224 τῆς
1619 4152 1850 4224 ψάμμου
1896 4153 2120 4207 οἰκοδο-υ

431 4239 683 4312 μοῦντες·
727 4235 837 4290 οἷον
873 4237 922 4288 οί
953 4234 1045 4287 ἐπὶ
1070 4235 1318 4306 πορνείᾳ,
1364 4236 1414 4288 οἱ
1465 4235 1557 4289 ἐπὶ
1592 4235 1870 4308 ἀσελγείᾳ,
1915 4239 1966 4291 οἱ
2004 4237 2097 4292 ἐπὶ

432 4323 574 4396 μέθῃ
609 4324 678 4387 ³⁸,
711 4321 761 4374 οἱ
791 4320 884 4374 ἐπὶ
908 4318 1088 4390 θυμῷ,
1116 4320 1166 4372 οἰ
1189 4319 1283 4372 ἐπὶ
1309 4321 1422 4383 τοῖς
1445 4318 1624 4384 ἀλλοις
1646 4320 1841 4376 άπασι.

498 4475 562 4531 6'.
599 4472 852 4536 Τοιοῦτος
874 4467 943 4545 ἦν
967 4471 996 4524 6
1040 4470 1266 4541 Ἀχαάϐ,
1300 4470 1416 4524 ἀλλ’
1446 4471 1508 4525 οὐ
1538 4471 1776 4536 τοιοῦτος
1807 4474 1836 4527 6
1885 4473 2093 4538 Ἠλίας.

429 4558 540 4615 Καὶ
571 4557 680 4630 γὰρ
710 4555 1030 4626 παράλληλα
1059 4553 1244 4618 θέντες
1272 4553 1370 4626 τὴν
1399 4554 1601 4628 ἀρετὴν
1629 4557 1723 4609 ml
1745 4555 1844 4628 τὴν
1873 4557 2092 4623 κακίαν,

429 4641 816 4716 ἀκριϐέστερον
845 4637 1102 4708 εἰσόμεθα
1129 4637 1190 4689 16
1215 4637 1488 4708 διάφορον.
1529 4637 1588 4690 ὐ
1620 4638 1716 4708 μὲν
1742 4638 1852 4709 γὰρ
1879 4639 1974 4691 ἐπὶ
1997 4640 2096 4711 τῆς

429 4724 637 4794 πέτρας
663 4720 1030 4791 ᾠκοδόμησεν,
1061 4721 1091 4773 6
1119 4719 1178 4773 66
1208 4721 1301 4773 ἐπὶ
1333 4719 1434 4790 τῆς
1459 4720 1688 4791 ψάμμου
1713 4735 1727 4750 ·
1763 4721 1844 4774 6:6
1869 4723 1960 4774 ml
1996 4721 2096 4792 βας

431 4807 611 4870 σιλεύς
639 4806 716 4858 ὣν
748 4805 1005 4858 ἐδεδοίκει
1043 4805 1139 4859 καὶ
1171 4803 1369 4875 ἐτρεμε
1411 4803 1503 4855 τὸν
1537 4805 1845 4876 προφήτην,
1877 4805 1968 4857 τὸν
1996 4805 2097 4876 τὴν

432 4890 688 4968 μηλωτὴν
720 4887 912 4958 ἔχοντα
951 4888 1131 4959 μόνον.
1171 4887 1414 4940 Τοιοῦτοι
1447 4887 1497 4940 οί
1543 4888 1804 4952 Ἰουδαῖοι,
1839 4888 1952 4940 ἀλλ’
1999 4889 2098 4960 οὐχ

429 4975 479 5028 οί
511 4971 796 5028 ἀπόστολοι
822 4987 836 5002 ·
871 4971 950 5024 6:6
996 4971 1089 5025 ml
1135 4970 1303 5038 ὀλίγοι
1339 4969 1492 5033 ὅντες
1523 4971 1616 5023 ml
1653 4969 1927 5040 δεδεμένοι
1950 5009 1966 5031 ,
1999 4971 2098 5040 τῆς

430 5058 636 5129 πέτρας
675 5053 1035 5108 ἐνεδείκνυντο
1063 5055 1124 5107 τὸ
1154 5053 1379 5125 στερρόν
1405 5069 1418 5081 ·
1466 5055 1662 5106 ἐκεῖνοι
1692 5053 1750 5106 δέ
1784 5053 1878 5107 καὶ
1912 5052 2095 5108 πολλοὶ

301 5121 318 5140 ’
431 5121 885 5206 καῖ’ώπλισμένοι
907 5177 922 5199 ,
951 5137 1050 5207 τῆς
1079 5121 1306 5206 ψάμμου
1337 5135 1396 5188 16
1427 5133 1670 5198 ἀσθενές.
1701 5136 1812 5189 Καὶ
1840 5136 1950 5206 γὰρ
1987 5135 2100 5189 ἐλε-

432 5238 528 5290 γον
547 5238 561 5254 '
600 5222 660 5274 Τί
687 5217 1020 5288 ποιήσομεν
1041 5219 1085 5251 ³ο
1106 5219 1223 5283 τοῖς
1260 5217 1590 5287 ἀνθρώποις
1621 5219 1892 5285 τούτοις-ς
1937 5220 2100 5291 Ὁρᾷς

433 5306 494 5358 ἐν
527 5301 732 5372 ἀπορίᾳ
774 5301 932 5366 ὅντας
954 5343 970 5368 ,
1004 5303 1064 5355 06
1105 5301 1231 5365 τούς
1262 5301 1606 5373 ὑποχειρίους
1636 5301 1732 5355 καὶ
1755 5301 2096 5372 δεδεμένους,

519 5395 566 5428 ²⁹
604 5391 917 5462 ἀκμάζοντα
958 5393 1022 5448 Α.
1119 5394 1163 5424 ’ί
1193 5394 1355 5447 αὐτὸν
1405 5392 1467 5447 F.

435 5538 504 5590 Α.
569 5533 616 5566 ³⁸
650 5535 744 5588 καὶ
770 5549 878 5586 om.
927 5533 985 5586 Β.
1017 5532 1078 5588 C.
1121 5533 1180 5588 F.

439 5672 496 5728 τί
523 5672 725 5744 déesl-z
759 5672 854 5727 sed
889 5681 1110 5744 t_uen:ur
1141 5675 1355 5744 Interpp

447 5813 689 5881 Interpp.

1217 291 1275 348 ε.
1313 292 1600 350 JOANNIS
1635 293 1772 351 ΕΗΒ
1786 293 2125 352 YSOSTOMI
2165 293 2480 354 ARCHIEP.
2517 297 3066 355 CONSTANTINOP.

3755 293 3869 348 ’δέ

2207 412 2344 466 ἀλλὰ
2380 415 2507 478 τοὺς
2557 415 2880 484 κατέχοντας
2920 413 3014 466 ml
3055 413 3452 483 δεσμεύοντας;
3495 404 3557 466 06
3587 409 3640 463 τί
3669 409 3873 478 γένοιτ’

2205 494 2272 548 ἂν
2303 497 2650 567 καινότερον;
2682 497 2754 549 Σὺ
2789 497 3040 566 κατέχεις
3083 495 3178 548 καὶ
3224 495 3540 564 διαπορεῖς;
3579 492 3691 547 Καὶ
3720 493 3874 564 μάλα

2207 579 2452 642 εἰκότως.
2496 579 2712 650 Ἐπειδὴ
2737 579 2847 650 γάρ
2872 579 2965 632 ἐπὶ
2995 579 3092 648 τῆς
3121 578 3347 648 ψάμμου
3375 577 3552 630 πάντα
3577 574 3866 645 ᾠκοδόμη-

2209 678 2326 727 σαν,
2346 661 2434 715 διά
2456 662 2614 716 τοῦτο
2637 663 2731 717 ml
2759 663 3130 734 ἀσθενέστεροι
3162 663 3376 716 πάντων
3399 656 3558 731 ἦσαν.
3588 659 3690 712 -Διά
3711 658 3876 712 τοῦτο

2207 745 2302 797 καὶ
2335 744 2496 798 πάλιν
2528 745 2711 812 έλεγον
2735 762 2750 776 ο
2792 745 2852 800 Τί
2883 744 3100 798 ποιεῖτε
3135 744 3500 812 ,βουλόμενοι
3547 740 3878 811 ἐπαγαγεῖν

2205 828 2298 896 ἐφ’
2322 827 2480 898 ἡμᾶς
2505 829 2572 883 τὸ
2597 825 2743 899 αἷμα
2777 829 2882 882 τοῦ
2909 827 3221 895 ἀνθρώπου
3249 827 3464 880 τούτου
3489 842 3508 888 ;
3535 825 3600 878 Τί
3637 841 3770 894 φησι
3799 824 3874 889 ³¹;

2206 911 2279 964 Σὺ
2311 911 2614 980 μαστίζεις,
2667 912 2761 965 ml
2795 911 2858 964 σύ
2894 911 3067 981 φοϐῇ;
3099 911 3163 964 σὺ
3197 907 3546 978 ἐπηρεάζεις,
3577 907 3673 961 ml
3696 908 3760 960 σύ
3785 904 3876 958 δέ·

2205 993 2422 1060 δοικα;;
2458 995 2522 1046 σὺ
2557 994 2760 1064 κρίνεις
2783 1034 2798 1058 ,
2839 994 2933 1047 καὶ
2969 993 3030 1046 σύ
3061 993 3279 1064 τρέμεις
3307 1008 3321 1056 ;
3356 990 3542 1054 Οῦτως
3569 990 3804 1060 ἀσθενὴς
3838 990 3877 1057 ἡ

2208 1075 2396 1130 κακία.
2439 1075 2578 1128 Ἀλλ’
2607 1076 2704 1146 οὐχ
2727 1077 2775 1128 οἰ
2805 1075 3090 1129 ἀπόστολοι
3118 1074 3288 1137 οῦτως
3311 1091 3324 1106 ’
3363 1073 3497 1128 ἀλλά
3527 1072 3641 1137 πῶς
3672 1072 3716 1104 ⁸¹
3740 1088 3757 1137 ;
3787 1073 3878 1125 Οὐ

2204 1159 2505 1229 δυνάμεθα
2535 1159 2706 1230 ἡμεῖς
2735 1159 2774 1213 d
2800 1159 3038 1228 εἴδομεν
3067 1158 3112 1190 ³³
3143 1158 3240 1211 καὶ
3271 1157 3617 1227 ἠκούσαμεν
3645 1155 3730 1226 μὴ
3760 1157 3876 1208 λα-

2206 1243 2359 1298 λεῖν.
2416 1239 2569 1306 Εἶδες
2616 1244 2869 1315 φρόνημα
2909 1241 3144 1312 ὐψηλόνς
3177 1235 3314 1303 εἶδες
3361 1241 3563 1312 πέτραν
3611 1239 3880 1310 κυμάτων

2206 1325 2633 1395 καταγελῶσαν;
2669 1323 2808 1389 εἶδες
2857 1325 3032 1378 οἰκίαν
3063 1325 3312 1378 ἄσειστον
3341 1340 3356 1389 ;
3404 1325 3512 1376 Καὶ
3539 1323 3601 1376 16
3638 1322 3704 1393 δὴ
3737 1322 3878 1374 θαυ-

2207 1406 2538 1477 μαστότερον
2563 1447 2577 1470 ,
2605 1408 2687 1460 ὅτι
2715 1407 2774 1459 οὐ
2813 1407 2972 1478 μόνον
2999 1406 3121 1458 οὐδὲ
3154 1405 3396 1473 ἐγίνοντο
3425 1403 3578 1458 αὐτοὶ
3603 1403 3770 1457 δειλοὶ
3797 1402 3873 1455 δι’

2203 1485 2352 1558 [5051
2380 1483 2456 1542 ὧν
2481 1487 2898 1542 ἐπεϐουλεύοντο
2919 1531 2932 1552 ,
2967 1488 3080 1541 ἀλλ’
3111 1489 3192 1540 ὅτι
3231 1488 3322 1540 ml
3353 1487 3534 1541 πλεῖον
3567 1486 3880 1557 ἐλάμϐανον

2203 1570 2422 1642 θάρσος,
2457 1572 2743 1636 κάκείνους
2766 1573 2846 1635 εἰς
2879 1571 3099 1642 μείζονα
3125 1570 3376 1624 ἐνέϐαλον
3395 1572 3441 1602 ιι
3463 1571 3724 1639 ἀγωνίαν.
3763 1569 3881 1623 Καὶ

2201 1655 2310 1726 γάρ
2338 1656 2366 1708 ὁ
2395 1657 2484 1710 τὸν
2518 1656 2800 1728 ἀδάμαντα
2831 1656 3105 1726 πλήττων,
3135 1655 3298 1717 αὐτός
3330 1656 3476 1707 ἐστιν
3504 1655 3534 1706 6
3564 1653 3881 1724 πληττόμε-

2200 1755 2289 1802 νος
2313 1754 2326 1767 ·
2359 1740 2455 1793 καὶ
2495 1742 2524 1793 6
2560 1739 2632 1793 τὰ
2660 1739 2864 1810 κέντρα
2897 1736 3190 1802 λακτίζων,
3230 1737 3389 1800 αὐτός
3432 1739 3577 1790 ἐστιν
3603 1739 3630 1790 6
3657 1735 3883 1790 κεντού-

2203 1840 2381 1892 μενος,
2427 1823 2522 1878 καὶ
2563 1821 2632 1876 τὰ
2660 1821 2872 1894 χαλεπά
2911 1821 3196 1892 δεχόμενος
3223 1820 3514 1892 τραύματα
3533 1837 3548 1851 ·
3579 1820 3676 1874 καὶ
3699 1821 3731 1872 6
3761 1822 3884 1880 τοῖς

2199 1904 2479 1974 ἐναρέτοις
2519 1903 2907 1965 ἐπιϐουλεύων,
2940 1903 3104 1968 αὐτός
3140 1905 3288 1956 ἐστιν
3327 1906 3356 1958 6
3404 1903 3748 1957 κινδυνεύων.
3812 1903 3883 1955 Ἥ

2200 1986 2310 2058 γὰρ
2340 1988 2508 2041 κακία
2537 1985 2776 2058 τοσούτῳ
2817 1987 3017 2058 μᾶλλον
3053 1985 3416 2054 ἀσθενεστέρα
3459 1986 3698 2054 γίνεται,
3733 1986 3884 2056 ὅσῳ-

2200 2087 2305 2141 περ
2331 2069 2396 2123 ἃν
2429 2069 2565 2140 πρὸς
2597 2069 2694 2141 τὴν
2722 2068 2921 2140 ἀρετὴν
2952 2069 3386 2140 παρατάττηται.
3429 2070 3538 2122 Καὶ
3567 2068 3826 2140 καθάπερ
3851 2068 3885 2122 ὁ

2201 2151 2312 2224 πῦρ
2350 2154 2406 2205 ἐν
2436 2152 2636 2222 ίματίῳ
2665 2151 2900 2222 δεσμῶν,
2939 2154 3037 2224 τὴν
3093 2153 3189 2222 μὲν
3225 2152 3396 2222 φλόγα
3427 2152 3527 2205 οὐκ
3557 2153 3769 2214 ἔσϐεσε,
3818 2151 3885 2204 16

2197 2235 2256 2288 66
2309 2235 2519 2305 ἱμάτιον
2563 2235 2901 2306 ἐδαπάνησεν
2944 2243 2972 2265 ο·
3009 2233 3182 2298 οῦτως
3221 2237 3250 2288 6
3293 2238 3406 2298 τοῖς
3451 2235 3731 2307 ἐναρέτοις
3781 2236 3885 2288 ἐπ-

2196 2315 2468 2387 ηρεάζων,
2496 2316 2589 2370 ml
2613 2316 2877 2386 κατέχων,
2906 2316 3001 2370 ml
3025 2315 3325 2385 δεσμεύων,
3343 2317 3585 2380 ἐκείνους
3617 2317 3715 2387 μὲν
3735 2317 3887 2388 λαμ-

2199 2399 2498 2472 προτέρους
2512 2398 2830 2470 εἰργάσατο,
2861 2400 3050 2453 ἐαυτὸν
3069 2400 3127 2452 δέ
3152 2399 3406 2469 ἠφάνισε.
3443 2400 3554 2454 Καὶ
3575 2401 3684 2472 γὰρ
3709 2401 3814 2455 ὅσα
3836 2400 3886 2432 ³³

2201 2481 2268 2536 ἂν
2293 2481 2440 2534 δεινά
2471 2481 2650 2552 πάθῃς
2678 2481 2935 2545 ἐπιεικῶς
2962 2481 3092 2548 ζῶν,
3124 2481 3362 2553 τοσούτῳ
3397 2483 3628 2553 γέγονας
3652 2484 3882 2554 ἰσχυρό-

2199 2581 2356 2637 τερος
2377 2579 2390 2592 ·
2423 2565 2534 2634 ὅσῳ
2562 2565 2670 2635 γάρ
2691 2563 2941 2634 τιμῶμεν
2962 2565 3006 2596 ³⁸
3042 2565 3377 2635 φιλοσοφίαν,
3411 2565 3648 2637 τοσούτῳ
3674 2567 3884 2637 μᾶλλον

2199 2647 2410 2712 οὐδενὸς
2435 2648 2744 2720 δεησόμεθα
2770 2665 2784 2680 ⁸
2817 2648 2911 2702 καὶ
2931 2649 3040 2720 ὅσῳ
3069 2649 3133 2702 ἂν
3161 2647 3388 2720 μηδενὸς
3419 2647 3723 2720 δεηθῶμεν,
3748 2667 3882 2703 τοσ-

2204 2729 2347 2801 ούτῳ
2389 2731 2586 2801 μᾶλλον
2621 2733 2830 2802 ἰσχυροὶ
2880 2731 3143 2800 γινόμεθα
3193 2732 3286 2784 ml
3329 2731 3543 2786 πάντων
3586 2732 3881 2804 ἀνώτεροι.

2200 2813 2452 2877 Τοιοῦτος
2474 2814 2517 2853 ⁸⁷
2532 2809 2602 2885 ἧν
2617 2817 2644 2868 6
2672 2815 2925 2884 Ἰωάννης
2945 2828 2959 2843 ’
2988 2814 3070 2868 διὸ
3094 2817 3296 2868 ἐκεῖνον
3328 2816 3426 2886 μὲν
3451 2816 3625 2881 οὐδεὶς
3663 2817 3881 2883 ἐλύπει,

2201 2897 2363 2960 αὐτὸς
2386 2897 2441 2951 δὲ
2471 2895 2660 2951 ἐλύπει
2689 2897 2780 2951 τὸν
2834 2895 3078 2969 Ἡρώδην
3103 2913 3117 2926 ·
3153 2898 3247 2951 ml
3281 2900 3308 2951 6
3349 2899 3450 2968 μὲν
3488 2899 3656 2972 μηδὲν
3702 2899 3873 2972 ἔχων,

2200 2980 2567 3052 κατεξανέστη
2609 2979 2701 3034 τοῦ
2734 2982 3091 3054 κρατοῦντος·
3127 2983 3155 3034 6
3195 2981 3249 3034 66
3281 2981 3515 3053 διάδημα
3551 2983 3644 3036 ml
3678 2985 3884 3057 ἁλουρ-

2203 3064 2327 3133 γίδα
2364 3065 2458 3118 καὶ
2485 3063 2686 3136 μυρίαν
2709 3062 3008 3134 φαντασίαν
3035 3064 3519 3136 περιϐεϐλημένος,
3553 3067 3748 3138 τρέμει
3782 3069 3885 3122 καὶ

2199 3147 2402 3201 δέδοικε
2422 3148 2514 3201 τὸν
2533 3148 2752 3200 πάντων
2777 3165 2909 3217 γεγυ
2918 3149 3218 3218 μνωμένον,
3238 3151 3332 3202 ml
3349 3149 3468 3202 οὐδὲ
3485 3150 3685 3203 ἀποτετ
3692 3168 3766 3220 μη
3778 3153 3883 3220 μέ-

2199 3247 2290 3285 νον
2319 3233 2418 3303 τὴν
2453 3231 2693 3301 κεφαλὴν
2719 3231 2890 3293 ἀδεῶς
2921 3230 3048 3284 ἰδεῖν
3071 3231 3292 3285 ἐδύνατο
3320 3233 3386 3284 ³⁸³.
3417 3231 3542 3287 Ὀτι
3566 3233 3679 3305 γὰρ
3706 3235 3806 3287 ml
3835 3236 3882 3267 ³⁹

2204 3317 2344 3388 μετά
2382 3316 2641 3386 τελευτὴν
2681 3315 2998 3384 ἀκμάζοντα
3035 3310 3148 3385 εἶχε
3188 3315 3278 3370 τὸν
3312 3316 3478 3386 φόϐον
3500 3357 3516 3380 ,
3549 3318 3782 3371 ἀκουσυν
3816 3320 3873 3374 τί

2201 3414 2365 3470 φησιν
2390 3415 2404 3428 ·
2442 3393 2629 3464 Οὗτός
2657 3397 2828 3450 ἐστιν
2856 3399 2889 3450 ὁ
2932 3396 3230 3464 Ἰωάννης,
3256 3397 3328 3451 6r
3363 3398 3609 3454 ἀνεῖλον
3640 3399 3774 3469 ἐγώ.
3801 3403 3881 3456 T6

2200 3481 2258 3536 66
2275 3521 2291 3544 ,
2341 3479 2620 3545 Ἁνεῖλον,
2647 3480 2748 3533 οὐκ
2779 3481 3140 3552 ἐπαιρομένου
3163 3477 3250 3551 ἧν,
3286 3481 3421 3535 ἀλλά
3448 3483 3539 3536 τὸν
3567 3484 3732 3552 φόϐον
3763 3503 3881 3538 πα-

2205 3562 2634 3636 ραμυθουμένου,
2669 3563 2765 3616 καὶ
2802 3561 3080 3626 πείθοντος
3109 3564 3207 3635 τὴν
3252 3564 3430 3636 ψυχὴν
3466 3565 3565 3636 τὴν
3593 3584 3867 3637 ταραττο-

2209 3649 2378 3719 μένην
2405 3646 2838 3717 ἀναμνησθῆναι,
2868 3646 2950 3698 ὅτι
2977 3646 3136 3710 αὐτὸς
3167 3646 3329 3700 αὐτὸν
3359 3647 3583 3717 ἔσφαξε.
3621 3649 3879 3720 Τοσαύτη

2203 3731 2302 3802 τῆς
2331 3729 2529 3800 ἀρετῆς
2551 3731 2584 3799 ἡ
2617 3730 2789 3798 ἰσχὺς,
2820 3727 2900 3780 ὅτι
2928 3728 3020 3780 καὶ⁸
3049 3728 3187 3797 μετά
3226 3727 3480 3798 τελευτὴν
3509 3732 3616 3784 τῶν
3649 3729 3877 3794 ζώντων

2201 3813 2317 3865 ἐστὶ
2348 3811 2711 3881 δυνατωτέρα.
2765 3810 2862 3863 Διά
2892 3809 2956 3880 δὴ
3004 3809 3160 3863 τοῦτο
3205 3812 3299 3864 ml
3336 3813 3500 3882 ἡνίκα
3529 3813 3665 3884 ἔζη,
3718 3818 3768 3868 οἱ
3808 3819 3884 3870 τά

2200 3894 2372 3948 πολλά
2407 3894 2732 3964 κεκτημένοι
2776 3893 3032 3964 χρήματα
3069 3893 3209 3964 πρὸς
3239 3893 3401 3947 αὐτὸν
3428 3895 3713 3966 ἐρχόμενοι
3756 3897 3881 3951 ἐλε-

2201 3995 2298 4048 γον
2322 3995 2336 4010 ·
2387 3981 2431 4032 T
2428 3978 2449 4030 ί
2491 3976 2825 4046 ποιήσομεν
2855 3977 2941 4041 ⁸⁶;
2973 3977 3224 4031 Τοσαῦτα
3252 3977 3426 4049 ἐχετε,
3463 3980 3562 4034 καὶ
3595 3982 3746 4053 παρά
3777 3984 3880 4036 τοῦ

2210 4059 2377 4133 μηδὲν
2399 4059 2610 4131 ἐχοντος
2642 4059 2894 4130 βούλεσθε
2927 4058 3119 4129 μαθεῖν
3140 4059 3240 4130 τῆς
3271 4061 3542 4133 ὑμετέρας
3569 4065 3880 4138 εὐημερίας

2205 4145 2305 4216 τὴν
2331 4142 2485 4207 ὅδόν;
2517 4142 2668 4212 παρά
2704 4141 2798 4196 τοῦ
2837 4141 3069 4213 πένητος
3091 4143 3141 4196 οἱ
3175 4145 3560 4211 πλουτοῦντεςς
3598 4151 3752 4220 παρά
3777 4151 3877 4205 τοῦ

2208 4228 2343 4299 μηδὲ
2373 4229 2416 4260 ⁴⁵¹
2445 4227 2623 4282 οἰκίαν
2651 4226 2866 4297 ἔχοντος
2911 4228 2962 4280 οἱ
2996 4227 3452 4298 στρατευόμενοις
3495 4229 3749 4291 Τοιοῦτος
3778 4235 3878 4286 καὶ

2201 4313 2230 4365 6
2267 4310 2450 4374 Ἠλίας
2465 4306 2533 4382 ἦν
2549 4328 2564 4342 ο
2589 4310 2668 4364 διὸ
2692 4310 2788 4363 καὶ
2816 4309 2953 4380 μετά
2977 4309 3074 4380 τῆς
3098 4310 3265 4380 αὐτῆς
3285 4313 3594 4384 παρρησίας
3618 4315 3696 4384 τῷ
3714 4315 3878 4388 δήμῳ

2202 4393 2491 4462 διελέγετο.
2556 4393 2616 4446 Ὀ
2662 4393 2760 4462 μὲν
2803 4392 2911 4464 γὰρ
2951 4392 3106 4458 ἔλεγε
3131 4431 3148 4454 ,
3191 4394 3543 4464 Γεννήματα
3582 4397 3872 4465 ἐχιδνῶν·

2202 4469 2354 4538 οὗτος
2382 4475 2438 4528 δὲ
2457 4515 2472 4540 ,
2509 4474 2658 4540 Ἕως
2689 4475 2833 4528 πότε
2864 4473 3184 4544 χωλανεῖτε
3219 4476 3310 4529 ἐπ’
3341 4478 3696 4547 ἀμφοτέραις
3742 4482 3876 4548 ταῖς

2205 4559 2437 4628 ἰγνύαις
2465 4555 2666 4626 ὐμῶν;
2695 4557 2806 4610 Καὶ
2842 4559 2870 4610 6
2902 4557 3000 4628 μὲν
3035 4556 3251 4627 ἔλεγεν,
3294 4560 3661 4628 Ἐφόνευσας
3694 4563 3740 4594 ⁸⁸
3771 4564 3872 4618 καὶ

2201 4639 2698 4708 ἐκληρονόμησας
2721 4656 2735 4671 ο
2769 4641 2798 4692 6
2826 4639 2882 4692 δὲ
2929 4639 3113 4708 ἐλεγεν
3134 4680 3148 4702 ,
3186 4643 3306 4694 Οὐκ
3334 4643 3538 4706 ἒξεστί
3563 4659 3664 4696 σοι
3704 4644 3874 4715 ἔχειν

2201 4722 2319 4790 τὴν
2361 4721 2614 4791 γυναῖκα
2648 4721 2948 4775 Φιλίππου
2978 4723 3084 4776 τοῦ
3113 4722 3379 4792 ἀδελφοῦ
3411 4742 3546 4780 σου.
3588 4722 3736 4791 Εἶδες
3771 4729 3872 4799 τὴν

2204 4806 2445 4876 πέτραν;
2480 4799 2619 4866 εῐδες
2643 4804 2742 4874 τὴν
2779 4805 3034 4875 ψάμμον;
3067 4807 3182 4869 πῶς
3216 4807 3451 4870 εὐκόλως
3492 4811 3823 4866 καταπίπτει
3853 4830 3870 4879 ;

2203 4889 2322 4951 πῶς
2347 4888 2486 4940 εῐκει
2511 4889 2628 4951 ταῖς
2650 4892 2987 4960 συμφοραῖς;
3018 4890 3134 4952 πῶς
3159 4892 3564 4962 περιτρέπεται,
3594 4892 3697 4946 κᾶν
3730 4896 3872 4962 μετά

2204 4971 2491 5042 βασιλέως,
2527 4970 2628 5024 κᾶν
2671 4971 2806 5041 μετὰ
2845 4971 3080 5042 πλήθους
3103 4968 3160 5048 ᾖ,
3192 4973 3293 5027 κᾶν
3324 4976 3462 5044 μετά
3501 4975 3822 5042 δυναστείας
3851 4995 3866 5042 ;

2215 5053 2496 5108 Ἀπάντων
2539 5051 2644 5124 γάρ
2684 5053 2810 5115 τούς
2847 5056 3140 5124 ’μετιόντας
3182 5055 3348 5127 αὐτὴν
3386 5057 3873 5131 ἀναισθητοτέρους

2202 5140 2366 5192 ποιεῖ.
2413 5138 2520 5189 Καὶ
2565 5137 2685 5190 0666
2718 5137 2905 5202 ἁπλῶς
2949 5139 3303 5203 καταπίπτει,
3336 5141 3472 5194 ἀλλὰ
3502 5143 3641 5210 μετά
3673 5145 3872 5216 πολλῆς

2202 5220 2300 5288 τῆς
2339 5220 2641 5290 συμφορᾶς.
2672 5220 2781 5273 Καὶ
2801 5221 2909 5292 γὰρ
2936 5222 2982 5252 ⁸³
3010 5218 3108 5292 ἦν,
3139 5224 3324 5295 φησὶν,
3359 5224 3395 5292 ἡ
3429 5223 3655 5290 πτῶσις
3681 5226 3872 5295 αὐτῆς

2199 5302 2454 5372 μεγάλη.
2492 5301 2629 5355 Οὐδὲ
2659 5304 2768 5372 γὰρ
2802 5303 2940 5376 ὑπὲρ
2962 5303 3073 5357 τῶν
3099 5305 3370 5376 τυχόντων
3396 5309 3424 5361 6
3453 5307 3719 5374 κίνδυνος,
3754 5310 3870 5364 ἀλλ’

1559 5394 1603 5425 ²¹
1633 5393 1747 5475 ξςαῖ
1795 5409 1909 5475 ριιι.
1961 5396 2027 5448 Α.

2204 5411 2254 5448 m
2315 5393 2721 5475 collimaudeest
2764 5394 2959 5475 in__B._
2981 5395 3048 5475 C._
3078 5395 3160 5475 _D.
3217 5397 3378 5475 F.__el
3413 5399 3625 5475 duobus
3661 5400 3866 5475 Mogqq.

435 5465 796 5521 Posteriorem
844 5473 1073 5531 partem,
1117 5479 1237 5532 qua
1279 5479 1309 5517 a
1357 5481 1412 5518 ν.
1454 5465 1602 5528 ὅστις
1645 5463 1853 5534 incipit,
1887 5479 1997 5519 om.
2045 5466 2107 5518 A.

435 5538 530 5605 A.__
569 5533 616 5566 ³⁸
639 5535 744 5605 καὶ
770 5549 888 5605 om:
927 5533 995 5605 BL
1017 5532 1078 5588 C.
1121 5533 1204 5605 Ἐκ
1258 5535 1304 5564 ’⁸
1328 5532 1411 5605 16]
1443 5551 1494 5588 1:
1518 5535 1583 5588 Δ.
1615 5533 1678 5605 16
1713 5549 1820 5588 om.
1855 5533 1920 5605 Ρ.
1994 5535 2037 5565 ’⁷
2068 5551 2107 5585 τι

2204 5479 2274 5518 In:
2322 5464 2495 5518 tribus
2531 5463 2734 5534 Mosqq.
2811 5467 2857 5498 "
2899 5467 2996 5536 τῆς
3019 5466 3247 5538 ψάμμου
3279 5467 3338 5523 Ε.

2204 5535 2248 5605 ο]
2289 5536 2351 5587 16
2379 5533 2510 5588 αὐτὸ
2541 5534 2682 5605 Edd:
2753 5535 2798 5605 ξ’
2829 5537 2992 5589 αὐτοῦ
3036 5554 3143 5592 om.
3176 5538 3235 5592 Β.
3276 5537 3336 5592 F.

443 5603 585 5677 μέθῃ
622 5603 850 5677 desunt_
877 5603 930 5655 in
968 5603 1029 5657 B.
1074 5605 1152 5677 Ε,
1184 5604 1244 5658 F.
1297 5613 1352 5658 et
1382 5603 1863 5677 ῥιξειξιεῃηἰείη-ειμι⁸
1903 5604 2142 5677 Ιιιιειξιψ.

3437 5472 3483 5501 ³⁵
3507 5469 3599 5522 τὸν
3631 5469 3869 5527 τοιοῦτον

2753 5535 2798 5566 ’⁵
2829 5535 2992 5589 αὐτοῦ
3036 5535 3157 5592 ὸιῄξ
3176 5538 3235 5592 Β.
3276 5537 3336 5592 F.
3412 5540 3458 5572 ”
3483 5539 3658 5594 Verba
3697 5543 3747 5594 οί
3776 5544 3871 5598 ἐπὶ

2244 5606 2608 5678 93¢“:an}:
2655 5603 2715 5659 B.
2752 5603 2816 5678 DA.
2847 5605 2929 5678 ιθ,
2956 5608 3026 5678 ,³⁸
3059 5607 3109 5661 τί
3135 5626 3266 5678 φησι
3304 5625 3414 5664 om.
3466 5610 3528 5663 D.
3577 5610 3630 5664 in
3657 5617 3868 5668 caneris

1362 5673 1538 5751 ,ξοδ
1551 5674 1724 5751 δέδιας
1964 5675 2008 5751 ξ’
2038 5673 2107 5728 Ve

2204 5693 2213 5728 ι
2247 5674 2379 5751 ἀλλὰ
2412 5673 2755 5751 πώς-ειεξυηῐ
2793 5676 2848 5751 i_n
2890 5677 3070 5751 Edd._
3104 5673 3159 5709 ³⁵⁷
3182 5673 3418 5751 ἐῖδομεν]
3459 5681 3678 5751 οἴδαμεν
3707 5684 3772 5735 Δ.
3804 5687 3863 5738 C.

441 5745 506 5814 1).
538 5743 876 5814 ἑωράκαμεν
894 5740 989 5814 F._
1027 5740 1381 5814 “_6v66a):7:6v
1408 5744 1468 5799 Β.
1506 5745 1567 5798 1).
1603 5743 1695 5814 Ἐκ
1742 5744 1786 5776 ³⁵
1812 5745 1922 5814 ὅσῳ
1962 5745 2028 5797 Α.
2113 5745 2159 5776 ⁸⁸
2206 5745 2451 5814 τιμῶμεν

788 5813 806 5842 ⁷
835 5811 1084 5876 Τοιοῦτος
1147 5814 1332 5878 υῦτως
1360 5814 1495 5869 Edd.
1571 5814 1615 5846 ³⁸
1640 5812 1862 5866 δύναται
1890 5811 1948 5869 Β.
1970 5814 2028 5869 Ε.
2107 5814 2153 5846 ³⁸
2185 5811 2276 5868 ml
2305 5811 2415 5869 oin.

788 5879 812 5932 ’.
885 5880 928 5914 ⁵³
963 5812 1124 5957 μηδὲ]
1157 5885 1274 5939 οὐδὲ
1313 5885 1446 5941 Edd.
1523 5883 1568 5918 ⁸⁸
1603 5883 1725 5940 Vid.
1761 5885 1944 5941 adnot.
2020 5885 2067 5918 “
2093 5885 2199 5957 γὰρ
2235 5901 2346 5941 om.
2386 5886 2415 5940 Α

2527 5742 2594 5816 ἀν
2629 5745 2992 5816 ἐπιτείνωμεν
3030 5747 3090 5802 F.
3124 5759 3180 5802 el
3209 5742 3484 5805 sic-ediiﬁt
3529 5742 3654 5805 Sév.
3683 5751 3866 5807 invitis

2499 5813 2778 5893 .C._!l.‘F.
2814 5813 2951 5893 μετά
2977 5816 3076 5893 τὴν
3107 5819 3364 5893 τελευτῂν
3391 5823 3455 5874 Α.
3487 5818 3547 5874 F.
3624 5819 3672 5852 δ’
3705 5824 3862 5893 ποιή-

452 5878 812 5960 99,953.13.
885 5880 928 5914 ιι
963 5878 1124 5957 μηδὲ]
1157 5885 1274 5939 οὐδὲ
1313 5885 1446 5941 Edd.
1523 5883 1568 5918 ιι
1603 5883 1725 5940 Vid.
1761 5885 1944 5941 adnot.
2020 5885 2107 5951 ηπ

2235 5901 2346 5941 om.
2386 5886 2453 5941 Α.
2487 5883 2723 5957 μεγάλη]
2765 5878 2891 5942 add.
2943 5878 3147 5960 σφόδρα
3200 5878 3337 5945 Εόόῖ
3388 5901 3576 5946 contra
3605 5905 3760 5948 ωθοα
3807 5878 3864 5949 ἂι

451 5950 657 6022 MoSqq.
681 5964 887 6005 omnes.
