4038 6364
313 301 416 357 325

315 413 414 468 hoc
455 411 619 467 etiam
660 425 799 466 nunc
846 407 1044 473 dicam,
1082 420 1149 461 ex
1199 412 1423 473 utroque
1465 400 1689 455 salutem
1738 397 1892 451 audi-

315 516 488 559 torum
516 504 710 572 ubique
733 509 1006 572 operatur,
1035 514 1102 553 ex
1136 494 1346 549 virtutis
1381 492 1577 556 studio,
1606 500 1660 545 et
1680 504 1743 543 ex
1775 487 1900 541 odio

314 596 583 667 nequitiae.
615 595 751 661 Quia
781 592 924 649 enim
969 589 1184 661 quidam
1226 586 1387 642 futuri
1431 593 1587 639 erant
1628 582 1720 651 qui
1750 581 1895 635 dicta

316 689 532 759 quidem
581 697 928 750 mirarentur,
980 698 1150 753 neque
1194 692 1369 736 tamen
1419 679 1556 733 bona
1587 676 1901 732 exhiberem

311 797 499 849 opera,
525 780 645 834 illos
673 777 1013 849 praeveniens
1037 783 1202 830 terret
1240 788 1304 828 ac
1331 771 1461 826 dicit
1490 787 1503 823 :
1539 768 1746 824 etiamsi
1778 766 1900 837 pul-

310 876 439 929 chra
460 874 568 927 sint
588 888 649 927 ea
679 887 798 942 qua:
833 870 1106 932 dicuntur,
1137 882 1242 919 non
1270 862 1518 919 sufficere
1543 872 1721 915 tamen
1747 857 1902 913 audi—

314 976 423 1021 tum
454 965 521 1020 ad
550 966 798 1027 salutem,
827 962 921 1018 sed
953 969 1204 1032 oportere
1236 974 1330 1029 per
1355 972 1515 1028 opera
1536 955 1756 1024 obsequi
1783 971 1794 1005 :
1822 962 1902 1006 to-

314 1070 425 1113 tum
453 1066 629 1112 autem
659 1057 759 1112 hac
808 1057 861 1110 in
900 1070 959 1110 re
1000 1053 1266 1124 przceipue
1294 1061 1556 1106 versatur.
1608 1048 1782 1116 Atque
1814 1046 1902 1101 hic

313 1165 616 1205 sermonem
647 1148 921 1203 concludit
947 1188 961 1212 ,
990 1146 1332 1215 validumque
1373 1144 1502 1212 ipsis
1535 1143 1784 1196 timorem
1810 1154 1899 1195 re—

313 1241 528 1311 linquit.
556 1238 1015 1307 Quemadmodum
1042 1238 1184 1292 enim
1203 1277 1219 1302 ,
1251 1251 1371 1291 cum
1403 1234 1470 1289 de
1496 1234 1691 1287 virtute
1719 1246 1902 1303 agere-

314 1344 421 1398 tur,
450 1350 557 1387 non
601 1334 771 1387 solum
825 1347 890 1387 ex
923 1331 1111 1385 futuris
1142 1329 1413 1393 incitabat,
1440 1344 1661 1398 regnum
1688 1342 1899 1381 memo-

313 1441 462 1488 rans.
490 1425 672 1489 caelos,
704 1423 1006 1479 mercedem
1035 1421 1354 1477 ineffabilem
1378 1462 1393 1485 ,
1426 1419 1849 1474 consolationem
1878 1459 1894 1482 ,

312 1530 701 1586 tnnumeraque
751 1514 911 1577 bona,
966 1513 1059 1569 sed
1087 1513 1248 1568 etiam
1292 1527 1320 1565 a
1374 1511 1748 1582 praesentibus,
1776 1510 1900 1563 dum

314 1609 622 1663 firmitatem
653 1606 1189 1675 immobilitatemque
1231 1612 1396 1673 petrae
1436 1601 1711 1657 ostendit:
1745 1600 1823 1655 sic
1848 1608 1902 1653 et

311 1716 438 1753 cum
468 1698 537 1753 de
561 1698 762 1752 malitia
806 1697 982 1766 agitur
1001 1737 1016 1763 ,
1048 1710 1152 1749 non
1197 1694 1357 1749 modo
1382 1702 1549 1749 terret
1591 1692 1661 1747 ab
1691 1692 1755 1746 iis
1781 1706 1901 1761 quae

311 1799 711 1860 exspectantur,
741 1798 797 1842 ut
818 1788 886 1842 ab
913 1787 1092 1841 excisa
1119 1785 1312 1841 arbore
1333 1826 1347 1850 ,
1390 1788 1512 1856 igne
1554 1784 1903 1852 inexstingui-

311 1883 429 1948 bili,
461 1882 703 1952 ingreSsu
732 1879 885 1950 regni
914 1878 1224 1941 intercluso,
1247 1876 1316 1931 ab
1335 1876 1439 1931 hoc
1458 1875 1621 1938 dicto,
1649 1873 1769 1928 Non
1783 1874 1900 1928 novi

312 1992 399 2029 ros
422 1990 439 2038 ;
466 1972 560 2027 sed
581 1972 742 2028 etiam
774 1986 838 2025 ex
866 1969 1223 2041 praesentibus
1242 2009 1256 2032 ,
1286 1981 1479 2036 nempe
1527 1981 1591 2021 ex
1621 1965 1773 2020 ruina
1800 1964 1897 2018 do-

309 2081 453 2121 mus.
484 2064 716 2133 Ideoque
744 2079 865 2117 cum
906 2061 1097 2131 majori
1142 2059 1384 2130 emphasi
1412 2073 1716 2114 sermonem
1749 2056 1900 2111 insti-

311 2166 434 2221 tuit,
470 2154 719 2224 parabola
769 2153 918 2207 illum
949 2166 1237 2206 exornans.
1273 2150 1390 2205 Non
1436 2151 1582 2205 enim
1627 2150 1757 2205 satis
1790 2159 1905 2204 erat

312 2247 539 2312 dixisse,
569 2247 763 2301 virtute
793 2243 1072 2314 praeditum
1122 2242 1380 2297 invictum
1432 2241 1570 2307 fore,
1598 2241 1900 2312 improbum

313 2352 475 2411 captu
512 2340 722 2393 facilem
747 2354 763 2403 ;
792 2336 885 2392 sed
916 2344 1121 2407 petram
1151 2336 1350 2405 posuit,
1377 2334 1620 2399 domum,
1652 2334 1895 2398 flumina,

315 2434 551 2505 pluviam
582 2442 638 2487 et
662 2441 905 2495 ventum,
924 2445 988 2485 ac
1014 2429 1228 2484 similia.
1252 2428 1345 2484 26.
1378 2427 1578 2493 Omnis,
1607 2428 1798 2498 inquit,
1819 2427 1907 2496 qui

313 2527 458 2579 audit
487 2539 741 2579 sermones
765 2524 857 2577 hos
882 2537 1040 2587 meos,
1069 2530 1117 2575 et
1144 2537 1246 2575 non
1277 2521 1398 2592 facit
1420 2536 1526 2584 eos,
1545 2519 1907 2575 assimilabitur

314 2618 425 2673 viro
459 2617 640 2681 stulto,
668 2614 755 2683 qui
785 2614 1054 2683 aediﬁcavit
1080 2613 1287 2667 domum
1312 2628 1459 2667 suam
1491 2628 1643 2681 super
1677 2627 1904 2665 arenam.

317 2707 488 2762 Recte
523 2715 701 2760 autem
733 2706 954 2760 stultum
998 2703 1141 2760 hunc
1166 2703 1394 2759 vocavit.
1433 2702 1571 2771 Quid
1593 2702 1734 2758 enim
1767 2701 1907 2757 stul-

317 2801 423 2853 tius
452 2798 615 2854 fuerit
639 2797 857 2852 homine
881 2811 1042 2868 super
1070 2811 1287 2853 arenam
1318 2796 1649 2863 aedificante,
1679 2804 1733 2852 et
1756 2794 1907 2850 labo-

316 2907 432 2945 rem
455 2889 673 2960 quidem
705 2889 909 2945 ferente
933 2930 949 2956 ,
984 2890 1154 2944 fructu
1185 2904 1313 2943 vero
1348 2898 1404 2944 et
1433 2889 1615 2957 requie
1640 2903 1760 2944 sese
1788 2888 1902 2958 pri-

319 2994 516 3050 vante,
544 2998 751 3054 proque
782 2983 881 3038 hac
907 2998 965 3037 re
1009 2982 1325 3053 supplicium
1369 2982 1711 3038 sustinente?
1752 2981 1905 3051 Quod

317 3086 501 3131 autem
530 3076 566 3129 ii
609 3075 698 3146 qui
742 3075 992 3145 nequitiae
1039 3090 1100 3129 se
1146 3073 1348 3129 dedunt
1384 3074 1655 3138 laborent,
1703 3074 1908 3129 nemini

319 3184 429 3223 non
456 3177 643 3223 notum
671 3178 755 3222 est
786 3185 799 3221 ε
826 3182 947 3221 nam
971 3176 1176 3236 raptor,
1206 3166 1502 3231 adulteros,
1532 3160 1865 3238 sycophanta
1886 3207 1901 3231 ,

320 3262 551 3317 multum
600 3260 844 3315 laborant
894 3259 1166 3329 multaque
1204 3259 1491 3324 sustinent,
1542 3267 1603 3313 ut
1654 3258 1910 3312 malitiam

319 3367 473 3407 suam
500 3351 567 3405 ad
599 3352 758 3406 linem
791 3350 1057 3406 deducant
1084 3366 1099 3414 ;
1127 3350 1221 3405 sed
1253 3365 1356 3405 non
1402 3350 1562 3405 modo
1601 3349 1803 3405 nullum
1830 3366 1915 3406 re-

320 3445 505 3499 ferunt
531 3444 781 3503 fructum,
810 3459 993 3497 verum
1024 3443 1181 3497 etiam
1211 3443 1463 3498 damnum
1484 3445 1683 3513 grande
1708 3446 1918 3513 patiun-

322 3544 431 3589 tur.
474 3535 608 3589 Nam
662 3542 717 3589 et
766 3534 963 3589 Paulus
1012 3534 1242 3605 idipsum
1298 3536 1640 3590 subindicans
1664 3536 1913 3592 dicebat:

326 3629 428 3694 Qui
455 3627 671 3681 seminat
698 3627 751 3679 in
771 3642 923 3679 carne
942 3642 1053 3690 sua,
1088 3626 1152 3681 de
1174 3642 1326 3682 carne
1346 3644 1437 3682 sua
1464 3638 1613 3683 metet
1639 3631 1916 3700 corruptio-

320 3718 669 3788 nem(Galat.
696 3721 749 3773 6.
782 3718 884 3792 8).
916 3721 1053 3774 Huic
1090 3721 1291 3774 similes
1320 3730 1449 3775 sunt
1481 3723 1569 3791 qui
1608 3738 1772 3791 super
1795 3739 1918 3779 are-

322 3829 449 3866 nam
486 3812 784 3876 :edilicant;
811 3813 955 3867 verbi
983 3815 1153 3884 gratia
1183 3814 1276 3884 qui
1319 3814 1370 3867 iit
1402 3813 1779 3882 fornicatione,
1822 3817 1913 3886 qui

324 3909 380 3960 in
407 3906 641 3971 luxuria,
672 3905 761 3974 qui
794 3906 846 3959 in
878 3907 1200 3972 ebrietate‘,
1228 3907 1318 3977 qui
1342 3906 1398 3961 itt
1428 3907 1722 3973 iracundia,
1749 3908 1915 3979 quiin

323 4000 447 4053 aliis
474 3999 748 4052 omnibus.

399 4092 455 4146 4.
496 4089 819 4161 Comparatio
844 4090 1012 4144 Achab
1033 4100 1081 4145 et
1100 4091 1252 4158 Elite,
1277 4094 1622 4163 apostolorum
1642 4104 1690 4148 et
1707 4094 1919 4150 Judteo-

325 4198 468 4235 rum.
512 4182 869 4252 Apostolorum
916 4182 1105 4250 ﬁducia
1151 4193 1199 4235 et
1245 4184 1482 4251 ﬁrmitas.
1518 4215 1588 4226 —
1627 4186 1769 4242 Talis
1806 4198 1922 4243 erat

324 4272 550 4338 Achab;
593 4274 685 4327 sed
731 4289 835 4328 non
870 4275 989 4329 talis
1033 4275 1193 4330 Elias.
1241 4276 1451 4333 Etenim
1500 4295 1533 4334 e
1569 4282 1784 4351 regione
1821 4297 1920 4353 po-

327 4376 523 4420 nentes
548 4365 769 4420 virtutes
799 4374 853 4420 et
883 4366 1006 4421 vitia
1031 4407 1046 4431 ,
1081 4367 1287 4423 illorum
1315 4369 1665 4425 differentiam
1702 4388 1922 4426 accura-

329 4456 437 4511 tius
455 4469 826 4526 agnoscemus.
852 4456 944 4511 llle
965 4472 1195 4527 namque
1212 4474 1375 4530 super
1396 4472 1597 4530 petram
1618 4463 1921 4531 aedificavit,

330 4547 418 4600 hic
447 4560 581 4600 vero
604 4562 766 4615 super
793 4563 1011 4602 arenam
1046 4567 1060 4602 :
1098 4549 1323 4621 ideoque
1352 4567 1446 4606 rex
1475 4568 1597 4607 cum
1626 4565 1769 4609 esset
1794 4570 1921 4624 pro-

329 4640 548 4710 phetam
578 4641 847 4695 metuebat
870 4650 925 4695 et
953 4641 1304 4708 formidabat,
1333 4646 1420 4715 qui
1444 4645 1700 4715 propheta
1729 4650 1922 4704 melote

334 4741 538 4786 tantum
586 4742 702 4787 erat
744 4732 978 4787 indutus.
1029 4733 1190 4791 Tales
1231 4746 1383 4790 erant
1423 4737 1628 4804 Judaei;
1677 4741 1771 4795 sed
1815 4757 1920 4797 non

330 4825 561 4894 apostoli
593 4842 606 4878 :
633 4826 977 4895 quamobrem
1007 4826 1061 4881 hi
1100 4830 1250 4897 pauci
1287 4846 1406 4884 cum
1436 4843 1617 4886 essent
1640 4843 1693 4888 et
1718 4834 1877 4888 vincti
1903 4877 1917 4899 ,

333 4920 640 4975 firmitatem
674 4930 835 4989 petrae
862 4921 1251 4989 ostendebant;
1294 4924 1365 4979 illi
1402 4941 1529 4981 vero
1554 4927 1653 4981 etsi
1694 4929 1842 4983 multi
1870 4938 1925 4984 et

332 5015 564 5079 armati,
606 5013 966 5068 infirmitatem
1015 5030 1212 5071 arente.
1262 5017 1515 5072 Dicebant
1557 5021 1699 5074 enim
1742 5023 1924 5087 :Quid

336 5110 581 5177 faciemus
616 5105 902 5160 hominibus
929 5108 1037 5161 istis
1066 5110 1083 5177 (
1110 5108 1218 5161 Act.
1247 5109 1301 5163 4.
1333 5110 1399 5164 16
1421 5108 1480 5177 )?
1515 5111 1694 5166 Vidett’
1724 5113 1840 5168 illos
1870 5115 1921 5169 in

334 5200 579 5268 angustia
615 5198 851 5263 versari;
882 5214 985 5253 non
1016 5209 1193 5255 autem
1220 5216 1313 5255 eos
1351 5203 1441 5271 qui
1475 5204 1667 5272 captivi
1694 5215 1845 5259 erant
1871 5216 1926 5260 et

337 5291 498 5345 vincti
521 5332 536 5355 ,
567 5290 662 5345 sed
689 5291 775 5361 qui
808 5290 1118 5345 detinebant
1142 5302 1192 5346 et
1216 5291 1537 5348 vinxerant?
1562 5312 1667 5363 quo
1694 5298 1818 5366 quid
1848 5298 1925 5351 in-

338 5382 597 5435 solentius
624 5381 903 5435 videatur?
943 5382 1020 5436 Tu
1045 5383 1254 5438 detines
1280 5394 1335 5438 et
1360 5385 1614 5440 dubitas?
1651 5386 1779 5442 Jure
1805 5391 1924 5457 qui-

340 5472 483 5526 dem.
511 5471 647 5539 Quia
675 5473 817 5527 enim
843 5474 1021 5527 omnia
1051 5488 1214 5543 super
1248 5490 1464 5530 arenam
1493 5476 1883 5534 aedificaverant
1908 5499 1923 5546 ;

340 5565 463 5619 ideo
487 5564 808 5620 infirmiores
835 5564 1085 5619 omnibus
1108 5575 1279 5621 erant.
1324 5566 1525 5623 Idcirco
1554 5568 1803 5627 dicebant
1826 5572 1923 5627 de-

406 5736 424 5767 ²
459 5742 539 5786 ηεξ
564 5747 726 5795 voces,
750 5733 834 5798 qui
856 5733 908 5786 in
932 5731 1175 5798 ebrietate,
1198 5734 1378 5788 desunt
1406 5736 1457 5786 in
1480 5737 1642 5788 Morel.

1243 290 1308 347 IN
1347 287 1758 346 MATTHEUM
1794 284 2026 344 HOMIL.
2071 283 2258 341 XXIV.
2299 287 2371 338 al.
2416 285 2579 339 XXV.

3483 295 3595 350 326

2005 410 2112 448 nuo
2136 413 2149 449 :
2180 395 2316 463 Quid
2334 399 2501 468 facitis
2522 397 2737 454 volentes
2757 400 2991 455 inducere
3010 418 3159 474 super
3180 421 3269 460 nos
3288 412 3585 476 sanguinem

2002 486 2219 540 hominis
2245 488 2398 559 hujus
2424 489 2561 557 (Act.
2582 490 2636 545 5.
2660 491 2790 560 28)?
2818 492 2952 561 Quid
2978 492 3144 549 dicit?
3169 496 3245 551 Tu
3272 500 3456 567 caedis,
3482 515 3585 559 ter-
3612 492 3615 495 ’

2002 591 2120 641 res,
2145 578 2321 644 laedis,
2353 590 2406 637 et
2435 592 2487 637 tu
2521 583 2718 639 times?
2743 595 2796 639 tu
2820 586 3049 656 judicas,
3081 600 3133 645 et
3163 599 3215 644 tu
3246 594 3469 650 tremis?
3497 593 3589 652 Sic

2002 669 2213 725 infirma
2242 681 2322 726 est
2349 675 2570 728 malitia.
2600 676 2703 731 Sed
2730 680 2954 747 apostoli
2981 696 3086 735 non
3112 684 3189 737 sic
3215 700 3229 736 :
3261 684 3378 739 Non
3404 705 3586 758 possu-

2003 776 2114 813 mus
2134 778 2225 815 nos
2245 779 2356 831 qua:
2374 766 2654 821 audivimus
2672 778 2719 823 et
2742 764 2954 825 vidimus
2975 788 3075 825 non
3096 774 3233 844 loqui
3250 777 3379 844 (Act.
3400 779 3435 833 4
3450 778 3585 845 .20).

2002 850 2246 908 Vidistin’
2277 855 2509 910 animum
2549 860 2872 915 sublimem?
2910 863 3138 919 vidistin'
3164 879 3364 936 petram
3395 870 3587 928 fluctus

2002 946 2301 1003 ridentem?
2323 949 2552 1004 vidistiu’
2576 951 2793 1007 domum
2819 954 3142 1013 immobilem
3161 961 3184 1014 ?
3203 961 3459 1034 Quodque
3482 967 3586 1021 mi-

2003 1039 2223 1093 rabilius
2247 1080 2262 1104 ,
2294 1056 2398 1095 non
2444 1042 2602 1097 modo
2633 1045 2800 1099 timidi
2848 1063 2954 1101 non
2983 1060 3134 1104 erant
3158 1092 3173 1116 ,
3212 1053 3352 1121 quod
3381 1054 3587 1111 insidia:

2003 1133 2133 1201 ipsis
2173 1145 2503 1203 pararentur,
2535 1139 2627 1191 sed
2655 1140 2814 1194 etiam
2850 1143 3104 1211 majorem
3133 1144 3379 1201 fiduciam
3407 1150 3587 1218 capie-

2003 1223 2168 1290 bant,
2219 1226 2440 1296 illosque
2479 1229 2531 1282 in
2576 1232 2830 1298 majorem
2875 1239 3170 1304 angustiam
3210 1239 3585 1308 eonjiciebant.

2003 1314 2134 1369 Nam
2163 1318 2251 1386 qui
2279 1318 2612 1374 adamantem
2641 1325 2886 1391 percutit,
2911 1326 3023 1395 ipse
3044 1336 3126 1383 est
3145 1330 3234 1400 qui
3258 1332 3585 1399 percutitur;

2005 1419 2059 1464 et
2078 1412 2166 1481 qui
2189 1422 2371 1467 contra
2394 1414 2663 1469 stimulum
2685 1416 2945 1486 calcitrat,
2970 1420 3082 1491 ipse
3102 1432 3183 1477 est
3202 1424 3291 1494 qui
3319 1426 3586 1497 pungitur,

2005 1513 2058 1557 et
2084 1507 2264 1573 gravia
2293 1508 2486 1576 accipit
2510 1511 2763 1575 vulnera;
2788 1521 2842 1566 et
2867 1512 2955 1582 qui
2979 1514 3175 1570 virtute
3199 1517 3436 1586 praeditis
3461 1520 3589 1575 insi-

2005 1595 2179 1649 diatur
2202 1638 2217 1660 ,
2252 1597 2364 1666 ipse
2387 1608 2471 1654 est
2498 1602 2585 1669 qui
2615 1603 2963 1670 periclitatur.
2996 1605 3191 1662 Malitia
3219 1609 3415 1680 quippe
3441 1620 3590 1666 tanto

2005 1686 2268 1743 infirmior
2285 1690 2528 1757 efficitur,
2550 1704 2746 1763 quanto
2764 1696 2932 1767 magis
2951 1707 3132 1753 contra
3149 1701 3395 1757 virtutem
3416 1705 3585 1760 aciem

2005 1779 2239 1836 instruit.
2286 1782 2363 1837 Ac
2386 1785 2832 1853 quemadmodum
2859 1789 2948 1859 qui
2978 1789 3153 1860 ignem
3183 1792 3311 1863 ligat
3346 1793 3399 1849 in
3427 1798 3588 1850 vesti-

2006 1883 2189 1927 mento
2212 1914 2227 1937 ,
2270 1872 2533 1929 flammam
2573 1877 2786 1947 quidem
2817 1895 2921 1934 non
2953 1883 3279 1953 exstinguit,
3308 1886 3400 1940 sed
3429 1889 3591 1942 vesti-

2006 1973 2242 2019 mentum
2286 1969 2552 2021 consumit
2583 1985 2595 2021 :
2621 1968 2699 2024 sic
2737 1972 2825 2040 qui
2872 1972 3065 2027 virtute
3108 1975 3361 2044 praeditos
3405 1977 3587 2045 laedit,

2006 2056 2228 2122 detinet,
2265 2057 2418 2126 ligat;
2449 2058 2571 2113 illos
2594 2061 2803 2130 quidem
2831 2064 3218 2133 splendidiores
3245 2067 3405 2125 efficit
3426 2113 3442 2136 ,
3470 2086 3591 2127 sese

2007 2163 2137 2203 vero
2177 2149 2371 2219 perdit.
2425 2152 2631 2207 Etenim
2663 2166 2859 2223 quanto
2894 2159 3135 2227 graviora
3166 2177 3352 2231 passus
3390 2162 3589 2231 fueris,

2008 2240 2133 2295 dum
2161 2242 2329 2311 probe
2356 2243 2514 2297 vitam
2545 2244 2726 2311 ducis,
2758 2257 2903 2303 tanto
2930 2247 3118 2305 fortior
3144 2253 3363 2309 evadis:
3394 2265 3594 2325 quanto

2010 2332 2179 2403 magis
2204 2334 2345 2387 enim
2378 2333 2767 2404 philosophiam
2796 2338 3033 2394 colemus
3053 2375 3071 2408 ,-
3100 2351 3247 2398 tanto
3276 2348 3444 2415 magis
3469 2347 3591 2402 nul-

2009 2424 2111 2479 lius
2139 2425 2446 2497 egebimus;
2473 2436 2528 2483 et
2546 2438 2745 2498 quanto
2770 2432 2937 2502 magis
2960 2434 3108 2489 nullo
3132 2436 3426 2505 egebimus,
3447 2448 3596 2496 tanto

2010 2516 2259 2572 fortiores
2292 2518 2492 2574 erimus
2512 2560 2529 2585 ,
2568 2530 2622 2575 et
2656 2523 2904 2578 omnibus
2931 2526 3253 2595 superiores.
3304 2529 3447 2585 Talis
3479 2543 3596 2588 erat

2010 2608 2264 2666 Joannes.
2297 2611 2654 2679 Quamobrem
2686 2631 2843 2671 nemo
2883 2618 2958 2672 illi
3000 2620 3296 2676 molestiam
3335 2626 3594 2690 creabat,

2011 2700 2103 2755 ille
2124 2710 2302 2757 autem
2324 2704 2582 2760 molestus
2602 2717 2717 2761 erat
2744 2707 2971 2774 Herodi;
2999 2721 3054 2766 et
3076 2713 3167 2783 qui
3193 2713 3326 2770 nihil
3348 2716 3594 2781 habebat.

2009 2792 2268 2850 adversus
2293 2806 2602 2865 regnantem
2634 2798 2952 2867 insurrexit;
2994 2804 3084 2874 qui
3110 2805 3409 2862 diademate
3428 2850 3443 2873 ,
3473 2824 3598 2879 pur—

2013 2902 2177 2958 pura,
2202 2889 2475 2961 multoque
2502 2900 2692 2945 ornatu
2721 2891 2948 2963 fulgens,
2975 2897 3220 2951 omnibus
3248 2899 3501 2954 nudatum
3533 2903 3599 2957 ti-

2013 2979 2196 3036 mebat
2236 2978 2658 3053 formidabatque
2678 3024 2693 3049 ,
2726 3000 2898 3056 neque
2923 2985 3072 3042 illum
3102 2989 3275 3058 capite
3301 2999 3597 3048 truncatum

2016 3079 2225 3143 poterat
2267 3074 2383 3128 sine
2425 3084 2567 3129 metu
2595 3076 2882 3144 respicere.
2930 3077 3080 3145 Quod
3118 3080 3261 3134 enim
3290 3082 3450 3138 etiam
3481 3094 3599 3155 post

2016 3174 2243 3221 mortem
2273 3182 2378 3219 non
2420 3181 2584 3235 parvo
2626 3167 2816 3223 timore
2852 3168 3074 3226 affectus
3102 3180 3248 3228 esset
3270 3211 3286 3236 ,
3314 3175 3437 3229 audi
3473 3177 3598 3245 quid

2015 3257 2158 3312 dicat
2184 3275 2197 3309 :
2230 3256 2328 3311 Hic
2355 3267 2425 3312 est
2452 3258 2675 3314 Joannes
2697 3302 2711 3326 ,
2742 3277 2888 3328 quem
2918 3253 3078 3317 occ'idi
3105 3281 3197 3334 ego
3220 3265 3387 3337 (Luc.
3415 3267 3468 3324 9.
3498 3268 3597 3340 9).

2016 3347 2149 3402 illud
2171 3358 2346 3403 autem
2371 3390 2388 3415 ,
2419 3349 2633 3418 Occidi,
2664 3367 2769 3406 non
2795 3362 2878 3406 est
2903 3369 3006 3408 vox
3029 3369 3150 3411 sese
3172 3356 3440 3415 offerentis
3462 3401 3478 3428 ,
3506 3363 3599 3418 sed

2017 3450 2218 3494 metum
2244 3455 2397 3494 suum
2430 3442 2670 3507 solantis,
2702 3453 2757 3499 et
2785 3445 2995 3502 turbato
3021 3450 3199 3503 animo
3223 3452 3513 3520 suadentis,
3544 3466 3601 3511 ut

2018 3533 2388 3593 recordaretur
2415 3535 2681 3590 homicidii
2711 3538 2762 3592 in
2804 3538 2951 3593 illum
2985 3544 3291 3610 perpetrati.
3322 3544 3489 3601 Tanta
3518 3558 3603 3602 est

2018 3625 2229 3679 virtutis
2254 3625 2525 3692 fortitudo,
2556 3638 2612 3682 ut
2636 3631 2793 3684 etiam
2818 3642 2936 3700 post
2962 3643 3187 3689 mortem
3211 3635 3509 3693 viventibus
3534 3641 3604 3694 sit

2021 3717 2306 3783 potentior.
2358 3718 2584 3789 Ideoque
2620 3719 2686 3775 ad
2720 3737 2839 3776 eum
2871 3722 2997 3778 dum
3027 3726 3229 3782 viveret
3251 3768 3266 3791 ,
3305 3730 3393 3799 qui
3424 3732 3604 3787 multis

2021 3821 2174 3865 erant
2215 3812 2449 3880 pecuniis
2480 3814 2756 3879 instructi,
2793 3815 3106 3872 accedentes
3144 3802 3433 3876 dicebant:
3467 3823 3604 3891 Quid

2022 3905 2263 3974 faciemus
2290 3905 2439 3977 (Luc.
2466 3907 2519 3963 5.
2544 3908 2665 3977 10)?
2693 3908 2792 3963 Tot
2822 3908 3027 3965 habetis
3045 3953 3061 3976 ,
3088 3921 3142 3967 et
3167 3914 3235 3967 ab
3262 3928 3328 3969 eo
3354 3916 3444 3985 qui
3473 3917 3603 3971 nihil

2023 3996 2184 4052 habet
2213 3999 2372 4053 vultis
2412 4001 2649 4056 ediscere
2677 4001 2812 4056 viam
2853 4014 3043 4059 vestrae
3081 4005 3391 4063 felicitatis?
3419 4026 3448 4064 a
3480 4026 3608 4079 pau-

2025 4104 2153 4160 pere
2178 4089 2407 4144 divites?
2454 4091 2522 4145 ab
2550 4108 2616 4147 eo
2639 4134 2655 4155 ,
2701 4093 2791 4163 qui
2828 4111 2895 4149 ne
2922 4095 3136 4150 domum
3166 4098 3378 4166 quidem
3406 4100 3604 4169 habet,

2024 4182 2257 4237 milites?
2304 4181 2447 4236 Talis
2473 4198 2682 4253 quoque
2707 4193 2824 4238 erat
2860 4184 3037 4241 Helias
3067 4203 3079 4239 :
3109 4188 3453 4256 quamobrem
3482 4204 3607 4248 cum

2025 4273 2211 4328 eadem
2259 4272 2504 4330 libertate
2547 4289 2612 4329 ac
2658 4275 2848 4331 fiducia
2895 4277 3087 4347 popqu
3136 4279 3467 4349 loquebatur.
3515 4283 3610 4355 Ille

2026 4380 2256 4434 namque
2280 4364 2510 4431 dicebat,
2543 4364 2811 4420 Genimiua
2834 4368 3119 4436 viperarum
3146 4368 3375 4439 (Matth.
3406 4373 3458 4428 ὅ.
3491 4374 3524 4429 7
3550 4377 3568 4444 )
3593 4396 3608 4443 ;

2028 4457 2115 4513 hic
2144 4472 2271 4513 vero
2291 4498 2306 4522 ,
2355 4457 2621 4530 Usquequo
2649 4459 2945 4513 claudicatis
2979 4469 3191 4530 utroque
3218 4465 3407 4533 poplite
3447 4477 3610 4522 vestro

2028 4547 2104 4620 (3.
2135 4547 2262 4619 Reg.
2287 4548 2374 4604 18.
2398 4548 2525 4621 2i)?
2551 4550 2647 4604 llic
2671 4550 2796 4605 item
2821 4550 3050 4616 dicebat,
3082 4551 3343 4618 Occidisti,
3370 4566 3417 4610 et
3439 4574 3613 4625 posse-

1983 4662 1986 4665 λ
2027 4642 2146 4695 disti
2172 4643 2247 4712 (5.
2280 4642 2407 4713 Reg.
2438 4642 2525 4697 2|.
2558 4643 2681 4714 l9);
2714 4644 2802 4698 ille
2828 4659 2985 4709 vero,
3016 4643 3137 4699 Non
3168 4647 3280 4700 licet
3308 4649 3397 4703 tibi
3431 4651 3615 4705 habere

2028 4750 2235 4788 uxorem
2276 4734 2507 4805 Philippi
2537 4737 2711 4809 fratris
2746 4738 2818 4791 tui
2854 4738 2873 4808 (
2899 4737 3085 4791 Matth.
3115 4730 3201 4794 i4.
3231 4742 3265 4805 4
3289 4741 3331 4812 ).
3367 4743 3610 4800 Vidistin’

2030 4827 2277 4894 petram?
2323 4828 2555 4883 vidistin’
2599 4844 2814 4883 arenam
2858 4832 3124 4900 quomodo
3165 4832 3318 4893 facile
3358 4836 3611 4893 decidat?

2029 4918 2297 4987 quomodo
2320 4920 2706 4976 calamitatibus
2731 4922 2918 4991 cedat,
2946 4927 3214 4995 quomodo
3238 4929 3575 4984 subvertatur
3592 4970 3610 4994 ,

2030 5013 2126 5067 etsi
2170 5012 2310 5080 apud
2356 5028 2573 5083 regem,
2602 5016 2703 5070 etsi
2745 5017 2883 5086 apud
2933 5019 3185 5088 populum
3224 5021 3329 5087 sit,
3360 5022 3460 5077 etsi
3488 5038 3611 5078 cum

2032 5105 2300 5173 potentia?
2332 5106 2457 5160 Illos
2481 5107 2622 5161 enim
2650 5108 2737 5177 qui
2766 5123 2825 5162 se
2850 5109 3048 5164 adeunt
3072 5113 3308 5167 omnium
3336 5114 3625 5172 stolidissi-~

2032 5210 2148 5249 mos
2176 5196 2366 5251 reddit.
2414 5197 2595 5268 Neque
2624 5201 2794 5253 solum
2822 5201 3054 5269 decidit,
3087 5204 3178 5258 sed
3208 5215 3261 5259 et
3289 5220 3407 5260 cum
3446 5208 3612 5264 multa

2031 5289 2352 5343 colatnitate.
2397 5290 2604 5344 Etenim
2630 5291 2721 5346 27.
2751 5291 2915 5346 Facta
2950 5305 3057 5357 est,
3100 5296 3302 5366 inquit,
3330 5298 3480 5352 ruina
3506 5301 3614 5370 ejus

2032 5398 2218 5454 magna
2243 5383 2406 5438 valde.
2453 5383 2635 5455 Neque
2659 5386 2799 5440 enim
2827 5387 2879 5441 in
2906 5403 2964 5442 re
2994 5388 3111 5442 vilis
3136 5389 3290 5459 pretii
3319 5392 3612 5459 periculum

2033 5486 2115 5530 est
2135 5518 2148 5539 ,
2180 5477 2272 5531 scd
2302 5477 2369 5531 de
2389 5478 2562 5532 anima
2592 5479 2797 5549 agitur,
2826 5479 2893 5534 de
2917 5480 3201 5536 amissione
3239 5483 3492 5538 caelorum
3513 5524 3527 5549 ,
3558 5497 3615 5540 et

2034 5567 2293 5621 bonorum
2343 5569 2720 5624 immortalium
2762 5571 2802 5624 ί.
2831 5571 2943 5626 lmo
2985 5587 3113 5626 vero
3155 5573 3315 5629 etiam
3358 5585 3484 5632 ante
3526 5574 3617 5630 illa

2101 5747 2116 5776 ι
2154 5751 2278 5805 Mss,
2306 5759 2591 5797 coronarum
2612 5744 2974 5804 immortalium.
