4038 6364
440 312 543 368 527

433 425 612 483 omnia
640 420 976 478 miseriorem
1005 414 1092 470 hic
1119 414 1280 468 vitam
1309 412 1467 467 ducet
1495 410 1585 464 ille
1615 408 1829 462 malitia:
1851 417 2024 461 secta-

434 530 540 584 tor,
563 519 614 572 in
637 511 977 576 maeroribus,
999 507 1228 564 assiduis
1245 505 1544 569 timoribus,
1560 499 2025 563 sollicitudinibus,

433 607 817 666 certaminibus
859 604 1021 658 vitam
1058 615 1226 670 agens
1266 614 1280 650 :
1322 596 1464 668 quod
1508 594 1722 664 sapiens
1764 592 2027 662 quispiam

434 703 779 760 subindieans
806 696 1018 753 dicebat
1047 711 1060 747 :
1094 691 1249 763 Fugit
1273 690 1481 760 impius,
1509 687 1707 741 nemine
1732 699 2030 755 persequen-

433 807 484 850 te
513 792 697 868 (Prov.
717 795 811 851 28.
844 790 935 861 1).
971 783 1283 856 llujusmodi
1312 781 1508 851 quippe
1537 777 1786 832 homines
1811 775 2029 829 umbras

431 891 705 949 tremunt,
736 881 936 936 amicos
966 885 1244 947 suspectos
1271 872 1469 928 habent
1493 911 1509 933 ,
1549 869 1728 922 hostes
1753 909 1768 931 ,
1798 879 1982 920 servos
2006 904 2022 928 ,

439 985 594 1032 notos
622 974 723 1028 sibi
748 1012 760 1032 .
791 973 998 1043 ignotos
1020 1012 1033 1033 ,
1073 977 1127 1024 et
1156 975 1278 1022 ante
1307 962 1625 1033 supplicium
1653 959 1739 1013 hic
1763 969 2030 1013 extremas

435 1067 565 1122 dant
612 1079 820 1136 poenas.
868 1062 993 1117 Haec
1037 1073 1196 1130 porro
1230 1055 1409 1111 omnia
1451 1052 1758 1123 significans
1781 1046 2028 1102 Christus

435 1157 648 1213 dicebat
677 1175 689 1210 :
720 1153 843 1208 Fuit
873 1153 1022 1207 ruina
1060 1152 1198 1205 illius
1222 1163 1410 1218 magna
1445 1145 1594 1199 valde
1623 1157 1644 1198 :
1667 1148 2030 1196 consentanea

441 1252 548 1305 fine
577 1250 689 1304 lure
714 1245 938 1320 pulchra
958 1237 1229 1315 praecepta
1259 1237 1530 1301 claudens,
1554 1244 1610 1290 et
1635 1233 1717 1288 vel
1743 1228 2028 1286 admodum

445 1341 736 1397 incredulis
760 1338 991 1394 suadens
1018 1337 1178 1391 etiam
1205 1348 1270 1388 ex
1299 1328 1550 1400 praesenti
1572 1339 1752 1381 rerum
1779 1331 1943 1387 statu,
1973 1327 2032 1373 ut

1114 301 1171 357 s.
1209 295 1488 355 JOANNIS
1524 290 1992 351 cunvsosrout
2033 272 2350 347 ARCHIEP.
2389 289 2920 349 CONSTANTINOP.

2134 405 2336 471 fugiant
2363 405 2672 474 nequitiam.
2723 406 2945 462 Etiamsi
2971 407 3114 463 enim
3147 406 3320 478 major
3344 406 3413 461 sit
3434 404 3504 461 de
3533 404 3718 460 futuris

2131 511 2332 562 sermo,
2356 505 2591 553 attamen
2621 499 2709 553 hic
2732 501 2901 570 magis
2927 499 3151 555 idoneus
3177 514 3355 555 sermo
3373 507 3457 554 est
3479 497 3546 552 ad
3574 511 3718 553 cras-

2131 587 2304 643 siores
2329 588 2573 644 homines
2593 589 2922 646 cohibendos
2951 603 3005 646 et
3032 608 3063 646 a
3092 591 3326 660 nequitia
3357 590 3717 645 abducendus.

2133 679 2363 750 Ideoque
2392 680 2482 734 tali
2512 682 2618 737 line
2643 697 2824 736 sermo
2845 684 3058 739 clausus
3082 692 3202 749 est,
3231 691 3288 737 nt
3313 685 3480 737 menti
3510 681 3723 736 btet-cus

2133 779 2240 826 tem
2285 771 2410 825 hinc
2455 772 2734 828 utilitatem
2781 785 3083 845 carperent.
3149 775 3275 830 Haec
3323 776 3502 845 itaque
3545 776 3720 829 omnia

2132 865 2383 926 scientes,
2418 873 2524 920 tam
2555 868 2836 935 praesentia
2862 884 3020 938 quam
3047 869 3244 934 futura,
3273 868 3538 939 fugiamus
3569 869 3723 922 mali-

2133 951 2262 1006 tiam
2287 994 2304 1018 ,
2332 954 2510 1008 virtuti
2542 956 2852 1012 Studeamus
2872 999 2888 1023 ,
2922 972 2990 1015 ne
3029 960 3222 1014 frustra
3255 959 3562 1014 laboremus
3583 1001 3597 1021 ,
3630 958 3722 1013 sed

2135 1053 2189 1099 et
2233 1043 2320 1099 hic
2348 1047 2636 1102 securitate
2673 1049 2910 1104 fruamur
2933 1091 2948 1115 ,
2989 1062 3044 1106 et
3089 1052 3193 1107 illic
3228 1053 3412 1122 gloria:
3446 1062 3723 1107 consortes

2135 1135 2304 1189 simus
2336 1153 2348 1188 :
2377 1151 2537 1205 quam
2565 1140 2768 1194 utinam
2793 1155 2984 1197 omnes
3011 1158 3405 1214 consequamur
3428 1183 3445 1209 ,
3473 1145 3641 1213 gratia
3670 1155 3722 1198 et

2136 1226 2465 1297 benignitate
2497 1231 2705 1286 Domini
2741 1236 2910 1288 nostri
2939 1235 3068 1290 Jesu
3095 1235 3331 1302 Christi,
3361 1241 3448 1292 cui
3473 1237 3644 1307 gloria
3671 1247 3726 1292 et

2141 1315 2426 1387 imperium
2464 1320 2517 1374 in
2547 1324 2739 1377 saecula
2769 1325 3107 1381 saeculorum.
3140 1330 3331 1382 Amen.

437 1451 3716 1493 ~—.-_——————-——_——-—————-_———-—"——_———-_-—ﬁ_

1567 1537 1919 1604 HOMILIA
1959 1533 2171 1596 XXV.
2215 1537 2302 1598 al.
2348 1537 2585 1600 XXVI.

439 1701 572 1756 Car.
613 1701 667 1754 7.
710 1715 761 1752 v.
800 1696 891 1753 28.
934 1696 1001 1749 Et
1061 1699 1251 1765 factum
1303 1698 1376 1744 est
1399 1730 1414 1754 ,
1461 1701 1576 1741 cum
1633 1685 2030 1739 consummasset

510 1796 660 1851 Iesus
685 1806 936 1851 sermones
962 1790 1104 1856 istos,
1135 1786 1452 1840 mirabantur
1481 1780 1640 1836 turbae
1663 1794 1815 1849 super
1839 1775 2028 1831 doctri-

507 1905 577 1944 na
603 1889 734 1958 ejus.

508 1983 562 2036 1.
601 1979 761 2034 Certe
785 1985 1121 2045 consequens
1146 1979 1262 2028 erat
1282 2011 1301 2039 ,
1331 1977 1391 2025 ut
1416 1967 1486 2024 de
1514 1977 1747 2022 onerosa
1781 1972 2030 2018 sermone

443 2074 727 2135 dolerent,
781 2074 1162 2138 torperentque
1197 2065 1268 2119 ob
1306 2069 1691 2134 praeceptorum
1728 2053 2028 2110 sublimita-

441 2178 550 2221 tem
574 2181 589 2230 ;
623 2164 736 2234 jam
764 2175 895 2217 vero
921 2168 1065 2214 tanta
1093 2165 1210 2212 erat
1233 2154 1474 2210 docentis
1503 2153 1673 2206 virtus
1693 2190 1707 2205 .
1747 2155 1805 2202 ut
1830 2144 2030 2200 multos

438 2269 628 2312 eorum
648 2260 886 2321 caperet,
908 2260 1068 2320 atque
1090 2249 1144 2303 in
1165 2245 1571 2302 admirationem
1599 2241 1865 2310 ingentem
1887 2235 2031 2291 abri-

437 2359 626 2422 peret,
659 2346 1018 2414 suaderetque
1062 2348 1281 2413 propter
1319 2336 1647 2405 voluptatem
1677 2347 1744 2386 ex
1781 2343 2031 2386 sermone

439 2419 645 2512 partam
671 2480 688 2505 ,
716 2447 771 2492 ut
805 2451 875 2491 ne
895 2475 912 2500 ,
941 2442 1225 2504 postquam
1251 2428 1414 2484 finem
1438 2423 1654 2481 dicendi
1695 2423 1896 2478 fecerat
1916 2462 1932 2486 ,
1950 2419 2030 2512 ab

441 2511 538 2588 illo
555 2529 912 2586 discederent.
938 2525 1121 2595 Neque
1139 2522 1283 2578 enim
1301 2533 1425 2575 cum
1443 2533 1508 2572 ex
1526 2526 1713 2572 monte
1732 2511 2028 2577 descendit,

442 2621 715 2676 auditores
737 2618 1103 2680 abcesserunt,
1125 2613 1220 2668 sed
1246 2601 1415 2666 totum
1436 2607 1737 2664 auditorum
1763 2605 2031 2661 theatrum

440 2720 724 2783 sequutum
766 2715 850 2764 est
877 2724 892 2761 :
923 2713 1128 2761 tantum
1174 2702 1281 2758 illis
1321 2697 1587 2756 indiderat
1621 2696 1879 2753 doctrinae
1919 2709 2032 2749 suae

441 2817 702 2860 amorem.
734 2799 1146 2857 Admirabantur
1171 2803 1351 2852 autem
1379 2791 1610 2848 maxime
1631 2790 1774 2846 illius
1798 2795 2033 2859 potesta-

443 2909 572 2955 tem.
594 2895 712 2952 Non
736 2895 882 2950 enim
904 2892 972 2948 ad
997 2891 1158 2946 alium
1181 2887 1321 2945 dicta
1346 2884 1587 2943 referens
1613 2881 1947 2956 loquebatur.
1971 2887 2033 2938 ut

448 2987 725 3059 propheta:
737 2996 791 3042 et
801 2983 1090 3058 Moyses(a)
1100 3023 1114 3049 ,
1128 2982 1221 3039 sed
1233 2982 1435 3051 ubique
1448 2977 1768 3036 ostendebat
1782 2979 2025 3049 seipsum

450 3092 573 3136 esse
597 3079 691 3149 qui
721 3077 1097 3133 auctoritatem
1117 3074 1361 3129 haberet.
1397 3071 1532 3127 Nam
1549 3086 1674 3127 cum
1705 3071 1853 3142 leges
1885 3085 2029 3142 saepe

447 3167 1170 3240 pronuntiaret,adjiciebat,
1185 3164 1296 3236 Ego
1315 3174 1489 3219 autem
1506 3163 1624 3217 dico
1639 3161 1780 3218 vobis
1801 3170 1885 3217 :et
1900 3175 2023 3216 eum

450 3261 596 3317 diem
613 3261 760 3316 illam
775 3257 1504 3328 commemoraret,seipsum
1530 3252 2030 3325 monstrabatjudi-

447 3364 591 3416 cem,
609 3358 664 3405 et
677 3365 772 3420 per
793 3348 1056 3418 supplicia
1075 3358 1129 3403 et
1146 3363 1243 3417 per
1256 3347 1498 3416 praemia.
1519 3345 1678 3414 Atqui
1695 3345 2030 3398 hineconse-

440 3457 614 3512 quens
649 3440 934 3500 videbatur
966 3455 1132 3506 esse,
1171 3447 1234 3494 ut
1277 3436 1352 3492 illi
1400 3436 1760 3491 turbarentur.
1806 3432 1936 3487 Nam
1983 3430 2031 3484 si

436 3533 652 3603 scriba,
684 3535 772 3606 qui
798 3534 1044 3590 viderant
1067 3531 1217 3587 illum
1245 3544 1341 3600 per
1368 3542 1530 3599 opera
1562 3526 1844 3596 potentiam
1877 3537 2028 3578 suam

442 3627 727 3684 ostendere
743 3667 758 3692 ,
787 3624 1050 3696 lapidibus
1076 3636 1198 3677 eum
1223 3620 1566 3690 impetierunt
1589 3624 1645 3672 et
1669 3617 1985 3684 expulerunt
2013 3629 2028 3666 :

442 3718 714 3791 quomodo
741 3716 832 3772 ubi
857 3715 1018 3771 verba
1046 3720 1249 3770 tantum
1276 3719 1429 3766 erant
1452 3750 1470 3777 ,
1499 3723 1617 3779 qua:
1644 3706 1785 3761 illam
1813 3703 2031 3760 exhibe-

441 3819 566 3867 rent
584 3851 600 3877 ,
631 3823 736 3862 non
761 3805 1055 3863 verisimile
1086 3813 1204 3860 erat
1236 3801 1352 3857 haec
1378 3801 1484 3856 illis
1511 3797 1832 3855 oﬂ‘endieulo
1871 3797 1986 3852 fore
2009 3836 2027 3864 ,

442 3917 565 3957 cum
593 3899 823 3955 maxime
862 3897 982 3952 'baze
1010 3897 1064 3950 in
1093 3893 1315 3951 exordio
1337 3893 1644 3949 dicerentur
1666 3932 1682 3957 ,
1723 3890 2027 3960 priusquam

440 3996 533 4052 ille
577 3994 829 4065 potentiae
867 4006 979 4046 suae
1023 3989 1447 4059 experimentum
1475 3985 1750 4040 dedisset?
1778 3984 2026 4037 Attamen

439 4089 573 4145 nihil
593 4088 781 4143 horum
802 4085 1140 4157 patiebantur
1164 4098 1181 4138 :
1202 4081 1416 4153 quando
1435 4080 1577 4136 enim
1599 4078 1808 4133 animus
1829 4076 2026 4147 probus

437 4191 495 4238 et
541 4182 678 4253 frugi
701 4189 786 4237 est
807 4219 824 4246 ,
874 4177 1114 4234 verltatis
1164 4174 1422 4231 doctrinae
1469 4173 1625 4228 facile
1669 4171 2023 4243 obtemperat.

437 4274 773 4344 Quapropter
801 4271 875 4325 illi
905 4268 1143 4340 quidem,
1171 4265 1380 4322 etiamsi
1408 4265 1524 4335 ejus
1551 4264 1842 4334 potentiam
1874 4265 2023 4334 signa

437 4365 824 4435 praedicarent,
855 4359 1294 4424 oﬂ‘endebantur;
1327 4357 1383 4412 hi
1411 4371 1538 4413 vero
1561 4369 1863 4412 sermonem
1901 4364 2022 4410 tan-

437 4465 548 4511 tum
575 4453 854 4510 audientes
876 4493 893 4520 ,
919 4449 1361 4520 obtemperabant
1388 4457 1444 4503 et
1480 4447 1862 4518 sequebantur.
1911 4448 2022 4503 lloe

433 4547 579 4604 enim
617 4544 960 4601 subindicans
994 4542 1318 4614 evangelista
1356 4541 1604 4606 dicebat,
1641 4540 1882 4612 Sequutw
1905 4551 2023 4597 sunt

435 4655 550 4694 eum
575 4636 737 4693 turbt:
763 4637 938 4691 multa:
960 4677 976 4702 ,
1004 4651 1112 4690 non
1137 4635 1300 4705 aliqui
1320 4649 1389 4689 ex
1416 4633 1716 4704 principum
1739 4640 1794 4689 et
1815 4634 2021 4690 scriba-

432 4748 553 4788 rum
591 4745 816 4787 numero
837 4770 854 4798 ,
897 4730 992 4787 sed
1032 4739 1296 4802 quotquot
1322 4744 1351 4784 a
1379 4728 1613 4800 nequitia
1644 4728 1797 4785 liberi
1825 4737 1978 4786 erant
1998 4770 2019 4799 ,

431 4825 747 4894 sinceroque
772 4823 973 4877 animo.
1015 4821 1118 4878 Per
1149 4829 1317 4877 totum
1347 4831 1527 4876 autem
1556 4821 1887 4892 evangelium
1919 4820 2019 4877 hos

431 4915 582 4974 vides
620 4915 720 4986 ipsi
746 4913 1032 4968 haerentes.
1077 4911 1210 4968 Nam
1249 4927 1372 4968 eum
1413 4912 1756 4983 loqueretur,
1798 4913 2019 4968 silentes

431 5007 751 5072 audiebant,
795 5019 903 5061 non
946 5004 1431 5075 interrumpentes,
1475 5019 1583 5060 non
1614 5005 2018 5074 interpellantes

433 5107 758 5169 nequentem,
785 5111 892 5151 non
919 5103 1210 5164 tentantes,
1233 5110 1334 5152 nec
1355 5097 1690 5152 occasionem
1716 5105 2014 5166 captantes,

431 5191 876 5263 quemadmodum
916 5189 1172 5247 Pharisaei
1211 5207 1225 5244 :
1257 5199 1378 5262 post
1418 5188 1650 5246 habitam
1689 5203 1850 5260 porro
1887 5204 2016 5244 con-

449 5480 988 5560 .-l“l_99‘1d.'_‘l_c_d_‘9i‘
1010 5483 1085 5560 ,ίὲθ
1099 5484 1314 5560 Satist?
1331 5499 1446 5560 sum
1471 5495 1723 5560 Potestne
1759 5494 2020 5560 loquente.

438 5545 539 5609 jam
562 5547 678 5590 ante
699 5555 868 5652 nemine
893 5547 1052 5593 semel
1087 5545 1237 5608 dixit,
1251 5547 1345 5617 'ubi
1365 5545 1516 5600 etiam
1534 5550 1604 5602 ait
1617 5555 1762 5621 illum
1782 5545 2022 5617 quemad;

442 5599 643 5687 £2939
660 5607 1178 5687 gessissem“-
1195 5610 1432 5687 allatast
1458 5613 1528 5687 ,de
1554 5627 1724 5687 891999
1757 5617 2020 5687 ιρίιιιμμιειρ

442 5660 619 5736 fuisse.
660 5660 860 5736 Yidesis
901 5665 1105 5728 primam
1157 5660 1527 5724 adnotationem
1557 5660 2021 5733 ‘Fi‘id—erich—t‘iEI-d

445 5722 508 5772 ad
527 5724 653 5774 hanc
663 5722 926 5780 hominum
951 5743 1064 5779 xxv.

2134 1676 2342 1736 cionem
2372 1683 2741 1740 admirabundi
2769 1689 3147 1758 sequebantur.
3177 1689 3255 1748 Tu
3288 1705 3413 1746 vero
3441 1691 3568 1745 mihi
3597 1704 3726 1745 con-

2133 1770 2340 1829 sideres
2381 1774 2540 1829 velim
2585 1776 2792 1832 Domini
2833 1778 3169 1848 prudentiam
3193 1821 3208 1847 ,
3250 1781 3520 1852 quomodo
3553 1784 3727 1838 variet

2133 1864 2201 1920 ad
2241 1864 2572 1921 audientium
2617 1867 2898 1924 utilitatem
2922 1910 2938 1937 ,
2967 1872 3239 1941 quomodo
3277 1887 3308 1926 a
3348 1872 3618 1926 miraculis
3661 1873 3725 1926 ad

2135 1957 2332 2023 verba,
2365 1966 2420 2012 et
2461 1973 2584 2013 mox
2614 1973 2646 2015 a
2673 1961 2851 2015 verbis
2889 1959 2953 2016 ad
2996 1963 3252 2017 miracula
3293 1972 3546 2018 transeat.
3595 1964 3727 2018 Nam

2136 2042 2446 2119 priusquam
2471 2051 2539 2106 ad
2565 2061 2806 2108 montem
2832 2054 3166 2121 ascenderet,
3193 2055 3392 2111 multos
3415 2056 3644 2120 curavit,
3673 2066 3726 2111 ut

2137 2139 2202 2194 iis
2249 2155 2371 2210 qua:
2415 2141 2640 2197 dicenda
2685 2154 2842 2199 erant
2873 2143 3013 2198 viam
3057 2156 3290 2214 pararet.
3338 2145 3406 2201 Et
3445 2155 3729 2218 postquam

2133 2231 2271 2288 hanc
2299 2233 2510 2304 longam
2539 2237 2886 2304 quaestionem
2913 2235 3236 2302 absolverat,
3263 2251 3449 2291 rursus
3474 2237 3540 2292 ad
3570 2239 3732 2292 mira-

2134 2322 2252 2376 cula
2283 2325 2467 2391 venit,
2515 2323 2670 2380 factis
2706 2324 2851 2380 dicta
2886 2325 3232 2380 conﬁrmans.
3278 2329 3410 2395 Quia
3453 2330 3596 2383 enim
3637 2329 3728 2386 29.

2136 2415 2414 2488 Tamquam
2444 2428 2737 2489 potestatem
2763 2420 2950 2476 habens
2975 2421 3238 2488 docebat,
3269 2440 3336 2479 ne
3373 2424 3466 2480 hic
3501 2424 3731 2481 docendi

2135 2509 2326 2564 modus
2357 2510 2550 2566 fastum
2597 2523 2810 2582 saperet
2849 2523 2941 2569 aut
2972 2517 3386 2573 ostentationem
3413 2561 3428 2582 ,
3473 2521 3731 2589 operibus

2134 2601 2367 2672 id‘ipsum
2396 2605 2538 2663 facit.
2562 2614 2614 2660 et
2641 2614 2908 2676 tamquam
2934 2615 3252 2676 potestatem
3279 2608 3479 2664 habens
3507 2611 3728 2666 morbos

2134 2702 2320 2761 curat,
2355 2703 2414 2748 ut
2458 2709 2527 2750 ne
2570 2695 2708 2751 ultra
2759 2697 3103 2756 turbarentur
3151 2700 3321 2770 ipsum
3367 2701 3613 2758 videntes
3657 2707 3728 2758 ita

2134 2783 2436 2852 docentem,
2467 2802 2589 2841 rum
2617 2788 2874 2846 miracula
2911 2793 2988 2846 sic
3017 2793 3220 2849 ederet.
3249 2794 3417 2865 (Cap.
3459 2794 3599 2848 VH!
3625 2799 3645 2867 )
3678 2799 3730 2858 l.

2136 2874 2260 2933 Cum
2299 2877 2633 2938 descendisset
2677 2883 2818 2937 enim
2864 2883 2927 2937 de
2955 2895 3122 2938 monte
3143 2925 3160 2951 ,
3198 2896 3419 2956 sequam
3457 2897 3575 2941 sunt
3620 2903 3732 2942 eum

2135 2973 2296 3027 turbae
2321 2974 2511 3028 multa.
2538 2973 2592 3029 2.
2623 2973 2692 3028 Et
2718 2975 2924 3030 accessit
2953 2975 3182 3044 leprosus
3216 2976 3390 3032 dicens
3416 2994 3437 3032 :
3463 2976 3686 3033 Domine
3711 3018 3730 3042 ,

2133 3065 2179 3119 si
2219 3067 2328 3131 vis,
2368 3077 2510 3136 potes
2544 3081 2626 3121 me
2665 3066 2931 3122 mundare.
2982 3066 3166 3138 Magna
3198 3068 3477 3138 prudentia
3502 3079 3558 3124 et
3592 3070 3731 3126 ﬁdes

2134 3159 2459 3213 aceedentis.
2487 3156 2670 3228 Neque
2703 3157 2846 3212 enim
2880 3157 3182 3213 doctrinam
3214 3159 3605 3230 interpellavit,
3637 3177 3723 3216 ne-

2135 3266 2239 3322 que
2266 3251 2567 3306 auditorum
2597 3252 2861 3306 theatrum
2888 3251 3090 3317 secuit,
3124 3252 3218 3306 sed
3241 3263 3606 3322 opportunum
3640 3268 3730 3308 exe

2134 3343 2394 3413 spectavit
2419 3352 2645 3414 tempus,
2676 3354 2735 3400 et
2761 3343 2851 3399 ubi
2880 3344 3130 3400 Christus
3157 3343 3523 3400 descendisset
3542 3360 3728 3401 acces-

2133 3433 2222 3490 sit.
2247 3433 2359 3489 Nec
2382 3435 2762 3505 perfunctorie,
2795 3435 2890 3490 sed
2919 3435 3088 3490 multo
3111 3451 3232 3490 cum
3261 3435 3490 3501 fervore,
3518 3445 3576 3491 et
3597 3447 3730 3492 ante

2132 3538 2302 3597 genua
2350 3527 2467 3595 ejus
2511 3525 2610 3595 ipsi
2656 3526 2948 3597 supplicat,
2990 3534 3050 3582 ut
3094 3527 3170 3582 ait
3218 3526 3358 3582 alter
3401 3529 3728 3597 evangelista

2133 3615 2323 3690 (Marc.
2343 3618 2396 3673 1.
2415 3614 2530 3689 40),
2551 3631 2614 3673 ac
2635 3633 2756 3674 cum
2783 3619 2990 3674 sincera
3015 3617 3141 3682 fide,
3168 3627 3226 3674 et
3247 3621 3557 3688 congruenti
3585 3621 3727 3676 circa

2130 3708 2280 3763 illum
2309 3708 2581 3779 opinione.
2608 3709 2788 3782 Neque
2811 3712 2954 3766 enim
2979 3709 3112 3765 dixit
3131 3751 3145 3775 ,
3171 3709 3221 3766 si
3265 3710 3433 3766 Deum
3479 3723 3728 3781 precatus

2129 3797 2319 3866 fueris,
2337 3813 2527 3869 neque,
2554 3797 2609 3852 Si
2631 3795 2897 3864 oraveris;
2917 3797 3032 3864 sed,
3050 3796 3112 3853 Si
3125 3799 3223 3867 vis,
3246 3808 3385 3869 potes
3407 3816 3484 3854 me
3509 3803 3722 3856 munda-

2129 3906 2205 3945 re.
2238 3889 2421 3959 Neque
2447 3889 2611 3956 dixit,
2643 3889 2885 3956 Domine,
2913 3891 3110 3945 munda
3133 3906 3254 3957 me;
3280 3891 3375 3946 sed
3403 3892 3502 3962 ipsi
3531 3902 3726 3949 cuncta

2131 3982 2460 4050 committit,
2519 3989 2676 4051 atque
2717 3981 2937 4036 curandi
2986 3983 3262 4037 dominum
3307 3985 3456 4039 illum
3500 4000 3627 4041 esse
3671 3997 3725 4041 et

2129 4082 2448 4145 potestatem
2489 4072 2608 4142 ejus
2646 4087 2906 4128 summam
2952 4074 3286 4130 testificatur.
3336 4074 3472 4142 Quid
3519 4077 3721 4146 igitur,

2127 4164 2336 4235 inquies
2357 4202 2377 4230 ,
2407 4163 2455 4218 si
2487 4161 2618 4216 falsa
2647 4172 2763 4217 erat
2791 4162 2988 4230 leprosi
3014 4163 3238 4233 opinio?
3265 4165 3412 4220 Illam
3441 4165 3725 4222 confutare

2127 4256 2382 4328 oportuit,
2406 4256 2686 4327 ipsumque
2707 4257 2984 4328 increpare
3007 4273 3071 4313 ac
3087 4259 3378 4330 corrigere.
3399 4259 3535 4315 Num
3557 4262 3724 4332 igitur

2125 4347 2256 4404 illud
2298 4346 2462 4403 fecit?
2503 4346 2850 4419 Nequaquam
2887 4367 2901 4403 :
2942 4349 3053 4405 imo
3091 4350 3291 4406 dictum
3337 4353 3624 4408 confirmat
3667 4366 3722 4409 et

2122 4441 2360 4497 roborat.
2388 4440 2618 4513 Ideoque
2645 4457 2751 4498 non
2781 4442 2951 4510 dixit,
2980 4443 3260 4511 hlundare,
3292 4445 3388 4501 sed
3411 4487 3428 4513 ,
3457 4447 3511 4502 5.
3561 4445 3720 4516 Volo,

2123 4533 2408 4598 mundare,-
2436 4542 2496 4588 ut
2523 4548 2628 4589 non
2659 4533 2803 4590 illius
2830 4534 3118 4605 opinione,
3150 4535 3243 4592 sed
3273 4535 3471 4593 Christi
3498 4548 3720 4595 senten-

2124 4624 2196 4680 tia
2222 4624 2417 4695 dogma
2441 4623 2764 4683 lirmaretur.
2790 4628 2864 4682 At
2891 4643 2995 4682 non
3035 4627 3117 4683 sic
3156 4629 3384 4698 apostoli
3417 4647 3430 4684 :
3458 4629 3553 4685 sed
3579 4647 3716 4702 quo-

2120 4717 2323 4774 modo?
2365 4716 2500 4786 Quia
2543 4719 2769 4789 populus
2809 4728 2951 4776 totus
2987 4720 3270 4790 stupebat,
3299 4720 3552 4776 dicebant
3590 4723 3712 4777 illi:

2123 4809 2262 4878 Quid
2287 4811 2428 4866 nobis
2449 4803 2708 4866 attenditis
2723 4853 2738 4876 ,
2761 4813 2908 4882 quasi
2931 4812 3140 4883 propria
3167 4813 3347 4867 uirtute
3364 4814 3440 4867 uel
3463 4824 3715 4884 potestate

2119 4901 2384 4971 fecerimus
2414 4903 2550 4956 hunc
2572 4902 2834 4956 ambulare
2861 4902 2997 4971 (Act.
3027 4903 3082 4957 '5.
3113 4902 3246 4974 12)?
3274 4903 3529 4960 Dominus
3553 4921 3707 4971 vero,

2118 4995 2221 5050 etsi
2266 4995 2432 5050 multa
2475 4994 2718 5050 modeste
2761 5010 2904 5064 saepe
2941 4995 3186 5061 dixerat,
3216 5011 3336 5066 qua:
3373 4995 3552 5067 gloriae
3592 5011 3707 5053 suae

2116 5087 2382 5145 inferiora
2421 5098 2631 5155 essent,
2669 5089 2799 5160 quid
2835 5088 3077 5144 dicithic
3093 5098 3153 5145 ut
3187 5089 3536 5146 continuaret
3570 5089 3698 5159 opi-

2117 5181 2337 5234 nionem
2383 5195 2574 5235 eorum
2609 5181 2702 5250 qui
2743 5180 2812 5236 de
2846 5189 3117 5250 potestate
3145 5181 3319 5251 ipsius
3360 5179 3699 5250 stupebant?

2126 5269 2273 5336 Volo,
2300 5271 2568 5326 mundare.
2598 5269 2710 5325 Etsi
2739 5284 2860 5325 cum
2886 5277 2966 5325 tot
2991 5279 3241 5340 tantaque
3265 5272 3416 5342 signa
3442 5271 3703 5343 fecisset,

2114 5379 2405 5434 nuntquam
2431 5364 2508 5418 sic
2533 5364 2780 5434 loquutus
2808 5361 2973 5419 luisse
2994 5363 3255 5420 videatur.

2183 5454 2238 5508 2.
2268 5453 2365 5510 llic
2402 5469 2568 5519 vero,
2600 5463 2659 5508 ut
2682 5464 2737 5509 et
2762 5455 2941 5524 pepuli
2984 5463 3040 5510 et
3089 5454 3286 5525 leprosi
3330 5454 3399 5510 de
3431 5466 3700 5525 potestate

2113 5559 2207 5600 sua
2233 5545 2538 5614 opinionem
2569 5544 2824 5612 ﬁrmaret,
2858 5544 2981 5601 ideo
3013 5547 3293 5616 pramisit,
3331 5543 3477 5600 Volo.
3500 5545 3692 5616 Neque

2110 5637 2266 5702 dixit,
2293 5645 2352 5690 ut
2389 5649 2494 5690 non
2520 5634 2720 5690 faceret
2745 5651 2760 5701 ;
2787 5634 2883 5690 sed
2913 5636 3091 5690 statim
3123 5649 3260 5704 opus
3278 5643 3558 5706 sequutum
3571 5645 3681 5690 est.

2110 5730 2167 5785 Si
2183 5742 2310 5784 vero
2329 5727 2418 5784 ille
2445 5740 2552 5782 non
2579 5727 2717 5784 bene
2739 5727 2985 5794 dixisset,
3015 5727 3060 5784 si
3078 5725 3467 5798 blasphemiam
3488 5733 3681 5796 protu-
