4038 6364
330 396 441 454 329

333 512 435 567 ούκ
466 509 687 580 ἐποίησε
718 507 775 560 δέ
799 526 813 541 ·
846 506 983 562 ἀλλά
1003 506 1097 560 καὶ
1132 505 1193 558 τὸ
1213 505 1373 577 ἔργον
1396 505 1597 570 εὐθέως
1626 506 2014 578 ἠκολούθησεν.

334 599 398 652 Εἰ
425 597 482 651 δέ
511 596 585 668 μὴ
613 594 794 659 καλῶς
821 594 1008 663 ἔλεγεν
1029 633 1042 656 ,
1076 592 1214 646 ἀλλά
1244 592 1561 663 βλασφημία
1599 589 1667 665 ῆν
1690 592 1752 645 τὸ
1787 593 2009 664 εἰρημέ-

333 702 442 750 νον,
489 685 596 738 ἔδει
646 683 976 752 διακοπῆναι
1035 681 1096 734 τὺ
1143 679 1326 751 ἔργον.
1367 679 1504 733 Νυνί
1550 680 1609 734 δέ
1664 680 1760 733 καὶ
1801 676 1945 744 εἶξεν
1979 682 2014 752 ή

334 774 496 842 φύσις
532 767 1068 840 ἐπιταττομένη,καί
1098 768 1233 838 μετὰ
1266 767 1359 820 τοῦ
1394 768 1764 838 προσήκοντος
1793 769 2015 838 τάχους,

332 861 426 915 καί
475 860 718 932 μείζονος
772 858 804 928 ἢ
859 858 888 909 ὁ
945 856 1334 928 εὐαγγελιστὴς
1385 852 1526 910 εἶπε.
1592 857 1702 909 Καὶ
1755 857 1864 929 γάρ
1914 858 2015 924 τὸ,

332 949 578 1014 εὐθέως,
613 947 748 1000 πολὺ
782 944 1109 1016 βραδύτερόν
1145 945 1262 996 ἐστι
1293 942 1388 996 τοῦ
1417 945 1615 1014 τάχους
1649 943 1743 997 τοῦ
1783 946 1925 998 κατά
1956 946 2018 999 τὸ

336 1038 497 1110 ἔργον
529 1035 922 1104 γεγενημένου.
969 1034 1083 1102 Οὐχ
1117 1030 1304 1095 ἁπλῶς
1331 1031 1389 1084 δὲ
1425 1027 1546 1084 εἷπε
1567 1069 1582 1095 ,
1613 1031 1774 1086 Θέλω
1795 1073 1811 1100 ,
1840 1037 2018 1087 καθα-

328 1127 568 1194 ρίσθητι
592 1140 606 1155 ·
633 1122 769 1178 ἀλλά
812 1122 910 1176 καὶ
953 1120 1068 1189 τὴν
1113 1120 1283 1190 χεῖρα
1325 1119 1599 1186 ἐκτείνας
1629 1119 1829 1188 ἥψατο
1865 1121 1911 1152 ⁵⁸
1943 1136 1958 1152 ·
1987 1120 2017 1174 δ

333 1216 397 1286 δὴ
433 1214 667 1284 μάλιστα
703 1213 853 1278 ἄξιον
891 1211 1190 1281 ζητήσεως.
1224 1209 1383 1272 Τίνος
1411 1209 1520 1281 γὰρ
1542 1209 1728 1262 ἔνεκεν
1749 1209 2016 1281 θελήματι

334 1302 613 1374 καθαίρων
641 1301 804 1354 αὐτὸν
852 1300 946 1352 καί
972 1299 1147 1367 λόγῳ,
1177 1296 1278 1368 τὴν
1316 1300 1417 1368 τῆς
1448 1297 1628 1367 χειρὸς
1675 1297 2015 1368 προσέθηκεν

333 1392 504 1463 ἀφήν;
551 1390 703 1461 Ἐμοὶ
723 1390 872 1442 δοκεῖ
898 1387 968 1441 δι’
1004 1387 1154 1440 οὐδὲν
1194 1386 1382 1455 ἓτερον
1403 1425 1418 1448 ,
1462 1384 1578 1438 ἀλλ’
1612 1383 1700 1438 ἵνα
1734 1385 1884 1456 δείξῃ
1923 1387 2016 1440 καὶ

333 1477 614 1542 ἐντεῦθεν,
646 1478 728 1531 ὅτι
765 1477 863 1546 οὐχ
898 1475 1185 1528 ὑπόκειται
1222 1472 1300 1544 τῷ
1325 1472 1477 1543 νόμῳ
1497 1513 1514 1536 ,
1547 1472 1662 1526 ἀλλ’
1696 1473 1968 1526 ἐπίκειται
1997 1490 2010 1505 ·

332 1566 427 1620 καὶ
455 1563 635 1634 ὅτιτῷ
657 1561 881 1634 καθαρῷ
901 1561 1086 1614 λοιπὸν
1109 1560 1261 1614 οὐδὲν
1289 1560 1620 1632 ἀκάθαρτον.
1641 1560 1741 1614 Διά
1767 1561 1832 1631 δὴ
1854 1560 2014 1616 τοῦτο

343 1653 642 1715 Ἐλισσαῖος
675 1651 774 1719 μὲν
802 1650 922 1704 οὐδὲ
953 1648 1100 1719 ἐώρα
1122 1648 1167 1680 ⁸⁸
1191 1648 1284 1702 τὸν
1313 1648 1553 1718 Νεεμάν,
1573 1647 1709 1702 ἀλλά
1729 1648 1824 1701 καὶ
1847 1665 2014 1702 σκαν-

330 1739 647 1793 δαλισθέντα
673 1737 817 1804 ἰδὼν,
855 1735 1041 1806 ἐπειδὴ
1078 1735 1153 1805 μὴ
1188 1733 1376 1804 ἐξῆλθε
1411 1736 1504 1788 καὶ
1535 1735 1580 1765 ⁸⁸
1603 1734 1800 1806 ἥψατο,
1828 1735 2013 1806 τηρῶν

331 1827 424 1881 τοῦ
454 1827 618 1896 νόμου
647 1824 744 1896 τὴν
771 1823 1076 1894 ἀκρίϐειαν,
1108 1822 1245 1874 οἴκοι
1287 1821 1438 1892 μένει
1458 1861 1472 1883 ,
1509 1821 1602 1874 καὶ
1634 1822 1843 1892 πέμπει
1879 1822 2016 1893 πρὸς

330 1915 426 1967 τὸν
485 1913 754 1982 Ἰορδάνην
800 1911 960 1962 αὐτὸν
1018 1908 1359 1979 λουσόμενον.
1395 1908 1452 1962 '0
1482 1908 1539 1960 δέ
1571 1908 1872 1978 Δεσπότης,
1906 1909 2016 1963 δει-

332 2003 464 2064 κνὺς
499 2001 542 2030 ⁸⁸
575 2002 656 2054 ὅτι
694 2000 793 2070 οὐχ
836 1999 911 2061 ὡς
954 1996 1172 2061 δοῦλος,
1205 1995 1320 2047 ἀλλ’
1351 1995 1426 2059 ὼς
1467 1995 1656 2067 κύριος
1703 1995 2015 2066 θεραπεύει,

331 2089 425 2143 καὶ
455 2088 706 2142 ἅπτεται.
755 2085 831 2138 Οὐ
864 2083 973 2156 γάρ
1019 2085 1054 2154 ἡ
1100 2085 1221 2154 χεὶρ
1258 2083 1366 2135 ἀπὸ
1413 2084 1510 2153 τῆς
1541 2083 1746 2154 λέπρας
1802 2083 2018 2152 ἐγένετο

331 2177 664 2248 ἀκάθαρτος,
699 2174 833 2229 ἀλλά
860 2174 922 2228 τὸ
955 2173 1115 2243 σῶμα
1141 2171 1200 2226 τὸ
1224 2172 1422 2242 λεπρδν
1446 2171 1554 2225 ἀπὸ
1583 2176 1681 2244 τῆς
1719 2173 1899 2244 χειρὸς
1918 2174 2016 2244 τῆς

334 2265 491 2334 ἁγίας
520 2265 813 2318 καθίστατο
834 2263 1090 2334 καθαρόν.
1120 2262 1193 2315 Οὐ
1215 2261 1320 2332 γὰρ
1349 2261 1413 2333 δὴ
1439 2262 1596 2332 μόνον
1626 2261 1857 2334 σώματα
1875 2280 2017 2334 παρ-

332 2353 550 2422 εγένετο
587 2351 940 2424 θεραπεύσων
960 2392 976 2417 ,
1023 2350 1158 2404 ἀλλὰ
1187 2349 1282 2403 καί
1307 2349 1485 2420 ψυχὴν
1510 2351 1589 2414 εἰς
1618 2351 1664 2382 ⁸⁸
1699 2350 2016 2422 φιλοσοφίαν

340 2441 568 2507 ἐνάξων.
619 2441 834 2511 ’Ὠσπερ
877 2435 970 2493 οὖν
1006 2439 1050 2470 ⁸⁷
1079 2438 1266 2508 χερσὶν
1303 2439 1549 2502 ἀνίπτοις
1586 2438 1790 2493 ἐσθίειν
1834 2439 2016 2492 οὐκέτι

331 2527 516 2582 λοιπὸν
561 2525 832 2590 ἐκώλυσε,
879 2526 972 2580 τὸν
1027 2525 1250 2595 ἄριστον
1299 2526 1507 2578 ἐκεῖνον
1551 2527 1784 2593 εἰσάγων
1829 2527 2013 2596 νόμον,

331 2617 424 2670 τὸν
464 2614 591 2686 περί
618 2614 717 2685 τῆς
749 2612 856 2666 τῶν
901 2611 1206 2684 βρωμάτων
1253 2612 1574 2683 ἀδιαφορίας
1594 2626 1610 2642 ο
1661 2611 1803 2665 οὕτω
1827 2610 1890 2682 δὴ
1923 2611 2016 2666 καί

333 2701 564 2758 ἐνταῦθα
608 2701 794 2754 λοιπὸν
824 2699 1130 2765 παιδεύων,
1162 2699 1245 2752 ὅτι
1277 2699 1376 2770 τῆς
1417 2698 1595 2769 ψυχῆς
1639 2697 2016 2769 ἐπιμελεῖσθαι

333 2789 460 2864 χρὴ,
495 2788 726 2842 καὶτῶν
770 2787 968 2853 ἔξωθεν
1006 2785 1420 2856 ἀπαλλαγέντας
1464 2787 1765 2858 καθαρμῶν
1802 2787 2017 2858 ἐκείνην

332 2877 694 2948 ἀποσμήχειν,
723 2875 817 2927 καί
839 2872 938 2944 τὴν
964 2872 1136 2942 αὐτῆς
1174 2873 1380 2943 λέπραν
1421 2872 1716 2927 δεδοικέναι
1748 2874 1918 2944 μόνην
1947 2874 2014 2938 ⁸⁸,

331 2966 467 3038 ὅπερ
493 2966 641 3018 ἐστὶν
668 2963 913 3035 ἁμαρτία
951 2962 1032 3032 (τὸ
1071 2961 1182 3033 γὰρ
1215 2961 1415 3034 λεπρὸν
1449 2957 1588 3015 εἶναι
1608 2962 1760 3016 οὐδὲν
1786 2962 2016 3032 κώλυμα

333 3056 413 3117 εἰς
441 3052 696 3125 ἀρετήν)·
750 3050 964 3122 πρῶτος
991 3050 1035 3081 ⁸³
1079 3049 1239 3112 αὐτὸς
1272 3048 1503 3103 ἅπτεται
1527 3049 1622 3102 τοῦ
1642 3049 1867 3122 λεπροῦ,
1917 3049 2013 3104 καὶ

331 3141 506 3204 οὐδεὶς
545 3139 786 3208 ἐγκαλεῖ.
819 3136 954 3192 Οὐδὲ
986 3136 1094 3208 γάρ
1118 3132 1188 3208 ῆν
1219 3137 1610 3208 διεφθαρμένον
1647 3137 1710 3190 τὸ
1749 3138 2010 3210 δικαστή-

336 3247 470 3301 ριον,
498 3227 618 3282 ούδέ
641 3225 748 3280 ὑπὸ
777 3224 971 3294 φθόνου
999 3225 1354 3294 κατεχόμενοι
1381 3226 1432 3277 οἰ
1461 3223 1649 3278 θεαταί
1686 3226 1754 3279 "°.
1776 3228 1876 3280 Διά
1901 3226 2014 3279 τοῦ·

333 3333 394 3371 το
435 3317 496 3370 ού
527 3317 684 3386 μόνον
715 3313 815 3366 οὐκ
861 3310 1178 3382 ἐπέσκηψαν
1199 3351 1213 3376 ,
1244 3310 1380 3365 ἀλλά
1406 3313 1501 3365 καὶ
1531 3311 1910 3385 ἐξεπλάγησαν
1953 3314 2014 3367 τὸ

334 3404 537 3474 θαῦμα,
572 3401 666 3455 καί
690 3398 1092 3472 παρεχώρησαν
1117 3438 1131 3462 ,
1166 3398 1276 3452 ἀπό
1303 3415 1361 3452 τε
1394 3399 1502 3452 τῶν
1528 3399 1833 3470 εἰρημένων
1859 3441 1872 3465 ,
1903 3401 2014 3455 ἀπό

333 3509 393 3546 τε
412 3491 522 3544 τῶν
555 3489 855 3560 γινομένων
887 3487 985 3558 τὴν
1013 3487 1298 3557 ἀμήχανον
1321 3487 1365 3517 τί
1397 3487 1562 3540 αὑτοῦ
1585 3487 1812 3558 δύναμιν
1840 3505 2011 3560 προσε-

334 3580 689 3649 κυνήσαντες.
735 3572 1090 3646 Θεραπεύσας
1115 3573 1292 3626 τοίνυν
1315 3572 1482 3626 αὐτοῦ
1502 3572 1564 3625 τὸ
1587 3572 1768 3644 σῶμα,
1803 3573 2012 3627 κελεύει

329 3664 546 3736 μηδενί
595 3662 784 3719 εἰπεῖκ
806 3701 822 3724 .
887 3661 1049 3716 ἀλλὰ
1099 3659 1290 3726 δεῖξαι
1336 3659 1555 3714 ἑαυτὸν
1590 3659 1672 3727 τῷ
1719 3661 1876 3729 ἱερεῖ,
1913 3662 2012 3715 καί

336 3748 763 3822 προσενεγκεῖν
807 3747 874 3802 τὸ
912 3746 1124 3815 δῶρον,
1157 3747 1189 3800 ὃ
1220 3745 1556 3815 προσέταξε
1588 3747 1848 3817 Μωῢσῆς
1875 3787 1890 3808 .
1925 3751 2013 3814 εἰς

330 3840 659 3910 μαρτύριον
681 3835 903 3901 αὐτοῖς.
946 3834 1102 3897 Τινὲς
1134 3835 1233 3906 μὲν
1265 3830 1358 3888 οὖν
1402 3852 1566 3904 φασιν
1585 3875 1600 3900 ,
1630 3835 1711 3888 ὃτι
1738 3835 1825 3889 διὰ
1856 3835 2014 3889 τοῦτο

336 3928 589 3982 ἐκέλευσε
639 3925 827 3997 μηδενί
845 3925 892 3955 ⁷⁸
923 3925 1097 3976 εἰπεῖν
1122 3962 1137 3987 ,
1183 3923 1271 3976 ἵνα
1317 3922 1392 3994 μὴ
1426 3925 1844 3996 κακουργήσωσι
1886 3926 2014 3996 περί

334 4016 433 4088 τὴν
486 4015 758 4086 διάκρισιν
809 4010 904 4064 τοῦ
962 4009 1282 4082 καθαρμοῦ,
1341 4010 1541 4081 σφόδρα
1577 4009 1730 4083 [309]
1773 4011 2014 4083 ἀνοήτως

335 4104 495 4160 τοῦτο
536 4101 951 4164 ὑποπτεύοντες.
994 4099 1069 4152 Οὐ
1117 4099 1226 4169 γὰρ
1269 4097 1444 4162 οὕτως
1485 4099 1788 4170 ἐκάθηρεν,
1816 4099 1891 4162 ὡς
1920 4099 2013 4151 καὶ

337 4191 819 4265 ἀμφισϐητήσιμον
843 4183 980 4241 εἶναι
1003 4186 1094 4239 τὸν
1121 4186 1405 4257 καθαρμόν
1425 4204 1438 4216 ·
1460 4185 1596 4240 ἀλλά
1628 4187 1815 4258 μηδενὶ
1841 4187 2013 4241 εἰπεῖν

337 4277 566 4341 κελεύει,
591 4277 856 4329 διδάσκων
893 4273 954 4326 τὸ
982 4273 1333 4342 ἀκόμπαστον
1367 4275 1460 4326 καί
1491 4272 1827 4343 ἀφιλότιμον.
1871 4274 2011 4326 Καίς

336 4383 482 4434 τοιγε
511 4364 647 4435 ᾔδει,
679 4363 761 4416 ὃτι
788 4362 848 4414 οὐ
879 4359 1228 4432 πεισθήσεται
1257 4361 1460 4424 ἐκεῖνος
1479 4401 1494 4426 ,
1529 4359 1643 4413 ἀλλ’
1678 4361 2011 4433 ἀνακηρύξει

337 4454 428 4507 τὸν
457 4452 750 4523 εὐεργέτην
771 4466 785 4480 ο
820 4448 935 4504 ἀλλ’
970 4448 1120 4519 ὅμως
1143 4447 1203 4500 τὺ
1245 4447 1410 4500 αὐτοῦ
1447 4451 1609 4503 ποιεῖ.
1648 4449 1772 4512 Πῶς
1801 4446 1892 4502 οὖν
1917 4450 2012 4502 ἀλ-

337 4538 742 4611 λαχοῦκελεύει
768 4537 942 4589 εἰπεῖν
970 4551 985 4600 ;
1029 4534 1214 4604 φησίν.
1259 4534 1396 4605 Οὐχί
1424 4533 1602 4605 ἐαυτῷ
1627 4534 1971 4606 περιπίπτων
1991 4573 2007 4599 ,

336 4626 458 4679 ούδέ
496 4622 935 4694 ἐναντιούμενος,
983 4621 1118 4675 ἀλλά
1154 4621 1422 4676 παιδεύων
1455 4621 1804 4692 εὐγνώμονας
1846 4618 2006 4678 εἶναι.

339 4711 474 4767 Οὐδὲ
517 4711 626 4782 γὰρ
671 4711 786 4763 ἐκεῖ
831 4707 1226 4778 ἀνακηρύττειν
1266 4708 1458 4762 ἐαυτὸν
1507 4707 1826 4771 ἐκέλευσεν,
1873 4708 2011 4763 ἀλλά

335 4801 517 4855 δοῦναι
549 4798 706 4864 δόξαν
735 4796 813 4867 τῷ
837 4794 986 4866 Θεῷ·
1032 4795 1120 4849 διὰ
1155 4795 1255 4866 μὲν
1295 4794 1390 4848 τοῦ
1433 4794 1634 4867 λεπροῦ
1655 4794 1844 4848 τούτου
1879 4795 2009 4849 ἀτύ-

339 4907 473 4960 φους
495 4889 645 4959 ἡμᾶς
679 4883 1112 4957 παρασκευάζων
1141 4884 1235 4937 καὶ
1267 4882 1616 4947 ἀκενοδόξους
1634 4923 1649 4946 ,
1681 4882 1841 4936 διὰδὲ
1867 4883 2011 4937 ἐκεί-

336 4991 430 5026 νου
450 5010 466 5036 ,
493 4969 849 5043 εὐχαρίστους
886 4969 981 5022 καὶ
1021 4965 1370 5036 εὐγνώμονας
1418 4961 1556 5018 εἶναι
1577 5004 1592 5030 ,
1624 4966 1717 5018 καὶ
1742 4964 2011 5020 παιδεύων

338 5052 616 5124 πανταχοῦ
658 5051 767 5104 τῶν
812 5049 1110 5120 γινομένων
1157 5049 1257 5119 τὴν
1291 5048 1568 5118 εὐφημίαν
1613 5047 1905 5119 ἀναφέρειν
1933 5045 2012 5118 τῷ

337 5136 603 5207 Δεσπότῃ.
646 5131 864 5203 Ἐπειδὴ
883 5132 991 5202 γὰρ
1019 5129 1094 5193 ὼς
1121 5129 1190 5182 τὰ
1216 5128 1388 5182 πολλὰ
1409 5130 1460 5181 οἱ
1489 5129 1763 5199 ἄνθρωποι
1790 5128 2009 5182 νοσοῦν-

337 5236 430 5283 τες
466 5218 563 5288 μὲν
587 5216 894 5288 μέμνηνται
925 5211 1018 5266 τοῦ
1061 5210 1222 5275 Θεοῦ,
1250 5211 1350 5282 τῆς
1389 5210 1446 5263 δέ
1492 5210 1804 5282 ἀρρωστίας
1837 5211 2014 5265 ἀπαλ-

334 5301 594 5370 λαγέντες
631 5297 988 5371 ρᾳθυμότεροι
1029 5295 1306 5364 γίνονται,
1354 5291 1591 5346 κελεύων
1622 5293 1882 5362 διηνεκῶς
1915 5295 2012 5347 καὶ

335 5385 626 5446 νοσοῦντας
648 5383 742 5436 καί
765 5381 1102 5450 ὑγιαίνοντας
1134 5377 1420 5448 προσέχειν
1440 5376 1518 5448 τῷ
1548 5377 1813 5449 Δεσπότῃ.
1840 5375 2004 5447 φησί·

337 5469 450 5538 Δὸς
481 5467 670 5533 δόξαν
699 5464 782 5532 τῷ
811 5463 951 5530 Θεῷ.

412 5633 460 5665 ⁸³
489 5627 690 5703 ἥψατο]
719 5624 1038 5703 ﬁsi-95125
1078 5623 1232 5703 Εὔα-,ρ
1270 5622 1336 5703 ,⁸³
1367 5623 1471 5703 ἐρᾷ
1507 5621 1568 5703 Es
1610 5619 1720 5703 Εε.
1779 5622 1827 5653 ⁸⁸
1867 5618 1983 5703 καὶ]
2021 5638 2025 5689 1

2153 5660 2154 5668 χ
2204 5618 2338 5703 Edd.

1183 391 1241 446 S.
1283 389 1570 447 JOANNIS
1607 391 2099 450 CIIRYSOSTOMI
2142 392 2463 449 ARCHIEI’.
2505 391 3050 451 CONSTANTINOP.

2190 507 2346 572 Τίνος
2372 506 2430 561 δέ
2464 507 2649 561 ἕνεκεν
2687 509 2781 562 καὶ
2808 508 2978 574 δεῖξαι
3016 507 3205 563 ἐαυτὸν
3233 509 3487 564 ἐκέλευσε
3514 508 3593 580 τῷ
3621 509 3757 580 ἰερεῖ
3776 549 3794 572 .

2119 596 2214 650 καί
2244 596 2416 666 δῶρον
2440 599 2860 667 προσενεγκεῖν;
2891 597 3060 650 Πάλιν
3095 598 3187 650 τὸν
3217 598 3378 669 νόμον
3401 597 3636 651 ἐνταῦθα
3668 598 3798 650 ἀνα-

2119 682 2364 755 πληρῶν.
2413 684 2549 736 υύδέ
2604 684 2712 754 γὰρ
2759 684 3034 753 πανταχοῦ
3077 684 3240 738 αὐτὸν
3284 684 3576 755 παρέλυεν,
3616 684 3798 737 οὐδέ⁷³

2118 769 2393 841 πανταχοῦ
2426 769 2723 840 ἐφύλαττεν
2745 786 2758 799 ’
2790 769 2924 823 ἀλλά
2952 771 3080 824 ποτέ
3111 772 3210 842 μὲν
3246 771 3404 825 τοῦτο
3433 773 3629 834 ἐποίει,
3665 773 3799 824 ποτὲ

2117 858 2176 912 δὲ
2217 859 2426 911 ἐκεῖνο·
2457 856 2632 928 τούτῳ
2680 857 2780 927 μέν
2825 861 2892 929 τῇ
2944 858 3212 932 μελλούσῃ
3248 860 3535 931 φιλοσοφίᾳ
3571 860 3799 931 προδδο·

2113 945 2314 1008 ποιῶν,
2348 944 2542 1016 ἐκείνῳ
2554 947 2601 978 ⁷⁸
2627 944 2684 998 δέ
2708 945 2808 1016 τὴν
2833 947 3185 1018 ἀναίσχυντον
3212 949 3320 1000 τῶν
3355 947 3626 1001 Ἰουδαίων
3659 947 3800 1010 τέως

2117 1031 2364 1103 κατέχων
2396 1031 2664 1101 γλῶτταν,
2697 1033 2794 1085 καὶ
2834 1033 3286 1101 συγκαταϐαίνων
3322 1035 3504 1088 αὐτῶν
3528 1037 3594 1106 τῇ
3626 1032 3801 1088 ἀσθεο

2116 1122 2256 1193 νεία.
2287 1123 2398 1176 Καὶ
2417 1121 2473 1177 τί
2501 1121 2823 1193 θαυμάζεις,
2866 1123 2983 1191 εῐγε
3015 1125 3073 1177 ἐν
3101 1124 3407 1196 προοιμίοις
3444 1124 3609 1188 αὐτὸς
3631 1123 3804 1176 τοῦτο

2105 1208 2393 1280 ἐποίησεν,
2423 1210 2556 1264 ὅπου
2578 1227 2642 1279 γε
2677 1211 2772 1264 καὶ
2795 1211 2845 1264 οἰ
2869 1210 3156 1265 ἀπόστολοι
3185 1212 3323 1282 μετὰ
3349 1212 3414 1265 τὸ
3438 1212 3802 1280 κελευσθῆναι

2116 1302 2198 1364 εἰς
2228 1300 2297 1354 τὰ
2322 1299 2446 1370 ἔθνη
2481 1298 2757 1364 ἀπελθεῖν,
2781 1301 2996 1364 καὶτὰς
3024 1300 3194 1373 θύρας
3221 1301 3505 1371 ἀνοιγῆναι
3532 1301 3635 1371 τῆς
3656 1303 3804 1355 κατά

2116 1387 2218 1458 τὴν
2255 1387 2578 1460 οίκουμένην
2609 1387 2982 1451 διδασκαλίας,
3024 1390 3119 1442 καὶ
3145 1388 3236 1442 τὸν
3266 1390 3428 1459 νόμον
3468 1387 3796 1462 ἐγκλεισθῆ-

2115 1491 2204 1528 ναι
2219 1475 2285 1540 ⁷⁸,
2319 1477 2412 1529 καί
2446 1474 2822 1543 ἀνανεωθῆναι
2860 1476 2930 1528 τὰ
2958 1475 3261 1547 πράγματα
3275 1477 3342 1542 ⁷⁸,
3379 1476 3476 1529 καί
3501 1477 3568 1530 τὰ
3591 1477 3804 1532 παλαιά

2115 1562 2536 1617 ἀναπαύσασθαι
2572 1563 2820 1625 ἅπαντα,
2875 1563 3156 1631 φαίνονται
3189 1565 3322 1616 ποτὲ
3363 1564 3462 1635 μὲν
3503 1565 3804 1636 τηροῦντες

2115 1650 2209 1704 τὸν
2238 1651 2422 1720 νόμον,
2450 1651 2581 1705 ποτέ
2609 1649 2669 1703 δὲ
2692 1649 2854 1703 αὐτὸν
2881 1650 3354 1722 παρατρέχοντες;
3391 1653 3500 1706 Καὶ
3534 1653 3589 1705 τί
3608 1653 3796 1717 τοῦτο,

2118 1739 2270 1809 φησί,
2304 1737 2441 1810 πρὸς
2487 1737 2586 1808 τὴν
2615 1736 2706 1790 τοῦ
2735 1737 2901 1807 νόμου
2936 1737 3179 1790 συντελεῖ
3205 1738 3469 1810 φυλακὴν,
3506 1740 3568 1792 τὸ
3594 1743 3802 1803 εἰπεῖν,

2115 1827 2324 1891 Δεῖξον
2347 1826 2611 1881 σεαυτὸν
2639 1823 2720 1890 τῷ
2745 1825 2985 1892 ίερεῐ⁷⁷;
3015 1826 3088 1879 Οὐ
3114 1829 3174 1880 τὸ
3210 1827 3392 1896 τυχόν.
3425 1828 3535 1880 Καὶ
3564 1828 3676 1900 γὰρ
3716 1830 3805 1882 νό-

2119 1931 2218 1986 μος
2248 1911 2316 1984 ἦν
2357 1912 2606 1979 παλαιὸς,
2640 1912 2731 1964 τὸν
2779 1911 2976 1983 λεπρὸν
3005 1912 3348 1985 καθαρθέντα
3372 1913 3446 1985 μὴ
3474 1915 3653 1985 ἐαυτῷ
3698 1915 3802 1986 τὴν

2113 2001 2440 2072 δοκιμασίαν
2469 2001 2783 2071 ἐπιτρέπειν
2808 1999 2902 2052 τοῦ
2938 1999 3304 2072 καθαρισμοῦ,
3346 2001 3482 2055 ἀλλά
3510 2003 3804 2070 φαίνεσθαι

2114 2091 2192 2160 τῷ
2225 2091 2376 2161 ἱερεῖ,
2413 2090 2507 2143 καὶ
2542 2091 2654 2152 τοῖς
2681 2087 2978 2156 ὀφθαλμοῖς
3003 2092 3115 2152 τοῖς
3142 2089 3350 2142 ἐκείνου
3384 2091 3642 2161 παρέχειν
3690 2091 3798 2160 τὴν

2116 2176 2412 2242 ἀπόδειξιν,
2439 2176 2532 2230 καί
2569 2174 2676 2230 ἀπὸ
2720 2175 2816 2244 τῆς
2851 2173 3032 2245 ψήφου
3063 2173 3266 2244 ταύτης
3298 2175 3648 2247 ἐγκρίνεσθαι
3683 2177 3805 2238 τοῖς

2116 2263 2394 2335 καθαροῖς.
2435 2265 2498 2317 Εἰ
2526 2263 2636 2334 γὰρ
2663 2261 2739 2332 μὴ
2770 2255 2922 2314 εἶπεν
2958 2263 2986 2313 ὁ
3017 2262 3214 2331 ἰερεὺς,
3236 2262 3317 2315 ὅτι
3343 2263 3684 2340 κεκάθαρται
3702 2264 3753 2294 ⁷⁸
3776 2268 3806 2317 ὁ

2116 2351 2336 2423 λεπρὸς,
2383 2351 2463 2404 ἔτι
2495 2351 2632 2421 μετά
2659 2349 2768 2402 τῶν
2795 2347 3121 2419 ἀκαθάρτων
3163 2349 3355 2419 ἔμενεν
3384 2349 3489 2414 ἔξω
3521 2351 3620 2422 τῆς
3653 2369 3806 2422 παρ-

2118 2456 2142 2491 ε
2152 2439 2374 2509 μϐολῆς.
2398 2439 2488 2491 Διό
2512 2454 2668 2507 φησι,
2692 2435 2898 2501 Δεῖξον
2917 2436 3178 2489 σεαυτὸν
3194 2435 3273 2501 τῷ
3301 2437 3460 2505 ἱερεῖ,
3482 2438 3576 2490 καὶ
3603 2454 3795 2506 προσ-

2115 2525 2325 2594 ένεγκε
2355 2525 2422 2578 τὸ
2453 2523 2668 2594 δῶρον,
2714 2523 2744 2577 ὃ
2789 2522 3124 2591 προσέταξε
3159 2524 3441 2592 Μωῦσῆς.
3474 2525 3587 2577 Οὐκ
3616 2521 3804 2589 εἶπεν,

2123 2615 2187 2665 Ὃ
2215 2614 2543 2685 προστάσσω
2581 2611 2718 2681 ἐγώ·
2765 2611 2899 2664 ἀλλά
2931 2613 3069 2674 τέως
3108 2611 3472 2681 παραπέμπει
3510 2611 3588 2682 τῷ
3622 2611 3804 2682 νόμῳ,

2117 2701 2454 2770 πανταχόθεν
2486 2687 2858 2773 ἀπορράπτων
2895 2702 3075 2756 αὐτῶν
3120 2699 3188 2753 τά
3235 2700 3500 2770 στόματα.
3533 2701 3652 2754 Ἵνα
3687 2701 3806 2771 γὰρ

2120 2789 2195 2859 μὴ
2240 2787 2493 2858 λέγωσιν,
2522 2789 2604 2841 ὅτι
2642 2788 2750 2842 τῶν
2786 2790 2975 2860 ἱερέων
3003 2789 3100 2860 τὴν
3135 2785 3292 2852 δόξαν
3320 2788 3557 2858 ἥρπασε,
3601 2788 3662 2840 τὸ
3698 2789 3808 2857 μὲν

2117 2876 2278 2947 ἔργον
2323 2876 2484 2939 αὐτὸς
2529 2876 2834 2947 ἐπλήρωσε,
2865 2878 2964 2946 τὴν
2993 2876 3048 2928 δέ
3079 2875 3401 2945 δοκιμασίαν
3433 2875 3667 2938 ἐκείνοις
3703 2877 3810 2928 ἐπ-

2118 2963 2335 3034 έτρεψε,
2368 2965 2462 3017 καὶ
2496 2963 2686 3032 κριτὰς
2718 2965 2914 3027 αὐτοὺς
2955 2963 3175 3018 ἐκάθισε
3203 2961 3311 3014 τῶν
3337 2962 3554 3015 οἰκείων
3579 2962 3807 3032 θαυμά-

2118 3067 2247 3103 των.
2276 3049 2542 3103 Τοσοῦτον
2573 3051 2682 3122 γάρ
2712 3051 2901 3120 ἀπέχω
2940 3049 3230 3122 μάχεσθαι,
3263 3049 3450 3119 φησὶν,
3493 3048 3526 3119 ἢ
3557 3051 3804 3120 Μωῦσῇ,

2121 3136 2154 3207 ἢ
2183 3139 2297 3200 τοῖς
2328 3135 2584 3207 ἱερεῦσιν,
2609 3137 2692 3189 ὅτι
2730 3139 2824 3192 καί⁴
2854 3137 2982 3200 τοὺς
3012 3135 3142 3206 παρ’
3175 3135 3311 3205 ἐμοῦ
3336 3134 3805 3206 εὐεργετηθέντας

2118 3225 2199 3286 εἰς
2227 3223 2289 3276 τὸ
2323 3223 2608 3276 πείθεσθαι
2635 3225 2866 3287 ἐκείνοις
2905 3225 3102 3292 ἐνάγω.
3285 3268 3294 3277 .

2189 3311 2254 3363 Τί
2279 3310 2336 3364 δέ
2364 3311 2533 3376 ἐστιν,
2567 3313 2656 3376 εἰς
2688 3313 3015 3380 μαρτύριον
3041 3309 3245 3376 αὺτοῖς
3269 3325 3287 3373 ;
3317 3309 3412 3372 Εἰς
3446 3308 3692 3379 ἔλεγχον,
3721 3310 3808 3374 εἰς

2118 3397 2414 3462 ἀπόδειξιν,
2461 3398 2543 3460 εἰς
2575 3399 2929 3467 κατηγορίαν,
2977 3397 3071 3450 ἐὰν
3113 3396 3521 3467 άγνωμονῶσιν.
3575 3398 3806 3470 Ἐπειδὴ

2121 3483 2270 3556 [510]
2295 3483 2404 3556 γὰρ
2423 3483 2628 3552 ἔλεγον,
2645 3484 2728 3548 Ὡς
2747 3485 2946 3538 πλάνον
2968 3485 3063 3538 καὶ
3083 3483 3376 3538 ἀπατεῶνα
3399 3482 3696 3555 διώκομεν,
3722 3485 3806 3548 ὡς

2119 3573 2365 3626 ἀντίθεον
2411 3573 2507 3626 καὶ
2555 3574 2907 3644 παράνομονο
2951 3572 3015 3626 σύ
3067 3590 3157 3643 μοι
3194 3574 3585 3643 μαρτυρήσεις,
3636 3575 3805 3644 φησὶ,

2119 3662 2242 3714 κατ’
2279 3663 2487 3714 ἐκεῖνον
2525 3660 2614 3714 τὸν
2647 3668 2859 3732 καιρὸν,
2910 3661 2992 3714 ὅτι
3034 3662 3094 3714 ού
3145 3660 3463 3730 παράνομος
3507 3659 3639 3728 ἐγώ.
3687 3662 3806 3713 Καὶ

2119 3749 2228 3819 γὰρ
2261 3747 2605 3819 θεραπεύσας
2637 3765 2698 3801 σε
2737 3749 3094 3818 παραπέμπω
3131 3746 3206 3818 τῷ
3254 3748 3400 3817 νόμῳ
3447 3747 3542 3800 καί
3581 3750 3651 3819 τῇ
3689 3750 3806 3801 τῶν

2121 3835 2309 3907 ἱερέων
2349 3834 2672 3906 δοκιμασίαν
2725 3834 2862 3906 ὅπερ
2908 3835 3176 3904 τιμῶντος
3215 3830 3283 3905 ἦν
3325 3834 3415 3886 τὸν
3462 3835 3648 3906 νόμον,
3704 3838 3821 3890 καὶ·

2121 3920 2493 3993 θαυμάζοντος
2523 3922 2613 3974 τὸν
2648 3923 2919 3987 Μωῦσέα,
2966 3923 3058 3975 καί
3086 3923 3187 3974 οὐκ
3233 3923 3647 3992 ἐναντιουμένου
3683 3926 3805 3986 τοῖς

2121 4009 2367 4072 παλαιοῖς
2394 4009 2675 4079 δόγμασιν.
2709 4011 2772 4062 Εἰ
2800 4010 2855 4063 δὲ
2881 4010 3045 4080 μηδὲν
3069 4008 3291 4080 ἔμελλον
3323 4011 3646 4080 κερδαίνειν,
3664 4013 3806 4064 κάν-

2120 4097 2306 4150 τεῦθεν
2351 4098 2584 4168 μάλιστα
2628 4097 2727 4168 τὴν
2754 4097 2891 4169 πρὸς
2931 4098 3023 4151 τὸν
3058 4099 3224 4167 νόμον
3256 4098 3421 4150 αὐτοῦ
3457 4099 3803 4168 καταμαθεῖν

2119 4185 2234 4237 ἔστι
2261 4185 2448 4256 τιμὴν,
2474 4185 2555 4238 ὅτι
2587 4183 2681 4237 καὶ
2708 4183 2973 4255 προειδὼς
3017 4185 3168 4238 οὐδὲν
3202 4185 3686 4256 καρπωσομένους,
3730 4188 3804 4240 τὰ

2119 4268 2283 4323 αὑτοῦ
2317 4269 2491 4322 πάντα
2522 4269 2781 4340 ἐπλήρου.
2812 4270 2920 4322 Καὶ
2946 4270 3054 4342 γὰρ
3083 4268 3306 4342 προῄδει
3333 4270 3492 4323 τοῦτο
3522 4271 3677 4336 αὐτὸ,
3701 4273 3804 4324 καὶ

2119 4359 2398 4427 προεῖπεν.
2435 4356 2570 4409 Ούδὲ
2601 4357 2711 4426 γὰρ
2740 4352 2892 4410 εἶπεν
2913 4398 2928 4422 ,
2961 4359 3039 4420 εἰς
3078 4357 3366 4429 διόρθωσιν
3399 4357 3597 4422 αὐτῶν,
3646 4358 3799 4423 οὐδὲ,

2116 4445 2196 4518 εἰς
2239 4441 2619 4507 διδασκαλίαν·
2675 4443 2826 4508 ἀλλ’,
2867 4446 2953 4507 εἰς
2994 4445 3324 4512 μαρτύριον
3375 4445 3600 4509 αὐτοῖς,
3637 4461 3801 4498 τουτ-

2118 4530 2293 4594 έστιν,
2328 4532 2408 4592 εἰς
2439 4530 2801 4600 κατηγορίαν,
2831 4531 2925 4584 καί
2955 4532 3034 4593 εἰς
3066 4531 3307 4600 ἔλεγχον,
3340 4531 3434 4584 καί
3460 4532 3540 4593 εἰς
3583 4548 3799 4602 μαρτυ-

2117 4618 2264 4688 ρίαν,
2312 4617 2394 4670 ὃτι
2444 4617 2576 4670 τά⁷⁹
2602 4620 2734 4688 παρ’
2763 4617 2896 4689 ἐμοῦ
2931 4617 3108 4672 πάντα
3141 4619 3333 4687 γέγονε
3356 4636 3368 4646 ·
3405 4619 3501 4671 καὶ
3526 4620 3800 4689 προειδὼς

2113 4701 2474 4774 ἀδιορθώτους
2493 4703 2771 4772 μένοντας.
2790 4703 2910 4757 οὐδὲ
2934 4705 3106 4769 οὕτως
3132 4705 3378 4758 ἐνέλιπον
3395 4706 3441 4738 ⁸⁰
3466 4705 3570 4758 ἀπε
3578 4723 3612 4776 ρ
3635 4709 3796 4776 ποιῆ-

2116 4807 2205 4843 σαι
2236 4791 2403 4860 ἐχρῆν
2423 4806 2438 4820 ο
2467 4791 2662 4843 ἐκεῖνοι
2707 4791 2766 4843 δέ
2804 4791 2905 4862 τὴν
2937 4792 3144 4845 οἰκείαν
3188 4792 3379 4862 ἔμενον
3407 4793 3796 4863 διατηροῦντες

2115 4877 2334 4930 κακίαν.
2366 4877 2536 4930 Τοῦτο
2568 4877 2698 4946 γοῦν
2733 4880 2827 4931 καί
2853 4879 3087 4950 ἀλλαχοῦ
3132 4882 3321 4951 φησι⁸¹
3345 4897 3358 4910 ·
3396 4879 3794 4948 Κηρυχθήσε-

2114 4982 2208 5018 ται
2233 4963 2296 5017 τὸ
2333 4964 2699 5034 Evam-ator
2723 4966 2900 5021 τοῦτο
2927 4967 2998 5020 ὲν
3023 4966 3144 5032 ὅλῳ
3175 4966 3254 5032 τῷ
3279 4970 3483 5036 κόσμῳ
3515 4970 3602 5033 εἰς
3637 4986 3796 5038 μορ·

2111 5048 2314 5115 τύριον
2337 5046 2488 5102 πᾶσι
2514 5048 2639 5114 τοῖς
2660 5047 2885 5112 ἔθνεσι,
2909 5049 3009 5102 καί
3032 5051 3163 5103 τότε
3192 5050 3325 5117 ἣξει
3352 5050 3421 5103 τὸ
3443 5050 3618 5116 τέλος
3638 5068 3649 5078 ·
3674 5054 3793 5112 τοῖς

2112 5128 2311 5195 ἔθνεσι,
2358 5133 2470 5193 τοῖς
2503 5133 2602 5201 οὐχ
2634 5131 2992 5198 ὑπακούουσι,
3026 5137 3138 5197 τοῖς
3171 5135 3232 5186 ού
3268 5134 3633 5202 πειθομένοις.
3667 5134 3792 5187 Ἵνα

2112 5211 2220 5282 γὰρ
2249 5215 2322 5282 μή
2345 5229 2428 5274 τις
2451 5211 2608 5283 λέγῃ,
2631 5212 2740 5266 Καὶ
2757 5213 2902 5277 τίνος
2925 5215 3111 5268 ἕνεκεν
3145 5215 3280 5268 πᾶσι
3310 5214 3621 5286 κηρύττεις,
3636 5215 3686 5266 εἰ
3709 5217 3790 5285 μὴ

2115 5295 2314 5356 πάντες
2346 5294 2600 5364 μέλλουσι
2627 5295 2911 5350 πείθεσθαι
2932 5314 2946 5362 ;
2972 5298 3058 5349 ἵνα
3087 5297 3154 5350 τὰ
3175 5298 3415 5367 ἐμαυτοῦ
3437 5298 3613 5351 πάντα
3634 5298 3792 5366 φανῶ

2117 5375 2451 5446 πεποιηκὼς,
2486 5377 2580 5429 καὶ
2615 5379 2802 5448 μηδεὶς
2848 5380 2946 5450 ἔχῃ
2995 5380 3133 5449 μετά
3167 5380 3341 5434 ταῦτα
3389 5377 3662 5447 ἐγκαλεῖν,
3711 5379 3791 5443 ώς

2116 5460 2218 5513 οὐκ
2256 5459 2529 5528 ἀκηκοώς.
2563 5461 3065 5534 Καταμαρτυρήσει
3095 5462 3205 5535 γὰρ
3229 5463 3410 5516 αὐτῶν
3444 5463 3581 5533 αὐτὴ
3616 5465 3649 5533 ἡ
3683 5464 3789 5533 κή-

2438 5619 2484 5693 “_
2515 5619 2751 5693 δεικνύς]
2798 5619 2890 5693 Sic
2931 5621 3029 5693 Ep.
3077 5624 3203 5678 Sav.
3256 5623 3473 5678 codices
3515 5622 3780 5693 δείκνυσι.

342 5704 388 5736 ⁵⁸
413 5677 934 5776 5:;1'2;i'1x.'€.'
960 5677 1024 5748 Ρ.
1103 5677 1291 5775 σῖοὖν]
1318 5677 1566 5747 ιιάά.’καί
1608 5691 1743 5746 Edd.
1789 5709 1843 5762 p.
1881 5709 1934 5760 ι).
1968 5677 2025 5744 ἐκ

342 5775 406 5826 Δ.
463 5774 526 5826 l".
598 5774 644 5804 '°
671 5766 882 5826 θεαταὶ]
920 5765 1010 5820 Sic
1045 5763 1230 5820 Verss.
1264 5761 1529 5826 ἀκροαταὶ
1563 5760 1622 5814 D.
1659 5760 1721 5814 F.
1796 5763 1839 5792 ἰ
1872 5762 2025 5826 ἀμαχη

2153 5706 2172 5742 ε
2206 5688 2267 5742 F.
2346 5690 2390 5721 ⁸⁸
2420 5689 2578 5758 μόνον
2603 5677 2750 5745 Ειίίίί
2817 5692 2861 5722 ⁸³
2899 5677 3137 5766 πρῶτος]
3163 5677 3362 5748 διάτοι
3385 5693 3542 5746 τοῦτο
3566 5692 3783 5760 πρῶτος

2153 5759 2181 5812 '.
2261 5760 2306 5790 ⁷³
2359 5760 2570 5826 μηδενὶι
2610 5762 2735 5815 add.
2779 5761 2944 5826 μηδὲν
2971 5764 3104 5818 Edd.
3197 5765 3241 5796 ⁷³
3275 5762 3422 5826 ούδέι
3448 5762 3636 5826 ὥσπερ
3663 5763 3783 5817 οὐδὲ

342 5775 406 5828 Α.
463 5774 526 5828 Ε.

343 5913 490 5968 E.F.

343 5987 538 6040 εἰπεῖν.
571 6023 584 6035 .
610 6021 625 6034 .

393 5813 406 5828 .
463 5759 526 5828 Ῐσθ.
598 5774 644 5804 ’⁸
671 5766 882 5839 θεαταὶ]
920 5765 1010 5820 Sic
1045 5763 1230 5820 Verss.
1264 5759 1529 5834 ἀκροαταί
1563 5760 1622 5814 D.
1659 5760 1721 5814 F.
1790 5759 1839 5792 ῖι
1872 5759 2025 5831 ἀμαχη

393 5845 456 5882 rm
505 5842 624 5882 arma
659 5840 744 5882 hin
771 5837 834 5882 Ε-
908 5837 954 5867 τι
981 5834 1173 5882 τούτω.
1209 5879 1221 5882 _
1263 5873 1278 5882 .
1309 5831 1522 5882 ἐκείνω]
1548 5830 1637 5882 Sic
1659 5833 1758 5882 En.
1788 5833 1939 5882 Ann.
1969 5843 2022 5882 el

2153 5759 2181 5812 '.
2261 5760 2323 5838 "'_
2359 5760 2570 5882 μηδενὶέ
2610 5762 2735 5847 θέω.

2156 5831 2209 5882 d.
2234 5847 2412 5882 τουτο.
2447 5869 2459 5882 .
2494 5870 2506 5882 .
2571 5849 2718 5882 κεινο

342 5845 478 5899 Edd'
505 5842 627 5896 οὔτε
659 5840 744 5896 bis
771 5837 834 5891 E'
866 5830 882 5839 '
908 5837 954 5867 ⁷³
981 5834 1173 5904 τθέθτῳ·
1208 5879 1222 5890 ·
1263 5830 1523 5904 κξῦιείνιμ]
1548 5830 1637 5886 Sic
1659 5833 1758 5904 Ep.
1788 5833 1939 5884 Ann.

2156 5831 2209 5884 d.
2234 5830 2425 5904 τοῦτο.Δ
2447 5869 2462 5904 .
2489 5870 2506 5904 _.

567 5914 611 5942 ⁷⁸
633 5911 726 5966 Sic
752 5907 993 5962 codices.
1025 5900 1160 5958 Edd.
1201 5913 1259 5958 el
1288 5900 1922 5972 γει-δεζξτροστάγματα.
1962 5901 2025 5956 Cf

2153 5915 2255 5970 pra
2303 5916 2373 5972 pi
2408 5900 2509 5954 194
2562 5901 2624 5972 _C.
2670 5901 2790 5956 Mox
2831 5904 3207 5957 ἀναπαύεσθαι
3252 5902 3316 5955 F.

679 5978 760 6047 τῷ
791 5974 1183 6047 ἱερεῖ-(ξειιυιιξΔ
1206 5973 1262 6047 ip
1400 5972 1464 6026 Β.
1499 5970 1562 6047 F_.'
1584 5972 1685 6047 _scd
1735 5972 2252 6047 {cgerunt‘lmerppz

2821 5761 3136 5832 ηδένΕάιίδ
3197 5765 3241 5796 ⁷³
3275 5762 3422 5833 οὐδὲ]
3448 5762 3636 5833 ὥσπερ
3663 5763 3785 5817 οὐδὲ

2571 5835 2718 5903 κεῖνο
2749 5833 2884 5886 Edd.
2907 5833 3123 5888 favente
3153 5833 3290 5903 Ge."
3327 5834 3374 5865 ’⁵
3400 5833 3784 5903 ἐκκλεισθῆναι

3421 5905 3464 5933 τ’
3507 5902 3684 5957 Verba
3719 5906 3784 5956 τὸ

2330 5969 2378 6044 ’(⁸
2416 5970 2981 6044 κεκαθάρισται-Εόά.
3060 5977 3103 6008 ⁷⁸
3137 5972 3224 6044 τά]
3260 5970 3448 6044 σοι
3486 5971 3551 6027 C.
3585 5989 3670 6026 σοι
3711 5991 3777 6028 τα

345 6055 408 6114 Π.
439 6038 650 6124 γέγονε]
685 6038 899 6116 ἐγένετο
928 6041 1066 6100 Edd.
1135 6041 1188 6121 I"
1216 6041 1495 6100 ’ἐνέλειπον
1523 6040 1659 6098 Edd.
1711 6041 1775 6114 f’
1797 6038 1940 6113 ’φησι
1971 6043 2025 6098 de

2153 6038 2210 6097 in?
2241 6038 2376 6096 Edd.
2416 6038 2845 6114 κηρυχθῆσεται]
2880 6045 3005 6099 add.
3041 6045 3168 6116 γὰρ,
3204 6038 3335 6113 φησί
3362 6041 3424 6096 F.
