4038 6364
280 389 378 444 539

279 506 445 566 lisset,
491 494 847 553 cohibendum
874 501 991 547 erat
1017 504 1171 559 Opus.
1214 488 1362 543 Nunc
1388 497 1562 542 autem
1583 487 1730 556 jussa
1757 502 1853 540 na-

279 608 390 648 tura
438 591 601 646 cessit
628 605 747 642 cum
774 603 834 640 ea
880 600 982 656 qua
1028 598 1124 652 par
1151 590 1266 635 erat
1290 579 1590 645 celeritate,
1621 580 1727 632 imo
1757 592 1860 631 ma-

271 688 409 756 jore,
434 698 595 753 quam
624 679 942 748 evangelista
964 672 1307 742 expresserit.
1331 669 1461 724 Nam
1486 669 1618 723 illud
1649 668 1857 733 Statim,

275 783 430 848 longe
460 777 662 830 tardius
688 784 768 827 est
794 813 810 837 ,
856 785 1012 840 quam
1055 767 1232 836 operis
1257 763 1503 818 celeritas
1533 760 1651 815 fuit.
1679 759 1860 829 Neque

275 869 445 924 solum
494 867 646 926 dixit.
691 863 836 925 Volo,
889 859 1170 920 mundare;
1211 855 1305 910 sed
1357 854 1538 917 etiam,
1574 851 1861 905 Extendens

277 980 480 1017 manum
529 957 859 1030 apprehendit
909 970 1021 1008 eum
1056 969 1075 1006 :
1114 949 1256 1020 quod
1300 949 1467 1018 magis
1519 944 1860 1015 inquisitione

275 1057 492 1124 dignum
520 1061 622 1104 est.
663 1051 769 1101 Cur
789 1047 929 1101 enim
980 1043 1252 1096 voluntate
1295 1054 1358 1092 ac
1387 1037 1552 1092 verbo
1580 1048 1772 1089 curans
1799 1035 1860 1086 il-

281 1151 408 1210 lum,
442 1159 630 1198 manus
660 1151 856 1195 tactum
897 1134 1126 1206 adjecit?
1155 1131 1384 1187 Nonalia
1416 1129 1483 1183 de
1506 1142 1689 1190 causa,
1718 1124 1861 1179 arbi-

277 1249 408 1301 tror,
434 1251 595 1305 quam
632 1245 686 1286 ut
717 1231 974 1284 indicaret
1005 1269 1020 1292 ,
1053 1243 1110 1280 se
1137 1240 1248 1278 non
1271 1222 1374 1292 legi
1401 1218 1700 1287 subjectum
1723 1258 1736 1279 ,
1765 1215 1860 1269 sed

276 1344 436 1397 supra
470 1328 638 1396 legem
666 1339 822 1386 esse;
851 1337 914 1376 ac
956 1317 1152 1373 mundo
1194 1315 1446 1381 deinceps
1472 1310 1602 1364 nihil
1628 1311 1860 1362 immun-

273 1424 399 1475 dum
429 1420 562 1474 fore.
610 1417 835 1472 Elisaeus
873 1412 1067 1481 quippe
1096 1409 1194 1476 legi
1244 1407 1582 1474 obsequens,
1621 1400 1864 1456 Nesema-

278 1529 400 1566 num
432 1513 447 1540 ¹
481 1525 550 1564 ne
581 1507 815 1576 respexit
841 1502 1056 1574 quidem
1084 1517 1098 1563 ;
1129 1508 1185 1552 ut
1215 1506 1392 1551 autem
1423 1494 1683 1549 oliensum
1715 1489 1864 1544 audi-

276 1606 369 1669 vit,
425 1601 566 1672 quod
601 1615 706 1653 non
758 1609 1007 1666 egressus
1033 1599 1199 1655 esset,
1233 1603 1333 1644 nec
1380 1601 1439 1642 se
1495 1584 1774 1654 tetigisset,
1808 1589 1866 1633 ut

277 1699 446 1766 legem
475 1700 721 1747 accurate
745 1693 1006 1748 servaret,
1036 1681 1180 1737 domi
1210 1694 1451 1742 manens,
1482 1677 1624 1729 misit
1649 1689 1770 1728 eum
1797 1670 1864 1724 ad

275 1789 588 1852 Jordanem,
639 1793 695 1838 ut
723 1797 843 1837 sese
894 1775 1254 1843 ablueret”.
1288 1771 1416 1842 Reg.
1457 1770 1552 1835 5).
1610 1767 1866 1822 Dominus

279 1904 409 1944 vero
435 1880 733 1940 ostendens
750 1889 808 1930 se
837 1887 942 1926 non
959 1879 1018 1922 ut
1033 1877 1270 1928 servum,
1289 1859 1382 1914 sed
1401 1866 1460 1913 ut
1475 1855 1862 1912 dominumcu-

283 1996 426 2042 rare,
454 1978 618 2032 etiam
640 1967 814 2038 tangit
833 1966 1130 2033 leprosum.
1168 1954 1352 2023 Neque
1381 1951 1525 2006 enim
1558 1964 1752 2003 manus
1769 1964 1864 2016 per

277 2068 484 2137 lepram
520 2058 791 2117 immunda
828 2057 964 2110 facta
1007 2060 1124 2115 est,
1154 2047 1249 2103 sed
1299 2045 1569 2114 leprosum
1603 2051 1798 2108 corpus
1835 2050 1866 2088 a

278 2134 462 2213 sancta
492 2168 653 2208 manu
680 2147 990 2203 mundatum
1015 2151 1116 2197 est.
1149 2138 1263 2193 Non
1293 2134 1435 2190 enim
1462 2144 1686 2200 corpora
1715 2141 1868 2181 cura-

278 2260 427 2303 turus
459 2253 667 2300 tantum
693 2240 1002 2296 advenerat,
1036 2231 1130 2288 sed
1156 2232 1388 2284 animam
1418 2238 1630 2295 quoque
1653 2221 1719 2275 ad
1749 2218 1867 2290 phi-

278 2339 584 2410 losophiam
609 2333 957 2389 deducturus.
998 2328 1146 2382 Sicut
1184 2336 1310 2392 ergo
1336 2333 1440 2372 non
1466 2317 1590 2370 lotis
1615 2311 1864 2367 manibus

279 2408 647 2493 manducare,
692 2441 798 2481 non
844 2422 982 2477 ultra
1027 2415 1354 2488 prohibitum
1391 2425 1512 2466 esse
1549 2408 1697 2473 dicit,
1747 2419 1868 2459 Cum

277 2524 538 2594 optimam
567 2520 709 2573 illam
744 2517 812 2570 de
840 2513 1081 2569 ciborum
1119 2502 1469 2569 indifferentia
1501 2500 1668 2570 legem
1716 2495 1871 2550 indu-

283 2617 354 2670 cit
383 2632 397 2665 :
427 2614 508 2667 sic
538 2620 594 2665 et
613 2610 714 2663 hoc
735 2608 854 2662 loco
881 2604 1008 2675 agit,
1047 2600 1309 2667 docetque
1351 2595 1584 2650 animam
1625 2597 1872 2659 oportere

280 2704 499 2771 curari,
553 2699 885 2768 sublatisque
938 2692 1175 2749 externis
1211 2688 1317 2743 illis
1374 2679 1864 2755 puriﬁcationibus,

279 2798 426 2851 illam
459 2809 585 2849 esse
635 2785 1040 2858 abstergendam
1063 2824 1079 2848 ,
1122 2780 1394 2850 ipsiusque
1433 2785 1637 2830 tantum
1668 2771 1872 2842 lepram

280 2904 403 2944 esse
449 2884 764 2945 timendam,
819 2893 939 2950 qua:
981 2885 1065 2932 est
1106 2883 1379 2943 peccatum
1429 2868 1573 2940 (nam
1605 2866 1871 2934 leprosum

279 2997 402 3037 esse
425 2980 627 3035 nullum
641 2975 706 3030 ad
720 2975 944 3029 salutem
966 2967 1405 3040 impedimentum
1427 2961 1640 3030 aliert);
1671 2959 1875 3030 primus
1922 3004 1930 3012 .

282 3076 397 3143 ipse
455 3072 724 3140 leprosum
768 3064 968 3134 tangit,
1020 3070 1075 3115 et
1103 3074 1259 3112 nemo
1307 3055 1640 3111 criminatur.
1689 3049 1874 3119 Neque

281 3169 426 3219 enim
449 3169 758 3229 corruptum
784 3165 901 3211 erat
930 3150 1182 3213 tribunal,
1215 3162 1387 3217 neque
1414 3143 1610 3199 invidia
1635 3139 1871 3209 correpti

283 3263 616 3326 spectatores
641 3253 662 3282 ³
690 3255 860 3302 erant.
909 3245 1137 3312 Ideoque
1182 3255 1287 3294 non
1333 3236 1492 3292 modo
1530 3249 1634 3288 non
1677 3232 1878 3286 calum-

285 3325 415 3403 niati
443 3355 588 3406 sunt,
621 3341 714 3396 sed
756 3348 974 3407 stupore
1016 3332 1243 3404 perculsi
1279 3330 1346 3384 de
1377 3325 1656 3390 miraculo,
1687 3336 1873 3379 cesse-

286 3449 432 3504 runt,
465 3453 531 3490 ex
559 3433 715 3487 dictis
751 3440 804 3485 et
834 3428 986 3483 factis
1016 3425 1265 3479 invictam
1295 3421 1412 3488 ejus
1455 3417 1744 3488 potentiam
1776 3413 1872 3468 ad-

285 3539 529 3585 orantes.
555 3525 688 3581 Cum
713 3536 908 3592 corpus
951 3533 1078 3588 ergo
1106 3521 1381 3577 curasset,
1415 3509 1664 3581 prxcepit
1687 3508 1784 3570 μί.
1818 3515 1874 3560 ιιι

287 3622 492 3679 nemini
524 3621 748 3683 diceret,
781 3615 874 3670 sed
909 3611 1218 3669 ostenderet
1257 3624 1316 3662 se
1346 3603 1614 3660 sacerdoti
1643 3644 1659 3668 ,
1682 3610 1738 3656 et
1761 3617 1875 3655 mu-

289 3733 392 3773 nus
435 3714 675 3779 oll'erret,
729 3709 876 3777 Quod
905 3704 1141 3777 praecepit
1171 3701 1398 3772 Moyses,
1447 3699 1500 3752 in
1541 3694 1880 3750 testimonium

287 3811 414 3864 illis.
443 3805 670 3875 Quidam
688 3803 890 3866 dicunt,
920 3799 1039 3852 ideo
1070 3796 1215 3850 illum
1247 3789 1567 3863 praecepisse
1594 3798 1652 3842 ut
1681 3786 1881 3842 nemini

294 3903 539 3964 diceret,
573 3911 641 3952 ne
671 3894 899 3962 maligne
927 3897 1148 3960 agerent
1190 3888 1332 3941 circa
1364 3880 1728 3938 mundationis
1752 3893 1879 3933 exa-

293 4009 455 4057 men;
503 3989 599 4045 sed
656 3988 771 4042 haec
819 3983 1128 4052 insipienter
1182 3975 1469 4033 admodum
1524 3972 1879 4040 suspicantur.

291 4086 479 4153 Neque
499 4082 642 4136 enim
672 4080 742 4132 ita
765 4074 1058 4135 inundavit,
1083 4081 1141 4125 ut
1160 4069 1352 4139 aliquis
1377 4073 1618 4120 maneret
1638 4064 1704 4117 de
1721 4077 1882 4115 mun-

290 4179 512 4232 datione
555 4170 828 4228 dubitandi
868 4168 1018 4221 locus
1047 4182 1059 4218 :
1093 4162 1187 4218 sed
1239 4159 1443 4215 nemini
1490 4158 1666 4212 dicere
1709 4157 1881 4224 jubet,

292 4274 497 4326 docens
519 4277 578 4322 ut
605 4282 634 4320 a
663 4265 797 4318 l'astu
819 4272 873 4318 et
901 4259 1189 4314 ambitione
1210 4255 1560 4310 abstineatur.
1593 4252 1750 4306 Certe
1777 4263 1882 4303 no.

293 4373 446 4418 verat
474 4361 584 4425 ille,
615 4359 789 4428 ipsum
811 4371 920 4409 non
950 4368 1070 4407 esse
1102 4349 1409 4412 taciturum,
1451 4346 1544 4401 sed
1576 4343 1884 4400 benefacto-

296 4472 410 4511 rcm
451 4469 573 4507 esse
602 4449 994 4505 celebraturum
1023 4462 1036 4498 :
1063 4452 1299 4496 attamen
1329 4438 1468 4509 quod
1499 4451 1661 4506 penes
1689 4450 1746 4488 se
1771 4442 1887 4487 erat

297 4550 441 4604 fecit.
469 4546 580 4599 Cur
606 4557 774 4610 ergo,
809 4538 1035 4608 inquies,
1073 4534 1194 4588 alibi
1235 4531 1505 4601 publicare
1545 4525 1745 4597 jussit?
1769 4524 1886 4579 Non

296 4656 482 4698 secum
515 4647 775 4709 pugnans,
809 4644 982 4700 neque
1007 4626 1270 4682 contraria
1295 4622 1509 4692 jubens,
1537 4618 1632 4673 sed
1652 4625 1711 4683 pt
1730 4615 1890 4670 doce-

301 4706 589 4801 retgratos
615 4740 736 4781 esse
771 4731 1041 4791 Oportere.
1069 4717 1253 4786 Neque
1280 4713 1422 4768 enim
1453 4711 1524 4764 ibi
1550 4706 1802 4778 praecepit
1830 4714 1889 4760 ut

299 4842 358 4880 se
383 4797 741 4878 celebrarent,
773 4819 868 4870 sed
893 4821 952 4866 ut
976 4809 1164 4865 darent
1188 4805 1413 4876 gloriam
1449 4802 1556 4856 Deo
1584 4817 1599 4853 :
1627 4814 1724 4870 per
1745 4797 1890 4852 hunc

302 4914 518 4984 quidem
551 4909 821 4979 leprosum
842 4903 1042 4958 ducens
1071 4914 1167 4953 nos
1195 4939 1208 4961 ,
1237 4905 1293 4950 ut
1321 4895 1436 4948 sine
1463 4892 1597 4946 fastu
1627 4890 1794 4944 simus
1838 4895 1894 4942 et

300 4979 494 5060 vanam
524 5000 746 5070 gloriam
776 4994 1035 5064 fugiamus
1060 5006 1075 5056 ;
1111 5003 1203 5058 per
1233 4987 1383 5041 illum
1410 4998 1561 5049 vero,
1599 4989 1655 5034 ut
1681 4979 1813 5049 grati
1839 4986 1894 5032 et

302 5069 697 5150 beneﬁciorum
723 5098 990 5141 memores
1022 5100 1034 5135 :
1063 5091 1224 5149 atque
1251 5091 1348 5131 nos
1384 5075 1668 5129 instituens
1698 5069 1893 5139 ubique

303 5197 362 5240 ut
413 5183 625 5238 laudem
661 5177 886 5232 Domino
911 5172 1229 5228 referamus.
1256 5167 1390 5234 Quia
1430 5164 1572 5220 enim
1623 5160 1889 5225 homines,

305 5289 363 5331 ut
390 5276 700 5347 plurimum,
730 5283 862 5323 cum.
880 5264 1066 5320 morbo
1096 5262 1363 5324 laborant,
1395 5257 1488 5312 Dei
1517 5254 1889 5316 recordantur,

307 5345 497 5423 morbo
518 5374 696 5418 autem
723 5358 946 5430 depulso
968 5398 982 5422 ,
1015 5353 1288 5425 segniores
1317 5348 1547 5405 evadunt
1587 5363 1599 5400 :
1626 5345 1816 5414 jubens
1842 5351 1896 5398 et

308 5475 481 5531 a‘gros
511 5473 566 5511 et
606 5467 772 5508 sanos
795 5450 1008 5504 assidue
1052 5449 1104 5499 in
1134 5452 1312 5498 mente
1362 5437 1642 5494 Dominum
1675 5435 1890 5498 habere,

309 5553 440 5610 dicit
470 5569 484 5606 :
513 5549 597 5604 Da
621 5547 836 5621 gloriam
863 5542 970 5597 Deo
991 5539 1169 5614 (Joan.
1200 5538 1253 5593 9.
1283 5535 1354 5591 24
1374 5538 1415 5606 ).

382 5821 396 5852 ί
431 5825 572 5868 Juxta
590 5809 992 5872 alioslegeudum
1023 5808 1174 5864 esset,
1196 5807 1498 5852 Numanum.

380 5886 406 5916 ²
429 5882 603 5944 Savil.,
622 5871 888 5927 auditores.

1230 374 1293 428 IN
1331 372 1732 429 MATTIUEUM
1764 369 1993 428 IIOMIL.
2034 371 2199 428 XXV.
2240 375 2310 428 al.
2351 372 2540 428 XXVI.

3442 378 3546 436 530

2038 486 2267 540 Christus
2295 487 2444 540 modo
2471 487 2627 558 legem
2647 484 2894 552 servabat,
2912 485 3065 541 modo
3084 502 3185 542 non
3210 489 3457 546 servabat.
3475 523 3542 534 -

1964 579 2071 633 Cur
2109 589 2285 633 autem
2322 581 2575 650 prmcepit
2615 589 2672 634 ut
2715 579 3022 635 ostenderet
3057 595 3118 636 se
3147 582 3430 637 sacerdoti.

1964 671 2163 726 donum
2191 671 2410 728 oiierret
2430 675 2452 727 ?
2475 673 2542 728 Ut
2561 673 2647 728 hic
2677 673 2846 742 legem
2875 673 3141 744 impleret.
3188 672 3358 746 Nequi

1967 764 2162 834 ubique
2192 765 2436 820 solvebat
2461 766 2628 831 illam,
2677 774 2732 818 ut
2767 780 2864 820 nec
2893 780 3106 835 semper
3135 768 3336 820 servab'

1965 856 2126 910 modo
2147 856 2297 921 illud,
2320 858 2479 912 modo
2508 857 2648 911 aliud
2677 875 2688 910 :
2716 857 2866 922 illud,
2896 867 2953 911 ut
2977 856 3318 928 futurae-phili

1966 948 2104 1001 viam
2137 959 2380 1017 pararet;
2421 949 2582 1014 istud,
2623 960 2678 1003 ut
2709 948 3068 1019 impudentem
3098 949 3310 1005 interim
3337 959 3548 1006 sudato-

1967 1056 2083 1094 rum
2107 1041 2338 1109 linguam
2359 1050 2656 1106 coerceret,
2684 1050 2739 1095 et
2762 1040 2828 1095 ad
2860 1041 3069 1095 illorum
3113 1041 3470 1097 infirmitatem
3491 1060 3548 1100 se

1966 1132 2294 1187 demitteret.
2327 1133 2526 1203 Ecquid
2555 1133 2766 1187 miraris
2789 1173 2804 1197 ,
2834 1132 2878 1186 si
2909 1132 2962 1186 in
2988 1133 3246 1202 principio
3276 1135 3326 1189 id
3356 1137 3546 1205 egerit.

1966 1225 2252 1296 quando-et
2272 1227 2496 1294 apostoli
2527 1236 2807 1296 postquam
2834 1225 2968 1293 jussi
3005 1235 3129 1280 sunt
3152 1226 3218 1281 ad
3245 1237 3428 1296 gentes
3451 1230 3549 1282 mi-

1966 1332 2140 1386 grare,
2171 1326 2224 1371 et
2257 1325 2437 1386 portas
2485 1317 2694 1384 aperire
2722 1316 2787 1369 ad
2822 1315 3116 1370 doctrinam
3146 1331 3240 1385 per
3270 1324 3436 1371 totum
3464 1333 3549 1370 or-

1967 1417 2092 1472 bem
2146 1411 2545 1484 spargendam,
2593 1408 2762 1478 legem
2817 1407 3144 1472 excludere,
3193 1421 3332 1460 nova
3389 1406 3545 1460 insti-

1967 1518 2141 1571 tuere,
2167 1514 2343 1558 vetera
2373 1503 2640 1571 abrogare
2661 1501 2880 1560 omnla;
2905 1502 3066 1558 modo
3095 1499 3266 1570 legem
3297 1509 3538 1560 servare,

1970 1592 2129 1648 modo
2158 1591 2300 1644 illam
2331 1587 2623 1656 transgredi
2645 1583 3142 1655 deprehenduntur.
3174 1585 3242 1639 Et
3259 1581 3388 1654 quid
3425 1580 3545 1643 hoc,

1972 1688 2218 1757 inquies,
2269 1685 2335 1738 ad
2387 1684 2519 1753 legis
2567 1681 2860 1736 custodiam
2913 1678 3140 1742 confert,
3190 1674 3332 1744 quod
3386 1674 3548 1737 dicat,

1973 1778 2193 1833 Ostende
2241 1787 2288 1830 te
2329 1775 2574 1829 sacerdoti
2615 1772 2758 1845 (Leti.
2791 1771 2918 1839 M)?
2946 1768 3060 1823 Non
3099 1782 3284 1836 parum
3323 1764 3550 1821 eonlevt.

1973 1872 2101 1924 Erat
2124 1869 2319 1939 quippe
2346 1867 2426 1922 lex
2458 1875 2628 1930 vetns,
2673 1872 2730 1918 ut
2755 1863 2997 1933 lcprosus
3021 1859 3307 1913 mundatus
3335 1872 3410 1912 ne
3448 1856 3550 1910 sibi

1972 1961 2263 2033 probandae
2308 1959 2664 2014 mundationis
2710 1956 3080 2011 auctoritatem
3127 1961 3434 2019 arrogaret;
3461 1948 3554 2003 sed

1971 2071 2031 2111 se
2055 2052 2362 2109 ostenderet
2387 2047 2650 2105 sacerdoti
2676 2090 2690 2114 ,
2720 2047 2993 2117 ipsiusque
3037 2043 3112 2098 rei
3144 2039 3558 2096 demonstratio-

1974 2163 2094 2202 nem
2123 2145 2383 2216 praeberet
2409 2182 2423 2208 ,
2457 2150 2515 2195 ut
2551 2140 2718 2210 ipsius
2764 2137 2968 2192 calculo
3000 2133 3212 2189 mundis
3238 2145 3556 2186 annumera-

1974 2250 2141 2294 retur.
2169 2235 2282 2291 Nisi
2325 2234 2468 2292 enim
2497 2231 2748 2288 sacerdos
2785 2228 3026 2295 dixisset,
3059 2226 3368 2281 mundatum
3396 2222 3559 2277 fuisse

1975 2332 2266 2401 leprosum,
2305 2328 2350 2382 is
2382 2341 2505 2382 cum
2544 2321 2830 2380 immundis
2869 2329 3021 2375 extra
3051 2328 3224 2373 castra
3254 2315 3560 2371 mansisset.

1977 2425 2100 2478 Ideo
2131 2422 2243 2488 ait,
2292 2419 2512 2474 Ostende
2552 2427 2597 2469 te
2625 2413 2905 2476 sacerdoti,
2935 2420 2981 2465 et
3019 2408 3148 2477 offer
3173 2409 3362 2462 donum
3383 2447 3397 2470 ,
3428 2404 3560 2475 quod

1976 2513 2213 2584 pracepit
2243 2510 2466 2580 Moyses.
2495 2507 2609 2562 Non
2650 2505 2803 2571 dixit,
2849 2502 3001 2572 Quod
3027 2500 3257 2572 prlecepi
3301 2513 3434 2568 ego;
3467 2500 3560 2550 sed

1978 2605 2188 2660 interim
2232 2601 2298 2655 ad
2340 2602 2510 2670 legem
2543 2598 2786 2661 remittit,
2839 2603 2898 2650 ut
2939 2592 3171 2663 undique
3219 2605 3281 2645 os
3327 2590 3562 2660 ipsorum

1977 2697 2208 2752 claudat.
2256 2693 2333 2749 Ne
2379 2693 2622 2747 dicerent
2663 2690 2842 2752 enim,
2873 2687 3049 2756 ipsum
3097 2683 3201 2739 sibi
3227 2679 3564 2736 sacerdotum

1981 2788 2241 2843 honorem
2283 2785 2546 2853 rapuisse,
2595 2795 2729 2850 opus
2759 2782 2873 2849 ipse
2903 2775 3166 2846 implevit,
3196 2773 3564 2845 probationem

1980 2883 2110 2953 ipsis
2140 2880 2362 2942 remisit,
2414 2885 2470 2932 et
2513 2876 2632 2931 illos
2681 2872 3056 2928 miraculorum
3102 2883 3318 2923 suorum
3362 2865 3566 2936 judices

1980 2972 2276 3029 constituit.
2307 2970 2537 3025 Tantum
2567 2966 2739 3029 abest,
2771 2965 2963 3034 inquit,
2994 2970 3054 3016 ut
3077 2974 3305 3030 pugnem
3337 2957 3418 3012 vel
3445 2971 3567 3011 cum

1982 3069 2185 3140 Moyse,
2212 3067 2296 3122 vel
2320 3081 2440 3123 cum
2468 3061 2857 3137 sacerdotibus,
2880 3070 2940 3114 ut
2967 3073 3082 3123 eos,
3113 3057 3202 3127 qui
3232 3071 3262 3109 a
3291 3071 3377 3110 me
3408 3055 3570 3110 bene.

1985 3161 2110 3216 ﬁcio
2132 3159 2305 3215 aliecti
2334 3165 2496 3222 sunt,
2527 3156 2755 3220 mittam,
2781 3151 2871 3224 qui
2904 3151 3006 3204 illis
3035 3149 3424 3218 obtemperent.

2057 3253 2111 3308 5.
2144 3250 2282 3319 Quid
2325 3262 2487 3320 porro
2529 3245 2659 3301 illud
2687 3253 2808 3310 est,
2841 3241 2909 3296 In
2953 3239 3290 3295 testimonium
3335 3237 3481 3291 illis?
3507 3237 3562 3290 lu

1984 3344 2437 3415 redargutionem,
2483 3340 2534 3394 in
2574 3335 2991 3400 accusationem,
3035 3331 3081 3386 si
3136 3346 3240 3385 non
3298 3329 3462 3398 probe
3513 3342 3571 3382 se

1985 3439 2266 3510 gesserint.
2297 3436 2430 3503 Quia
2459 3432 2603 3488 enim
2624 3430 2893 3494 dicebant,
2921 3426 2993 3482 Ut
3017 3425 3355 3480 seductorem
3387 3431 3441 3477 et
3470 3420 3568 3476 de-

1986 3542 2258 3600 ceptorem
2287 3525 2658 3597 persequimur
2679 3561 2694 3584 ,
2726 3530 2785 3575 ut
2812 3519 2924 3574 Deo
2953 3515 3322 3572 adversarium
3351 3523 3405 3568 et
3432 3513 3566 3582 legis

1987 3633 2439 3692 transgressorem
2464 3634 2476 3670 :
2503 3615 2584 3670 Tu
2613 3612 2766 3678 mihi,
2788 3609 2980 3680 inquit,
3005 3607 3158 3663 testis
3183 3607 3290 3663 eris
3317 3605 3408 3660 illo
3438 3613 3573 3658 tern-

1989 3730 2140 3786 pore,
2165 3728 2250 3766 me
2278 3726 2385 3765 non
2413 3722 2535 3763 esse
2569 3705 2703 3774 legis
2743 3711 3194 3772 transgressorem
3226 3715 3239 3751 :
3273 3711 3394 3750 nam
3423 3704 3572 3764 post-

1988 3820 2146 3876 quam
2179 3812 2229 3858 te
2257 3799 2461 3865 curavi,
2497 3809 2550 3853 te
2569 3795 2639 3851 ad
2667 3795 2839 3865 legem
2868 3790 3106 3854 remitto,
3129 3798 3286 3859 atque
3306 3787 3371 3840 ad
3392 3799 3572 3840 sacer-

1988 3899 2170 3952 dotum
2198 3892 2570 3965 probationem
2592 3905 2607 3954 ;
2628 3885 2681 3941 id
2722 3883 2868 3956 quod
2895 3891 3012 3938 erat
3039 3880 3264 3936 colentis
3299 3879 3489 3948 legem,
3518 3885 3575 3928 et

1988 3991 2221 4062 Moysem
2245 3982 2577 4048 honorantis,
2614 3993 2714 4035 nec
2739 3976 2973 4046 antiquis
3013 3971 3346 4043 dogmatibus
3375 3969 3567 4022 adver-

1989 4060 2176 4138 santis.
2205 4077 2356 4147 Quod
2399 4076 2445 4131 si
2491 4072 2622 4128 nihil
2652 4071 2776 4125 inde
2819 4066 2951 4125 lucri
2980 4065 3260 4135 percipere
3283 4060 3574 4124 debebant,

1989 4176 2117 4232 hinc
2172 4163 2411 4228 maxime
2464 4176 2642 4222 tamen
2703 4161 2878 4216 discas
2925 4164 3154 4228 quantus
3205 4167 3369 4223 penes
3425 4150 3581 4204 illum

1989 4269 2060 4322 sit
2084 4267 2213 4337 legis
2240 4263 2413 4316 honor
2439 4299 2454 4326 ,
2481 4257 2604 4327 quia
2649 4269 2769 4310 cum
2819 4249 3093 4322 praesciret
3131 4246 3252 4301 illos
3281 4242 3416 4297 nihil.
3450 4241 3576 4295 inde

1992 4360 2196 4415 fructus
2221 4361 2572 4424 percepturos
2603 4361 2722 4402 esse
2742 4386 2757 4411 ,
2790 4352 2967 4397 tamen
2999 4353 3119 4409 quae
3146 4350 3313 4407 penes
3338 4349 3396 4388 se
3423 4341 3578 4387 erant

1991 4454 2168 4509 omnia
2191 4447 2468 4518 implebat.
2500 4443 2632 4497 Nam
2675 4440 2779 4494 hoc
2805 4438 2977 4504 ipsum
3011 4430 3328 4504 praesciebat
3355 4435 3410 4482 et
3435 4441 3576 4497 prae-

1992 4547 2222 4603 dicebat.
2251 4541 2434 4609 Neque
2476 4534 2619 4590 enim
2656 4530 2869 4586 dicebat
2892 4568 2906 4593 ,
2939 4526 2998 4581 ln
3023 4521 3452 4580 emendationem
3487 4532 3582 4574 eo-

1993 4653 2134 4703 rum,
2164 4647 2356 4702 neque,
2388 4630 2446 4684 in
2490 4624 2789 4681 doctrinam
2839 4633 3026 4674 eorum
3053 4632 3068 4680 ;
3114 4613 3232 4681 sed,
3262 4611 3329 4666 In
3357 4611 3581 4665 testimo-

1994 4702 2138 4784 nium
2161 4725 2284 4784 illis,
2313 4721 2364 4776 id
2392 4728 2494 4785 est,
2531 4716 2589 4771 in
2618 4711 3040 4771 accusationem,
3069 4705 3123 4760 in
3159 4702 3580 4759 confutationcm

1995 4833 2048 4878 et
2080 4822 2133 4875 in
2162 4813 2550 4877 testimonium,
2587 4805 2730 4878 quod
2757 4804 2905 4860 tibia
2951 4815 3039 4856 me
3078 4797 3256 4853 omnia
3291 4797 3426 4851 facta
3453 4796 3580 4850 sint.

1996 4916 2130 4971 Cum
2161 4908 2465 4980 praescirem
2504 4915 2598 4956 cos
2624 4898 2744 4954 sine
2767 4892 3144 4951 emendatione
3173 4902 3479 4952 mansuros,
3513 4900 3583 4940 ne

1997 5009 2077 5063 sic
2103 4977 2318 5075 quidem
2347 5013 2466 5069 qua:
2495 4996 2670 5048 facere
2716 4987 3001 5059 oportebat
3043 4982 3198 5038 omisi
3223 4997 3238 5048 ;
3267 4980 3342 5035 illi
3371 4992 3498 5034 vero
3526 4977 3582 5031 in

1999 5069 2199 5157 mali-tia
2226 5109 2321 5150 sua
2343 5089 2712 5162 perstiterunt.
2743 5082 2856 5136 lloc
2880 5088 2934 5135 et
2954 5077 3080 5132 alibi
3110 5075 3305 5130 dicitur
3336 5089 3350 5125 :
3375 5069 3583 5124 Praedi-

2000 5192 2194 5247 cabitur
2217 5187 2310 5239 hoc
2350 5180 2663 5251 evangelium
2686 5176 2740 5228 in
2783 5173 3016 5227 universo
3043 5166 3251 5230 mundo,
3279 5165 3331 5217 in
3355 5162 3580 5216 testimo-

2001 5285 2142 5339 nium
2171 5276 2400 5333 omnibus
2432 5271 2681 5344 gentibus,
2709 5275 2754 5320 et
2776 5276 2895 5318 tunc
2922 5262 3082 5316 veniet
3102 5259 3219 5328 ﬁnis
3248 5254 3459 5327 (Matth.
3490 5253 3582 5308 24.

2003 5376 2092 5445 14)
2119 5393 2132 5428 :
2163 5369 2408 5442 gentibus
2435 5364 2658 5426 scilicet,
2692 5374 2796 5413 non
2820 5352 3213 5418 obedientibus,
3244 5361 3349 5404 non
3378 5347 3588 5402 obtem-

2004 5437 2332 5540 perantibus.
2355 5458 2434 5514 Ne
2455 5456 2573 5526 quis
2590 5453 2729 5508 enim
2755 5450 2980 5511 diceret,
2999 5446 3105 5500 Cur
3121 5442 3368 5498 omnibus
3390 5437 3588 5510 βιωᾶέ-

2004 5578 2117 5627 cas,
2139 5572 2260 5613 cum
2292 5569 2397 5608 non
2439 5562 2630 5603 omnes
2657 5541 2910 5600 credituri
2941 5537 3087 5594 sint?
3114 5535 3185 5591 Ut
3228 5535 3407 5588 omnia
3439 5545 3577 5597 mea,

2005 5655 2100 5717 ait,
2123 5647 2436 5722 praestitisse
2472 5640 2677 5701 videar,
2717 5644 2774 5689 et
2815 5646 2973 5688 nemo
2999 5644 3086 5684 me
3131 5637 3314 5698 pOSIea
3345 5624 3593 5679 incusare

2009 5711 2200 5817 possit,
2223 5736 2365 5810 quod
2391 5749 2496 5790 non
2523 5727 2772 5785 audierit.
2811 5723 2945 5778 Nam
2969 5721 3083 5790 ipsa
3107 5715 3417 5788 praedicatio
3440 5711 3590 5767 testi-

2018 5801 2256 5893 inoniqu
2285 5838 2468 5887 contra
2505 5824 2638 5881 feret
2675 5839 2688 5875 :
2735 5832 2832 5874 nec
2867 5820 3120 5888 poterunt
3166 5817 3347 5883 postea
3390 5801 3598 5870 dicere,
