4038 6364
455 364 553 420 551

461 487 576 544 Non
615 479 914 536 audivimus
945 494 960 531 :
1006 491 1129 532 nam
1171 489 1349 530 sermo
1390 473 1600 543 pietatis
1639 471 1690 526 in
1726 469 1856 525 ﬁnes
1885 470 2031 524 orbis

459 590 619 647 teme
639 585 950 645 progressus
972 578 1055 624 est
1079 566 1253 637 (Psal.
1275 568 1360 621 l8.
1383 566 1462 636 5).

535 665 744 720 lim-alis
770 662 1078 719 exhortatio.
1109 659 1350 728 Beneﬁcii
1395 656 1643 719 custodia,
1672 666 1748 709 est
1775 656 1884 724 ejus
1925 669 2032 705 me-

755 754 996 811 charistia
1043 769 1133 806 cur
1179 753 1251 804 sic
1292 749 1592 819 appelletur.
1623 775 1695 786 ——
1723 745 1845 800 Ilmc
1875 745 2035 813 igitur

599 915 614 921 _
766 863 793 902 e
821 845 1116 914 cOgitantes
1139 883 1155 909 ,
1187 857 1305 912 quae
1333 849 1512 894 nostra
1553 849 1678 892 sunt
1701 837 1878 892 omnia
1909 851 2033 905 erga

456 941 754 1013 proximum
802 936 1119 1006 impleamus
1143 976 1158 997 ,
1193 935 1406 1000 Deoque
1431 946 1648 999 semper
1688 930 1888 1000 gratias
1911 943 2038 998 aga-

451 1047 590 1088 mus.
611 1029 822 1085 Etenim
849 1025 1138 1082 absurdum
1169 1031 1332 1084 esset.
1373 1037 1492 1076 cum
1535 1022 1770 1092 quotidie
1796 1021 1909 1090 ejus
1939 1020 2033 1074 be-

459 1123 663 1178 neﬁciis
694 1121 952 1184 fruamur,
986 1133 1056 1172 ne
1079 1117 1242 1171 verbo
1271 1114 1486 1185 quidem
1513 1114 1630 1182 ejus
1649 1113 1876 1182 gratiam
1904 1125 2032 1165 eon-
2059 1142 2064 1145 -

454 1216 612 1280 fitcri,
645 1229 765 1268 cum
791 1212 1020 1266 maxime
1045 1208 1314 1264 confessio
1345 1207 1433 1261 illa
1486 1222 1682 1264 novam
1740 1204 1897 1258 nobis
1927 1204 2032 1257 uti-

449 1307 651 1360 litatem
681 1303 868 1358 afferat
895 1305 934 1356 ⁸.
974 1301 1155 1371 Neque
1184 1301 1324 1354 enim
1355 1298 1443 1352 ille
1469 1297 1630 1352 rebus
1657 1306 1778 1366 eget
1808 1295 2028 1361 nostris,

451 1399 546 1453 sed
574 1412 671 1451 nos
701 1395 816 1464 ejus
837 1394 1027 1464 opibus
1051 1407 1288 1463 egemus.
1317 1390 1450 1445 Nam
1471 1391 1761 1460 gratiarum
1785 1386 1926 1442 actio
1953 1386 2033 1440 illi

453 1489 666 1560 quidem
709 1486 841 1543 nihil
882 1485 1093 1555 adjicit,
1137 1483 1231 1538 sed
1263 1496 1358 1536 nos
1393 1482 1492 1550 ipsi
1536 1480 1704 1548 magis
1743 1477 2032 1533 familiares

449 1582 592 1635 facit.
643 1579 774 1634 Nam
828 1577 873 1632 si
916 1575 1187 1630 hominum
1232 1571 1487 1628 beneﬁcia
1531 1571 1582 1625 in
1615 1579 1848 1625 mentem
1878 1583 2031 1623 revo-

448 1687 650 1736 cemus,
685 1670 854 1739 magis
874 1683 1058 1724 eorum
1080 1680 1262 1719 amore
1287 1662 1660 1742 succendimur
1684 1679 1695 1712 :
1722 1661 1890 1714 multo
1917 1675 2030 1713 ma-

445 1766 528 1836 gis
571 1765 616 1820 si
648 1763 856 1816 Domini
895 1775 1020 1832 erga
1061 1774 1158 1814 nos
1204 1756 1459 1813 beneﬁcia
1485 1755 1696 1810 assidue
1743 1755 1795 1808 in
1852 1764 2031 1808 mente

445 1870 756 1917 versemus,
803 1853 870 1908 ad
910 1851 1026 1922 ejus
1064 1850 1312 1906 mandata
1360 1847 1624 1903 servanda
1675 1846 2028 1901 studiosiores

443 1951 662 2002 erimus.
695 1946 818 2000 Ideo
844 1945 1041 1999 Paulus
1069 1941 1283 1997 dicebat
1314 1957 1328 1994 :
1358 1939 1500 1994 Grati
1530 1948 1685 1992 estote
1714 1935 1934 2004 (Coloss.
1969 1937 2022 1990 5.

446 2039 514 2093 15
533 2043 574 2108 ).
603 2035 852 2092 Beneficii
877 2035 1020 2090 enim
1043 2033 1242 2103 optima
1261 2031 1502 2086 custodia
1531 2039 1614 2083 est
1635 2027 1878 2083 beneficii
1913 2042 2027 2080 me-

445 2132 630 2193 moria,
661 2137 717 2183 et
742 2128 951 2182 assidua
989 2127 1276 2196 gratiarum
1306 2123 1466 2177 actio.
1496 2121 1727 2191 Ideoque
1759 2119 2027 2174 horrenda

443 2224 532 2276 illa
559 2221 833 2291 mysteria,
867 2229 972 2272 tam
1004 2216 1255 2271 salutaria
1288 2229 1407 2284 quae
1436 2213 1488 2266 in
1526 2213 1752 2282 singulis
1787 2211 2028 2266 collectis

443 2312 802 2375 celebramus,
829 2307 1164 2363 Eucharistia
1199 2305 1554 2375 appellantur.
1584 2304 1710 2374 quia
1733 2301 2026 2357 beneﬁcio-

445 2419 560 2456 rum
593 2402 882 2456 multorum
911 2397 1351 2453 commemoratio
1381 2404 1526 2462 sunt,
1559 2406 1823 2464 caputque
1852 2395 2024 2462 ipsum

441 2497 634 2550 divina:
691 2492 1038 2564 providentia:
1083 2489 1418 2554 ostendunt,
1455 2503 1659 2556 nosque
1705 2503 1803 2558 per
1848 2488 2026 2541 omnia

441 2594 700 2655 app-arant
741 2583 808 2637 ad
844 2582 1044 2653 gratias
1069 2579 1326 2650 agendas.
1358 2579 1489 2633 Nam
1523 2581 1568 2633 si
1599 2594 1661 2632 ex
1697 2579 1902 2648 virgine
1931 2593 2026 2632 na-

441 2679 518 2733 sci
565 2691 814 2744 magunum
859 2682 943 2729 est
982 2672 1332 2736 miraculum,
1373 2685 1439 2724 ac
1480 2679 1698 2738 stupore
1751 2669 2026 2738 perculsus

440 2767 766 2837 evangelista
812 2765 1056 2827 dicebat,
1113 2762 1227 2816 Hoc
1280 2774 1448 2815 autem
1507 2771 1666 2814 totum
1713 2765 1902 2831 factum
1952 2769 2026 2814 est

443 2861 655 2929 (Mauh.
687 2862 741 2914 I.
770 2857 880 2928 22)
906 2877 919 2913 :
950 2856 1212 2912 immolari
1245 2871 1340 2926 pro
1369 2856 1520 2909 nobis
1552 2855 1601 2908 in
1637 2870 1762 2923 quo,
1803 2868 2021 2922 quaeso,

440 2963 737 3007 statuemus
764 2950 922 3005 loco?
965 2949 1096 3003 Nam
1130 2949 1174 3002 si
1212 2946 1358 3000 nasci
1391 2945 1575 2998 Telum
1617 2955 1872 3008 vocatur,
1903 2959 2026 2998 cru-

438 3043 574 3113 ciligi
614 3083 630 3107 ,
656 3053 710 3096 et
734 3038 1044 3110 sanguinem
1079 3052 1172 3107 pro
1201 3037 1354 3091 nobis
1386 3034 1682 3100 effundere,
1708 3050 1770 3088 ac
1789 3035 2025 3104 scipsum

439 3135 566 3189 dare
610 3134 662 3186 in
683 3133 862 3188 cibum
890 3141 944 3185 et
984 3129 1290 3184 convivium
1326 3127 1622 3196 spirituale,
1653 3142 1758 3195 quo
1807 3126 2026 3182 nomine

437 3223 846 3294 appellandum?
875 3221 1085 3277 Gratias
1111 3235 1239 3289 ergo
1264 3219 1341 3274 illi
1386 3218 1601 3273 assidue
1637 3233 1892 3286 agamus;
1923 3218 2025 3272 hoc

439 3317 705 3386 praecedat
754 3326 810 3370 et
847 3315 1008 3370 verba
1057 3325 1110 3370 et
1137 3328 1301 3382 opera
1351 3323 1555 3367 nostra.
1602 3311 1814 3367 Gratias
1842 3322 2021 3366 autem

437 3424 656 3479 agamus
681 3425 786 3464 non
831 3424 926 3478 pro
955 3407 1152 3462 nostris
1179 3415 1405 3468 tantum,
1450 3406 1542 3459 sed
1574 3407 1732 3459 etiam
1766 3420 1862 3474 pro
1889 3405 2021 3459 alie-

439 3503 521 3555 nis
567 3500 758 3562 bonis;
804 3500 874 3553 ita
902 3499 1044 3553 enim
1075 3509 1130 3552 et
1177 3496 1428 3551 invidiam
1477 3496 1664 3550 tollere
1709 3496 2020 3564 poterimus,

437 3592 817 3659 carimtemque
859 3591 1060 3654 fovere,
1108 3587 1564 3656 sincerioremque
1610 3585 1804 3640 facere.
1842 3585 2024 3656 Neque

437 3686 579 3737 enim
605 3685 803 3752 poteris
829 3682 1082 3750 deinceps
1111 3681 1336 3734 invideri
1379 3681 1431 3734 in
1465 3679 1550 3746 iis,
1587 3680 1655 3735 de
1683 3680 1878 3748 quibus
1904 3694 2026 3749 gra-

442 3778 542 3829 tias
569 3779 683 3843 agis
712 3775 957 3826 Domino.
1001 3772 1204 3827 Idcirco
1229 3771 1483 3827 sacerdos
1509 3787 1605 3841 pro
1633 3772 1764 3826 orbe
1787 3812 1803 3838 ,
1836 3786 1930 3840 pro
1959 3770 2024 3825 iis

438 3867 526 3936 qui
550 3874 672 3920 ante
693 3865 926 3923 fuerunt.
951 3878 1050 3933 pro
1071 3865 1134 3917 iis
1155 3863 1244 3932 qui
1267 3878 1410 3917 nunc
1429 3875 1572 3928 sunt,
1593 3879 1689 3931 pro
1715 3862 1780 3917 iis
1799 3863 1886 3932 qui
1917 3863 2021 3928 iam

440 3958 570 4020 uati,
607 3971 701 4025 pro
731 3957 937 4017 futuris,
973 3969 1070 4009 nos
1094 3955 1296 4024 gratias
1335 3969 1494 4023 agere
1536 3953 1726 4022 jubet,
1759 3953 2024 4008 sacrificio

441 4050 532 4104 illo
558 4048 852 4118 proposito.
895 4047 1006 4101 Hoc
1029 4047 1173 4101 enim
1207 4061 1306 4100 nos
1331 4055 1389 4100 et
1414 4059 1442 4098 a
1475 4055 1615 4101 terra
1645 4045 1851 4110 liberat,
1884 4053 1936 4100 et
1967 4044 2021 4097 in

450 4142 639 4195 caelum
695 4138 972 4204 transfert,
1031 4138 1358 4208 angelosque
1407 4153 1478 4191 ex
1534 4136 1834 4191 hominibus
1876 4136 2018 4190 facit.

438 4234 572 4288 Nam
591 4241 650 4288 et
673 4233 767 4297 illi,
801 4242 999 4287 statuto
1021 4231 1209 4294 choro,
1235 4248 1331 4300 pro
1352 4231 1625 4286 beneficiis
1643 4231 1795 4285 nobis
1815 4230 2022 4284 collatis

439 4327 637 4395 gratias
663 4334 827 4395 agttnt
876 4324 1006 4386 Deo,
1034 4323 1270 4378 dicentes
1303 4340 1316 4376 :
1349 4321 1526 4376 Gloria
1552 4323 1605 4375 in
1634 4321 1841 4375 excelsis
1869 4320 1978 4374 Deo
2003 4361 2018 4382 ,

439 4427 484 4470 et
512 4419 566 4470 in
609 4428 742 4470 terra
772 4432 908 4485 pax,
957 4415 1009 4468 in
1055 4414 1336 4467 hominibus
1375 4413 1740 4482 berteplacitum
1769 4410 1936 4483 (Luc.
1964 4411 2020 4464 2.

442 4511 554 4580 ﬂ).
589 4509 656 4563 Et
681 4509 808 4577 quid
831 4509 897 4562 ad
928 4523 1027 4562 nos
1050 4549 1065 4573 ,
1104 4507 1332 4576 inquies,
1365 4507 1452 4574 qui
1486 4520 1585 4559 nec
1627 4505 1678 4558 in
1711 4513 1852 4559 terra
1873 4545 1889 4567 ,
1924 4517 2022 4558 nec

440 4603 686 4657 homines
733 4606 860 4654 sunt
893 4600 906 4652 ε
961 4599 1072 4653 Imo
1095 4599 1327 4653 maxime
1353 4598 1417 4651 ad
1450 4612 1584 4651 nos:
1617 4612 1739 4650 nam
1764 4596 1835 4649 ita
1869 4595 2021 4648 iusti-

441 4695 537 4748 tuti
559 4707 764 4755 sumus,
823 4701 880 4744 ut
924 4705 1216 4744 conservus
1251 4688 1558 4758 diligamus,
1610 4688 1678 4741 ita
1707 4695 1765 4742 ut
1811 4687 2021 4742 illorum

441 4794 602 4854 bona,
633 4798 813 4843 nostra
839 4801 960 4840 esse
987 4784 1379 4839 existimemus.

511 4884 566 4937 4.
596 4881 721 4936 Ideo
749 4890 802 4932 et
828 4877 1020 4932 Paulus
1047 4877 1098 4929 in
1132 4875 1383 4945 Epistolis
1404 4875 1515 4928 suis
1543 4875 1735 4943 ubique
1762 4888 1857 4942 Pro
1879 4871 2024 4927 orbis

403 5020 412 5028 .
443 4973 606 5028 totius
631 4972 783 5025 bonis
807 4969 1006 5038 gratias
1037 4969 1159 5036 agit.
1204 4966 1312 5020 Nos
1343 4967 1518 5034 itaque
1546 4978 1642 5033 pro
1667 4963 1861 5017 nostris
1881 5003 1896 5026 ,
1927 4977 2025 5033 pro

441 5064 629 5119 alienis
654 5103 669 5124 ,
708 5077 804 5131 pro
835 5059 1016 5128 parvis
1035 5097 1050 5120 ,
1083 5072 1178 5125 pro
1205 5056 1411 5126 magnis
1436 5054 1648 5108 assidue
1685 5055 1881 5124 gratias
1902 5069 2027 5123 aga-

442 5171 580 5210 mus.
611 5153 831 5208 Etiamsi
851 5151 991 5205 euim
1012 5165 1227 5219 parvqu
1251 5149 1317 5202 sit
1344 5149 1393 5201 id
1420 5147 1562 5218 quod
1583 5147 1767 5211 datur,
1797 5147 1880 5200 vel
1903 5145 2028 5200 hinc

443 5261 693 5317 magnum
734 5243 964 5298 efficitur
1005 5241 1144 5311 quod
1170 5257 1199 5293 a
1235 5240 1342 5294 Deo
1387 5240 1566 5293 datum
1597 5239 1703 5303 sit;
1757 5239 1862 5292 imo
1902 5252 2028 5292 vero

444 5340 579 5395 nihil
623 5353 846 5408 parvum
883 5337 951 5388 ab
993 5334 1082 5388 illo
1125 5334 1312 5396 datur,
1343 5348 1448 5386 non
1482 5331 1652 5385 solum
1677 5330 1818 5400 quod
1844 5329 1913 5384 ab
1939 5330 2029 5384 illo

445 5431 781 5502 prabeatur,
811 5427 908 5482 sed
934 5427 1095 5482 etiam
1124 5425 1235 5494 ipsa
1261 5433 1448 5477 natura
1478 5437 1594 5476 sua.
1624 5420 1696 5476 Ut
1719 5431 1895 5476 autem
1925 5419 2027 5473 alia

442 5523 623 5578 «itania
662 5521 904 5584 mittam,
941 5533 1062 5588 quae
1098 5531 1315 5571 arenam
1358 5528 1582 5568 numero
1614 5515 1833 5568 vincunt
1864 5529 1876 5565 :
1903 5512 2028 5581 quid

445 5629 542 5683 par
564 5620 650 5668 est
672 5627 770 5682 pro
795 5609 952 5666 nobis
977 5607 1132 5666 factae
1153 5606 1489 5672 teconomiaz,
1513 5604 1624 5660 sive
1643 5601 2029 5659 incarnatioui?

515 5774 921 5841 ,'__Quidam,_cum
954 5773 1166 5825 maxime
1216 5767 1454 5835 confessio
1499 5765 1589 5818 illa
1629 5777 1856 5830 magnam
1895 5759 2032 5812 nobis

455 5834 715 5886 utilitatem
737 5835 928 5899 alferat.

1257 364 1315 416 S.
1369 357 1644 417 JOANNIS
1681 349 2156 412 CIIRYSOSTOMI
2195 355 2512 410 AliCIlIEP.
2552 356 3066 414 CONSTANTINOP

3614 361 3728 416 532

2144 466 2296 533 Quod
2327 467 2471 522 enim
2515 468 2585 522 illi
2627 469 3072 539 pretiosissimum
3100 470 3336 524 omnium
3368 481 3500 531 erat,
3536 474 3731 542 unige-

2143 557 2313 611 nitum
2340 557 2527 612 Filium
2553 574 2649 626 pro
2678 560 2832 614 nobis
2858 560 3084 614 inimicis
3103 560 3246 614 dedit
3276 579 3290 614 :
3313 577 3411 615 nec
3439 563 3586 616 dedit
3615 579 3735 616 tuo.

2141 649 2212 704 do
2253 649 2426 715 nobis,
2460 650 2552 704 sed
2602 658 2658 704 et
2701 651 2942 705 illum-in
2987 667 3222 704 mensam
3265 653 3417 707 nobis
3459 655 3733 725 apposuit,

2142 745 2319 797 omnia
2343 759 2436 810 pro
2459 744 2609 798 nobis
2637 745 2853 806 faciens,
2884 756 2936 800 et
2962 745 3158 805 dando,
3181 755 3230 798 et
3256 761 3353 799 nos
3379 761 3473 815 pro
3499 745 3582 799 his
3608 762 3734 815 gra-

2143 843 2228 890 tos
2267 835 2568 889 efﬁciendo.
2616 836 2746 903 Quia
2788 837 2929 889 enim
2972 846 3029 891 ut
3071 837 3354 904 plurimmu
3385 838 3618 906 ingratus
3647 847 3735 890 est

2144 930 2303 980 homo
2325 967 2338 989 ,
2369 927 2563 997 ubique
2593 929 2708 994 ipse
2730 928 2950 995 suscipit
2976 936 3025 982 et
3058 937 3277 996 apparat
3305 943 3364 980 ea
3396 944 3513 997 qua:
3538 928 3604 981 ad
3635 943 3734 981 no-

2141 1027 2304 1073 stram
2343 1029 2467 1072 sunt
2496 1019 2800 1074 utilitatem.
2843 1021 2907 1074 Et
2935 1021 3074 1091 quod
3108 1023 3157 1074 iu
3187 1020 3386 1076 Iudaeis
3415 1023 3626 1091 agebat,
3659 1038 3729 1076 ex

2140 1111 2291 1175 locis,
2325 1112 2650 1179 temporibus
2689 1123 2741 1166 et
2782 1113 2928 1166 festis
2973 1112 3225 1167 beneﬁcra
3267 1113 3396 1180 ipsis
3433 1114 3482 1166 in
3523 1128 3732 1166 memo-

2141 1201 2273 1256 riam
2305 1216 2561 1256 revoeaus
2585 1243 2598 1265 ,
2639 1201 2864 1271 idipsum
2893 1203 3053 1256 etiam
3081 1203 3166 1258 hic
3197 1203 3319 1258 fecit
3345 1247 3355 1265 ,
3383 1219 3449 1257 ex
3478 1202 3735 1258 sacriﬁcii

2140 1291 2300 1346 modo
2327 1292 2392 1346 ad
2427 1307 2714 1361 perennem
2746 1293 2988 1346 beneficii
3025 1293 3245 1363 hujusce
3282 1295 3594 1349 memoriam
3626 1309 3730 1348 nos

2139 1385 2416 1438 inducens.
2445 1385 2533 1439 Sic
2562 1399 2720 1438 nemo
2749 1384 2817 1438 ita
2853 1386 3072 1449 studuit,
3104 1400 3199 1439 nos
3231 1385 3426 1453 probos
3448 1427 3462 1450 ,
3501 1399 3730 1453 magnos

2137 1483 2192 1529 et
2231 1490 2326 1542 per
2367 1473 2547 1528 omnia
2583 1483 2762 1543 gratos
2801 1473 3016 1529 efficere
3036 1517 3049 1535 ,
3080 1476 3250 1544 utqui
3283 1490 3380 1529 nos
3410 1476 3533 1529 fecit
3561 1475 3728 1530 Deus.

2135 1565 2468 1634 Quapropter
2495 1580 2591 1619 nos
2619 1575 2674 1620 et
2705 1565 2897 1620 invitos
2924 1581 3066 1634 saepe
3090 1576 3144 1621 et
3171 1567 3394 1635 plurima
3419 1567 3730 1634 ignorantes

2136 1657 2409 1713 beneﬁciis
2435 1657 2616 1712 afﬁcit.
2647 1659 2700 1712 Si
2719 1669 2894 1712 autem
2919 1659 2969 1713 id
2991 1661 3130 1730 quod
3155 1661 3355 1715 dictum
3377 1670 3457 1715 est
3475 1661 3724 1721 miraris;

2135 1767 2241 1805 non
2275 1753 2325 1805 in
2356 1750 2586 1806 obscuro
2614 1753 2862 1821 quopiam
2895 1753 3042 1816 viro,
3073 1753 3166 1808 sed
3208 1755 3260 1808 in
3295 1755 3447 1809 beato
3475 1755 3640 1808 Paulo
3669 1754 3728 1808 id

2134 1845 2422 1913 contigisse
2459 1845 2761 1900 ostendam.
2805 1846 3009 1899 Etenim
3045 1845 3231 1901 beatus
3262 1847 3350 1901 ille
3377 1848 3556 1900 multis
3583 1847 3725 1916 peri—

2134 1937 2268 1991 culis
2293 1946 2347 1990 et
2375 1938 2626 1991 mruutnis
2657 1939 2995 2004 exemit-itus,
3027 1954 3170 2008 saipe
3197 1941 3415 2009 rogabat
3447 1941 3633 2006 Deum,
3665 1952 3724 1992 ιιι

2133 2027 2202 2081 ab
2229 2043 2287 2082 se
2314 2029 2632 2083 tentatioues
2662 2029 2895 2084 auferret
2923 2049 2936 2082 :
2962 2039 3326 2085 verumtamen
3355 2049 3459 2086 non
3487 2033 3551 2085 ad
3584 2034 3727 2101 peti-

2137 2121 2334 2174 tionem
2357 2161 2370 2182 ,
2401 2119 2492 2174 sed
2535 2120 2600 2174 ad
2641 2121 2920 2176 utilitatem
2952 2121 3068 2192 ejus
3095 2126 3329 2192 respexit
3360 2123 3527 2188 Deus;
3562 2126 3726 2193 idque

2138 2208 2418 2262 declarans
2448 2209 2522 2262 ait
2552 2226 2564 2262 :
2599 2209 2794 2280 Sufficit
2817 2210 2906 2264 tibi
2928 2212 3093 2281 gratia
3117 2229 3228 2264 utea
3251 2228 3270 2266 :
3292 2230 3408 2266 nam
3431 2215 3588 2267 virtus
3611 2233 3726 2268 mea

2132 2299 2184 2352 in
2215 2300 2510 2367 inﬁrmitate
2536 2302 2796 2369 perﬁcitur
2821 2303 2837 2370 (
2863 2304 2914 2354 2.
2943 2302 3060 2356 Cor.
3087 2302 3173 2357 12.
3203 2301 3293 2374 9
3341 2305 3521 2373 Itaque
3549 2307 3726 2374 prius-

2133 2409 2290 2462 quam
2319 2392 2391 2445 illi
2423 2408 2638 2447 causam
2667 2395 2977 2463 explicaret,
3010 2395 3234 2450 invitum
3263 2398 3531 2452 afficiebat
3559 2399 3727 2453 bene-

2135 2483 2274 2549 flcio,
2301 2485 2462 2539 etiam
2491 2485 2843 2555 ignorantem.
2873 2485 3011 2553 Quid
3042 2486 3205 2556 igitur
3231 2503 3479 2559 magnum
3511 2489 3722 2559 poscit,

2131 2593 2251 2630 cum
2280 2576 2348 2631 de
2375 2588 2517 2631 tanta
2549 2577 2878 2648 providentia
2902 2589 3085 2650 gratos
3118 2595 3214 2636 nos
3240 2596 3361 2636 esse
3383 2581 3576 2652 jubet?
3603 2581 3719 2637 Ob-

2133 2678 2489 2737 temperemus
2521 2670 2717 2740 itaque,
2745 2681 2800 2725 et
2832 2672 2930 2726 hoc
2959 2671 3153 2743 ubique
3180 2687 3474 2729 servemus.
3506 2674 3724 2729 Etenim

2129 2759 2346 2814 Judaros
2371 2759 2499 2814 nihil
2522 2761 2601 2816 sic
2631 2762 2895 2831 perdidit,
2925 2778 3082 2833 quam
3107 2763 3250 2834 quod
3279 2764 3468 2835 ingrati
3491 2775 3671 2820 essent
3704 2783 3720 2818 :

2131 2852 2434 2922 multasque
2463 2851 2580 2906 illas
2598 2862 2653 2907 et
2678 2853 2984 2922 frequentes
3010 2854 3192 2925 plagas
3220 2855 3352 2910 nihil
3379 2855 3523 2911 aliud
3551 2872 3715 2926 quam

2129 2945 2233 3001 hoc
2265 2946 2470 3000 induxit
2502 2963 2516 2998 :
2549 2946 2656 2999 imo
2686 2948 2848 3001 etiam
2876 2958 3001 3003 ante
3035 2949 3218 3021 plagas
3255 2950 3487 3004 animam
3529 2966 3722 3005 eorum

2129 3037 2362 3110 perdidit
2385 3046 2440 3092 et
2466 3037 2821 3093 labefactavit.
2855 3039 3058 3111 Ingrati
3081 3041 3214 3094 enim
3235 3057 3350 3110 spes
3372 3050 3426 3095 ut
3445 3041 3725 3097 hibernalis

2130 3131 2316 3199 pruina
2343 3129 2498 3200 (Sap.
2527 3131 2613 3185 16.
2639 3128 2753 3202 29),
2783 3130 2954 3201 inquit
2981 3150 2995 3186 :
3027 3132 3099 3186 ita
3127 3142 3338 3202 torpere
3359 3144 3414 3188 et
3439 3135 3606 3189 cruori
3635 3151 3723 3189 co-

2127 3223 2205 3292 git
2231 3223 2482 3288 animam,
2516 3232 2574 3276 ut
2602 3223 2688 3276 illa
2718 3239 2964 3293 corpora.
2993 3223 3106 3280 Hoc
3131 3240 3259 3280 vero
3281 3224 3514 3295 procedit
3544 3242 3609 3282 ex
3632 3244 3722 3282 ar-

2128 3313 2367 3384 rogantia
2393 3356 2409 3381 ,
2440 3313 2581 3380 quod
2611 3328 2670 3369 se
2695 3314 2814 3384 quis
2843 3324 2993 3384 putet
3021 3316 3238 3386 dignum
3264 3315 3549 3372 beneficio.
3575 3317 3720 3372 Con-

2130 3408 2285 3460 tritus
2313 3415 2512 3472 autem,
2538 3423 2641 3461 non
2666 3421 2764 3476 pro
2785 3407 2941 3462 bonis
2973 3417 3196 3466 tantum.
3220 3413 3312 3463 sed
3341 3409 3500 3463 etiam
3527 3425 3624 3479 pro
3652 3412 3726 3466 iis

2129 3512 2246 3566 qua:
2276 3496 2498 3551 adversa
2529 3505 2781 3562 putantur
2801 3539 2816 3564 ,
2844 3498 3044 3567 gratias
3073 3497 3288 3552 habebit
3317 3497 3451 3562 Deo.
3474 3509 3529 3554 et
3548 3517 3721 3570 quan-

2129 3588 2323 3643 tumvis
2351 3591 2600 3658 patiatur,
2621 3603 2726 3642 non
2748 3604 2807 3644 se
2829 3599 3006 3643 tamen
3033 3589 3230 3660 aliquid
3253 3589 3470 3660 indigne
3499 3605 3720 3659 passum

2130 3679 2353 3751 putabit.
2399 3680 2468 3734 Et
2498 3695 2596 3734 nos
2624 3680 2800 3750 itaque
2827 3690 3029 3750 quanto
3057 3682 3224 3751 magis
3247 3680 3301 3735 iu
3327 3681 3524 3736 virtute
3555 3686 3719 3751 preli-

2129 3775 2333 3830 ciemus
2357 3815 2372 3838 ,
2417 3781 2562 3827 tanto
2591 3774 2758 3842 magis
2792 3787 2890 3828 nos
2926 3775 3069 3842 ipsos
3097 3783 3441 3828 conteramus
3471 3791 3486 3827 :
3514 3777 3717 3830 etenim

2131 3867 2235 3921 hoc
2263 3865 2494 3920 maxime
2523 3865 2688 3919 virtus
2711 3872 2813 3920 est.
2835 3865 2984 3920 Sicut
3003 3865 3146 3919 enim
3175 3875 3376 3935 quanto
3401 3869 3610 3921 acutius
3641 3871 3718 3920 vi-

2129 3958 2338 4023 demus,
2369 3966 2515 4011 tanto
2543 3957 2711 4026 magis
2741 3955 3028 4011 ediscimus
3052 3966 3308 4025 quantum
3337 3971 3366 4009 a
3390 3957 3523 4010 caelo
3543 3956 3716 4011 diste—

2129 4065 2248 4102 mus
2279 4067 2290 4102 :
2323 4049 2402 4102 sic
2438 4056 2639 4117 quanto
2681 4048 2848 4116 magis
2886 4046 2940 4100 in
2981 4047 3174 4102 virtute
3206 4047 3532 4116 proficimus,
3568 4056 3720 4127 tango

2130 4141 2298 4209 magis
2317 4140 2573 4194 docemur
2597 4148 2854 4208 quantum
2878 4140 2948 4192 sit
2979 4140 3116 4194 inter
3141 4139 3305 4192 Deum
3335 4148 3388 4195 et
3415 4156 3512 4195 nos
3543 4141 3716 4195 inter-

2127 4233 2346 4286 vallum.
2379 4231 2487 4287 Nec
2513 4245 2642 4286 Sane
2668 4231 2886 4284 minima
2918 4245 3040 4299 pars
3068 4239 3149 4284 est
3175 4231 3522 4300 philosophia:
3546 4273 3563 4299 ,
3590 4247 3714 4286 cum

2130 4325 2378 4378 meritum
2404 4332 2646 4378 nostrum
2671 4321 2985 4391 dignoscere
3015 4335 3319 4391 possumus.
3346 4321 3441 4375 Hic
3467 4322 3615 4376 enim
3637 4339 3729 4377 se-

2131 4419 2304 4488 ipsum
2357 4416 2589 4470 maxime
2636 4417 2802 4479 novit,
2846 4415 2935 4483 qui
2982 4429 3042 4469 se
3085 4413 3216 4467 nihil
3263 4428 3384 4469 esse
3422 4415 3712 4468 existimat.

2129 4509 2361 4579 Ideoque
2389 4507 2550 4562 David
2579 4514 2635 4560 et
2660 4505 2950 4569 Abraham,
2978 4521 3098 4559 eum
3119 4505 3185 4559 ad
3215 4519 3481 4559 summum
3502 4507 3722 4564 virtutis

2132 4602 2398 4672 fastigium
2425 4600 2814 4665 ascendissent,
2845 4606 2973 4653 tunc
3001 4598 3230 4652 maxime
3259 4598 3396 4652 hanc
3417 4611 3718 4653 exercuere

2131 4697 2380 4749 virtutem
2404 4711 2416 4748 :
2435 4704 2489 4748 et
2519 4692 2605 4747 hic
2625 4692 2836 4762 quidem
2855 4707 2912 4746 se
2934 4691 3206 4761 pulverem
3229 4700 3282 4744 et
3301 4691 3533 4745 cinerem
3554 4689 3712 4763 (Gen.

2132 4789 2220 4843 18.
2251 4788 2342 4857 27)
2365 4829 2380 4854 ,
2419 4787 2507 4841 ille
2533 4800 2661 4840 vero
2689 4800 2748 4839 se
2773 4799 3009 4838 vcrmem
3039 4783 3263 4838 voeabat
3303 4781 3472 4853 (Psal.
3502 4782 3594 4837 21.
3620 4785 3676 4852 7)
3701 4801 3715 4837 :

2131 4895 2192 4935 ac
2222 4881 2468 4935 similiter
2493 4891 2681 4932 omnes
2706 4881 2872 4930 sancti
2900 4891 2957 4930 se
2983 4875 3211 4930 miseros
3237 4875 3525 4946 praedicant
3549 4892 3563 4928 :
3587 4891 3717 4931 con-

2133 4982 2211 5025 tra
2242 4987 2370 5025 vero
2413 4971 2458 5025 is
2499 4971 2588 5041 qui
2632 4968 2932 5039 arrogantia
2976 4967 3283 5034 extollitur,
3323 4981 3443 5022 sese
3485 4968 3720 5022 maxime

2132 5065 2370 5118 omnium
2393 5063 2621 5133 ignorat.
2642 5060 2997 5127 Quamobrem
3015 5058 3082 5112 de
3098 5059 3340 5128 superbis
3360 5057 3517 5130 vulgo
3536 5057 3720 5112 dicere

2133 5157 2369 5212 solemus
2401 5173 2413 5208 :
2441 5153 2558 5207 Non
2584 5166 2643 5207 se
2678 5153 2842 5215 novit,
2871 5165 2930 5204 se
2956 5164 3180 5218 prorsus
3205 5149 3434 5217 ignorat.
3459 5149 3561 5214 Qui
3591 5165 3725 5203 vero

2135 5267 2194 5306 se
2220 5252 2446 5319 ignorat,
2471 5262 2629 5316 quem
2661 5246 2842 5298 novit?
2867 5242 3326 5311 Quemadmodum
3352 5243 3494 5297 enim
3514 5243 3602 5312 qui
3630 5257 3722 5297 se-

2137 5346 2306 5412 ipsum
2335 5342 2564 5402 noverit,
2596 5339 2772 5392 omnia
2799 5345 3087 5406 cognOscet
3119 5351 3131 5387 :
3157 5335 3233 5390 sic
3260 5336 3348 5404 qui
3380 5349 3440 5390 se
3468 5335 3681 5404 ignorat
3705 5375 3721 5398 ,

2137 5451 2310 5504 neque
2330 5433 2431 5487 alia
2463 5431 2687 5486 noverit.
2722 5428 2863 5483 Talis
2890 5428 2978 5481 ille
3003 5436 3120 5482 erat
3143 5427 3233 5496 qui
3258 5425 3471 5481 dicebat
3504 5447 3517 5481 :
3545 5427 3724 5496 Supra

2136 5529 2286 5584 calas
2316 5543 2500 5594 ponam
2525 5525 2706 5579 solium
2731 5538 2898 5576 meum
2926 5519 3094 5592 (fsai.
3129 5521 3216 5576 M.
3244 5522 3313 5576 13
3332 5520 3373 5594 ).
3412 5521 3546 5587 Quia
3577 5521 3724 5576 eiiint

2137 5621 2368 5690 seipsum
2401 5617 2679 5688 ignoravit,
2703 5623 2894 5670 czetera
2917 5628 3128 5682 quoque
3147 5613 3324 5666 oumia
3348 5614 3627 5683 ignoravit.
3656 5615 3722 5670 At

2138 5730 2242 5767 non
2271 5711 2488 5774 Paulus,
2515 5709 2600 5778 qui
2629 5723 2686 5761 se
2712 5705 3012 5762 abortivum
3035 5715 3090 5760 et
3113 5705 3388 5759 minimmn
3415 5717 3724 5760 sanctorqu

2142 5803 2461 5875 appellabat,
2487 5814 2657 5872 neque
2683 5806 2803 5869 post
2831 5805 2910 5853 tot
2936 5806 3185 5869 tantaque
3207 5797 3460 5870 pacclara
3482 5813 3644 5870 Opera
3665 5813 3728 5856 se
