4038 6364
138 391 225 448 111
466 345 480 358 ’
1128 349 1133 353 ’
1199 387 1265 442 1N
1307 386 1720 446 mnu/sum
1759 389 1798 443 ιι

1909 388 1991 446 IL.
2033 388 2199 445 XXV.
2240 390 2309 443 ul.
2355 386 2545 443 XXVI.

141 506 316 578 ρυξις,
366 505 463 559 καὶ
492 506 590 559 οὐκ
624 506 694 560 ἄν
723 506 899 576 ἔχοιεν
945 504 1080 574 μετά
1117 505 1291 559 ταῦτα
1333 509 1538 569 εἰπεῖν,
1569 508 1651 559 ὅτι
1695 508 1808 559 Οὐκ

137 585 475 657 ἠκούσαμεν·
506 588 641 658 πρὸς
673 590 781 658 γάρ
812 589 879 640 τὰ
911 589 1122 659 πέρατα
1147 590 1248 659 τῆς
1294 590 1619 660 οἰκουμένης
1654 593 1681 642 6
1722 590 1809 642 λό-

137 691 222 745 γος
248 675 411 746 ἐξέϐη
432 676 477 709 ³³
512 677 613 745 τῆς
644 675 948 738 εὐσεϐείας.

199 763 242 794 ⁸³
270 762 459 815 Ταῦτα
491 759 583 816 οὖν
611 762 919 826 ἐννοοῦντες
960 763 1055 815 καὶ
1097 765 1278 832 ἡμεῖς,
1327 763 1396 815 τὰ
1439 766 1569 833 παρ’
1600 764 1809 815 ἑαυτῶν

140 850 343 902 ᾶπαντα
383 849 682 919 πληρῶμεν
716 852 795 913 εἰς
846 852 972 912 τοὺς
1025 850 1276 920 πλησίον,
1320 851 1413 902 καὶ
1440 852 1516 921 τῷ
1550 850 1667 920 Θεῷ
1696 852 1808 903 δια-

141 937 328 999 παντὸς
356 938 794 1007 εὐχαριστῶμεν.
830 939 938 992 Καὶ
961 938 1072 1009 γὰρ
1092 940 1311 1003 ἄτοπον,
1342 939 1490 1011 ἔργῳ
1519 940 1621 1007 τῆς
1649 942 1809 1010 5659-

140 1024 319 1091 γπίας
369 1024 537 1078 αὐτοῦ
582 1025 702 1079 καθ’
746 1027 983 1097 ἑκάστην
1024 1027 1395 1090 ἀπολαύοντας
1426 1028 1523 1098 τὴν
1568 1028 1804 1098 ἡμέραν,

143 1114 268 1183 μηδὲ
313 1114 462 1185 λόγῳ
488 1117 648 1187 χάριν
661 1116 707 1148 ⁸⁸
734 1116 1036 1186 ὁμολογεῖν,
1069 1118 1162 1169 καὶ
1193 1118 1364 1171 ταῦτα
1396 1117 1495 1187 τῆς
1521 1116 1808 1187 ὁμολογίας

142 1201 359 1255 πάλινη
393 1206 529 1273 ἡμῖν
556 1203 656 1274 τήν
683 1203 952 1271 ὠφέλειαν
983 1203 1277 1275 φερούσης.
1311 1204 1447 1257 Οὐδὲ
1497 1204 1605 1277 γὰρ
1643 1205 1803 1269 αὐτὸς

140 1291 296 1343 δεῖται
326 1290 439 1343 τῶν
464 1294 748 1364 ἡμετέρων
774 1295 937 1357 τινὸς,
968 1294 1084 1347 ἀλλ’
1105 1297 1264 1365 ἡμεῖς
1284 1295 1514 1365 δεόμεθα
1535 1296 1643 1350 τῶν
1666 1296 1807 1350 ἐκεί-

142 1393 221 1429 νου
248 1377 528 1432 ἁπάντων.
573 1380 683 1432 Καὶ
724 1381 833 1452 γάρ
878 1383 911 1451 ἡ
951 1381 1273 1452 εὐχαριστία
1314 1382 1505 1453 ἐκείνῳ
1533 1382 1631 1453 μέν
1655 1383 1806 1438 οὐδὲν

142 1464 511 1535 προστίθησιν,
546 1468 693 1537 ἡμᾶς
724 1468 780 1520 δὲ
808 1470 1171 1541 οἰκειοτέρους
1202 1469 1351 1540 αὐτῷ
1382 1471 1804 1535 κατασκευάζει.

142 1551 197 1604 Εἰ
231 1551 342 1623 γὰρ
387 1553 691 1625 ἀνθρώπων
737 1556 818 1619 είς
872 1557 1094 1627 μνήμην
1152 1556 1405 1621 λαϐόντες
1462 1559 1803 1628 εὐεργεσίας,

144 1636 542 1709 θερμαινόμεθα
585 1640 845 1711 μειζόνως
875 1641 952 1712 τῷ
994 1643 1232 1715 φίλτρῳ⁹
1270 1642 1452 1714 πολλῷ
1484 1645 1681 1713 μᾶλλον
1710 1646 1803 1697 τοῦ

141 1726 403 1778 Δεσπότου
436 1729 775 1798 μεμνημένοι
800 1730 1063 1799 διηνεκῶς
1096 1731 1203 1783 τῶν
1233 1732 1672 1802 κατορθωμάτων
1692 1733 1803 1785 τῶν

142 1814 212 1875 εἰς
238 1815 410 1883 ἡμᾶς,
452 1817 860 1888 σπουδαιότεροι
893 1818 1029 1887 πρὸς
1066 1819 1163 1882 τὰς
1197 1820 1415 1883 ἐντολὰς
1444 1822 1543 1884 τὰς
1587 1821 1801 1873 ἐκείνου

142 1900 386 1969 ἐσόμεθα.
411 1903 511 1956 Διά
538 1904 698 1957 τοῦτο
732 1906 827 1959 καὶ
870 1909 899 1959 6
938 1905 1150 1968 Παῦλος
1191 1907 1375 1973 ἔλεγεν
1396 1923 1408 1936 ·
1438 1907 1801 1976 Εὐχάριστοι

140 1985 391 2053 γίνεσθε.
419 1988 639 2061 Φυλακὴ
679 1992 786 2060 γάρ
812 1991 1131 2062 εὐεργεσίας
1159 1992 1353 2063 ἀρίστη
1388 1993 1540 2063 ήτῆς
1578 1994 1801 2064 εὐεργε-

142 2072 250 2135 σίας
280 2076 493 2145 μνήμη,
540 2078 632 2130 καὶ
664 2077 916 2147 διηνεκὴς
946 2080 992 2111 ⁸⁸
1037 2079 1373 2150 εὐχαριστία.
1408 2080 1508 2133 Διά
1546 2080 1609 2150 δὴ
1642 2083 1801 2133 τοῦτο

142 2162 223 2213 καὶ
264 2162 332 2214 τά
362 2165 610 2235 φρικώδη
650 2168 941 2237 μυστήρια,
988 2168 1083 2220 καὶ
1127 2168 1328 2238 πολλῆς
1356 2168 1595 2238 γέμοντα
1637 2169 1735 2237 τῆς
1751 2170 1796 2200 ⁸⁷

143 2250 428 2319 σωτηρίας,
462 2252 531 2304 τά
557 2253 678 2305 καθ’
702 2255 940 2323 ἑκάστην
965 2254 1260 2324 τελούμενα
1290 2255 1528 2319 σύναξιν,
1566 2257 1799 2326 Εὐχαρί-

141 2334 249 2387 στία
281 2337 549 2402 καλεῖται,
597 2341 677 2392 ὅτι
713 2341 923 2394 πολλῶν
969 2344 1118 2395 ἐστιν
1159 2343 1615 2413 εὐεργετημάτων
1660 2347 1792 2397 ἀνά-

141 2440 345 2493 μνησις,
393 2427 489 2479 καὶ
533 2427 595 2480 τὸ
635 2428 929 2496 κεφάλαιον
966 2429 1069 2498 τῆς
1099 2428 1195 2481 τοῦ
1226 2430 1360 2483 Θεοῦ
1410 2432 1665 2499 προνοίας
1707 2434 1795 2483 ἐν·-

137 2510 401 2564 δείκνυται
422 2555 437 2577 ,
472 2516 565 2567 καὶ
597 2515 685 2567 διὰ
717 2517 935 2570 πάντων
981 2518 1392 2587 παρασκευάζει
1428 2520 1792 2589 εὐχαριστεῖν.

139 2599 194 2651 Et
233 2601 341 2670 γάρ
386 2602 447 2653 τὸ
493 2603 820 2673 γεννηθῆναι
857 2606 923 2657 ἐκ
954 2605 1222 2675 παρθένου
1269 2605 1454 2675 θαῦμα
1503 2607 1665 2675 μέγα,
1702 2607 1796 2659 καὶ

137 2688 562 2759 ἐκπληττόμενος
602 2693 630 2744 6
666 2691 1063 2763 εὐαγγελιστὴς
1110 2692 1263 2760 ἔλεγε
1283 2732 1298 2757 ,
1346 2692 1523 2746 Τοῦτο
1549 2691 1618 2745 δὲ
1647 2692 1796 2746 ὅλον

136 2773 361 2841 γέγονε·
405 2777 468 2829 :6
499 2778 592 2829 καὶ
627 2779 904 2848 σφαγῆναι
950 2779 1052 2832 ποῦ
1101 2778 1369 2851 θήσομεν;
1408 2779 1531 2833 εἰπέ
1563 2796 1672 2849 μοι.
1728 2781 1794 2833 Εἰ.

136 2860 232 2931 γὰρ
250 2862 309 2914 τὸ
335 2861 489 2935 [511]
517 2865 844 2937 γεννηθῆναι
872 2867 1049 2921 τοῦτο
1083 2867 1231 2922 ὅλον
1258 2868 1524 2931 καλεῖται,
1547 2868 1608 2920 τὸ
1636 2884 1793 2920 σταυ-

137 2947 390 3019 ρωθῆναι,
424 2951 521 3003 καὶ
563 2952 624 3003 τὸ
666 2948 806 3022 αἷμα
849 2954 1030 3023 ἐκχεῖν
1046 2954 1111 3018 ⁸⁸,
1144 2954 1239 3009 καὶ
1282 2954 1344 3007 τὸ
1390 2954 1580 3008 ἑαυτὸν
1612 2954 1793 3008 δοῦναι

134 3038 257 3104 ἡμῖν
290 3040 372 3100 είς
402 3038 642 3093 ἑστίασιν
669 3042 761 3093 καὶ
794 3041 1026 3111 εὐωχίαν
1050 3043 1445 3113 πνευματικὴν,
1476 3044 1528 3095 τί
1560 3041 1626 3095 ἂν
1659 3045 1791 3112 κλη-

136 3123 278 3193 θείη;
312 3126 743 3197 Εὐχαριστῶμεν
774 3130 956 3182 τοίνυν
992 3131 1142 3200 αὐτῷ
1179 3131 1464 3200 διηνεκῶς,
1496 3132 1591 3185 καὶ
1616 3131 1793 3201 ῥημά-

134 3226 234 3265 των
263 3213 358 3264 καὶ
383 3212 559 3284 ἔργων
588 3215 700 3267 τῶν
730 3216 1013 3286 ἡμετέρων
1034 3218 1380 3289 προηγείσθω
1402 3219 1577 3272 τοῦτο.
1617 3221 1793 3289 Εὐχα-

137 3296 402 3367 ριστῶμεν
433 3298 491 3351 δὲ
538 3300 612 3369 μὴ
657 3300 797 3371 ὐπέρ
842 3300 951 3355 τῶν
1002 3304 1216 3355 οίκείων
1268 3303 1463 3372 μόνων,
1514 3303 1650 3357 ἀλλά
1699 3304 1795 3357 καὶ

138 3383 268 3456 ὑπὲρ
298 3385 408 3437 τῶν
436 3386 734 3457 ἀλλοτρίων
762 3388 983 3455 ἀγαθῶν
1005 3407 1021 3421 ο
1043 3389 1185 3443 οὕτω
1209 3391 1318 3461 γάρ
1349 3391 1442 3443 καὶ
1470 3391 1568 3459 τὴν
1594 3394 1794 3462 βασκα-

135 3470 243 3522 νίαν
296 3474 504 3526 ἀνελεῖν
532 3475 897 3546 δυνησόμεθα,
929 3479 1023 3531 καὶ
1065 3478 1165 3549 τὴν
1209 3478 1432 3548 ἀγάπην
1474 3481 1795 3548 ἐπισφίγξαι

137 3559 222 3610 καὶ
252 3562 623 3633 γνησιωτέραν
676 3562 923 3634 ποιῆσαι.
963 3566 1097 3619 Οὐδὲ
1143 3570 1254 3638 γὰρ
1283 3567 1491 3639 δυνήσῃ
1522 3568 1794 3638 βασκῆναι

134 3644 311 3698 λοιπὸν
343 3649 590 3717 ἐκείνοις,
635 3652 777 3721 ὑπὲρ
814 3646 889 3705 ὧν
918 3655 1262 3724 εὐχαριστεῖς
1298 3654 1373 3723 τῷ
1398 3657 1667 3727 Δεσπότῃ.
1704 3657 1796 3711 Διὸ

135 3733 191 3803 δή
220 3738 313 3787 καὶ
336 3740 362 3789 6
399 3739 578 3808 ἱερεὺς
620 3740 761 3812 ὑπὲρ
791 3742 892 3812 τῆς
920 3743 1264 3814 οἰκουμένης,
1300 3745 1442 3815 ὑπὲρ
1465 3744 1571 3798 τῶν
1600 3748 1796 3816 προτέ-

137 3838 261 3890 ρων,
288 3824 424 3896 ὑπὲρ
445 3825 555 3878 τῶν
578 3827 695 3892 νῦν,
726 3830 866 3900 ὑπὲρ
891 3830 999 3883 τῶν
1027 3832 1364 3901 γενηθέντων
1379 3834 1424 3865 δ’
1458 3832 1791 3905 ἔμπροσθεν,

137 3910 272 3981 ὑπὲρ
302 3911 405 3964 τῶν
441 3914 582 3983 μετὰ
630 3915 802 3968 ταῦτα
839 3918 1118 3987 ἐσομένων
1163 3921 1243 3981 εἰς
1273 3921 1421 3989 ἡμᾶς
1451 3921 1795 3993 εὐχαριστεῖν

135 3998 373 4063 κελεύει,
417 4001 515 4070 τῆς
549 4002 798 4067 θυσίας⁹⁰
829 4007 1196 4076 προκειμένης
1229 4009 1463 4078 ἐκείνης.
1491 4009 1661 4062 Τοῦτο
1684 4010 1795 4082 γὰρ

136 4084 280 4151 ἡμᾶς
321 4086 414 4138 καὶ
458 4088 557 4157 τῆς
596 4089 699 4160 γῆς
732 4092 1085 4156 ἀπαλλάττει,
1128 4097 1222 4146 καὶ
1257 4094 1392 4165 πρὸς
1434 4095 1526 4147 τὸν
1566 4096 1795 4167 οὐρανὸν

136 4172 466 4242 μετατίθησι,
496 4176 590 4228 καὶ
620 4178 884 4245 ἀγγέλους
922 4179 982 4244 ἐξ
1009 4180 1311 4249 ἀνθρώπων
1353 4185 1514 4235 ποιεῖ.
1549 4184 1658 4236 Καὶ
1686 4184 1795 4254 γὰρ

137 4258 226 4308 καὶ
257 4262 474 4323 ἐκεῖνοι,
502 4265 664 4334 χορὸν
691 4269 1041 4337 στησάμενοι,
1072 4269 1211 4340 ὑπὲρ
1231 4270 1338 4322 τῶν
1360 4272 1438 4333 εἰς
1468 4272 1614 4341 ἡμᾶς
1653 4273 1789 4341 ἀγα-

138 4345 239 4396 θῶν
261 4349 638 4418 εὐχαριστοῦσι
661 4353 737 4423 τῷ
764 4354 903 4425 Θεῷ,
931 4356 1211 4425 λέγοντες
1244 4358 1399 4421 Δόξα
1420 4359 1490 4411 ἐν
1516 4361 1799 4427 ὑψίστοις

139 4430 272 4495 θεῷ,
306 4438 401 4489 καὶ
427 4438 525 4490 ἐπὶ
550 4438 662 4507 γῆς
682 4442 912 4510 εἰρήνη,
952 4444 1022 4497 ἐν
1046 4443 1378 4512 ἀνθρώποις
1396 4445 1658 4500 εὐδοκία.
1687 4448 1798 4499 Καὶ

134 4518 182 4610 τί
205 4520 334 4586 πρὸς
350 4524 509 4610 ’ἡμας
532 4527 574 4556 ⁹¹
600 4528 724 4590 τοὺς
756 4528 856 4581 οὐκ
886 4530 978 4582 ἐπὶ
1015 4532 1139 4600 γῆς,
1168 4531 1288 4583 οὐδὲ
1302 4530 1624 4601 ἀνθρώπους
1645 4549 1660 4597 ;
1680 4534 1799 4587 Μά-

137 4606 282 4657 λιστα
306 4608 405 4676 μὲν
428 4606 520 4663 οὖν
553 4612 689 4682 πρὸς
717 4616 862 4685 ἡμᾶς
882 4633 895 4645 υ
922 4614 1064 4669 οὕτω
1098 4615 1207 4687 γὰρ
1239 4616 1637 4689 ἐπαιδεύθημεν
1670 4621 1797 4683 τοὺς

140 4693 447 4793 σξινδούλους
477 4698 647 4767 φιλεῖν
670 4740 684 4765 ,
723 4701 798 4765 ὡς
832 4703 926 4754 καὶ
967 4704 1036 4755 τὰ
1078 4704 1303 4756 ἐκείνων
1336 4704 1517 4771 ἀγαθά
1552 4706 1797 4777 ἡμέτερα

136 4786 264 4835 εἰναι
292 4786 553 4855 νομίζειν.

174 4868 258 4961 ⁴δ’.
290 4875 383 4961 διὸ
424 4877 517 4928 καὶ
566 4877 775 4942 Παῦλος
819 4879 1093 4951 πανταχοῦ
1140 4881 1249 4934 τῶν
1299 4882 1626 4935 Ἐπιστολῶν
1659 4884 1796 4958 ὑπὲρ

136 4954 376 5044 τῶνπῆς
422 4958 749 5031 οἰκουμένης
802 4963 1115 5034 εὐχαριστεῖ
1177 4964 1636 5036 κατορθωμάτων.
1689 4954 1800 5020 καὶ

138 5037 286 5120 ἡμεῖς
300 5038 477 5091 τοίνυν
501 5040 641 5111 ὑπὲρ
657 5042 765 5096 τῶν
784 5044 997 5099 οἰκείων
1021 5048 1113 5099 καὶ
1128 5047 1173 5077 ⁹²
1196 5048 1335 5118 ὑπὲρ
1354 5049 1458 5100 τῶν
1478 5047 1795 5120 ἀλλοτρίων,

138 5117 233 5209 καί
261 5121 660 5209 ὐπὲρῄμικρῶν
692 5128 786 5180 καὶ
831 5129 968 5199 ὑπὲρ
1001 5130 1253 5197 μεγάλων
1281 5117 1545 5201 διηνεκῶς
1571 5117 1795 5204 εὐκαρι·

140 5207 362 5270 στῶμεν.
409 5207 528 5259 Κάν
555 5208 659 5280 γὰρ
696 5210 889 5281 μικρὸν
994 5213 1055 5266 :6
1091 5213 1263 5276 δοθὲν,
1283 5215 1455 5285 ’μέγα
1481 5215 1690 5284 γίνεται
1720 5215 1797 5286 τῷ

138 5289 279 5375 παρά
301 5293 396 5344 τοῦ
413 5294 549 5347 Θεοῦ
572 5296 836 5350 δεδόσθαι’
861 5300 1125 5368 μᾶλλονδὲ
1144 5302 1295 5354 οὐδὲν
1324 5303 1517 5375 μικρὸν
1534 5303 1643 5354 τῶν
1664 5320 1740 5356 πα
1749 5306 1796 5375 9‘

138 5373 360 5442 ἐκείνου,
388 5383 448 5433 οὐ
479 5382 559 5453 τῷ
588 5388 717 5457 παρ’
743 5387 952 5439 ἐκείνου
985 5388 1145 5457 μόνον
1176 5373 1682 5461 παρέχεσθαι,ἀλλά
1703 5373 1796 5444 καὶ

138 5461 267 5549 αὐτῇ
301 5470 367 5535 τῇ
393 5468 577 5536 φύσει.
619 5472 730 5525 Καὶ
774 5473 861 5525 ἶνα
912 5477 981 5527 τά
1020 5475 1158 5529 ἄλλα
1199 5478 1376 5531 πάντα
1423 5476 1604 5547 παρῶ,
1633 5476 1669 5531 ἃ
1695 5476 1794 5549 τὴν

138 5544 311 5615 ἄμμον
338 5554 466 5623 νικᾷ
492 5553 569 5625 τῷ
595 5555 790 5628 πλήθει
812 5574 827 5588 ο
854 5557 907 5609 τί
940 5557 1051 5611 ἴσον
1079 5559 1179 5629 τῆς
1200 5560 1342 5631 ὑπὲρ
1374 5544 1533 5631 ἡμῶν
1566 5544 1795 5631 γενομέ-

3476 387 3582 442 553

1910 524 2007 577 νης
2035 505 2374 575 οἰκονομίας;
2411 507 2475 557 Ὃ
2506 504 2613 575 γὰρ
2653 499 2720 575 ἦν
2762 502 2910 572 αὐτῷ
2948 501 3274 573 τιμιώτερον
3302 502 3581 564 ἀπάντων,

1909 591 1937 640 6
1956 589 2247 658 μονογενὴς
2267 589 2421 651 Παῖς,
2440 586 2629 639 τοῦτον
2656 586 2856 639 ἔδωκεν
2878 587 3019 655 ὑπὲρ
3037 586 3192 656 ἡμῶν
3218 585 3325 639 τῶν
3349 585 3579 656 ἐχθρῶνο

1910 673 2002 724 καὶ
2024 672 2125 723 οὐκ
2148 672 2316 724 ἔδωκε
2344 671 2522 741 μόνον,
2547 670 2683 723 ἀλλά
2712 672 2806 722 καὶ
2844 670 2980 738 μετά
3002 670 3063 722 :6
3088 669 3270 722 δοῦναι
3297 670 3579 741 τράπεζαν

1910 760 2040 827 ἡμῖν
2074 758 2233 810 αὐτὸν
2257 757 2557 827 παρέθηκε,
2575 758 2751 809 πάντα
2773 757 2932 819 αὐτὸς
2954 757 3023 809 τά
3050 757 3191 826 ὑπὲρ
3213 756 3369 826 ἡμῶν
3385 756 3578 821 ποιῶν.

1910 846 2000 897 καὶ
2028 846 2090 897 :6
2117 844 2320 905 δοῦναι,
2348 845 2442 897 καὶ
2463 845 2524 896 τὸ
2551 844 2908 914 εὐχαρίστους
2939 845 3078 913 ὑπὲρ
3098 844 3301 898 τούτων
3332 844 3579 914 ποιῆσαι.

1884 948 1885 951 ‘
1922 932 2137 1002 Ἐπειδὴ
2168 934 2278 1001 γάρ
2310 934 2384 995 ώς
2417 932 2487 984 τά
2516 932 2687 985 πολλά
2714 932 3006 1002 ἀχάριστός
3037 934 3182 983 ἐστιν
3212 934 3239 984 6
3274 931 3578 1003 ἄνθρωπος,

1908 1021 2185 1090 πανταχοῦ
2235 1020 2396 1085 αὐτὸς
2428 1021 2749 1090 ἀναδέχεται
2776 1020 2866 1072 καὶ
2898 1019 3296 1083 κατασκευάζει
3337 1018 3408 1071 τά
3439 1019 3580 1091 ὑπὲρ

1908 1108 2085 1179 ἡμῶν.
2116 1108 2227 1162 Καὶ
2248 1110 2384 1180 ὅπερ
2407 1108 2626 1161 ἐπὶτῶν
2664 1108 2931 1161 Ἰουδαίων
2959 1107 3231 1178 ἐποίησεν,
3260 1107 3368 1160 ἀπὸ
3400 1106 3581 1160 τόπων

1908 1196 2003 1251 καὶ
2049 1197 2256 1267 χρόνων
2304 1197 2397 1251 καὶ
2431 1194 2633 1267 ἑορτῶν
2660 1197 3091 1266 ἀναμιμνήσκων
3126 1195 3325 1258 αὐτοὺς
3356 1194 3464 1246 τῶν
3493 1195 3582 1247 εὐ-

1909 1284 2202 1355 εργεσιῶν,
2230 1283 2387 1337 τοῦτο
2409 1268 2515 1336 καῖ’
2534 1283 2767 1336 ἐνταῦθα
2792 1283 3107 1353 εἰργάσατο,
3129 1281 3238 1335 ἀπὸ
3265 1281 3357 1335 τοῦ
3378 1283 3581 1353 τρόπου

1905 1373 2005 1444 τῆς
2046 1373 2239 1436 θυσίας
2282 1375 2363 1436 είς
2405 1372 2629 1442 διηνεκῆ
2673 1374 2770 1442 τῆς
2825 1371 2964 1441 ὑπὲρ
3019 1370 3223 1423 τούτων
3264 1370 3582 1440 εὐεργεσίας

1910 1462 2129 1531 μνήμην
2162 1460 2309 1529 ἡμᾶς
2336 1460 2639 1529 ἐμϐάλλων.
2674 1458 2860 1522 Οὕτως
2894 1458 3067 1519 οὐδεὶς
3111 1456 3409 1509 ἐσπούδακε
3436 1455 3581 1508 δοκί-

1911 1564 2041 1618 μους
2068 1546 2322 1614 γενέσθαι
2371 1548 2464 1599 καὶ
2499 1545 2772 1617 μεγάλους
2800 1543 2893 1598 καὶ
2923 1545 3010 1597 διά
3037 1545 3251 1597 πάντων
3298 1541 3581 1612 εὐγνώμο-

1906 1651 2033 1696 νας.
2067 1633 2142 1696 ὡς
2176 1637 2203 1686 6
2230 1635 2461 1703 ποιήσας
2513 1634 2660 1702 ἡμᾶς
2699 1632 2850 1695 Θεός.
2900 1631 3000 1684 Διά
3036 1630 3193 1684 τοῦτο
3227 1631 3320 1682 καὶ
3351 1630 3583 1691 ἄκοντας

1908 1722 2057 1791 ἡμᾶς
2080 1723 2359 1791 εὐεργετεῖ
2386 1722 2662 1784 πολλάκις,
2691 1721 2780 1773 καὶ
2803 1719 3126 1787 ἀγνοοῦντας
3156 1718 3223 1770 τά
3254 1717 3491 1773 πλείονα.
3518 1716 3581 1768 Et

1906 1807 1964 1860 δὲ
1995 1807 2296 1877 θαυμάζεις
2322 1807 2381 1860 :6
2410 1809 2718 1879 εἰρημένον,
2744 1807 2844 1859 οὐκ
2870 1805 3086 1858 ἐπὶτῶν
3114 1804 3384 1874 τυχόντων
3412 1801 3577 1865 τινὸς,

1907 1891 2020 1942 ἀλλ’
2055 1894 2147 1945 ἐπὶ
2175 1892 2265 1945 τοῦ
2302 1893 2575 1963 μακαρίου
2615 1890 2825 1944 Παύλου
2860 1888 3107 1958 δείκνυμί
3133 1906 3212 1941 σοι
3248 1887 3406 1940 τοῦτο
3443 1903 3581 1955 συμ-

1906 1980 2027 2033 ϐάν.
2052 1980 2161 2032 Καὶ
2192 1979 2299 2049 γάρ
2334 1981 2361 2031 ὁ
2397 1981 2664 2048 μακάριος
2687 1979 2897 2039 ἐκεῖνος
2931 1975 3100 2029 πολλὰ
3133 1975 3458 2028 κινδυνεύων
3484 1975 3580 2025 καὶ

1905 2067 2243 2137 θλιϐόμενος,
2276 2066 2533 2128 πολλάκις
2570 2064 2871 2135 παρεκάλει
2900 2063 2988 2116 τὸν
3018 2063 3169 2123 Θεὸν,
3201 2061 3503 2129 ἀποστῆναι
3530 2061 3577 2093 ⁸³

1906 2154 2055 2226 [512]
2085 2155 2246 2208 αὐτοῦ
2276 2156 2401 2218 τούς
2431 2152 2797 2225 πειρασμούς’
2829 2151 2941 2205 ἀλλ’
2977 2152 3123 2221 ὅμως
3158 2150 3218 2202 οὐ
3259 2152 3323 2220 τῇ
3366 2151 3577 2220 αἰτήσει

1903 2246 2066 2298 αὐτοῦ
2091 2287 2104 2309 ,
2137 2245 2273 2299 ἀλλά
2309 2246 2375 2315 τῇ
2403 2244 2704 2314 λυσιτελείᾳ
2730 2245 3018 2313 προσεῖχεν
3048 2243 3075 2293 6
3101 2240 3232 2302 Θεός
3263 2258 3274 2271 ·
3300 2241 3395 2292 καὶ
3419 2240 3578 2293 τοῦτο

1901 2332 2115 2395 δεικνὺς
2134 2333 2317 2400 ἔλεγεν
2337 2349 2351 2362 ο
2378 2330 2560 2399 Ἀρκεῖ
2586 2345 2686 2384 σοι
2713 2333 2750 2399 ἡ
2775 2328 2941 2402 χάρις
2954 2345 3074 2397 μου
3096 2342 3111 2356 ⁸
3128 2329 3166 2395 ὴ
3197 2327 3308 2395 γὰρ
3326 2326 3579 2395 δύναμίς

1896 2437 2015 2487 μου
2036 2421 2105 2471 ἐν
2122 2420 2405 2485 ἀσθενείᾳ
2429 2419 2950 2472 τελειοῦται.Ὤστε
2980 2416 3295 2486 πρὶνείπεῖν
3316 2413 3463 2483 αὐτῷ
3478 2413 3578 2484 τὴν

1901 2510 2100 2575 αἰτίαν,
2114 2512 2311 2564 ἄκοντα
2325 2511 2601 2582 εὐεργετεῖ
2620 2510 2712 2562 καὶ
2726 2509 2826 2561 οὐκ
2848 2508 3039 2559 εἰδότα.
3057 2506 3121 2557 Τί
3139 2500 3237 2559 οὖν
3257 2505 3396 2575 μέγα
3413 2505 3576 2567 αἰτεῖ,

1900 2599 2021 2651 ἀντὶ
2055 2599 2153 2668 τῆς
2191 2598 2458 2669 τοσαύτης
2502 2597 2825 2667 κηδεμονίας
2855 2594 3205 2664 εὐχαρίστους
3237 2592 3473 2646 κελεύων
3498 2587 3579 2645 εῖ-

1900 2702 1989 2737 ναι
2008 2703 2023 2749 ς
2052 2684 2374 2755 Πειθώμεθα
2394 2685 2594 2749 τοίνυν,
2616 2684 2711 2736 καὶ
2737 2679 3012 2749 πανταχοῦ
3035 2679 3191 2732 τοῦτο
3208 2678 3575 2749 διατηρῶμεν.

1901 2773 2007 2827 Καὶ
2034 2772 2140 2844 γάρ
2170 2773 2297 2835 τοὺς
2357 2772 2639 2834 Ἰουδαίους
2666 2770 2816 2824 οὐδὲν
2852 2769 3024 2831 οὕτως
3065 2766 3345 2821 ἀπώλεσεν
3364 2804 3381 2829 ,
3403 2765 3480 2829 ὡς
3515 2764 3581 2818 :6

1900 2860 2225 2932 ἀχαρίστους
2258 2857 2419 2922 εἶναι,
2445 2858 2655 2921 καὶτὰς
2688 2855 2887 2919 πολλὰς
2925 2853 3020 2909 καὶ
3062 2852 3397 2924 ἐπαλλήλους
3433 2851 3583 2906 ὲκεί-

1900 2965 1997 3011 νας
2042 2947 2255 3017 πληγάς
2302 2947 2451 3000 οὐδὲν
2484 2947 2669 3016 ἕτερον
2700 2944 2732 3014 ἢ
2778 2942 2937 2996 τοῦτο
2975 2943 3220 3012 ἐπήγαγε
3242 2956 3255 2969 ⁸
3281 2939 3482 3011 μᾶλλον
3517 2939 3579 2993 δὲ

1900 3038 1995 3090 καὶ
2018 3036 2122 3106 πρὸ
2153 3034 2260 3088 τῶν
2299 3032 2523 3103 πληγῶν
2551 3032 2651 3103 τὴν
2695 3030 2871 3100 ψυχὴν
2924 3028 3102 3082 αὐτῶν
3130 3028 3286 3081 τοῦτο
3326 3023 3576 3080 ἀπώλεσε

1901 3125 1995 3177 καὶ
2034 3122 2359 3194 διέφθειρεν.
2399 3120 2756 3189 Ἀχαρίστου
2783 3118 2893 3186 γὰρ
2920 3115 3089 3182 ἐλπίς
3114 3115 3195 3179 ὠς
3226 3114 3429 3183 πάχνη
3455 3130 3576 3180 χει-

1894 3211 2098 3280 μέριος
2117 3210 2184 3274 9",
2204 3209 2367 3279 φησίν
2390 3229 2401 3240 ·
2424 3206 2566 3261 οὓτω
2589 3207 2795 3277 ναρκᾷν
2820 3204 2914 3257 καὶ
2932 3201 3257 3273 νεκροῦσθαι
3277 3202 3374 3271 τὴν
3398 3199 3575 3272 ψυχὴν

1900 3304 2061 3366 ποιεῖ,
2097 3301 2285 3371 ὥσπερ
2335 3298 2516 3369 ἐκείνη
2546 3296 2614 3351 τά
2658 3295 2905 3366 σώματα.
2938 3293 3107 3347 Τοῦτο
3149 3292 3207 3345 δὲ
3254 3292 3461 3360 γίνεται
3512 3289 3581 3357 ἐξ

1899 3388 2283 3451 ἀπονοίας,καὶ
2311 3385 2403 3439 τοῦ
2433 3384 2667 3455 νομίζειν
2695 3382 2882 3436 ἐαυτὸν
2910 3380 3058 3447 ἀξιον
3088 3374 3226 3432 εἶναί
3259 3394 3423 3441 τινος.
3442 3376 3573 3431 Ὀδὲ

1903 3475 2376 3546 συντετριμμένος,
2407 3475 2504 3543 οὐχ
2530 3472 2667 3543 ὑπὲρ
2690 3470 2906 3540 ἀγαθῶν
2940 3469 3119 3538 μόνον,
3145 3465 3281 3519 ἀλλά
3315 3466 3408 3520 καὶ
3430 3464 3574 3535 ὐπέρ

1900 3562 2007 3615 τῶν
2053 3561 2312 3615 ἐναντίων
2354 3559 2651 3613 δοκούντων
2704 3554 2872 3617 εἶναι.
2898 3554 3250 3625 εὐχαριστίας
3300 3552 3571 3604 εἰσεται⁹⁸

1898 3649 1977 3720 τῷ
2008 3647 2146 3718 Θεῷ,
2171 3648 2267 3701 καὶ
2297 3648 2395 3701 ὅσα
2430 3646 2495 3699 ἂν
2541 3643 2709 3717 πάθῃ,
2738 3643 2888 3696 οὐδὲν
2920 3642 3186 3714 ἡγήσεται
3215 3638 3430 3703 ἀνάξιον
3469 3654 3571 3690 πε·-

1902 3735 2179 3789 πονθέναι.
2219 3736 2328 3788 Καὶ
2369 3735 2527 3804 ἡμεῖς
2576 3732 2774 3795 τοίνυν,
2815 3730 2925 3800 ὅσῳ
2955 3728 3022 3782 ἂν
3052 3727 3187 3798 πρὸς
3214 3726 3411 3797 ἀρετὴν
3447 3727 3574 3778 ἐπι-

1898 3824 2098 3895 δῶμεν,
2140 3822 2379 3891 τοσούτῳ
2411 3820 2606 3891 μᾶλλον
2649 3819 2872 3881 ἑαυτοὺς
2904 3815 3279 3887 συντρίψωμεν
3302 3831 3318 3846 ο
3340 3813 3461 3867 ἐπεὶ
3482 3814 3583 3867 καὶ

1899 3911 2057 3965 τοῦτο
2086 3911 2321 3982 μάλιστα
2373 3910 2562 3979 ἀρετή.
2599 3908 2812 3977 Ὥσπερ
2846 3904 2955 3975 γὰρ
2982 3905 3200 3973 ὅσῳπερ
3228 3901 3293 3956 ἂν
3322 3900 3577 3970 ὀξύτερον

1903 3999 2101 4069 ἴδωμεν
2127 4039 2142 4062 ,
2180 3996 2416 4065 τοσούτῳ
2450 3994 2648 4064 μᾶλλον
2691 3993 3031 4065 μανθάνομεν
3059 3991 3180 4042 ὅσον
3208 3989 3577 4057 διεστήκαμεν

1899 4086 1993 4140 τοῦ
2046 4084 2275 4156 ούρανοῦ
2302 4100 2315 4113 ·
2361 4082 2531 4145 οὕτως
2577 4082 2684 4152 ὅσῳ
2726 4070 2791 4133 ἂν
2839 4078 3107 4147 ἐπιδῶμεν
3150 4075 3284 4145 πρὸς
3333 4072 3571 4145 ἀρετὴν,

1899 4172 2138 4241 τοσούτῳ
2170 4170 2368 4241 μᾶλλον
2400 4167 2761 4239 παιδευόμεθα
2798 4166 2994 4219 εἰδέναι
3024 4162 3118 4216 τοῦ
3148 4159 3283 4214 Θεοῦ
3315 4161 3377 4213 :6
3409 4160 3583 4229 μέσον

1901 4258 1961 4311 :6
1987 4259 2120 4329 1:96;
2146 4260 2309 4328 ἡμᾶς.
2354 4258 2428 4310 Οὐ
2460 4257 2653 4327 μικρὸν
2687 4254 2741 4307 δὲ
2773 4252 2930 4306 τοῦτο
2955 4251 2998 4281 ³⁸
3039 4251 3201 4321 μέρος
3235 4246 3573 4329 φιλοσοφίας,

1900 4327 2196 4417 δυνηθῆναι
2230 4346 2461 4399 συνιδεῖν
2486 4342 2764 4414 τὴνάξίαν
2794 4342 2893 4410 τὴν
2927 4338 3222 4408 ἡμετέραν.
3267 4327 3435 4396 Οὗτος
3463 4335 3579 4404 γὰρ

1902 4434 2136 4503 μάλιστά
2194 4436 2339 4485 ἐστιν
2382 4435 2410 4484 ὁ
2453 4430 2640 4483 ἐαυτὸν
2690 4427 2879 4492 εἰδὼς,
2915 4429 2943 4479 6
2999 4424 3163 4495 μηδὲν
3207 4417 3344 4474 εἶναι
3382 4419 3579 4473 ἑαυτὸν

1897 4520 2150 4590 νομίζων.
2175 4520 2275 4572 Διά
2306 4519 2369 4589 δὴ
2417 4518 2572 4571 τοῦτο
2599 4518 2692 4570 καὶ
2728 4518 2757 4568 6
2780 4513 2944 4567 Δαυῒδ
2992 4512 3086 4565 καὶ
3116 4512 3144 4563 6
3183 4507 3452 4580 Ἀϐραὰμ,
3481 4506 3579 4560 ὅτε

1898 4608 2033 4680 πρὸς
2085 4607 2182 4678 τὴν
2227 4607 2400 4676 ἄκραν
2451 4604 2724 4674 ἀνέϐησαν
2769 4603 2867 4672 τῆς
2912 4602 3112 4671 ἀρετῆς
3142 4597 3418 4666 κορυφὴν,
3449 4594 3571 4647 τότε

1901 4694 2134 4766 μάλιστα
2178 4693 2334 4747 τοῦτο
2376 4692 2744 4762 κατώρθωσαν
2769 4708 2781 4720 ·
2814 4690 2906 4742 καὶ
2945 4689 2974 4740 ὁ
3015 4686 3114 4755 μὲν
3156 4686 3259 4754 γῆν
3298 4684 3392 4736 καὶ
3436 4699 3578 4734 σπο-

1897 4782 1985 4835 δὸν
2011 4820 2026 4845 ,
2058 4783 2086 4833 ὁ
2121 4781 2177 4833 δὲ
2227 4780 2486 4850 σκώληκα
2535 4779 2722 4831 ἐαυτὸν
2776 4776 2959 4830 ἐκάλει
2998 4791 3012 4806 ο
3043 4773 3133 4826 καὶ
3176 4773 3376 4832 πάντες
3419 4769 3473 4821 δὲ
3521 4770 3577 4821 οἱ

1898 4866 2043 4932 ἆγιοι
2088 4864 2287 4934 ὁμοίως
2335 4863 2543 4925 τούτοις
2596 4861 2819 4923 ἑαυτοὺς
2871 4856 3247 4920 ταλανίζουσιν
3284 4870 3300 4885 ο
3337 4852 3411 4913 ὡς
3441 4853 3468 4904 ὂ
3507 4866 3572 4918 γε

1898 4951 2036 5022 πρὸς
2088 4949 2402 5015 ἀλαζονείαν
2460 4949 2765 5020 αἰρόμενος,
2819 4944 3023 5008 ἐκεῖνός
3069 4945 3217 4995 ἐστιν
3263 4941 3291 4992 6
3340 4939 3572 5009 μάλιστα

1897 5041 2113 5092 πάντων
2153 5037 2343 5090 ἑαυτὸν
2377 5036 2608 5106 ἀγνοῶν.
2656 5034 2748 5088 Διὸ
2787 5035 2880 5087 καὶ
2913 5031 3056 5085 κατὰ
3094 5031 3193 5099 τὴν
3220 5027 3405 5098 κοινὴν
3442 5042 3569 5078 συν-

1898 5126 2085 5195 ἡθειαν
2134 5124 2255 5188 ἔθος
2299 5126 2429 5195 ἡμῖν
2479 5124 2657 5192 λέγειν
2687 5123 2815 5192 περὶ
2864 5120 2972 5173 τῶν
3028 5115 3428 5187 ὑπερηφάνων
3457 5112 3576 5165 Οὐκ

1896 5212 2035 5266 οἶδεν
2066 5214 2274 5274 ἐαυτὸν,
2299 5213 2485 5281 ἀγνοεῖ
2516 5212 2727 5264 ἐαυτὸν.
2779 5210 2837 5262 '0
2883 5209 2940 5261 δὲ
2977 5206 3167 5259 ἐαυτὸν
3192 5202 3422 5271 ἀγνοῶν,
3449 5200 3572 5252 τίνα

1896 5300 2199 5368 γνώσεταις
2232 5300 2443 5371 ’Ὠσπερ
2472 5298 2581 5369 γάρ
2600 5300 2628 5351 6
2650 5296 2841 5351 ἐαυτὸν
2881 5293 3057 5355 εἰδὼς,
3082 5293 3297 5346 ᾶπαντα
3329 5285 3569 5339 εἴσεταιο

1896 5387 2068 5451 οὕτως
2090 5389 2118 5441 ὁ
2149 5386 2307 5441 τοῦτο
2341 5386 2415 5458 μὴ
2448 5386 2623 5449 εἰδὼς,
2647 5385 2769 5438 οὐδέ
2789 5384 2856 5437 τὰ
2887 5381 3020 5436 ἄλλα
3061 5378 3285 5431 εἴσεται.
3320 5372 3579 5435 Τοιοῦτος

1894 5470 1963 5546 ἦν
1995 5477 2199 5539 ἐκεῖνος
2232 5476 2260 5527 6
2288 5474 2493 5543 λέγων’
2542 5472 2768 5527 Ἐπάνω
2802 5470 2922 5525 τῶν
2971 5463 3235 5536 οὐρανῶν
3268 5463 3434 5529 θήσω
3464 5458 3574 5513 τὸν

1902 5563 2119 5631 θρόνον
2139 5581 2275 5633 μου.
2308 5561 2530 5634 Ἐπειδὴ
2562 5562 2671 5634 γὰρ
2691 5559 2954 5632 ἡγνόησεν
2980 5553 3191 5617 ἑαυτὸν,
3224 5551 3318 5603 καὶ
3345 5549 3415 5603 τά
3438 5546 3573 5602 ἀλλα

200 5657 246 5742 ξ’
276 5661 622 5747 ἐξῆλθειΕόό.
697 5668 743 5698 ⁸³
763 5668 1048 5723 ΗΘΙΚΟΝ.
1076 5671 1196 5724 Ὅτι
1223 5671 1304 5725 δεῖ
1332 5672 1558 5725 πάντοτε
1580 5672 1921 5775 εὐχαριστεῖν
1946 5670 2024 5741 τῷ
2051 5670 2168 5743 Θεῷ
2189 5689 2201 5703 ·
2225 5673 2320 5725 καὶ
2340 5673 2423 5726 ὃτι
2445 5672 2539 5724 ἐὰν
2560 5671 2634 5743 μή
2657 5687 2741 5734 τις
2762 5669 2969 5737 ἀποστῇ
2994 5664 3101 5718 τῶν
3134 5658 3400 5735 βιωτικῶν
3417 5673 3575 5727 φρον·

177 5726 299 5775 Eoum,
333 5734 393 5775 οὗ
428 5735 647 5775 xum-rm
674 5738 871 5775 νυρτιυη.
910 5741 1099 5775 and“
1148 5743 1177 5775 Δ
1280 5742 1328 5775 ει
1356 5745 1451 5775 ..ευ
1478 5744 1636 5775 ws...“
1705 5744 1771 5775 ΑΛ
1870 5743 1916 5774 σε
1947 5742 2131 5775 πάι...]
2164 5742 2363 5775 manu.
2392 5741 2501 5775 [ΗΑ
2544 5750 2728 5775 ηΛηΙι-σι
2753 5739 2887 5775 ηυιΛ
2934 5748 2981 5775 m
3004 5736 3080 5775 {In
3175 5732 3221 5764 ιε
3248 5730 3343 5775 καὶ
3371 5730 3403 5775 ἡ
3430 5729 3569 5775 διην.

140 5729 305 5806 τξδων,
333 5729 393 5785 οὐ
428 5735 651 5789 δύναται
674 5738 877 5805 γνῶναι
909 5741 1118 5793 ἑαυτόν.
1142 5743 1205 5795 Α.
1280 5742 1328 5775 ⁸⁵
1356 5745 1451 5812 τὴν
1478 5729 1795 5812 χάρινἘάιΙ.

145 5794 203 5849 l'.
226 5800 337 5854 Sav.
415 5806 461 5837 ετ
488 5807 586 5854 τῆς
613 5823 720 5854 nm-
749 5810 809 5854 Α-
833 5810 1150 5854 τελούμεναι
1187 5812 1307 5854 επιει,
1335 5811 1477 5854 λέγω
1504 5814 1628 5854 mm,
1708 5814 1754 5844 an
1777 5817 1797 5854 ι

1904 5743 1916 5773 ι
1947 5729 2363 5854 πᾶλιἊΓπολλὴν
2392 5741 2524 5797 Edd.
2544 5729 2735 5796 έοήιηᾱ
2753 5739 2911 5795 codd.
2934 5729 3145 5814 ἆορ(
3175 5732 3221 5764 ιε
3248 5730 3343 5784 καὶ
3371 5730 3403 5799 ή
3430 5729 3569 5796 διην.

1907 5812 1981 5854 ἵν]
2017 5813 2081 5854 ad
2162 5811 2392 5854 διἰήηῆρ·
2417 5812 2525 5854 Edd
2624 5812 2669 5841 ⁸⁸
2692 5804 3045 5854 γενηθέντων]
3072 5806 3178 5854 Sic.
3218 5801 3277 5854 Β.
3306 5799 3383 5854 [et
3415 5797 3569 5852 Bodl.

294 5821 337 5856 ν.
415 5806 461 5837 ετ
488 5807 586 5883 τῆς
613 5797 721 5862 oni.
746 5810 1150 5883 A_.:5_l_069.5va]
1187 5812 1307 5866 add.
1335 5797 1633 5879 λέγωΈάἁ.
1708 5814 1798 5865 εει

1907 5812 1982 5883 Iv]
2016 5797 2139 5883 add:
2162 5797 2392 5883 δι’ἡμῖᾷς
2417 5812 2548 5883 Εθά.
2624 5812 2669 5841 ⁸⁸
2692 5804 3178 5883 γενηθέντωνλδὶο.
3218 5801 3277 5881 [³,-
3306 5797 3569 5883 [εἶινῙξοᾳξῖ

143 5868 291 5952 ᾒθιὸ]
332 5868 700 5952 γεννηθέντων
715 5879 848 5952 _(sic)
986 5868 1104 5952 (Ima:
1135 5868 1284 5952 Tacta
1326 5868 1447 5935 ειιιὶε
1477 5886 1626 5937 Ann.
1667 5895 1798 5938 caete

1904 5868 2298 5952 γεννηθέντωνΪ
2318 5868 2485 5936 Ρᾷυιο
2518 5888 2640 5950 post
2674 5868 2762 5952 εἰς
2791 5868 3100 5952 interimi;

3145 5866 3326 5929 uncis'
3350 5866 3568 5924 inclusit

144 5938 393 6000 δεισιἑο
417 5938 609 6017 legisse
639 5938 852 6003 vidétui'
877 5949 972 6003 Ge.
998 5938 1151 6006 'Cum'
1188 5954 1344 6007 codd.
1365 5952 1491 6007 facit
1508 5953 1658 6007 Ann.
1733 5956 1779 5985 νο

146 6007 196 6041 οι
212 6013 291 6051 νηὶ
320 6033 403 6051 nm
466 6019 495 6051 Δ
599 6020 643 6050 νε
664 6019 965 6051 ,τηρεε-ειη...
1004 6019 1043 6051 ι’
1130 6023 1176 6051 n
1205 6023 1277 6051 Α.-
1311 6024 1593 6051 ..............L
1632 6024 1798 6051 -λ.......

1907 5938 2020 6051 hil
2044 5938 2184 6051 .3119;
2197 5953 2505 6051 F513;”:
2514 5938 2585 6051 Ἢ
2594 5938 3145 6051 ἒῗέῖαίίίέβςῖθδέῑ
3164 5941 3320 6051 Ξῗὲῗῖ.
3339 5938 3568 6051 λέξηδὟ

212 6013 296 6067 καὶ
320 6033 426 6073 om.
459 6006 523 6072 Ᾰ.
599 6020 643 6050 ⁸³
660 6019 968 6088 ἀποστῆσαι
1001 6019 1064 6076 Ε.
1130 6023 1176 6058 ⁸⁸
1302 6006 1806 6089 ίγειμερινὴηπάννη
1837 6022 1898 6077 E.
1971 6006 2020 6055 ⁵⁷⁸
2050 6006 2245 6090 εὐχαρῖ
2276 6006 2501 6089 ε’ῖσεται]
2534 6006 2915 6092 εὐχαριστήσει
2948 6006 3013 6075 Κ.
3089 6016 3134 6051 ’⁸
3164 6006 3320 6069 τίοῧτύ
3345 6023 3471 6069 omo
3500 6006 3572 6062 Αο
