4058 6356
212 442 319 501 333

211 556 441 628 apostoli
481 554 695 609 nomine
722 552 939 623 dignum
967 567 1085 607 esse
1111 553 1327 622 putabat
1360 552 1433 621 (l.
1460 549 1577 606 Cor.
1612 552 1698 606 l5.
1727 552 1781 605 8.

211 652 289 718 9).
327 648 477 703 llunc
507 646 684 716 itaque
710 645 1020 699 aemulemur
1050 651 1102 698 et
1134 644 1421 697 imitemur.
1457 641 1785 696 lmitabimur

209 751 390 797 autem
410 741 455 795 si
483 754 511 791 a
540 749 679 795 terra
718 752 781 793 ac
810 736 1033 793 terrenis
1060 736 1282 805 negotiis
1318 736 1619 791 liberemur.
1647 734 1783 789 Nihil

209 832 355 888 enim
378 832 449 887 ita
477 829 823 900 ignorantiam
853 829 934 883 sui
968 828 1135 897 parit,
1168 836 1225 881 ut
1250 828 1581 881 smeularinm
1607 842 1785 882 rerum

207 924 433 979 all'ectus
460 941 474 978 :
500 922 738 991 nihilque
763 921 835 975 ita
861 921 1191 975 saecularium
1222 935 1401 974 rerum
1428 918 1671 973 allectum
1698 933 1787 987 pa-

210 1019 317 1081 rit,
347 1025 406 1070 ut
432 1014 725 1085 ignorantia
754 1012 833 1067 sui
866 1030 879 1066 :
907 1011 1168 1081 siquidem
1197 1026 1359 1065 unum
1391 1010 1586 1079 pendet
1608 1008 1674 1061 ab
1702 1009 1751 1062 al
1770 1037 1783 1047 -

212 1120 349 1164 tero.
371 1107 516 1163 Sicut
537 1104 678 1161 enim
701 1105 743 1159 is
767 1106 854 1175 qui
878 1112 1148 1158 externam
1166 1102 1386 1172 gloriam
1412 1112 1554 1155 amat
1574 1110 1627 1155 et
1652 1116 1788 1169 prm-

210 1203 378 1257 sentia
406 1215 594 1271 magna
624 1214 741 1254 esse
764 1206 931 1267 putat,
954 1196 1159 1251 etiamsi
1190 1194 1238 1249 id
1265 1195 1457 1248 millies
1482 1194 1783 1257 tentaverit,

212 1295 337 1350 huic
365 1308 470 1348 non
502 1293 733 1361 seipsum
761 1306 920 1345 nosse
945 1289 1256 1343 conceditur
1282 1304 1297 1341 :
1329 1288 1407 1342 sic
1433 1288 1520 1356 qui
1549 1287 1785 1355 seipsum

210 1386 455 1458 despicit,
480 1400 539 1440 se
564 1384 1042 1453 facile-cognoscet.
1066 1381 1199 1436 Cum
1225 1394 1349 1435 vero
1371 1395 1491 1435 sese
1514 1378 1779 1444 didicerit,

1145 436 1209 491 IN
1249 436 1646 492 ΜᾹΪἸῚΙΔΕΗΜ
1691 437 1914 491 ll0.\llL.
1958 434 2143 490 XXVI.
2186 437 2257 490 al.
2299 435 2513 491 XXVII.

3363 436 3465 490 35$

1889 551 1954 603 ad
1984 560 2204 605 creteras
2233 568 2419 607 omnes
2442 552 2650 605 virtutis
2677 562 2851 619 partes
2877 551 3149 618 procedet.
3193 548 3265 607 Ut
3312 552 3470 621 igitur

1893 642 2163 711 pulchram
2198 643 2333 697 hanc
2362 642 2638 697 scientiam
2666 644 3023 712 adipiscamur
3047 685 3060 704 ,
3092 643 3296 697 liberati
3327 659 3355 697 a
3388 660 3472 698 re-

1892 733 1987 785 bus
2011 734 2164 787 ﬂuxis
2186 734 2453 799 omnibus,
2479 750 2597 803 quae
2619 750 2861 803 magnam
2888 736 2937 788 in
2962 736 3115 789 nobis
3141 735 3471 789 succendunt

1892 826 2178 887 ﬂammam,
2202 835 2255 879 et
2285 827 2537 879 vilitatem
2571 837 2804 879 n0stram
2835 836 3010 880 notant
3042 827 3321 890 habentes,
3356 844 3468 881 om-

1890 931 2011 973 nem
2037 918 2380 973 exhibeamus
2403 920 2754 974 humilitatem
2783 930 2941 990 atque
2967 921 3380 991 philosophiam,
3413 932 3472 976 ut

1892 1020 1944 1062 et
1977 1012 2257 1078 praesentia
2288 1019 2342 1063 et
2371 1012 2542 1066 futura
2575 1011 2711 1065 bena
2742 1027 3166 1080 consequamur,
3207 1015 3373 1083 gratia
3418 1025 3473 1067 et

1892 1103 2253 1155 misericordia
2284 1105 2487 1156 Domini
2515 1105 2679 1157 nostri
2706 1104 2834 1159 Jesu
2861 1104 3054 1158 Christi
3082 1147 3095 1168 ,
3124 1106 3335 1172 quicum
3370 1106 3469 1158 Pa-

1894 1194 1955 1247 tri
1983 1195 2173 1264 gloria,
2209 1196 2509 1265 imperium,
2541 1196 2732 1261 honor,
2757 1212 2876 1250 cmn
2905 1208 3112 1260 sancto,
3143 1184 3283 1250 bono
3312 1207 3364 1250 et
3391 1199 3472 1251 vi-

1892 1287 2046 1341 vilico
2072 1289 2290 1357 Spiritu,
2318 1305 2456 1345 nunc
2497 1300 2550 1344 et
2596 1306 2808 1360 semper
2851 1300 2900 1345 et
2945 1291 2995 1344 in
3032 1291 3222 1344 Saecula
3250 1292 3474 1345 sa-culo-

1892 1397 2031 1435 rum.
2060 1382 2248 1435 Ann-ti.

2026 1537 2237 1545 -__...

1295 1616 1645 1679 HOMlLlA
1689 1618 1923 1681 XXVI.
1970 1619 2052 1681 al.
2095 1617 2365 1680 XXVII.

211 1791 339 1845 Car.
367 1786 421 1842 8.
446 1801 498 1838 ν.
528 1784 582 1839 5.
633 1780 757 1836 Cant
798 1788 963 1832 autem
1000 1778 1250 1845 ingressus
1284 1781 1407 1827 esset
1445 1769 1783 1837 Capernaum,

282 1879 490 1934 accessit
524 1875 592 1929 ad
629 1871 1017 1945 eum‘ceuturio,
1046 1882 1231 1936 rogans
1259 1880 1393 1927 eum,
1417 1864 1469 1916 6.
1498 1870 1544 1913 et
1574 1861 1743 1913 dicens
1768 1875 1787 1913 .'

280 1972 517 2034 Domine,
542 1984 664 2038 puer
691 1981 831 2017 meus
844 1964 979 2033 jacet
1000 1962 1053 2013 in
1071 1961 1218 2013 domo
1235 1956 1566 2029 paralyticus,
1592 1963 1636 2007 et
1659 1952 1789 2005 male

282 2072 561 2132 torquetur.

281 2156 334 2210 ι.
364 2154 635 2221 Leprosus
660 2146 899 2216 quidem.
930 2157 1051 2198 cum
1086 2138 1448 2196 descendisset
1476 2136 1543 2191 de
1572 2144 1751 2189 monte
1770 2176 1785 2199 ,

214 2245 437 2301 accessit
466 2262 479 2299 :
512 2242 600 2296 hic
640 2254 769 2294 vero
809 2235 1049 2291 centurio
1074 2274 1088 2299 ,
1130 2242 1406 2301 postquam
1451 2229 1700 2282 intrasset
1737 2226 1789 2279 in

214 2340 566 2409 Capernaum.
595 2332 703 2387 Cur
739 2343 865 2398 ergo
888 2368 903 2391 ,
936 2340 1106 2396 neque
1134 2324 1218 2378 hic
1244 2336 1416 2392 neque
1446 2320 1534 2375 ille
1564 2320 1617 2373 in
1638 2333 1792 2371 mon-

218 2440 321 2482 tem
357 2422 732 2482 accesserunt?
778 2420 894 2474 Non
937 2418 1007 2471 ob
1053 2414 1330 2485 segnitiem
1362 2428 1375 2465 :
1403 2426 1526 2464 nam
1566 2417 1791 2477 uterque

217 2518 319 2573 ﬁde
343 2515 633 2578 ardebat‘;
664 2511 758 2567 sed
780 2525 846 2564 ne
870 2508 1148 2562 docentem
1179 2502 1599 2571 interpellarent.
1622 2501 1792 2553 Acce-

216 2612 346 2665 dens
373 2616 553 2662 autem
579 2605 711 2659 dixit
738 2620 750 2656 :
782 2602 917 2655 Puer
946 2616 1087 2653 meus
1112 2600 1250 2667 jacet
1279 2597 1330 2649 in
1360 2597 1509 2648 domo
1536 2591 1789 2663 paralyti-

218 2720 325 2767 cus,
345 2712 391 2755 et
412 2700 545 2753 male
567 2705 841 2767 torquetur.
866 2693 1090 2759 Quidam
1117 2693 1298 2744 dicunt
1318 2703 1460 2751 eutn,
1486 2697 1542 2740 ut
1569 2700 1687 2740 sese
1708 2700 1792 2738 ex-

216 2805 446 2857 cusaret,
490 2807 704 2847 causam
751 2789 967 2851 dixisse,
1014 2802 1108 2840 cur
1145 2800 1266 2838 eum
1315 2798 1417 2835 non
1461 2780 1787 2834 adduxisset.

215 2886 327 2940 Non
352 2885 493 2940 enim
520 2891 746 2950 poterat,
776 2880 1035 2948 inquiunt,
1057 2875 1374 2945 paralyticos
1394 2871 1480 2940 qui
1512 2870 1794 2939 torqueba-

218 2989 331 3043 tur,
365 2986 417 3031 et
449 2985 743 3031 extremum
769 2972 877 3041 jam
907 2970 1120 3025 el‘llabat
1146 2968 1365 3021 halitum
1402 2964 1617 3034 gestari.
1658 2961 1788 3015 Nam

216 3087 336 3126 eum
354 3070 464 3138 jam
495 3069 546 3121 in
574 3066 825 3122 extremis
856 3065 1017 3117 fuisse
1041 3070 1222 3116 narrat
1249 3061 1316 3113 ita
1346 3059 1514 3113 Lucas
1546 3075 1556 3108 :
1592 3055 1657 3109 Et
1684 3069 1793 3108 mo-

217 3167 406 3219 riturus
436 3172 543 3217 erat
569 3160 717 3231 (Luc.
748 3160 799 3212 7.
826 3156 901 3228 2).
935 3156 1045 3226 Ego
1066 3168 1193 3208 vero
1220 3152 1269 3205 id
1296 3159 1421 3221 puto
1446 3151 1651 3219 signum
1674 3160 1793 3202 esse

218 3270 421 3324 magna;
452 3253 589 3307 illius
617 3252 760 3315 lidel,
788 3258 843 3304 et
866 3248 1032 3302 nmlto
1061 3244 1297 3314 majoris,
1317 3257 1473 3311 quam
1496 3254 1679 3294 eorum
1703 3236 1793 3307 qui

219 3364 310 3415 per
337 3356 535 3401 tectum
563 3343 885 3399 demiserunt
911 3339 1098 3410 (Marc.
1122 3336 1174 3390 2.
1201 3337 1277 3404 4).
1306 3332 1439 3400 Quia
1465 3332 1607 3387 enim
1629 3329 1793 3401 probe

215 3438 422 3493 sciebat
442 3436 557 3489 solo
581 3433 785 3488 Domini
808 3439 1073 3503 praecepto
1088 3430 1351 3499 jacentem
1373 3438 1592 3495 surgere
1612 3436 1790 3491 posse,

216 3528 547 3601 superﬂuum
577 3526 791 3595 ptttztbal
819 3540 937 3579 esse
964 3524 1136 3591 ipsum
1164 3521 1449 3575 adducere.
1476 3515 1611 3583 Quid
1639 3515 1795 3584 igitur

216 3625 412 3685 Jesus‘t
455 3621 605 3689 Quod
653 3635 909 3689 nusquam
941 3604 1168 3679 fécerat,
1201 3616 1284 3669 hic
1323 3612 1461 3666 fecit.
1496 3612 1623 3665 Cum
1650 3608 1793 3663 enim

222 3718 416 3785 ubique
442 3714 848 3785 supplicantium
874 3711 1198 3765 voluntatem
1227 3714 1555 3775 sequeretur,
1578 3702 1663 3755 hic
1681 3714 1796 3770 pro-

220 3809 359 3873 silit,
387 3822 486 3861 nec
519 3821 577 3859 se
605 3815 910 3858 curaturum
941 3811 1141 3855 tantum
1164 3841 1179 3864 ,
1213 3798 1307 3854 scd
1336 3797 1551 3851 domum
1585 3805 1795 3863 quoque

223 3912 499 3959 venturum
529 3901 821 3969 pollicetur.
855 3898 906 3951 Id
935 3913 1061 3950 vero
1086 3896 1227 3960 facit,
1254 3903 1312 3947 ut
1336 3888 1662 3945 centurionis
1689 3887 1793 3939 vir-

224 4004 389 4049 tutem
414 3968 699 4047 discamus.
723 3989 832 4043 Nisi
860 3988 1001 4042 enim
1027 3987 1126 4040 hoc
1152 3968 1499 4055 promisisset,
1522 3978 1615 4034 sed
1634 3977 1796 4032 dixis-

224 4096 319 4147 set,
361 4082 524 4144 Vade,
553 4091 765 4135 sanetur
790 4095 921 4149 puer
952 4088 1070 4130 tuus
1104 4093 1116 4128 :
1148 4075 1271 4126 nihil
1299 4078 1482 4125 horum
1514 4083 1797 4138 cognosce-

224 4189 421 4229 remus.
458 4172 686 4240 ldipsum
721 4170 878 4222 etiam
906 4184 1028 4236 erga
1058 4163 1385 4219 thnlssam
1413 4161 1687 4214 mulierem
1716 4156 1793 4211 le-

223 4268 311 4324 cit,
341 4262 443 4317 etsi
486 4262 752 4315 contrario
799 4258 956 4312 modo
1003 4255 1209 4329 (Marc.
1254 4256 1301 4307 7.
1342 4254 1429 4307 26.
1483 4252 1650 4323 sqq.).
1699 4248 1795 4303 Hic

221 4356 361 4411 enim
390 4370 487 4408 nec
513 4361 725 4407 vocatus
748 4350 797 4403 in
819 4349 1057 4411 domum,
1080 4362 1137 4400 se
1162 4361 1281 4400 esse
1307 4353 1582 4398 venturum
1609 4352 1796 4411 sponte

222 4448 366 4507 dicit,
394 4455 451 4500 ut
472 4446 644 4498 discas
665 4440 989 4496 centurionis
1010 4438 1166 4492 ﬁdem
1194 4436 1515 4503 multamque
1540 4434 1797 4487 humilita-

225 4551 331 4595 tem
357 4555 370 4591 :
401 4538 454 4592 in
485 4535 757 4591 thnissa
798 4548 924 4586 vero
962 4531 1159 4585 donum
1202 4529 1466 4598 denegat,
1522 4528 1795 4595 ipsamque

222 4637 653 4700 perseverantem
685 4626 737 4679 in
767 4624 984 4677 dubium
1004 4620 1235 4690 conjicit.
1263 4618 1392 4673 Nam
1420 4634 1537 4671 cum
1561 4632 1718 4685 sagax
1744 4624 1797 4669 et

224 4721 424 4788 peritus
451 4718 518 4771 sit
546 4716 800 4776 medicus,
821 4713 1085 4769 contraria
1105 4712 1388 4765 contrariis
1414 4711 1607 4765 elicere
1629 4710 1794 4765 novit.

225 4811 290 4865 Et
318 4810 406 4864 hic
434 4808 646 4879 quidem
674 4822 766 4876 per
794 4815 1144 4875 spontaneum
1173 4804 1455 4859 adventum
1482 4846 1495 4867 ,
1530 4804 1637 4857 illic
1667 4818 1797 4857 vero

224 4918 318 4971 per
339 4901 642 4954 diuturnam
671 4897 998 4956 dilationem.
1022 4903 1075 4949 et
1092 4896 1355 4964 repulsam
1381 4896 1536 4950 tidem
1560 4894 1798 4947 mulieris

221 4995 413 5063 aperit.
438 4993 525 5047 Sic
546 4993 706 5047 etiam
725 5004 849 5059 erga
877 4988 1237 5042 Abrahamum
1260 4987 1379 5041 fecit
1410 4987 1594 5041 dicens
1627 5004 1640 5039 :
1676 4984 1798 5039 Non

222 5087 391 5140 celabo
412 5101 624 5155 puerum
646 5099 807 5137 meum
827 5081 1080 5135 Abraham
1108 5079 1258 5150 (Gen.
1284 5080 1369 5135 18.
1395 5081 1485 5150 ΓΙ)
1508 5099 1520 5133 :
1546 5088 1601 5133 ut
1624 5079 1797 5134 discas

224 5178 365 5231 illius
388 5191 659 5240 amorem,
688 5182 743 5227 ct
764 5183 1013 5243 quantam
1042 5171 1109 5226 de
1136 5172 1383 5227 Sodomis
1411 5172 1795 5240 providentiam

224 5274 453 5336 gereret.
486 5267 550 5320 Et
569 5266 657 5335 qui
680 5265 743 5317 ad
770 5264 958 5317 Lotum
980 5263 1126 5317 missi
1149 5271 1321 5328 erant,
1351 5263 1552 5331 ingredi
1582 5263 1797 5316 domum

226 5361 345 5428 eiss
378 5359 585 5422 nolunt,
618 5364 676 5409 ut
697 5355 824 5425 justi
851 5354 1264 5423 hospitalitatem
1296 5354 1583 5408 edisceres.

298 5449 618 5504 Centurionis
637 5448 781 5518 ﬁdes.
801 5478 871 5487 —
890 5447 1025 5514 Quid
1050 5448 1207 5517 igitur
1221 5448 1293 5501 ait
1314 5447 1587 5501 centurio?
1613 5447 1665 5501 8.
1692 5446 1801 5500 Do-

228 5544 380 5606 mine,
405 5559 506 5595 non
532 5558 644 5594 sum
663 5542 865 5611 dignus,
894 5550 948 5593 ut
972 5541 1125 5593 intres
1154 5541 1245 5592 sub
1270 5547 1449 5593 tectum
1480 5554 1661 5591 meum.
1693 5544 1800 5592 Au-

228 5634 437 5689 diamus
478 5639 736 5701 quotquot
780 5630 1023 5683 volumus
1080 5629 1351 5683 Christum
1411 5629 1694 5698 excipere,
1742 5636 1801 5683 ut

230 5738 371 5780 nunc
411 5723 571 5777 etiam
611 5735 911 5791 possumus.
962 5720 1252 5776 Audiamus
1290 5730 1344 5777 et
1390 5721 1691 5789 imitemur,
1738 5736 1801 5777 ac

1547 5863 1580 5877 ν

299 5881 317 5911 ⁸
350 5840 564 5941 Quidam,
586 5877 805 5943 utrinque
828 5887 959 5930 recta
982 5878 1119 5945 ﬁdes.

1894 1784 2015 1824 cum
2044 1771 2153 1840 puri
2185 1771 2333 1827 illum
2358 1774 2571 1828 studio‘
2601 1777 2923 1846 excipiamus
2952 1797 2964 1832 :
2997 1795 3115 1833 cum
3154 1782 3296 1834 enim
3340 1798 3473 1851 pau-

1894 1878 2105 1931 perem,
2135 1865 2457 1920 esurientem
2480 1879 2532 1921 et
2563 1869 2760 1923 nudum
2788 1871 2991 1939 excipis
3010 1912 3023 1934 ,
3057 1872 3200 1925 illum
3229 1883 3281 1927 et
3311 1890 3472 1927 exce-

1896 1956 2019 2025 pisti
2047 1966 2099 2009 et
2128 1958 2324 2011 altnsti.
2355 1958 2462 2013 Sed
2486 1972 2677 2014 tantum
2701 1963 2781 2016 die
2808 1966 2971 2027 verba,
2995 1975 3041 2018 et
3068 1967 3326 2020 sanabitur
3351 1985 3475 2036 puer

1896 2064 2037 2101 meus
2103 2049 2234 2104 Vide
2260 2052 2626 2107 centurionem
2660 2055 2876 2122 perinde
2900 2067 3057 2126 atqtte
3086 2059 3353 2127 leprosum
3380 2076 3474 2113 ve-

1895 2156 2006 2194 rant
2036 2140 2102 2195 de
2130 2142 2339 2197 Christo
2366 2145 2610 2200 habuisse
2632 2148 2955 2218 opinionem.
2989 2150 3116 2201 Nam
3138 2160 3192 2204 et
3214 2152 3325 2217 ipse
3347 2166 3476 2216 quoe

1896 2248 1999 2301 que
2047 2248 2151 2287 non
2194 2234 2347 2298 dixit,
2384 2236 2562 2306 Roga;
2605 2254 2707 2291 non
2737 2238 2889 2304 dixit,
2924 2240 3167 2303 Precare,
3203 2242 3473 2309 supplii-a;

1896 2322 1988 2376 sed
2013 2325 2205 2386 solum,
2233 2324 2458 2394 Impera.
2485 2327 2686 2382 Deinde
2714 2329 2929 2391 timens,
2955 2346 3021 2384 ne
3044 2346 3137 2399 per
3162 2331 3475 2384 modestiam

1897 2424 2164 2478 renueret,
2196 2415 2327 2469 dixit
2357 2435 2369 2469 :
2399 2417 2452 2473 9.
2486 2416 2623 2471 Nam
2643 2431 2689 2473 et
2715 2438 2805 2491 ego
2826 2422 2975 2474 homo
2994 2439 3105 2475 sum
3125 2424 3213 2478 sub
3237 2433 3478 2493 potestate

1897 2506 2220 2572 constitutus,
2250 2507 2435 2561 habens
2455 2513 2544 2562 sub
2574 2528 2654 2563 me
2677 2513 2897 2577 milites;
2928 2523 2971 2565 et
2998 2514 3110 2567 dico
3139 2515 3273 2575 huic,
3313 2514 3475 2581 Vade,

1897 2606 1942 2649 et
1967 2599 2100 2651 vadit
2127 2614 2145 2650 :
2170 2609 2217 2651 et
2246 2601 2353 2663 alii,
2392 2602 2531 2667 Veni,
2560 2613 2609 2657 et
2636 2606 2767 2657 venit
2794 2624 2810 2658 :
2836 2616 2881 2659 et
2906 2622 3046 2660 servo
3071 2624 3200 2672 meo,
3228 2608 3335 2662 Fac
3355 2611 3471 2673 hoc,

1899 2700 1943 2741 et
1974 2691 2116 2758 facit.
2152 2690 2217 2745 Et
2245 2693 2369 2761 quid
2397 2694 2537 2756 inde,
2559 2696 2784 2767 inquies,
2805 2699 2849 2753 si
2872 2701 3109 2753 centurio
3134 2702 3211 2756 sic
3237 2703 3478 2769 suspica-

1902 2790 1986 2834 tus
2011 2782 2113 2834 sit?
2142 2782 2270 2837 Nam
2299 2784 2349 2838 id
2380 2786 2657 2854 quieritur,
2690 2789 2732 2841 si
2767 2789 2866 2843 hoc
2893 2788 3135 2844 Christus
3164 2792 3474 2859 protulerit,

1898 2878 1953 2923 et
1977 2874 2386 2927 continuaverit.
2418 2875 2648 2932 Pulchre
2675 2887 2729 2931 et
2754 2879 3038 2935 admodum
3071 2882 3360 2950 prudenter
3392 2884 3477 2937 di-

1898 2962 1997 3016 cis.
2038 2963 2178 3032 Ergo
2208 2963 2308 3019 hoc
2338 2966 2507 3035 ipsum
2538 2968 2812 3024 videamus
2842 2988 2855 3023 :
2888 2986 3008 3024 nam
3039 2972 3368 3027 inveniemus
3396 2974 3477 3027 id-

1901 3057 2070 3124 ipsum
2096 3057 2238 3126 quod
2268 3058 2321 3113 in
2350 3061 2559 3130 leproso
2586 3061 2673 3116 hic
2708 3063 2904 3118 factum
2939 3080 3079 3119 esse.
3123 3066 3478 3133 Quemadmo-

1899 3148 2023 3203 dum
2051 3149 2462 3221 cnim’leprosus
2484 3196 2499 3217 ,
2530 3154 2591 3209 Si
2628 3157 2699 3209 vis
2718 3197 2733 3220 ,
2775 3157 2907 3211 dixit
2936 3159 3142 3228 (neque
3172 3176 3236 3214 ex
3267 3161 3479 3231 leproso

1900 3249 2102 3295 tantum
2143 3244 2487 3299 conllrmatur
2526 3246 2718 3301 Christi
2765 3250 2997 3317 potentia
3021 3291 3035 3313 ,
3079 3250 3173 3305 sed
3212 3251 3371 3306 etiam
3412 3269 3477 3307 ex

1899 3330 2095 3386 Christi
2126 3350 2255 3389 voce
2290 3352 2303 3388 :
2334 3352 2437 3389 non
2480 3337 2640 3391 modo
2680 3340 2820 3393 enim
2861 3341 2975 3409 ejus
3017 3342 3322 3410 opinionem
3371 3359 3477 3399 non

1902 3424 2174 3491 refutavit,
2201 3428 2292 3481 sed
2325 3428 2483 3482 etiam
2512 3431 2866 3498 conﬁrmavit,
2894 3448 3013 3486 cum
3048 3433 3097 3486 id
3126 3434 3267 3503 quod
3292 3452 3479 3504 super-

1901 3519 2064 3573 ﬂuum
2089 3520 2364 3574 videbatur
2383 3538 2500 3575 esse
2525 3521 2735 3592 adjecit,
2764 3533 2817 3578 et
2846 3525 3001 3591 dixit,
3036 3524 3180 3592 Volo,
3210 3528 3474 3593 mundare,

1902 3620 1955 3665 ut
1984 3613 2098 3681 ejus
2125 3615 2441 3668 sententiam
2474 3615 2703 3670 lirinaret
2731 3622 2748 3684 )
2784 3638 2797 3672 :
2826 3617 2903 3673 sic
2930 3627 2983 3672 et
3013 3618 3112 3674 hoc
3141 3621 3257 3675 loco
3288 3622 3476 3690 explo-

1900 3703 2124 3756 randum
2149 3715 2269 3769 est,
2302 3721 2426 3759 num
2456 3706 2579 3774 quid
2607 3707 2779 3762 simile
2810 3710 3000 3763 factum
3027 3711 3094 3764 sit
3127 3726 3141 3766 :
3174 3727 3295 3765 nam
3327 3712 3477 3768 inve-

1903 3793 2111 3848 niemus
2141 3795 2367 3865 idipsum
2398 3797 2482 3850 hic
2506 3798 2779 3854 accidisse.
2807 3801 2939 3855 Cum
2963 3802 3102 3856 enim
3133 3806 3372 3858 centurio
3396 3814 3476 3858 ta-

1901 3887 1969 3941 lia
1996 3888 2233 3954 dixisset,
2266 3901 2318 3944 et
2344 3900 2502 3945 tanta:
2534 3895 2777 3961 potestati
2812 3897 3170 3951 testimonium
3196 3898 3471 3964 dedisset,

1902 3996 2007 4035 nou
2037 3981 2197 4036 modo
2229 3999 2331 4055 non
2365 3983 2738 4052 reprehendit,
2778 3987 2869 4041 sed
2908 3996 2961 4041 et
2988 3987 3333 4057 approbavit,
3368 3989 3478 4043 imo

1901 4074 2128 4144 amplius
2158 4075 2425 4145 quidpiam
2457 4077 2596 4129 fecit.
2629 4076 2811 4147 Neque
2848 4078 3017 4132 solum
3049 4080 3181 4133 dixit
3207 4082 3474 4149 evangeli-

1902 4174 2003 4226 sta,
2033 4166 2303 4219 Christum
2336 4168 2451 4235 ejus
2474 4167 2613 4221 dicta
2646 4168 2919 4233 laudasse;
2948 4169 3041 4224 sed
3072 4180 3125 4223 et
3149 4171 3318 4225 laudis
3346 4173 3477 4225 sub-

1903 4256 2179 4311 limitatem
2210 4257 2449 4313 indicans
2472 4259 2625 4323 dixit,
2647 4276 2767 4313 eum
2794 4260 3108 4315 admiratum
3140 4275 3279 4326 esse,
3308 4278 3479 4333 neque

1904 4361 2104 4405 tantum
2128 4350 2443 4405 admiratum
2475 4368 2613 4416 esse,
2634 4353 2725 4406 sed
2748 4354 2905 4408 etiam
2929 4355 3071 4407 omni
3097 4364 3360 4423 prtesente
3386 4372 3480 4425 po-

1902 4444 2048 4513 pulo,
2078 4444 2198 4497 aliis
2225 4444 2525 4512 exemplum
2558 4444 2769 4498 dedisse
2794 4486 2807 4505 ,
2844 4455 2898 4498 ut
2932 4445 3081 4499 illum
3122 4446 3476 4502 imitarentur.

1905 4535 2091 4589 Viden‘
2126 4534 2396 4604 quomodo
2421 4534 2610 4603 singuli
2640 4534 2731 4603 qui
2768 4534 3187 4589 testiﬁcabantur
3214 4537 3311 4605 ipsi
3339 4579 3352 4601 ,
3384 4553 3482 4608 po-

1903 4628 2121 4682 tentiam
2169 4626 2332 4696 ipsius
2376 4625 2738 4680 mirabantur?
2781 4626 2845 4680 Et
2886 4627 3168 4696 stupebant
3208 4630 3375 4685 turba:
3411 4631 3480 4685 de

1902 4717 2141 4770 doctrina
2177 4716 2313 4783 ejus,
2354 4718 2474 4786 quia
2518 4727 2783 4786 tamquam
2813 4728 3126 4788 potestatem
3154 4721 3356 4777 habens
3383 4723 3480 4777 do-

1903 4809 2088 4871 cebat;
2123 4824 2220 4864 nec
2238 4810 2408 4863 solum
2439 4828 2541 4863 non
2571 4812 2934 4879 reprehendit,
2959 4814 3051 4867 sed
3075 4815 3232 4868 etiam
3254 4830 3375 4870 cum
3402 4819 3481 4871 eis

1907 4900 1973 4954 de
2004 4909 2185 4955 monte
2213 4900 2510 4967 descendit,
2536 4917 2599 4956 ac
2630 4903 2839 4972 leproso
2870 4905 3140 4969 mundato,
3176 4906 3387 4961 illorum
3411 4908 3481 4963 de

1904 5009 1963 5047 se
1990 4992 2293 5061 opinionem
2323 4992 2567 5045 firmavit.
2601 4993 2812 5048 Dicebat
2853 4995 2975 5057 ille,
3006 4995 3068 5049 Si
3106 4996 3207 5061 vis,
3239 5007 3379 5066 potes
3402 5015 3483 5053 me

1904 5084 2149 5136 mundare
2166 5101 2186 5148 ;
2230 5100 2327 5138 nec
2354 5084 2513 5137 modo
2542 5084 2685 5137 illum
2715 5100 2819 5137 non
2848 5087 3171 5155 increpavit,
3201 5088 3293 5142 sed
3318 5086 3483 5143 etiam

1907 5186 1963 5228 ut
1993 5177 2105 5244 ipse
2129 5176 2352 5240 dixerat,
2386 5176 2464 5229 sic
2488 5176 2576 5229 ille
2603 5177 2823 5230 curavit.
2855 5177 3083 5232 Rursum
3112 5178 3197 5233 hic
3225 5188 3477 5233 centena-

1906 5269 2016 5322 rius
2044 5266 2253 5323 dicebat
2277 5285 2289 5319 :
2315 5266 2409 5319 llic
2430 5266 2574 5320 verba
2596 5276 2806 5333 tantum,
2820 5278 2866 5321 et
2886 5268 3143 5321 sanabitur
3161 5286 3286 5338 puer
3305 5286 3443 5323 meus
3464 5287 3482 5324 :

1906 5369 1959 5414 et
1986 5359 2253 5413 admirans
2280 5358 2452 5427 ipsum
2474 5357 2683 5412 diccbat
2713 5375 2725 5409 :
2757 5357 2841 5411 10.
2874 5356 2993 5411 Non
3022 5359 3186 5414 inveni
3205 5369 3398 5414 tantum
3421 5363 3484 5430 fi-

1907 5453 2019 5507 dem
2048 5453 2101 5505 in
2130 5450 2314 5505 Israel.

1976 5545 2031 5598 2.
2065 5543 2133 5599 Ut
2155 5553 2326 5597 autem
2351 5541 2620 5596 contrario
2647 5541 2889 5610 exemplo
2918 5541 3039 5595 illud
3067 5542 3273 5597 ediscas
3304 5561 3317 5598 :
3344 5560 3479 5614 quo-

1908 5636 2048 5691 niam
2090 5632 2290 5687 Martba
2335 5632 2465 5687 nihil
2506 5632 2693 5686 horum
2728 5632 2953 5697 dixerat,
3003 5633 3095 5688 sed
3134 5634 3481 5699 contrarium,

1912 5724 2275 5794 Quodcumque
2316 5723 2600 5793 poposceris
2637 5740 2669 5775 a
2711 5721 2839 5787 Deo,
2878 5723 3016 5777 dabit
3051 5724 3138 5778 tibi
3173 5722 3349 5797 (Joan.
3393 5725 3482 5780 ll.

1973 5882 1992 5914 ⁸
2024 5878 2219 5943 Quidam
2240 5878 2441 5939 habent,
2463 5875 2582 5942 ﬁde,
2604 5890 2709 5942 pro,
2732 5876 2909 5929 studio.
