  <div class='ocr_page' id='page_1' title='image "/cluster/home/n/w/nwhite01/storage/ocr_20150623/57/nnc1.0046980075/261.png"; bbox 0 0 4038 6364; ppageno 0'>
   <div class='ocr_carea' id='block_1_1' title="bbox 589 359 698 418">
    <p class='ocr_par' dir='ltr' id='par_1_1' title="bbox 589 359 698 418">
     <span class='ocr_line' id='line_1_1' title="bbox 589 359 698 418; baseline -0.018 0"><span class='ocrx_word' id='word_1_1' title='bbox 589 359 698 418; x_wconf 75' lang='lat'><strong>335</strong></span> 
     </span>
    </p>
   </div>
   <div class='ocr_carea' id='block_1_2' title="bbox 587 466 2173 540">
    <p class='ocr_par' dir='ltr' id='par_1_2' title="bbox 587 466 2173 540">
     <span class='ocr_line' id='line_1_2' title="bbox 587 466 2173 540; baseline -0.003 -13"><span class='ocrx_word' id='word_1_2' title='bbox 587 473 719 540; x_wconf 74' lang='lat'><strong>9.2):</strong></span> <span class='ocrx_word' id='word_1_3' title='bbox 750 485 860 526; x_wconf 86' lang='lat' dir='ltr'><strong>non</strong></span> <span class='ocrx_word' id='word_1_4' title='bbox 887 467 1045 524; x_wconf 87' lang='lat' dir='ltr'><strong>modo</strong></span> <span class='ocrx_word' id='word_1_5' title='bbox 1073 483 1176 523; x_wconf 93' lang='lat' dir='ltr'><strong>non</strong></span> <span class='ocrx_word' id='word_1_6' title='bbox 1207 467 1415 522; x_wconf 88' lang='lat' dir='ltr'><strong>laudata</strong></span> <span class='ocrx_word' id='word_1_7' title='bbox 1441 477 1546 534; x_wconf 86' lang='lat' dir='ltr'><strong>est,</strong></span> <span class='ocrx_word' id='word_1_8' title='bbox 1573 466 1782 523; x_wconf 86' lang='lat' dir='ltr'><strong>etiamsi</strong></span> <span class='ocrx_word' id='word_1_9' title='bbox 1810 476 1932 522; x_wconf 87' lang='lat' dir='ltr'><strong>nota</strong></span> <span class='ocrx_word' id='word_1_10' title='bbox 1957 467 2173 522; x_wconf 78' lang='lat' dir='ltr'><strong>Christo</strong></span> 
     </span>
    </p>
   </div>
   <div class='ocr_carea' id='block_1_3' title="bbox 589 560 2178 633">
    <p class='ocr_par' dir='ltr' id='par_1_3' title="bbox 589 560 2178 633">
     <span class='ocr_line' id='line_1_3' title="bbox 589 560 2178 633; baseline -0.003 -12"><span class='ocrx_word' id='word_1_11' title='bbox 589 571 735 621; x_wconf 89' lang='lat' dir='ltr'><strong>esset</strong></span> <span class='ocrx_word' id='word_1_12' title='bbox 758 563 826 617; x_wconf 89' lang='lat' dir='ltr'><strong>ab</strong></span> <span class='ocrx_word' id='word_1_13' title='bbox 845 577 1016 633; x_wconf 87' lang='lat' dir='ltr'><strong>eoque</strong></span> <span class='ocrx_word' id='word_1_14' title='bbox 1049 561 1376 632; x_wconf 75' lang='lat' dir='ltr'><strong>diligeretur,</strong></span> <span class='ocrx_word' id='word_1_15' title='bbox 1416 571 1470 614; x_wconf 90' lang='lat' dir='ltr'><strong>et</strong></span> <span class='ocrx_word' id='word_1_16' title='bbox 1505 560 1614 629; x_wconf 89' lang='lat' dir='ltr'><strong>ipsa</strong></span> <span class='ocrx_word' id='word_1_17' title='bbox 1645 560 1932 616; x_wconf 80' lang='lat' dir='ltr'><strong>admodum</strong></span> <span class='ocrx_word' id='word_1_18' title='bbox 1975 561 2178 617; x_wconf 79' lang='lat' dir='ltr'><strong>coleret</strong></span> 
     </span>
    </p>
   </div>
   <div class='ocr_carea' id='block_1_4' title="bbox 588 651 2176 724">
    <p class='ocr_par' dir='ltr' id='par_1_4' title="bbox 588 651 2176 724">
     <span class='ocr_line' id='line_1_4' title="bbox 588 651 2176 724; baseline -0.003 -12"><span class='ocrx_word' id='word_1_19' title='bbox 588 651 872 716; x_wconf 74' lang='lat' dir='ltr'><strong>eumzsed</strong></span> <span class='ocrx_word' id='word_1_20' title='bbox 899 655 1058 710; x_wconf 81' lang='lat' dir='ltr'><strong>etiam</strong></span> <span class='ocrx_word' id='word_1_21' title='bbox 1087 653 1154 708; x_wconf 92' lang='lat' dir='ltr'><strong>ab</strong></span> <span class='ocrx_word' id='word_1_22' title='bbox 1201 653 1316 724; x_wconf 88' lang='lat' dir='ltr'><strong>ipso</strong></span> <span class='ocrx_word' id='word_1_23' title='bbox 1359 654 1641 707; x_wconf 86' lang='lat' dir='ltr'><strong>emendata</strong></span> <span class='ocrx_word' id='word_1_24' title='bbox 1685 653 1782 707; x_wconf 83' lang='lat' dir='ltr'><strong>fuit</strong></span> <span class='ocrx_word' id='word_1_25' title='bbox 1809 661 1865 707; x_wconf 93' lang='lat' dir='ltr'><strong>ut</strong></span> <span class='ocrx_word' id='word_1_26' title='bbox 1905 669 2024 723; x_wconf 68' lang='lat' dir='ltr'><strong>qua:</strong></span> <span class='ocrx_word' id='word_1_27' title='bbox 2069 668 2176 708; x_wconf 89' lang='lat' dir='ltr'><strong>non</strong></span> 
     </span>
    </p>
   </div>
   <div class='ocr_carea' id='block_1_5' title="bbox 592 741 2176 802">
    <p class='ocr_par' dir='ltr' id='par_1_5' title="bbox 592 741 2176 802">
     <span class='ocr_line' id='line_1_5' title="bbox 592 741 2176 802; baseline -0.003 -1"><span class='ocrx_word' id='word_1_28' title='bbox 592 748 728 802; x_wconf 88' lang='lat' dir='ltr'><strong>bene</strong></span> <span class='ocrx_word' id='word_1_29' title='bbox 757 747 1000 801; x_wconf 74' lang='lat' dir='ltr'><strong>dixisset.</strong></span> <span class='ocrx_word' id='word_1_30' title='bbox 1028 742 1159 798; x_wconf 80' lang='lat' dir='ltr'><strong>Nam</strong></span> <span class='ocrx_word' id='word_1_31' title='bbox 1186 743 1398 798; x_wconf 88' lang='lat' dir='ltr'><strong>dicebat</strong></span> <span class='ocrx_word' id='word_1_32' title='bbox 1426 741 1502 796; x_wconf 91' lang='lat' dir='ltr'><strong>illi</strong></span> <span class='ocrx_word' id='word_1_33' title='bbox 1533 759 1546 792; x_wconf 91' lang='lat'><strong>:</strong></span> <span class='ocrx_word' id='word_1_34' title='bbox 1577 741 1763 796; x_wconf 83' lang='lat' dir='ltr'><strong>Nonne</strong></span> <span class='ocrx_word' id='word_1_35' title='bbox 1791 743 2012 796; x_wconf 78' lang='lat' dir='ltr'><strong>dicebam</strong></span> <span class='ocrx_word' id='word_1_36' title='bbox 2040 741 2127 796; x_wconf 90' lang='lat' dir='ltr'><strong>tibi</strong></span> <span class='ocrx_word' id='word_1_37' title='bbox 2154 756 2176 796; x_wconf 92' lang='lat'><strong><em>:</em></strong></span> 
     </span>
    </p>
   </div>
   <div class='ocr_carea' id='block_1_6' title="bbox 591 832 2176 906">
    <p class='ocr_par' dir='ltr' id='par_1_6' title="bbox 591 832 2176 906">
     <span class='ocr_line' id='line_1_6' title="bbox 591 832 2176 906; baseline -0.002 -15"><span class='ocrx_word' id='word_1_38' title='bbox 591 838 652 892; x_wconf 87' lang='lat' dir='ltr'><strong>Si</strong></span> <span class='ocrx_word' id='word_1_39' title='bbox 677 835 970 900; x_wconf 77' lang='lat' dir='ltr'><strong>credideris,</strong></span> <span class='ocrx_word' id='word_1_40' title='bbox 1005 834 1188 888; x_wconf 85' lang='lat' dir='ltr'><strong>videbis</strong></span> <span class='ocrx_word' id='word_1_41' title='bbox 1220 835 1435 906; x_wconf 87' lang='lat' dir='ltr'><strong>gloriam</strong></span> <span class='ocrx_word' id='word_1_42' title='bbox 1469 832 1564 886; x_wconf 85' lang='lat' dir='ltr'><strong>Dei</strong></span> <span class='ocrx_word' id='word_1_43' title='bbox 1596 832 1773 903; x_wconf 86' lang='lat' dir='ltr'><strong>(Joan.</strong></span> <span class='ocrx_word' id='word_1_44' title='bbox 1802 834 1886 888; x_wconf 81' lang='lat' dir='ltr'><strong>H.</strong></span> <span class='ocrx_word' id='word_1_45' title='bbox 1921 833 2055 902; x_wconf 63' lang='lat'><strong>40)?</strong></span> <span class='ocrx_word' id='word_1_46' title='bbox 2097 833 2176 888; x_wconf 90' lang='lat' dir='ltr'><strong>sic</strong></span> 
     </span>
    </p>
   </div>
   <div class='ocr_carea' id='block_1_7' title="bbox 590 925 2174 998">
    <p class='ocr_par' dir='ltr' id='par_1_7' title="bbox 590 925 2174 998">
     <span class='ocr_line' id='line_1_7' title="bbox 590 925 2174 998; baseline -0.001 -17"><span class='ocrx_word' id='word_1_47' title='bbox 590 930 735 983; x_wconf 83' lang='lat' dir='ltr'><strong>illam</strong></span> <span class='ocrx_word' id='word_1_48' title='bbox 786 926 1185 998; x_wconf 75' lang='lat' dir='ltr'><strong>reprehendens</strong></span> <span class='ocrx_word' id='word_1_49' title='bbox 1228 925 1370 997; x_wconf 88' lang='lat' dir='ltr'><strong>quod</strong></span> <span class='ocrx_word' id='word_1_50' title='bbox 1422 925 1656 980; x_wconf 91' lang='lat' dir='ltr'><strong>nondum</strong></span> <span class='ocrx_word' id='word_1_51' title='bbox 1702 925 2038 981; x_wconf 81' lang='lat' dir='ltr'><strong>credidisset.</strong></span> <span class='ocrx_word' id='word_1_52' title='bbox 2095 926 2174 980; x_wconf 83' lang='lat' dir='ltr'><strong>Ac</strong></span> 
     </span>
    </p>
   </div>
   <div class='ocr_carea' id='block_1_8' title="bbox 591 1017 2172 1088">
    <p class='ocr_par' dir='ltr' id='par_1_8' title="bbox 591 1017 2172 1088">
     <span class='ocr_line' id='line_1_8' title="bbox 591 1017 2172 1088; baseline -0.001 -14"><span class='ocrx_word' id='word_1_53' title='bbox 591 1036 800 1075; x_wconf 88' lang='lat' dir='ltr'><strong>rursum</strong></span> <span class='ocrx_word' id='word_1_54' title='bbox 825 1022 945 1088; x_wconf 83' lang='lat' dir='ltr'><strong>quia</strong></span> <span class='ocrx_word' id='word_1_55' title='bbox 976 1019 1185 1075; x_wconf 89' lang='lat' dir='ltr'><strong>dicebat</strong></span> <span class='ocrx_word' id='word_1_56' title='bbox 1217 1037 1231 1076; x_wconf 92' lang='lat'>:</span> <span class='ocrx_word' id='word_1_57' title='bbox 1262 1019 1600 1086; x_wconf 69' lang='lat' dir='ltr'><strong>Quaecumque</strong></span> <span class='ocrx_word' id='word_1_58' title='bbox 1628 1019 1828 1087; x_wconf 78' lang='lat' dir='ltr'><strong>petieris</strong></span> <span class='ocrx_word' id='word_1_59' title='bbox 1856 1035 1888 1070; x_wconf 91' lang='lat' dir='ltr'><strong>a</strong></span> <span class='ocrx_word' id='word_1_60' title='bbox 1920 1017 2045 1083; x_wconf 90' lang='lat' dir='ltr'><strong>Deo,</strong></span> <span class='ocrx_word' id='word_1_61' title='bbox 2075 1017 2172 1072; x_wconf 90' lang='lat' dir='ltr'><strong>da-</strong></span> 
     </span>
    </p>
   </div>
   <div class='ocr_carea' id='block_1_9' title="bbox 585 1111 2172 1182">
    <p class='ocr_par' dir='ltr' id='par_1_9' title="bbox 585 1111 2172 1182">
     <span class='ocr_line' id='line_1_9' title="bbox 585 1111 2172 1182; baseline -0.001 -15"><span class='ocrx_word' id='word_1_62' title='bbox 585 1113 658 1167; x_wconf 89' lang='lat' dir='ltr'><strong>bit</strong></span> <span class='ocrx_word' id='word_1_63' title='bbox 687 1114 774 1167; x_wconf 88' lang='lat' dir='ltr'><strong>tibi</strong></span> <span class='ocrx_word' id='word_1_64' title='bbox 805 1113 942 1168; x_wconf 88' lang='lat' dir='ltr'><strong>Deus</strong></span> <span class='ocrx_word' id='word_1_65' title='bbox 973 1129 992 1167; x_wconf 88' lang='lat'><strong><em>:</em></strong></span> <span class='ocrx_word' id='word_1_66' title='bbox 1016 1113 1158 1168; x_wconf 86' lang='lat' dir='ltr'><strong>illam</strong></span> <span class='ocrx_word' id='word_1_67' title='bbox 1188 1127 1218 1168; x_wconf 92' lang='lat' dir='ltr'><strong>a</strong></span> <span class='ocrx_word' id='word_1_68' title='bbox 1249 1113 1338 1167; x_wconf 91' lang='lat' dir='ltr'><strong>tali</strong></span> <span class='ocrx_word' id='word_1_69' title='bbox 1368 1113 1620 1182; x_wconf 88' lang='lat' dir='ltr'><strong>opinione</strong></span> <span class='ocrx_word' id='word_1_70' title='bbox 1647 1112 1917 1167; x_wconf 87' lang='lat' dir='ltr'><strong>abducens</strong></span> <span class='ocrx_word' id='word_1_71' title='bbox 1943 1111 2172 1168; x_wconf 90' lang='lat' dir='ltr'><strong>docens-</strong></span> 
     </span>
    </p>
   </div>
   <div class='ocr_carea' id='block_1_10' title="bbox 586 1203 2174 1273">
    <p class='ocr_par' dir='ltr' id='par_1_10' title="bbox 586 1203 2174 1273">
     <span class='ocr_line' id='line_1_10' title="bbox 586 1203 2174 1273; baseline 0.002 -16"><span class='ocrx_word' id='word_1_72' title='bbox 586 1220 712 1273; x_wconf 79' lang='lat' dir='ltr'><strong>que,</strong></span> <span class='ocrx_word' id='word_1_73' title='bbox 742 1205 840 1258; x_wconf 84' lang='lat' dir='ltr'><strong>sibi</strong></span> <span class='ocrx_word' id='word_1_74' title='bbox 869 1220 973 1258; x_wconf 91' lang='lat' dir='ltr'><strong>non</strong></span> <span class='ocrx_word' id='word_1_75' title='bbox 1001 1219 1134 1273; x_wconf 88' lang='lat' dir='ltr'><strong>opus</strong></span> <span class='ocrx_word' id='word_1_76' title='bbox 1159 1219 1279 1259; x_wconf 90' lang='lat' dir='ltr'><strong>esse</strong></span> <span class='ocrx_word' id='word_1_77' title='bbox 1308 1211 1366 1257; x_wconf 91' lang='lat' dir='ltr'><strong>ut</strong></span> <span class='ocrx_word' id='word_1_78' title='bbox 1390 1204 1458 1259; x_wconf 88' lang='lat' dir='ltr'><strong>ab</strong></span> <span class='ocrx_word' id='word_1_79' title='bbox 1483 1204 1588 1258; x_wconf 89' lang='lat' dir='ltr'><strong>alio</strong></span> <span class='ocrx_word' id='word_1_80' title='bbox 1612 1205 1900 1273; x_wconf 89' lang='lat' dir='ltr'><strong>acciperet,</strong></span> <span class='ocrx_word' id='word_1_81' title='bbox 1931 1203 2024 1258; x_wconf 88' lang='lat' dir='ltr'><strong>sed</strong></span> <span class='ocrx_word' id='word_1_82' title='bbox 2055 1218 2174 1260; x_wconf 88' lang='lat' dir='ltr'><strong>esse</strong></span> 
     </span>
    </p>
   </div>
   <div class='ocr_carea' id='block_1_11' title="bbox 588 1293 2174 1365">
    <p class='ocr_par' dir='ltr' id='par_1_11' title="bbox 588 1293 2174 1365">
     <span class='ocr_line' id='line_1_11' title="bbox 588 1293 2174 1365; baseline 0.001 -17"><span class='ocrx_word' id='word_1_83' title='bbox 588 1310 649 1350; x_wconf 89' lang='lat' dir='ltr'><strong>se</strong></span> <span class='ocrx_word' id='word_1_84' title='bbox 678 1296 936 1350; x_wconf 90' lang='lat' dir='ltr'><strong>bonorum</strong></span> <span class='ocrx_word' id='word_1_85' title='bbox 982 1295 1203 1360; x_wconf 85' lang='lat' dir='ltr'><strong>fontem,</strong></span> <span class='ocrx_word' id='word_1_86' title='bbox 1253 1294 1429 1349; x_wconf 90' lang='lat' dir='ltr'><strong>dixit:</strong></span> <span class='ocrx_word' id='word_1_87' title='bbox 1461 1293 1570 1365; x_wconf 86' lang='lat' dir='ltr'><strong>Ego</strong></span> <span class='ocrx_word' id='word_1_88' title='bbox 1619 1311 1732 1349; x_wconf 91' lang='lat' dir='ltr'><strong>sum</strong></span> <span class='ocrx_word' id='word_1_89' title='bbox 1783 1296 2081 1349; x_wconf 80' lang='lat' dir='ltr'><strong>resurrectio</strong></span> <span class='ocrx_word' id='word_1_90' title='bbox 2127 1305 2174 1349; x_wconf 89' lang='lat' dir='ltr'><strong>et</strong></span> 
     </span>
    </p>
   </div>
   <div class='ocr_carea' id='block_1_12' title="bbox 586 1385 2172 1457">
    <p class='ocr_par' dir='ltr' id='par_1_12' title="bbox 586 1385 2172 1457">
     <span class='ocr_line' id='line_1_12' title="bbox 586 1385 2172 1457; baseline 0.001 -17"><span class='ocrx_word' id='word_1_91' title='bbox 586 1388 689 1441; x_wconf 83' lang='lat' dir='ltr'><strong>vita</strong></span> <span class='ocrx_word' id='word_1_92' title='bbox 723 1386 881 1457; x_wconf 88' lang='lat' dir='ltr'><strong>(Ibid.</strong></span> <span class='ocrx_word' id='word_1_93' title='bbox 908 1403 955 1442; x_wconf 88' lang='lat' dir='ltr'><strong>v.</strong></span> <span class='ocrx_word' id='word_1_94' title='bbox 989 1385 1104 1457; x_wconf 77' lang='lat'><strong>25).</strong></span> <span class='ocrx_word' id='word_1_95' title='bbox 1146 1386 1199 1440; x_wconf 91' lang='lat' dir='ltr'><strong>Id</strong></span> <span class='ocrx_word' id='word_1_96' title='bbox 1227 1395 1328 1451; x_wconf 90' lang='lat' dir='ltr'><strong>est,</strong></span> <span class='ocrx_word' id='word_1_97' title='bbox 1367 1385 1482 1440; x_wconf 90' lang='lat' dir='ltr'><strong>Non</strong></span> <span class='ocrx_word' id='word_1_98' title='bbox 1528 1385 1596 1441; x_wconf 89' lang='lat' dir='ltr'><strong>ab</strong></span> <span class='ocrx_word' id='word_1_99' title='bbox 1637 1387 1742 1441; x_wconf 91' lang='lat' dir='ltr'><strong>alio</strong></span> <span class='ocrx_word' id='word_1_100' title='bbox 1769 1385 2024 1455; x_wconf 91' lang='lat' dir='ltr'><strong>operandi</strong></span> <span class='ocrx_word' id='word_1_101' title='bbox 2063 1387 2172 1442; x_wconf 85' lang='lat' dir='ltr'><strong>vim</strong></span> 
     </span>
    </p>
   </div>
   <div class='ocr_carea' id='block_1_13' title="bbox 585 1477 2174 1547">
    <p class='ocr_par' dir='ltr' id='par_1_13' title="bbox 585 1477 2174 1547">
     <span class='ocr_line' id='line_1_13' title="bbox 585 1477 2174 1547; baseline 0.001 -17"><span class='ocrx_word' id='word_1_102' title='bbox 585 1487 866 1546; x_wconf 77' lang='lat' dir='ltr'><strong>exSpecto,</strong></span> <span class='ocrx_word' id='word_1_103' title='bbox 894 1477 987 1532; x_wconf 91' lang='lat' dir='ltr'><strong>sed</strong></span> <span class='ocrx_word' id='word_1_104' title='bbox 1018 1492 1083 1532; x_wconf 86' lang='lat' dir='ltr'><strong>ex</strong></span> <span class='ocrx_word' id='word_1_105' title='bbox 1113 1477 1318 1546; x_wconf 81' lang='lat' dir='ltr'><strong>meipso</strong></span> <span class='ocrx_word' id='word_1_106' title='bbox 1341 1478 1518 1532; x_wconf 85' lang='lat' dir='ltr'><strong>omnia</strong></span> <span class='ocrx_word' id='word_1_107' title='bbox 1549 1478 1704 1531; x_wconf 81' lang='lat' dir='ltr'><strong>facio.</strong></span> <span class='ocrx_word' id='word_1_108' title='bbox 1733 1477 2017 1547; x_wconf 82' lang='lat' dir='ltr'><strong>Propterea</strong></span> <span class='ocrx_word' id='word_1_109' title='bbox 2044 1493 2174 1532; x_wconf 88' lang='lat' dir='ltr'><strong>cen-</strong></span> 
     </span>
    </p>
   </div>
   <div class='ocr_carea' id='block_1_14' title="bbox 587 1568 2170 1640">
    <p class='ocr_par' dir='ltr' id='par_1_14' title="bbox 587 1568 2170 1640">
     <span class='ocr_line' id='line_1_14' title="bbox 587 1568 2170 1640; baseline 0.003 -20"><span class='ocrx_word' id='word_1_110' title='bbox 587 1569 854 1623; x_wconf 89' lang='lat' dir='ltr'><strong>turionem</strong></span> <span class='ocrx_word' id='word_1_111' title='bbox 902 1568 1143 1634; x_wconf 84' lang='lat' dir='ltr'><strong>miratur,</strong></span> <span class='ocrx_word' id='word_1_112' title='bbox 1177 1568 1377 1638; x_wconf 89' lang='lat' dir='ltr'><strong>totique</strong></span> <span class='ocrx_word' id='word_1_113' title='bbox 1425 1569 1621 1638; x_wconf 89' lang='lat' dir='ltr'><strong>populo</strong></span> <span class='ocrx_word' id='word_1_114' title='bbox 1659 1568 1830 1639; x_wconf 90' lang='lat' dir='ltr'><strong>ipsum</strong></span> <span class='ocrx_word' id='word_1_115' title='bbox 1870 1570 2170 1640; x_wconf 85' lang='lat' dir='ltr'><strong>anteponit,</strong></span> 
     </span>
    </p>
   </div>
   <div class='ocr_carea' id='block_1_15' title="bbox 586 1660 2170 1731">
    <p class='ocr_par' dir='ltr' id='par_1_15' title="bbox 586 1660 2170 1731">
     <span class='ocr_line' id='line_1_15' title="bbox 586 1660 2170 1731; baseline 0.002 -17"><span class='ocrx_word' id='word_1_116' title='bbox 586 1661 731 1731; x_wconf 81' lang='lat' dir='ltr'><strong>regni</strong></span> <span class='ocrx_word' id='word_1_117' title='bbox 761 1660 964 1715; x_wconf 85' lang='lat' dir='ltr'><strong>honore</strong></span> <span class='ocrx_word' id='word_1_118' title='bbox 985 1660 1166 1723; x_wconf 88' lang='lat' dir='ltr'><strong>donat,</strong></span> <span class='ocrx_word' id='word_1_119' title='bbox 1195 1661 1434 1731; x_wconf 87' lang='lat' dir='ltr'><strong>aliosque</strong></span> <span class='ocrx_word' id='word_1_120' title='bbox 1459 1660 1523 1715; x_wconf 88' lang='lat' dir='ltr'><strong>ad</strong></span> <span class='ocrx_word' id='word_1_121' title='bbox 1551 1677 1673 1716; x_wconf 92' lang='lat' dir='ltr'><strong>eum</strong></span> <span class='ocrx_word' id='word_1_122' title='bbox 1708 1661 2022 1717; x_wconf 89' lang='lat' dir='ltr'><strong>imitandum</strong></span> <span class='ocrx_word' id='word_1_123' title='bbox 2044 1677 2170 1731; x_wconf 87' lang='lat' dir='ltr'><strong>pro-</strong></span> 
     </span>
    </p>
   </div>
   <div class='ocr_carea' id='block_1_16' title="bbox 585 1751 2173 1823">
    <p class='ocr_par' dir='ltr' id='par_1_16' title="bbox 585 1751 2173 1823">
     <span class='ocr_line' id='line_1_16' title="bbox 585 1751 2173 1823; baseline 0.003 -21"><span class='ocrx_word' id='word_1_124' title='bbox 585 1762 759 1807; x_wconf 78' lang='lat' dir='ltr'><strong>vocat.</strong></span> <span class='ocrx_word' id='word_1_125' title='bbox 787 1751 1001 1807; x_wconf 90' lang='lat' dir='ltr'><strong>Utvero</strong></span> <span class='ocrx_word' id='word_1_126' title='bbox 1025 1752 1202 1808; x_wconf 82' lang='lat' dir='ltr'><strong>discas</strong></span> <span class='ocrx_word' id='word_1_127' title='bbox 1233 1754 1402 1823; x_wconf 71' lang='lat' dir='ltr'><strong>ipsum</strong></span> <span class='ocrx_word' id='word_1_128' title='bbox 1435 1753 1554 1806; x_wconf 90' lang='lat' dir='ltr'><strong>ideo</strong></span> <span class='ocrx_word' id='word_1_129' title='bbox 1580 1753 1693 1807; x_wconf 81' lang='lat' dir='ltr'><strong>haec</strong></span> <span class='ocrx_word' id='word_1_130' title='bbox 1725 1752 1946 1818; x_wconf 82' lang='lat' dir='ltr'><strong>dixisse,</strong></span> <span class='ocrx_word' id='word_1_131' title='bbox 1984 1763 2041 1807; x_wconf 90' lang='lat' dir='ltr'><strong>ut</strong></span> <span class='ocrx_word' id='word_1_132' title='bbox 2067 1768 2173 1807; x_wconf 67' lang='lat' dir='ltr'><strong>cas-</strong></span> 
     </span>
    </p>
   </div>
   <div class='ocr_carea' id='block_1_17' title="bbox 586 1843 2172 1912">
    <p class='ocr_par' dir='ltr' id='par_1_17' title="bbox 586 1843 2172 1912">
     <span class='ocr_line' id='line_1_17' title="bbox 586 1843 2172 1912; baseline 0.001 -15"><span class='ocrx_word' id='word_1_133' title='bbox 586 1857 730 1898; x_wconf 79' lang='lat' dir='ltr'><strong>teros</strong></span> <span class='ocrx_word' id='word_1_134' title='bbox 755 1843 820 1898; x_wconf 88' lang='lat' dir='ltr'><strong>ad</strong></span> <span class='ocrx_word' id='word_1_135' title='bbox 847 1843 1004 1898; x_wconf 79' lang='lat' dir='ltr'><strong>fidem</strong></span> <span class='ocrx_word' id='word_1_136' title='bbox 1031 1843 1256 1898; x_wconf 85' lang='lat' dir='ltr'><strong>similem</strong></span> <span class='ocrx_word' id='word_1_137' title='bbox 1304 1844 1622 1905; x_wconf 86' lang='lat' dir='ltr'><strong>institueret.</strong></span> <span class='ocrx_word' id='word_1_138' title='bbox 1663 1843 1785 1898; x_wconf 92' lang='lat' dir='ltr'><strong>audi</strong></span> <span class='ocrx_word' id='word_1_139' title='bbox 1831 1845 2172 1912; x_wconf 62' lang='lat' dir='ltr'><strong>evangelista</strong></span> 
     </span>
    </p>
   </div>
   <div class='ocr_carea' id='block_1_18' title="bbox 582 1937 2170 2007">
    <p class='ocr_par' dir='ltr' id='par_1_18' title="bbox 582 1937 2170 2007">
     <span class='ocr_line' id='line_1_18' title="bbox 582 1937 2170 2007; baseline 0.004 -19"><span class='ocrx_word' id='word_1_140' title='bbox 582 1937 930 2007; x_wconf 77' lang='lat' dir='ltr'><strong>diligentiam,</strong></span> <span class='ocrx_word' id='word_1_141' title='bbox 976 1937 1243 2006; x_wconf 88' lang='lat' dir='ltr'><strong>quomodo</strong></span> <span class='ocrx_word' id='word_1_142' title='bbox 1283 1952 1475 2006; x_wconf 81' lang='lat' dir='ltr'><strong>nempe</strong></span> <span class='ocrx_word' id='word_1_143' title='bbox 1525 1937 1750 2007; x_wconf 85' lang='lat' dir='ltr'><strong>idipsum</strong></span> <span class='ocrx_word' id='word_1_144' title='bbox 1796 1937 2170 1994; x_wconf 85' lang='lat' dir='ltr'><strong>subindicave-</strong></span> 
     </span>
    </p>
   </div>
   <div class='ocr_carea' id='block_1_19' title="bbox 583 2028 2171 2099">
    <p class='ocr_par' dir='ltr' id='par_1_19' title="bbox 583 2028 2171 2099">
     <span class='ocr_line' id='line_1_19' title="bbox 583 2028 2171 2099; baseline 0.001 -17"><span class='ocrx_word' id='word_1_145' title='bbox 583 2030 654 2082; x_wconf 81' lang='lat' dir='ltr'><strong>rit</strong></span> <span class='ocrx_word' id='word_1_146' title='bbox 682 2046 694 2080; x_wconf 94' lang='lat'>:</span> <span class='ocrx_word' id='word_1_147' title='bbox 727 2044 848 2082; x_wconf 92' lang='lat' dir='ltr'><strong>nam</strong></span> <span class='ocrx_word' id='word_1_148' title='bbox 881 2029 975 2094; x_wconf 88' lang='lat' dir='ltr'><strong>ait,</strong></span> <span class='ocrx_word' id='word_1_149' title='bbox 1016 2029 1296 2083; x_wconf 85' lang='lat' dir='ltr'><strong>Conversus</strong></span> <span class='ocrx_word' id='word_1_150' title='bbox 1332 2028 1505 2092; x_wconf 70' lang='lat' dir='ltr'><strong>Iesus,</strong></span> <span class='ocrx_word' id='word_1_151' title='bbox 1552 2029 1870 2099; x_wconf 84' lang='lat' dir='ltr'><strong>sequentibus</strong></span> <span class='ocrx_word' id='word_1_152' title='bbox 1905 2046 1958 2084; x_wconf 84' lang='lat' dir='ltr'><strong>se</strong></span> <span class='ocrx_word' id='word_1_153' title='bbox 1995 2030 2171 2084; x_wconf 78' lang='lat' dir='ltr'><strong>dixit:</strong></span> 
     </span>
    </p>
   </div>
   <div class='ocr_carea' id='block_1_20' title="bbox 582 2123 2170 2195">
    <p class='ocr_par' dir='ltr' id='par_1_20' title="bbox 582 2123 2170 2195">
     <span class='ocr_line' id='line_1_20' title="bbox 582 2123 2170 2195; baseline 0 -15"><span class='ocrx_word' id='word_1_154' title='bbox 582 2124 706 2181; x_wconf 86' lang='lat' dir='ltr'><strong>Non</strong></span> <span class='ocrx_word' id='word_1_155' title='bbox 730 2126 894 2180; x_wconf 88' lang='lat' dir='ltr'><strong>inveni</strong></span> <span class='ocrx_word' id='word_1_156' title='bbox 940 2134 1133 2179; x_wconf 88' lang='lat' dir='ltr'><strong>tantam</strong></span> <span class='ocrx_word' id='word_1_157' title='bbox 1181 2125 1333 2194; x_wconf 77' lang='lat' dir='ltr'><strong>ﬁdem</strong></span> <span class='ocrx_word' id='word_1_158' title='bbox 1376 2125 1428 2179; x_wconf 91' lang='lat' dir='ltr'><strong>in</strong></span> <span class='ocrx_word' id='word_1_159' title='bbox 1470 2123 1650 2178; x_wconf 81' lang='lat' dir='ltr'><strong>Israel.</strong></span> <span class='ocrx_word' id='word_1_160' title='bbox 1690 2125 1831 2194; x_wconf 83' lang='lat' dir='ltr'><strong>Ergo</strong></span> <span class='ocrx_word' id='word_1_161' title='bbox 1870 2139 2061 2195; x_wconf 87' lang='lat' dir='ltr'><strong>magna</strong></span> <span class='ocrx_word' id='word_1_162' title='bbox 2101 2123 2170 2180; x_wconf 86' lang='lat' dir='ltr'><strong>de</strong></span> 
     </span>
    </p>
   </div>
   <div class='ocr_carea' id='block_1_21' title="bbox 595 2213 2173 2291">
    <p class='ocr_par' dir='ltr' id='par_1_21' title="bbox 595 2213 2173 2291">
     <span class='ocr_line' id='line_1_21' title="bbox 595 2213 2173 2291; baseline 0.006 -27"><span class='ocrx_word' id='word_1_163' title='bbox 595 2213 688 2280; x_wconf 82' lang='lat' dir='ltr'><strong>illo</strong></span> <span class='ocrx_word' id='word_1_164' title='bbox 699 2216 1036 2285; x_wconf 85' lang='lat' dir='ltr'><strong>existimare,</strong></span> <span class='ocrx_word' id='word_1_165' title='bbox 1061 2218 1113 2273; x_wconf 89' lang='lat' dir='ltr'><strong>id</strong></span> <span class='ocrx_word' id='word_1_166' title='bbox 1134 2219 1374 2275; x_wconf 83' lang='lat' dir='ltr'><strong>maxime</strong></span> <span class='ocrx_word' id='word_1_167' title='bbox 1393 2220 1515 2276; x_wconf 72' lang='lat' dir='ltr'><strong>fidei</strong></span> <span class='ocrx_word' id='word_1_168' title='bbox 1531 2229 1634 2285; x_wconf 91' lang='lat' dir='ltr'><strong>est,</strong></span> <span class='ocrx_word' id='word_1_169' title='bbox 1650 2235 1989 2291; x_wconf 77' lang='lat' dir='ltr'><strong>regnumque</strong></span> <span class='ocrx_word' id='word_1_170' title='bbox 2012 2221 2173 2274; x_wconf 68' lang='lat' dir='ltr'><strong>caelo—</strong></span> 
     </span>
    </p>
   </div>
   <div class='ocr_carea' id='block_1_22' title="bbox 582 2307 2168 2378">
    <p class='ocr_par' dir='ltr' id='par_1_22' title="bbox 582 2307 2168 2378">
     <span class='ocr_line' id='line_1_22' title="bbox 582 2307 2168 2378; baseline -0.001 -16"><span class='ocrx_word' id='word_1_171' title='bbox 582 2325 699 2363; x_wconf 85' lang='lat' dir='ltr'><strong>rum</strong></span> <span class='ocrx_word' id='word_1_172' title='bbox 753 2318 806 2364; x_wconf 91' lang='lat' dir='ltr'><strong>et</strong></span> <span class='ocrx_word' id='word_1_173' title='bbox 833 2309 934 2363; x_wconf 86' lang='lat' dir='ltr'><strong>alia</strong></span> <span class='ocrx_word' id='word_1_174' title='bbox 985 2308 1124 2364; x_wconf 87' lang='lat' dir='ltr'><strong>bona</strong></span> <span class='ocrx_word' id='word_1_175' title='bbox 1171 2309 1440 2363; x_wconf 90' lang='lat' dir='ltr'><strong>conciliat.</strong></span> <span class='ocrx_word' id='word_1_176' title='bbox 1485 2308 1667 2378; x_wconf 85' lang='lat' dir='ltr'><strong>Neque</strong></span> <span class='ocrx_word' id='word_1_177' title='bbox 1695 2309 1840 2362; x_wconf 89' lang='lat' dir='ltr'><strong>enim</strong></span> <span class='ocrx_word' id='word_1_178' title='bbox 1883 2307 2168 2362; x_wconf 87' lang='lat' dir='ltr'><strong>verborum</strong></span> 
     </span>
    </p>
   </div>
   <div class='ocr_carea' id='block_1_23' title="bbox 581 2399 2167 2470">
    <p class='ocr_par' dir='ltr' id='par_1_23' title="bbox 581 2399 2167 2470">
     <span class='ocr_line' id='line_1_23' title="bbox 581 2399 2167 2470; baseline -0.001 -15"><span class='ocrx_word' id='word_1_179' title='bbox 581 2413 736 2456; x_wconf 88' lang='lat' dir='ltr'><strong>tenus</strong></span> <span class='ocrx_word' id='word_1_180' title='bbox 774 2402 945 2470; x_wconf 83' lang='lat' dir='ltr'><strong>ipsum</strong></span> <span class='ocrx_word' id='word_1_181' title='bbox 974 2400 1224 2467; x_wconf 89' lang='lat' dir='ltr'><strong>laudavit,</strong></span> <span class='ocrx_word' id='word_1_182' title='bbox 1256 2399 1350 2456; x_wconf 90' lang='lat' dir='ltr'><strong>sed</strong></span> <span class='ocrx_word' id='word_1_183' title='bbox 1389 2409 1603 2469; x_wconf 88' lang='lat' dir='ltr'><strong>propter</strong></span> <span class='ocrx_word' id='word_1_184' title='bbox 1628 2399 1786 2454; x_wconf 78' lang='lat' dir='ltr'><strong>fidem</strong></span> <span class='ocrx_word' id='word_1_185' title='bbox 1813 2399 1929 2468; x_wconf 85' lang='lat' dir='ltr'><strong>ejus</strong></span> <span class='ocrx_word' id='word_1_186' title='bbox 1966 2415 2167 2469; x_wconf 71' lang='lat' dir='ltr'><strong>aegrum</strong></span> 
     </span>
    </p>
   </div>
   <div class='ocr_carea' id='block_1_24' title="bbox 581 2490 2169 2561">
    <p class='ocr_par' dir='ltr' id='par_1_24' title="bbox 581 2490 2169 2561">
     <span class='ocr_line' id='line_1_24' title="bbox 581 2490 2169 2561; baseline -0.001 -16"><span class='ocrx_word' id='word_1_187' title='bbox 581 2493 682 2561; x_wconf 83' lang='lat' dir='ltr'><strong>ipsi</strong></span> <span class='ocrx_word' id='word_1_188' title='bbox 713 2507 899 2546; x_wconf 85' lang='lat' dir='ltr'><strong>sanum</strong></span> <span class='ocrx_word' id='word_1_189' title='bbox 929 2492 1182 2558; x_wconf 82' lang='lat' dir='ltr'><strong>restituit,</strong></span> <span class='ocrx_word' id='word_1_190' title='bbox 1217 2490 1655 2561; x_wconf 86' lang='lat' dir='ltr'><strong>splendidamque</strong></span> <span class='ocrx_word' id='word_1_191' title='bbox 1692 2490 1791 2560; x_wconf 89' lang='lat' dir='ltr'><strong>ipsi</strong></span> <span class='ocrx_word' id='word_1_192' title='bbox 1823 2492 1988 2545; x_wconf 90' lang='lat' dir='ltr'><strong>nectit</strong></span> <span class='ocrx_word' id='word_1_193' title='bbox 2012 2505 2169 2546; x_wconf 87' lang='lat' dir='ltr'><strong>coro-</strong></span> 
     </span>
    </p>
   </div>
   <div class='ocr_carea' id='block_1_25' title="bbox 580 2581 2168 2656">
    <p class='ocr_par' dir='ltr' id='par_1_25' title="bbox 580 2581 2168 2656">
     <span class='ocr_line' id='line_1_25' title="bbox 580 2581 2168 2656; baseline -0.002 -16"><span class='ocrx_word' id='word_1_194' title='bbox 580 2602 727 2650; x_wconf 84' lang='lat' dir='ltr'><strong>nam,</strong></span> <span class='ocrx_word' id='word_1_195' title='bbox 755 2602 817 2640; x_wconf 88' lang='lat' dir='ltr'><strong>ac</strong></span> <span class='ocrx_word' id='word_1_196' title='bbox 841 2602 1026 2656; x_wconf 86' lang='lat' dir='ltr'><strong>magna</strong></span> <span class='ocrx_word' id='word_1_197' title='bbox 1053 2585 1316 2654; x_wconf 87' lang='lat' dir='ltr'><strong>promittit</strong></span> <span class='ocrx_word' id='word_1_198' title='bbox 1338 2583 1476 2638; x_wconf 90' lang='lat' dir='ltr'><strong>dona</strong></span> <span class='ocrx_word' id='word_1_199' title='bbox 1508 2583 1592 2638; x_wconf 91' lang='lat' dir='ltr'><strong>bis</strong></span> <span class='ocrx_word' id='word_1_200' title='bbox 1624 2582 1804 2638; x_wconf 88' lang='lat' dir='ltr'><strong>verbis</strong></span> <span class='ocrx_word' id='word_1_201' title='bbox 1830 2601 1842 2637; x_wconf 88' lang='lat'><strong>:</strong></span> <span class='ocrx_word' id='word_1_202' title='bbox 1874 2583 1962 2638; x_wconf 77' lang='grc' dir='ltr'><strong>Μ.</strong></span> <span class='ocrx_word' id='word_1_203' title='bbox 2011 2581 2168 2637; x_wconf 74' lang='lat' dir='ltr'><strong>Multi</strong></span> 
     </span>
    </p>
   </div>
   <div class='ocr_carea' id='block_1_26' title="bbox 592 2678 2170 2743">
    <p class='ocr_par' dir='ltr' id='par_1_26' title="bbox 592 2678 2170 2743">
     <span class='ocr_line' id='line_1_26' title="bbox 592 2678 2170 2743; baseline 0.001 -13"><span class='ocrx_word' id='word_1_204' title='bbox 592 2678 658 2730; x_wconf 86' lang='lat' dir='ltr'><strong>ab</strong></span> <span class='ocrx_word' id='word_1_205' title='bbox 683 2679 882 2730; x_wconf 83' lang='lat' dir='ltr'><strong>oriente</strong></span> <span class='ocrx_word' id='word_1_206' title='bbox 919 2687 968 2729; x_wconf 91' lang='lat' dir='ltr'><strong>et</strong></span> <span class='ocrx_word' id='word_1_207' title='bbox 1008 2679 1274 2731; x_wconf 85' lang='lat' dir='ltr'><strong>occidente</strong></span> <span class='ocrx_word' id='word_1_208' title='bbox 1307 2680 1529 2743; x_wconf 86' lang='lat' dir='ltr'><strong>venient,</strong></span> <span class='ocrx_word' id='word_1_209' title='bbox 1563 2690 1614 2734; x_wconf 89' lang='lat' dir='ltr'><strong>et</strong></span> <span class='ocrx_word' id='word_1_210' title='bbox 1645 2682 1944 2734; x_wconf 87' lang='lat' dir='ltr'><strong>recumbent</strong></span> <span class='ocrx_word' id='word_1_211' title='bbox 1962 2683 2018 2734; x_wconf 85' lang='lat' dir='ltr'><strong>in</strong></span> <span class='ocrx_word' id='word_1_212' title='bbox 2051 2685 2170 2734; x_wconf 75' lang='lat' dir='ltr'><strong>sinu</strong></span> 
     </span>
    </p>
   </div>
   <div class='ocr_carea' id='block_1_27' title="bbox 589 2769 2169 2843">
    <p class='ocr_par' dir='ltr' id='par_1_27' title="bbox 589 2769 2169 2843">
     <span class='ocr_line' id='line_1_27' title="bbox 589 2769 2169 2843; baseline 0.001 -19"><span class='ocrx_word' id='word_1_213' title='bbox 589 2769 858 2824; x_wconf 74' lang='lat' dir='ltr'><strong>Abraham</strong></span> <span class='ocrx_word' id='word_1_214' title='bbox 874 2771 890 2802; x_wconf 83' lang='grc'>¹</span> <span class='ocrx_word' id='word_1_215' title='bbox 903 2779 951 2824; x_wconf 91' lang='lat' dir='ltr'><strong>et</strong></span> <span class='ocrx_word' id='word_1_216' title='bbox 967 2769 1126 2825; x_wconf 87' lang='lat' dir='ltr'><strong>Isaac</strong></span> <span class='ocrx_word' id='word_1_217' title='bbox 1139 2781 1188 2825; x_wconf 90' lang='lat' dir='ltr'><strong>et</strong></span> <span class='ocrx_word' id='word_1_218' title='bbox 1199 2770 1389 2826; x_wconf 74' lang='lat' dir='ltr'><strong>Iacob:</strong></span> <span class='ocrx_word' id='word_1_219' title='bbox 1407 2773 1474 2826; x_wconf 76' lang='grc'><strong>12</strong></span> <span class='ocrx_word' id='word_1_220' title='bbox 1485 2772 1588 2841; x_wconf 76' lang='lat' dir='ltr'><strong>lilii</strong></span> <span class='ocrx_word' id='word_1_221' title='bbox 1599 2782 1776 2827; x_wconf 86' lang='lat' dir='ltr'><strong>autem</strong></span> <span class='ocrx_word' id='word_1_222' title='bbox 1793 2774 1941 2843; x_wconf 86' lang='lat' dir='ltr'><strong>regni</strong></span> <span class='ocrx_word' id='word_1_223' title='bbox 1954 2773 2169 2842; x_wconf 72' lang='lat' dir='ltr'><strong>ejicien-</strong></span> 
     </span>
    </p>
   </div>
   <div class='ocr_carea' id='block_1_28' title="bbox 575 2862 2164 2933">
    <p class='ocr_par' dir='ltr' id='par_1_28' title="bbox 575 2862 2164 2933">
     <span class='ocr_line' id='line_1_28' title="bbox 575 2862 2164 2933; baseline 0 -17"><span class='ocrx_word' id='word_1_224' title='bbox 575 2872 658 2916; x_wconf 79' lang='lat' dir='ltr'><strong>tur</strong></span> <span class='ocrx_word' id='word_1_225' title='bbox 684 2862 841 2933; x_wconf 80' lang='lat' dir='ltr'><strong>foras.</strong></span> <span class='ocrx_word' id='word_1_226' title='bbox 875 2863 1008 2932; x_wconf 83' lang='lat' dir='ltr'><strong>Quia</strong></span> <span class='ocrx_word' id='word_1_227' title='bbox 1035 2863 1177 2919; x_wconf 89' lang='lat' dir='ltr'><strong>enim</strong></span> <span class='ocrx_word' id='word_1_228' title='bbox 1208 2864 1371 2918; x_wconf 88' lang='lat' dir='ltr'><strong>multa</strong></span> <span class='ocrx_word' id='word_1_229' title='bbox 1401 2863 1712 2919; x_wconf 81' lang='lat' dir='ltr'><strong>exhibuerat</strong></span> <span class='ocrx_word' id='word_1_230' title='bbox 1741 2863 2012 2930; x_wconf 88' lang='lat' dir='ltr'><strong>miracula,</strong></span> <span class='ocrx_word' id='word_1_231' title='bbox 2042 2877 2164 2916; x_wconf 90' lang='lat' dir='ltr'><strong>cum</strong></span> 
     </span>
    </p>
   </div>
   <div class='ocr_carea' id='block_1_29' title="bbox 578 2955 2160 3027">
    <p class='ocr_par' dir='ltr' id='par_1_29' title="bbox 578 2955 2160 3027">
     <span class='ocr_line' id='line_1_29' title="bbox 578 2955 2160 3027; baseline 0.001 -18"><span class='ocrx_word' id='word_1_232' title='bbox 578 2956 767 3026; x_wconf 89' lang='lat' dir='ltr'><strong>majori</strong></span> <span class='ocrx_word' id='word_1_233' title='bbox 783 2957 1046 3027; x_wconf 86' lang='lat' dir='ltr'><strong>deinceps</strong></span> <span class='ocrx_word' id='word_1_234' title='bbox 1074 2955 1269 3012; x_wconf 81' lang='lat' dir='ltr'><strong>ﬁducia</strong></span> <span class='ocrx_word' id='word_1_235' title='bbox 1308 2966 1364 3013; x_wconf 90' lang='lat' dir='ltr'><strong>et</strong></span> <span class='ocrx_word' id='word_1_236' title='bbox 1402 2955 1650 3012; x_wconf 83' lang='lat' dir='ltr'><strong>libertate</strong></span> <span class='ocrx_word' id='word_1_237' title='bbox 1688 2956 1831 3026; x_wconf 91' lang='lat' dir='ltr'><strong>ipsos</strong></span> <span class='ocrx_word' id='word_1_238' title='bbox 1855 2956 2160 3026; x_wconf 87' lang='lat' dir='ltr'><strong>alloquitur.</strong></span> 
     </span>
    </p>
   </div>
   <div class='ocr_carea' id='block_1_30' title="bbox 576 3047 2157 3120">
    <p class='ocr_par' dir='ltr' id='par_1_30' title="bbox 576 3047 2157 3120">
     <span class='ocr_line' id='line_1_30' title="bbox 576 3047 2157 3120; baseline 0.001 -18"><span class='ocrx_word' id='word_1_239' title='bbox 576 3048 796 3114; x_wconf 83' lang='lat' dir='ltr'><strong>Deinde,</strong></span> <span class='ocrx_word' id='word_1_240' title='bbox 830 3065 897 3104; x_wconf 89' lang='lat' dir='ltr'><strong>ne</strong></span> <span class='ocrx_word' id='word_1_241' title='bbox 923 3049 1044 3120; x_wconf 89' lang='lat' dir='ltr'><strong>quis</strong></span> <span class='ocrx_word' id='word_1_242' title='bbox 1072 3057 1282 3119; x_wconf 87' lang='lat' dir='ltr'><strong>putaret</strong></span> <span class='ocrx_word' id='word_1_243' title='bbox 1306 3064 1368 3104; x_wconf 90' lang='lat' dir='ltr'><strong>se</strong></span> <span class='ocrx_word' id='word_1_244' title='bbox 1401 3063 1468 3104; x_wconf 87' lang='lat' dir='ltr'><strong>ex</strong></span> <span class='ocrx_word' id='word_1_245' title='bbox 1496 3047 1800 3104; x_wconf 85' lang='lat' dir='ltr'><strong>adulatione</strong></span> <span class='ocrx_word' id='word_1_246' title='bbox 1826 3049 1914 3104; x_wconf 88' lang='lat' dir='ltr'><strong>illa</strong></span> <span class='ocrx_word' id='word_1_247' title='bbox 1939 3049 2157 3116; x_wconf 84' lang='lat' dir='ltr'><strong>dixisse,</strong></span> 
     </span>
    </p>
   </div>
   <div class='ocr_carea' id='block_1_31' title="bbox 574 3121 2164 3209">
    <p class='ocr_par' dir='ltr' id='par_1_31' title="bbox 574 3121 2164 3209">
     <span class='ocr_line' id='line_1_31' title="bbox 574 3121 2164 3209; baseline 0.002 -17"><span class='ocrx_word' id='word_1_248' title='bbox 574 3147 737 3208; x_wconf 90' lang='lat' dir='ltr'><strong>utque</strong></span> <span class='ocrx_word' id='word_1_249' title='bbox 759 3155 947 3195; x_wconf 87' lang='lat' dir='ltr'><strong>omnes</strong></span> <span class='ocrx_word' id='word_1_250' title='bbox 975 3140 1260 3209; x_wconf 89' lang='lat' dir='ltr'><strong>discerent,</strong></span> <span class='ocrx_word' id='word_1_251' title='bbox 1286 3140 1378 3194; x_wconf 90' lang='lat' dir='ltr'><strong>illo</strong></span> <span class='ocrx_word' id='word_1_252' title='bbox 1401 3155 1528 3196; x_wconf 88' lang='lat' dir='ltr'><strong>vere</strong></span> <span class='ocrx_word' id='word_1_253' title='bbox 1563 3141 1742 3195; x_wconf 91' lang='lat' dir='ltr'><strong>animo</strong></span> <span class='ocrx_word' id='word_1_254' title='bbox 1787 3121 1950 3196; x_wconf 71' lang='lat' dir='ltr'><strong>fuisse</strong></span> <span class='ocrx_word' id='word_1_255' title='bbox 1977 3149 2164 3196; x_wconf 91' lang='lat' dir='ltr'><strong>centu-</strong></span> 
     </span>
    </p>
   </div>
   <div class='ocr_carea' id='block_1_32' title="bbox 572 3231 2163 3300">
    <p class='ocr_par' dir='ltr' id='par_1_32' title="bbox 572 3231 2163 3300">
     <span class='ocr_line' id='line_1_32' title="bbox 572 3231 2163 3300; baseline 0.001 -17"><span class='ocrx_word' id='word_1_256' title='bbox 572 3231 800 3297; x_wconf 85' lang='lat' dir='ltr'><strong>rionem,</strong></span> <span class='ocrx_word' id='word_1_257' title='bbox 831 3231 906 3285; x_wconf 92' lang='lat' dir='ltr'><strong>ait</strong></span> <span class='ocrx_word' id='word_1_258' title='bbox 932 3232 1058 3286; x_wconf 72' lang='lat'><strong>:13.</strong></span> <span class='ocrx_word' id='word_1_259' title='bbox 1100 3231 1272 3296; x_wconf 84' lang='lat' dir='ltr'><strong>Vade;</strong></span> <span class='ocrx_word' id='word_1_260' title='bbox 1298 3240 1355 3286; x_wconf 91' lang='lat' dir='ltr'><strong>ut</strong></span> <span class='ocrx_word' id='word_1_261' title='bbox 1380 3231 1657 3299; x_wconf 85' lang='lat' dir='ltr'><strong>credidisti,</strong></span> <span class='ocrx_word' id='word_1_262' title='bbox 1689 3232 1780 3300; x_wconf 79' lang='lat' dir='ltr'><strong>ﬁat</strong></span> <span class='ocrx_word' id='word_1_263' title='bbox 1808 3232 1914 3285; x_wconf 88' lang='lat' dir='ltr'><strong>tibi.</strong></span> <span class='ocrx_word' id='word_1_264' title='bbox 1943 3231 2163 3287; x_wconf 88' lang='lat' dir='ltr'><strong>Statim-</strong></span> 
     </span>
    </p>
   </div>
   <div class='ocr_carea' id='block_1_33' title="bbox 569 3322 2160 3394">
    <p class='ocr_par' dir='ltr' id='par_1_33' title="bbox 569 3322 2160 3394">
     <span class='ocr_line' id='line_1_33' title="bbox 569 3322 2160 3394; baseline 0 -18"><span class='ocrx_word' id='word_1_265' title='bbox 569 3337 676 3392; x_wconf 88' lang='lat' dir='ltr'><strong>que</strong></span> <span class='ocrx_word' id='word_1_266' title='bbox 704 3322 878 3392; x_wconf 88' lang='lat' dir='ltr'><strong>ipsum</strong></span> <span class='ocrx_word' id='word_1_267' title='bbox 900 3337 1035 3392; x_wconf 92' lang='lat' dir='ltr'><strong>opus</strong></span> <span class='ocrx_word' id='word_1_268' title='bbox 1061 3335 1341 3393; x_wconf 87' lang='lat' dir='ltr'><strong>sequutum</strong></span> <span class='ocrx_word' id='word_1_269' title='bbox 1373 3332 1473 3389; x_wconf 92' lang='lat' dir='ltr'><strong>est,</strong></span> <span class='ocrx_word' id='word_1_270' title='bbox 1501 3322 1644 3394; x_wconf 88' lang='lat' dir='ltr'><strong>quod</strong></span> <span class='ocrx_word' id='word_1_271' title='bbox 1680 3323 1822 3378; x_wconf 91' lang='lat' dir='ltr'><strong>illius</strong></span> <span class='ocrx_word' id='word_1_272' title='bbox 1845 3323 2079 3376; x_wconf 91' lang='lat' dir='ltr'><strong>animum</strong></span> <span class='ocrx_word' id='word_1_273' title='bbox 2104 3333 2160 3378; x_wconf 90' lang='lat' dir='ltr'><strong>et</strong></span> 
     </span>
    </p>
   </div>
   <div class='ocr_carea' id='block_1_34' title="bbox 569 3413 2158 3486">
    <p class='ocr_par' dir='ltr' id='par_1_34' title="bbox 569 3413 2158 3486">
     <span class='ocr_line' id='line_1_34' title="bbox 569 3413 2158 3486; baseline 0.001 -20"><span class='ocrx_word' id='word_1_274' title='bbox 569 3413 894 3468; x_wconf 82' lang='lat' dir='ltr'><strong>voluntatem</strong></span> <span class='ocrx_word' id='word_1_275' title='bbox 927 3416 1320 3470; x_wconf 85' lang='lat' dir='ltr'><strong>testiﬁcaretur.</strong></span> <span class='ocrx_word' id='word_1_276' title='bbox 1363 3413 1433 3468; x_wconf 86' lang='lat' dir='ltr'><strong>Et</strong></span> <span class='ocrx_word' id='word_1_277' title='bbox 1459 3425 1669 3470; x_wconf 85' lang='lat' dir='ltr'><strong>sanatus</strong></span> <span class='ocrx_word' id='word_1_278' title='bbox 1698 3425 1770 3468; x_wconf 90' lang='lat' dir='ltr'><strong>est</strong></span> <span class='ocrx_word' id='word_1_279' title='bbox 1796 3431 1923 3484; x_wconf 81' lang='lat' dir='ltr'><strong>puer</strong></span> <span class='ocrx_word' id='word_1_280' title='bbox 1958 3417 2068 3486; x_wconf 88' lang='lat' dir='ltr'><strong>ejus</strong></span> <span class='ocrx_word' id='word_1_281' title='bbox 2095 3415 2158 3468; x_wconf 91' lang='lat' dir='ltr'><strong>ab</strong></span> 
     </span>
    </p>
   </div>
   <div class='ocr_carea' id='block_1_35' title="bbox 571 3505 2156 3578">
    <p class='ocr_par' dir='ltr' id='par_1_35' title="bbox 571 3505 2156 3578">
     <span class='ocr_line' id='line_1_35' title="bbox 571 3505 2156 3578; baseline 0.004 -22"><span class='ocrx_word' id='word_1_282' title='bbox 571 3505 697 3558; x_wconf 84' lang='lat' dir='ltr'><strong>hora</strong></span> <span class='ocrx_word' id='word_1_283' title='bbox 721 3505 832 3559; x_wconf 88' lang='lat' dir='ltr'><strong>illa.</strong></span> <span class='ocrx_word' id='word_1_284' title='bbox 861 3506 1013 3574; x_wconf 86' lang='lat' dir='ltr'><strong>Quod</strong></span> <span class='ocrx_word' id='word_1_285' title='bbox 1034 3506 1196 3561; x_wconf 87' lang='lat' dir='ltr'><strong>etiam</strong></span> <span class='ocrx_word' id='word_1_286' title='bbox 1224 3507 1274 3560; x_wconf 91' lang='lat' dir='ltr'><strong>in</strong></span> <span class='ocrx_word' id='word_1_287' title='bbox 1301 3507 1708 3578; x_wconf 78' lang='lat' dir='ltr'><strong>Syrophmnissa</strong></span> <span class='ocrx_word' id='word_1_288' title='bbox 1735 3507 1954 3578; x_wconf 80' lang='lat' dir='ltr'><strong>contigit</strong></span> <span class='ocrx_word' id='word_1_289' title='bbox 1991 3525 2006 3562; x_wconf 89' lang='lat'><strong>:</strong></span> <span class='ocrx_word' id='word_1_290' title='bbox 2034 3523 2156 3562; x_wconf 83' lang='lat' dir='ltr'><strong>nam</strong></span> 
     </span>
    </p>
   </div>
   <div class='ocr_carea' id='block_1_36' title="bbox 541 3597 2160 3676">
    <p class='ocr_par' dir='ltr' id='par_1_36' title="bbox 541 3597 2160 3676">
     <span class='ocr_line' id='line_1_36' title="bbox 541 3597 2160 3676; baseline 0.004 -27"><span class='ocrx_word' id='word_1_291' title='bbox 541 3597 702 3676; x_wconf 17' lang='lat' dir='ltr'><strong>“dixit</strong></span> <span class='ocrx_word' id='word_1_292' title='bbox 727 3598 800 3652; x_wconf 93' lang='lat' dir='ltr'><strong>illi</strong></span> <span class='ocrx_word' id='word_1_293' title='bbox 829 3615 842 3653; x_wconf 90' lang='lat'>:</span> <span class='ocrx_word' id='word_1_294' title='bbox 875 3597 920 3652; x_wconf 86' lang='lat'><em>0</em></span> <span class='ocrx_word' id='word_1_295' title='bbox 947 3599 1148 3660; x_wconf 82' lang='lat' dir='ltr'><strong>mulier,</strong></span> <span class='ocrx_word' id='word_1_296' title='bbox 1179 3616 1364 3670; x_wconf 86' lang='lat' dir='ltr'><strong>magna</strong></span> <span class='ocrx_word' id='word_1_297' title='bbox 1389 3609 1460 3652; x_wconf 88' lang='lat' dir='ltr'><strong>est</strong></span> <span class='ocrx_word' id='word_1_298' title='bbox 1489 3598 1614 3667; x_wconf 82' lang='lat' dir='ltr'><strong>ﬁdes</strong></span> <span class='ocrx_word' id='word_1_299' title='bbox 1641 3608 1727 3652; x_wconf 88' lang='lat' dir='ltr'><strong>tua</strong></span> <span class='ocrx_word' id='word_1_300' title='bbox 1753 3615 1772 3663; x_wconf 89' lang='lat'><strong>;</strong></span> <span class='ocrx_word' id='word_1_301' title='bbox 1798 3599 1890 3668; x_wconf 81' lang='lat' dir='ltr'><strong>ﬁat</strong></span> <span class='ocrx_word' id='word_1_302' title='bbox 1914 3599 2000 3653; x_wconf 85' lang='lat' dir='ltr'><strong>tibi</strong></span> <span class='ocrx_word' id='word_1_303' title='bbox 2027 3600 2160 3656; x_wconf 73' lang='lat' dir='ltr'><strong>sicut</strong></span> 
     </span>
    </p>
   </div>
   <div class='ocr_carea' id='block_1_37' title="bbox 569 3688 2156 3762">
    <p class='ocr_par' dir='ltr' id='par_1_37' title="bbox 569 3688 2156 3762">
     <span class='ocr_line' id='line_1_37' title="bbox 569 3688 2156 3762; baseline 0.004 -22"><span class='ocrx_word' id='word_1_304' title='bbox 569 3691 664 3743; x_wconf 86' lang='lat' dir='ltr'><strong>vis.</strong></span> <span class='ocrx_word' id='word_1_305' title='bbox 690 3688 756 3742; x_wconf 86' lang='lat' dir='ltr'><strong>Et</strong></span> <span class='ocrx_word' id='word_1_306' title='bbox 783 3699 962 3743; x_wconf 86' lang='lat' dir='ltr'><strong>sanata</strong></span> <span class='ocrx_word' id='word_1_307' title='bbox 985 3699 1060 3743; x_wconf 82' lang='lat' dir='ltr'><strong>est</strong></span> <span class='ocrx_word' id='word_1_308' title='bbox 1089 3690 1198 3758; x_wconf 79' lang='lat' dir='ltr'><strong>ﬁlia</strong></span> <span class='ocrx_word' id='word_1_309' title='bbox 1224 3695 1333 3760; x_wconf 85' lang='lat' dir='ltr'><strong>ejus</strong></span> <span class='ocrx_word' id='word_1_310' title='bbox 1363 3689 1576 3758; x_wconf 81' lang='lat' dir='ltr'><strong>(Matth.</strong></span> <span class='ocrx_word' id='word_1_311' title='bbox 1607 3691 1693 3746; x_wconf 74' lang='grc'><strong>15.</strong></span> <span class='ocrx_word' id='word_1_312' title='bbox 1725 3689 1838 3762; x_wconf 33' lang='grc'><strong>28⁵).</strong></span> <span class='ocrx_word' id='word_1_313' title='bbox 1867 3691 1998 3758; x_wconf 86' lang='lat' dir='ltr'><strong>Quia</strong></span> <span class='ocrx_word' id='word_1_314' title='bbox 2025 3705 2156 3746; x_wconf 87' lang='lat' dir='ltr'><strong>vero</strong></span> 
     </span>
    </p>
   </div>
   <div class='ocr_carea' id='block_1_38' title="bbox 568 3780 2155 3852">
    <p class='ocr_par' dir='ltr' id='par_1_38' title="bbox 568 3780 2155 3852">
     <span class='ocr_line' id='line_1_38' title="bbox 568 3780 2155 3852; baseline 0.003 -17"><span class='ocrx_word' id='word_1_315' title='bbox 568 3780 738 3837; x_wconf 85' lang='lat' dir='ltr'><strong>Lucas</strong></span> <span class='ocrx_word' id='word_1_316' title='bbox 778 3781 930 3852; x_wconf 87' lang='lat' dir='ltr'><strong>(Cap.</strong></span> <span class='ocrx_word' id='word_1_317' title='bbox 981 3783 1034 3852; x_wconf 88' lang='lat'><strong>7)</strong></span> <span class='ocrx_word' id='word_1_318' title='bbox 1078 3781 1178 3837; x_wconf 89' lang='lat' dir='ltr'><strong>hoc</strong></span> <span class='ocrx_word' id='word_1_319' title='bbox 1217 3783 1529 3837; x_wconf 89' lang='lat' dir='ltr'><strong>miraculum</strong></span> <span class='ocrx_word' id='word_1_320' title='bbox 1575 3799 1816 3848; x_wconf 89' lang='lat' dir='ltr'><strong>narrans,</strong></span> <span class='ocrx_word' id='word_1_321' title='bbox 1859 3784 1960 3838; x_wconf 89' lang='lat' dir='ltr'><strong>alia</strong></span> <span class='ocrx_word' id='word_1_322' title='bbox 1990 3784 2155 3840; x_wconf 89' lang='lat' dir='ltr'><strong>multa</strong></span> 
     </span>
    </p>
   </div>
   <div class='ocr_carea' id='block_1_39' title="bbox 567 3872 2150 3944">
    <p class='ocr_par' dir='ltr' id='par_1_39' title="bbox 567 3872 2150 3944">
     <span class='ocr_line' id='line_1_39' title="bbox 567 3872 2150 3944; baseline 0.003 -18"><span class='ocrx_word' id='word_1_323' title='bbox 567 3872 773 3937; x_wconf 88' lang='lat' dir='ltr'><strong>inserit,</strong></span> <span class='ocrx_word' id='word_1_324' title='bbox 802 3887 922 3942; x_wconf 71' lang='lat' dir='ltr'><strong>quae</strong></span> <span class='ocrx_word' id='word_1_325' title='bbox 961 3872 1209 3929; x_wconf 86' lang='lat' dir='ltr'><strong>videntur</strong></span> <span class='ocrx_word' id='word_1_326' title='bbox 1250 3874 1482 3944; x_wconf 88' lang='lat' dir='ltr'><strong>aliquam</strong></span> <span class='ocrx_word' id='word_1_327' title='bbox 1519 3873 1711 3930; x_wconf 81' lang='lat' dir='ltr'><strong>oﬂ&#39;erre</strong></span> <span class='ocrx_word' id='word_1_328' title='bbox 1748 3874 2150 3943; x_wconf 78' lang='lat' dir='ltr'><strong>dill&#39;ercntiam;</strong></span> 
     </span>
    </p>
   </div>
   <div class='ocr_carea' id='block_1_40' title="bbox 566 3963 2151 4040">
    <p class='ocr_par' dir='ltr' id='par_1_40' title="bbox 566 3963 2151 4040">
     <span class='ocr_line' id='line_1_40' title="bbox 566 3963 2151 4040; baseline 0.005 -24"><span class='ocrx_word' id='word_1_329' title='bbox 566 3963 681 4018; x_wconf 76' lang='lat' dir='ltr'><strong>lucc</strong></span> <span class='ocrx_word' id='word_1_330' title='bbox 720 3965 1038 4020; x_wconf 82' lang='lat' dir='ltr'><strong>excutienda</strong></span> <span class='ocrx_word' id='word_1_331' title='bbox 1067 3977 1122 4020; x_wconf 88' lang='lat' dir='ltr'><strong>et</strong></span> <span class='ocrx_word' id='word_1_332' title='bbox 1163 3967 1418 4021; x_wconf 88' lang='lat' dir='ltr'><strong>solvenda</strong></span> <span class='ocrx_word' id='word_1_333' title='bbox 1464 3967 1618 4022; x_wconf 90' lang='lat' dir='ltr'><strong>nobis</strong></span> <span class='ocrx_word' id='word_1_334' title='bbox 1659 3977 1800 4021; x_wconf 89' lang='lat' dir='ltr'><strong>sunt.</strong></span> <span class='ocrx_word' id='word_1_335' title='bbox 1841 3968 1978 4035; x_wconf 88' lang='lat' dir='ltr'><strong>Quid</strong></span> <span class='ocrx_word' id='word_1_336' title='bbox 2021 3985 2151 4040; x_wconf 79' lang='lat' dir='ltr'><strong>ergo</strong></span> 
     </span>
    </p>
   </div>
   <div class='ocr_carea' id='block_1_41' title="bbox 563 4053 2151 4125">
    <p class='ocr_par' dir='ltr' id='par_1_41' title="bbox 563 4053 2151 4125">
     <span class='ocr_line' id='line_1_41' title="bbox 563 4053 2151 4125; baseline 0.003 -18"><span class='ocrx_word' id='word_1_337' title='bbox 563 4055 693 4108; x_wconf 85' lang='lat' dir='ltr'><strong>dicit</strong></span> <span class='ocrx_word' id='word_1_338' title='bbox 720 4053 932 4109; x_wconf 86' lang='lat' dir='ltr'><strong>Lucas?</strong></span> <span class='ocrx_word' id='word_1_339' title='bbox 957 4057 1132 4125; x_wconf 89' lang='lat' dir='ltr'><strong>Ipsum</strong></span> <span class='ocrx_word' id='word_1_340' title='bbox 1171 4058 1381 4110; x_wconf 85' lang='lat' dir='ltr'><strong>misisse</strong></span> <span class='ocrx_word' id='word_1_341' title='bbox 1414 4056 1656 4112; x_wconf 91' lang='lat' dir='ltr'><strong>seniores</strong></span> <span class='ocrx_word' id='word_1_342' title='bbox 1687 4057 2013 4122; x_wconf 67' lang='lat' dir='ltr'><strong>Judaeornm,</strong></span> <span class='ocrx_word' id='word_1_343' title='bbox 2057 4075 2151 4114; x_wconf 89' lang='lat' dir='ltr'><strong>ro-</strong></span> 
     </span>
    </p>
   </div>
   <div class='ocr_carea' id='block_1_42' title="bbox 561 4149 2148 4216">
    <p class='ocr_par' dir='ltr' id='par_1_42' title="bbox 561 4149 2148 4216">
     <span class='ocr_line' id='line_1_42' title="bbox 561 4149 2148 4216; baseline 0.006 -19"><span class='ocrx_word' id='word_1_344' title='bbox 561 4157 752 4216; x_wconf 85' lang='lat' dir='ltr'><strong>gantes</strong></span> <span class='ocrx_word' id='word_1_345' title='bbox 791 4159 848 4201; x_wconf 91' lang='lat' dir='ltr'><strong>ut</strong></span> <span class='ocrx_word' id='word_1_346' title='bbox 898 4149 1122 4202; x_wconf 87' lang='lat' dir='ltr'><strong>veniret.</strong></span> <span class='ocrx_word' id='word_1_347' title='bbox 1177 4149 1458 4204; x_wconf 78' lang='lat' dir='ltr'><strong>Matthqu</strong></span> <span class='ocrx_word' id='word_1_348' title='bbox 1503 4164 1632 4204; x_wconf 85' lang='lat' dir='ltr'><strong>vero</strong></span> <span class='ocrx_word' id='word_1_349' title='bbox 1683 4150 1756 4204; x_wconf 90' lang='lat' dir='ltr'><strong>ait</strong></span> <span class='ocrx_word' id='word_1_350' title='bbox 1804 4151 2148 4206; x_wconf 85' lang='lat' dir='ltr'><strong>accedentem</strong></span> 
     </span>
    </p>
   </div>
   <div class='ocr_carea' id='block_1_43' title="bbox 565 4237 2152 4310">
    <p class='ocr_par' dir='ltr' id='par_1_43' title="bbox 565 4237 2152 4310">
     <span class='ocr_line' id='line_1_43' title="bbox 565 4237 2152 4310; baseline 0.004 -21"><span class='ocrx_word' id='word_1_351' title='bbox 565 4238 737 4306; x_wconf 88' lang='lat' dir='ltr'><strong>ipsum</strong></span> <span class='ocrx_word' id='word_1_352' title='bbox 769 4237 984 4303; x_wconf 82' lang='lat' dir='ltr'><strong>dixisse,</strong></span> <span class='ocrx_word' id='word_1_353' title='bbox 1029 4239 1149 4293; x_wconf 88' lang='lat' dir='ltr'><strong>Non</strong></span> <span class='ocrx_word' id='word_1_354' title='bbox 1175 4257 1286 4294; x_wconf 86' lang='lat' dir='ltr'><strong>sum</strong></span> <span class='ocrx_word' id='word_1_355' title='bbox 1311 4241 1515 4310; x_wconf 86' lang='lat' dir='ltr'><strong>dignus.</strong></span> <span class='ocrx_word' id='word_1_356' title='bbox 1547 4240 1772 4307; x_wconf 90' lang='lat' dir='ltr'><strong>Quidam</strong></span> <span class='ocrx_word' id='word_1_357' title='bbox 1801 4256 1930 4296; x_wconf 90' lang='lat' dir='ltr'><strong>vero</strong></span> <span class='ocrx_word' id='word_1_358' title='bbox 1968 4242 2152 4297; x_wconf 91' lang='lat' dir='ltr'><strong>dicunt</strong></span> 
     </span>
    </p>
   </div>
   <div class='ocr_carea' id='block_1_44' title="bbox 565 4328 2151 4402">
    <p class='ocr_par' dir='ltr' id='par_1_44' title="bbox 565 4328 2151 4402">
     <span class='ocr_line' id='line_1_44' title="bbox 565 4328 2151 4402; baseline 0.004 -21"><span class='ocrx_word' id='word_1_359' title='bbox 565 4343 673 4382; x_wconf 90' lang='lat' dir='ltr'><strong>non</strong></span> <span class='ocrx_word' id='word_1_360' title='bbox 697 4342 819 4383; x_wconf 88' lang='lat' dir='ltr'><strong>esse</strong></span> <span class='ocrx_word' id='word_1_361' title='bbox 842 4328 1089 4384; x_wconf 87' lang='lat' dir='ltr'><strong>eumdem</strong></span> <span class='ocrx_word' id='word_1_362' title='bbox 1117 4330 1312 4399; x_wconf 91' lang='lat' dir='ltr'><strong>ipsum,</strong></span> <span class='ocrx_word' id='word_1_363' title='bbox 1339 4332 1438 4385; x_wconf 91' lang='lat' dir='ltr'><strong>etsi</strong></span> <span class='ocrx_word' id='word_1_364' title='bbox 1464 4331 1632 4386; x_wconf 91' lang='lat' dir='ltr'><strong>multa</strong></span> <span class='ocrx_word' id='word_1_365' title='bbox 1658 4331 1767 4386; x_wconf 91' lang='lat' dir='ltr'><strong>sint</strong></span> <span class='ocrx_word' id='word_1_366' title='bbox 1802 4333 2051 4402; x_wconf 90' lang='lat' dir='ltr'><strong>utrinque</strong></span> <span class='ocrx_word' id='word_1_367' title='bbox 2077 4334 2151 4388; x_wconf 87' lang='lat' dir='ltr'><strong>si-</strong></span> 
     </span>
    </p>
   </div>
   <div class='ocr_carea' id='block_1_45' title="bbox 563 4419 2149 4497">
    <p class='ocr_par' dir='ltr' id='par_1_45' title="bbox 563 4419 2149 4497">
     <span class='ocr_line' id='line_1_45' title="bbox 563 4419 2149 4497; baseline 0.006 -25"><span class='ocrx_word' id='word_1_368' title='bbox 563 4419 728 4474; x_wconf 86' lang='lat' dir='ltr'><strong>milia.</strong></span> <span class='ocrx_word' id='word_1_369' title='bbox 774 4420 850 4476; x_wconf 91' lang='lat' dir='ltr'><strong>De</strong></span> <span class='ocrx_word' id='word_1_370' title='bbox 893 4421 989 4476; x_wconf 92' lang='lat' dir='ltr'><strong>illo</strong></span> <span class='ocrx_word' id='word_1_371' title='bbox 1029 4438 1258 4493; x_wconf 89' lang='lat' dir='ltr'><strong>namque</strong></span> <span class='ocrx_word' id='word_1_372' title='bbox 1285 4423 1417 4478; x_wconf 90' lang='lat' dir='ltr'><strong>dicit</strong></span> <span class='ocrx_word' id='word_1_373' title='bbox 1449 4442 1462 4478; x_wconf 90' lang='lat'><strong>:</strong></span> <span class='ocrx_word' id='word_1_374' title='bbox 1495 4425 1824 4497; x_wconf 79' lang='lat' dir='ltr'><strong>Synagogam</strong></span> <span class='ocrx_word' id='word_1_375' title='bbox 1851 4427 1995 4481; x_wconf 86' lang='lat' dir='ltr'><strong>nobis</strong></span> <span class='ocrx_word' id='word_1_376' title='bbox 2019 4428 2149 4482; x_wconf 75' lang='lat' dir='ltr'><strong>tedi-</strong></span> 
     </span>
    </p>
   </div>
   <div class='ocr_carea' id='block_1_46' title="bbox 563 4510 2148 4586">
    <p class='ocr_par' dir='ltr' id='par_1_46' title="bbox 563 4510 2148 4586">
     <span class='ocr_line' id='line_1_46' title="bbox 563 4510 2148 4586; baseline 0.008 -24"><span class='ocrx_word' id='word_1_377' title='bbox 563 4510 752 4578; x_wconf 79' lang='lat' dir='ltr'><strong>ﬁcavit,</strong></span> <span class='ocrx_word' id='word_1_378' title='bbox 796 4520 846 4565; x_wconf 89' lang='lat' dir='ltr'><strong>et</strong></span> <span class='ocrx_word' id='word_1_379' title='bbox 873 4523 1068 4583; x_wconf 83' lang='lat' dir='ltr'><strong>gentem</strong></span> <span class='ocrx_word' id='word_1_380' title='bbox 1112 4515 1277 4585; x_wconf 81' lang='lat' dir='ltr'><strong>diligit</strong></span> <span class='ocrx_word' id='word_1_381' title='bbox 1305 4513 1454 4585; x_wconf 89' lang='lat' dir='ltr'><strong>(Luc.</strong></span> <span class='ocrx_word' id='word_1_382' title='bbox 1500 4516 1554 4570; x_wconf 87' lang='lat'><strong>7.</strong></span> <span class='ocrx_word' id='word_1_383' title='bbox 1595 4516 1689 4586; x_wconf 84' lang='lat'><strong>5);</strong></span> <span class='ocrx_word' id='word_1_384' title='bbox 1722 4517 1790 4573; x_wconf 91' lang='lat' dir='ltr'><strong>de</strong></span> <span class='ocrx_word' id='word_1_385' title='bbox 1827 4517 1930 4574; x_wconf 92' lang='lat' dir='ltr'><strong>hoc</strong></span> <span class='ocrx_word' id='word_1_386' title='bbox 1969 4529 2148 4574; x_wconf 87' lang='lat' dir='ltr'><strong>autem</strong></span> 
     </span>
    </p>
   </div>
   <div class='ocr_carea' id='block_1_47' title="bbox 563 4599 2150 4676">
    <p class='ocr_par' dir='ltr' id='par_1_47' title="bbox 563 4599 2150 4676">
     <span class='ocr_line' id='line_1_47' title="bbox 563 4599 2150 4676; baseline 0.008 -23"><span class='ocrx_word' id='word_1_387' title='bbox 563 4599 871 4657; x_wconf 82' lang='lat' dir='ltr'><strong>dicitJesus</strong></span> <span class='ocrx_word' id='word_1_388' title='bbox 901 4622 915 4657; x_wconf 91' lang='lat'><strong>:</strong></span> <span class='ocrx_word' id='word_1_389' title='bbox 950 4603 1126 4673; x_wconf 82' lang='lat' dir='ltr'><strong>Neque</strong></span> <span class='ocrx_word' id='word_1_390' title='bbox 1152 4606 1206 4659; x_wconf 88' lang='lat' dir='ltr'><strong>in</strong></span> <span class='ocrx_word' id='word_1_391' title='bbox 1243 4605 1411 4660; x_wconf 89' lang='lat' dir='ltr'><strong>Israel</strong></span> <span class='ocrx_word' id='word_1_392' title='bbox 1448 4615 1639 4660; x_wconf 88' lang='lat' dir='ltr'><strong>tantam</strong></span> <span class='ocrx_word' id='word_1_393' title='bbox 1678 4607 1830 4676; x_wconf 84' lang='lat' dir='ltr'><strong>ﬁdem</strong></span> <span class='ocrx_word' id='word_1_394' title='bbox 1857 4610 2042 4663; x_wconf 88' lang='lat' dir='ltr'><strong>inveni.</strong></span> <span class='ocrx_word' id='word_1_395' title='bbox 2072 4611 2150 4666; x_wconf 90' lang='lat' dir='ltr'><strong>De</strong></span> 
     </span>
    </p>
   </div>
   <div class='ocr_carea' id='block_1_48' title="bbox 466 4682 2149 4766">
    <p class='ocr_par' dir='ltr' id='par_1_48' title="bbox 466 4682 2149 4766">
     <span class='ocr_line' id='line_1_48' title="bbox 466 4682 2149 4766; baseline 0.007 -22"><span class='ocrx_word' id='word_1_396' title='bbox 466 4682 471 4687; x_wconf 69' lang='grc'><em>’</em></span> <span class='ocrx_word' id='word_1_397' title='bbox 562 4691 656 4745; x_wconf 87' lang='lat' dir='ltr'><strong>illo</strong></span> <span class='ocrx_word' id='word_1_398' title='bbox 684 4705 862 4748; x_wconf 88' lang='lat' dir='ltr'><strong>autem</strong></span> <span class='ocrx_word' id='word_1_399' title='bbox 890 4709 995 4748; x_wconf 90' lang='lat' dir='ltr'><strong>non</strong></span> <span class='ocrx_word' id='word_1_400' title='bbox 1026 4695 1179 4764; x_wconf 86' lang='lat' dir='ltr'><strong>dixit,</strong></span> <span class='ocrx_word' id='word_1_401' title='bbox 1209 4696 1362 4751; x_wconf 84' lang='lat' dir='ltr'><strong>Multi</strong></span> <span class='ocrx_word' id='word_1_402' title='bbox 1394 4699 1589 4752; x_wconf 84' lang='lat' dir='ltr'><strong>venient</strong></span> <span class='ocrx_word' id='word_1_403' title='bbox 1617 4699 1679 4752; x_wconf 88' lang='lat' dir='ltr'><strong>ab</strong></span> <span class='ocrx_word' id='word_1_404' title='bbox 1717 4701 1905 4754; x_wconf 86' lang='lat' dir='ltr'><strong>oriente</strong></span> <span class='ocrx_word' id='word_1_405' title='bbox 1935 4702 1978 4766; x_wconf 82' lang='grc'><em>³,</em></span> <span class='ocrx_word' id='word_1_406' title='bbox 2009 4701 2149 4756; x_wconf 91' lang='lat' dir='ltr'><strong>unde</strong></span> 
     </span>
    </p>
   </div>
   <div class='ocr_carea' id='block_1_49' title="bbox 561 4783 2151 4861">
    <p class='ocr_par' dir='ltr' id='par_1_49' title="bbox 561 4783 2151 4861">
     <span class='ocr_line' id='line_1_49' title="bbox 561 4783 2151 4861; baseline 0.006 -25"><span class='ocrx_word' id='word_1_407' title='bbox 561 4783 850 4840; x_wconf 89' lang='lat' dir='ltr'><strong>verisimile</strong></span> <span class='ocrx_word' id='word_1_408' title='bbox 871 4787 940 4840; x_wconf 92' lang='lat' dir='ltr'><strong>sit</strong></span> <span class='ocrx_word' id='word_1_409' title='bbox 975 4787 1144 4856; x_wconf 84' lang='lat' dir='ltr'><strong>ipsum</strong></span> <span class='ocrx_word' id='word_1_410' title='bbox 1179 4787 1421 4844; x_wconf 65' lang='lat' dir='ltr'><strong>Judmum</strong></span> <span class='ocrx_word' id='word_1_411' title='bbox 1456 4789 1640 4844; x_wconf 78' lang='lat' dir='ltr'><strong>fuisse.</strong></span> <span class='ocrx_word' id='word_1_412' title='bbox 1672 4790 1810 4857; x_wconf 88' lang='lat' dir='ltr'><strong>Quid</strong></span> <span class='ocrx_word' id='word_1_413' title='bbox 1853 4806 1982 4861; x_wconf 86' lang='lat' dir='ltr'><strong>ergo</strong></span> <span class='ocrx_word' id='word_1_414' title='bbox 2005 4791 2151 4846; x_wconf 89' lang='lat' dir='ltr'><strong>dice-</strong></span> 
     </span>
    </p>
   </div>
   <div class='ocr_carea' id='block_1_50' title="bbox 561 4876 2146 4951">
    <p class='ocr_par' dir='ltr' id='par_1_50' title="bbox 561 4876 2146 4951">
     <span class='ocr_line' id='line_1_50' title="bbox 561 4876 2146 4951; baseline 0.004 -20"><span class='ocrx_word' id='word_1_415' title='bbox 561 4880 722 4932; x_wconf 82' lang='lat' dir='ltr'><strong>mus?</strong></span> <span class='ocrx_word' id='word_1_416' title='bbox 749 4876 838 4933; x_wconf 88' lang='lat' dir='ltr'><strong>Sic</strong></span> <span class='ocrx_word' id='word_1_417' title='bbox 869 4877 1082 4934; x_wconf 76' lang='lat' dir='ltr'><strong>facilem</strong></span> <span class='ocrx_word' id='word_1_418' title='bbox 1109 4894 1231 4934; x_wconf 88' lang='lat' dir='ltr'><strong>esse</strong></span> <span class='ocrx_word' id='word_1_419' title='bbox 1257 4881 1577 4936; x_wconf 88' lang='lat' dir='ltr'><strong>solutionem</strong></span> <span class='ocrx_word' id='word_1_420' title='bbox 1612 4899 1626 4935; x_wconf 90' lang='lat'><strong>:</strong></span> <span class='ocrx_word' id='word_1_421' title='bbox 1655 4882 1914 4951; x_wconf 63' lang='lat' dir='ltr'><strong>quaeritur</strong></span> <span class='ocrx_word' id='word_1_422' title='bbox 1945 4891 2146 4948; x_wconf 89' lang='lat' dir='ltr'><strong>autem.</strong></span> 
     </span>
    </p>
   </div>
   <div class='ocr_carea' id='block_1_51' title="bbox 563 4969 2148 5042">
    <p class='ocr_par' dir='ltr' id='par_1_51' title="bbox 563 4969 2148 5042">
     <span class='ocr_line' id='line_1_51' title="bbox 563 4969 2148 5042; baseline 0.004 -20"><span class='ocrx_word' id='word_1_423' title='bbox 563 4977 739 5023; x_wconf 90' lang='lat' dir='ltr'><strong>utrum</strong></span> <span class='ocrx_word' id='word_1_424' title='bbox 777 4969 848 5022; x_wconf 92' lang='lat' dir='ltr'><strong>sit</strong></span> <span class='ocrx_word' id='word_1_425' title='bbox 890 4984 1039 5024; x_wconf 85' lang='lat' dir='ltr'><strong>vera.</strong></span> <span class='ocrx_word' id='word_1_426' title='bbox 1084 4969 1210 5024; x_wconf 77' lang='lat' dir='ltr'><strong>Mihi</strong></span> <span class='ocrx_word' id='word_1_427' title='bbox 1251 4980 1398 5026; x_wconf 89' lang='lat' dir='ltr'><strong>certe</strong></span> <span class='ocrx_word' id='word_1_428' title='bbox 1434 4971 1646 5026; x_wconf 91' lang='lat' dir='ltr'><strong>videtur</strong></span> <span class='ocrx_word' id='word_1_429' title='bbox 1680 4971 1927 5027; x_wconf 89' lang='lat' dir='ltr'><strong>eumdem</strong></span> <span class='ocrx_word' id='word_1_430' title='bbox 1975 4973 2148 5042; x_wconf 91' lang='lat' dir='ltr'><strong>ipsum</strong></span> 
     </span>
    </p>
   </div>
   <div class='ocr_carea' id='block_1_52' title="bbox 561 5060 2146 5134">
    <p class='ocr_par' dir='ltr' id='par_1_52' title="bbox 561 5060 2146 5134">
     <span class='ocr_line' id='line_1_52' title="bbox 561 5060 2146 5134; baseline 0.003 -18"><span class='ocrx_word' id='word_1_431' title='bbox 561 5077 704 5117; x_wconf 83' lang='lat' dir='ltr'><strong>esse.</strong></span> <span class='ocrx_word' id='word_1_432' title='bbox 753 5060 1036 5128; x_wconf 88' lang='lat' dir='ltr'><strong>Quomodo</strong></span> <span class='ocrx_word' id='word_1_433' title='bbox 1082 5077 1232 5132; x_wconf 85' lang='lat' dir='ltr'><strong>ergo,</strong></span> <span class='ocrx_word' id='word_1_434' title='bbox 1279 5063 1516 5134; x_wconf 86' lang='lat' dir='ltr'><strong>inquies,</strong></span> <span class='ocrx_word' id='word_1_435' title='bbox 1566 5063 1842 5119; x_wconf 69' lang='lat' dir='ltr'><strong>Matthieus</strong></span> <span class='ocrx_word' id='word_1_436' title='bbox 1880 5065 2146 5120; x_wconf 91' lang='lat' dir='ltr'><strong>dicentem</strong></span> 
     </span>
    </p>
   </div>
   <div class='ocr_carea' id='block_1_53' title="bbox 565 5153 2150 5228">
    <p class='ocr_par' dir='ltr' id='par_1_53' title="bbox 565 5153 2150 5228">
     <span class='ocr_line' id='line_1_53' title="bbox 565 5153 2150 5228; baseline 0.004 -20"><span class='ocrx_word' id='word_1_437' title='bbox 565 5154 712 5208; x_wconf 90' lang='lat' dir='ltr'><strong>illum</strong></span> <span class='ocrx_word' id='word_1_438' title='bbox 737 5153 1001 5224; x_wconf 90' lang='lat' dir='ltr'><strong>perhibet,</strong></span> <span class='ocrx_word' id='word_1_439' title='bbox 1035 5153 1157 5209; x_wconf 85' lang='lat' dir='ltr'><strong>Non</strong></span> <span class='ocrx_word' id='word_1_440' title='bbox 1193 5171 1306 5210; x_wconf 87' lang='lat' dir='ltr'><strong>sum</strong></span> <span class='ocrx_word' id='word_1_441' title='bbox 1347 5156 1530 5228; x_wconf 87' lang='lat' dir='ltr'><strong>dignus</strong></span> <span class='ocrx_word' id='word_1_442' title='bbox 1567 5168 1624 5211; x_wconf 89' lang='lat' dir='ltr'><strong>ut</strong></span> <span class='ocrx_word' id='word_1_443' title='bbox 1663 5157 1818 5213; x_wconf 87' lang='lat' dir='ltr'><strong>intres</strong></span> <span class='ocrx_word' id='word_1_444' title='bbox 1843 5158 1936 5212; x_wconf 84' lang='lat' dir='ltr'><strong>sub</strong></span> <span class='ocrx_word' id='word_1_445' title='bbox 1965 5168 2150 5214; x_wconf 84' lang='lat' dir='ltr'><strong>tectum</strong></span> 
     </span>
    </p>
   </div>
   <div class='ocr_carea' id='block_1_54' title="bbox 563 5248 2152 5312">
    <p class='ocr_par' dir='ltr' id='par_1_54' title="bbox 563 5248 2152 5312">
     <span class='ocr_line' id='line_1_54' title="bbox 563 5248 2152 5312; baseline 0.005 -14"><span class='ocrx_word' id='word_1_446' title='bbox 563 5265 725 5300; x_wconf 79' lang='lat' dir='ltr'><strong>meum</strong></span> <span class='ocrx_word' id='word_1_447' title='bbox 755 5264 773 5302; x_wconf 92' lang='lat'><strong><em>:</em></strong></span> <span class='ocrx_word' id='word_1_448' title='bbox 799 5248 970 5303; x_wconf 88' lang='lat' dir='ltr'><strong>Lucas</strong></span> <span class='ocrx_word' id='word_1_449' title='bbox 993 5264 1124 5305; x_wconf 87' lang='lat' dir='ltr'><strong>vero</strong></span> <span class='ocrx_word' id='word_1_450' title='bbox 1150 5251 1242 5312; x_wconf 89' lang='lat' dir='ltr'><strong>ait,</strong></span> <span class='ocrx_word' id='word_1_451' title='bbox 1285 5250 1494 5304; x_wconf 90' lang='lat' dir='ltr'><strong>misisse</strong></span> <span class='ocrx_word' id='word_1_452' title='bbox 1523 5259 1768 5304; x_wconf 88' lang='lat' dir='ltr'><strong>vocatum</strong></span> <span class='ocrx_word' id='word_1_453' title='bbox 1809 5260 1866 5304; x_wconf 91' lang='lat' dir='ltr'><strong>ul</strong></span> <span class='ocrx_word' id='word_1_454' title='bbox 1903 5252 2152 5307; x_wconf 87' lang='lat' dir='ltr'><strong>veniret?</strong></span> 
     </span>
    </p>
   </div>
   <div class='ocr_carea' id='block_1_55' title="bbox 565 5339 2152 5399">
    <p class='ocr_par' dir='ltr' id='par_1_55' title="bbox 565 5339 2152 5399">
     <span class='ocr_line' id='line_1_55' title="bbox 565 5339 2152 5399; baseline 0.003 -6"><span class='ocrx_word' id='word_1_455' title='bbox 565 5339 786 5396; x_wconf 65' lang='lat' dir='ltr'><strong>Videtur</strong></span> <span class='ocrx_word' id='word_1_456' title='bbox 825 5342 956 5397; x_wconf 87' lang='lat' dir='ltr'><strong>mihi</strong></span> <span class='ocrx_word' id='word_1_457' title='bbox 985 5342 1156 5398; x_wconf 90' lang='lat' dir='ltr'><strong>Lucas</strong></span> <span class='ocrx_word' id='word_1_458' title='bbox 1189 5343 1546 5398; x_wconf 84' lang='lat' dir='ltr'><strong>adulationem</strong></span> <span class='ocrx_word' id='word_1_459' title='bbox 1591 5343 1868 5398; x_wconf 80' lang='lat' dir='ltr'><strong>Judaicam</strong></span> <span class='ocrx_word' id='word_1_460' title='bbox 1911 5345 2152 5399; x_wconf 79' lang='lat' dir='ltr'><strong>subindi-</strong></span> 
     </span>
    </p>
   </div>
   <div class='ocr_carea' id='block_1_56' title="bbox 559 5433 2149 5506">
    <p class='ocr_par' dir='ltr' id='par_1_56' title="bbox 559 5433 2149 5506">
     <span class='ocr_line' id='line_1_56' title="bbox 559 5433 2149 5506; baseline 0.003 -18"><span class='ocrx_word' id='word_1_461' title='bbox 559 5448 704 5498; x_wconf 77' lang='lat' dir='ltr'><strong>care,</strong></span> <span class='ocrx_word' id='word_1_462' title='bbox 736 5433 1086 5506; x_wconf 88' lang='lat' dir='ltr'><strong>hominesque</strong></span> <span class='ocrx_word' id='word_1_463' title='bbox 1123 5436 1175 5490; x_wconf 93' lang='lat' dir='ltr'><strong>in</strong></span> <span class='ocrx_word' id='word_1_464' title='bbox 1223 5435 1525 5490; x_wconf 85' lang='lat' dir='ltr'><strong>calamitate</strong></span> <span class='ocrx_word' id='word_1_465' title='bbox 1556 5445 1831 5491; x_wconf 87' lang='lat' dir='ltr'><strong>versantes</strong></span> <span class='ocrx_word' id='word_1_466' title='bbox 1874 5436 2149 5492; x_wconf 84' lang='lat' dir='ltr'><strong>instabiles</strong></span> 
     </span>
    </p>
   </div>
   <div class='ocr_carea' id='block_1_57' title="bbox 572 5529 2148 5602">
    <p class='ocr_par' dir='ltr' id='par_1_57' title="bbox 572 5529 2148 5602">
     <span class='ocr_line' id='line_1_57' title="bbox 572 5529 2148 5602; baseline 0 -19"><span class='ocrx_word' id='word_1_467' title='bbox 572 5529 1349 5602; x_wconf 85' lang='lat' dir='ltr'><strong>essc,subindequeconsilium</strong></span> <span class='ocrx_word' id='word_1_468' title='bbox 1371 5539 1599 5584; x_wconf 90' lang='lat' dir='ltr'><strong>mutare.</strong></span> <span class='ocrx_word' id='word_1_469' title='bbox 1623 5529 1925 5585; x_wconf 86' lang='lat' dir='ltr'><strong>Verisimile</strong></span> <span class='ocrx_word' id='word_1_470' title='bbox 1949 5531 2148 5600; x_wconf 89' lang='lat' dir='ltr'><strong>quippe</strong></span> 
     </span>
    </p>
   </div>
   <div class='ocr_carea' id='block_1_58' title="bbox 625 5690 2145 5758">
    <p class='ocr_par' dir='ltr' id='par_1_58' title="bbox 625 5690 2145 5758">
     <span class='ocr_line' id='line_1_58' title="bbox 625 5690 2145 5758; baseline 0.001 -16"><span class='ocrx_word' id='word_1_471' title='bbox 625 5694 642 5726; x_wconf 74' lang='grc' dir='ltr'>ι</span> <span class='ocrx_word' id='word_1_472' title='bbox 681 5693 785 5754; x_wconf 78' lang='lat' dir='ltr'><strong>Alii,</strong></span> <span class='ocrx_word' id='word_1_473' title='bbox 810 5697 1087 5754; x_wconf 86' lang='lat' dir='ltr'><strong>recumbent</strong></span> <span class='ocrx_word' id='word_1_474' title='bbox 1147 5704 1260 5746; x_wconf 82' lang='lat' dir='ltr'><strong>eum</strong></span> <span class='ocrx_word' id='word_1_475' title='bbox 1312 5693 1570 5745; x_wconf 69' lang='lat' dir='ltr'><strong>Abraham.</strong></span> <span class='ocrx_word' id='word_1_476' title='bbox 1605 5693 1752 5758; x_wconf 79' lang='lat' dir='ltr'><strong>Paulo</strong></span> <span class='ocrx_word' id='word_1_477' title='bbox 1767 5700 1879 5758; x_wconf 83' lang='lat' dir='ltr'><strong>post</strong></span> <span class='ocrx_word' id='word_1_478' title='bbox 1894 5692 2063 5752; x_wconf 82' lang='lat' dir='ltr'><strong>iidem,</strong></span> <span class='ocrx_word' id='word_1_479' title='bbox 2087 5690 2145 5754; x_wconf 76' lang='lat' dir='ltr'><strong>ﬁ-</strong></span> 
     </span>
    </p>
   </div>
   <div class='ocr_carea' id='block_1_59' title="bbox 563 5752 1922 5824">
    <p class='ocr_par' dir='ltr' id='par_1_59' title="bbox 563 5752 1922 5824">
     <span class='ocr_line' id='line_1_59' title="bbox 563 5752 1922 5824; baseline 0 -20"><span class='ocrx_word' id='word_1_480' title='bbox 563 5752 619 5804; x_wconf 84' lang='lat' dir='ltr'><strong>lii</strong></span> <span class='ocrx_word' id='word_1_481' title='bbox 628 5752 801 5824; x_wconf 64' lang='lat' dir='ltr'><strong>autem</strong></span> <span class='ocrx_word' id='word_1_482' title='bbox 825 5752 964 5824; x_wconf 57' lang='lat' dir='ltr'><strong>nequi</strong></span> <span class='ocrx_word' id='word_1_483' title='bbox 985 5757 1314 5824; x_wconf 82' lang='lat' dir='ltr'><strong>eiicient_ur_in</strong></span> <span class='ocrx_word' id='word_1_484' title='bbox 1331 5759 1550 5824; x_wconf 74' lang='lat' dir='ltr'><strong>tenebras</strong></span> <span class='ocrx_word' id='word_1_485' title='bbox 1577 5752 1861 5824; x_wconf 74' lang='lat' dir='ltr'><strong>exteriores.</strong></span> <span class='ocrx_word' id='word_1_486' title='bbox 1911 5813 1922 5824; x_wconf 85' lang='lat'><strong>_</strong></span> 
     </span>
    </p>
   </div>
   <div class='ocr_carea' id='block_1_60' title="bbox 627 5817 2021 5906">
    <p class='ocr_par' dir='ltr' id='par_1_60' title="bbox 627 5817 2021 5906">
     <span class='ocr_line' id='line_1_60' title="bbox 627 5817 2021 5906; baseline -0.001 -39"><span class='ocrx_word' id='word_1_487' title='bbox 627 5819 646 5848; x_wconf 69' lang='grc' dir='ltr'><strong><em>ι</em></strong></span> <span class='ocrx_word' id='word_1_488' title='bbox 677 5824 785 5869; x_wconf 73' lang='lat' dir='ltr'><strong>uss.</strong></span> <span class='ocrx_word' id='word_1_489' title='bbox 807 5817 1020 5883; x_wconf 81' lang='lat' dir='ltr'><strong>plurimi,</strong></span> <span class='ocrx_word' id='word_1_490' title='bbox 1044 5819 1184 5872; x_wconf 87' lang='lat' dir='ltr'><strong>multi</strong></span> <span class='ocrx_word' id='word_1_491' title='bbox 1201 5819 1263 5871; x_wconf 88' lang='lat' dir='ltr'><strong>ab</strong></span> <span class='ocrx_word' id='word_1_492' title='bbox 1278 5819 1460 5872; x_wconf 88' lang='lat' dir='ltr'><strong>oriente</strong></span> <span class='ocrx_word' id='word_1_493' title='bbox 1485 5825 1531 5871; x_wconf 88' lang='lat' dir='ltr'><strong>et</strong></span> <span class='ocrx_word' id='word_1_494' title='bbox 1542 5817 1798 5906; x_wconf 64' lang='lat' dir='ltr'><strong>pceideute</strong></span> <span class='ocrx_word' id='word_1_495' title='bbox 1815 5817 2021 5869; x_wconf 78' lang='lat' dir='ltr'><strong>venient.</strong></span> 
     </span>
    </p>
   </div>
   <div class='ocr_carea' id='block_1_61' title="bbox 1315 347 3129 410">
    <p class='ocr_par' dir='ltr' id='par_1_61' title="bbox 1315 347 3129 410">
     <span class='ocr_line' id='line_1_61' title="bbox 1315 347 3129 410; baseline -0.001 -2"><span class='ocrx_word' id='word_1_496' title='bbox 1315 350 1372 408; x_wconf 92' lang='lat' dir='ltr'><strong>S.</strong></span> <span class='ocrx_word' id='word_1_497' title='bbox 1411 348 1691 408; x_wconf 73' lang='lat' dir='ltr'><strong>JOANNIS</strong></span> <span class='ocrx_word' id='word_1_498' title='bbox 1725 347 2198 406; x_wconf 81' lang='lat' dir='ltr'><strong>CllRYSOSTOMl</strong></span> <span class='ocrx_word' id='word_1_499' title='bbox 2237 347 2556 407; x_wconf 80' lang='lat' dir='ltr'><strong>ARCHlEP.</strong></span> <span class='ocrx_word' id='word_1_500' title='bbox 2594 350 3129 410; x_wconf 80' lang='lat' dir='ltr'><strong>CONSTANTINOP.</strong></span> 
     </span>
    </p>
   </div>
   <div class='ocr_carea' id='block_1_62' title="bbox 3757 352 3851 411">
    <p class='ocr_par' dir='ltr' id='par_1_62' title="bbox 3757 352 3851 411">
     <span class='ocr_line' id='line_1_62' title="bbox 3757 352 3851 411; baseline 0 0"><span class='ocrx_word' id='word_1_501' title='bbox 3757 352 3851 411; x_wconf 64' lang='grc' dir='ltr'><strong>ωε</strong></span> 
     </span>
    </p>
   </div>
   <div class='ocr_carea' id='block_1_63' title="bbox 2285 467 3856 527">
    <p class='ocr_par' dir='ltr' id='par_1_63' title="bbox 2285 467 3856 527">
     <span class='ocr_line' id='line_1_63' title="bbox 2285 467 3856 527; baseline 0.005 -8"><span class='ocrx_word' id='word_1_502' title='bbox 2285 473 2370 520; x_wconf 89' lang='lat' dir='ltr'><strong>est</strong></span> <span class='ocrx_word' id='word_1_503' title='bbox 2402 468 2764 523; x_wconf 91' lang='lat' dir='ltr'><strong>centurionem</strong></span> <span class='ocrx_word' id='word_1_504' title='bbox 2797 483 2918 525; x_wconf 90' lang='lat' dir='ltr'><strong>cum</strong></span> <span class='ocrx_word' id='word_1_505' title='bbox 2948 468 3100 524; x_wconf 89' lang='lat' dir='ltr'><strong>abire</strong></span> <span class='ocrx_word' id='word_1_506' title='bbox 3139 467 3297 524; x_wconf 85' lang='lat' dir='ltr'><strong>vellet</strong></span> <span class='ocrx_word' id='word_1_507' title='bbox 3330 467 3602 524; x_wconf 90' lang='lat' dir='ltr'><strong>detentum</strong></span> <span class='ocrx_word' id='word_1_508' title='bbox 3642 467 3801 527; x_wconf 80' lang='lat' dir='ltr'><strong>fuisse</strong></span> <span class='ocrx_word' id='word_1_509' title='bbox 3826 488 3856 526; x_wconf 87' lang='lat' dir='ltr'><strong>a</strong></span> 
     </span>
    </p>
   </div>
   <div class='ocr_carea' id='block_1_64' title="bbox 2281 555 3854 630">
    <p class='ocr_par' dir='ltr' id='par_1_64' title="bbox 2281 555 3854 630">
     <span class='ocr_line' id='line_1_64' title="bbox 2281 555 3854 630; baseline 0.003 -19"><span class='ocrx_word' id='word_1_510' title='bbox 2281 555 2479 613; x_wconf 84' lang='lat' dir='ltr'><strong>Jud:eis</strong></span> <span class='ocrx_word' id='word_1_511' title='bbox 2523 558 2862 614; x_wconf 87' lang='lat' dir='ltr'><strong>adulantibus</strong></span> <span class='ocrx_word' id='word_1_512' title='bbox 2908 559 3312 630; x_wconf 82' lang='lat' dir='ltr'><strong>d‘iceutibusque</strong></span> <span class='ocrx_word' id='word_1_513' title='bbox 3353 575 3368 612; x_wconf 90' lang='lat'><strong>:</strong></span> <span class='ocrx_word' id='word_1_514' title='bbox 3413 559 3520 614; x_wconf 86' lang='lat' dir='ltr'><strong>Nos</strong></span> <span class='ocrx_word' id='word_1_515' title='bbox 3571 557 3760 614; x_wconf 83' lang='lat' dir='ltr'><strong>ibimus</strong></span> <span class='ocrx_word' id='word_1_516' title='bbox 3805 570 3854 616; x_wconf 88' lang='lat' dir='ltr'><strong>et</strong></span> 
     </span>
    </p>
   </div>
   <div class='ocr_carea' id='block_1_65' title="bbox 2281 648 3854 721">
    <p class='ocr_par' dir='ltr' id='par_1_65' title="bbox 2281 648 3854 721">
     <span class='ocr_line' id='line_1_65' title="bbox 2281 648 3854 721; baseline 0.005 -21"><span class='ocrx_word' id='word_1_517' title='bbox 2281 648 2607 704; x_wconf 90' lang='lat' dir='ltr'><strong>adducemus</strong></span> <span class='ocrx_word' id='word_1_518' title='bbox 2634 665 2777 705; x_wconf 92' lang='lat' dir='ltr'><strong>eum.</strong></span> <span class='ocrx_word' id='word_1_519' title='bbox 2808 649 2943 705; x_wconf 89' lang='lat' dir='ltr'><strong>Vide</strong></span> <span class='ocrx_word' id='word_1_520' title='bbox 2986 651 3164 721; x_wconf 86' lang='lat' dir='ltr'><strong>itaque</strong></span> <span class='ocrx_word' id='word_1_521' title='bbox 3191 649 3618 706; x_wconf 86' lang='lat' dir='ltr'><strong>adhortationem</strong></span> <span class='ocrx_word' id='word_1_522' title='bbox 3649 650 3854 708; x_wconf 90' lang='lat' dir='ltr'><strong>illorum</strong></span> 
     </span>
    </p>
   </div>
   <div class='ocr_carea' id='block_1_66' title="bbox 2280 737 3852 814">
    <p class='ocr_par' dir='ltr' id='par_1_66' title="bbox 2280 737 3852 814">
     <span class='ocr_line' id='line_1_66' title="bbox 2280 737 3852 814; baseline 0.003 -22"><span class='ocrx_word' id='word_1_523' title='bbox 2280 737 2582 796; x_wconf 87' lang='lat' dir='ltr'><strong>adulatione</strong></span> <span class='ocrx_word' id='word_1_524' title='bbox 2601 745 2832 812; x_wconf 83' lang='lat' dir='ltr'><strong>plenam.</strong></span> <span class='ocrx_word' id='word_1_525' title='bbox 2865 740 3045 811; x_wconf 79' lang='lat' dir='ltr'><strong>Diligit</strong></span> <span class='ocrx_word' id='word_1_526' title='bbox 3074 742 3226 808; x_wconf 89' lang='lat' dir='ltr'><strong>enim,</strong></span> <span class='ocrx_word' id='word_1_527' title='bbox 3259 742 3522 813; x_wconf 87' lang='lat' dir='ltr'><strong>inquiunt,</strong></span> <span class='ocrx_word' id='word_1_528' title='bbox 3551 753 3742 814; x_wconf 82' lang='lat' dir='ltr'><strong>gentem</strong></span> <span class='ocrx_word' id='word_1_529' title='bbox 3767 760 3852 797; x_wconf 86' lang='lat' dir='ltr'><strong>no-</strong></span> 
     </span>
    </p>
   </div>
   <div class='ocr_carea' id='block_1_67' title="bbox 2279 832 3856 906">
    <p class='ocr_par' dir='ltr' id='par_1_67' title="bbox 2279 832 3856 906">
     <span class='ocr_line' id='line_1_67' title="bbox 2279 832 3856 906; baseline 0.003 -22"><span class='ocrx_word' id='word_1_530' title='bbox 2279 839 2456 894; x_wconf 89' lang='lat' dir='ltr'><strong>stram,</strong></span> <span class='ocrx_word' id='word_1_531' title='bbox 2486 841 2532 885; x_wconf 88' lang='lat' dir='ltr'><strong>et</strong></span> <span class='ocrx_word' id='word_1_532' title='bbox 2571 849 2879 906; x_wconf 86' lang='lat' dir='ltr'><strong>synagogam</strong></span> <span class='ocrx_word' id='word_1_533' title='bbox 2916 833 3062 888; x_wconf 84' lang='lat' dir='ltr'><strong>nobis</strong></span> <span class='ocrx_word' id='word_1_534' title='bbox 3111 835 3408 889; x_wconf 66' lang='lat' dir='ltr'><strong>construxit.</strong></span> <span class='ocrx_word' id='word_1_535' title='bbox 3459 832 3641 902; x_wconf 84' lang='lat' dir='ltr'><strong>Neque</strong></span> <span class='ocrx_word' id='word_1_536' title='bbox 3689 832 3856 888; x_wconf 85' lang='lat' dir='ltr'><strong>sciunt</strong></span> 
     </span>
    </p>
   </div>
   <div class='ocr_carea' id='block_1_68' title="bbox 2282 923 3854 1001">
    <p class='ocr_par' dir='ltr' id='par_1_68' title="bbox 2282 923 3854 1001">
     <span class='ocr_line' id='line_1_68' title="bbox 2282 923 3854 1001; baseline 0.003 -25"><span class='ocrx_word' id='word_1_537' title='bbox 2282 923 2422 980; x_wconf 90' lang='lat' dir='ltr'><strong>unde</strong></span> <span class='ocrx_word' id='word_1_538' title='bbox 2445 926 2618 982; x_wconf 90' lang='lat' dir='ltr'><strong>virum</strong></span> <span class='ocrx_word' id='word_1_539' title='bbox 2662 928 2880 985; x_wconf 90' lang='lat' dir='ltr'><strong>laudare</strong></span> <span class='ocrx_word' id='word_1_540' title='bbox 2919 946 3014 1001; x_wconf 90' lang='lat' dir='ltr'><strong>par</strong></span> <span class='ocrx_word' id='word_1_541' title='bbox 3060 929 3149 985; x_wconf 86' lang='lat' dir='ltr'><strong>sit.</strong></span> <span class='ocrx_word' id='word_1_542' title='bbox 3201 928 3332 982; x_wconf 90' lang='lat' dir='ltr'><strong>Nam</strong></span> <span class='ocrx_word' id='word_1_543' title='bbox 3376 943 3498 982; x_wconf 90' lang='lat' dir='ltr'><strong>cum</strong></span> <span class='ocrx_word' id='word_1_544' title='bbox 3543 926 3854 1001; x_wconf 86' lang='lat' dir='ltr'><strong>oportuisset</strong></span> 
     </span>
    </p>
   </div>
   <div class='ocr_carea' id='block_1_69' title="bbox 2279 1014 3854 1093">
    <p class='ocr_par' dir='ltr' id='par_1_69' title="bbox 2279 1014 3854 1093">
     <span class='ocr_line' id='line_1_69' title="bbox 2279 1014 3854 1093; baseline 0 -24"><span class='ocrx_word' id='word_1_545' title='bbox 2279 1014 2481 1085; x_wconf 88' lang='lat' dir='ltr'><strong>dicere,</strong></span> <span class='ocrx_word' id='word_1_546' title='bbox 2515 1017 2694 1074; x_wconf 85' lang='lat' dir='ltr'><strong>Voluit</strong></span> <span class='ocrx_word' id='word_1_547' title='bbox 2717 1021 2832 1093; x_wconf 91' lang='lat' dir='ltr'><strong>ipse</strong></span> <span class='ocrx_word' id='word_1_548' title='bbox 2871 1023 2952 1078; x_wconf 88' lang='lat' dir='ltr'><strong>ire</strong></span> <span class='ocrx_word' id='word_1_549' title='bbox 2992 1030 3254 1092; x_wconf 81' lang='lat' dir='ltr'><strong>rogatum,</strong></span> <span class='ocrx_word' id='word_1_550' title='bbox 3292 1034 3390 1075; x_wconf 91' lang='lat' dir='ltr'><strong>nos</strong></span> <span class='ocrx_word' id='word_1_551' title='bbox 3433 1028 3609 1074; x_wconf 90' lang='lat' dir='ltr'><strong>autem</strong></span> <span class='ocrx_word' id='word_1_552' title='bbox 3637 1017 3854 1073; x_wconf 88' lang='lat' dir='ltr'><strong>retinui-</strong></span> 
     </span>
    </p>
   </div>
   <div class='ocr_carea' id='block_1_70' title="bbox 2278 1109 3853 1182">
    <p class='ocr_par' dir='ltr' id='par_1_70' title="bbox 2278 1109 3853 1182">
     <span class='ocr_line' id='line_1_70' title="bbox 2278 1109 3853 1182; baseline 0.001 -21"><span class='ocrx_word' id='word_1_553' title='bbox 2278 1122 2420 1173; x_wconf 90' lang='lat' dir='ltr'><strong>mus,</strong></span> <span class='ocrx_word' id='word_1_554' title='bbox 2444 1111 2803 1170; x_wconf 88' lang='lat' dir='ltr'><strong>calamitatem</strong></span> <span class='ocrx_word' id='word_1_555' title='bbox 2831 1114 3238 1170; x_wconf 88' lang='lat' dir='ltr'><strong>considerantes</strong></span> <span class='ocrx_word' id='word_1_556' title='bbox 3265 1121 3320 1166; x_wconf 86' lang='lat' dir='ltr'><strong>et</strong></span> <span class='ocrx_word' id='word_1_557' title='bbox 3347 1126 3542 1182; x_wconf 87' lang='lat' dir='ltr'><strong>corpus</strong></span> <span class='ocrx_word' id='word_1_558' title='bbox 3564 1109 3694 1166; x_wconf 90' lang='lat' dir='ltr'><strong>illud</strong></span> <span class='ocrx_word' id='word_1_559' title='bbox 3718 1109 3853 1166; x_wconf 86' lang='lat' dir='ltr'><strong>domi</strong></span> 
     </span>
    </p>
   </div>
   <div class='ocr_carea' id='block_1_71' title="bbox 2274 1201 3858 1279">
    <p class='ocr_par' dir='ltr' id='par_1_71' title="bbox 2274 1201 3858 1279">
     <span class='ocr_line' id='line_1_71' title="bbox 2274 1201 3858 1279; baseline 0.001 -23"><span class='ocrx_word' id='word_1_560' title='bbox 2274 1201 2455 1273; x_wconf 85' lang='lat' dir='ltr'><strong>jacere</strong></span> <span class='ocrx_word' id='word_1_561' title='bbox 2490 1204 2769 1271; x_wconf 88' lang='lat' dir='ltr'><strong>videntes;</strong></span> <span class='ocrx_word' id='word_1_562' title='bbox 2801 1217 2959 1279; x_wconf 88' lang='lat' dir='ltr'><strong>atque</strong></span> <span class='ocrx_word' id='word_1_563' title='bbox 2998 1206 3077 1262; x_wconf 92' lang='lat' dir='ltr'><strong>sic</strong></span> <span class='ocrx_word' id='word_1_564' title='bbox 3116 1205 3230 1276; x_wconf 87' lang='lat' dir='ltr'><strong>ejus</strong></span> <span class='ocrx_word' id='word_1_565' title='bbox 3279 1203 3404 1260; x_wconf 85' lang='lat' dir='ltr'><strong>ﬁdei</strong></span> <span class='ocrx_word' id='word_1_566' title='bbox 3445 1201 3858 1276; x_wconf 75' lang='lat' dir='ltr'><strong>magnitudinem</strong></span> 
     </span>
    </p>
   </div>
   <div class='ocr_carea' id='block_1_72' title="bbox 2278 1294 3854 1368">
    <p class='ocr_par' dir='ltr' id='par_1_72' title="bbox 2278 1294 3854 1368">
     <span class='ocr_line' id='line_1_72' title="bbox 2278 1294 3854 1368; baseline 0 -20"><span class='ocrx_word' id='word_1_567' title='bbox 2278 1307 2547 1364; x_wconf 89' lang='lat' dir='ltr'><strong>exponere</strong></span> <span class='ocrx_word' id='word_1_568' title='bbox 2580 1313 2593 1350; x_wconf 93' lang='lat'><strong>:</strong></span> <span class='ocrx_word' id='word_1_569' title='bbox 2623 1297 2698 1351; x_wconf 90' lang='lat' dir='ltr'><strong>illi</strong></span> <span class='ocrx_word' id='word_1_570' title='bbox 2741 1298 2924 1368; x_wconf 91' lang='lat' dir='ltr'><strong>utique</strong></span> <span class='ocrx_word' id='word_1_571' title='bbox 2960 1297 3063 1354; x_wconf 89' lang='lat' dir='ltr'><strong>hoc</strong></span> <span class='ocrx_word' id='word_1_572' title='bbox 3105 1311 3211 1352; x_wconf 90' lang='lat' dir='ltr'><strong>non</strong></span> <span class='ocrx_word' id='word_1_573' title='bbox 3247 1296 3460 1362; x_wconf 89' lang='lat' dir='ltr'><strong>dicunt;</strong></span> <span class='ocrx_word' id='word_1_574' title='bbox 3510 1310 3688 1364; x_wconf 89' lang='lat' dir='ltr'><strong>neque</strong></span> <span class='ocrx_word' id='word_1_575' title='bbox 3720 1294 3854 1349; x_wconf 90' lang='lat' dir='ltr'><strong>enim</strong></span> 
     </span>
    </p>
   </div>
   <div class='ocr_carea' id='block_1_73' title="bbox 2280 1383 3852 1462">
    <p class='ocr_par' dir='ltr' id='par_1_73' title="bbox 2280 1383 3852 1462">
     <span class='ocr_line' id='line_1_73' title="bbox 2280 1383 3852 1462; baseline 0 -21"><span class='ocrx_word' id='word_1_576' title='bbox 2280 1388 2548 1454; x_wconf 86' lang='lat' dir='ltr'><strong>volebant,</strong></span> <span class='ocrx_word' id='word_1_577' title='bbox 2579 1389 2774 1446; x_wconf 90' lang='lat' dir='ltr'><strong>invidia</strong></span> <span class='ocrx_word' id='word_1_578' title='bbox 2813 1407 3006 1462; x_wconf 91' lang='lat' dir='ltr'><strong>nempe</strong></span> <span class='ocrx_word' id='word_1_579' title='bbox 3041 1391 3193 1457; x_wconf 91' lang='lat' dir='ltr'><strong>moti,</strong></span> <span class='ocrx_word' id='word_1_580' title='bbox 3224 1383 3522 1445; x_wconf 66' lang='lat' dir='ltr'><strong>viri&#39;lidem</strong></span> <span class='ocrx_word' id='word_1_581' title='bbox 3543 1387 3814 1444; x_wconf 87' lang='lat' dir='ltr'><strong>declarare</strong></span> <span class='ocrx_word' id='word_1_582' title='bbox 3840 1407 3852 1442; x_wconf 92' lang='lat'>:</span> 
     </span>
    </p>
   </div>
   <div class='ocr_carea' id='block_1_74' title="bbox 2277 1479 3854 1552">
    <p class='ocr_par' dir='ltr' id='par_1_74' title="bbox 2277 1479 3854 1552">
     <span class='ocr_line' id='line_1_74' title="bbox 2277 1479 3854 1552; baseline -0.003 -16"><span class='ocrx_word' id='word_1_583' title='bbox 2277 1479 2374 1536; x_wconf 90' lang='lat' dir='ltr'><strong>sed</strong></span> <span class='ocrx_word' id='word_1_584' title='bbox 2401 1481 2706 1537; x_wconf 88' lang='lat' dir='ltr'><strong>maluerunt</strong></span> <span class='ocrx_word' id='word_1_585' title='bbox 2731 1483 2847 1552; x_wconf 89' lang='lat' dir='ltr'><strong>ejus</strong></span> <span class='ocrx_word' id='word_1_586' title='bbox 2883 1483 3133 1538; x_wconf 90' lang='lat' dir='ltr'><strong>virtutem</strong></span> <span class='ocrx_word' id='word_1_587' title='bbox 3167 1481 3440 1552; x_wconf 78' lang='lat' dir='ltr'><strong>obtegere,</strong></span> <span class='ocrx_word' id='word_1_588' title='bbox 3466 1495 3566 1551; x_wconf 81' lang='lat' dir='ltr'><strong>pro</strong></span> <span class='ocrx_word' id='word_1_589' title='bbox 3593 1493 3704 1550; x_wconf 81' lang='lat' dir='ltr'><strong>quo</strong></span> <span class='ocrx_word' id='word_1_590' title='bbox 3736 1492 3854 1547; x_wconf 53' lang='lat' dir='ltr'><strong>sup.</strong></span> 
     </span>
    </p>
   </div>
   <div class='ocr_carea' id='block_1_75' title="bbox 2281 1571 3862 1643">
    <p class='ocr_par' dir='ltr' id='par_1_75' title="bbox 2281 1571 3862 1643">
     <span class='ocr_line' id='line_1_75' title="bbox 2281 1571 3862 1643; baseline 0 -17"><span class='ocrx_word' id='word_1_591' title='bbox 2281 1571 2444 1641; x_wconf 91' lang='lat' dir='ltr'><strong>plices</strong></span> <span class='ocrx_word' id='word_1_592' title='bbox 2468 1573 2815 1641; x_wconf 87' lang='lat' dir='ltr'><strong>accedebant,</strong></span> <span class='ocrx_word' id='word_1_593' title='bbox 2847 1589 2916 1630; x_wconf 94' lang='lat' dir='ltr'><strong>ne</strong></span> <span class='ocrx_word' id='word_1_594' title='bbox 2958 1575 3232 1631; x_wconf 90' lang='lat' dir='ltr'><strong>videretur</strong></span> <span class='ocrx_word' id='word_1_595' title='bbox 3270 1588 3497 1643; x_wconf 84' lang='lat' dir='ltr'><strong>magnus</strong></span> <span class='ocrx_word' id='word_1_596' title='bbox 3532 1587 3654 1627; x_wconf 89' lang='lat' dir='ltr'><strong>esse</strong></span> <span class='ocrx_word' id='word_1_597' title='bbox 3695 1571 3742 1624; x_wconf 90' lang='lat' dir='ltr'><strong>is</strong></span> <span class='ocrx_word' id='word_1_598' title='bbox 3773 1571 3862 1640; x_wconf 83' lang='lat' dir='ltr'><strong>qui</strong></span> 
     </span>
    </p>
   </div>
   <div class='ocr_carea' id='block_1_76' title="bbox 2276 1665 3856 1737">
    <p class='ocr_par' dir='ltr' id='par_1_76' title="bbox 2276 1665 3856 1737">
     <span class='ocr_line' id='line_1_76' title="bbox 2276 1665 3856 1737; baseline -0.002 -19"><span class='ocrx_word' id='word_1_599' title='bbox 2276 1674 2508 1731; x_wconf 74' lang='lat' dir='ltr'><strong>rOgaret,</strong></span> <span class='ocrx_word' id='word_1_600' title='bbox 2552 1681 2654 1721; x_wconf 91' lang='lat' dir='ltr'><strong>neu</strong></span> <span class='ocrx_word' id='word_1_601' title='bbox 2698 1666 2854 1722; x_wconf 73' lang='lat' dir='ltr'><strong>[idem</strong></span> <span class='ocrx_word' id='word_1_602' title='bbox 2892 1667 3012 1737; x_wconf 89' lang='lat' dir='ltr'><strong>ejus</strong></span> <span class='ocrx_word' id='word_1_603' title='bbox 3053 1667 3429 1737; x_wconf 62' lang='lat' dir='ltr'><strong>praedicantes,</strong></span> <span class='ocrx_word' id='word_1_604' title='bbox 3470 1665 3548 1720; x_wconf 91' lang='lat' dir='ltr'><strong>sic</strong></span> <span class='ocrx_word' id='word_1_605' title='bbox 3587 1679 3724 1726; x_wconf 88' lang='lat' dir='ltr'><strong>rem,</strong></span> <span class='ocrx_word' id='word_1_606' title='bbox 3765 1677 3856 1730; x_wconf 88' lang='lat' dir='ltr'><strong>pro</strong></span> 
     </span>
    </p>
   </div>
   <div class='ocr_carea' id='block_1_77' title="bbox 2277 1757 3853 1825">
    <p class='ocr_par' dir='ltr' id='par_1_77' title="bbox 2277 1757 3853 1825">
     <span class='ocr_line' id='line_1_77' title="bbox 2277 1757 3853 1825; baseline -0.001 -16"><span class='ocrx_word' id='word_1_607' title='bbox 2277 1771 2379 1824; x_wconf 90' lang='lat' dir='ltr'><strong>qua</strong></span> <span class='ocrx_word' id='word_1_608' title='bbox 2409 1764 2689 1818; x_wconf 85' lang='lat' dir='ltr'><strong>venerant,</strong></span> <span class='ocrx_word' id='word_1_609' title='bbox 2716 1757 3053 1825; x_wconf 83' lang='lat' dir='ltr'><strong>perlicerent.</strong></span> <span class='ocrx_word' id='word_1_610' title='bbox 3078 1757 3238 1812; x_wconf 88' lang='lat' dir='ltr'><strong>Livor</strong></span> <span class='ocrx_word' id='word_1_611' title='bbox 3264 1757 3406 1812; x_wconf 87' lang='lat' dir='ltr'><strong>enim</strong></span> <span class='ocrx_word' id='word_1_612' title='bbox 3431 1766 3666 1810; x_wconf 86' lang='lat' dir='ltr'><strong>mentem</strong></span> <span class='ocrx_word' id='word_1_613' title='bbox 3695 1767 3853 1807; x_wconf 64' lang='lat' dir='ltr'><strong>exm-</strong></span> 
     </span>
    </p>
   </div>
   <div class='ocr_carea' id='block_1_78' title="bbox 2275 1844 3852 1918">
    <p class='ocr_par' dir='ltr' id='par_1_78' title="bbox 2275 1844 3852 1918">
     <span class='ocr_line' id='line_1_78' title="bbox 2275 1844 3852 1918; baseline -0.002 -18"><span class='ocrx_word' id='word_1_614' title='bbox 2275 1861 2400 1901; x_wconf 87' lang='lat' dir='ltr'><strong>care</strong></span> <span class='ocrx_word' id='word_1_615' title='bbox 2422 1847 2578 1902; x_wconf 88' lang='lat' dir='ltr'><strong>solet.</strong></span> <span class='ocrx_word' id='word_1_616' title='bbox 2611 1847 2718 1903; x_wconf 90' lang='lat' dir='ltr'><strong>Sed</strong></span> <span class='ocrx_word' id='word_1_617' title='bbox 2747 1848 2838 1918; x_wconf 90' lang='lat' dir='ltr'><strong>qui</strong></span> <span class='ocrx_word' id='word_1_618' title='bbox 2881 1857 3086 1903; x_wconf 91' lang='lat' dir='ltr'><strong>secreta</strong></span> <span class='ocrx_word' id='word_1_619' title='bbox 3133 1849 3302 1914; x_wconf 83' lang='lat' dir='ltr'><strong>novit,</strong></span> <span class='ocrx_word' id='word_1_620' title='bbox 3346 1847 3526 1901; x_wconf 87' lang='lat' dir='ltr'><strong>invitis</strong></span> <span class='ocrx_word' id='word_1_621' title='bbox 3561 1845 3670 1900; x_wconf 81' lang='lat' dir='ltr'><strong>illis</strong></span> <span class='ocrx_word' id='word_1_622' title='bbox 3691 1844 3852 1898; x_wconf 78' lang='lat' dir='ltr'><strong>virum</strong></span> 
     </span>
    </p>
   </div>
   <div class='ocr_carea' id='block_1_79' title="bbox 2275 1934 3858 2006">
    <p class='ocr_par' dir='ltr' id='par_1_79' title="bbox 2275 1934 3858 2006">
     <span class='ocr_line' id='line_1_79' title="bbox 2275 1934 3858 2006; baseline -0.001 -15"><span class='ocrx_word' id='word_1_623' title='bbox 2275 1937 2580 1994; x_wconf 85' lang='lat' dir='ltr'><strong>celebravit.</strong></span> <span class='ocrx_word' id='word_1_624' title='bbox 2609 1939 2762 2006; x_wconf 90' lang='lat' dir='ltr'><strong>Quod</strong></span> <span class='ocrx_word' id='word_1_625' title='bbox 2792 1949 2967 1995; x_wconf 89' lang='lat' dir='ltr'><strong>autem</strong></span> <span class='ocrx_word' id='word_1_626' title='bbox 2995 1939 3125 1994; x_wconf 90' lang='lat' dir='ltr'><strong>illud</strong></span> <span class='ocrx_word' id='word_1_627' title='bbox 3162 1953 3347 1994; x_wconf 89' lang='lat' dir='ltr'><strong>verum</strong></span> <span class='ocrx_word' id='word_1_628' title='bbox 3379 1937 3470 2001; x_wconf 88' lang='lat' dir='ltr'><strong>sit,</strong></span> <span class='ocrx_word' id='word_1_629' title='bbox 3501 1935 3630 1992; x_wconf 86' lang='lat' dir='ltr'><strong>audi</strong></span> <span class='ocrx_word' id='word_1_630' title='bbox 3666 1934 3858 1990; x_wconf 67' lang='lat' dir='ltr'><strong>Luam</strong></span> 
     </span>
    </p>
   </div>
   <div class='ocr_carea' id='block_1_80' title="bbox 2274 2029 3850 2103">
    <p class='ocr_par' dir='ltr' id='par_1_80' title="bbox 2274 2029 3850 2103">
     <span class='ocr_line' id='line_1_80' title="bbox 2274 2029 3850 2103; baseline -0.002 -20"><span class='ocrx_word' id='word_1_631' title='bbox 2274 2029 2448 2100; x_wconf 90' lang='lat' dir='ltr'><strong>ipsum</strong></span> <span class='ocrx_word' id='word_1_632' title='bbox 2499 2031 2846 2102; x_wconf 87' lang='lat' dir='ltr'><strong>interpretem</strong></span> <span class='ocrx_word' id='word_1_633' title='bbox 2889 2033 2981 2103; x_wconf 92' lang='lat' dir='ltr'><strong>qui</strong></span> <span class='ocrx_word' id='word_1_634' title='bbox 3033 2033 3110 2087; x_wconf 87' lang='lat' dir='ltr'><strong>sic</strong></span> <span class='ocrx_word' id='word_1_635' title='bbox 3169 2033 3285 2087; x_wconf 88' lang='lat' dir='ltr'><strong>ait:</strong></span> <span class='ocrx_word' id='word_1_636' title='bbox 3315 2032 3408 2086; x_wconf 90' lang='lat' dir='ltr'><strong>illo</strong></span> <span class='ocrx_word' id='word_1_637' title='bbox 3437 2045 3546 2085; x_wconf 91' lang='lat' dir='ltr'><strong>non</strong></span> <span class='ocrx_word' id='word_1_638' title='bbox 3578 2030 3738 2099; x_wconf 85' lang='lat' dir='ltr'><strong>longe</strong></span> <span class='ocrx_word' id='word_1_639' title='bbox 3774 2029 3850 2082; x_wconf 86' lang='lat' dir='ltr'><strong>di-</strong></span> 
     </span>
    </p>
   </div>
   <div class='ocr_carea' id='block_1_81' title="bbox 2274 2120 3850 2194">
    <p class='ocr_par' dir='ltr' id='par_1_81' title="bbox 2274 2120 3850 2194">
     <span class='ocr_line' id='line_1_81' title="bbox 2274 2120 3850 2194; baseline -0.003 -18"><span class='ocrx_word' id='word_1_640' title='bbox 2274 2131 2471 2184; x_wconf 85' lang='lat' dir='ltr'><strong>stante,</strong></span> <span class='ocrx_word' id='word_1_641' title='bbox 2504 2123 2716 2178; x_wconf 89' lang='lat' dir='ltr'><strong>misisse</strong></span> <span class='ocrx_word' id='word_1_642' title='bbox 2743 2123 2811 2178; x_wconf 91' lang='lat' dir='ltr'><strong>ad</strong></span> <span class='ocrx_word' id='word_1_643' title='bbox 2839 2123 2984 2178; x_wconf 89' lang='lat' dir='ltr'><strong>illum</strong></span> <span class='ocrx_word' id='word_1_644' title='bbox 3025 2123 3116 2194; x_wconf 88' lang='lat' dir='ltr'><strong>qui</strong></span> <span class='ocrx_word' id='word_1_645' title='bbox 3141 2123 3385 2178; x_wconf 85' lang='lat' dir='ltr'><strong>dicerent</strong></span> <span class='ocrx_word' id='word_1_646' title='bbox 3425 2141 3438 2177; x_wconf 89' lang='lat'>:</span> <span class='ocrx_word' id='word_1_647' title='bbox 3481 2120 3722 2184; x_wconf 72' lang='lat' dir='ltr'><strong>Domine,</strong></span> <span class='ocrx_word' id='word_1_648' title='bbox 3753 2120 3850 2172; x_wconf 72' lang='lat' dir='ltr'><strong>noli</strong></span> 
     </span>
    </p>
   </div>
   <div class='ocr_carea' id='block_1_82' title="bbox 2273 2215 3852 2287">
    <p class='ocr_par' dir='ltr' id='par_1_82' title="bbox 2273 2215 3852 2287">
     <span class='ocr_line' id='line_1_82' title="bbox 2273 2215 3852 2287; baseline -0.001 -20"><span class='ocrx_word' id='word_1_649' title='bbox 2273 2215 2444 2268; x_wconf 76' lang='lat' dir='ltr'><strong>vexari</strong></span> <span class='ocrx_word' id='word_1_650' title='bbox 2464 2230 2484 2268; x_wconf 90' lang='lat'><strong><em>:</em></strong></span> <span class='ocrx_word' id='word_1_651' title='bbox 2509 2231 2612 2270; x_wconf 88' lang='lat' dir='ltr'><strong>non</strong></span> <span class='ocrx_word' id='word_1_652' title='bbox 2665 2217 2798 2270; x_wconf 87' lang='lat' dir='ltr'><strong>enim</strong></span> <span class='ocrx_word' id='word_1_653' title='bbox 2849 2233 2962 2270; x_wconf 90' lang='lat' dir='ltr'><strong>sum</strong></span> <span class='ocrx_word' id='word_1_654' title='bbox 3013 2217 3197 2287; x_wconf 85' lang='lat' dir='ltr'><strong>dignus</strong></span> <span class='ocrx_word' id='word_1_655' title='bbox 3236 2224 3294 2270; x_wconf 87' lang='lat' dir='ltr'><strong>ut</strong></span> <span class='ocrx_word' id='word_1_656' title='bbox 3343 2217 3434 2271; x_wconf 78' lang='lat' dir='ltr'><strong>sub</strong></span> <span class='ocrx_word' id='word_1_657' title='bbox 3471 2223 3658 2269; x_wconf 77' lang='lat' dir='ltr'><strong>tectum</strong></span> <span class='ocrx_word' id='word_1_658' title='bbox 3698 2229 3852 2266; x_wconf 77' lang='lat' dir='ltr'><strong>meum</strong></span> 
     </span>
    </p>
   </div>
   <div class='ocr_carea' id='block_1_83' title="bbox 2275 2305 3850 2376">
    <p class='ocr_par' dir='ltr' id='par_1_83' title="bbox 2275 2305 3850 2376">
     <span class='ocr_line' id='line_1_83' title="bbox 2275 2305 3850 2376; baseline 0.001 -19"><span class='ocrx_word' id='word_1_659' title='bbox 2275 2305 2430 2359; x_wconf 87' lang='lat' dir='ltr'><strong>intres</strong></span> <span class='ocrx_word' id='word_1_660' title='bbox 2473 2305 2644 2376; x_wconf 87' lang='lat' dir='ltr'><strong>(Luc.</strong></span> <span class='ocrx_word' id='word_1_661' title='bbox 2690 2308 2743 2361; x_wconf 87' lang='lat'><strong>7.</strong></span> <span class='ocrx_word' id='word_1_662' title='bbox 2777 2307 2873 2376; x_wconf 88' lang='lat'><strong>6).</strong></span> <span class='ocrx_word' id='word_1_663' title='bbox 2920 2307 3054 2362; x_wconf 91' lang='lat' dir='ltr'><strong>Cum</strong></span> <span class='ocrx_word' id='word_1_664' title='bbox 3094 2308 3235 2363; x_wconf 88' lang='lat' dir='ltr'><strong>enim</strong></span> <span class='ocrx_word' id='word_1_665' title='bbox 3270 2320 3301 2361; x_wconf 84' lang='lat' dir='ltr'><strong>a</strong></span> <span class='ocrx_word' id='word_1_666' title='bbox 3344 2306 3654 2362; x_wconf 60' lang='lat' dir='ltr'><strong>Iudaeorum</strong></span> <span class='ocrx_word' id='word_1_667' title='bbox 3691 2305 3850 2360; x_wconf 81' lang='lat' dir='ltr'><strong>mole-</strong></span> 
     </span>
    </p>
   </div>
   <div class='ocr_carea' id='block_1_84' title="bbox 2274 2395 3850 2468">
    <p class='ocr_par' dir='ltr' id='par_1_84' title="bbox 2274 2395 3850 2468">
     <span class='ocr_line' id='line_1_84' title="bbox 2274 2395 3850 2468; baseline 0.001 -20"><span class='ocrx_word' id='word_1_668' title='bbox 2274 2395 2372 2448; x_wconf 89' lang='lat' dir='ltr'><strong>stia</strong></span> <span class='ocrx_word' id='word_1_669' title='bbox 2399 2396 2535 2450; x_wconf 92' lang='lat' dir='ltr'><strong>liber</strong></span> <span class='ocrx_word' id='word_1_670' title='bbox 2559 2395 2678 2463; x_wconf 83' lang='lat' dir='ltr'><strong>fuit,</strong></span> <span class='ocrx_word' id='word_1_671' title='bbox 2712 2407 2836 2452; x_wconf 85' lang='lat' dir='ltr'><strong>tunc</strong></span> <span class='ocrx_word' id='word_1_672' title='bbox 2861 2399 3004 2453; x_wconf 90' lang='lat' dir='ltr'><strong>misit</strong></span> <span class='ocrx_word' id='word_1_673' title='bbox 3031 2398 3120 2468; x_wconf 89' lang='lat' dir='ltr'><strong>qui</strong></span> <span class='ocrx_word' id='word_1_674' title='bbox 3158 2397 3404 2454; x_wconf 88' lang='lat' dir='ltr'><strong>dicerent</strong></span> <span class='ocrx_word' id='word_1_675' title='bbox 3432 2415 3445 2450; x_wconf 94' lang='lat'>:</span> <span class='ocrx_word' id='word_1_676' title='bbox 3469 2396 3546 2452; x_wconf 82' lang='lat' dir='ltr'><strong>Ne</strong></span> <span class='ocrx_word' id='word_1_677' title='bbox 3579 2407 3738 2467; x_wconf 89' lang='lat' dir='ltr'><strong>putes</strong></span> <span class='ocrx_word' id='word_1_678' title='bbox 3773 2410 3850 2450; x_wconf 85' lang='lat' dir='ltr'><strong>me</strong></span> 
     </span>
    </p>
   </div>
   <div class='ocr_carea' id='block_1_85' title="bbox 2271 2486 3848 2560">
    <p class='ocr_par' dir='ltr' id='par_1_85' title="bbox 2271 2486 3848 2560">
     <span class='ocr_line' id='line_1_85' title="bbox 2271 2486 3848 2560; baseline -0.001 -19"><span class='ocrx_word' id='word_1_679' title='bbox 2271 2502 2338 2541; x_wconf 89' lang='lat' dir='ltr'><strong>ex</strong></span> <span class='ocrx_word' id='word_1_680' title='bbox 2365 2488 2589 2558; x_wconf 87' lang='lat' dir='ltr'><strong>segnitie</strong></span> <span class='ocrx_word' id='word_1_681' title='bbox 2629 2504 2732 2543; x_wconf 94' lang='lat' dir='ltr'><strong>non</strong></span> <span class='ocrx_word' id='word_1_682' title='bbox 2773 2490 3023 2553; x_wconf 85' lang='lat' dir='ltr'><strong>venisse;</strong></span> <span class='ocrx_word' id='word_1_683' title='bbox 3054 2489 3148 2544; x_wconf 92' lang='lat' dir='ltr'><strong>sed</strong></span> <span class='ocrx_word' id='word_1_684' title='bbox 3181 2505 3269 2544; x_wconf 91' lang='lat' dir='ltr'><strong>me</strong></span> <span class='ocrx_word' id='word_1_685' title='bbox 3294 2504 3399 2544; x_wconf 89' lang='lat' dir='ltr'><strong>non</strong></span> <span class='ocrx_word' id='word_1_686' title='bbox 3429 2489 3650 2560; x_wconf 82' lang='lat' dir='ltr'><strong>dignum</strong></span> <span class='ocrx_word' id='word_1_687' title='bbox 3675 2486 3848 2543; x_wconf 73' lang='lat' dir='ltr'><strong>existi-</strong></span> 
     </span>
    </p>
   </div>
   <div class='ocr_carea' id='block_1_86' title="bbox 2273 2583 3152 2653">
    <p class='ocr_par' dir='ltr' id='par_1_86' title="bbox 2273 2583 3152 2653">
     <span class='ocr_line' id='line_1_86' title="bbox 2273 2583 3152 2653; baseline 0.001 -18"><span class='ocrx_word' id='word_1_688' title='bbox 2273 2583 2434 2648; x_wconf 91' lang='lat' dir='ltr'><strong>mavi,</strong></span> <span class='ocrx_word' id='word_1_689' title='bbox 2462 2583 2550 2653; x_wconf 91' lang='lat' dir='ltr'><strong>qui</strong></span> <span class='ocrx_word' id='word_1_690' title='bbox 2584 2593 2634 2638; x_wconf 91' lang='lat' dir='ltr'><strong>te</strong></span> <span class='ocrx_word' id='word_1_691' title='bbox 2663 2584 2958 2652; x_wconf 87' lang='lat' dir='ltr'><strong>reciperem</strong></span> <span class='ocrx_word' id='word_1_692' title='bbox 2987 2583 3152 2637; x_wconf 91' lang='lat' dir='ltr'><strong>domi.</strong></span> 
     </span>
    </p>
   </div>
   <div class='ocr_carea' id='block_1_87' title="bbox 2341 2672 3846 2745">
    <p class='ocr_par' dir='ltr' id='par_1_87' title="bbox 2341 2672 3846 2745">
     <span class='ocr_line' id='line_1_87' title="bbox 2341 2672 3846 2745; baseline -0.001 -15"><span class='ocrx_word' id='word_1_693' title='bbox 2341 2675 2394 2730; x_wconf 78' lang='lat'><strong>5.</strong></span> <span class='ocrx_word' id='word_1_694' title='bbox 2423 2676 2537 2731; x_wconf 90' lang='lat' dir='ltr'><strong>Etsi</strong></span> <span class='ocrx_word' id='word_1_695' title='bbox 2566 2691 2696 2731; x_wconf 89' lang='lat' dir='ltr'><strong>vero</strong></span> <span class='ocrx_word' id='word_1_696' title='bbox 2724 2676 3004 2733; x_wconf 78' lang='lat' dir='ltr'><strong>Matthaeus</strong></span> <span class='ocrx_word' id='word_1_697' title='bbox 3039 2677 3179 2732; x_wconf 89' lang='lat' dir='ltr'><strong>dicat</strong></span> <span class='ocrx_word' id='word_1_698' title='bbox 3213 2691 3321 2731; x_wconf 88' lang='lat' dir='ltr'><strong>non</strong></span> <span class='ocrx_word' id='word_1_699' title='bbox 3362 2690 3462 2745; x_wconf 89' lang='lat' dir='ltr'><strong>per</strong></span> <span class='ocrx_word' id='word_1_700' title='bbox 3499 2673 3723 2741; x_wconf 89' lang='lat' dir='ltr'><strong>amicos,</strong></span> <span class='ocrx_word' id='word_1_701' title='bbox 3761 2672 3846 2728; x_wconf 85' lang='lat' dir='ltr'><strong>sed</strong></span> 
     </span>
    </p>
   </div>
   <div class='ocr_carea' id='block_1_88' title="bbox 2271 2766 3846 2839">
    <p class='ocr_par' dir='ltr' id='par_1_88' title="bbox 2271 2766 3846 2839">
     <span class='ocr_line' id='line_1_88' title="bbox 2271 2766 3846 2839; baseline -0.001 -18"><span class='ocrx_word' id='word_1_702' title='bbox 2271 2766 2418 2821; x_wconf 94' lang='lat' dir='ltr'><strong>illum</strong></span> <span class='ocrx_word' id='word_1_703' title='bbox 2449 2767 2623 2839; x_wconf 89' lang='lat' dir='ltr'><strong>ipsum</strong></span> <span class='ocrx_word' id='word_1_704' title='bbox 2651 2766 2766 2824; x_wconf 65' lang='lat' dir='ltr'><strong>bmc</strong></span> <span class='ocrx_word' id='word_1_705' title='bbox 2791 2768 3013 2835; x_wconf 87' lang='lat' dir='ltr'><strong>dixisse,</strong></span> <span class='ocrx_word' id='word_1_706' title='bbox 3041 2768 3173 2824; x_wconf 81' lang='lat' dir='ltr'><strong>nihil</strong></span> <span class='ocrx_word' id='word_1_707' title='bbox 3203 2767 3254 2822; x_wconf 94' lang='lat' dir='ltr'><strong>id</strong></span> <span class='ocrx_word' id='word_1_708' title='bbox 3282 2766 3348 2822; x_wconf 91' lang='lat' dir='ltr'><strong>ad</strong></span> <span class='ocrx_word' id='word_1_709' title='bbox 3375 2781 3491 2822; x_wconf 86' lang='lat' dir='ltr'><strong>rem</strong></span> <span class='ocrx_word' id='word_1_710' title='bbox 3514 2766 3644 2823; x_wconf 79' lang='lat' dir='ltr'><strong>facit</strong></span> <span class='ocrx_word' id='word_1_711' title='bbox 3667 2783 3682 2820; x_wconf 92' lang='lat'><strong>:</strong></span> <span class='ocrx_word' id='word_1_712' title='bbox 3709 2780 3846 2836; x_wconf 67' lang='lat' dir='ltr'><strong>quaa-</strong></span> 
     </span>
    </p>
   </div>
   <div class='ocr_carea' id='block_1_89' title="bbox 2271 2859 3844 2933">
    <p class='ocr_par' dir='ltr' id='par_1_89' title="bbox 2271 2859 3844 2933">
     <span class='ocr_line' id='line_1_89' title="bbox 2271 2859 3844 2933; baseline 0.001 -20"><span class='ocrx_word' id='word_1_713' title='bbox 2271 2859 2404 2914; x_wconf 91' lang='lat' dir='ltr'><strong>ritur</strong></span> <span class='ocrx_word' id='word_1_714' title='bbox 2429 2860 2570 2916; x_wconf 91' lang='lat' dir='ltr'><strong>enim</strong></span> <span class='ocrx_word' id='word_1_715' title='bbox 2593 2863 2764 2917; x_wconf 91' lang='lat' dir='ltr'><strong>solum</strong></span> <span class='ocrx_word' id='word_1_716' title='bbox 2796 2877 2922 2916; x_wconf 90' lang='lat' dir='ltr'><strong>num</strong></span> <span class='ocrx_word' id='word_1_717' title='bbox 2953 2873 3178 2933; x_wconf 91' lang='lat' dir='ltr'><strong>uterque</strong></span> <span class='ocrx_word' id='word_1_718' title='bbox 3208 2861 3309 2916; x_wconf 90' lang='lat' dir='ltr'><strong>viri</strong></span> <span class='ocrx_word' id='word_1_719' title='bbox 3349 2861 3645 2917; x_wconf 84' lang='lat' dir='ltr'><strong>studiosam</strong></span> <span class='ocrx_word' id='word_1_720' title='bbox 3665 2860 3844 2915; x_wconf 87' lang='lat' dir='ltr'><strong>volun-</strong></span> 
     </span>
    </p>
   </div>
   <div class='ocr_carea' id='block_1_90' title="bbox 2270 2951 3843 3023">
    <p class='ocr_par' dir='ltr' id='par_1_90' title="bbox 2270 2951 3843 3023">
     <span class='ocr_line' id='line_1_90' title="bbox 2270 2951 3843 3023; baseline 0.001 -18"><span class='ocrx_word' id='word_1_721' title='bbox 2270 2959 2432 3006; x_wconf 88' lang='lat' dir='ltr'><strong>tatem</strong></span> <span class='ocrx_word' id='word_1_722' title='bbox 2457 2951 2831 3018; x_wconf 90' lang='lat' dir='ltr'><strong>declaraverit,</strong></span> <span class='ocrx_word' id='word_1_723' title='bbox 2860 2962 3385 3023; x_wconf 85' lang='lat' dir='ltr'><strong>consentaneamque</strong></span> <span class='ocrx_word' id='word_1_724' title='bbox 3411 2952 3550 3008; x_wconf 91' lang='lat' dir='ltr'><strong>circa</strong></span> <span class='ocrx_word' id='word_1_725' title='bbox 3577 2952 3843 3008; x_wconf 89' lang='lat' dir='ltr'><strong>Christum</strong></span> 
     </span>
    </p>
   </div>
   <div class='ocr_carea' id='block_1_91' title="bbox 2267 3042 3842 3114">
    <p class='ocr_par' dir='ltr' id='par_1_91' title="bbox 2267 3042 3842 3114">
     <span class='ocr_line' id='line_1_91' title="bbox 2267 3042 3842 3114; baseline 0 -17"><span class='ocrx_word' id='word_1_726' title='bbox 2267 3042 2384 3112; x_wconf 90' lang='lat' dir='ltr'><strong>ejus</strong></span> <span class='ocrx_word' id='word_1_727' title='bbox 2438 3044 2766 3114; x_wconf 90' lang='lat' dir='ltr'><strong>opinionem.</strong></span> <span class='ocrx_word' id='word_1_728' title='bbox 2828 3044 3132 3100; x_wconf 89' lang='lat' dir='ltr'><strong>Verisimile</strong></span> <span class='ocrx_word' id='word_1_729' title='bbox 3176 3052 3356 3100; x_wconf 91' lang='lat' dir='ltr'><strong>autem</strong></span> <span class='ocrx_word' id='word_1_730' title='bbox 3402 3052 3516 3110; x_wconf 88' lang='lat' dir='ltr'><strong>est,</strong></span> <span class='ocrx_word' id='word_1_731' title='bbox 3569 3052 3842 3114; x_wconf 86' lang='lat' dir='ltr'><strong>postquam</strong></span> 
     </span>
    </p>
   </div>
   <div class='ocr_carea' id='block_1_92' title="bbox 2266 3135 3841 3208">
    <p class='ocr_par' dir='ltr' id='par_1_92' title="bbox 2266 3135 3841 3208">
     <span class='ocr_line' id='line_1_92' title="bbox 2266 3135 3841 3208; baseline 0.001 -19"><span class='ocrx_word' id='word_1_732' title='bbox 2266 3135 2467 3191; x_wconf 92' lang='lat' dir='ltr'><strong>amicos</strong></span> <span class='ocrx_word' id='word_1_733' title='bbox 2487 3137 2740 3204; x_wconf 88' lang='lat' dir='ltr'><strong>misisset,</strong></span> <span class='ocrx_word' id='word_1_734' title='bbox 2770 3137 2982 3193; x_wconf 90' lang='lat' dir='ltr'><strong>venisse</strong></span> <span class='ocrx_word' id='word_1_735' title='bbox 3008 3139 3178 3208; x_wconf 87' lang='lat' dir='ltr'><strong>ipsum</strong></span> <span class='ocrx_word' id='word_1_736' title='bbox 3201 3137 3436 3208; x_wconf 90' lang='lat' dir='ltr'><strong>illudque</strong></span> <span class='ocrx_word' id='word_1_737' title='bbox 3459 3137 3681 3193; x_wconf 82' lang='lat' dir='ltr'><strong>dixisse.</strong></span> <span class='ocrx_word' id='word_1_738' title='bbox 3701 3135 3841 3204; x_wconf 82' lang='lat' dir='ltr'><strong>Quod</strong></span> 
     </span>
    </p>
   </div>
   <div class='ocr_carea' id='block_1_93' title="bbox 2264 3227 3838 3300">
    <p class='ocr_par' dir='ltr' id='par_1_93' title="bbox 2264 3227 3838 3300">
     <span class='ocr_line' id='line_1_93' title="bbox 2264 3227 3838 3300; baseline 0 -18"><span class='ocrx_word' id='word_1_739' title='bbox 2264 3227 2309 3282; x_wconf 87' lang='lat' dir='ltr'><strong>si</strong></span> <span class='ocrx_word' id='word_1_740' title='bbox 2333 3227 2434 3282; x_wconf 90' lang='lat' dir='ltr'><strong>hoc</strong></span> <span class='ocrx_word' id='word_1_741' title='bbox 2460 3243 2565 3284; x_wconf 93' lang='lat' dir='ltr'><strong>non</strong></span> <span class='ocrx_word' id='word_1_742' title='bbox 2597 3229 2791 3285; x_wconf 85' lang='lat' dir='ltr'><strong>dixerit</strong></span> <span class='ocrx_word' id='word_1_743' title='bbox 2817 3229 3008 3294; x_wconf 88' lang='lat' dir='ltr'><strong>Lucas,</strong></span> <span class='ocrx_word' id='word_1_744' title='bbox 3047 3239 3104 3284; x_wconf 88' lang='lat' dir='ltr'><strong>at</strong></span> <span class='ocrx_word' id='word_1_745' title='bbox 3145 3245 3318 3300; x_wconf 89' lang='lat' dir='ltr'><strong>neque</strong></span> <span class='ocrx_word' id='word_1_746' title='bbox 3352 3230 3482 3286; x_wconf 91' lang='lat' dir='ltr'><strong>illud</strong></span> <span class='ocrx_word' id='word_1_747' title='bbox 3520 3229 3838 3284; x_wconf 55' lang='lat' dir='ltr'><strong>Mattheus:</strong></span> 
     </span>
    </p>
   </div>
   <div class='ocr_carea' id='block_1_94' title="bbox 2265 3320 3838 3394">
    <p class='ocr_par' dir='ltr' id='par_1_94' title="bbox 2265 3320 3838 3394">
     <span class='ocr_line' id='line_1_94' title="bbox 2265 3320 3838 3394; baseline 0.001 -21"><span class='ocrx_word' id='word_1_748' title='bbox 2265 3333 2372 3374; x_wconf 91' lang='lat' dir='ltr'><strong>non</strong></span> <span class='ocrx_word' id='word_1_749' title='bbox 2401 3321 2546 3391; x_wconf 87' lang='lat' dir='ltr'><strong>quod</strong></span> <span class='ocrx_word' id='word_1_750' title='bbox 2591 3329 2776 3376; x_wconf 89' lang='lat' dir='ltr'><strong>mutuo</strong></span> <span class='ocrx_word' id='word_1_751' title='bbox 2815 3323 2868 3377; x_wconf 94' lang='lat' dir='ltr'><strong>in</strong></span> <span class='ocrx_word' id='word_1_752' title='bbox 2912 3325 3220 3379; x_wconf 89' lang='lat' dir='ltr'><strong>narratione</strong></span> <span class='ocrx_word' id='word_1_753' title='bbox 3272 3332 3526 3394; x_wconf 82' lang='lat' dir='ltr'><strong>pugnent,</strong></span> <span class='ocrx_word' id='word_1_754' title='bbox 3567 3322 3667 3378; x_wconf 89' lang='lat' dir='ltr'><strong>sed</strong></span> <span class='ocrx_word' id='word_1_755' title='bbox 3707 3320 3838 3393; x_wconf 86' lang='lat' dir='ltr'><strong>quod</strong></span> 
     </span>
    </p>
   </div>
   <div class='ocr_carea' id='block_1_95' title="bbox 2262 3413 3843 3484">
    <p class='ocr_par' dir='ltr' id='par_1_95' title="bbox 2262 3413 3843 3484">
     <span class='ocr_line' id='line_1_95' title="bbox 2262 3413 3843 3484; baseline 0 -17"><span class='ocrx_word' id='word_1_756' title='bbox 2262 3413 2400 3468; x_wconf 86' lang='lat' dir='ltr'><strong>alter</strong></span> <span class='ocrx_word' id='word_1_757' title='bbox 2427 3416 2785 3483; x_wconf 79' lang='lat' dir='ltr'><strong>praetermissa</strong></span> <span class='ocrx_word' id='word_1_758' title='bbox 2824 3415 2894 3470; x_wconf 89' lang='lat' dir='ltr'><strong>ab</strong></span> <span class='ocrx_word' id='word_1_759' title='bbox 2921 3415 3093 3471; x_wconf 90' lang='lat' dir='ltr'><strong>altero</strong></span> <span class='ocrx_word' id='word_1_760' title='bbox 3123 3425 3326 3472; x_wconf 89' lang='lat' dir='ltr'><strong>narret.</strong></span> <span class='ocrx_word' id='word_1_761' title='bbox 3369 3414 3502 3470; x_wconf 87' lang='lat' dir='ltr'><strong>Vide</strong></span> <span class='ocrx_word' id='word_1_762' title='bbox 3525 3423 3708 3470; x_wconf 88' lang='lat' dir='ltr'><strong>autem</strong></span> <span class='ocrx_word' id='word_1_763' title='bbox 3740 3427 3843 3484; x_wconf 89' lang='lat' dir='ltr'><strong>quo</strong></span> 
     </span>
    </p>
   </div>
   <div class='ocr_carea' id='block_1_96' title="bbox 2261 3504 3834 3577">
    <p class='ocr_par' dir='ltr' id='par_1_96' title="bbox 2261 3504 3834 3577">
     <span class='ocr_line' id='line_1_96' title="bbox 2261 3504 3834 3577; baseline 0 -20"><span class='ocrx_word' id='word_1_764' title='bbox 2261 3513 2418 3573; x_wconf 88' lang='lat' dir='ltr'><strong>pacto</strong></span> <span class='ocrx_word' id='word_1_765' title='bbox 2445 3504 2602 3560; x_wconf 85' lang='lat' dir='ltr'><strong>ﬁdem</strong></span> <span class='ocrx_word' id='word_1_766' title='bbox 2633 3505 2749 3574; x_wconf 89' lang='lat' dir='ltr'><strong>ejus</strong></span> <span class='ocrx_word' id='word_1_767' title='bbox 2791 3505 2963 3561; x_wconf 88' lang='lat' dir='ltr'><strong>Lucas</strong></span> <span class='ocrx_word' id='word_1_768' title='bbox 2998 3506 3105 3561; x_wconf 88' lang='lat' dir='ltr'><strong>alio</strong></span> <span class='ocrx_word' id='word_1_769' title='bbox 3141 3506 3300 3562; x_wconf 92' lang='lat' dir='ltr'><strong>modo</strong></span> <span class='ocrx_word' id='word_1_770' title='bbox 3338 3505 3596 3577; x_wconf 67' lang='lat' dir='ltr'><strong>praedicet</strong></span> <span class='ocrx_word' id='word_1_771' title='bbox 3619 3504 3797 3560; x_wconf 83' lang='lat' dir='ltr'><strong>dicens</strong></span> <span class='ocrx_word' id='word_1_772' title='bbox 3821 3544 3834 3557; x_wconf 92' lang='lat'><strong>.</strong></span> 
     </span>
    </p>
   </div>
   <div class='ocr_carea' id='block_1_97' title="bbox 2262 3593 3832 3667">
    <p class='ocr_par' dir='ltr' id='par_1_97' title="bbox 2262 3593 3832 3667">
     <span class='ocr_line' id='line_1_97' title="bbox 2262 3593 3832 3667; baseline 0.003 -21"><span class='ocrx_word' id='word_1_773' title='bbox 2262 3593 2544 3648; x_wconf 77' lang='lat' dir='ltr'><strong>Moriturus</strong></span> <span class='ocrx_word' id='word_1_774' title='bbox 2569 3605 2676 3650; x_wconf 88' lang='lat' dir='ltr'><strong>erat</strong></span> <span class='ocrx_word' id='word_1_775' title='bbox 2705 3613 2849 3665; x_wconf 84' lang='lat' dir='ltr'><strong>puer.</strong></span> <span class='ocrx_word' id='word_1_776' title='bbox 2876 3598 3126 3653; x_wconf 85' lang='lat' dir='ltr'><strong>Attamen</strong></span> <span class='ocrx_word' id='word_1_777' title='bbox 3151 3613 3324 3667; x_wconf 88' lang='lat' dir='ltr'><strong>neque</strong></span> <span class='ocrx_word' id='word_1_778' title='bbox 3354 3597 3455 3652; x_wconf 89' lang='lat' dir='ltr'><strong>hoc</strong></span> <span class='ocrx_word' id='word_1_779' title='bbox 3477 3597 3628 3652; x_wconf 88' lang='lat' dir='ltr'><strong>illum</strong></span> <span class='ocrx_word' id='word_1_780' title='bbox 3667 3597 3718 3652; x_wconf 86' lang='lat' dir='ltr'><strong>in</strong></span> <span class='ocrx_word' id='word_1_781' title='bbox 3746 3595 3832 3652; x_wconf 87' lang='lat' dir='ltr'><strong>de-</strong></span> 
     </span>
    </p>
   </div>
   <div class='ocr_carea' id='block_1_98' title="bbox 2260 3686 3837 3760">
    <p class='ocr_par' dir='ltr' id='par_1_98' title="bbox 2260 3686 3837 3760">
     <span class='ocr_line' id='line_1_98' title="bbox 2260 3686 3837 3760; baseline 0.003 -21"><span class='ocrx_word' id='word_1_782' title='bbox 2260 3686 2620 3754; x_wconf 89' lang='lat' dir='ltr'><strong>sperationem</strong></span> <span class='ocrx_word' id='word_1_783' title='bbox 2671 3688 2931 3759; x_wconf 82' lang='lat' dir='ltr'><strong>conjecit,</strong></span> <span class='ocrx_word' id='word_1_784' title='bbox 2995 3705 3066 3745; x_wconf 90' lang='lat' dir='ltr'><strong>ne</strong></span> <span class='ocrx_word' id='word_1_785' title='bbox 3120 3705 3152 3744; x_wconf 86' lang='lat' dir='ltr'><strong>a</strong></span> <span class='ocrx_word' id='word_1_786' title='bbox 3193 3704 3289 3760; x_wconf 83' lang='lat' dir='ltr'><strong>Spe</strong></span> <span class='ocrx_word' id='word_1_787' title='bbox 3329 3691 3592 3757; x_wconf 88' lang='lat' dir='ltr'><strong>detrusit;</strong></span> <span class='ocrx_word' id='word_1_788' title='bbox 3635 3690 3730 3745; x_wconf 89' lang='lat' dir='ltr'><strong>sed</strong></span> <span class='ocrx_word' id='word_1_789' title='bbox 3765 3690 3837 3744; x_wconf 85' lang='lat' dir='ltr'><strong>sic</strong></span> 
     </span>
    </p>
   </div>
   <div class='ocr_carea' id='block_1_99' title="bbox 2258 3777 3835 3852">
    <p class='ocr_par' dir='ltr' id='par_1_99' title="bbox 2258 3777 3835 3852">
     <span class='ocr_line' id='line_1_99' title="bbox 2258 3777 3835 3852; baseline 0.001 -20"><span class='ocrx_word' id='word_1_790' title='bbox 2258 3777 2420 3832; x_wconf 89' lang='lat' dir='ltr'><strong>etiam</strong></span> <span class='ocrx_word' id='word_1_791' title='bbox 2451 3779 2794 3848; x_wconf 85' lang='lat' dir='ltr'><strong>superstitem</strong></span> <span class='ocrx_word' id='word_1_792' title='bbox 2835 3781 2946 3837; x_wconf 80' lang='lat' dir='ltr'><strong>fore</strong></span> <span class='ocrx_word' id='word_1_793' title='bbox 2982 3783 3241 3852; x_wconf 73' lang='lat' dir='ltr'><strong>speravit.</strong></span> <span class='ocrx_word' id='word_1_794' title='bbox 3282 3781 3433 3850; x_wconf 84' lang='lat' dir='ltr'><strong>Quod</strong></span> <span class='ocrx_word' id='word_1_795' title='bbox 3470 3782 3515 3837; x_wconf 87' lang='lat' dir='ltr'><strong>si</strong></span> <span class='ocrx_word' id='word_1_796' title='bbox 3565 3781 3835 3837; x_wconf 76' lang='lat' dir='ltr'><strong>Manna-ss</strong></span> 
     </span>
    </p>
   </div>
   <div class='ocr_carea' id='block_1_100' title="bbox 2257 3869 3837 3940">
    <p class='ocr_par' dir='ltr' id='par_1_100' title="bbox 2257 3869 3837 3940">
     <span class='ocr_line' id='line_1_100' title="bbox 2257 3869 3837 3940; baseline 0.001 -17"><span class='ocrx_word' id='word_1_797' title='bbox 2257 3869 2473 3940; x_wconf 89' lang='lat' dir='ltr'><strong>quidem</strong></span> <span class='ocrx_word' id='word_1_798' title='bbox 2513 3880 2695 3927; x_wconf 85' lang='lat' dir='ltr'><strong>narret</strong></span> <span class='ocrx_word' id='word_1_799' title='bbox 2717 3870 2986 3927; x_wconf 89' lang='lat' dir='ltr'><strong>Christum</strong></span> <span class='ocrx_word' id='word_1_800' title='bbox 3017 3872 3236 3940; x_wconf 85' lang='lat' dir='ltr'><strong>dixisse,</strong></span> <span class='ocrx_word' id='word_1_801' title='bbox 3274 3887 3334 3928; x_wconf 86' lang='lat' dir='ltr'><strong>se</strong></span> <span class='ocrx_word' id='word_1_802' title='bbox 3362 3883 3564 3928; x_wconf 88' lang='lat' dir='ltr'><strong>tantam</strong></span> <span class='ocrx_word' id='word_1_803' title='bbox 3593 3874 3646 3928; x_wconf 94' lang='lat' dir='ltr'><strong>in</strong></span> <span class='ocrx_word' id='word_1_804' title='bbox 3685 3870 3837 3931; x_wconf 81' lang='lat' dir='ltr'><strong>Israel</strong></span> 
     </span>
    </p>
   </div>
   <div class='ocr_carea' id='block_1_101' title="bbox 2258 3963 3834 4036">
    <p class='ocr_par' dir='ltr' id='par_1_101' title="bbox 2258 3963 3834 4036">
     <span class='ocr_line' id='line_1_101' title="bbox 2258 3963 3834 4036; baseline 0 -20"><span class='ocrx_word' id='word_1_805' title='bbox 2258 3977 2364 4016; x_wconf 89' lang='lat' dir='ltr'><strong>non</strong></span> <span class='ocrx_word' id='word_1_806' title='bbox 2393 3965 2660 4018; x_wconf 86' lang='lat' dir='ltr'><strong>invenisse</strong></span> <span class='ocrx_word' id='word_1_807' title='bbox 2699 3963 2878 4029; x_wconf 82' lang='lat' dir='ltr'><strong>ﬁdem,</strong></span> <span class='ocrx_word' id='word_1_808' title='bbox 2906 3980 3012 4036; x_wconf 88' lang='lat' dir='ltr'><strong>quo</strong></span> <span class='ocrx_word' id='word_1_809' title='bbox 3058 3965 3296 4020; x_wconf 87' lang='lat' dir='ltr'><strong>declarat</strong></span> <span class='ocrx_word' id='word_1_810' title='bbox 3334 3965 3508 4035; x_wconf 88' lang='lat' dir='ltr'><strong>ipsum</strong></span> <span class='ocrx_word' id='word_1_811' title='bbox 3545 3965 3834 4020; x_wconf 86' lang='lat' dir='ltr'><strong>lsraolitam</strong></span> 
     </span>
    </p>
   </div>
   <div class='ocr_carea' id='block_1_102' title="bbox 2257 4056 3830 4130">
    <p class='ocr_par' dir='ltr' id='par_1_102' title="bbox 2257 4056 3830 4130">
     <span class='ocr_line' id='line_1_102' title="bbox 2257 4056 3830 4130; baseline 0.001 -21"><span class='ocrx_word' id='word_1_812' title='bbox 2257 4070 2364 4110; x_wconf 91' lang='lat' dir='ltr'><strong>non</strong></span> <span class='ocrx_word' id='word_1_813' title='bbox 2413 4056 2611 4123; x_wconf 76' lang='lat' dir='ltr'><strong>fuisse;</strong></span> <span class='ocrx_word' id='word_1_814' title='bbox 2661 4057 2830 4113; x_wconf 90' lang='lat' dir='ltr'><strong>Lucas</strong></span> <span class='ocrx_word' id='word_1_815' title='bbox 2876 4074 3025 4124; x_wconf 89' lang='lat' dir='ltr'><strong>vero,</strong></span> <span class='ocrx_word' id='word_1_816' title='bbox 3074 4059 3246 4129; x_wconf 88' lang='lat' dir='ltr'><strong>ipsum</strong></span> <span class='ocrx_word' id='word_1_817' title='bbox 3294 4073 3618 4130; x_wconf 82' lang='lat' dir='ltr'><strong>synagogam</strong></span> <span class='ocrx_word' id='word_1_818' title='bbox 3671 4057 3830 4112; x_wconf 61' lang='lat' dir='ltr'><strong>aediﬁ-</strong></span> 
     </span>
    </p>
   </div>
   <div class='ocr_carea' id='block_1_103' title="bbox 2256 4148 3830 4219">
    <p class='ocr_par' dir='ltr' id='par_1_103' title="bbox 2256 4148 3830 4219">
     <span class='ocr_line' id='line_1_103' title="bbox 2256 4148 3830 4219; baseline 0 -18"><span class='ocrx_word' id='word_1_819' title='bbox 2256 4161 2410 4203; x_wconf 89' lang='lat' dir='ltr'><strong>casse</strong></span> <span class='ocrx_word' id='word_1_820' title='bbox 2440 4165 2454 4200; x_wconf 87' lang='lat'><strong>:</strong></span> <span class='ocrx_word' id='word_1_821' title='bbox 2487 4163 2658 4219; x_wconf 90' lang='lat' dir='ltr'><strong>neque</strong></span> <span class='ocrx_word' id='word_1_822' title='bbox 2691 4148 2808 4204; x_wconf 70' lang='lat' dir='ltr'><strong>haec</strong></span> <span class='ocrx_word' id='word_1_823' title='bbox 2848 4151 3132 4219; x_wconf 88' lang='lat' dir='ltr'><strong>pugnantia</strong></span> <span class='ocrx_word' id='word_1_824' title='bbox 3162 4158 3307 4205; x_wconf 91' lang='lat' dir='ltr'><strong>sunt.</strong></span> <span class='ocrx_word' id='word_1_825' title='bbox 3351 4150 3530 4205; x_wconf 88' lang='lat' dir='ltr'><strong>Potuit</strong></span> <span class='ocrx_word' id='word_1_826' title='bbox 3558 4151 3701 4205; x_wconf 90' lang='lat' dir='ltr'><strong>enim</strong></span> <span class='ocrx_word' id='word_1_827' title='bbox 3733 4164 3830 4202; x_wconf 86' lang='lat' dir='ltr'><strong>non</strong></span> 
     </span>
    </p>
   </div>
   <div class='ocr_carea' id='block_1_104' title="bbox 2254 4239 3831 4312">
    <p class='ocr_par' dir='ltr' id='par_1_104' title="bbox 2254 4239 3831 4312">
     <span class='ocr_line' id='line_1_104' title="bbox 2254 4239 3831 4312; baseline -0.002 -17"><span class='ocrx_word' id='word_1_828' title='bbox 2254 4239 2471 4295; x_wconf 83' lang='lat' dir='ltr'><strong>Judaeus</strong></span> <span class='ocrx_word' id='word_1_829' title='bbox 2498 4255 2820 4312; x_wconf 83' lang='lat' dir='ltr'><strong>synagogam</strong></span> <span class='ocrx_word' id='word_1_830' title='bbox 2863 4251 3090 4307; x_wconf 84' lang='lat' dir='ltr'><strong>struere,</strong></span> <span class='ocrx_word' id='word_1_831' title='bbox 3121 4250 3443 4312; x_wconf 86' lang='lat' dir='ltr'><strong>gentemque</strong></span> <span class='ocrx_word' id='word_1_832' title='bbox 3479 4240 3722 4312; x_wconf 81' lang='lat' dir='ltr'><strong>diligere.</strong></span> <span class='ocrx_word' id='word_1_833' title='bbox 3759 4239 3831 4294; x_wconf 84' lang='lat' dir='ltr'><strong>Tu</strong></span> 
     </span>
    </p>
   </div>
   <div class='ocr_carea' id='block_1_105' title="bbox 2254 4332 3832 4405">
    <p class='ocr_par' dir='ltr' id='par_1_105' title="bbox 2254 4332 3832 4405">
     <span class='ocr_line' id='line_1_105' title="bbox 2254 4332 3832 4405; baseline 0.002 -20"><span class='ocrx_word' id='word_1_834' title='bbox 2254 4347 2384 4386; x_wconf 92' lang='lat' dir='ltr'><strong>vero</strong></span> <span class='ocrx_word' id='word_1_835' title='bbox 2409 4348 2476 4387; x_wconf 90' lang='lat' dir='ltr'><strong>ne</strong></span> <span class='ocrx_word' id='word_1_836' title='bbox 2506 4333 2866 4402; x_wconf 78' lang='lat' dir='ltr'><strong>perfunctorie</strong></span> <span class='ocrx_word' id='word_1_837' title='bbox 2902 4334 3042 4389; x_wconf 87' lang='lat' dir='ltr'><strong>dicta</strong></span> <span class='ocrx_word' id='word_1_838' title='bbox 3071 4333 3189 4404; x_wconf 92' lang='lat' dir='ltr'><strong>ejus</strong></span> <span class='ocrx_word' id='word_1_839' title='bbox 3213 4335 3482 4404; x_wconf 89' lang='lat' dir='ltr'><strong>explores,</strong></span> <span class='ocrx_word' id='word_1_840' title='bbox 3511 4334 3608 4390; x_wconf 88' lang='lat' dir='ltr'><strong>sed</strong></span> <span class='ocrx_word' id='word_1_841' title='bbox 3647 4332 3832 4405; x_wconf 64' lang='lat' dir='ltr'><strong>pratic-</strong></span> 
     </span>
    </p>
   </div>
   <div class='ocr_carea' id='block_1_106' title="bbox 2253 4425 3828 4496">
    <p class='ocr_par' dir='ltr' id='par_1_106' title="bbox 2253 4425 3828 4496">
     <span class='ocr_line' id='line_1_106' title="bbox 2253 4425 3828 4496; baseline -0.001 -18"><span class='ocrx_word' id='word_1_842' title='bbox 2253 4433 2460 4478; x_wconf 89' lang='lat' dir='ltr'><strong>cturam</strong></span> <span class='ocrx_word' id='word_1_843' title='bbox 2491 4425 2604 4495; x_wconf 91' lang='lat' dir='ltr'><strong>ejus</strong></span> <span class='ocrx_word' id='word_1_844' title='bbox 2630 4425 2823 4496; x_wconf 88' lang='lat' dir='ltr'><strong>adjice,</strong></span> <span class='ocrx_word' id='word_1_845' title='bbox 2853 4434 2909 4480; x_wconf 92' lang='lat' dir='ltr'><strong>et</strong></span> <span class='ocrx_word' id='word_1_846' title='bbox 2938 4433 3061 4480; x_wconf 90' lang='lat' dir='ltr'><strong>tunc</strong></span> <span class='ocrx_word' id='word_1_847' title='bbox 3101 4425 3200 4480; x_wconf 89' lang='lat' dir='ltr'><strong>viri</strong></span> <span class='ocrx_word' id='word_1_848' title='bbox 3235 4425 3484 4480; x_wconf 87' lang='lat' dir='ltr'><strong>virtutem</strong></span> <span class='ocrx_word' id='word_1_849' title='bbox 3527 4425 3828 4495; x_wconf 85' lang='lat' dir='ltr'><strong>perspicies.</strong></span> 
     </span>
    </p>
   </div>
   <div class='ocr_carea' id='block_1_107' title="bbox 2253 4516 3833 4590">
    <p class='ocr_par' dir='ltr' id='par_1_107' title="bbox 2253 4516 3833 4590">
     <span class='ocr_line' id='line_1_107' title="bbox 2253 4516 3833 4590; baseline -0.001 -18"><span class='ocrx_word' id='word_1_850' title='bbox 2253 4517 2461 4572; x_wconf 85' lang='lat' dir='ltr'><strong>Etenim</strong></span> <span class='ocrx_word' id='word_1_851' title='bbox 2490 4527 2669 4574; x_wconf 89' lang='lat' dir='ltr'><strong>tantus</strong></span> <span class='ocrx_word' id='word_1_852' title='bbox 2705 4519 2862 4590; x_wconf 88' lang='lat' dir='ltr'><strong>vulgo</strong></span> <span class='ocrx_word' id='word_1_853' title='bbox 2894 4527 2977 4574; x_wconf 93' lang='lat' dir='ltr'><strong>est</strong></span> <span class='ocrx_word' id='word_1_854' title='bbox 3019 4534 3205 4573; x_wconf 91' lang='lat' dir='ltr'><strong>eorum</strong></span> <span class='ocrx_word' id='word_1_855' title='bbox 3241 4517 3331 4588; x_wconf 91' lang='lat' dir='ltr'><strong>qui</strong></span> <span class='ocrx_word' id='word_1_856' title='bbox 3370 4516 3711 4588; x_wconf 70' lang='lat' dir='ltr'><strong>praefecturas</strong></span> <span class='ocrx_word' id='word_1_857' title='bbox 3749 4531 3833 4587; x_wconf 85' lang='lat' dir='ltr'><strong>ge-</strong></span> 
     </span>
    </p>
   </div>
   <div class='ocr_carea' id='block_1_108' title="bbox 2253 4599 3863 4680">
    <p class='ocr_par' dir='ltr' id='par_1_108' title="bbox 2253 4599 3863 4680">
     <span class='ocr_line' id='line_1_108' title="bbox 2253 4599 3863 4680; baseline -0.001 -18"><span class='ocrx_word' id='word_1_858' title='bbox 2253 4618 2378 4663; x_wconf 90' lang='lat' dir='ltr'><strong>runt</strong></span> <span class='ocrx_word' id='word_1_859' title='bbox 2408 4607 2594 4676; x_wconf 85' lang='lat' dir='ltr'><strong>fastus,</strong></span> <span class='ocrx_word' id='word_1_860' title='bbox 2624 4617 2778 4664; x_wconf 90' lang='lat' dir='ltr'><strong>utne</strong></span> <span class='ocrx_word' id='word_1_861' title='bbox 2807 4609 3019 4680; x_wconf 88' lang='lat' dir='ltr'><strong>quidem</strong></span> <span class='ocrx_word' id='word_1_862' title='bbox 3059 4609 3110 4664; x_wconf 92' lang='lat' dir='ltr'><strong>in</strong></span> <span class='ocrx_word' id='word_1_863' title='bbox 3156 4606 3543 4663; x_wconf 86' lang='lat' dir='ltr'><strong>calamitatibus</strong></span> <span class='ocrx_word' id='word_1_864' title='bbox 3584 4622 3706 4663; x_wconf 91' lang='lat' dir='ltr'><strong>sese</strong></span> <span class='ocrx_word' id='word_1_865' title='bbox 3741 4599 3863 4661; x_wconf 42' lang='lat' dir='ltr'><strong>de?</strong></span> 
     </span>
    </p>
   </div>
   <div class='ocr_carea' id='block_1_109' title="bbox 2254 4700 3827 4778">
    <p class='ocr_par' dir='ltr' id='par_1_109' title="bbox 2254 4700 3827 4778">
     <span class='ocr_line' id='line_1_109' title="bbox 2254 4700 3827 4778; baseline -0.003 -21"><span class='ocrx_word' id='word_1_866' title='bbox 2254 4703 2506 4771; x_wconf 91' lang='lat' dir='ltr'><strong>primant.</strong></span> <span class='ocrx_word' id='word_1_867' title='bbox 2556 4703 2686 4778; x_wconf 86' lang='lat' dir='ltr'><strong>Nam</strong></span> <span class='ocrx_word' id='word_1_868' title='bbox 2724 4703 2802 4766; x_wconf 92' lang='lat' dir='ltr'><strong>is,</strong></span> <span class='ocrx_word' id='word_1_869' title='bbox 2854 4703 2943 4773; x_wconf 93' lang='lat' dir='ltr'><strong>qui</strong></span> <span class='ocrx_word' id='word_1_870' title='bbox 2985 4701 3126 4771; x_wconf 90' lang='lat' dir='ltr'><strong>apud</strong></span> <span class='ocrx_word' id='word_1_871' title='bbox 3177 4700 3438 4756; x_wconf 88' lang='lat' dir='ltr'><strong>Joannem</strong></span> <span class='ocrx_word' id='word_1_872' title='bbox 3489 4707 3827 4763; x_wconf 89' lang='lat' dir='ltr'><strong>memoratur,</strong></span> 
     </span>
    </p>
   </div>
   <div class='ocr_carea' id='block_1_110' title="bbox 2255 4791 3830 4863">
    <p class='ocr_par' dir='ltr' id='par_1_110' title="bbox 2255 4791 3830 4863">
     <span class='ocr_line' id='line_1_110' title="bbox 2255 4791 3830 4863; baseline -0.003 -17"><span class='ocrx_word' id='word_1_873' title='bbox 2255 4791 2404 4846; x_wconf 92' lang='lat' dir='ltr'><strong>illum</strong></span> <span class='ocrx_word' id='word_1_874' title='bbox 2431 4793 2484 4847; x_wconf 94' lang='lat' dir='ltr'><strong>in</strong></span> <span class='ocrx_word' id='word_1_875' title='bbox 2509 4791 2732 4847; x_wconf 86' lang='lat' dir='ltr'><strong>domum</strong></span> <span class='ocrx_word' id='word_1_876' title='bbox 2761 4792 2925 4847; x_wconf 90' lang='lat' dir='ltr'><strong>trahit</strong></span> <span class='ocrx_word' id='word_1_877' title='bbox 2949 4801 3004 4848; x_wconf 89' lang='lat' dir='ltr'><strong>et</strong></span> <span class='ocrx_word' id='word_1_878' title='bbox 3026 4792 3157 4848; x_wconf 90' lang='lat' dir='ltr'><strong>dicit</strong></span> <span class='ocrx_word' id='word_1_879' title='bbox 3190 4811 3203 4846; x_wconf 90' lang='lat'><strong>:</strong></span> <span class='ocrx_word' id='word_1_880' title='bbox 3238 4791 3514 4857; x_wconf 85' lang='lat' dir='ltr'><strong>Descende,</strong></span> <span class='ocrx_word' id='word_1_881' title='bbox 3547 4793 3830 4863; x_wconf 81' lang='lat' dir='ltr'><strong>priusquam</strong></span> 
     </span>
    </p>
   </div>
   <div class='ocr_carea' id='block_1_111' title="bbox 2255 4884 3828 4959">
    <p class='ocr_par' dir='ltr' id='par_1_111' title="bbox 2255 4884 3828 4959">
     <span class='ocr_line' id='line_1_111' title="bbox 2255 4884 3828 4959; baseline -0.003 -19"><span class='ocrx_word' id='word_1_882' title='bbox 2255 4887 2393 4955; x_wconf 79' lang='lat' dir='ltr'><strong>[ilius</strong></span> <span class='ocrx_word' id='word_1_883' title='bbox 2421 4903 2561 4941; x_wconf 88' lang='lat' dir='ltr'><strong>meus</strong></span> <span class='ocrx_word' id='word_1_884' title='bbox 2592 4888 2836 4941; x_wconf 89' lang='lat' dir='ltr'><strong>moriatur</strong></span> <span class='ocrx_word' id='word_1_885' title='bbox 2861 4886 3039 4959; x_wconf 82' lang='lat' dir='ltr'><strong>(Joan.</strong></span> <span class='ocrx_word' id='word_1_886' title='bbox 3069 4887 3123 4941; x_wconf 74' lang='grc'><strong>4.</strong></span> <span class='ocrx_word' id='word_1_887' title='bbox 3155 4886 3268 4955; x_wconf 72' lang='grc'><strong>49).</strong></span> <span class='ocrx_word' id='word_1_888' title='bbox 3299 4885 3396 4942; x_wconf 83' lang='lat' dir='ltr'><strong>Hic</strong></span> <span class='ocrx_word' id='word_1_889' title='bbox 3426 4901 3556 4942; x_wconf 87' lang='lat' dir='ltr'><strong>vero</strong></span> <span class='ocrx_word' id='word_1_890' title='bbox 3585 4901 3691 4941; x_wconf 90' lang='lat' dir='ltr'><strong>non</strong></span> <span class='ocrx_word' id='word_1_891' title='bbox 3717 4884 3784 4939; x_wconf 86' lang='lat' dir='ltr'><strong>ita</strong></span> <span class='ocrx_word' id='word_1_892' title='bbox 3814 4899 3828 4935; x_wconf 88' lang='lat'><strong>:</strong></span> 
     </span>
    </p>
   </div>
   <div class='ocr_carea' id='block_1_112' title="bbox 2254 4975 3831 5052">
    <p class='ocr_par' dir='ltr' id='par_1_112' title="bbox 2254 4975 3831 5052">
     <span class='ocr_line' id='line_1_112' title="bbox 2254 4975 3831 5052; baseline -0.003 -22"><span class='ocrx_word' id='word_1_893' title='bbox 2254 4977 2347 5032; x_wconf 92' lang='lat' dir='ltr'><strong>sed</strong></span> <span class='ocrx_word' id='word_1_894' title='bbox 2377 4987 2483 5032; x_wconf 89' lang='lat' dir='ltr'><strong>tam</strong></span> <span class='ocrx_word' id='word_1_895' title='bbox 2513 4977 2622 5042; x_wconf 91' lang='lat' dir='ltr'><strong>illo,</strong></span> <span class='ocrx_word' id='word_1_896' title='bbox 2647 4993 2805 5045; x_wconf 89' lang='lat' dir='ltr'><strong>quam</strong></span> <span class='ocrx_word' id='word_1_897' title='bbox 2830 4978 2914 5041; x_wconf 93' lang='lat' dir='ltr'><strong>iis,</strong></span> <span class='ocrx_word' id='word_1_898' title='bbox 2937 4976 3024 5047; x_wconf 92' lang='lat' dir='ltr'><strong>qui</strong></span> <span class='ocrx_word' id='word_1_899' title='bbox 3046 4992 3141 5052; x_wconf 85' lang='lat' dir='ltr'><strong>per</strong></span> <span class='ocrx_word' id='word_1_900' title='bbox 3163 4985 3360 5031; x_wconf 89' lang='lat' dir='ltr'><strong>tectum</strong></span> <span class='ocrx_word' id='word_1_901' title='bbox 3393 4977 3644 5032; x_wconf 89' lang='lat' dir='ltr'><strong>lectulum</strong></span> <span class='ocrx_word' id='word_1_902' title='bbox 3672 4975 3831 5031; x_wconf 89' lang='lat' dir='ltr'><strong>demi-</strong></span> 
     </span>
    </p>
   </div>
   <div class='ocr_carea' id='block_1_113' title="bbox 2254 5067 3829 5140">
    <p class='ocr_par' dir='ltr' id='par_1_113' title="bbox 2254 5067 3829 5140">
     <span class='ocr_line' id='line_1_113' title="bbox 2254 5067 3829 5140; baseline 0 -18"><span class='ocrx_word' id='word_1_903' title='bbox 2254 5077 2460 5131; x_wconf 88' lang='lat' dir='ltr'><strong>serunt,</strong></span> <span class='ocrx_word' id='word_1_904' title='bbox 2490 5069 2827 5137; x_wconf 70' lang='lat' dir='ltr'><strong>prarstantior</strong></span> <span class='ocrx_word' id='word_1_905' title='bbox 2868 5077 2968 5122; x_wconf 90' lang='lat' dir='ltr'><strong>est.</strong></span> <span class='ocrx_word' id='word_1_906' title='bbox 2997 5067 3111 5122; x_wconf 86' lang='lat' dir='ltr'><strong>Non</strong></span> <span class='ocrx_word' id='word_1_907' title='bbox 3155 5069 3298 5123; x_wconf 87' lang='lat' dir='ltr'><strong>enim</strong></span> <span class='ocrx_word' id='word_1_908' title='bbox 3334 5071 3666 5140; x_wconf 87' lang='lat' dir='ltr'><strong>corporalem</strong></span> <span class='ocrx_word' id='word_1_909' title='bbox 3705 5083 3829 5138; x_wconf 67' lang='lat' dir='ltr'><strong>pra:-</strong></span> 
     </span>
    </p>
   </div>
   <div class='ocr_carea' id='block_1_114' title="bbox 2254 5160 3832 5231">
    <p class='ocr_par' dir='ltr' id='par_1_114' title="bbox 2254 5160 3832 5231">
     <span class='ocr_line' id='line_1_114' title="bbox 2254 5160 3832 5231; baseline 0 -15"><span class='ocrx_word' id='word_1_910' title='bbox 2254 5161 2478 5216; x_wconf 89' lang='lat' dir='ltr'><strong>sentiam</strong></span> <span class='ocrx_word' id='word_1_911' title='bbox 2511 5161 2756 5230; x_wconf 86' lang='lat' dir='ltr'><strong>requirit.</strong></span> <span class='ocrx_word' id='word_1_912' title='bbox 2788 5175 2960 5230; x_wconf 89' lang='lat' dir='ltr'><strong>neque</strong></span> <span class='ocrx_word' id='word_1_913' title='bbox 2989 5176 3158 5231; x_wconf 88' lang='lat' dir='ltr'><strong>prope</strong></span> <span class='ocrx_word' id='word_1_914' title='bbox 3181 5160 3447 5216; x_wconf 90' lang='lat' dir='ltr'><strong>medicum</strong></span> <span class='ocrx_word' id='word_1_915' title='bbox 3465 5171 3720 5231; x_wconf 63' lang='lat' dir='ltr'><strong>aegrotum</strong></span> <span class='ocrx_word' id='word_1_916' title='bbox 3742 5161 3832 5216; x_wconf 79' lang='lat' dir='ltr'><strong>de-</strong></span> 
     </span>
    </p>
   </div>
   <div class='ocr_carea' id='block_1_115' title="bbox 2255 5252 3828 5323">
    <p class='ocr_par' dir='ltr' id='par_1_115' title="bbox 2255 5252 3828 5323">
     <span class='ocr_line' id='line_1_115' title="bbox 2255 5252 3828 5323; baseline 0.002 -17"><span class='ocrx_word' id='word_1_917' title='bbox 2255 5253 2405 5317; x_wconf 89' lang='lat' dir='ltr'><strong>tulit;</strong></span> <span class='ocrx_word' id='word_1_918' title='bbox 2437 5252 2488 5307; x_wconf 89' lang='lat' dir='ltr'><strong>id</strong></span> <span class='ocrx_word' id='word_1_919' title='bbox 2516 5252 2657 5323; x_wconf 89' lang='lat' dir='ltr'><strong>quod</strong></span> <span class='ocrx_word' id='word_1_920' title='bbox 2686 5262 2860 5307; x_wconf 92' lang='lat' dir='ltr'><strong>tamen</strong></span> <span class='ocrx_word' id='word_1_921' title='bbox 2881 5268 2985 5306; x_wconf 92' lang='lat' dir='ltr'><strong>non</strong></span> <span class='ocrx_word' id='word_1_922' title='bbox 3016 5267 3233 5322; x_wconf 90' lang='lat' dir='ltr'><strong>parvam</strong></span> <span class='ocrx_word' id='word_1_923' title='bbox 3260 5253 3705 5309; x_wconf 86' lang='lat' dir='ltr'><strong>existimationem</strong></span> <span class='ocrx_word' id='word_1_924' title='bbox 3728 5267 3828 5322; x_wconf 71' lang='lat' dir='ltr'><strong>pra!</strong></span> 
     </span>
    </p>
   </div>
   <div class='ocr_carea' id='block_1_116' title="bbox 2253 5341 3829 5412">
    <p class='ocr_par' dir='ltr' id='par_1_116' title="bbox 2253 5341 3829 5412">
     <span class='ocr_line' id='line_1_116' title="bbox 2253 5341 3829 5412; baseline -0.001 -16"><span class='ocrx_word' id='word_1_925' title='bbox 2253 5357 2313 5398; x_wconf 91' lang='lat' dir='ltr'><strong>se</strong></span> <span class='ocrx_word' id='word_1_926' title='bbox 2341 5342 2532 5408; x_wconf 80' lang='lat' dir='ltr'><strong>ferret;</strong></span> <span class='ocrx_word' id='word_1_927' title='bbox 2563 5341 2658 5396; x_wconf 90' lang='lat' dir='ltr'><strong>sed</strong></span> <span class='ocrx_word' id='word_1_928' title='bbox 2684 5357 2746 5396; x_wconf 89' lang='lat' dir='ltr'><strong>ea</strong></span> <span class='ocrx_word' id='word_1_929' title='bbox 2775 5358 2896 5411; x_wconf 68' lang='lat' dir='ltr'><strong>quae</strong></span> <span class='ocrx_word' id='word_1_930' title='bbox 2937 5342 3102 5397; x_wconf 88' lang='lat' dir='ltr'><strong>Deum</strong></span> <span class='ocrx_word' id='word_1_931' title='bbox 3143 5342 3368 5398; x_wconf 88' lang='lat' dir='ltr'><strong>decebat</strong></span> <span class='ocrx_word' id='word_1_932' title='bbox 3391 5343 3642 5412; x_wconf 81' lang='lat' dir='ltr'><strong>Opinione</strong></span> <span class='ocrx_word' id='word_1_933' title='bbox 3679 5343 3829 5397; x_wconf 78' lang='lat' dir='ltr'><strong>fultus</strong></span> 
     </span>
    </p>
   </div>
   <div class='ocr_carea' id='block_1_117' title="bbox 2253 5432 3825 5504">
    <p class='ocr_par' dir='ltr' id='par_1_117' title="bbox 2253 5432 3825 5504">
     <span class='ocr_line' id='line_1_117' title="bbox 2253 5432 3825 5504; baseline 0 -16"><span class='ocrx_word' id='word_1_934' title='bbox 2253 5435 2328 5489; x_wconf 89' lang='lat' dir='ltr'><strong>ait</strong></span> <span class='ocrx_word' id='word_1_935' title='bbox 2358 5452 2372 5488; x_wconf 91' lang='lat'><strong>:</strong></span> <span class='ocrx_word' id='word_1_936' title='bbox 2408 5433 2502 5488; x_wconf 91' lang='lat' dir='ltr'><strong>Dic</strong></span> <span class='ocrx_word' id='word_1_937' title='bbox 2529 5433 2676 5488; x_wconf 82' lang='lat' dir='ltr'><strong>verba</strong></span> <span class='ocrx_word' id='word_1_938' title='bbox 2713 5435 2896 5488; x_wconf 83' lang='lat' dir='ltr'><strong>solum.</strong></span> <span class='ocrx_word' id='word_1_939' title='bbox 2945 5432 3129 5504; x_wconf 85' lang='lat' dir='ltr'><strong>Neque</strong></span> <span class='ocrx_word' id='word_1_940' title='bbox 3160 5434 3312 5489; x_wconf 92' lang='lat' dir='ltr'><strong>initio</strong></span> <span class='ocrx_word' id='word_1_941' title='bbox 3338 5434 3489 5502; x_wconf 82' lang='lat' dir='ltr'><strong>diett,</strong></span> <span class='ocrx_word' id='word_1_942' title='bbox 3538 5435 3634 5490; x_wconf 84' lang='lat' dir='ltr'><strong>Dic</strong></span> <span class='ocrx_word' id='word_1_943' title='bbox 3667 5434 3825 5498; x_wconf 72' lang='lat' dir='ltr'><strong>verba,</strong></span> 
     </span>
    </p>
   </div>
   <div class='ocr_carea' id='block_1_118' title="bbox 2253 5525 3828 5598">
    <p class='ocr_par' dir='ltr' id='par_1_118' title="bbox 2253 5525 3828 5598">
     <span class='ocr_line' id='line_1_118' title="bbox 2253 5525 3828 5598; baseline -0.001 -18"><span class='ocrx_word' id='word_1_944' title='bbox 2253 5527 2346 5582; x_wconf 88' lang='lat' dir='ltr'><strong>sed</strong></span> <span class='ocrx_word' id='word_1_945' title='bbox 2369 5525 2737 5597; x_wconf 73' lang='lat' dir='ltr'><strong>aegritudinem</strong></span> <span class='ocrx_word' id='word_1_946' title='bbox 2758 5533 2962 5581; x_wconf 83' lang='lat' dir='ltr'><strong>tantum</strong></span> <span class='ocrx_word' id='word_1_947' title='bbox 2978 5525 3216 5581; x_wconf 89' lang='lat' dir='ltr'><strong>declarat</strong></span> <span class='ocrx_word' id='word_1_948' title='bbox 3245 5542 3259 5580; x_wconf 90' lang='lat'><strong>:</strong></span> <span class='ocrx_word' id='word_1_949' title='bbox 3285 5525 3356 5581; x_wconf 93' lang='lat' dir='ltr'><strong>ob</strong></span> <span class='ocrx_word' id='word_1_950' title='bbox 3374 5541 3618 5598; x_wconf 88' lang='lat' dir='ltr'><strong>magnam</strong></span> <span class='ocrx_word' id='word_1_951' title='bbox 3643 5526 3828 5598; x_wconf 81' lang='lat' dir='ltr'><strong>quippe</strong></span> 
     </span>
    </p>
   </div>
   <div class='ocr_carea' id='block_1_119' title="bbox 2253 5615 3824 5689">
    <p class='ocr_par' dir='ltr' id='par_1_119' title="bbox 2253 5615 3824 5689">
     <span class='ocr_line' id='line_1_119' title="bbox 2253 5615 3824 5689; baseline -0.003 -14"><span class='ocrx_word' id='word_1_952' title='bbox 2253 5619 2603 5675; x_wconf 89' lang='lat' dir='ltr'><strong>humilitatem</strong></span> <span class='ocrx_word' id='word_1_953' title='bbox 2632 5633 2738 5673; x_wconf 89' lang='lat' dir='ltr'><strong>non</strong></span> <span class='ocrx_word' id='word_1_954' title='bbox 2784 5619 3002 5689; x_wconf 88' lang='lat' dir='ltr'><strong>putabat</strong></span> <span class='ocrx_word' id='word_1_955' title='bbox 3042 5615 3316 5674; x_wconf 85' lang='lat' dir='ltr'><strong>Christum</strong></span> <span class='ocrx_word' id='word_1_956' title='bbox 3354 5619 3533 5674; x_wconf 82' lang='lat' dir='ltr'><strong>statim</strong></span> <span class='ocrx_word' id='word_1_957' title='bbox 3563 5633 3673 5675; x_wconf 90' lang='lat' dir='ltr'><strong>rem</strong></span> <span class='ocrx_word' id='word_1_958' title='bbox 3701 5632 3824 5673; x_wconf 85' lang='lat' dir='ltr'><strong>con-</strong></span> 
     </span>
    </p>
   </div>
   <div class='ocr_carea' id='block_1_120' title="bbox 2253 5708 3826 5783">
    <p class='ocr_par' dir='ltr' id='par_1_120' title="bbox 2253 5708 3826 5783">
     <span class='ocr_line' id='line_1_120' title="bbox 2253 5708 3826 5783; baseline -0.004 -17"><span class='ocrx_word' id='word_1_959' title='bbox 2253 5726 2551 5771; x_wconf 85' lang='lat' dir='ltr'><strong>eessurum,</strong></span> <span class='ocrx_word' id='word_1_960' title='bbox 2583 5720 2640 5766; x_wconf 89' lang='lat' dir='ltr'><strong>et</strong></span> <span class='ocrx_word' id='word_1_961' title='bbox 2665 5710 2883 5764; x_wconf 89' lang='lat' dir='ltr'><strong>domum</strong></span> <span class='ocrx_word' id='word_1_962' title='bbox 2907 5708 3195 5783; x_wconf 88' lang='lat' dir='ltr'><strong>petiturum</strong></span> <span class='ocrx_word' id='word_1_963' title='bbox 3217 5723 3358 5765; x_wconf 88' lang='lat' dir='ltr'><strong>esse.</strong></span> <span class='ocrx_word' id='word_1_964' title='bbox 3385 5709 3512 5766; x_wconf 87' lang='lat' dir='ltr'><strong>Ideo</strong></span> <span class='ocrx_word' id='word_1_965' title='bbox 3527 5725 3646 5768; x_wconf 88' lang='lat' dir='ltr'><strong>cum</strong></span> <span class='ocrx_word' id='word_1_966' title='bbox 3663 5710 3826 5778; x_wconf 83' lang='lat' dir='ltr'><strong>ipsum</strong></span> 
     </span>
    </p>
   </div>
   <div class='ocr_carea' id='block_1_121' title="bbox 2253 5797 3832 5874">
    <p class='ocr_par' dir='ltr' id='par_1_121' title="bbox 2253 5797 3832 5874">
     <span class='ocr_line' id='line_1_121' title="bbox 2253 5797 3832 5874; baseline -0.002 -13"><span class='ocrx_word' id='word_1_967' title='bbox 2253 5805 2460 5861; x_wconf 81' lang='lat' dir='ltr'><strong>audivit</strong></span> <span class='ocrx_word' id='word_1_968' title='bbox 2487 5804 2770 5872; x_wconf 89' lang='lat' dir='ltr'><strong>dicentem,</strong></span> <span class='ocrx_word' id='word_1_969' title='bbox 2812 5802 2922 5874; x_wconf 83' lang='lat' dir='ltr'><strong>Ego</strong></span> <span class='ocrx_word' id='word_1_970' title='bbox 2952 5803 3152 5859; x_wconf 81' lang='lat' dir='ltr'><strong>veniens</strong></span> <span class='ocrx_word' id='word_1_971' title='bbox 3180 5803 3364 5858; x_wconf 88' lang='lat' dir='ltr'><strong>curabo</strong></span> <span class='ocrx_word' id='word_1_972' title='bbox 3404 5819 3540 5873; x_wconf 86' lang='lat' dir='ltr'><strong>eum,</strong></span> <span class='ocrx_word' id='word_1_973' title='bbox 3574 5808 3696 5858; x_wconf 75' lang='lat' dir='ltr'><strong>tunc</strong></span> <span class='ocrx_word' id='word_1_974' title='bbox 3743 5797 3832 5858; x_wconf 65' lang='lat' dir='ltr'><strong>ait:</strong></span> 
     </span>
    </p>
   </div>
  </div>
