4038 6364
242 300 348 355 55'!

249 413 345 466 Die
372 411 537 467 verba.
564 410 747 481 Neque
768 410 913 465 illum
940 409 1009 464 ita
1037 424 1238 465 mceror
1256 411 1506 478 turbavit,
1534 410 1627 463 sed
1660 410 1819 464 etiam

154 490 159 493 ⁷
242 507 298 560 in
326 505 631 560 calamitate
680 501 1172 572 philosophabatur,
1224 518 1329 555 non
1379 512 1485 556 tam
1533 502 1828 571 respiciens

238 597 309 651 ad
342 598 489 666 pueri
521 595 899 661 valetudinem,
929 608 1086 664 quam
1115 608 1182 647 ne
1208 592 1336 663 quid
1369 593 1482 663 ipsc
1523 593 1697 648 minus
1728 592 1825 647 de-

239 697 429 743 center
470 687 690 743 faceret.
740 687 1071 755 Quamquam
1111 700 1218 739 non
1270 686 1385 754 ipse
1434 686 1681 754 petebat,
1732 685 1825 741 sed

238 778 488 833 Christus
514 793 632 834 sese
656 777 848 832 obtulit
877 795 890 829 :
919 786 1150 831 attamen
1180 776 1257 830 sic
1300 790 1511 846 quoque
1557 776 1730 831 timuit
1756 792 1827 831 ne

239 871 380 927 ultra
425 885 582 939 quam
612 870 840 941 dignitas
887 884 981 923 sua
1018 869 1312 940 postularet
1352 868 1637 939 acciperet,
1689 884 1826 924 neve

239 977 356 1016 rem
384 976 602 1032 gravem
628 962 851 1015 subiret.
874 959 1122 1015 Vidistin’
1146 960 1264 1029 ejus
1295 960 1664 1029 prudentiam?
1692 962 1823 1016 Per-

240 1052 417 1122 pende
440 1051 743 1107 Iudaeorum
767 1051 1045 1106 stultitiam
1075 1051 1385 1115 dicentium,
1419 1050 1616 1123 Dignus
1644 1062 1717 1105 est
1744 1052 1826 1105 cui

237 1146 457 1216 gratiam
482 1148 715 1215 conferas
743 1141 894 1213 (Luc.
919 1143 970 1196 7.
995 1143 1074 1211 4).
1102 1142 1236 1197 Cum
1266 1151 1538 1212 oporteret
1562 1142 1628 1197 ad
1658 1143 1823 1197 mise-

237 1235 524 1290 ricordiam
550 1234 674 1290 Jesu
707 1234 1010 1305 confugere,
1056 1234 1128 1288 illi
1160 1234 1468 1304 dignitatem
1507 1234 1820 1300 obtendunt,

238 1343 412 1397 neque
433 1342 541 1398 quo
581 1336 736 1397 pacto
776 1326 1068 1381 obtendere
1109 1326 1341 1396 Oportuit
1381 1329 1578 1381 sciunt.
1628 1328 1821 1381 Verum

237 1435 344 1474 non
374 1420 444 1473 ita
474 1419 595 1483 ille;
628 1418 721 1473 sed
758 1433 817 1473 se
856 1418 1075 1472 omnino
1119 1418 1391 1488 indignum
1430 1418 1639 1474 dicebat
1679 1432 1819 1485 esse,

236 1527 342 1564 non
388 1510 547 1565 modo
591 1510 859 1574 beneﬁcii,
906 1510 999 1565 sed
1040 1510 1198 1564 etiam
1239 1509 1327 1580 qui
1378 1508 1649 1564 Christum
1677 1509 1820 1564 domi

238 1602 521 1671 reciperet.
554 1601 911 1668 Quamobrem
941 1618 1061 1655 cum
1102 1601 1345 1664 dixisset,
1390 1599 1529 1654 Puer
1557 1617 1694 1655 meas
1726 1604 1821 1671 ja—

235 1704 331 1759 cet,
363 1708 469 1746 non
502 1693 795 1762 subjuuxit,
845 1694 958 1756 Dic,
991 1702 1254 1758 metuens,
1284 1709 1351 1747 ne
1397 1693 1642 1764 indignus
1680 1702 1824 1749 esset

236 1789 327 1842 tali
349 1786 497 1841 dono
529 1805 543 1841 :
570 1786 667 1841 sed
706 1787 1061 1841 calamitatem
1109 1786 1279 1841 solum
1326 1785 1633 1841 declaravit.
1687 1785 1821 1854 Quia

234 1896 367 1938 vero
398 1878 528 1933 vidit
565 1878 837 1932 Christum
880 1892 1001 1933 sese
1043 1878 1109 1932 ad
1148 1877 1380 1933 eundum
1414 1891 1711 1948 parantem,
1753 1893 1821 1934 ne

233 1975 310 2029 sic
333 1974 552 2045 quidem
583 1970 674 2028 ille
704 1970 756 2024 in
783 1985 896 2023 rem
925 1969 1156 2024 oblatam
1191 1969 1396 2035 insiliit,
1424 1969 1518 2024 sed
1562 1968 1736 2024 adhuc
1766 1973 1818 2025 in

233 2066 398 2136 gradu
426 2066 527 2120 sibi
558 2061 871 2136 congruenti
896 2062 1108 2119 mansit.
1134 2060 1187 2117 Si
1218 2062 1337 2131 quis
1366 2076 1495 2117 vero
1523 2061 1682 2127 dicat,
1712 2062 1821 2116 Cur

232 2159 479 2213 Christus
520 2159 669 2213 illum
715 2174 819 2213 non
862 2159 1062 2228 pariter
1090 2154 1409 2211 honoravit?
1441 2154 1665 2209 dixerim
1695 2168 1816 2225 ego,

232 2267 485 2322 magnum
509 2252 607 2321 ipsi
630 2252 890 2308 honorem
919 2252 1185 2307 retulisse.
1214 2248 1396 2306 Primo
1416 2249 1651 2319 quidem,
1678 2249 1819 2318 quod

230 2342 470 2396 animum
502 2356 828 2414 pronamque
855 2342 1177 2397 voluntatem
1208 2338 1522 2405 ostenderit,
1551 2355 1671 2408 qua:
1700 2354 1815 2395 ma-

231 2434 377 2488 xime
396 2432 663 2502 apparuit,
695 2433 816 2503 quia
856 2433 969 2503 ipse
1008 2434 1061 2487 in
1088 2432 1307 2489 domum
1349 2433 1464 2502 ejus
1494 2449 1599 2488 non
1631 2430 1815 2495 venit;

232 2523 491 2590 secundo,
521 2524 665 2594 quod
704 2525 851 2578 illum
900 2524 952 2578 in
1000 2539 1221 2593 regnum
1265 2523 1638 2590 introduxerit,
1667 2541 1818 2579 eum-

232 2634 335 2687 que
358 2619 451 2672 toti
481 2618 716 2673 Judaica:
749 2617 891 2687 genti
920 2618 1287 2686 prmposucrit.
1317 2617 1451 2684 Quia
1480 2618 1620 2671 enim
1653 2632 1712 2672 se
1736 2618 1817 2671 in-

231 2713 450 2780 dignutn
500 2710 830 2781 judicaverat
870 2711 959 2781 qui
1010 2710 1280 2765 Christum
1332 2710 1475 2765 domi
1531 2710 1812 2780 reciperet,

232 2806 394 2857 etiam
426 2818 589 2873 regno
614 2802 803 2873 dignus
827 2801 1049 2857 effectus
1077 2812 1176 2865 est,
1205 2812 1260 2855 et
1279 2800 1463 2856 eadem
1488 2817 1607 2872 qua:
1642 2801 1816 2855 Abra-

234 2894 356 2948 ham
386 2905 742 2963 consequutus
764 2902 848 2948 est
873 2894 1028 2948 bona.
1054 2892 1122 2947 Et
1142 2908 1245 2962 qua
1279 2892 1346 2946 de
1370 2908 1548 2957 causa,
1586 2892 1814 2962 inquies,

233 2987 501 3055 leprOsus,
546 2986 633 3054 qui
678 2986 763 3039 his
800 2985 999 3053 majora
1043 2985 1374 3051 exhibuerat,
1422 3000 1529 3038 non
1578 2984 1819 3039 laudatus

230 3080 349 3133 est?
378 3077 560 3147 Neque
583 3078 722 3132 enim
746 3078 877 3132 dixit
903 3078 1010 3144 ille,
1037 3077 1135 3131 Dic
1160 3078 1346 3142 verba;
1379 3079 1471 3132 sed
1501 3078 1640 3148 quod
1663 3079 1820 3149 longe

233 3174 409 3243 majus
434 3185 570 3238 erat,
601 3171 745 3227 Velis
776 3171 1142 3226 tantummodo
1174 3188 1186 3222 :
1219 3171 1268 3225 id
1296 3171 1435 3241 quod
1464 3171 1531 3225 de
1553 3172 1707 3226 Patre
1744 3171 1821 3227 ait

233 3265 538 3335 propheta:
574 3262 792 3327 Omnia,
847 3279 1169 3332 quacumque
1220 3261 1408 3322 voluit.
1474 3264 1591 3334 fecit
1645 3262 1814 3333 (Psal.

234 3358 359 3410 115.
388 3357 441 3410 5.
476 3353 635 3425 illi).
670 3355 861 3408 Verum
892 3354 984 3408 ille
1012 3367 1223 3423 quoque
1257 3352 1503 3407 laudatus
1542 3362 1643 3407 est.
1684 3352 1816 3409 Cum

233 3448 377 3500 enim
400 3446 553 3506 dixit,
585 3444 727 3511 Olfer
746 3445 955 3509 donum,
982 3446 1116 3515 quod
1137 3445 1373 3515 prtecepit
1402 3444 1622 3515 Moyses,
1654 3446 1707 3499 in
1747 3456 1821 3499 te-

232 3539 525 3592 stimonium
560 3538 685 3605 illis,
718 3537 851 3591 nihil
876 3538 1018 3591 aliud
1049 3545 1163 3593 erat
1196 3552 1352 3607 quam
1384 3537 1581 3603 dicere,
1622 3539 1700 3593 Tu
1727 3554 1818 3593 ac-

232 3628 451 3683 cusabis
487 3628 622 3692 illos,
664 3630 784 3699 quia
820 3628 1121 3683 credidisti.
1165 3629 1414 3699 Alioquin
1452 3644 1556 3683 non
1597 3629 1818 3698 perinde

233 3730 349 3774 erat
389 3720 660 3782 Judazum,
707 3730 865 3790 atque
911 3730 1219 3775 extraneum
1271 3720 1522 3790 gentilem
1574 3720 1815 3776 credere.

234 3812 387 3880 Quod
415 3813 558 3866 enim
584 3813 825 3865 centurio
852 3811 1068 3866 Judaeus
1096 3827 1201 3865 non
1229 3822 1391 3876 esset,
1430 3811 1481 3865 id
1528 3813 1696 3882 liquet
1734 3813 1820 3867 vel

235 3921 297 3959 ex
322 3920 389 3959 eo
409 3905 552 3974 quod
579 3906 821 3958 centurio
849 3912 1011 3969 esset,
1043 3912 1097 3958 ct
1136 3903 1276 3973 quod
1310 3903 1551 3959 Christus
1575 3903 1769 3958 dixerit
1802 3922 1817 3959 :

236 3994 418 4067 Neque
444 3996 498 4048 in
528 3993 689 4049 Israel
713 4004 905 4048 tantam
930 3995 1083 4064 ﬁdem
1108 3995 1294 4049 inveni.

304 4090 361 4144 4.
390 4089 625 4157 Eratque
662 4088 899 4157 profecto
937 4102 1022 4143 res
1053 4102 1262 4155 magna,
1303 4086 1570 4141 hominem
1610 4088 1697 4156 qui
1728 4102 1822 4141 ex-

238 4192 315 4236 tra
343 4181 652 4237 Iudaeorum
672 4180 969 4250 catalogum
997 4190 1132 4246 erat,
1165 4188 1309 4233 tanta
1328 4179 1396 4234 de
1430 4179 1645 4234 Christo
1669 4181 1820 4249 cogi-

239 4285 397 4328 tasse.
430 4272 585 4336 Nam,
614 4281 671 4327 ut
705 4272 834 4325 mihi
873 4271 1099 4334 videtur,
1127 4286 1389 4340 supernos
1429 4270 1518 4324 ille
1554 4272 1823 4325 exercitus

240 4374 418 4419 tuente
447 4374 799 4433 conceperat;
847 4361 1186 4430 morbOSque,
1221 4372 1445 4415 mortem
1472 4361 1680 4431 aliaque
1708 4377 1823 4414 om-

240 4458 322 4513 nia
354 4459 425 4512 ita
452 4455 667 4511 Christo
704 4455 941 4526 subjecta
973 4470 1109 4518 esse,
1143 4465 1199 4508 ut
1232 4454 1426 4508 milites
1465 4454 1585 4509 sibi.
1622 4454 1821 4521 Quam-

241 4552 424 4606 obrem
450 4550 662 4605 dicebat
691 4567 703 4602 :
736 4548 874 4602 Nam
899 4566 990 4619 ego
1020 4549 1167 4602 homo
1187 4565 1298 4602 sunt
1323 4548 1412 4602 sub
1443 4558 1683 4619 potestate
1706 4567 1824 4602 con-

240 4647 484 4707 stitutus;
534 4645 633 4698 hoc
678 4654 780 4709 est,
828 4642 907 4696 Tu
954 4643 1112 4706 Deus,
1161 4658 1260 4712 ego
1302 4643 1461 4695 homo
1508 4660 1521 4696 :
1573 4657 1674 4712 ego
1726 4642 1825 4697 sub

244 4745 528 4808 potestate,
560 4745 612 4789 tu
646 4752 747 4789 non
774 4734 874 4789 sub
915 4724 1199 4802 potestate.
1222 4731 1276 4787 Si
1307 4748 1406 4802 ego
1441 4733 1620 4801 igitur.
1666 4732 1824 4787 homo

242 4838 296 4883 et
320 4828 423 4883 sub
471 4835 751 4896 potestate,
790 4834 935 4879 tanta
980 4840 1192 4894 possum
1228 4841 1241 4876 :
1275 4825 1440 4877 multo
1487 4825 1653 4894 magis
1689 4824 1823 4892 ipse,

244 4924 331 4993 qui
355 4931 414 4977 et
446 4921 584 4976 Deus
611 4929 695 4976 est
718 4929 773 4974 et
800 4918 898 4973 sub
944 4927 1204 4987 potestate
1244 4932 1348 4971 non
1392 4926 1507 4983 est;
1544 4918 1656 4971 vult
1683 4919 1824 4971 enim

244 5031 311 5070 ex
352 5030 561 5069 summa
607 5012 1007 5083 prmentinentia
1051 5011 1156 5067 hoc
1195 5010 1271 5065 illi
1325 5011 1571 5077 suadere,
1612 5027 1672 5067 se
1718 5029 1823 5066 non

246 5107 418 5162 simile
446 5106 750 5175 exemplum
803 5104 1012 5169 alTerre,
1054 5105 1147 5158 sed
1175 5106 1249 5158 rei
1294 5103 1452 5173 longe
1478 5105 1824 5159 sublimioris.

246 5197 376 5253 Nam
418 5198 465 5252 si
495 5213 616 5268 ego,
649 5197 838 5266 inquit,
889 5195 979 5265 qui
1021 5211 1115 5263 par
1144 5195 1396 5265 subjectis
1441 5210 1580 5260 sum,
1635 5205 1688 5250 et
1727 5196 1829 5251 sub

249 5300 512 5362 potestate
553 5291 891 5352 constitutus,
920 5289 990 5342 ob
1018 5304 1232 5358 parvam
1280 5298 1454 5342 tamen
1505 5287 1828 5357 prwlectnrte

250 5383 639 5449 auctoritatem,
673 5390 818 5435 tanta
851 5396 1063 5451 possunt
1097 5381 1307 5434 nemine
1343 5389 1703 5449 repugnante:
1734 5379 1829 5433 sed

252 5492 364 5546 qua:
394 5476 600 5545 impero
645 5475 844 5538 omnia,
893 5473 1108 5526 diversa
1149 5472 1271 5526 licet
1300 5472 1424 5535 sint,
1460 5470 1829 5540 exsequutioni

253 5565 597 5630 mandantur;
630 5565 734 5618 Alii
761 5566 893 5618 enim
918 5564 1052 5627 dico,
1084 5562 1239 5627 Vade,
1266 5573 1310 5616 et
1332 5563 1465 5616 vadit
1495 5578 1513 5615 :
1537 5563 1646 5625 alii,
1684 5560 1828 5629 Veni,

253 5658 451 5711 etvenit
484 5672 502 5709 :
533 5657 689 5726 longe
724 5656 924 5722 majora
972 5666 1025 5708 ttt
1065 5659 1282 5724 poteris.
1310 5652 1532 5721 Quidam
1576 5653 1716 5707 hunc
1755 5653 1834 5705 lo-

253 5761 368 5803 cum
392 5748 463 5804 ita
490 5750 671 5819 legunt
700 5769 714 5805 :
748 5748 809 5804 Si
838 5750 970 5802 enim
997 5764 1087 5818 ego
1115 5747 1263 5800 homo
1289 5762 1401 5799 cum
1429 5746 1545 5812 sint,
1574 5752 1626 5799 et
1665 5744 1832 5798 inter-

1200 297 1266 353 ΙΝ
1304 294 1707 353 ΜΑΤἸῊᾹΞΗΜ
1749 293 1974 349 HOMIL.
2020 294 2205 350 XXVI.
2248 297 2317 352 al.
2361 297 2571 354 XXVII.

1933 409 2217 475 punctione
2242 413 2411 482 posita
2441 412 2784 483 subjungunt,
2823 416 2913 469 sub
2941 428 3179 483 potestate
3204 418 3388 477 habens
3423 425 3515 476 sub

1930 518 2009 555 me
2036 504 2234 558 milites.
2257 505 2336 559 Tu
2362 522 2490 560 vero
2507 508 2813 563 consideres
2842 510 3019 576 velint,
3047 514 3315 582 quomodo
3331 524 3512 571 osten-

1930 592 2021 647 dat
2044 593 2215 662 ipsum
2248 600 2403 650 etiam
2436 599 2590 651 morti
2624 608 2678 652 ut
2716 615 2870 654 servo
2919 601 3200 669 imperare,
3239 613 3292 658 ct
3320 608 3509 673 praeci-

1931 698 2059 752 pere
2085 692 2142 739 ut
2164 685 2459 741 dominum.
2491 687 2624 742 Cum
2646 691 2787 743 enim
2814 691 2959 752 dicit,
3000 691 3145 755 Veni.
3177 704 3225 748 et
3254 695 3405 760 venit,
3433 707 3508 761 et,

1940 773 2099 839 Vade,
2127 785 2173 828 et
2205 778 2360 843 vadit,
2409 778 2462 833 id
2508 779 2770 849 signiﬁcat
2802 801 2813 835 :
2849 782 2904 836 Si
2929 781 3153 851 jusseris
3185 801 3287 838 non
3331 787 3511 841 venire

1928 875 2155 921 mortem
2187 884 2349 937 super
2380 886 2522 934 eum,
2550 887 2654 925 non
2691 873 2884 927 veniet.
2929 874 3110 929 Viden‘
3136 892 3293 945 quam
3341 878 3509 933 ﬁdelis

1927 960 2105 1014 esset?
2129 960 2281 1027 Quod
2316 963 2458 1017 enim
2507 966 2754 1019 omnibus
2806 976 2986 1035 postea
3027 968 3228 1022 clarum
3274 970 3506 1026 futurum

1928 1058 2063 1115 erat,
2096 1052 2448 1121 omnibusque
2474 1066 2683 1119 notum,
2715 1055 2802 1111 hic
2826 1057 2934 1125 jam
2965 1060 3134 1127 palam
3164 1059 3306 1127 facit,
3338 1062 3506 1128 ipsum

1929 1155 2122 1211 nempe
2162 1141 2360 1199 habere
2395 1154 2707 1213 potestatem
2760 1138 2945 1203 m'ortis
2983 1159 3035 1202 et
3076 1151 3215 1217 vitae,
3252 1169 3511 1223 posseqne

1926 1231 1993 1285 ad
2026 1241 2205 1301 portas
2231 1236 2417 1287 mortis
2439 1236 2704 1293 deducere
2732 1254 2793 1293 ac
2814 1240 3087 1296 reducere.
3117 1242 3298 1312 Neque
3325 1244 3390 1304 de
3413 1246 3511 1299 mi-

1929 1324 2109 1381 litibus
2137 1328 2308 1383 solum
2353 1329 2505 1392 dixit,
2534 1330 2628 1384 sed
2658 1331 2817 1385 etiam
2847 1331 2915 1387 de
2940 1334 3127 1397 servis,
3160 1334 3300 1403 quod
3342 1336 3511 1405 majo-

1926 1419 2001 1475 ris
2030 1420 2395 1491 obsequentia:
2416 1431 2549 1476 erat.
2593 1424 2839 1479 Attamen
2870 1434 3070 1480 tantam
3101 1426 3301 1482 habens
3326 1427 3504 1493 Iidem,

1927 1525 1988 1566 se
2030 1512 2300 1582 indignum
2329 1514 2544 1583 putabat
2570 1530 2584 1578 ;
2628 1514 2871 1570 Christus
2901 1528 3076 1572 autem
3107 1520 3397 1574 ostendens
3426 1522 3508 1573 tli-

1925 1615 2089 1671 gnum
2131 1603 2275 1656 illum
2318 1619 2459 1669 esse,
2492 1606 2643 1673 cujus
2668 1605 2885 1661 domum
2918 1608 3158 1674 intraret,
3194 1611 3371 1662 multo.
3398 1626 3510 1664 ma-

1922 1692 2041 1762 jora
2088 1695 2138 1749 ei
2184 1698 2432 1757 contulit.
2465 1698 2635 1766 ipsum
2687 1698 2956 1754 admirans
3002 1711 3158 1769 atque
3193 1703 3503 1771 praedicans,

1927 1784 2185 1854 pluraque
2232 1785 2365 1839 dans
2404 1795 2561 1854 quam
2593 1789 2838 1856 petierat.
2887 1788 3043 1843 Venit
3072 1792 3214 1844 enim
3268 1793 3509 1861 corporis

1925 1877 2152 1931 salutem
2186 1894 2349 1946 puero
2388 1894 2653 1948 quaerens,
2684 1890 2737 1934 et
2781 1890 3001 1951 accepto
3039 1898 3203 1952 regno
3239 1884 3504 1938 discessit.

1928 1966 2116 2023 Viden’
2153 1968 2422 2039 quomodo
2447 1969 2555 2038 jam
2610 1970 2883 2039 impletum
2938 1984 3046 2025 erat
3106 1974 3251 2038 illud,
3289 1973 3510 2039 Quwrite

1925 2076 2133 2131 regnum
2153 2062 2410 2123 castarum,
2437 2070 2481 2113 et
2503 2061 2608 2114 lucc
2632 2062 2801 2114 omnia
2816 2061 3120 2131 adjiciantur
3138 2063 3272 2117 vobis
3295 2063 3505 2135 (Matth.

1928 2152 1979 2207 6.
2009 2153 2138 2223 55)?
2176 2153 2313 2219 Quia
2338 2153 2479 2208 enim
2509 2153 2727 2207 multam
2765 2153 2920 2208 ﬁdem
2951 2164 3003 2209 et
3039 2157 3388 2210 humilitatem
3415 2172 3506 2211 ex-

1927 2244 2194 2308 hibuerat,
2223 2255 2278 2299 et
2306 2245 2494 2299 cmlum
2521 2244 2687 2311 dedit,
2711 2255 2764 2300 et
2790 2247 2939 2315 pueri
2960 2247 3239 2303 sanitatem
3270 2249 3465 2317 adjecit
3490 2266 3502 2302 :

1925 2353 2025 2392 nec
2046 2339 2216 2407 ipsum
2246 2338 2335 2392 illo
2365 2346 2566 2391 tantum
2590 2337 2746 2391 modo
2768 2338 3067 2404 honoravit,
3090 2340 3182 2394 sed
3205 2341 3363 2394 etiam
3388 2356 3509 2393 cum

1924 2431 2157 2486 ostendit
2203 2431 2397 2501 quibus
2440 2432 2625 2500 ejectis
2677 2432 2764 2485 ille
2819 2430 3264 2488 introduceretur.
3333 2431 3508 2501 Atque

1923 2524 2117 2579 exinde
2145 2524 2393 2577 omnibus
2438 2534 2618 2578 notum
2663 2523 2805 2591 facit,
2835 2540 2900 2578 ex
2956 2524 3057 2578 ﬁde
3100 2526 3322 2579 salutem
3368 2541 3505 2589 esse,

1922 2632 2029 2673 non
2061 2632 2124 2670 ex
2152 2616 2215 2671 Iis
2245 2631 2361 2686 quae
2391 2616 2680 2670 secundum
2710 2616 2878 2687 legem
2909 2626 3060 2671 erant
3077 2605 3343 2685 operibus.
3373 2618 3511 2684 Qua-

1923 2721 2139 2785 propter
2168 2727 2272 2769 non
2294 2710 2495 2768 Iudaeis
2534 2721 2759 2777 tantum,
2802 2712 2893 2767 sed
2921 2715 3077 2767 etiam
3126 2714 3369 2783 gentibus
3413 2714 3512 2768 hoc

1922 2805 2122 2860 donum
2179 2808 2505 2876 propositum
2546 2814 2675 2867 erit:
2725 2803 2829 2858 imo
2862 2802 2942 2856 his
2974 2804 3146 2871 potius
3185 2820 3341 2872 quam
3385 2804 3508 2857 illis.

1921 2896 1999 2955 Ne
2020 2897 2215 2967 putetis
2253 2899 2415 2963 enim,
2462 2900 2649 2968 inquit,
2682 2899 2730 2953 id
2776 2912 2826 2952 ιιι
2857 2896 3165 2948 centurione
3206 2906 3403 2948 tantum
3436 2894 3512 2947 l'a-

1923 2999 2065 3044 ctum
2093 3005 2234 3051 esse,
2268 2990 2361 3043 sed
2391 2991 2441 3044 in
2476 3000 2586 3044 toto
2616 2992 2744 3044 orhc
2767 2992 2992 3058 idipsum
3032 2987 3155 3046 erit.
3197 2988 3305 3039 lim:
3335 2997 3509 3040 autem

1923 3080 2077 3144 dixit,
2122 3096 2217 3149 per
2252 3083 2582 3151 prophetiam
2625 3083 2692 3137 de
2721 3084 2964 3151 gentibus
3007 3085 3249 3154 loquens,
3278 3081 3511 3153 ipsisque

1924 3170 2119 3225 bonam
2171 3187 2319 3239 spem
2360 3172 2611 3227 oﬁ‘erens.
2655 3174 2859 3227 Etenim
2908 3190 2972 3228 ex
3022 3176 3239 3228 Galila-a
3268 3176 3504 3243 gentium

1924 3273 2078 3319 erant
2097 3264 2184 3333 qui
2212 3266 2570 3333 sequebantur
2605 3282 2747 3319 cum.
2777 3266 2901 3320 llzec
2929 3281 3087 3335 porro
3114 3266 3343 3330 dicebat,
3376 3282 3507 3335 geu-

1924 3360 2009 3407 tes
2038 3368 2143 3407 non
2187 3354 2370 3409 sinens
2408 3355 2644 3408 animum
2698 3353 3052 3423 despondere,
3099 3354 3509 3424 Judmorumque

1925 3442 2120 3497 fastum
2148 3443 2471 3513 deprimens.
2499 3443 2579 3499 Ne
2605 3455 2781 3499 autem
2810 3445 2892 3498 his
2916 3445 3071 3499 dictis
3098 3445 3393 3501 oﬁ‘enderct
3415 3461 3510 3500 au-

1925 3533 2146 3595 ditores,
2180 3550 2315 3589 neve
2347 3536 2680 3590 occasionem
2713 3535 2976 3605 prmberet
2999 3536 3194 3601 ullam;
3224 3552 3326 3590 non
3361 3538 3510 3607 prius

1926 3624 1995 3679 de
2018 3625 2261 3695 gentibus
2289 3624 2557 3695 loquutus,
2590 3626 2684 3680 sed
2728 3630 3007 3681 occasione
3036 3638 3185 3696 capta
3214 3642 3278 3682 ex
3317 3638 3505 3682 centu-

1924 3716 2097 3781 rione,
2126 3732 2194 3769 ne
2220 3732 2411 3770 nomen
2433 3716 2646 3786 quidem
2663 3717 2897 3785 gentium
2924 3729 3106 3786 aperte
3134 3718 3299 3788 ponit.
3324 3717 3507 3789 Neque

1925 3808 2069 3863 enim
2098 3808 2248 3873 dixit,
2274 3808 2416 3862 Multi
2446 3824 2514 3863 ex
2554 3810 2835 3879 gentibus;
2879 3810 2993 3873 sed,
3023 3808 3175 3864 Multi
3222 3826 3285 3864 ea:
3319 3811 3509 3865 oriente

1927 3910 1973 3954 et
2002 3901 2275 3966 occidente,
2307 3900 2447 3969 quod
2487 3913 2675 3971 gentes
2718 3904 2900 3972 utique
2942 3904 3295 3972 signiﬁcabat,
3338 3920 3510 3973 neque

1927 4003 2103 4048 tamen
2131 3994 2438 4049 olTeudebat
2467 3995 2770 4061 auditores;
2804 3995 3099 4050 involutum
3123 3997 3267 4050 enim
3292 4006 3408 4051 erat
3431 3996 3509 4050 di-

1926 4097 2090 4141 ctum.
2123 4087 2302 4157 Neque
2336 4087 2436 4142 hoc
2476 4097 2677 4142 tantum
2706 4090 2863 4143 modo
2893 4091 3023 4145 lenit
3048 4089 3187 4144 hanc
3213 4107 3400 4144 novam
3424 4092 3509 4144 in-

1926 4181 2243 4248 solitumque
2280 4179 2598 4245 doctrinam,
2630 4180 2723 4235 sed
2760 4182 2901 4251 quod
2947 4183 3119 4235 simnn
3149 4181 3375 4235 Abrahzc
3415 4198 3511 4251 pro

1928 4287 2094 4341 regno
2126 4273 2383 4341 posuerit.
2416 4272 2598 4341 Neque
2625 4274 2767 4327 enim
2808 4273 2908 4327 hoc
2937 4274 3063 4342 ipsis
3093 4285 3273 4327 notum
3314 4290 3508 4328 nomen

1927 4376 2044 4419 erat
2075 4382 2088 4418 :
2121 4367 2392 4434 magisque
2427 4366 2545 4420 illos
2575 4366 2855 4419 mordebat
2886 4366 3151 4420 Abraham
3184 4368 3234 4419 in
3278 4368 3508 4421 medium

1928 4455 2206 4510 adductus.
2257 4457 2593 4525 Quapropter
2627 4456 2859 4510 Joannes
2905 4458 3033 4510 nihil
3073 4458 3250 4511 statim
3305 4458 3373 4511 de
3415 4475 3509 4525 ge-

1929 4549 2105 4603 ltenna
2149 4548 2440 4613 dixit;sed
2487 4548 2625 4617 quod
2658 4550 2822 4618 magis
2866 4549 2985 4603 illos
3026 4550 3509 4618 pungebatattulil,

1933 4642 2110 4697 Nolite
2130 4643 2309 4701 dicere,
2349 4640 2552 4695 Patrem
2574 4641 2813 4695 habemus
2832 4641 3084 4695 Abraham
3117 4642 3324 4712 (Matth.
3350 4642 3401 4695 5.
3433 4644 3507 4711 9).

1930 4735 2063 4791 Cum
2094 4735 2175 4789 his
2201 4732 2342 4787 aliud
2370 4735 2528 4787 etiam
2562 4733 2824 4803 providet,
2853 4749 2921 4788 ne
2946 4733 3189 4788 videatur
3228 4736 3391 4789 veteri
3431 4737 3507 4788 vi-

1931 4827 2087 4883 vendi
2115 4827 2355 4880 instituto
2380 4826 2678 4880 contrarius
2707 4840 2847 4881 esse.
2882 4825 3012 4879 Nam
3055 4826 3145 4895 qui
3188 4824 3515 4895 patriarchas

1931 4919 2248 4982 admiratur,
2276 4930 2567 4985 eorumque
2605 4918 2751 4970 sinus
2780 4926 2979 4971 Sortem
3031 4918 3289 4972 bonorum
3329 4918 3513 4985 appel-

1932 5009 2027 5074 lat,
2076 5012 2211 5062 hanc
2252 5008 2609 5077 suspicionem
2652 5008 2873 5061 omnino
2942 5017 2997 5062 et
3055 5008 3307 5061 radicitus
3357 5008 3509 5062 tollit.

1931 5098 2099 5154 Nemo
2132 5099 2308 5167 itaque
2344 5114 2502 5153 unam
2546 5113 2665 5153 esse
2697 5109 2842 5167 putet
2881 5100 3346 5153 comminationem
3374 5115 3387 5151 :
3417 5099 3509 5152 dn-

1932 5194 2053 5264 plex
2079 5193 2275 5262 quippe
2307 5200 2392 5247 est
2436 5189 3120 5262 illissupplicium,duplex
3164 5192 3245 5245 his
3288 5192 3507 5246 ltetitia:

1935 5285 2041 5339 illis
2066 5284 2297 5354 quidem,
2342 5299 2447 5338 non
2487 5283 2627 5353 quod
2663 5283 2959 5338 exciderint
2990 5295 3214 5348 tantum,
3243 5283 3334 5338 sed
3373 5283 3518 5353 quod

1935 5391 2000 5431 ex
2032 5376 2259 5446 prepriis
2288 5375 2610 5439 exciderint;
2640 5374 2721 5430 his
2750 5390 2879 5431 vero
2909 5391 3011 5431 non
3040 5376 3181 5446 quod
3206 5385 3402 5430 sortem
3431 5392 3515 5428 ac-

1936 5468 2197 5538 ceperint,
2243 5467 2336 5521 sed
2365 5466 2504 5537 quod
2535 5483 2692 5536 quam
2732 5484 2837 5522 non
2883 5467 3259 5536 exspectabant
3295 5482 3515 5536 accepe-

1937 5561 2045 5615 rint
2076 5577 2090 5613 :
2125 5557 2205 5613 his
2228 5561 2380 5613 tertia
2401 5558 2668 5627 adjicitur,
2698 5559 2838 5628 quod
2863 5557 2916 5613 hi
2942 5573 3005 5613 ea
3032 5573 3150 5627 quae
3179 5557 3244 5612 ad
3267 5558 3385 5611 illos
3409 5573 3517 5627 per-

1939 5652 2181 5707 tinebant
2210 5650 2532 5719 acceperint.
2576 5648 2741 5704 Filios
2782 5658 2959 5705 autem
3002 5650 3149 5720 regni
3194 5661 3348 5704 Vocat
3378 5650 3515 5714 illos,

1943 5743 2137 5816 quibus
2152 5756 2373 5814 regnum
2405 5750 2642 5813 paratum
2673 5748 2824 5809 erat;
2854 5736 2995 5813 quad
3024 5743 3253 5799 maxime
3274 5741 3393 5798 illos
3414 5738 3516 5794 do-
