4038 6364
551 269 658 326 3'59

553 385 668 441 lore
691 383 978 440 afﬁciebat.
1005 383 1292 457 Postquam
1325 389 1557 444 ostendit
1577 390 1718 443 enim
1742 389 1861 444 illos
1904 406 1970 444 ex
2014 406 2137 461 pro-

551 478 811 534 missione
838 477 887 532 in
911 478 1034 533 sinu
1070 477 1300 534 Abraha:
1329 495 1468 545 esse,
1510 480 1635 536 hinc
1674 481 1794 534 illos
1819 483 2000 536 statim
2040 499 2139 537 ex-

549 568 738 623 cludit.
777 568 998 635 Deinde,
1037 569 1159 640 quia
1205 569 1309 624 hoc
1355 571 1556 626 dictum
1582 573 1685 628 lata
1711 574 1972 627 sententia
1999 584 2137 640 erat,

549 660 604 716 id
629 663 781 732 signo
805 662 1103 728 conﬁrmat,
1138 665 1585 734 quemadmodum
1617 676 1670 721 et
1715 667 1863 735 signa
1903 683 1970 721 ex
2002 681 2138 736 pra:-

547 752 789 809 dictione
814 769 992 810 rerum
1016 769 1134 826 qua:
1154 765 1338 825 postea
1363 765 1656 811 evenerunt
1685 769 2014 812 asseruntur.

622 864 678 920 5.
725 865 824 933 Qui
872 866 1030 936 igitur
1089 881 1197 922 non
1243 869 1410 924 credit
1457 877 1586 924 tunc
1631 881 1874 925 sanatum
1916 885 2135 940 puerum

551 955 736 1022 fuisse,
767 957 814 1011 is
837 958 920 1012 vel
948 973 1015 1013 ex
1042 959 1340 1028 propheta,
1375 975 1493 1030 qua:
1512 961 1623 1030 jam
1654 960 1870 1030 impleta
1899 960 2016 1026 fuit,
2049 963 2134 1015 in-

546 1048 776 1104 ducatur
803 1057 860 1103 ut
883 1049 1086 1104 credat.
1134 1049 1266 1105 Nam
1296 1050 1577 1120 pr0phetia
1608 1061 1733 1107 ante
1773 1063 2022 1107 eventum
2069 1068 2136 1107 ex

547 1143 702 1213 signo
727 1153 851 1198 tunc
878 1143 1017 1199 facto
1040 1155 1163 1198 uota
1192 1144 1440 1199 omnibus
1465 1144 1580 1199 fuit.
1615 1144 1844 1215 ideoque
1864 1161 1984 1200 cum
2021 1145 2138 1199 haec

547 1243 674 1288 ante
702 1233 1042 1303 praadixisset
1070 1276 1085 1300 ,
1115 1245 1240 1289 tunc
1267 1235 1617 1307 paralyticum
1648 1237 1844 1302 erexit,
1873 1247 1932 1290 ut
1961 1237 2134 1290 futura

547 1339 613 1378 cx
640 1324 995 1394 praesentibus
1021 1336 1394 1380 asserereutur
1418 1368 1433 1392 ,
1462 1337 1515 1382 et
1546 1342 1576 1381 a
1606 1327 1795 1396 majori
1826 1329 2002 1380 minus
2041 1329 2136 1380 lir-

546 1424 802 1470 maretur.
835 1415 966 1471 Nam
996 1416 1140 1486 quod
1170 1417 1366 1472 virtute
1416 1418 1621 1488 pra-diti
1650 1417 1806 1472 bonis
1853 1418 2095 1473 fruantur
2117 1458 2134 1482 ,

548 1506 738 1576 hisque
776 1508 1005 1578 oppositi
1052 1523 1235 1578 poenas
1266 1508 1458 1576 luant,
1509 1509 1560 1562 id
1603 1524 1635 1563 a
1673 1509 2138 1566 verisimilitudine

545 1613 654 1652 non
681 1598 974 1656 abhorret:
1009 1600 1114 1654 imo
1142 1610 1199 1654 et
1226 1601 1417 1654 rationi
1446 1608 1500 1655 et.
1524 1602 1700 1670 legum
1740 1603 1977 1670 aequitati
2008 1617 2137 1656 con-

544 1698 860 1744 sentaneum
886 1700 995 1753 est;
1030 1691 1377 1762 paralyticum
1398 1701 1576 1745 autem
1603 1690 1817 1746 ﬁrmare
1845 1701 1900 1746 et
1924 1707 2132 1759 curare,

544 1780 718 1848 majus
733 1795 895 1850 quam
925 1790 1109 1835 natura
1139 1782 1299 1836 ferret
1319 1791 1458 1836 erat.
1487 1784 1739 1836 Altamen
1765 1783 1829 1837 ad
1856 1799 1973 1839 rem
1991 1784 2133 1838 illam

545 1886 791 1942 magnam
832 1882 991 1943 atque
1026 1874 1324 1930 mirabilem
1356 1890 1462 1929 non
1507 1889 1694 1944 parum
1741 1877 1969 1930 contulit
2004 1891 2134 1931 ceu-

547 1967 721 2029 turio;
770 1963 820 2018 id
865 1964 1006 2034 quod
1049 1965 1210 2019 etiam
1259 1963 1506 2019 Christus
1546 1965 1825 2020 declarans
1869 1966 2081 2021 dicebat
2117 1983 2131 2020 :

555 2055 695 2110 Vade
721 2098 736 2120 ,
781 2067 831 2112 et
871 2059 998 2112 sicut
1045 2057 1304 2111 credidisti
1347 2059 1437 2125 ﬁat
1468 2058 1834 2113 tibi.Vidistin'
1863 2059 2135 2128 quomodo

546 2151 790 2204 restituta
815 2167 978 2219 puero
1004 2152 1206 2205 sanitas
1251 2161 1306 2205 et
1326 2151 1527 2205 Christi
1561 2153 1844 2221 potentiam
1873 2162 1927 2208 et
1950 2162 2136 2208 centu-

545 2240 714 2295 rionis
743 2241 900 2296 [idem
930 2241 1314 2308 praedicaverit,
1345 2254 1398 2297 et
1426 2243 1565 2311 quod
1599 2242 1835 2298 futurum
1861 2253 1977 2299 erat
2003 2258 2135 2298 con-

545 2331 864 2388 ﬁrmaverit.
913 2334 1024 2390 lmo
1050 2351 1176 2390 vero
1217 2335 1395 2391 omnia
1435 2335 1634 2390 Christi
1668 2338 1957 2405 potentiam
1999 2353 2135 2406 pra:-

545 2423 816 2479 dieabant.
846 2423 960 2478 Non
991 2425 1132 2479 enim
1157 2441 1354 2495 corpus
1382 2437 1585 2480 tantum
1617 2427 1766 2496 pueri
1806 2429 2133 2494 sanavit,sed

542 2513 704 2567 etiam
728 2514 1057 2570 centurionis
1093 2517 1322 2570 animam
1358 2518 1407 2570 in
1442 2518 1599 2572 (idem
1631 2534 1725 2587 per
1754 2520 2006 2574 miracula
2046 2530 2135 2575 at-

546 2605 728 2660 traxit.
757 2605 838 2662 Tu
870 2595 997 2663 vero
1042 2624 1110 2662 ne
1150 2609 1200 2663 id
1242 2619 1445 2665 tantum
1486 2613 1787 2682 perpendas
1811 2656 1826 2678 ,
1873 2615 2016 2684 quod
2049 2616 2136 2670 hic

544 2695 856 2764 crediderit,
899 2698 988 2753 ille
1013 2708 1228 2755 sanatus
1255 2701 1343 2766 sit,
1375 2702 1468 2756 sed
1495 2704 1571 2758 rei
1599 2704 1928 2760 celeritatem
1971 2708 2134 2760 mira-

546 2801 646 2852 re;
691 2804 812 2843 nam
855 2788 959 2845 hoc
1003 2793 1327 2862 evangelista
1376 2793 1664 2850 declaravit
1693 2815 1706 2851 :
1734 2796 1803 2852 Et
1829 2811 2039 2854 sanatus
2062 2811 2135 2854 est

551 2895 678 2947 puer
702 2880 756 2934 in
799 2881 892 2936 illa
938 2883 1064 2937 hora
1092 2899 1111 2938 :
1139 2885 1280 2956 quod
1309 2886 1470 2941 etiam
1513 2887 1582 2942 de
1625 2889 1839 2959 leproso
1879 2893 2087 2948 dicebat
2115 2936 2130 2960 ,

547 2968 825 3040 Confestim
854 2976 1125 3028 mundatus
1167 2986 1260 3033 est.
1309 2976 1424 3032 Non
1469 2979 1612 3034 enim
1643 2982 1879 3037 curando
1916 2985 2087 3039 solum
2117 3027 2133 3051 ,

545 3060 644 3116 sed
670 3063 831 3118 etiam
873 3064 926 3120 id
955 3066 1319 3137 inexspectato
1364 3071 1524 3126 modo
1565 3082 1619 3128 et
1665 3074 1718 3128 in
1760 3088 2033 3132 momento
2061 3079 2136 3133 la-

547 3152 762 3220 cieudo,
793 3156 1083 3224 potentiam
1110 3158 1447 3215 ostendebat.
1481 3161 1662 3234 Neque
1690 3165 1793 3220 hoc
1822 3166 1983 3222 modo
2014 3178 2135 3222 tan-

550 3250 660 3298 tum
685 3243 838 3314 juvat
876 3245 1127 3318 utilisque
1155 3259 1276 3315 est,
1322 3250 1417 3306 sed
1457 3253 1600 3323 quod
1626 3255 1787 3310 etiam
1830 3257 2137 3328 frequenter

547 3332 673 3392 dum
703 3335 959 3394 miracula
1002 3347 1204 3406 pati-at,
1231 3340 1300 3395 de
1327 3356 1490 3412 regno
1516 3357 1822 3400 sermonem
1853 3350 2056 3417 aperiat
2084 3359 2140 3405 et

548 3444 736 3484 omnes
770 3430 837 3484 ad
866 3427 992 3487 illud
1021 3432 1273 3488 attrahat.
1306 3433 1514 3490 Etenim
1543 3449 1662 3489 cum
1690 3453 1750 3493 se
1788 3438 2002 3496 Judaaos
2025 3442 2138 3512 eje-

550 3529 757 3575 cturum
781 3523 1102 3590 minabatur,
1135 3543 1240 3582 non
1265 3538 1322 3582 ut
1348 3530 1566 3599 ejiceret
1594 3529 1928 3597 minabatur;
1957 3535 2048 3587 sed
2083 3544 2139 3589 ut

551 3623 698 3668 metu
739 3615 862 3671 illos
908 3617 960 3670 in
1013 3633 1235 3688 regnum
1287 3636 1386 3690 per
1435 3623 1594 3677 verba
1640 3639 1733 3677 sua
1781 3625 2134 3695 pertraheret.

551 3706 705 3774 Quod
729 3709 774 3762 si
803 3709 932 3763 nihil
961 3710 1086 3767 hinc
1115 3713 1246 3766 lucri
1276 3713 1520 3769 fecerunt
1539 3757 1554 3781 ,
1587 3717 1636 3770 id
1671 3718 1903 3786 ipsorqu
1930 3721 2136 3775 Crimen

553 3807 668 3877 est,
713 3801 1058 3870 omniumque
1100 3803 1191 3872 qui
1244 3805 1358 3873 pari
1407 3807 1594 3863 morbo
1645 3808 1972 3864 laborarunt.
2021 3811 2137 3866 Non

553 3892 694 3946 enim
717 3888 916 3948 Judaeis
933 3895 1102 3948 solum
1127 3895 1179 3949 id
1201 3896 1415 3966 accidit,
1441 3900 1534 3954 sed
1563 3901 1746 3955 multis
1766 3904 1925 3957 etiam
1951 3919 2135 3958 eorum

553 3985 642 4055 qui
681 3986 1044 4042 crediderunt.
1091 3988 1223 4043 Nam
1251 3989 1416 4045 Judas
1460 3990 1602 4048 ﬁlius
1628 3995 1779 4064 regni
1811 4004 1926 4050 erat
1954 4005 2008 4050 et
2044 4011 2141 4051 au-

553 4077 686 4131 divit
729 4093 850 4132 cum
882 4079 1178 4149 discipulis,
1209 4080 1461 4136 Sedebitis
1503 4099 1656 4153 super
1695 4088 1838 4140 sedes
1874 4088 2139 4142 duodecim

553 4169 788 4238 (Matth.
840 4171 929 4226 19.
983 4171 1112 4243 28);
1163 4173 1258 4228 sed
1301 4173 1470 4230 lactus
1511 4187 1594 4231 est
1645 4178 1902 4247 gehenna
1959 4181 2134 4248 ﬁlius;

554 4261 808 4334 Ethiops
836 4273 1012 4318 autem
1042 4265 1149 4328 ille,
1179 4264 1437 4320 barbarus
1460 4282 1582 4322 cum
1613 4278 1791 4336 esset,
1822 4286 1888 4325 ex
1915 4288 2138 4328 numero

554 4368 740 4407 eorum
785 4354 874 4423 qui
911 4355 981 4408 ab
1027 4356 1233 4410 oriente
1260 4364 1317 4410 et
1345 4358 1624 4413 occidente
1666 4369 1968 4427 venerunt,
2014 4377 2136 4418 cum

559 4442 862 4510 Abraham,
904 4443 1052 4498 Isaac
1102 4453 1159 4498 et
1199 4443 1366 4501 Jacob
1411 4462 1611 4502 corona
1653 4448 1956 4505 donabitur.
1988 4450 2043 4506 ld
2083 4462 2141 4508 et

557 4549 699 4589 nunc
724 4537 914 4604 agitur.
949 4535 1102 4590 Multi
1121 4537 1283 4603 enim,
1315 4538 1504 4608 inquit,
1536 4550 1684 4594 erunt
1708 4542 1858 4611 primi
1882 4544 2140 4598 novissimi

556 4634 604 4677 et
625 4627 880 4679 novissimi
923 4627 1073 4697 primi
1101 4627 1263 4698 (Ibid.
1295 4644 1343 4682 υ.
1375 4630 1485 4699 50).
1534 4629 1646 4686 Hoc
1690 4641 1868 4687 autem
1903 4633 2135 4701 dicebat,

557 4731 618 4772 ut
646 4733 817 4787 neque
845 4718 896 4772 hi
943 4721 1211 4789 negligant
1235 4761 1250 4784 ,
1280 4735 1343 4775 ac
1372 4721 1418 4775 si
1445 4737 1550 4776 non
1579 4723 1783 4789 possint
1811 4726 2008 4791 redire,
2046 4742 2140 4782 ne-

555 4826 660 4880 que
688 4810 762 4864 illi
791 4810 941 4880 quasi
983 4818 1186 4865 stantes
1215 4812 1507 4868 conﬁdant.
1554 4813 1666 4868 Hoc
1709 4825 1761 4869 et
1799 4815 2032 4871 Joannes
2069 4817 2139 4873 ab

557 4901 782 4956 exordio
820 4901 1206 4970 praenuntiabat
1227 4902 1450 4958 dicens:
1490 4903 1669 4959 Potest
1707 4905 1839 4961 Deus
1865 4923 1928 4961 ea:
1951 4907 2139 4978 lapidi-

558 4993 650 5048 bus
693 4993 772 5047 Itis
813 4993 1055 5047 suscitare
1098 4993 1230 5061 ﬁlios
1279 4995 1498 5050 Abraha:
1548 4996 1726 5068 (Ibid.
1777 4999 1831 5053 5.
1864 4998 1960 5071 9).
2004 5001 2138 5068 Quia

559 5085 703 5139 enim
732 5083 834 5138 hoc
855 5093 1170 5139 eventurum
1196 5095 1332 5153 erat,
1364 5086 1452 5142 diu
1483 5098 1608 5144 ante
1637 5093 2048 5160 praenuntiatur,
2081 5103 2140 5149 ut

560 5191 720 5232 nemo
748 5175 816 5231 de
835 5176 913 5230 rei
937 5177 1217 5231 insolentia
1245 5179 1565 5236 turbaretur.
1593 5181 1785 5236 Verum
1814 5183 1924 5248 ille,
1953 5191 2138 5257 utpote

561 5267 744 5336 homo,
791 5268 1083 5324 secundum
1123 5278 1337 5337 captum
1419 5284 1579 5325 suum
1667 5272 1782 5328 haec
1868 5277 2135 5348 dicebat;

555 5352 814 5409 Christus
841 5360 1045 5416 autem,
1086 5366 1199 5405 rem
1231 5360 1287 5404 ut
1327 5351 1629 5406 certissime
1662 5351 1910 5426 loturam
1951 5354 2132 5422 Operi-

557 5445 662 5501 bus
681 5453 738 5502 et
762 5444 1027 5515 exemplis
1065 5442 1409 5500 conﬁrmavit
1432 5443 1530 5512 (a).

631 5608 704 5670 (a)
728 5607 896 5658 Graece
939 5607 1168 5658 ediderat
1191 5607 1358 5658 lllontl'.
1391 5624 1403 5658 ε
1440 5608 1567 5659 Ἀλλ’
1592 5608 1769 5666 ἐκεῖνος

566 5666 765 5734 χὸιζιεᾷογ
799 5670 914 5716 αὐτὸ
934 5672 1087 5734 λέγειῇ
1111 5672 1352 5734 ἄνθρωπος
1372 5673 1460 5733 γὰρ
1480 5671 1554 5734 ἦν·
1578 5673 1604 5718 6
1625 5666 1911 5734 ίδὲγΧριὰτὸς
1932 5673 1997 5727 ὡς
2019 5671 2134 5734 arriv—

564 5743 659 5783 τως
681 5729 925 5793 ἐσόμενον,
945 5729 1031 5792 τήν
1071 5733 1164 5782 ἀπὸ
1198 5729 1302 5780 ’τῶν
1334 5729 1481 5796 enm
1502 5729 2010 5797 arro't'ietiw'napéxwv.
2030 5731 2136 5782 Hoc

1814 5609 1901 5672 μὲν
1925 5610 1991 5665 ὡς
2013 5608 2137 5656 ἐνδε-

1295 272 1352 330 S.
1387 269 1666 330 JOANNIS
1698 275 2172 332 CHRYSOSTOMI
2210 278 2523 340 AﬂCl'llEP.
2563 285 3099 349 CONSTANTINOP.

3712 313 3806 368 5-H)

2321 400 2669 468 Prwsumptio
2684 406 2923 462 vitanda.
2945 411 3141 466 Contra
3158 414 3640 478 Manicheam—Ne
3659 425 3809 497 igitur

2247 491 2500 562 ﬁdamus,
2524 501 2626 556 etsi
2665 511 2893 567 stemus.
2929 510 3023 562 sed
3053 508 3210 564 nobis
3242 511 3374 580 ipsis
3404 513 3646 571 dicamus
3673 491 3703 570 τ*
3716 519 3808 584 Qui

2247 587 2452 641 videtur
2461 599 2619 658 stare,
2639 595 2816 648 uideat
2831 613 2893 650 ne
2907 601 3063 652 cadat
3077 601 3122 671 (l
3139 641 3152 653 .
3171 601 3288 656 Cor.
3311 604 3394 658 10.
3419 606 3530 674 12).
3546 607 3622 662 Ne
3637 610 3810 681 ἀθερίξ-

2248 689 2452 745 remus,
2482 681 2572 749 qui
2606 688 2864 752 prostrati
2897 688 3172 758 jacemus,
3205 693 3304 748 sed
3333 695 3576 753 dicamus
3605 719 3616 753 :
3650 701 3808 756 Num-

2247 768 2373 854 quid
2392 771 2482 839 qui
2504 774 2664 836 cadit,
2698 791 2803 830 non
2831 782 3094 850 resurget?
3119 781 3243 851 (Jer.
3263 784 3402 854 8.4).
3435 788 3642 843 Etenim
3666 795 3806 848 multi

2243 853 2332 921 qui
2363 855 2429 910 ad
2456 857 2629 924 ipsum
2653 859 2772 915 caeli
2803 863 3057 918 verticem
3084 853 3444 922 ascenderant
3468 909 3484 934 ,
3512 869 3601 940 qui
3628 872 3816 940 patien-

2244 947 2372 1000 tiam
2402 964 2646 1019 magnam
2675 953 3030 1011 exbibuerant
3051 999 3065 1024 ,
3097 958 3368 1014 desertum
3399 975 3779 1032 occupaverant
3799 1009 3812 1027 ,

2243 1039 2520 1094 mulierem
2553 1058 2621 1097 ne
2662 1047 2713 1098 in
2741 1047 2945 1103 somnis
2983 1049 3200 1118 quidem
3229 1051 3473 1108 viderant
3495 1095 3508 1119 ,
3555 1070 3622 1110 ex
3666 1073 3814 1127 parva

2243 1131 2565 1200 negligentia
2604 1137 2926 1206 supplantati
2974 1149 3115 1204 sunt,
3163 1154 3216 1197 et
3253 1143 3305 1196 in
3347 1145 3518 1212 ipsum
3570 1149 3808 1216 nequitiae

2243 1222 2550 1281 barathrum
2582 1227 2806 1297 dejecti;
2853 1233 2942 1287 alii
2975 1243 3161 1289 contra
3187 1253 3255 1290 ex
3280 1238 3470 1293 eodem
3498 1239 3742 1297 barathro
3768 1245 3814 1297 in

2243 1316 2431 1370 caelum
2475 1321 2874 1387 ascenderunt,
2901 1333 3060 1395 atque
3102 1341 3133 1381 a
3172 1342 3334 1383 scena
3360 1339 3415 1385 et
3445 1333 3718 1389 orchestra
3755 1337 3813 1388 ad

2242 1409 2534 1479 angelicam
2565 1413 2728 1469 vitam
2773 1419 3018 1473 conversi
3055 1429 3209 1486 sunt;
3244 1431 3552 1494 tantamque
3579 1426 3815 1483 virtutem

2241 1500 2600 1559 exhibuerunt
2623 1547 2636 1562 .
2671 1515 2729 1560 ut
2764 1508 3041 1564 daemonas
3080 1512 3377 1581 pellerent,
3408 1517 3682 1586 multaque
3723 1520 3813 1572 alia

2240 1591 2433 1646 similia
2464 1595 2613 1664 signa
2645 1596 2886 1654 ederent.
2917 1600 3012 1655 llis
3037 1604 3296 1671 exemplis
3325 1605 3497 1673 plena:
3527 1618 3651 1662 sunt
3677 1609 3814 1664 Scri-

2241 1693 2432 1752 pturae,
2462 1685 2618 1755 plena
2650 1689 2925 1746 hominum
2954 1693 3083 1748 vita.
3114 1693 3232 1748 Jam
3259 1694 3531 1752 foruicarii
3559 1709 3613 1752 et
3641 1700 3816 1754 molles

2239 1776 2652 1835 Manichaeorum
2691 1798 2785 1838 ora
2813 1787 3197 1855 comprimunt,
3239 1789 3331 1858 qui
3359 1789 3544 1844 dicunt
3572 1791 3815 1846 malitiam

2241 1885 2362 1924 esse
2389 1872 2664 1928 immotam
2694 1915 2710 1941 ,
2758 1875 2955 1932 diaboli
2997 1895 3111 1934 rem
3138 1891 3356 1951 agentes
3376 1924 3390 1948 ,
3441 1895 3494 1937 et
3523 1900 3706 1939 eorum
3735 1889 3815 1955 qui

2238 1964 2425 2017 virtuti
2453 1980 2670 2033 operam
2701 1967 2830 2023 dare
2855 1970 3056 2026 vellent
3081 1987 3271 2028 manus
3309 1974 3667 2031 dissolventes
3693 2019 3705 2040 ,
3749 1980 3818 2032 vi-

2243 2065 2456 2126 tamque
2478 2072 2695 2114 omnem
2721 2070 3042 2118 evertentes.
3072 2063 3203 2118 Nam
3235 2067 3322 2134 qui
3353 2066 3466 2121 haec
3502 2069 3819 2137 persuadere

2239 2161 2537 2216 conantur,
2568 2168 2674 2207 non
2715 2153 2890 2209 futura
2921 2167 3122 2211 tantum
3151 2160 3527 2227 pessumdant;
3562 2163 3656 2216 sed
3687 2179 3820 2228 praw

2238 2243 2410 2298 sentia
2435 2259 2647 2316 quoque
2671 2263 2767 2315 pro
2787 2248 2922 2303 virili
2953 2264 3044 2305 sus
3080 2251 3254 2322 deque
3285 2263 3520 2308 vertunt.
3551 2255 3818 2321 Quomodo

2240 2333 2384 2389 enim
2427 2335 2479 2390 in
2524 2337 2761 2407 nequitia
2808 2339 2992 2395 vivens
3037 2343 3340 2411 quispiam,
3383 2346 3567 2399 virtuti
3609 2361 3816 2415 operam

2239 2425 2371 2482 dare
2412 2428 2658 2496 studeat,
2705 2430 2749 2482 si
2792 2445 2853 2486 se
2892 2431 2959 2486 ad
3005 2432 3151 2488 illam
3197 2445 3471 2491 revertere
3516 2453 3624 2492 non
3673 2453 3818 2507 posse

2241 2527 2406 2588 putet,
2437 2521 2482 2574 si
2513 2535 2620 2574 non
2646 2521 2830 2577 credat
2857 2537 2917 2577 se
2946 2524 3007 2578 in
3037 2525 3228 2579 melius
3254 2541 3410 2594 posse
3434 2529 3672 2582 mutari?
3695 2529 3816 2583 Nam

2239 2611 2283 2664 si
2311 2627 2472 2676 nunc,
2505 2612 2770 2668 stantibus
2800 2615 3026 2685 legibus,
3059 2616 3273 2674 indictis
3300 2621 3598 2689 suppliciis,
3634 2639 3818 2693 propo-

2239 2705 2338 2758 sita
2365 2705 2532 2775 gloria
2555 2747 2570 2770 ,
2615 2721 2734 2774 quae
2765 2707 2962 2763 multos
2990 2713 3225 2765 excitare
3268 2713 3471 2780 possit;
3497 2730 3623 2768 cum
3651 2724 3704 2769 et
3729 2731 3817 2784 ge-

2241 2796 2417 2852 henna
2448 2809 2807 2868 exSpectetur,
2841 2809 2896 2855 et
2919 2817 3140 2872 regnum
3173 2804 3511 2872 promittatur
3535 2848 3552 2870 ,
3579 2821 3700 2861 cum
3727 2809 3821 2860 int-

2241 2891 2391 2959 prohi
2420 2890 2703 2957 dedecore,
2756 2893 2880 2947 boni
2920 2894 3164 2950 laudibus
3206 2897 3529 2958 afﬁciantur.
3583 2901 3671 2953 vix
3711 2900 3820 2969 qui-

2241 2983 2383 3052 piam
2416 2984 2581 3038 velint
2607 2985 2818 3039 virtutis
2843 2987 3068 3043 sudores
3087 2987 3235 3044 adire
3259 3007 3275 3044 :
3303 2991 3386 3046 his
3423 2992 3673 3059 sublatis,
3701 2993 3820 3065 quid

2241 3075 2494 3144 impediet
2518 3076 2804 3147 quominus
2829 3080 3007 3133 omnia
3039 3095 3254 3149 pessum
3275 3083 3439 3137 eant?

2311 3168 2364 3222 6.
2407 3165 2535 3223 Cum
2563 3169 2756 3239 ﬁducia
2801 3179 2847 3224 et
2878 3173 3056 3228 timore
3097 3191 3187 3243 per
3213 3188 3484 3246 angustam
3525 3179 3661 3232 viam
3687 3180 3819 3234 incc-

2241 3257 2480 3314 dendum.
2498 3261 2746 3332 Exemplo
2769 3261 2978 3318 Dauidis
3005 3265 3342 3336 vigilantiam,
3371 3268 3618 3335 ﬁduciam
3645 3280 3692 3324 et
3719 3287 3818 3339 pa:-

2241 3353 2504 3408 uitentiam
2528 3354 3121 3412 docemur.—Videntes
3150 3362 3329 3428 itaque
3357 3358 3605 3416 fraudem
3644 3363 3820 3433 nequi-

2242 3447 2476 3516 tiamq-ue
2513 3446 2830 3502 diabolicam
2856 3489 2872 3514 ,
2915 3449 3168 3519 ipsosque
3207 3466 3416 3506 necnon
3461 3468 3558 3508 eos
3602 3456 3692 3524 qui
3735 3454 3818 3508 fati

2244 3538 2388 3606 leges
2417 3546 2654 3594 statuere
2680 3548 2946 3609 satagunt,
2978 3540 3203 3596 adversa
3232 3543 3453 3608 sentire,
3481 3555 3539 3599 et
3563 3549 3818 3600 contraria

2243 3627 2637 3696 legislatoribus
2656 3638 3023 3697 externorum,
3046 3631 3212 3686 et'Dei
3231 3633 3252 3663 ί
3268 3635 3523 3700 oraculis,
3549 3645 3606 3690 et
3627 3647 3821 3690 natura:

2241 3718 2560 3784 ratiociniis,
2601 3729 2658 3775 et
2683 3722 2954 3776 communi
2987 3722 3222 3777 omnium
3253 3725 3489 3794 Opinioni
3513 3767 3530 3792 ,
3568 3727 3818 3792 barbaris,

2240 3821 2296 3867 et
2321 3811 2554 3884 Scythis,
2585 3821 2638 3866 et
2664 3811 2981 3878 Thracibus,
3007 3805 3331 3884 demumque
3357 3817 3571 3872 caeteris
3599 3819 3820 3871 homini.

2244 3909 2363 3974 bus,
2391 3910 2692 3979 vigilemus,
2721 3907 2901 3965 dilecti
2932 3951 2948 3977 ,
2993 3918 3154 3979 atque
3185 3910 3287 3964 illis
3329 3911 3584 3966 omnibus
3608 3914 3722 3967 vale
3740 3913 3818 3966 di-

2240 4013 2456 4068 centes,
2501 4001 2808 4058 incedamus
2850 4018 2948 4072 per
2973 4011 3250 4072 angustam
3297 4004 3437 4059 viam
3475 4020 3602 4060 cum
3643 4005 3820 4061 ﬁducia

2241 4103 2298 4150 et
2324 4095 2547 4160 timore;
2575 4109 2699 4150 cum
2745 4097 2934 4150 timore
2959 4096 3192 4166 quidem,
3223 4097 3294 4152 ob
3332 4098 3626 4168 praecipitia
3657 4099 3821 4153 utriu-

2242 4203 2346 4258 que
2371 4189 2578 4258 posita;
2607 4203 2728 4242 cum
2758 4188 2946 4244 fiducia
2975 4205 3103 4244 vero
3123 4230 3139 4256 ,
3169 4191 3238 4246 ob
3261 4190 3453 4246 ducem
3485 4193 3588 4248 via:
3623 4192 3818 4248 Jesum.

2241 4278 2349 4335 lter
2377 4293 2597 4351 agamus
2638 4280 2804 4336 sobrii
2833 4296 2896 4337 ac
2932 4282 3138 4352 vigiles.
3175 4283 3310 4337 Nam
3340 4283 3384 4338 si
3426 4283 3512 4338 vel
3559 4285 3819 4354 paululum

2242 4374 2360 4442 quis
2388 4372 2675 4441 dormitet,
2730 4375 2907 4429 statim
2934 4391 2994 4430 se
3025 4373 3347 4445 przecipitcht
3388 4375 3498 4430 dat.
3528 4377 3648 4433 Non
3687 4377 3819 4432 enim

2241 4477 2428 4518 sumus
2460 4463 2806 4534 perfectiores
2836 4465 3053 4531 Davide,
3094 4466 3185 4535 qui
3210 4482 3278 4521 ex
3303 4482 3462 4536 parva
3505 4470 3818 4540 negligentia

2243 4554 2297 4609 in
2329 4556 2530 4625 peccati
2560 4555 2869 4610 barathrum
2901 4557 3003 4611 ruit
3029 4599 3046 4624 ,
3088 4557 3182 4612 sed
3215 4560 3393 4613 statim
3444 4563 3701 4618 surrexit.
3745 4560 3819 4616 Ne

2241 4661 2370 4716 ergo
2395 4655 2703 4716 peccantem
2729 4647 2903 4702 solum
2932 4648 3206 4717 respicias,
3235 4649 3330 4704 sed
3356 4650 3516 4704 etiam
3553 4659 3816 4721 peccatqu

2241 4737 2568 4794 abluentem.
2594 4738 2711 4793 Non
2750 4739 2894 4794 enim
2925 4740 3046 4795 ideo
3072 4749 3276 4796 tantum
3303 4743 3419 4798 haec
3446 4743 3670 4800 historia
3689 4745 3819 4800 scri-

2241 4837 2332 4896 pta
2359 4838 2478 4894 est,
2513 4838 2572 4882 ut
2594 4829 2800 4898 lapsum
2831 4832 3104 4900 respicias,
3135 4832 3229 4888 sed
3258 4842 3316 4888 ut
3343 4845 3652 4904 surgentem
3678 4837 3823 4890 mire-

2242 4919 2318 4972 ris
2360 4935 2374 4972 :
2436 4927 2496 4972 ut
2535 4918 2711 4974 discas
2769 4929 2890 4989 post
2929 4920 3176 4990 lapsum,
3223 4925 3496 4993 quomodo
3544 4941 3816 4996 resurgere

2241 5020 2504 5082 oporteat.
2557 5013 3014 5081 Quemadmodum
3055 5018 3197 5073 enim
3244 5018 3440 5074 medici
3481 5021 3818 5090 gravissimos

2242 5105 2461 5159 morbos
2505 5105 2558 5159 in
2602 5105 2795 5162 libellis
2841 5105 3190 5178 describunt,
3250 5119 3412 5180 atque
3453 5111 3529 5166 ita
3575 5111 3818 5167 medendi

2306 5219 2325 5250 ¹
2359 5217 2474 5278 Alii,
2497 5215 2693 5269 Christi.
3187 5224 3192 5229 ’

2233 5299 2414 5373 esblad
2440 5296 2662 5373 iitteram
2686 5315 2698 5349 :
2728 5300 2910 5373 ferum
2930 5298 3018 5373 ii_l_e
3038 5299 3129 5373 hoc
3164 5304 3393 5368 praedicit
3411 5313 3598 5358 tantum
3621 5317 3676 5360 ut
3695 5322 3780 5373 pos

2234 5354 2410 5444 :t‘iffi:
2427 5354 3188 5444 flammatae:Fauste,
3203 5354 3368 5444 «1-star;
3377 5354 3393 5430 ἐ
3413 5354 3793 5444 ii-

2232 5420 2648 5492 turum,operibus
2671 5421 2954 5492 (dictorum)
2991 5420 3405 5492 confirmationem
3431 5420 3800 5485 exhiberi—sv.qu-

2231 5479 2297 5527 de
2318 5479 2468 5558 patet;
2482 5479 2815 5558 interpretem
2847 5479 3108 5558 aberrasse
3142 5503 3252 5539 cum
3274 5479 3799 5558 ὴῖιέὗεξῖίᾷξὲἶρξᾷὀῖιξ·

2228 5555 2326 5618 χρν,
2348 5542 2566 5618 reddere
2597 5542 2809 5618 credidit
2833 5547 3115 5618 scribendo,
3139 5553 3401 5618 secundum
3422 5542 3626 5618 captum
3639 5542 3794 5617 alii},

2229 5598 2418 5688 ἒῐξῗηιὲ
2428 5603 2576 5688 9ΞῖἮέ
2585 5598 3400 5688 E’E‘Z?‘Mﬁ°21&e@5555};
3407 5598 3793 5688 τῖἑὲιὲῐξᾶἷξὲἷῆῖξ

2227 5668 2608 5778 ξὸιίἂθυὲξηὶυε
2633 5673 2728 5729 est,
2749 5668 2856 5722 erat
2873 5668 3000 5722 enim
3023 5668 3320 5737 premam
3335 5668 3419 5731 Cir
3441 5668 3788 5730 Itdnol'ﬁeldl

2483 5764 2493 5776 .
2541 5743 2661 5778 ‘DIT.

2224 5735 2287 5771 au
2314 5735 2493 5776 locum.
2523 5735 2661 5780 Eutr.
