4038 6364
397 338 495 393 541

395 455 512 517 πῶς
539 452 634 507 καὶ
659 453 860 522 ἀνέστη
890 453 1097 524 ταχέως
1138 453 1166 505 6
1194 453 1466 525 μακάριος
1494 457 1714 517 ἐκεῖνος.
1753 454 1848 517 Τίς
1863 451 1957 508 οὖν
1979 459 2076 526 τῆς

394 541 706 614 ἀρρωστίας
759 544 788 595 6
835 542 1035 614 τρόπος
1083 537 1186 612 ἦν;
1255 542 1568 612 Ἑμοίχευσε
1621 541 1714 594 καὶ⁵
1765 542 2072 609 ἐφόνευσεν.

394 629 529 681 Οὐδὲ
559 629 668 700 γὰρ
694 629 1108 698 ἐγκαλύπτομαι
1129 628 1356 700 λαμπρᾷ
1380 629 1552 682 ταῦτα
1585 627 1976 700 ἀνακηρύττων
2009 633 2075 700 τῇ

395 721 569 788 φωνῇ.
593 718 652 770 EE
673 716 783 786 γὰρ
807 717 868 769 16
888 717 1111 786 Πνεῦμα
1134 716 1196 768 τὸ
1216 716 1369 784 ἀγιον
1396 717 1495 768 οὑκ
1521 717 1768 785 ἐνόμισεν
1791 716 2073 786 αἰσχύνην,

395 806 599 876 ταύτην
649 805 925 858 ἀναθεῖναι
966 807 1146 858 πᾶσαν
1189 804 1287 874 τὴν
1342 803 1602 874 ἱστορίαν,
1645 803 1824 874 πολλῷ
1875 805 2076 874 μᾶλλον

395 894 514 947 οὑδέ
539 895 684 963 ἡμᾶς
702 892 1012 956 συσκιάζειν
1036 893 1160 963 χρή.
1185 891 1384 962 Διόπερ
1413 891 1473 944 οὑ
1515 891 1674 962 μόνον
1702 891 1842 944 αὑτά
1869 893 2076 963 ἀνακη-

399 979 597 1050 ρύττω,
618 979 753 1032 ἀλλὰ
775 980 868 1032 καὶ
895 979 1082 1050 ἕτερον
1106 978 1460 1050 προστίθημι.
1492 979 1602 1032 Καὶ
1624 979 1731 1049 γὰρ
1759 980 1873 1032 ὅσοι
1901 978 2074 1034 ταῦτα

397 1066 754 1138 κρύπτουσιν,
793 1060 939 1119 οὗτοι
967 1067 1204 1136 μάλιστα
1235 1067 1334 1136 τήν
1356 1066 1558 1137 ἀρετήν
1594 1065 1943 1130 συσκιάζουσι
1975 1068 2075 1138 τὴν

397 1155 606 1207 ἐκείνου
623 1170 637 1184 ·
661 1154 756 1207 καὶ
780 1153 970 1222 ὥσπερ
1005 1155 1053 1207 οί
1087 1153 1179 1207 τὸν
1203 1155 1440 1220 πόλεμον
1474 1152 1732 1221 σιγῶντες
1760 1153 1854 1207 τοῦ
1880 1155 2073 1208 Γολιάθ

397 1241 459 1293 οὑ
505 1241 716 1314 μικρῶν
764 1241 927 1294 αὑτὸν
972 1241 1334 1313 ἀποστεροῦσι
1378 1241 1678 1308 στεφάνων,
1728 1241 1870 1294 οὑτω
1898 1241 1993 1296 καὶ¹
2025 1243 2074 1295 οί

396 1332 603 1402 ταύτην
643 1332 1077 1403 παρατρέχοντες
1104 1331 1200 1402 τὴν
1234 1331 1494 1401 ἱστορίαν.
1523 1327 1670 1401 Ἀρα
1702 1332 1760 1384 οὑ
1791 1332 1938 1384 δοκεῖ
1971 1350 2076 1384 πα-

399 1419 620 1489 ράδοξον
642 1415 864 1472 εἶναιτὸ
901 1419 1232 1489 λεγόμενον;
1266 1419 1476 1472 Οὐκοῦν
1505 1419 1829 1488 ἀναμείνατε
1857 1420 2072 1490 μικρὸν,

383 1509 492 1559 -καὶ
527 1508 648 1560 τότε
680 1506 892 1559 εἴσεσθε
930 1507 1014 1558 ὅτι
1057 1506 1282 1571 δικαίως
1323 1506 1494 1560 ταῦτα
1523 1509 1653 1577 ημῖν
1699 1506 1932 1578 εἴρηται.
1977 1508 2076 1561 Διά

397 1595 506 1665 γάρ
529 1595 687 1648 τοῦτο
719 1594 867 1659 αὔξω
899 1593 960 1646 16
991 1594 1318 1665 ἁμάρτημα,
1347 1596 1442 1647 καὶ
1469 1595 1899 1666 παραδοξότερον
1938 1595 2074 1649 ποιῶ

396 1678 488 1736 16v
515 1685 693 1752 λόγον,
717 1679 808 1736 ’ἵνα
825 1686 889 1736 ἐκ
908 1683 1148 1746 πλείονος
1174 1682 1275 1753 τῆς
1305 1683 1349 1714 ⁸⁸
1371 1683 1690 1754 περιουσίας
1723 1683 1790 1737 τά
1807 1684 2074 1754 φάρμακα

389 1770 816 1824 κατασκευάσω.
863 1771 928 1822 Τί
963 1766 1056 1824 οὖν
1107 1772 1254 1823 ἐστιν
1291 1770 1319 1823 6
1356 1771 1727 1842 προστίθημι;
1784 1772 1894 1842 Τὴν
1931 1773 2073 1844 ,ἀρε-

397 1858 496 1926 τὴν
518 1858 561 1888 ⁶⁹
585 1856 680 1910 τοῦ
709 1856 900 1927 ἀνδρός
921 1873 934 1886 ·
963 1856 991 1909 ὃ
1011 1857 1198 1927 μεῖζον
1219 1858 1365 1909 ποιεῖ
1383 1838 1476 1910 καὶ
1498 1857 1560 1910 16
1584 1838 1948 1928 ἐγκλημαξυῦ
1965 1838 2074 1930 γὰρ

395 1944 596 2012 ὁμοίως
627 1947 804 1998 πάντα
823 1946 916 1996 ἐπὶ
936 1944 1154 1998 πάντων
1181 1945 1443 2016 κρίνεται·
1475 1947 1725 2000 Δυνιιτοί
1755 1947 1884 2017 γὰρ,
1918 1949 2072 2017 φησὶ,

383 2027 666 2096 δυνατῶς
695 2030 1165 2097 ἐτασθήσονται·
1195 2033 1308 2097 καὶ,
1352 2032 1415 2084 '0
1434 2033 1605 2098 εἰδὼς
1631 2032 1696 2086 τὸ
1715 2034 1942 2102 θέλημα
1961 2035 2074 2088 τοῦ

397 2120 608 2182 κυρίου
635 2120 842 2184 αὑτοῦ,
877 2121 977 2172 καὶ
1003 2119 1091 2190 μὴ
1131 2119 1316 2173 ποιῶν
1353 2121 1420 2184 ⁷⁰,
1457 2121 1783 2188 δαρήσεται
1815 2123 2071 2188 πολλάς.

399 2204 560 2257 Ὥστε
585 2207 617 2275 ἡ
647 2206 842 2260 πλείων
871 2207 1070 2276 γνῶσις
1095 2209 1336 2271 πλείονός
1362 2211 1478 2262 ἐστι
1499 2210 1771 2274 κολάσεως
1799 2211 2070 2275 ὑπόθεσις.

397 2292 494 2343 Διά
520 2292 580 2363 δὴ
611 2293 768 2346 τοῦτο
799 2296 828 2346 6
855 2295 1034 2364 ἱερεὺς
1065 2295 1132 2348 16
1159 2295 1298 2348 αὑτά
1331 2299 1442 2359 τοῖς
1474 2297 1794 2366 ἀρχομένοις
1822 2298 2074 2368 ἁμαρτά-

383 2394 524 2442 νων,
555 2380 614 2432 οὑ
650 2382 717 2434 16
764 2383 904 2434 αὑτά
947 2383 1212 2438 πείσεται.
1249 2383 1384 2436 ἀλλά
1415 2382 1594 2453 πολλῷ
1619 2386 1660 2415 ⁷¹
1699 2383 2071 2455 χαλεπώτερα.

401 2465 552 2536 Τάχα
591 2467 827 2538 ὁρῶντες
873 2471 973 2539 τὴν
1017 2473 1353 2541 κατηγορίαν
1397 2471 1790 2542 αὐξανομένην.
1843 2473 2076 2545 τρέμετε

397 2554 489 2607 καὶ
523 2556 818 2618 δεδοίκατε,
843 2558 938 2609 καὶ
955 2557 1263 2626 θαυμάζετέ
1291 2576 1355 2628 με
1379 2559 1454 2622 ώς
1479 2559 1617 2612 κατά
1645 2560 1906 2630 κρημνῶν
1929 2561 2078 2632 ἐρχό-

401 2659 582 2708 μενον.
627 2643 768 2695 Ἀλλ’
800 2643 911 2711 ἐγὼ
940 2643 1078 2697 οὕτω
1106 2645 1294 2716 θαρρῶ
1323 2646 1462 2715 ὑπὲρ
1486 2647 1579 2700 τοῦ
1607 2647 1837 2708 δικαίου,
1869 2649 1948 2701 ὅτι
1983 2650 2077 2703 καὶ

399 2729 710 2801 περαιτέρω
758 2731 1019 2803 πρόειμι·
1063 2733 1172 2804 ὅσῳ
1204 2733 1312 2804 γὰρ
1341 2734 1406 2787 ἀν
1445 2733 1594 2800 αὔξω
1623 2738 1667 2767 ⁷²
1702 2735 1763 2788 τὸ
1803 2737 2077 2808 ἔγκλημα,

397 2817 638 2888 τοσούτῳ
665 2819 862 2888 μᾶλλον
887 2818 1053 2884 δεῖξαι
1081 2820 1378 2891 δυνήσομαι
1399 2822 1458 2874 τὸ
1478 2822 1748 2892 ἐγκώμιον
1775 2823 1869 2876 τοῦ
1892 2825 2074 2878 Δαυῖδ.

401 2905 510 2958 Καὶ
529 2904 580 2957 τί
604 2905 808 2959 τούτων
826 2907 986 2960 πλέον
1008 2907 1142 2972 ἔστι,
1169 2910 1352 2978 φησὶν,
1386 2911 1592 2974 είπεῖν;
1626 2911 1774 2963 Πάνυ
1801 2928 1863 2980 γε
1895 2912 2074 2966 πλέον.

401 2987 612 3061 Ὥσπερ
642 2992 753 3062 γάρ
782 2993 873 3045 ἐπὶ
903 2993 996 3046 τοῦ
1033 2995 1169 3048 Κάῖν
1205 2995 1263 3048 οὑ
1300 2996 1456 3064 φόνος
1490 2997 1648 3066 μόνον
1690 2997 1752 3050 16
1789 2998 2078 3068 γενόμενον

397 3071 489 3146 ἦν,
525 3073 662 3131 ἀλλά
689 3078 784 3132 καὶ¹
819 3080 1029 3134 πολλῶν
1072 3081 1246 3149 φόνων
1281 3085 1460 3154 χεῖρον
1484 3101 1496 3114 ·
1545 3083 1609 3135 οὑ
1639 3083 1747 3153 γὰρ
1777 3083 2077 3155 ἀλλότριον,

401 3166 514 3218 ἀλλ’
533 3167 779 3236 ἀδελφὸν,
816 3169 910 3222 καὶ
935 3170 1159 3239 ἀδελφὸν
1185 3168 1235 3202 ⁷³
1263 3172 1363 3224 οὑκ
1383 3171 1703 3241 ἠδικηκότα,
1732 3171 1846 3224 ἀλλ’
1893 3173 2082 3244 ἠδικη-

404 3253 562 3324 μένον
593 3256 904 3325 ἐφόνευσεν,
941 3258 1002 3310 οὑ
1035 3257 1172 3328 μετὰ
1200 3258 1426 3321 πολλοὺς
1458 3259 1672 3326 φονέας,
1702 3259 1837 3314 ἀλλά
1865 3261 2083 3332 πρῶτος

399 3340 462 3394 16
491 3342 661 3411 μύσος
692 3343 866 3413 εὑρών
888 3359 902 3373 ·
939 3344 1082 3398 οὕτω
1119 3345 1182 3416 δὴ
1221 3347 1314 3399 καὶ
1345 3345 1578 3400 ἐνταῦθα
1615 3347 1676 3399 ού
1711 3349 1868 3416 φόνος
1896 3343 1964 3419 ἦν
1987 3349 2082 3418 μό-

399 3447 489 3482 νον
513 3431 574 3482 τὸ
604 3431 859 3503 τόλμημα
877 3448 892 3464 ·
932 3434 991 3486 οὑ
1023 3433 1131 3504 γάρ
1154 3434 1183 3485 6
1211 3433 1389 3504 τυχὼν
1416 3429 1483 3504 ἦν
1511 3433 1650 3505 ἀνὴρ
1679 3437 1708 3488 6
1741 3435 2077 3505 πεποιηκὼς,

399 3518 534 3572 ἀλλά
563 3515 848 3591 προφήτης
869 3535 882 3549 '
909 3522 1000 3575 καὶ
1037 3523 1099 3574 οὑ
1130 3522 1221 3574 τὸν
1250 3522 1570 3594 ἠδικηκότα,
1605 3522 1742 3576 ἀλλά
1765 3523 1856 3576 τὸν
1890 3524 2080 3595 ἠδικη-

403 3607 565 3677 μένον
597 3609 844 3681 ἀναιρεῖ·
887 3611 1123 3680 καὶγὰρ
1165 3611 1390 3682 ἠδίκητο
1437 3613 1494 3664 ἐν
1527 3613 1640 3675 τοῖς
1688 3613 1941 3683 καιρίοις,
1979 3614 2080 3684 τῆς

400 3696 657 3762 γυναικὸς
686 3697 1059 3768 ἁρπαγείσης·
1093 3697 1207 3752 ἀλλ’
1237 3699 1387 3767 ὅμως
1416 3699 1533 3767 μετ’
1571 3700 1750 3752 ἐκεῖνο
1790 3699 1883 3753 καὶ
1921 3699 2081 3755 τοῦτο

401 3785 763 3856 προσέθηκεν.
821 3787 1005 3840 Είδετε
1053 3787 1170 3852 πῶς
1216 3789 1316 3841 οὑκ
1357 3788 1662 3860 ἐφεισάμην
1689 3788 1784 3842 τοῦ
1829 3789 2078 3857 δικαίους

401 3871 519 3935 πῶς
577 3873 698 3926 οὐδὲ
749 3874 868 3944 μεθ’
901 3875 1200 3945 ὑποστολῆς
1239 3892 1384 3938 τινος
1435 3871 1588 3928 εἷπον
1633 3875 1716 3936 τά,
1751 3876 2081 3948 πεπλημμε-

399 3961 613 4030 λημένα
657 3961 841 4030 αὑτῷ;
891 3963 1028 4016 Ἀλλ’
1072 3965 1219 4030 ὅμως
1249 3963 1421 4027 οὕτως
1472 3965 1611 4035 ὑπὲρ
1654 3965 1754 4035 τῆς
1785 3965 2081 4034 ἀπολογίας

403 4047 613 4120 θαρρῶ,
637 4050 718 4102 ὅτι
754 4049 893 4120 μετά
916 4051 1169 4105 τοσοῦτον
1193 4055 1356 4120 ὅγκον
1378 4052 1472 4106 τοῦ
1505 4054 1899 4124 ἁμαρτήματος
1928 4054 2082 4108 ἐϐου-

399 4135 576 4208 λόμην
607 4141 860 4209 παρεῖναι
920 4141 1013 4193 καὶ
1061 4141 1394 4211 Μανιχαίους
1442 4141 1566 4204 τοὺς
1615 4141 1852 4211 μάλιστα
1909 4141 2080 4197 ταῦτα

401 4225 820 4296 κωμῳδοῦντας,
851 4229 945 4281 καὶ
972 4229 1097 4292 τοὺς
1125 4228 1193 4281 16
1217 4229 1542 4298 Μαρκίωνος
1558 4228 1869 4292 νοσοῦντας,
1901 4231 1991 4283 ἴνα
2014 4233 2080 4284 ἐκ

401 4314 722 4384 περιουσίας
749 4316 931 4369 αὑτῶν
965 4315 1229 4391 ἐμφράξω
1253 4316 1320 4369 τά
1353 4317 1616 4386 στόματα.
1654 4315 1805 4388 [525]
1854 4319 2076 4370 Ἐκεῖνοι

405 4399 504 4468 μὲν
537 4400 645 4471 γάρ
671 4402 941 4469 λέγουσιν,
968 4403 1048 4456 ὅτι
1075 4403 1330 4470 ἐφόνευσε
1358 4403 1449 4456 καὶ
1495 4405 1841 4474 ἐμοίχευσεν·
1887 4402 1998 4473 ἐγὼ
2022 4405 2078 4457 δέ

400 4489 462 4540 οὑ
491 4489 648 4542 τοῦτο
687 4489 828 4558 λέγω
864 4491 1045 4562 μόνον,
1079 4491 1215 4544 ἀλλά
1265 4492 1358 4544 καὶ
1399 4491 1619 4544 διπλοῦν
1659 4491 1750 4544 τόν
1783 4493 1940 4561 φόνον
1975 4494 2080 4547 άπ-

401 4575 593 4644 έφηνα,
629 4578 737 4632 ἀπό
755 4597 814 4630 τε
847 4578 942 4633 τοῦ
964 4579 1315 4650 ἠδικημένου,
1343 4581 1450 4633 ἀπό
1470 4597 1526 4633 τε
1553 4581 1650 4652 τῆς
1679 4583 1961 4654 ποιότητος
1985 4583 2080 4638 τοῦ

405 4661 698 4734 προσώπου
722 4665 817 4717 τοῦ
849 4665 1402 4738 πεπλημμεληκότος.

473 4750 537 4814 ζ’.
591 4753 664 4804 υὺ
718 4753 828 4823 γάρ
869 4753 1017 4806 ἐστιν
1071 4753 1184 4806 ἴσον
1244 4753 1559 4824 Πνεύματος
1609 4753 1926 4822 ἀξιωθέντα,
1987 4757 2081 4808 καὶ

401 4839 636 4893 τοσαῦτα
660 4839 1106 4910 εὐεργετηθέντα,
1134 4842 1228 4894 καὶ
1261 4841 1593 4912 τηλικαύτην
1635 4844 1906 4914 ἐσχηκότα
1939 4845 2082 4916 παῤ-

405 4925 619 4996 ῥησίαν,
652 4926 744 4978 καὶ
781 4926 841 4979 ἐν
860 4925 1047 4998 ἡλικία
1070 4927 1294 4999 τοιαύτῃ
1317 4928 1544 4982 τοιαῦτα
1579 4929 1806 5000 τολμᾷν,
1834 4932 1928 4984 καὶ
1954 4931 2079 4985 τού-

401 5032 512 5067 των
543 5015 759 5068 πάντων
787 5015 959 5088 χωρὶς
978 5015 1038 5068 16
1064 5016 1196 5069 αὑτὸ
1221 5017 1379 5070 τοῦτο
1405 5021 1600 5074 ποιεῖν.
1648 5018 1789 5070 Ἀλλ’
1809 5019 1958 5090 ὅμως
1987 5020 2080 5073 καὶ

402 5103 574 5176 ταύτῃ
598 5103 832 5173 μάλιστα
855 5103 1166 5174 θαυμαστός
1192 5105 1339 5158 ἐστιν
1366 5105 1395 5157 6
1417 5107 1664 5172 γενναῖος
1689 5108 1896 5169 ἐκεῖνος
1918 5108 2078 5179 ἀνὴρ,

402 5191 484 5242 ὅτι
512 5191 590 5252 είς
618 5190 780 5243 αὑτὸν
807 5190 898 5244 τὸν
937 5191 1192 5262 πυθμένα
1223 5192 1325 5262 τῆς
1367 5193 1567 5254 κακίας
1607 5192 1956 5255 καταπεσὼν,
1979 5195 2081 5248 οὑκ

403 5278 684 5344 ἀνέπεσεν,
734 5278 856 5332 οὑδέ
913 5279 1156 5348 ἀπέγνω,
1208 5280 1329 5332 ούδέ
1361 5280 1585 5353 ἔρριψεν
1630 5281 1822 5336 ἐαυτὸν
1869 5282 2078 5348 ὕπτιον,

1281 334 1339 389 S.
1379 333 1663 390 JOANNIS
1700 333 2190 391 CHRYSOSTOMI
2224 333 2548 390 ARCHIEP.
2588 333 3138 391 CONSTANTINOP.

3737 330 3836 395 διε

2177 452 2324 507 οὕτω
2353 451 2504 524 παρὰ
2532 451 2624 505 τοῦ
2658 453 2904 506 διαϐόλου
2953 454 3174 525 καιρίαν
3217 452 3396 508 λαϐὼν
3433 453 3666 523 πληγὴν,
3711 455 3840 508 ἀλλά

2176 540 2404 612 ταχέως,
2431 540 2630 610 μᾶλλον
2658 540 2714 593 δὲ
2742 541 2961 605 εὐθέως,
2995 542 3087 593 καὶ
3109 541 3246 611 μετά
3274 542 3473 613 πολλῆς
3499 541 3601 610 τῆς
3627 543 3839 611 σφοδρά⁴

2175 647 2338 701 τητος
2373 629 2738 698 καιριωτέραν
2779 629 2977 681 ἔδωκεν
3024 629 3057 700 ἢ
3093 629 3250 682 ἔλαϐε
3289 630 3387 701 τὴν
3440 629 3672 700 πληγήν.
3737 631 3837 684 Καὶ

2174 714 2369 767 ταύτὸν
2394 717 2637 783 γέγονεν,
2668 711 2778 770 οἷον
2803 715 2866 769 ἂν
2892 719 2940 768 εἰ
2963 718 3020 770 ἐν
3049 717 3271 788 πολέμῳ
3292 719 3382 769 καὶ
3399 717 3699 788 παρατάξει
3722 717 3840 786 βαρ-

2177 799 2344 870 ϐάρου
2376 801 2517 864 τινὸς
2550 804 2629 864 είς
2665 802 2933 873 ἀριστέως
2975 803 3200 874 καρδίαν
3243 803 3586 873 ἐμπήξαντος
3618 803 3766 873 δόρυ,
3805 803 3840 873 ἢ

2178 888 2318 940 κατά
2345 887 2439 941 τοῦ
2477 889 2688 959 ἥπατος
2717 889 2946 958 ἀφέντος
2996 889 3170 960 βέλος,
3205 891 3298 943 καὶ
3337 889 3588 960 δεύτερον
3612 888 3690 959 τῷ
3713 906 3840 960 προ-

2177 976 2322 1048 τέρῳ
2347 977 2567 1050 τραῦμα
2591 977 2918 1048 προσθέντος
2947 979 2994 1010 ⁷⁸
3021 979 3234 1032 ἐκείνου
3263 978 3641 1049 καιριώτερον,
3666 976 3844 1030 πεσὼν

2176 1067 2271 1118 καὶ
2297 1065 2491 1136 αἵματι
2510 1066 2687 1138 πολλῷ
2712 1084 2778 1120 πε
2787 1067 3138 1138 ριρῤεόμενος
3163 1066 3425 1122 πάντοθεν
3447 1067 3476 1118 6
3496 1065 3594 1129 16;
3608 1064 3843 1135 χαλεπὰς

2175 1153 2380 1216 ταύτας
2408 1152 2590 1206 λαϐὼν
2631 1153 2866 1224 πληγὰς,
2896 1155 2989 1207 καὶ
3031 1156 3297 1225 ἀνασταίη
3340 1153 3569 1224 ταχέως,
3599 1154 3692 1206 καὶ
3721 1153 3844 1224 δόρυ

2177 1243 2320 1294 κατά
2346 1241 2438 1294 τοῦ
2468 1240 2819 1305 τοξεύσαντος
2845 1242 3002 1311 ἀφεὶς
3027 1241 3222 1313 νεκρὸν
3270 1243 3362 1295 ἐπὶ
3393 1241 3487 1294 τοῦ
3524 1240 3706 1293 πεδίου
3741 1241 3844 1292 δεί-

2178 1325 2319 1388 ξειεν
2363 1327 2585 1390 εὑθέως.
2643 1325 2799 1380 Οὕτω
2838 1328 2902 1398 δὴ
2955 1329 3048 1381 καὶ
3098 1328 3352 1390 ἐνταῦθα,
3387 1329 3497 1398 ὅσῳ
3529 1327 3594 1381 ἂν
3625 1327 3841 1397 μείζονα

2175 1414 2335 1488 εἴπῃς
2378 1414 2477 1486 τήν
2523 1414 2757 1485 πληγὴν,
2804 1415 3045 1486 τοσούτῳ
3088 1415 3536 1486 θαυμαστοτέραν
3581 1413 3840 1476 δεικνύεις

2175 1501 2270 1554 τοῦ
2320 1501 2618 1571 πληγέντος
2662 1502 2762 1573 τὴν
2813 1503 3013 1574 ψυχὴν,
3061 1503 3147 1556 ὅτι
3187 1504 3372 1572 ίσχυσε
3401 1501 3544 1573 μετά
3580 1502 3643 1554 16
3690 1489 3845 1571 χαλε-

2177 1589 2277 1641 πὸν
2339 1588 2497 1642 τοῦτο
2550 1589 2769 1660 τραῦμα
2835 1590 2928 1642 καὶ
2987 1589 3326 1659 ἀναστῆναι,
3401 1592 3495 1642 καὶ
3558 1589 3748 1657 στῆναι
3791 1589 3846 1639 ἐν

2175 1676 2326 1746 αὑτῷ
2376 1677 2456 1747 τῷ
2513 1677 2610 1748 τῆς
2663 1677 2941 1747 φάλαγγος
2987 1677 3246 1749 μετώπῳ,
3295 1679 3388 1730 καὶ
3428 1677 3519 1730 16v
3567 1677 3846 1747 τρώσαντα

2175 1769 2549 1834 κατενεγκεῖν.
2616 1766 2787 1818 Τοῦτο
2841 1766 2900 1819 δέ
2957 1765 3144 1836 ἡλίκον
3183 1767 3372 1830 ἐστὶν,
3414 1765 3562 1818 ἴσασι
3618 1765 3845 1835 μάλιστα

2173 1849 2288 1901 ὅσοι
2337 1849 2602 1918 χαλεπαῖς
2656 1849 3074 1918 περιπίπτουσιν
3100 1849 3414 1920 ἁμαρτίαις.
3457 1850 3534 1902 Οὑ
3574 1848 3686 1917 γὰρ
3713 1846 3850 1900 οὑτω

2174 1937 2427 2002 γενναίας
2459 1935 2550 1988 καὶ
2597 1936 2848 2004 νεανικῆς
2901 1935 3014 1987 ἐστι
3067 1935 3248 2004 ψυχῆς
3302 1935 3439 2006 όρθά
3495 1934 3732 2006 βαδίζειν
3760 1934 3847 1986 καὶ

2173 2022 2346 2076 διόλου
2374 2025 2586 2093 τρέχειν
2616 2025 2662 2054 ⁷⁸
2715 2023 2867 2094 (ἔχει
2907 2023 3016 2095 γάρ
3063 2026 3097 2096 ἠ
3135 2024 3360 2094 τοιαύτη
3399 2024 3444 2054 ⁷⁸
3479 2022 3848 2092 συνοδοιπόρον

2173 2112 2272 2183 τὴν
2293 2112 2500 2182 ἀγαθὴν
2521 2111 2732 2174 ἐλπίδα,
2754 2111 3102 2178 ἀλείφουσαν,
3120 2112 3512 2182 διεγείρουσαν,
3533 2128 3627 2164 νευ
3637 2109 3845 2181 ροῦσαν,

2176 2199 2588 2271 προθυμοτέραν
2628 2200 3056 2271 ἐργαζομένην),
3095 2201 3172 2264 ὡς
3198 2200 3259 2253 16
3303 2200 3443 2270 μετά
3469 2201 3595 2262 τοὺς
3629 2200 3845 2270 μυρίους

2178 2289 2472 2355 στεφάνους
2508 2289 2602 2342 καὶ
2637 2288 2708 2341 16
2753 2287 2924 2341 πολλά
2969 2289 3204 2359 τρόπαια
3250 2291 3347 2342 καὶ
3395 2288 3496 2350 τὰς
3540 2287 3720 2352 νίκας,
3755 2288 3847 2357 τὴν

2176 2378 2409 2446 ἐσχάτην
2437 2377 2808 2446 ὑπομείνασαν
2832 2377 2874 2407 ⁷⁷
2901 2376 3125 2448 ζημίαν,
3155 2376 3449 2448 δυνηθῆναι
3475 2377 3639 2430 πάλιν
3669 2377 3845 2428 ἐπιλα-

2176 2465 2365 2518 ϐέσθαι
2399 2464 2506 2516 τῶν
2539 2465 2716 2517 αὑτῶν
2747 2463 2982 2534 δρόμων.
3017 2464 3126 2516 Καὶ
3155 2465 3240 2518 ἵνα
3273 2464 3607 2534 σαφέστερον
3651 2465 3678 2516 6
3717 2465 3853 2532 λέγω

2175 2555 2420 2623 γένηται,
2457 2552 2552 2606 καὶ
2585 2553 2770 2624 ἕτερον
2804 2552 2898 2604 τοῦ
2933 2553 3200 2624 προτέρου
3234 2552 3387 2606 οὐδὲν
3431 2553 3654 2606 ἔλαττον
3683 2570 3849 2623 παρα-

2175 2641 2467 2710 δείγματος
2500 2641 2578 2703 είς
2615 2640 2779 2710 μέσον
2814 2641 2943 2710 ὑμῖν
2972 2641 3202 2709 ἀγαγεῖν
3243 2641 3599 2712 πειράσομαι.
3646 2639 3850 2711 Ἐννόη-

2179 2747 2270 2782 σον
2293 2728 2399 2799 γάρ
2436 2728 2526 2798 μοί
2550 2744 2671 2780 τινα
2691 2728 3030 2800 κυϐερνήτην
3063 2728 3230 2800 μυρία
3263 2727 3588 2782 διαλαϐόντα
3622 2728 3848 2798 πελάγη.

2181 2817 2320 2888 μετά
2343 2817 2404 2870 16
2440 2816 2540 2888 τὴν
2577 2816 2852 2871 θάλασσαν
2878 2816 3199 2871 διαπλεῦσαι
3229 2817 3470 2879 ἅπασαν,
3502 2818 3644 2889 μετά
3663 2820 3785 2882 τοὺς
3808 2818 3852 2852 ’³

2178 2905 2404 2968 πολλοὺς
2443 2905 2716 2975 χειμῶνας
2747 2906 2840 2960 καὶ
2879 2905 3006 2969 τοὺς
3053 2905 3348 2969 σκοπέλους
3377 2907 3472 2958 καὶ
3503 2907 3576 2960 16
3617 2907 3849 2977 κύματα,

2180 2994 2346 3046 πολὺν
2381 2994 2570 3063 έχοντα
2593 2994 2683 3047 τὸν
2714 2994 2760 3025 τ’
2792 2994 3011 3064 φόρτον,
3043 2995 3100 3044 ἐν
3142 2993 3288 3064 αὑτῷ
3333 2995 3851 3066 καταποντιζόμενον

2177 3083 2256 3153 τῷ
2288 3086 2513 3154 στόματι
2545 3082 2642 3136 τοῦ
2671 3083 2910 3154 λιμένος,
2938 3083 3032 3136 καὶ
3062 3083 3254 3154 γυμνῷ
3283 3083 3436 3154 μόλις
3455 3084 3534 3154 τῷ
3568 3084 3778 3154 σώματι
3795 3084 3854 3137 16

2179 3174 2414 3244 χαλεπὸν
2464 3173 2622 3227 τοῦτο
2672 3173 2999 3243 διαφυγόντα
3051 3174 3343 3242 ναυάγιον·
3405 3174 3524 3238 πῶς
3583 3175 3720 3246 πρὸς
3759 3174 3850 3245 τήν

2182 3262 2457 3315 θάλασσαν
2483 3261 2784 3315 διακεῖσθαι
2822 3261 2990 3324 είκδς,
3024 3263 3115 3314 καὶ
3146 3261 3245 3332 τὴν
3273 3261 3574 3324 ναυτιλίαν,
3607 3265 3703 3316 καὶ
3736 3265 3852 3327 τοὺς

2180 3349 2453 3412 τοιούτους
2501 3349 2727 3414 πόνους;
2772 3343 2920 3420 τΔρα
2948 3349 3234 3420 αίρήσεταί
3276 3367 3404 3402 ποτε
3439 3353 3468 3404 6
3501 3353 3762 3416 τοιοῦτος,
3805 3354 3851 3405 εί

2182 3436 2258 3507 μὴ
2301 3435 2506 3507 σφόδρα
2543 3435 2796 3503 γενναίας
2839 3435 2886 3467 ⁸ο
2936 3437 3022 3507 εῐη
3079 3436 3277 3507 ψυχῆς,
3325 3436 3571 3505 αἰγιαλὸν
3624 3438 3770 3504 ίδεῖν,
3819 3438 3850 3508 ῆ

2181 3525 2384 3586 πλοῖον,
2411 3524 2444 3596 ἢ
2469 3525 2695 3594 λιμένα;
2727 3525 2841 3578 Οὑκ
2867 3524 3040 3595 ἔγωγε
3061 3521 3212 3596 οἶμαι
3234 3542 3244 3554 ·
3272 3526 3385 3580 ἀλλ’
3412 3525 3852 3596 ἐγκαλυψάμενος

2180 3612 2439 3676 κείσεται,
2465 3612 2637 3666 νύκτα
2676 3613 2775 3679 τὴν
2811 3613 3026 3684 ἡμέραν
3065 3613 3228 3684 ὁρῶν,
3264 3615 3358 3666 καὶ
3391 3614 3526 3682 πρὸς
3559 3615 3740 3668 πάντα
3760 3615 3853 3667 ἀπ·

2179 3699 2457 3768 αγορεὺων
2475 3717 2490 3730 ·
2522 3700 2618 3752 καὶ
2648 3700 2848 3771 μᾶλλον
2889 3701 3176 3771 αἱρήσεται
3209 3701 3517 3772 προσαιτῶν
3542 3700 3667 3773 ζῇν,
3693 3703 3726 3774 ἢ
3755 3702 3854 3754 τῶν

2179 3787 2360 3840 αὐτῶν
2415 3787 2653 3856 ἅψασθαι
2717 3788 2915 3841 πόνων.
2977 3788 3116 3841 Ἀλλ’
3158 3790 3256 3859 οὑχ
3316 3791 3344 3842 6
3390 3790 3663 3862 μακάριος
3710 3784 3851 3854 οὗτος

2178 3873 2448 3938 τοιοῦτος·
2488 3875 2622 3929 ἀ).λά
2650 3876 2890 3929 τοιοῦτον
2921 3877 3180 3944 ναυάγιον
3214 3877 3536 3946 ὑπομείνας,
3576 3879 3713 3948 μετά
3737 3879 3854 3939 τοὺς

2182 3963 2408 4034 μυρίους
2455 3963 2651 4026 πόνους
2701 3963 2793 4016 καὶ
2846 3963 3076 4034 ἱδρῶτας
3111 3965 3153 3995 ⁸¹
3200 3963 3462 4026 ἐκείνους,
3500 3966 3606 4018 οὑκ
3651 3966 3853 4035 ἔμεινεν

2179 4051 2678 4121 ἐγκεκαλυμμένος,
2717 4049 2868 4123 1524]
2899 4051 3035 4105 ἀλλά
3083 4053 3174 4106 καὶ
3203 4052 3261 4105 16
3297 4052 3478 4106 πλοῖον
3511 4053 3852 4116 καθείλκυσε,

2179 4139 2275 4193 καὶ⁵
2310 4139 2379 4193 τά
2429 4141 2573 4192 ίστία
2620 4141 2880 4202 πετάσας,
2912 4140 3005 4192 καὶ
3053 4140 3112 4192 16
3153 4139 3412 4209 πηδάλιον
3450 4142 3852 4212 μεταχειρίσας,

2179 4227 2286 4280 τῶν
2319 4226 2497 4280 αὐτῶν
2532 4228 2761 4280 ἅπτεται
2795 4228 2840 4259 ⁸³
2882 4228 3080 4291 πόνων,
3116 4229 3208 4280 καὶ
3248 4228 3468 4281 πλείονα
3501 4229 3598 4281 τὸν
3640 4229 3853 4282 πλοῦτον

2183 4316 2476 4388 εἰργάσατο
2510 4315 2691 4370 πάλιν,
2740 4315 2803 4367 El
2851 4315 2906 4368 δέ
2939 4316 2999 4368 16
3031 4315 3221 4385 στῆναι
3270 4315 3587 4386 θαυμαστὸν
3619 4315 3760 4368 οῦτω
3789 4315 3849 4376 ⁸³,

2183 4403 2278 4456 καὶ
2307 4401 2366 4453 16
2409 4401 2482 4472 μὴ
2518 4401 2728 4454 κεῖσθαι
2761 4401 2932 4455 διόλου
2983 4403 3237 4464 πεσόντα,
3268 4402 3328 4455 16
3362 4404 3456 4456 καὶ
3485 4403 3532 4435 ⁸⁸
3563 4403 3852 4471 ἀναστῆναι

2184 4490 2277 4543 καὶ¹
2317 4489 2541 4542 τοιαῦτα
2587 4490 2946 4560 ἐργάσασθαι,
2983 4493 3164 4544 πόσων
3203 4490 3303 4543 οὑκ
3333 4491 3413 4561 ἀν¹
3445 4491 3529 4561 εἴη
3584 4491 3852 4558 στεφάνων

2183 4579 2363 4643 ἄξιον;
2403 4579 2659 4647 Καίτοιγε
2697 4579 2868 4632 πολλά
2889 4576 2955 4650 ἦν
2987 4579 3055 4632 16
3090 4581 3170 4642 είς
3213 4579 3522 4646 ἀπόγνωσιν
3550 4579 3718 4631 αὑτὸν
3750 4581 3853 4647 ἐμ·-

2185 4667 2482 4720 ϐάλλοντα·
2517 4668 2612 4721 καὶ¹
2644 4667 2881 4738 πρῶτον,
2913 4667 2974 4720 16
3023 4666 3251 4738 μέγεθος
3293 4665 3386 4718 τοῦ
3427 4667 3847 4737 ἁμαρτήματος·

2183 4755 2456 4825 δεύτερον,
2486 4755 2546 4807 τὸ
2578 4756 2650 4825 μὴ
2681 4757 2738 4807 ἐν
2767 4755 3071 4826 προοιμίοις
3098 4755 3199 4824 τῆς
3227 4752 3390 4824 ζωῆς,
3417 4755 3503 4806 ὅτε
3529 4756 3629 4808 καὶ
3651 4754 3851 4814 πλείους

2185 4841 2241 4890 αἱ
2273 4839 2507 4902 ἐλπίδες,
2541 4839 2673 4892 ἀλλά
2712 4841 2848 4911 πρὸς
2871 4840 2948 4911 τῷ
2977 4841 3118 4892 τέλει
3142 4838 3315 4893 ταῦτα
3342 4838 3556 4892 παθεῖν.
3597 4839 3730 4891 Ούδέ
3756 4837 3853 4906 γάρ

2185 4927 2213 4978 6
2243 4926 2481 4998 ἔμπορος
2511 4927 2616 4980 ἀπὸ
2659 4927 2874 4998 λιμένος
2919 4927 3147 4992 ἐξελθὼν
3180 4927 3382 4991 εὐθέως
3410 4928 3456 4958 η
3486 4929 3583 4980 καὶ
3613 4927 3852 4993 ναυάγιον

2188 5015 2506 5086 ὑπομείνας,
2562 5016 2761 5086 ὁμοίως
2816 5015 3092 5086 ἀλγεῖτῴ
3146 5015 3286 5086 μετά
3341 5015 3544 5086 μυρίας
3598 5013 3852 5084 ἐμπορίας

2189 5106 2626 5177 προσαράσσοντι
2664 5106 2929 5176 σκοπέλῳ.
2968 5107 3179 5176 Τρίτον,
3231 5106 3291 5159 16
3339 5105 3506 5158 πολὺν
3549 5105 3653 5175 ἤδη
3691 5119 3852 5156 συνει-

2187 5192 2389 5263 ληχότα
2434 5193 2662 5246 πλοῦτον
2705 5193 2864 5246 τοῦτο
2903 5192 3116 5247 παθεῖν.
3160 5193 3269 5247 Καὶ
3308 5191 3417 5264 γὰρ
3457 5191 3518 5245 οὐ
3555 5189 3727 5263 μικρὰ
3757 5192 3853 5243 ἀπ-

2190 5281 2366 5336 έκειτο
2412 5281 2559 5352 αὑτῷ
2594 5281 2790 5353 φορτία
2839 5281 2992 5336 τότε·
3044 5277 3154 5336 οἷον
3198 5282 3267 5335 16
3311 5280 3452 5335 κατά
3487 5281 3590 5352 τήν
3641 5278 3851 5352 πρώτην

468 5389 512 5418 ⁸⁸
535 5388 634 5463 τῆς
653 5387 846 5463 om._F.
921 5390 971 5463 δῖ
1000 5390 1267 5463 -Ἦ-ἀρετή
1301 5389 1364 5445 Α.
1523 5393 1570 5424 ⁷ο
1588 5393 1820 5460 ποιήσας
1854 5391 1914 5463 Ρ.
1991 5394 2035 5424 ⁷³
2063 5412 2075 5443 τ

2179 5393 2341 5463 πολλῷ
2372 5392 2509 5447 Edd.
2575 5394 2620 5424 ⁷⁸
2645 5392 2866 5458 αὑξήσω
2895 5392 2956 5446 F.
2990 5391 3056 5446 ἂν
3084 5408 3195 5446 om.
3224 5391 3302 5463 Ct
3341 5391 3386 5422 "
3403 5389 3577 5463 Verba
3599 5390 3692 5463 καὶ
3709 5389 3850 5463 ἀδελτ

405 5459 505 5524 φδν
544 5460 744 5513 desunt
776 5461 830 5513 in
874 5461 1034 5516 codd.
1077 5457 1267 5516 Vérssl
1297 5471 1352 5515 et
1388 5461 1523 5516 Edd.
1559 5457 1848 5517 ante'Ben.
1883 5462 2019 5517 Cum
2057 5475 2236 5518 tamen
2275 5457 2336 5517 cz}
2381 5466 2436 5517 in
2469 5463 2711 5524 plurimis
2734 5457 2956 5516 rexslare
2997 5471 3226 5517 teslclur
3253 5460 3477 5516 Montef.
3501 5467 3566 5515 ὀι
3595 5457 3848 5526 ejusmodi

407 5528 537 5592 sint,
580 5546 700 5601 qua:
744 5530 957 5601 facilius
1004 5532 1183 5585 omitti
1236 5533 1446 5601 possint
1491 5549 1652 5601 quam
1691 5534 1842 5596 addi,
1877 5534 1995 5589 loco
2031 5551 2251 5588 movere
2301 5550 2410 5588 non
2461 5535 2635 5587 visum
2674 5543 2776 5586 est.
2803 5533 2960 5587 Solus
2999 5533 3059 5586 F.
3111 5534 3202 5585 καὶ
3239 5535 3338 5586 οὑκ

993 5603 1041 5632 ⁷⁸
1087 5603 1177 5656 Sic
1219 5598 1376 5656 (fodd.
1406 5613 1459 5655 (ιι
1491 5598 1639 5656 Ᾱιηι.
1672 5605 1716 5656 εἰ
1743 5621 1859 5656 cum
1886 5615 2019 5658 recte
2045 5607 2230 5666 vadas,
2257 5606 2356 5657 iter
2408 5615 2554 5657 tuum
2606 5603 2744 5672 {elici
2783 5621 2936 5656 cursu
2986 5603 3224 5672 perﬁcias
3267 5603 3363 5656 Ge.
3407 5598 3691 5655 Etlcbnlur
3719 5598 3846 5672 699}

409 5667 693 5745 βαδίζοντα
731 5671 800 5745 διῖ
823 5671 943 5745 ὀδοῦ
975 5674 1316 5745 προτρέχειν.
1397 5675 1440 5704 ⁷⁵
1471 5672 1767 5745 ὁεοιοῦτος
1793 5684 1847 5726 cl;
1872 5690 1924 5742 ι).
1955 5691 2009 5743 p.
2040 5693 2075 5726 π

2183 5675 2443 5744 υμότερον
2477 5667 2767 5745 ἣιίάλίίιὶο
2798 5676 2963 5729 etiam
2986 5667 3156 5726 12.1).
3251 5674 3294 5745 ’Τ
3340 5673 3386 5745 ὑλ

1007 5741 1058 5794 ζ.
1120 5741 1128 5743 ἡ
1159 5745 1202 5815 ξ’
1233 5743 1339 5815 τὸν.
1362 5758 1472 5797 om.
1515 5742 1602 5815 Fu
1667 5744 1727 5815 73°
1750 5741 2005 5815 9190695;
2036 5741 2128 5797 καὶ
2164 5741 2417 5813 γενναίας
2453 5746 2514 5798 D.
2546 5743 2750 5815 σφόδρα
2785 5745 2870 5814 είη
2899 5745 2958 5812 ψ.
2997 5746 3228 5815 στερῤἔις
3364 5741 3426 5797 Ε.

933 5828 986 5881 p-
1012 5813 1436 5886 ,κεξμλρμμένος
1467 5812 1626 5886 Αοᾩι
1659 5814 1720 5886 D-
1747 5809 1827 5886 E!
1848 5809 1926 5886 Β*
1954 5817 2075 5886 ἧπτε

2179 5809 2320 5886 ΜΛ.
2352 5809 2598 5886 πλείοναῖ
2628 5809 2753 5886 add.
2783 5809 2892 5868 τῶν
2915 5809 3154 5886 ’πρώτων
3191 5814 3561 5886 Ειῒόηοοηιΐει
3581 5809 3754 5886 ΑεςιιΙιί.
3789 5813 3845 5886 ξι

407 5600 791 5666 προστιθέντος
843 5600 902 5654 F.

406 5738 461 5818 ξς
483 5741 616 5818 μ-ετά
640 5740 850 5818 16106;
878 5741 944 5796 Α.
1119 5738 1128 5743 ’
1233 5743 1341 5818 τὸν-
1362 5758 1472 5797 om.
1515 5742 1575 5795 F.

414 5808 640 5930 ϊῗῶτῗξ
671 5809 804 5894 Eadd.
845 5827 900 5880 ι).

485 5895 518 5930 δ.
665 5897 807 5930 ουτω
831 5881 896 5930 de

3381 5532 3519 5600 ἠδικ.
3559 5532 3742 5585 habet.
3794 5528 3850 5600 _”

3251 5674 3294 5703 ’⁷
3340 5673 3679 5740 ὑπομένοντα
3719 5667 3841 5720 Ειιιί,

3521 5742 3566 5772 δι
3613 5742 3704 5792 καὶ
3732 5741 3844 5796 τοὺς

485 5895 518 5932 2.
557 5880 632 5957 ’ξδ’
665 5876 984 5957 061w.d_ee's.t
1010 5876 1243 5957 in_|‘l_d_d.'
1378 5883 1438 5957 τό
1464 5883 1594 5957 καὶ]
1633 5885 1726 5937 καὶ
1759 5884 1819 5936 16
1848 5876 1988 5957 Edd.’
2021 5885 2075 5938 Ρ(

2180 5885 2432 5957 οῦτωῃβξο
2457 5876 2654 5957 legitur
2689 5885 2743 5939 in
2786 5886 2851 5942 C.
2887 5876 3068 5957 16.9.9;
3099 5883 3310 5938 κεῖσθαι
3335 5881 3381 5936 δ.
3416 5900 3471 5935 π.
3505 5883 3603 5936 καὶ
3624 5876 3841 5947 ἀναπῆ·

419 5964 529 6002 ναι.
556 5946 673 6003 Mox
705 5950 1031 6020 ἐργάζεσθαι
1064 5951 1200 6009 Edd.
1276 5953 1321 5986 “
1353 5954 1554 6018 εὐθέως
1576 5946 1704 6025 bos!
1730 5955 1984 6023 ναυάγιον
2011 5972 2074 6011 co

2184 5963 2277 6010 aut
2324 5953 2460 6011 Edd.
