4058 6356
276 392 375 449 κει

277 506 587 562 methodum
615 505 750 560 alios
787 505 1014 568 docent,
1039 516 1103 559 ut
1129 505 1180 559 in
1224 503 1513 574 majoribus
1536 500 1849 567 exercitati,

276 603 511 656 minores
534 598 880 669 aegritudines
913 598 1116 653 facilius
1154 609 1452 668 superent:
1499 599 1576 653 sic
1616 610 1672 654 et
1717 599 1855 655 Deus

274 692 586 762 gravissima
630 701 847 761 peccata
889 691 941 745 itt
986 690 1217 745 medium
1263 690 1523 757 adduxit,
1572 700 1629 745 ut
1671 693 1760 761 qui
1802 692 1854 745 in

273 785 479 854 exiguis
544 785 675 853 lapsi
727 793 949 846 essent,
1008 799 1193 838 eorum
1246 784 1493 851 exemplo
1558 782 1853 839 faciliorem

272 876 591 930 emendandi
639 877 896 929 rationem
938 875 1258 929 invenirent.
1284 875 1337 931 Si
1364 877 1506 929 enim
1536 876 1733 944 majora
1766 892 1852 931 re-

272 968 505 1022 medium
540 968 857 1032 ltahucrunt,
889 969 1057 1020 multo
1082 966 1286 1021 facilius
1313 968 1537 1021 minora.
1573 969 1855 1023 Videamus

272 1058 431 1126 igitur
463 1073 565 1128 qua
595 1058 801 1112 ratione
827 1058 1165 1128 a‘grotavcrit
1184 1062 1221 1121 ,'
1243 1073 1349 1127 qua
1386 1057 1739 1113 valetudinem
1767 1074 1852 1112 re-

269 1151 605 1219 cuperaverit
633 1150 716 1204 vir
760 1150 849 1203 ille
894 1150 1097 1203 beatus.
1144 1148 1274 1216 Quze
1316 1149 1473 1218 igitur
1502 1148 1670 1202 morbi
1718 1150 1853 1203 ratio

268 1242 414 1295 fuit?
444 1241 732 1297 blmchatus
761 1251 863 1306 est,
892 1252 946 1295 et
964 1240 1177 1295 occidit.
1210 1241 1324 1295 Non
1356 1243 1496 1296 enim
1524 1257 1714 1295 vereor
1739 1242 1852 1296 hanc

269 1350 461 1403 magna
506 1349 640 1388 voce
668 1334 958 1403 publicare.
990 1334 1121 1388 Nam
1158 1334 1201 1388 si
1232 1334 1461 1403 Spiritus
1492 1344 1707 1390 sanctus
1745 1351 1850 1389 non

270 1438 422 1497 turpe
451 1428 775 1482 existimavit
822 1444 967 1490 esse,
996 1428 1133 1483 hanc
1165 1438 1326 1483 totam
1370 1428 1645 1483 historiam
1670 1430 1849 1500 publi-

266 1535 412 1584 care,
448 1521 615 1574 multo
644 1520 813 1589 magis
838 1535 935 1574 nos
959 1520 1103 1574 illam
1133 1536 1241 1575 non
1270 1521 1496 1575 obscure
1533 1520 1733 1575 referre
1758 1521 1851 1575 de-

268 1612 474 1667 bemus.
502 1613 837 1681 Quapropter
879 1627 985 1667 non
1017 1613 1177 1668 modo
1216 1613 1331 1668 ιιωο
1359 1615 1658 1684 praedicabo
1696 1654 1711 1680 ,
1753 1613 1848 1669 sed

267 1706 410 1760 aliud
439 1721 651 1776 quoque
696 1705 966 1777 adjiciam.
1010 1707 1220 1760 Etenim
1249 1706 1337 1775 qui
1379 1706 1497 1761 inec
1534 1706 1806 1761 occultant
1829 1746 1845 1771 ,

266 1800 363 1851 viri
412 1799 553 1853 illius
600 1799 852 1852 virtutem
893 1798 1217 1853 obscurant:
1247 1812 1309 1852 ac
1352 1800 1491 1853 sicut
1539 1798 1574 1853 ii
1612 1798 1702 1868 qui
1732 1797 1849 1866 ejus

267 1908 384 1946 cum
426 1891 675 1947 Goliatho
735 1906 966 1962 pugnam
1012 1900 1279 1957 tacerent,
1318 1906 1425 1946 non
1471 1892 1715 1961 exiguam
1746 1892 1847 1962 ipsi

265 2001 514 2040 coronam
565 1986 891 2049 adimerent,
926 1983 1145 2053 perinde
1171 1984 1406 2040 facerent
1445 1986 1534 2055 qui
1574 1986 1711 2041 hanc
1761 1986 1847 2040 lti-

266 2082 482 2133 storiam
513 2088 1000 2148 prtetercurrerent.
1035 2080 1223 2133 Annon
1253 2094 1367 2134 rem
1412 2079 1564 2134 vobis
1595 2079 1844 2147 inexspe—

265 2182 457 2227 cratam
506 2172 664 2226 dico?
693 2172 798 2226 Sed
841 2171 1101 2226 tantillum
1146 2171 1548 2241 praestolamini,
1586 2179 1640 2225 et
1665 2170 1845 2225 scietis

267 2280 360 2317 nos
393 2265 506 2318 hmc
554 2264 674 2333 jure
715 2264 764 2317 in
812 2263 1044 2318 medittm
1090 2263 1394 2333 protulisse.
1444 2261 1567 2316 Ideo
1618 2276 1845 2329 namque

264 2367 535 2426 peccatum
567 2357 850 2426 amplilico,
876 2356 1034 2426 idque
1064 2357 1431 2423 inexspectata
1463 2353 1711 2424 loquendi
1737 2354 1840 2414 via,

263 2458 318 2501 nt
348 2448 631 2517 pharmaca
656 2463 835 2519 parem
865 2446 1187 2515 copiosiora.
1208 2445 1344 2512 Quid
1376 2445 1549 2514 itaque
1573 2443 1844 2513 propono?

264 2539 521 2594 Virtutem
570 2538 708 2603 viri;
743 2538 794 2593 id
823 2538 964 2609 quod
1002 2538 1214 2608 gravius
1256 2537 1458 2592 crimen
1498 2536 1682 2591 efﬁcit.
1726 2534 1843 2591 Non

260 2631 399 2684 enim
444 2646 539 2701 par
565 2640 648 2687 est
686 2630 739 2685 in
794 2630 1041 2685 omnibus
1079 2638 1133 2685 et
1174 2629 1311 2685 circa
1342 2643 1531 2685 omnes
1561 2628 1660 2684 hac
1689 2631 1741 2683 in
1785 2644 1843 2683 re

257 2722 513 2791 judicium
548 2740 560 2775 :
592 2721 833 2779 Potentes
862 2721 1003 2777 enim
1030 2761 1045 2788 ,
1088 2721 1299 2791 inquit,
1334 2729 1559 2789 potenter
1596 2728 1843 2772 tormenta

258 2818 508 2885 patientur
539 2816 689 2887 (Sep.
719 2817 772 2871 6.
798 2816 889 2885 7);
917 2824 989 2881 et,
1023 2814 1123 2882 Qui
1150 2815 1284 2868 novit
1313 2815 1613 2869 voluntatem
1650 2812 1842 2866 domini

256 2908 355 2971 sui,
384 2917 431 2960 et
467 2924 567 2959 non
592 2908 750 2976 facit,
780 2907 1038 2977 vapulabit
1068 2906 1241 2959 multis
1288 2904 1440 2975 (Luc.
1472 2905 1559 2959 12.
1592 2904 1706 2975 47).
1742 2902 1842 2956 Ita-

256 3014 357 3067 que
386 2998 557 3068 major
602 2997 833 3069 cognitio
862 2998 1081 3066 majoris
1107 3006 1189 3053 est
1233 3012 1395 3052 causa
1423 2996 1686 3066 supplicii.
1716 2995 1841 3050 Ideo

239 3092 507 3149 .sacerdos
532 3092 621 3162 qui
648 3092 698 3146 in
722 3092 899 3162 paria,
930 3100 1091 3161 atque
1119 3090 1349 3154 subditi,
1382 3090 1572 3145 incidit
1597 3098 1836 3158 peccata,

257 3198 358 3237 non
389 3198 567 3252 pares,
598 3182 693 3239 sed
723 3183 893 3238 multo
941 3182 1215 3254 graviores
1255 3182 1402 3236 dabit
1446 3196 1652 3251 pinnas.
1707 3179 1839 3234 For-

256 3286 396 3331 tasse
440 3277 566 3331 dum
611 3291 696 3332 me
723 3276 916 3332 videtis
956 3276 1282 3345 ampliﬁcare
1311 3277 1512 3331 crimen
1548 3317 1562 3338 ,
1613 3275 1839 3331 tremitis

253 3381 305 3423 et
333 3368 643 3424 formidatis.
689 3378 745 3425 et
789 3385 876 3425 me
917 3368 1065 3440 quasi
1107 3383 1203 3438 per
1247 3367 1536 3438 praecipitia
1585 3367 1836 3423 inceden-

154 3533 158 3537 η
256 3471 358 3514 tem
412 3461 701 3516 miramini.
745 3462 858 3532 Ego
898 3476 1029 3517 vero
1066 3469 1273 3517 tantum
1311 3462 1453 3517 circa
1492 3460 1623 3530 justi
1674 3461 1839 3517 virtu-

252 3560 357 3605 tem
384 3560 439 3606 et
463 3553 648 3607 merita
674 3551 905 3615 conﬁdo,
936 3560 993 3606 ut
1017 3552 1177 3606 etiam
1205 3551 1428 3607 ulterius
1479 3551 1792 3621 progrediar
1820 3569 1835 3605 :

253 3652 449 3714 quanto
504 3645 648 3699 enim
692 3644 861 3715 magis
904 3643 1106 3699 crimen
1145 3642 1393 3715 augebo,
1435 3651 1584 3700 tanto
1616 3643 1835 3713 majori-

252 3736 348 3791 bus
394 3736 647 3792 Davidem
713 3736 957 3792 laudibus
998 3736 1273 3792 celebrare
1322 3744 1530 3806 potero.
1588 3736 1655 3792 Et
1705 3735 1833 3806 quid

254 3830 336 3885 his
386 3830 562 3900 majus
589 3871 604 3895 ,
655 3829 896 3899 inquies,
943 3826 1183 3899 proferre
1219 3829 1440 3899 possis?
1479 3828 1644 3883 Multo
1687 3838 1836 3884 certe

257 3921 477 3991 majora.
525 3919 982 3988 Quemadmodum
1044 3921 1186 3975 enim
1242 3919 1391 3975 Caini
1458 3920 1662 3975 crimen
1726 3935 1833 3975 non

256 4015 424 4069 caedes
466 4014 625 4068 modo
666 4023 778 4069 erat
808 4056 822 4079 ,
868 4011 963 4068 sed
1009 4013 1205 4084 multis,
1223 4012 1461 4068 caedibus
1504 4014 1692 4083 pejus;
1726 4027 1832 4068 non

258 4108 393 4160 enim
420 4106 676 4169 alienum,
707 4104 800 4161 sed
831 4103 1085 4171 fratrem;
1118 4116 1182 4161 et
1200 4108 1436 4173 fratrem,
1470 4121 1577 4159 non
1630 4105 1833 4161 laeden-

258 4210 355 4253 tem
389 4241 405 4266 ,
453 4197 548 4253 sed
596 4197 780 4252 laesum
815 4197 1045 4262 occidit;
1079 4211 1185 4252 non
1230 4207 1350 4267 post
1376 4198 1567 4251 multas
1598 4206 1833 4266 patratas

256 4290 446 4354 caedes,
481 4288 573 4343 sed
612 4289 725 4357 ipse
763 4288 1153 4344 exsecrandum
1199 4290 1375 4345 scelus
1406 4291 1551 4359 prior
1579 4290 1782 4345 invenit
1813 4305 1827 4343 :

254 4382 326 4436 sic
351 4382 403 4436 in
429 4380 532 4435 hoc
560 4396 666 4451 quo
694 4380 761 4456 de
792 4382 998 4451 agimus
1023 4381 1291 4450 exemplo,
1330 4397 1435 4435 non
1464 4381 1640 4436 caedes
1671 4381 1830 4436 modo

255 4474 453 4529 facinus
480 4473 579 4527 hoc
599 4460 744 4539 erati;
774 4489 878 4527 non
902 4474 1043 4527 enim
1071 4474 1153 4526 vir
1173 4489 1203 4528 e
1226 4474 1381 4527 trivio
1410 4473 1672 4530 homicida
1694 4484 1827 4540 erat,

254 4568 343 4622 sed
385 4566 677 4637 propheta;
723 4582 827 4620 non
858 4565 1137 4621 [radentem
1165 4606 1179 4630 ,
1226 4566 1320 4620 sed
1360 4566 1544 4620 laesum
1588 4567 1826 4621 occidit:

254 4658 406 4713 larsus
430 4658 623 4727 quippe
663 4655 835 4712 fuerat
866 4671 931 4711 ex
956 4655 1220 4710 adulterio
1258 4672 1377 4710 cum
1410 4672 1576 4711 uxore
1623 4673 1638 4711 :
1672 4666 1830 4727 atque

255 4751 352 4806 hoc
383 4752 545 4806 etiam
577 4750 751 4806 scelus
777 4748 1003 4804 addidit.
1050 4749 1325 4804 Videtisne
1375 4749 1644 4818 quomodo
1682 4750 1829 4818 justo

254 4844 364 4897 viro
387 4858 496 4897 non
527 4856 762 4912 parcam,
796 4850 850 4897 et
870 4843 986 4896 sine
1026 4842 1133 4895 ullo
1169 4850 1592 4911 temperamento
1623 4842 1827 4896 scelera

252 4937 363 5004 ejus
387 4934 754 4991 recenseam?
797 4936 1045 4988 Attamen
1093 4933 1162 4986 ita
1205 4934 1271 4987 de
1328 4933 1471 4986 illius
1516 4934 1829 5003 purgatione

250 5027 488 5091 conﬁdo,
541 5034 598 5081 ιιι
626 5036 745 5096 post
789 5034 992 5081 tantum
1034 5024 1298 5079 scelerum
1345 5025 1595 5089 culmen,
1647 5034 1826 5093 optem

250 5120 433 5174 adesse
473 5118 812 5182 Manichacus,
855 5116 944 5186 qui
989 5116 1104 5170 haec
1144 5117 1375 5170 maxime
1413 5116 1730 5181 traducunt,
1775 5124 1827 5171 et

250 5210 613 5264 Dlarcionistas
638 5250 655 5276 ,
687 5218 745 5263 ut
787 5208 1000 5263 illorum
1042 5223 1137 5262 ora
1180 5209 1395 5276 egregie
1449 5207 1713 5261 claudam.
1748 5207 1827 5261 llli

250 5319 474 5372 namque
490 5304 674 5358 dicunt
690 5304 861 5371 ipsum
885 5311 936 5357 et
952 5302 1212 5357 occidisse
1234 5311 1287 5355 et
1303 5301 1623 5356 moechatutu
1642 5300 1824 5365 fuisse;

249 5412 344 5466 ego
370 5412 498 5451 vero
529 5412 633 5450 non
667 5395 718 5449 id
760 5404 962 5449 tantum
1008 5393 1163 5459 dico,
1215 5392 1308 5447 sed
1358 5392 1621 5461 duplicem
1665 5391 1828 5446 fuisse

246 5489 448 5543 tandem
475 5486 837 5542 demonstravi
864 5526 879 5548 ,
929 5495 1039 5540 tum
1069 5485 1209 5555 quod
1239 5485 1324 5538 ille
1359 5484 1469 5553 jam
1499 5494 1622 5539 ante
1670 5484 1828 5538 laesus

246 5579 333 5641 sit,
363 5590 475 5636 tum
500 5578 641 5650 quod
672 5588 829 5632 tanta:
857 5576 1131 5648 dignitatis
1156 5585 1300 5632 esset
1331 5577 1374 5630 is
1402 5576 1493 5646 qui
1524 5575 1735 5630 occidit.

316 5675 369 5728 7.
409 5672 684 5727 Peccatum
716 5671 923 5725 Davidis
959 5681 1221 5740 quantum.
1262 5669 1436 5740 Ipsius
1484 5678 1593 5740 post
1624 5669 1824 5739 lapsum

245 5774 432 5830 quanta
467 5764 641 5817 virtus.
690 5792 762 5802 —
812 5763 928 5817 Non
971 5763 1112 5817 enim
1157 5778 1254 5832 par
1296 5771 1379 5817 est
1417 5763 1619 5817 crimen
1656 5763 1826 5816 virum

246 5856 445 5926 Spiritu
468 5866 653 5914 sancto
679 5855 974 5927 dignatum,
1016 5863 1095 5912 tot
1122 5854 1393 5911 beneﬁciis
1421 5852 1686 5921 affectum,
1733 5854 1823 5924 qui

1211 384 1279 444 ΙΝ
1320 382 1729 442 ΜΑΤΤῘΙᾹΞΠΜ
1768 381 1998 439 llOMIL.
2042 382 2231 439 XXVI.
2273 386 2343 442 al.
2386 386 2602 444 XXVII.

3450 404 3555 460 διε

1971 508 2169 555 tantam
2210 510 2527 571 potestatem
2570 513 2685 559 erat
2730 505 2971 575 adeptus,
3022 509 3074 563 in
3107 509 3195 567 tali
3241 520 3396 570 aetate
3439 515 3553 572 lucc

1966 591 2196 647 facinora
2224 595 2458 664 aggredi,
2488 604 2646 665 atque
2674 596 2901 665 idipsum
2926 604 3217 670 perpetrari
3244 620 3272 657 a
3299 606 3434 671 viro,
3465 609 3551 664 cui
3610 620 3613 625 '

1964 683 2097 738 niltil
2126 700 2311 740 eorum
2341 696 2627 756 competat.
2678 689 2925 744 Attamen
2958 691 3083 748 hinc
3111 694 3402 751 mirabilior
3427 713 3553 753 eva-

1962 774 2041 830 dit
2074 776 2155 830 vir
2198 777 2287 832 ille
2331 777 2502 841 fortis,
2544 780 2684 850 quod
2734 781 2786 835 in
2832 783 3149 852 profundum
3187 789 3437 858 nequitia:
3476 790 3548 845 la-

1963 881 2110 936 psus,
2154 885 2256 921 tton
2284 870 2462 922 animo
2486 871 2761 937 defecerit,
2812 890 2916 928 non
2944 875 3262 945 desperarit,
3308 897 3412 935 non
3458 899 3549 937 se-

1964 956 2133 1023 ipsum
2165 961 2411 1030 supinum
2445 963 2750 1033 projeeerit,
2797 966 2935 1019 letali
2968 968 3185 1023 vulnere
3210 972 3489 1027 confossus
3517 990 3548 1028 a

1961 1052 2195 1118 diabolo,
2247 1055 2339 1109 sed
2368 1057 2493 1119 cito,
2529 1059 2636 1111 imo
2662 1059 2864 1125 statim,
2897 1076 3086 1130 magna
3113 1077 3233 1116 cum
3257 1066 3550 1121 vehemen-

1962 1150 2032 1198 tia
2065 1146 2233 1216 majus
2263 1147 2513 1202 inllixerit
2542 1149 2754 1215 vulnus,
2797 1168 2956 1221 quam
2990 1164 3285 1221 acceperat.
3318 1157 3550 1215 Perinde

1961 1246 2121 1305 atque
2156 1238 2197 1290 si
2240 1239 2290 1291 in
2320 1239 2435 1294 acie
2465 1239 2721 1295 barbarus
2751 1243 3013 1313 quispiam
3054 1244 3105 1299 itt
3135 1261 3231 1302 cor
3262 1249 3341 1303 vel
3373 1250 3424 1304 in
3451 1250 3549 1307 he-

1960 1342 2055 1397 par
2082 1331 2282 1383 strenui
2314 1330 2413 1385 viri
2441 1330 2647 1387 hastam
2682 1333 2935 1401 infixerit,
2975 1345 3031 1391 et
3057 1339 3345 1395 secundam
3378 1345 3547 1415 magis

1958 1422 2168 1476 letalem
2201 1424 2404 1495 plagam
2435 1425 2718 1493 addiderit,
2763 1437 2871 1483 tum
2904 1430 2993 1486 ille
3031 1432 3212 1501 lapsus
3237 1434 3543 1506 plagarum-

1956 1528 2059 1583 que
2089 1516 2344 1584 sanguine
2368 1517 2741 1585 circumfusus,
2768 1522 2876 1577 cito
2896 1526 3203 1590 surrexerit,
3232 1527 3545 1601 hastamque

1956 1605 2170 1661 vibrans
2201 1608 2408 1664 hostem
2438 1610 2755 1678 confoderit,
2798 1622 2852 1669 et
2895 1616 3130 1671 occisum
3173 1620 3351 1675 statim
3395 1621 3541 1678 humi

1956 1710 2279 1769 prostratum
2309 1703 2583 1773 reliquerit
2613 1722 2628 1758 :
2660 1707 2737 1761 sic
2764 1718 2817 1761 et
2845 1723 3003 1774 nunc,
3032 1726 3137 1780 quo
3158 1712 3411 1782 majorem
3438 1716 3543 1771 Da-

1955 1793 2091 1847 vidis
2118 1796 2322 1865 plagam
2362 1797 2582 1864 dixeris,
2629 1813 2696 1854 eo
2736 1801 3116 1859 mirabiliorem
3143 1807 3375 1863 confossi
3416 1812 3540 1866 ani-
3586 1836 3599 1868 ι

1954 1899 2100 1938 mum
2146 1886 2414 1949 ostendis,
2462 1889 2601 1957 quod
2643 1899 2762 1958 post
2809 1894 2999 1949 vulnus
3040 1905 3145 1950 tam
3189 1913 3384 1968 grave,
3443 1918 3539 1972 po-

1953 1977 2115 2031 tuerit
2142 1986 2197 2031 et
2238 1994 2479 2048 surgere,
2514 1989 2566 2034 et
2602 1983 2651 2034 in
2683 1982 2860 2038 fronte
2887 1987 3008 2041 valli
3029 1996 3191 2056 stare,
3226 1990 3537 2065 hostemque

1951 2079 2313 2139 prosternere.
2344 2072 2456 2128 Hoc
2483 2090 2613 2130 vero
2642 2087 2896 2145 quantum
2926 2080 3013 2140 sit,
3037 2084 3209 2137 sciunt
3237 2100 3423 2142 omnes
3444 2093 3533 2157 qui

1952 2162 2002 2215 in
2022 2163 2201 2231 gravia
2233 2162 2366 2233 lapsi
2393 2174 2517 2220 sunt
2546 2176 2782 2236 peccata.
2808 2168 2922 2224 Non
2949 2171 3091 2227 enim
3120 2174 3188 2228 ita
3220 2174 3371 2231 fortis
3397 2189 3532 2232 Stru-

1957 2255 2161 2323 nttique
2185 2256 2350 2310 animi
2377 2265 2461 2310 est
2487 2266 2632 2310 recta
2655 2257 2988 2311 incedentem
3014 2273 3236 2313 cursum
3270 2260 3529 2329 perﬁcere

1956 2346 2025 2415 (is
2041 2348 2185 2402 enim
2201 2347 2460 2402 comitem
2479 2347 2805 2418 habetspem
2820 2348 3015 2403 bonam
3029 2351 3395 2405 concitantem
3411 2368 3530 2406 ner-

1955 2454 2056 2495 vos
2075 2448 2131 2495 et
2152 2439 2492 2493 alacritatem
2521 2438 2851 2508 addentem),
2879 2449 2937 2493 ut
2954 2451 3076 2508 post
3095 2442 3242 2495 mille
3268 2456 3524 2508 coronas,

1955 2538 2181 2599 tropaea,
2199 2529 2474 2596 victorias,
2488 2530 2723 2600 graviter
2736 2530 2945 2601 lapsum
2964 2546 3126 2600 posse
3142 2533 3394 2587 eumdem
3407 2549 3525 2588 cur-

1954 2636 2077 2677 sum
2092 2621 2272 2676 denuo
2287 2619 2622 2691 repetere.Ut
2634 2629 2813 2676 autem
2833 2622 2885 2677 id
2898 2626 3042 2693 quod
3059 2625 3183 2679 dico
3194 2625 3527 2681 clariuseva-

1945 2712 2057 2779 dat,
2106 2714 2254 2769 aliud
2294 2714 2472 2784 priore
2514 2731 2621 2772 non
2662 2717 2839 2773 minus
2881 2712 3184 2791 exemplum
3217 2723 3268 2776 in
3298 2725 3528 2779 medium

1949 2808 2099 2863 vobis
2147 2808 2385 2876 proferre
2429 2809 2666 2865 tentabo.
2722 2810 2904 2882 Cogita
2946 2813 3074 2867 mihi
3118 2815 3527 2886 gubernatorem

1946 2900 2112 2954 maria
2160 2900 2305 2955 mille
2345 2916 2645 2967 emensum,
2701 2916 2823 2972 post
2866 2913 3065 2959 tantam
3116 2908 3526 2978 navigationem,

1946 3000 2067 3060 post
2111 2990 2303 3046 multas
2353 3002 2715 3062 tempestates,
2769 2996 3038 3064 scopulos,
3082 2998 3303 3065 fluctus,
3352 3005 3531 3057 multis

1946 3083 2259 3138 instructum
2305 3085 2559 3139 mercium
2609 3086 2851 3151 sarcinis,
2888 3089 2938 3141 in
2989 3088 3105 3158 ipso
3150 3103 3336 3158 portus
3388 3095 3527 3148 ostio

1944 3177 2273 3245 demersum,
2312 3178 2403 3249 qui
2444 3180 2527 3232 vix
2558 3194 2590 3234 e
2618 3188 2763 3233 tanto
2789 3180 3063 3249 naufragio
3101 3184 3272 3239 nudus
3293 3185 3529 3256 effugere

1945 3272 2174 3339 potuerit
2203 3289 2217 3331 ;
2246 3286 2352 3341 quo
2383 3272 2469 3328 ille
2499 3274 2679 3327 animo
2708 3272 2869 3329 fuerit
2892 3289 3017 3344 erga
3052 3277 3438 3346 navigationem
3473 3289 3525 3334 et

1946 3364 2145 3417 marina
2169 3363 2441 3433 pericula?
2469 3380 2595 3419 num
2617 3364 2709 3420 ille
2729 3365 2955 3420 voluerit
2979 3381 3252 3436 umquam,
3286 3369 3385 3423 nisi
3413 3372 3527 3423 ani.

1942 3458 2014 3511 mi
2039 3458 2111 3511 sit
2136 3456 2420 3512 admodum
2442 3458 2666 3525 strenui,
2690 3458 2771 3514 vel
2798 3459 2942 3524 litus,
2966 3460 3052 3514 vel
3071 3472 3301 3529 portum,
3320 3463 3406 3519 vel
3433 3478 3525 3517 na-

1945 3564 2061 3605 vem
2090 3549 2250 3607 ullam
2279 3549 2593 3620 respicere?
2625 3549 2740 3604 Non
2768 3550 2953 3620 utique
2973 3559 3141 3622 pete:
3173 3551 3266 3608 sed
3294 3555 3528 3609 occulta-

1942 3652 2029 3698 tus
2047 3641 2262 3711 jacebit,
2294 3642 2435 3699 diem
2456 3642 2510 3698 in
2536 3653 2749 3705 noctem
2768 3651 3002 3710 Iret-tetu,
3026 3645 3280 3717 omnique
3303 3661 3401 3717 spe
3428 3647 3525 3703 de-

1940 3735 2191 3796 sntutus;
2234 3734 2502 3803 maletque
2529 3733 2690 3788 vitam
2718 3732 2995 3790 mendicus
3018 3749 3199 3805 agere,
3222 3753 3379 3807 quam
3411 3739 3523 3808 pri-

1940 3827 2109 3880 stinos
2133 3824 2282 3879 adire
2307 3823 2538 3880 labores.
2569 3826 2641 3879 At
2664 3840 2771 3880 non
2803 3825 2926 3881 talis
2955 3825 3054 3881 fuit
3078 3826 3165 3882 hic
3185 3830 3266 3884 vir
3293 3831 3479 3886 beatus
3510 3850 3526 3888 :

1940 3918 2033 3971 sed
2079 3927 2199 3987 post
2226 3925 2430 3972 tantum
2458 3916 2813 3988 naufragium,
2857 3927 2976 3988 post
3007 3929 3085 3975 tot
3111 3920 3321 3978 labores
3346 3932 3402 3979 et
3429 3939 3521 3979 su-

1938 4008 2121 4074 dores,
2170 4023 2277 4063 non
2320 4009 2513 4064 mansit
2558 4009 2838 4076 occultus;
2888 4010 2980 4066 sed
3042 4012 3217 4068 navim
3267 4017 3518 4080 extraxit,

1938 4102 2293 4171 expansisque
2333 4101 2485 4167 velis,
2535 4109 2590 4156 et
2634 4111 2855 4172 accepto
2900 4103 3281 4173 gubernaculo,
3315 4107 3525 4163 labores

1939 4196 2087 4260 adiit,
2129 4204 2184 4247 et
2226 4193 2455 4263 majores
2497 4210 2653 4264 quam
2707 4196 2853 4264 prius
2895 4196 3105 4251 divitias
3144 4198 3368 4267 adeptus
3416 4212 3519 4254 est.

1940 4286 2090 4354 Quod
2135 4284 2178 4337 si
2226 4295 2370 4339 stare
2424 4296 2476 4339 et
2529 4284 2734 4353 lapsum
2784 4300 2887 4338 non
2932 4301 3145 4355 semper
3185 4289 3366 4355 jacere
3420 4290 3523 4343 mi-

1939 4379 2103 4432 rabile
2135 4386 2235 4440 est,
2269 4377 2445 4431 dc-nuo
2472 4377 2693 4431 excitari
2725 4386 2779 4431 et
2812 4378 2934 4431 talia
2966 4379 3242 4446 perﬁcere,
3275 4390 3405 4451 quot
3432 4397 3524 4437 co-

1939 4472 2082 4525 ronis
2109 4471 2324 4539 dignum
2355 4485 2456 4522 non
2481 4469 2620 4523 erit?
2643 4469 2799 4538 Atqui
2832 4469 2993 4523 multa
3025 4479 3176 4524 erant
3203 4486 3323 4541 qua:
3351 4473 3523 4542 ipsum

1939 4566 1990 4619 in
2030 4563 2453 4630 desperationem
2500 4561 2862 4631 cenjicerent?
2913 4564 3108 4632 primo,
3154 4566 3356 4633 peccati
3406 4581 3524 4619 ma-

1937 4656 2190 4724 gnitudo;
2220 4653 2474 4718 secundo,
2504 4652 2644 4722 quod
2674 4668 2777 4707 non
2811 4654 2861 4706 itt
2890 4654 3139 4723 primaeva
3162 4665 3338 4724 aetate,
3358 4674 3522 4727 quan-

1937 4748 2006 4801 do
2051 4747 2221 4814 major
2260 4756 2375 4799 erat
2408 4760 2532 4813 spes
2573 4746 2916 4805 reversionis.
2949 4747 3041 4800 sed
3072 4747 3378 4804 declinante
3413 4750 3523 4820 jam

1936 4852 2093 4895 mtate
2131 4840 2179 4894 id
2208 4855 2394 4910 passus
2430 4850 2593 4894 esset.
2640 4839 2822 4910 Neque
2851 4844 2990 4895 enim
3028 4852 3310 4909 mercator,
3340 4844 3428 4914 qui
3459 4861 3523 4899 ex
3567 4877 3574 4888 ι

1938 4942 2092 5000 portu
2138 4946 2386 5000 egressus
2430 4926 2606 4986 Statim
2652 4931 2982 5003 naufragium
3030 4935 3249 5003 patitur,
3303 4934 3526 5005 perinde

1936 5024 2163 5078 afﬁcitur
2206 5023 2410 5087 dolore,
2465 5032 2624 5092 atque
2669 5024 2713 5077 is
2755 5024 2843 5093 qui
2888 5034 3013 5095 post
3042 5027 3237 5082 multas
3282 5038 3522 5098 peractas

1938 5117 2323 5185 negotiationes
2378 5116 2429 5169 in
2472 5114 2748 5185 scopulum
2793 5117 3057 5189 impingit.
3112 5120 3326 5186 Tertio,
3380 5121 3522 5191 quod

1937 5218 2055 5279 post
2087 5218 2258 5262 tantas
2300 5208 2555 5262 collectas
2603 5208 2814 5263 divitias
2859 5209 2911 5265 id
2955 5225 3143 5280 passus
3177 5214 3246 5268 sit
3280 5214 3518 5269 :etenim
3551 5266 3555 5272 .

1937 5318 2042 5356 non
2073 5318 2246 5370 parva:
2272 5300 2346 5355 illi
2380 5310 2504 5355 tunc
2528 5300 2752 5355 aderant
2784 5303 3047 5357 mercium
3072 5305 3332 5369 sarcinae;
3368 5321 3521 5359 nem-

1937 5408 2003 5463 pe
2042 5392 2127 5445 illa
2157 5407 2275 5461 qure
2304 5392 2353 5445 in
2389 5391 2635 5460 primteva
2667 5402 2824 5447 mtate
2852 5403 3117 5463 gesserat,
3169 5411 3292 5449 cum
3343 5405 3523 5465 pastor

1936 5496 2112 5550 esset;
2164 5500 2337 5555 pugna
2378 5494 2564 5539 contra
2621 5486 2950 5552 Goliathum,
3016 5503 3137 5543 cum
3184 5490 3520 5559 splendidum

1935 5581 2105 5635 erexit
2132 5590 2388 5648 tropmum
2422 5597 2435 5631 :
2470 5579 2802 5649 philosophia
2836 5581 2922 5634 illa
2952 5596 3110 5652 quam
3134 5583 3374 5638 exhibuit
3395 5598 3520 5654 erga

1934 5671 2168 5727 Saulem.
2189 5670 2556 5740 Evangelieam
2586 5671 2727 5725 enim
2755 5670 2988 5726 05tendit
3009 5672 3517 5741 magnanimitatem,

1935 5778 2055 5818 cum
2103 5763 2399 5817 sexcenties
2442 5761 2648 5817 hostem
2694 5777 2803 5832 prie
2841 5763 3086 5818 manibus
3125 5763 3385 5827 habui-rit,
3434 5766 3518 5818 cui

1939 5868 2149 5925 seraper
2174 5854 2444 5925 pepercit;
2476 5853 2767 5925 maluitque
2789 5855 3031 5925 patriam,
3066 5854 3383 5925 libertatem,
3411 5857 3519 5911 imo
