4038 6364
519 346 624 403 345

518 463 682 517 vitam
711 461 979 524 amittere,
1008 477 1168 531 quam
1199 461 1297 516 sibi
1343 463 1538 530 injuste
1579 462 1913 517 insidiantem
1936 461 2107 515 inter-

522 552 684 606 ficere
729 551 856 605 Fest
882 550 1131 619 adeptum
1159 567 1370 621 quoque
1389 567 1610 620 regnum
1637 567 1742 605 non
1775 566 1931 619 parva
1964 563 2109 606 recte

524 643 712 712 gessit.
763 642 934 711 Supra
980 642 1292 697 memoratis
1336 642 1579 696 addenda
1606 642 1720 710 ejus
1755 642 1894 712 apud
1922 656 2110 696 omnes

518 734 861 799 existimatio,
897 749 1018 788 nam
1045 733 1188 804 quod
1215 749 1246 788 a
1277 743 1421 788 tanta
1449 734 1614 803 gloria
1641 734 1944 799 excidisset,
1999 749 2107 789 non

519 841 740 894 parvum
787 824 951 880 animi
990 834 1193 880 motum
1239 826 1476 881 excitare
1521 835 1749 896 poterat.
1803 826 1916 880 Non
1961 828 2107 882 enim

519 925 724 970 tantum
753 916 980 972 ornabat
1004 932 1254 987 purpura:
1274 917 1460 980 decus.
1485 927 1741 989 quantum
1767 917 1973 987 pudore
1991 918 2108 972 suf-

516 1008 771 1063 fundebat
800 1009 1001 1078 peccati
1028 1010 1159 1064 tanti
1185 1009 1410 1065 macula.

587 1100 641 1154 8.
682 1098 844 1156 Scitis
893 1115 1057 1171 porro
1107 1117 1268 1171 quam
1315 1116 1556 1157 amarum
1601 1102 1672 1158 sit
1715 1117 1837 1158 cum
1888 1110 2106 1172 peccata

515 1192 856 1262 evulgantur,
906 1203 961 1248 et
1004 1201 1204 1264 quanto
1244 1193 1316 1248 sit
1356 1207 1491 1263 opus
1527 1193 1728 1259 animo,
1761 1203 1878 1248 uta
1921 1193 2105 1250 multis

513 1297 796 1344 accusatus
832 1288 934 1352 vir,
981 1295 1169 1358 totque
1213 1287 1418 1344 habens
1458 1288 1720 1344 scelerum
1764 1296 1954 1355 testes,
1996 1302 2106 1343 non

516 1396 736 1449 prorsus
761 1379 1028 1436 concidat.
1058 1382 1307 1436 Attamen
1335 1388 1584 1436 strenuus
1620 1379 1711 1435 ille
1737 1381 1840 1446 vir,
1869 1380 1972 1434 tela
2003 1380 2102 1434 ist-

515 1473 632 1528 haec
660 1471 837 1526 omnia
873 1471 943 1526 ab
972 1472 1151 1526 anima
1178 1486 1273 1526 sua
1299 1471 1514 1536 evulsit,
1558 1470 1858 1541 deindeque
1887 1471 1956 1525 ita
1990 1471 2104 1526 ela-

513 1566 640 1630 ruit,
688 1565 760 1618 ita
799 1564 1038 1620 maculas
1079 1563 1250 1629 eluit,
1292 1563 1366 1618 ita
1418 1563 1651 1618 mundus
1690 1563 1971 1634 apparuit,
2043 1571 2103 1617 ut

511 1659 670 1712 etiam
722 1666 842 1726 post
889 1665 1119 1711 mortem
1161 1665 1416 1726 nepotum
1442 1671 1663 1712 suorum
1696 1665 1916 1726 peccata
1943 1657 2102 1712 obte-

510 1758 661 1819 geret
689 1765 704 1803 :
733 1759 788 1804 et
811 1749 954 1819 quod
984 1748 1054 1805 de
1081 1748 1391 1804 Abrahamo
1415 1748 1629 1805 dixerat
1651 1749 1810 1812 Deus,
1858 1748 1913 1804 id
1939 1749 2101 1804 etiam

509 1844 578 1898 de
621 1843 713 1897 illo
759 1841 1055 1912 proferret;
1095 1843 1205 1898 imo
1248 1843 1417 1898 multo
1459 1843 1630 1913 magis
1667 1841 1738 1898 de
1770 1841 1992 1898 Davide.
2024 1842 2103 1899 De

509 1936 813 2005 patriarcha
853 1935 1000 1990 enim
1034 1935 1111 1989 ait
1158 1952 1173 1990 :
1216 1933 1535 1989 Recordatus
1555 1951 1669 1988 sum
1697 1934 1980 1990 testamenti
2004 1935 2104 1989 mei

508 2029 643 2096 quod
672 2029 768 2098 fuit
795 2027 865 2081 ad
884 2027 1143 2082 Abraham
1165 2026 1362 2097 (Exod.
1384 2027 1440 2081 2.
1465 2026 1594 2096 24);
1624 2025 1711 2082 hic
1735 2041 1865 2082 vero
1891 2039 1998 2081 non
2017 2025 2100 2081 lo-

507 2119 687 2187 quitur
709 2118 780 2174 de
809 2127 1132 2175 testamento
1164 2135 1178 2172 :
1209 2118 1305 2174 sed
1333 2117 1501 2188 quid?
1530 2116 1752 2188 Propter
1780 2116 1950 2172 David
1969 2134 2100 2187 pue-

508 2228 625 2264 rum
663 2227 830 2264 meum
873 2219 1137 2282 protegam
1178 2209 1311 2264 hanc
1351 2210 1603 2265 civitatem
1646 2207 1816 2280 (Isai.
1847 2210 1937 2266 57.
1963 2207 2096 2280 55).

506 2303 845 2357 Salomonem
871 2301 1032 2356 etiam
1060 2301 1150 2370 qui
1181 2308 1327 2355 tanta
1360 2299 1564 2356 scelera
1589 2299 1826 2368 admisit,
1853 2300 1924 2357 ob
1946 2315 2101 2356 suam

509 2409 633 2464 erga
681 2393 933 2448 Davidem
972 2392 1400 2450 benevolentiam
1451 2408 1560 2447 non
1597 2392 1843 2463 permisit
1886 2392 2030 2449 Deus
2069 2408 2102 2449 θ

509 2501 673 2555 regno
711 2484 980 2540 excidere.
1033 2483 1310 2554 Tantaque
1349 2492 1465 2540 erat
1499 2483 1599 2538 viri
1645 2483 1994 2548 existimatio,
2043 2492 2104 2540 ut

510 2585 628 2643 post
659 2585 736 2629 tot
768 2589 938 2630 annos
981 2575 1172 2630 Petrus
1211 2575 1266 2630 in
1299 2575 1558 2631 concione
1598 2575 1667 2630 ad
1703 2575 1920 2631 Judteos
1956 2575 2102 2632 dice—

509 2681 594 2724 ret.
630 2685 644 2722 :
679 2667 851 2722 Liceat
889 2669 1136 2723 audenter
1161 2668 1329 2722 dicere
1367 2668 1436 2722 ad
1465 2685 1551 2724 uos
1579 2669 1644 2724 de
1670 2668 1962 2739 patriarcha
1984 2667 2098 2723 Da-

508 2761 614 2824 vid,
648 2761 886 2828 quoniam
930 2759 1195 2825 defunctus
1229 2767 1302 2814 est
1349 2769 1396 2813 et
1450 2759 1676 2830 sepultus
1731 2758 1866 2831 (Act.
1895 2757 1951 2816 2.
1978 2758 2097 2830 29).

506 2853 752 2908 Christus
805 2868 1018 2922 quoque
1067 2851 1282 2908 Judazos
1332 2851 1637 2922 alloquens,
1691 2849 1928 2906 ostendit
1975 2865 2097 2907 eum

506 2945 667 2998 etiam
711 2952 831 3014 post
872 2953 1150 3013 peccatum
1193 2944 1264 2998 ita
1311 2944 1542 3012 Spiritus
1584 2944 1754 3013 gratia
1796 2942 2096 3014 dignatum,

506 3049 565 3092 nt
610 3037 771 3092 etiam
820 3036 888 3091 de
937 3036 1105 3104 ipsius
1151 3035 1427 3090 divinitate
1473 3034 1808 3105 prophetiam
1855 3035 2100 3091 emittere

505 3130 763 3184 meruerit
813 3147 826 3183 :
873 3128 1104 3198 indeque
1146 3129 1382 3202 ipsorum
1411 3142 1506 3183 ora
1531 3128 1790 3183 obturans
1835 3127 2047 3184 dicebat
2081 3144 2095 3181 :

512 3221 779 3289 Quomodo
815 3225 940 3292 ergo
978 3219 1148 3274 David
1188 3222 1242 3275 in
1282 3221 1466 3290 spiritu
1489 3229 1633 3273 uocat
1661 3235 1775 3273 eum
1801 3218 2096 3283 Dominum,

505 3315 698 3379 dicens,
742 3313 887 3368 Dixit
929 3313 1174 3368 Dominus
1219 3312 1441 3367 Domino
1481 3328 1624 3378 meo,
1668 3311 1804 3368 Sede
1847 3328 1880 3364 a
1908 3312 2101 3366 dextris

505 3407 627 3460 meis
660 3405 872 3476 (Matth.
899 3404 992 3460 22.
1024 3405 1162 3475 4'5)?
1190 3405 1260 3459 Et
1282 3404 1425 3474 quod
1457 3404 1510 3458 in
1529 3403 1710 3474 Moyse
1735 3401 1934 3458 factum
1972 3411 2058 3460 est
2080 3444 2099 3471 ,

506 3495 610 3550 hoc
633 3496 796 3551 etiam
825 3495 877 3549 in
905 3494 1126 3550 Davide.
1172 3493 1634 3560 Quemadmodum
1676 3494 1823 3549 enim
1852 3492 2096 3560 Mariam,

503 3587 672 3641 invito
699 3587 860 3642 etiam
885 3585 1086 3658 Moyse,
1113 3585 1394 3657 castigavit
1436 3586 1598 3654 Deus,
1620 3600 1687 3642 eo
1710 3584 1855 3657 quod
1874 3586 2096 3642 fratrem

1263 347 1320 404 S.
1362 347 1641 406 JOANNIS
1676 346 2151 405 CIIRYSOSTOIII
2185 346 2502 404 ARClllEP.
2541 345 3075 403 CONSTANTINOP.

3689 359 3780 416 5H

2217 465 2545 522 contumelia
2565 465 2854 530 affecisset,
2878 467 3003 536 quia
3028 481 3226 536 nempe
3247 477 3494 521 sanetum
3521 467 3667 522 illum
3689 472 3775 526 ad-

2216 558 2438 612 modum
2468 557 2725 628 diligebat
2753 576 2766 612 :
2800 558 2900 620 sic,
2931 568 2987 612 et
3016 559 3120 613 hoc
3152 558 3393 625 nolente,
3425 559 3592 613 ﬁlium
3621 562 3778 614 rebel~

2214 649 2318 704 lem
2344 651 2489 705 ultus
2516 661 2619 706 est.
2645 651 2770 706 llaec
2793 668 2917 706 cum
2938 652 3079 715 aliis,
3113 652 3361 722 imoipraa
3388 653 3529 717 aliis,
3561 654 3657 707 viri
3679 655 3778 709 vir-

2213 751 2384 810 tutem
2419 743 2548 798 satis
2586 744 2879 800 declarant.
2927 743 3060 797 Nam
3095 760 3220 797 cum
3258 743 3398 798 Deus
3431 743 3537 798 fert
3571 754 3777 800 senten-

2213 833 2364 892 tiam.
2396 834 2533 888 nihil
2559 834 2698 888 ultra
2731 835 3144 903 explorandum.
3183 834 3240 888 Si
3272 835 3436 889 vultis
3470 844 3650 888 autem
3675 837 3778 904 ejus

2211 918 2600 990 philosophiam
2641 919 2941 973 minutatim
2973 917 3238 985 ediscere,
3277 918 3402 973 licet
3431 920 3776 987 percurrenti-

2207 1011 2310 1067 bus
2360 1010 2634 1065 historiam
2689 1025 2876 1065 eorum
2921 1025 3041 1080 qum
3085 1018 3209 1079 post
3251 1017 3528 1078 peccatum
3579 1009 3777 1078 gessit,

2207 1102 2390 1160 videre
2433 1114 2684 1172 quantam
2729 1101 2819 1156 ille
2855 1100 2995 1170 apud
3027 1101 3190 1155 Deum
3231 1099 3478 1154 ﬁduciam
3506 1099 3776 1166 habuerit,

2207 1202 2404 1264 quanta
2443 1195 2561 1263 ejus
2602 1193 2973 1250 benevolentia
3009 1193 3259 1263 dignatus
3298 1193 3390 1257 sit,
3438 1199 3688 1261 quantum
3729 1192 3776 1246 in

2208 1289 2402 1344 virtute
2424 1289 2727 1357 profecerit,
2756 1304 2915 1360 quam
2943 1296 3091 1344 recte
3117 1288 3185 1342 ad
3213 1288 3457 1342 ultimum
3487 1302 3654 1356 usque
3681 1288 3779 1355 spi-

2207 1381 2366 1436 ritum
2388 1381 2599 1436 vixerit.
2628 1381 2722 1435 llis
2749 1382 2908 1450 igitur
2930 1379 3192 1450 exemplis
3218 1379 3465 1441 instituti,
3486 1377 3774 1446 vigilemus,

2206 1487 2597 1542 caveamusque
2624 1488 2691 1527 ne
2720 1472 2965 1526 labamur
2997 1487 3012 1525 :
3051 1469 3194 1540 quod
3221 1472 3265 1525 si
3292 1469 3506 1540 quando
3531 1468 3637 1522 labi
3663 1484 3780 1524 con-

2205 1564 2395 1635 tingat,
2442 1579 2511 1619 ne
2556 1563 2807 1633 prostrati
2838 1563 3132 1634 jaceamus.
3189 1562 3371 1632 Neque
3411 1564 3551 1616 enim
3573 1573 3776 1633 peccata

2205 1655 2424 1724 Davidis
2449 1657 2695 1725 exposui,
2735 1664 2794 1711 ut
2820 1671 2917 1710 vos
2947 1655 2998 1710 in
3025 1654 3304 1724 segnitiem
3332 1654 3614 1723 conjiciam
3639 1670 3652 1718 ;
3691 1653 3779 1708 sed

2206 1757 2264 1802 ut
2291 1747 2538 1803 timorem
2564 1747 2839 1802 incutiam.
2873 1746 3007 1802 Nam
3037 1747 3081 1802 si
3107 1746 3283 1817 justus
3315 1746 3428 1814 ille,
3455 1747 3578 1817 quia
3609 1761 3778 1815 parum

2204 1840 2471 1910 neglexit,
2522 1847 2600 1894 tot
2638 1840 2850 1910 excepit
2890 1839 3132 1905 vulnera,
3182 1837 3310 1909 quid
3350 1839 3558 1909 passuri
3610 1853 3783 1894 sumus

2204 1949 2323 2000 nos,
2352 1934 2441 2004 qui
2468 1933 2706 2004 quotidie
2733 1947 2924 2002 segnes
2949 1947 3134 1988 sumus
3153 1933 3179 1986 ?
3218 1931 3295 1988 Ne
3319 1933 3526 2003 cogites
3562 1947 3689 2003 ergo
3714 1932 3783 1986 la-

2205 2042 2358 2098 psum
2399 2027 2543 2082 illum
2580 2041 2722 2094 esse,
2755 2034 2814 2081 ut
2857 2025 2982 2081 hinc
3022 2025 3298 2096 negligens
3321 2024 3560 2083 evadas:
3593 2023 3685 2080 sed
3707 2032 3781 2078 te-

2202 2133 2326 2174 cum
2351 2105 2541 2188 repota
2570 2126 2702 2189 quot
2721 2127 3024 2187 quantaque
3049 2126 3234 2186 postea
3267 2116 3469 2181 fecerit,
3525 2124 3658 2186 quot
3697 2116 3784 2171 ﬁe-

2205 2221 2309 2279 tus,
2342 2220 2596 2283 quantam
2636 2211 3004 2280 paenitentiam
3049 2218 3205 2264 nocte
3236 2209 3431 2280 dieque
3457 2208 3784 2275 exhibuerit,

2203 2305 2378 2361 fontes
2418 2304 2777 2375 lacrymarum
2827 2303 3099 2368 emittens,
3146 2301 3317 2371 iisque
3366 2302 3572 2356 lavans.
3603 2301 3782 2356 lectqu

2202 2412 2389 2461 suum;
2438 2407 2491 2451 et
2530 2396 2644 2450 haec
2687 2409 2845 2450 sacco
2894 2393 3130 2448 indutus.
3186 2392 3243 2448 Si
3282 2401 3462 2448 autem
3510 2393 3604 2447 ille
3649 2401 3783 2449 tanta

2202 2490 2409 2560 eguerit
2436 2487 2812 2551 conversione,
2840 2501 2943 2555 qua
2975 2484 3183 2540 ratione
3211 2484 3504 2554 poterimus
3533 2497 3635 2538 nos
3655 2484 3761 2537 salu

2205 2592 2310 2638 tem
2341 2581 2616 2650 consequi,
2665 2592 2790 2651 post
2827 2587 2906 2633 tot
2936 2588 3153 2649 peccata
3185 2576 3335 2632 nullo
3359 2577 3668 2645 compuncti
3693 2575 3783 2629 do-

2202 2675 2354 2729 lore?
2382 2672 2512 2728 Nam
2544 2673 2633 2742 qui
2680 2671 2861 2725 multis
2889 2670 3144 2739 operibus
3172 2668 3328 2724 bouis
3354 2669 3647 2722 instructus
3690 2675 3784 2730 est,

2202 2766 2357 2822 facile
2397 2766 2566 2836 possit
2613 2764 2739 2820 hinc
2780 2773 2996 2834 peccata
3042 2778 3138 2817 sua
3165 2762 3421 2832 obtegere
3453 2778 3465 2813 :
3496 2761 3592 2831 qui
3618 2769 3784 2813 autem

2203 2859 2375 2914 nudus
2418 2867 2522 2921 est,
2568 2871 2904 2926 quocumque
2943 2854 3050 2909 telo
3087 2854 3398 2923 itnpetatur,
3430 2852 3647 2908 letalem
3679 2850 3788 2920 pla-

2201 2965 2322 3021 gam
2353 2949 2566 3018 accipit.
2617 2947 2696 3002 Ne
2724 2947 2882 3016 igitur
2909 2945 3014 3000 hoc
3038 2945 3266 3010 accidat,
3300 2959 3399 2998 nos
3428 2943 3589 2998 bonis
3615 2941 3786 3013 operi-

2200 3045 2303 3099 bus
2329 3044 2344 3074 ²
2395 3042 2718 3104 muniamus,
2769 3049 2824 3095 et
2868 3039 2911 3094 si
2955 3037 3097 3107 quod
3138 3046 3418 3108 peccatum
3447 3036 3784 3095 admittatur,

2200 3133 2484 3190 confestim
2513 3147 2612 3187 nos
2641 3132 2958 3194 abluamus;
2993 3139 3050 3184 ut
3079 3128 3180 3184 hac
3216 3129 3322 3182 vita
3353 3129 3420 3182 ad
3449 3127 3545 3182 Dei
3573 3111 3816 3198 gloriam.

2201 3235 2441 3296 peracta,
2487 3225 2660 3279 futura
2695 3224 2781 3277 illa
2817 3223 3055 3278 fruamur
3083 3223 3190 3275 vita
3222 3239 3235 3275 :
3265 3236 3425 3290 quam
3467 3234 3569 3275 nos
3609 3231 3792 3272 omnes

2201 3319 2423 3388 assequi
2452 3317 2746 3386 contingat,
2774 3315 2941 3385 gratia
2971 3323 3026 3369 et
3047 3313 3373 3385 benignitate
3397 3311 3609 3366 Domini
3631 3309 3790 3365 nostri

2200 3409 2327 3466 Jesu
2357 3407 2578 3476 Christi,
2607 3408 2693 3464 cui
2713 3406 2890 3478 gloria
2915 3415 2972 3462 et
2998 3406 3280 3476 imperium
3312 3404 3365 3458 in
3394 3403 3595 3459 saecula
3623 3417 3791 3457 srecu-

2202 3502 2400 3556 lorum.
2434 3502 2630 3556 Amen.

2267 3595 2285 3625 ι
2322 3592 2379 3642 In
2401 3590 2567 3642 Morel.
2590 3589 2714 3651 solo,
2731 3589 2810 3639 hae
2834 3601 2999 3648 voces,
3023 3586 3156 3638 battis
3177 3584 3420 3650 operibus,
3441 3584 3676 3634 deerant.

504 3706 3790 3737 _________________________________________________._.

1580 3817 1933 3880 HOMILIA
1980 3818 2251 3882 XXVII.
2293 3817 2382 3882 al.
2426 3815 2728 3878 XXVIII.

502 3938 635 3995 Car.
692 3937 746 3994 8.
795 3953 850 3992 γ.
901 3939 990 3995 M.
1042 3936 1111 3992 Et
1160 3953 1278 3992 cum
1330 3938 1542 3994 uenisset
1585 3936 1736 3994 Iesus
1780 3941 1836 3994 in
1890 3939 2098 3994 domum

575 4029 743 4098 Petri,
786 4029 910 4085 uidit
946 4046 1149 4086 socrum
1189 4031 1300 4102 ejus
1333 4032 1588 4102 jacentem
1611 4039 1659 4086 et
1693 4032 2054 4102 febricitantem
2079 4048 2099 4088 :

575 4123 666 4178 15.
705 4130 755 4176 et
792 4122 951 4194 tetigit
980 4138 1188 4176 manum
1226 4123 1357 4193 ejus,
1387 4131 1436 4178 et
1459 4123 1664 4193 reliquit
1693 4139 1806 4178 eam
1833 4123 1987 4195 febris
2008 4141 2028 4179 :
2052 4133 2100 4180 et

575 4215 796 4269 surrexit
821 4222 869 4268 et
894 4213 1211 4268 ministrabat
1235 4214 1302 4268 ei.

575 4307 632 4359 1.
674 4305 882 4360 Marcus
931 4315 987 4360 ut
1027 4313 1240 4375 tempus
1287 4305 1651 4374 signiﬁcaret,
1686 4305 1862 4374 dixit,
1911 4306 2102 4362 Statim

506 4395 714 4466 (Marc.
747 4398 798 4451 1.
829 4397 966 4466 51):
1007 4395 1094 4451 hic
1121 4411 1248 4450 vero
1291 4396 1503 4466 signum
1535 4398 1872 4452 solummodo
1904 4400 2100 4468 posuit,

508 4499 825 4559 tempusque
855 4503 958 4542 non
987 4487 1210 4543 notavit.
1232 4489 1344 4543 .Alii
1369 4497 1548 4544 autem
1576 4489 1778 4558 dicunt,
1798 4506 1996 4562 aegram
2017 4491 2105 4548 de-

507 4582 847 4636 cuinbcntem
895 4595 1113 4651 rogasse
1162 4580 1310 4634 illum
1350 4598 1363 4634 :
1410 4581 1499 4636 hic
1546 4597 1709 4652 porro
1762 4583 1890 4638 illud
1941 4585 2103 4640 etiam

508 4672 693 4727 tacuit.
741 4671 796 4726 ln
840 4686 942 4742 qua
982 4687 1041 4727 re
1072 4681 1246 4728 tamen
1297 4673 1440 4728 nulla
1475 4683 1558 4728 est
1582 4673 1976 4744 discrepantia;
2007 4676 2103 4732 sed

506 4763 652 4818 aliud
692 4774 776 4818 est
824 4763 1119 4830 brevitatis,
1163 4764 1305 4819 aliud
1347 4765 1600 4835 plenioris
1627 4768 1970 4824 narrationis.
1997 4766 2105 4824 Sed

509 4873 606 4912 cur
636 4861 909 4928 ingressus
937 4865 1020 4912 est
1047 4857 1097 4912 in
1142 4857 1359 4912 domum
1402 4859 1584 4914 Petri?
1619 4859 1746 4914 Mihi
1776 4860 1990 4929 quidem
2022 4861 2104 4916 vi-

510 4949 665 5004 detur
693 4990 709 5015 ,
742 4957 801 5003 ut
842 4949 1022 5003 cibum
1062 4958 1344 5004 sumeret:
1374 4949 1425 5004 id
1471 4949 1612 5020 quod
1655 4949 1941 5021 signiﬁcat,
1982 4966 2103 5007 cum

508 5042 584 5095 ait
612 5058 626 5094 :
656 5040 914 5107 Surrexit,
946 5049 992 5093 et
1023 5040 1339 5094 ministrabat
1374 5041 1441 5095 ei.
1469 5041 1599 5094 Nam
1639 5041 1780 5111 apud
1815 5042 2107 5112 discipulos

509 5133 832 5197 divertebat,
867 5141 924 5186 ut
943 5139 998 5186 et
1024 5131 1162 5202 apud
1192 5131 1519 5198 Mattbzeum,
1543 5133 1757 5202 quando
1779 5133 1924 5187 illum
1951 5149 2108 5189 voca-

509 5227 605 5290 vit,
632 5232 836 5281 honore
865 5225 985 5280 illos
1004 5225 1246 5280 alliciens
1273 5234 1333 5280 ut
1350 5225 1697 5280 studiosiores
1727 5225 1992 5282 redderet.
2025 5227 2106 5282 Tu

514 5333 642 5373 vero
673 5318 759 5373 hic
783 5317 916 5372 mihi
941 5318 1252 5374 consideres
1279 5319 1435 5373 velim
1465 5317 1606 5372 Petri
1631 5332 1756 5388 erga
1777 5319 1927 5373 illum
1955 5334 2108 5374 reve-

511 5410 760 5466 rentiam.
793 5409 926 5465 Cum
968 5410 1109 5465 enim
1141 5425 1355 5465 socrum
1399 5408 1622 5466 haberet
1658 5410 1801 5464 domi
1840 5410 2106 5480 jacentem

515 5513 570 5558 et
592 5501 878 5558 admodum
916 5501 1328 5567 febricitantem,
1369 5517 1476 5556 non
1518 5502 1680 5557 traxit
1717 5517 1839 5558 eum
1866 5503 2106 5570 domum,

514 5596 610 5651 sed
657 5595 990 5665 exspectavit
1033 5597 1208 5652 donec
1246 5596 1504 5651 doetrince
1535 5597 1842 5666 praedicatio
1865 5597 2138 5669 absolve-,

514 5694 686 5752 retur,
729 5688 1019 5759 caeterique
1056 5703 1245 5744 omnes
1289 5699 1629 5751 sanarentur,
1659 5696 1715 5746 et
1738 5698 1864 5744 tunc
1893 5688 2108 5744 demum

519 5791 641 5833 cum
670 5778 944 5849 intrasset,
971 5778 1122 5837 illum
1149 5780 1375 5853 rogavit.
1400 5779 1488 5837 Sic
1514 5779 1582 5836 ab
1600 5780 1756 5838 initio
1788 5781 2102 5839 institueba-

2206 3947 2308 4004 tur,
2337 3947 2398 3992 ut
2426 3952 2513 3992 res
2550 3935 2778 3990 aliorum
2813 3934 2925 3990 suis
2950 3941 3322 4004 anteponeret.
3347 3933 3531 4004 Itaque
3561 3947 3668 3987 non
3698 3925 3795 3980 Pc-

2205 4040 2319 4087 trus
2345 4031 2516 4101 ipsum
2535 4028 2770 4091 induxit,
2792 4026 2885 4082 sed
2904 4027 3017 4096 ipse
3036 4035 3230 4095 sponte
3247 4026 3486 4092 intravit,
3518 4035 3797 4094 postquam

2204 4122 2449 4180 centurio
2469 4115 2676 4177 dixera't
2704 4137 2718 4173 :
2745 4117 2868 4174 Non
2886 4135 3000 4172 sum
3016 4121 3221 4188 dignus,
3247 4127 3302 4171 ut
3322 4117 3478 4172 intres
3498 4116 3595 4172 sub
3620 4125 3798 4170 tectum

2204 4230 2409 4279 meum;
2448 4213 2730 4269 declarans
2783 4221 3040 4282 quantum
3083 4209 3470 4281 gratiﬁcaretur
3512 4207 3796 4279 discipulo.

2205 4307 2365 4379 Atqui
2391 4307 2702 4364 consideres
2729 4306 2890 4361 velim
2916 4303 3104 4375 quales
3126 4312 3309 4359 essent
3343 4303 3672 4372 piscatorum
3704 4299 3798 4352 lto-

2207 4417 2391 4457 rumce
2414 4401 2589 4465 aedes;
2620 4409 2854 4455 attamen
2885 4399 2937 4453 in
2987 4398 3197 4453 illorum
3227 4396 3432 4467 tuguria
3465 4395 3673 4450 intrare
3699 4408 3800 4447 non

2207 4495 2524 4565 dedignatus
2552 4504 2634 4550 est
2653 4512 2666 4554 :
2693 4508 2800 4564 quo
2820 4507 2918 4547 nos
2937 4491 3159 4547 doceret
3185 4499 3242 4544 ut
3267 4489 3318 4544 in
3341 4489 3596 4544 omnibus
3611 4487 3800 4543 fastum

2207 4588 2478 4642 calcemus
2505 4587 2816 4640 humanum.
2865 4584 2931 4639 Et
2957 4582 3118 4638 modo
3146 4582 3360 4654 quidem
3390 4581 3573 4637 verbis
3602 4588 3801 4635 tantum

2208 4690 2384 4744 sanat,
2419 4679 2578 4734 modo
2616 4694 2832 4734 manum
2856 4667 3120 4748 porrigit,
3152 4675 3315 4732 modo
3345 4685 3637 4746 utrumque
3667 4688 3801 4744 pnn-

2208 4777 2334 4833 stat,
2368 4769 2685 4824 medicinam
2714 4767 2785 4821 ob
2815 4768 3002 4822 oculos
3028 4765 3248 4822 ducens.
3281 4765 3398 4821 Non
3419 4766 3567 4822 enim
3594 4763 3804 4819 volebat

2209 4877 2426 4932 semper
2470 4860 2734 4931 stupende
2775 4860 2934 4915 modo
2985 4860 3239 4914 miracula
3285 4858 3470 4913 edere.
3512 4855 3804 4928 Oportebat

2207 4955 2405 5025 quippe
2427 4954 2638 5008 interim
2661 4953 2847 5018 latore,
2871 4953 3101 5007 maxime
3120 4951 3478 5021 prtesentibus
3502 4949 3802 5019 discipulis,

2209 5047 2298 5117 qui
2329 5062 2393 5101 ex
2427 5047 2591 5100 nimio
2629 5046 2824 5115 gaudio
2850 5045 3025 5099 omnia
3063 5045 3462 5114 praedicasseut.
3497 5043 3637 5098 Illud
3682 5055 3805 5096 vero

2211 5140 2334 5194 hinc
2362 5139 2531 5209 palam
2560 5149 2663 5206 est,
2695 5139 2836 5210 quod
2869 5148 3146 5209 postquam
3193 5139 3429 5194 venisset
3463 5138 3515 5191 in
3545 5143 3804 5198 montem,

2210 5231 2526 5302 praeciperet
2553 5231 2851 5301 discipulis,
2887 5247 2955 5287 ne
2981 5231 3065 5286 cui
3092 5231 3144 5285 id
3175 5231 3436 5286 dicerent.
3455 5229 3659 5300 Tetigit
3683 5243 3808 5296 ergo

2212 5339 2428 5393 corpus,
2462 5339 2638 5394 neque
2664 5322 2824 5378 modo
2855 5322 3047 5378 febrim
3078 5321 3356 5384 exstinxit,
3390 5321 3484 5378 sed
3514 5331 3574 5377 et
3606 5321 3809 5375 valetu-

2213 5417 2393 5472 dinem
2437 5416 2592 5486 plene
2632 5415 2900 5471 restituit:
2929 5415 3054 5486 quia
3081 5415 3224 5470 cnim
3265 5415 3396 5471 levis
3421 5423 3538 5470 erat
3566 5413 3804 5473 morbus,

2213 5524 2278 5564 ex
2304 5506 2551 5563 medendi
2590 5507 2749 5561 modo
2776 5507 3063 5577 potentiam
3104 5521 3254 5562 suam
3280 5505 3544 5570 ostendit;
3590 5503 3644 5559 id
3672 5499 3810 5574 quod

2213 5592 2302 5655 ars
2332 5598 2608 5654 medicina:
2636 5614 2742 5652 non
2769 5597 3002 5653 fecisset.

2289 5691 2530 5747 Christus
2545 5690 2780 5745 celeriter
2795 5689 2996 5744 morbos
3012 5687 3544 5761 auferebat.—Scitis
3561 5697 3810 5742 cessante

2219 5783 2369 5839 febre
2394 5783 2564 5839 multo
2593 5790 2835 5855 tempore
2862 5797 3000 5854 opus
3019 5797 3160 5847 esse,
3195 5793 3253 5838 ut
3273 5781 3401 5854 πέει-ἰ
3428 5779 3479 5834 in
3516 5778 3807 5852 pristinam
