4038 6364
405 421 512 478 355

407 539 604 594 πολλοῦ
648 539 729 594 δεῖ
773 540 966 611 χρόνου
998 537 1162 594 πάλιν
1200 544 1312 605 τοῖς
1352 541 1681 613 κάμνουσιν,
1711 542 1852 597 ὥστε
1881 546 1960 608 είς
1989 545 2087 614 τὴν

407 624 681 696 προτέραν
719 625 930 692 ὑγίειαν
965 625 1299 680 ἐπανελθεῖν.
1359 627 1521 681 Ἀλλά
1563 628 1686 681 τότε
1731 628 1867 699 όμοῦ
1913 629 2088 682 πάντα

406 708 641 775 ἐγένετο.
681 707 785 762 Kal
821 709 922 761 οὐκ
956 707 1192 762 ἐνταῦθα
1225 709 1404 779 μόνον,
1436 710 1573 763 ἀλλά
1601 711 1694 765 καὶ
1734 711 1828 764 ἐπὶ
1854 711 1956 780 τῆς
1988 711 2086 765 θα-

404 789 625 861 λάττης.
674 790 810 843 υύδέ
843 790 953 862 γὰρ
988 792 1104 844 ἐκεῖ
1129 794 1256 853 τοὺς
1285 793 1519 863 ἀνέμους
1553 793 1756 847 ἔπαυσε
1799 794 1958 865 μόνον
1991 794 2087 848 καὶ

402 873 497 927 τὸν
528 873 794 944 χειμῶνα,
833 873 972 928 ἀλλά
995 876 1090 928 καὶ
1112 875 1204 928 τὸν
1233 876 1393 928 σάλον
1433 877 1638 941 εὐθέως
1666 877 1914 948 ἔστησεν,
1946 879 2086 949 ὅπερ

404 956 500 1009 καὶ
528 955 688 1010 τοῦτο
707 956 858 1022 ξένον
887 953 985 1028 ἦν·
1023 959 1071 1010 εί
1103 958 1211 1028 γὰρ
1245 958 1340 1010 καὶ
1364 957 1514 1032 [527]
1539 961 1571 1030 ή
1599 959 1735 1030 ζάλη
1758 960 1960 1030 λήξειε,
1989 961 2087 1029 μέ-

403 1058 496 1110 χρι
522 1041 716 1114 πολλοῦ
742 1042 891 1112 μένει
915 1044 984 1094 τὰ
1013 1041 1180 1096 ὕδατα
1203 1043 1558 1114 σαλευόμενα.
1595 1044 1734 1098 Ἀλλ’
1758 1046 1858 1099 οὐκ
1880 1046 1971 1098 ἐπὶ
1989 1045 2084 1099 τοῦ

403 1125 640 1196 Χριστοῦ
671 1125 874 1190 οὕτως,
908 1127 1022 1179 ἀλλ’
1048 1128 1183 1197 ὁμοῦ
1212 1129 1393 1182 πάντα
1424 1129 1609 1182 ἐλύετο
1635 1146 1648 1159 ο
1687 1131 1821 1201 ὅπερ
1855 1128 1950 1184 οὖν
1991 1131 2086 1184 xal

403 1210 497 1261 ἐπὶ
521 1209 621 1280 τῆς
646 1210 904 1278 γυναικὸς
933 1211 1146 1279 γέγονε.
1183 1213 1317 1266 Διάδ
1340 1212 1500 1265 τοῦτο
1523 1214 1616 1266 καὶ
1645 1215 1928 1284 ἐμφαίνων
1954 1215 2087 1269 αὐτὸ

403 1295 434 1344 ὁ
461 1292 852 1364 εὐαγγελιστὴς
883 1293 1066 1363 ἔλεγεν
1089 1312 1102 1326 ·
1144 1295 1387 1364 Ἀνέστη
1406 1340 1420 1360 ,
1450 1297 1552 1350 καὶ
1589 1296 1855 1364 διηκόνει
1885 1297 2046 1362 αὐτῷ
2068 1315 2082 1329 ’

412 1373 442 1427 ὂ
467 1374 558 1428 καὶ
581 1375 602 1406 ⁵
639 1375 741 1446 τῆς
771 1374 871 1428 τοῦ
907 1377 1142 1448 Χριστοῦ
1175 1377 1456 1449 δυνάμεως
1486 1383 1708 1450 σημεῖον
1737 1376 1824 1451 ἦν,
1858 1381 1951 1432 καὶ
1983 1379 2086 1449 τῆς

403 1458 694 1522 διαθέσεως
735 1463 836 1530 τῆς
876 1461 1155 1528 γυναικὸς,
1193 1463 1259 1532 ἢν
1305 1465 1432 1534 περὶ
1467 1463 1560 1517 τὸν
1600 1463 1837 1532 Χριστὸν
1881 1464 2086 1518 ἐπεδεί-

406 1559 588 1597 κνυτο.
629 1544 740 1596 Kal
770 1545 954 1614 ἕτερον
995 1544 1052 1596 δέ
1085 1563 1135 1596 τι
1169 1545 1305 1615 μετά
1331 1546 1535 1599 τούτων
1579 1545 1825 1599 ἐντεῦθεν
1855 1546 1920 1600 ἂν
1951 1566 2084 1603 κατ-

405 1625 631 1698 ίδοιμεν,
669 1627 751 1680 ὅτι
779 1628 874 1682 καὶ
912 1631 977 1699 τῇ
1012 1629 1215 1700 ἐτέρων
1252 1629 1433 1682 πίστει
1468 1631 1752 1701 χαρίζεται
1789 1633 1818 1684 6
1851 1633 2087 1701 Χριστὸς

404 1711 506 1780 τὴν
534 1711 736 1780 ἐτέρων
773 1709 1058 1780 διόρθωσιν
1100 1711 1216 1781 (καὶ
1244 1712 1354 1782 γὰρ
1383 1714 1476 1765 καὶ
1515 1713 1745 1766 ἐνταῦθα
1775 1715 1951 1786 ἐτεροι
1983 1717 2084 1769 αὐ-

404 1792 498 1847 τὸν
521 1794 922 1866 παρεκάλεσαν,
952 1795 1027 1858 ὡς
1051 1796 1142 1848 καὶ
1171 1797 1265 1848 ἐπὶ
1288 1796 1382 1849 τοῦ
1413 1797 1601 1859 παιδὸς
1629 1797 1724 1850 τοῦ
1757 1799 2085 1870 ἑκατοντάρ-

405 1881 568 1950 χου)·
610 1879 894 1951 χαρίζεται
921 1879 1009 1945 δέ,
1040 1881 1168 1934 ὅταν
1205 1881 1281 1951 μὴ
1315 1881 1517 1951 ἀπιστῇ
1549 1881 1570 1911 ⁸
1613 1883 1643 1934 6
1685 1881 2083 1954 θεραπεύεσθαι

409 1962 641 2030 μέλλων,
673 1961 846 2034 ἀλλ’ἢ
880 1963 967 2017 διὰ
1004 1963 1157 2017 νόσον
1192 1963 1268 2034 μὴ
1296 1964 1518 2033 δύνηται
1547 1965 1686 2034 πρὸς
1715 1966 1878 2021 αὐτὸν
1922 1967 2080 2032 ίέναι,

409 2043 442 2115 ἢ
469 2045 534 2099 δι’
567 2045 791 2114 ἄγνοιαν
825 2045 991 2115 μηδὲν
1023 2044 1166 2116 μέγα
1194 2045 1322 2117 περὶ
1349 2045 1514 2100 αὐτοῦ
1542 2047 1902 2120 φαντάζηται,
1933 2051 1966 2122 ἢ
1995 2052 2086 2107 διὰ

401 2127 620 2198 ἠλικίαν
669 2127 867 2200 ἀωρον.
912 2129 1124 2197 Ὀψίας
1162 2128 1230 2182 δὲ
1261 2130 1623 2200 γενομένης,
1656 2132 2085 2204 προσήνεγκαν

401 2210 562 2277 αὐτῷ
620 2209 1142 2282 δαιμονιζομένους
1192 2213 1466 2280 πολλοὺς
1489 2253 1508 2278 ,
1558 2215 1660 2269 καὶ
1711 2216 1961 2282 ἐξέϐαλε
2011 2220 2086 2275 τὰ

402 2297 713 2364 πνεύματα
732 2296 834 2351 ἀπ’
863 2295 1064 2350 αὐτῶν
1081 2297 1102 2328 ⁷
1130 2298 1310 2367 λόγῳ,
1341 2297 1440 2352 καί
1464 2297 1696 2366 πάντας
1723 2301 1866 2369 τοὺς
1885 2301 2085 2371 κακῶς

400 2380 656 2449 ἔχοντες
691 2378 1118 2446 ἐθεράπευσεν,
1166 2379 1327 2447 ὅπως
1382 2381 1673 2452 πληρωθῇ
1709 2384 1777 2439 τὸ
1809 2385 1932 2441 ὑπὸ
1974 2386 2084 2442 τοῦ

401 2461 716 2530 προφήτου
752 2461 996 2516 Ἡσαΐου
1028 2461 1269 2532 λεχθὲν,
1298 2461 1389 2516 ὅτι
1421 2463 1532 2530 Τὰς
1568 2463 1888 2535 ἀσθενείας
1911 2469 2086 2539 ἡμῶν

399 2545 580 2600 ἔλαϐε
599 2545 623 2577 ⁸
637 2583 655 2612 ,
685 2545 785 2600 καί
815 2545 930 2610 τὰς
952 2547 1183 2613 νόσους
1211 2544 1567 2602 ἐϐάστασεν.
1595 2543 1751 2614 Εἶδες
1773 2549 1836 2604 16
1878 2551 2085 2624 πλῆθος

401 2627 484 2694 είς
529 2627 717 2684 πίστιν
753 2627 1123 2699 αὐξανόμενον
1161 2627 1385 2696 λοιπόν;
1417 2628 1553 2684 Οὐδὲ
1591 2631 1702 2703 γὰρ
1743 2632 1838 2686 τοῦ
1887 2636 2082 2707 καιροῦ

401 2713 824 2782 κατεπείγοντος
860 2713 1167 2784 ἀναχωρεῖν
1201 2712 1482 2783 ἠνείχοντο
1503 2730 1520 2746 ·
1561 2713 1684 2768 οὐδὲ
1724 2715 1834 2788 γὰρ
1866 2719 1887 2751 ⁸
1925 2719 2084 2775 ἄκαι-

405 2813 497 2868 ρον
547 2791 690 2851 εἶναι
741 2796 993 2868 ἐνόμιζον
1028 2797 1089 2849 ἐν
1123 2795 1337 2867 ἐσπέρᾳ
1383 2797 1680 2865 προσάγειν
1725 2801 1855 2864 τοὺς
1898 2803 2082 2876 ἀρῤώ-

403 2898 563 2944 στους
593 2879 775 2934 αὐτῶν
807 2880 872 2934 ⁸⁸.
907 2881 978 2933 Σὺ
1018 2879 1077 2934 δέ
1110 2897 1200 2951 μοι
1230 2881 1454 2947 σκόπει,
1486 2885 1652 2938 πόσον
1685 2885 1887 2957 πλῆθος
1919 2888 2083 2959 θερα-

401 2964 720 3036 πευομένων
757 2964 1198 3036 παρατρέχουσιν
1237 2964 1288 3017 οί
1334 2965 1751 3036 εὐαγγελισταὶ,
1788 2971 1909 3041 οὐχ).
1959 2972 2082 3026 καθ’

400 3048 498 3102 ἕνα
525 3049 773 3118 λέγοντες
795 3050 930 3119 ήμῖν
963 3048 1058 3102 καὶ
1084 3048 1452 3120 διηγούμενοι,
1478 3051 1594 3105 ἀλλ’
1625 3053 1706 3107 ἐνὶ
1742 3057 1947 3126 ῥήματι
1985 3057 2085 3112 πέ-

401 3131 567 3214 λαγος
601 3131 805 3214 ἄφατον
835 3131 880 3214 ¹¹ν
916 3131 1208 3203 θαυμάτων
1239 3133 1678 3204 ὑπερϐαίνοντες.
1713 3133 1848 3192 Εἶτα
1885 3140 1973 3194 ἵνα
2006 3140 2083 3214 μὴ

401 3213 566 3298 πάλιν
615 3213 677 3267 16
725 3213 956 3298 μέγεθος
991 3214 1086 3268 τοῦ
1118 3215 1394 3285 θαύματος
1423 3219 1503 3280 είς
1536 3220 1795 3274 ἀπιστίαν
1831 3213 2083 3298 ἐμϐάλῃ,

401 3300 519 3368 εεγε
545 3297 722 3369 δῆμον
742 3297 999 3352 τοσοῦτον
1038 3299 1134 3352 καὶ
1159 3298 1377 3352 ποικίλα
1411 3302 1694 3372 νοσήματα
1722 3305 1780 3357 ἐν
1821 3308 1920 3377 μιᾷ
1959 3297 2083 3362 και-

404 3381 504 3455 ροῦ
544 3383 682 3453 ῥοπῇ
723 3381 881 3434 ἔλυσε
927 3382 1021 3435 καὶ
1064 3381 1395 3454 διώρθωσεν,
1438 3385 1634 3454 ἐπάγει
1665 3385 1756 3439 16v
1795 3391 2084 3462 προφήτην

407 3465 788 3538 μαρτυροῦντα
826 3469 942 3528 τοῖς
983 3467 1290 3537 γινομένοις
1311 3509 1324 3533 ,
1372 3468 1614 3539 μεγάλην
1660 3472 1937 3542 πανταχοῦ
1984 3475 2084 3544 τὴν

401 3549 514 3604 ἀπὸ
535 3549 645 3602 τῶν
667 3548 902 3620 Γραφῶν
932 3549 1208 3616 ἀπόδειξιν
1238 3551 1372 3620 ήμῖν
1397 3546 1562 3604 οὖσαν
1585 3551 1799 3616 δεικνὺς
1816 3596 1831 3618 ,
1859 3557 2085 3611 καὶτῶν

407 3632 651 3703 σημείων
673 3630 852 3684 αὐτῶν
874 3631 976 3684 οὐκ
995 3630 1272 3685 ἐλάττοναο
1291 3631 1386 3685 καί
1406 3649 1594 3702 φησιν,
1619 3634 1699 3688 ὅτι
1726 3635 1820 3688 καὶ
1858 3637 2086 3703 Ἡσαΐας

405 3714 579 3768 ταῦτα
604 3709 776 3777 εἶπεν,
808 3715 889 3766 ὅτι
930 3714 1039 3780 Τὰς
1071 3713 1391 3780 ἀσθενείας
1420 3715 1591 3785 ἡμῶν
1617 3717 1816 3782 ἔλαϐε,
1849 3721 1946 3774 καί
1977 3721 2085 3789 τὰς

405 3799 632 3861 νόσους
655 3796 1016 3851 ἐϐάστασεν.
1052 3798 1166 3850 Οὐκ
1191 3793 1364 3864 εἶπεν,
1395 3800 1623 3855 Ἐλυσεν
1643 3841 1657 3865 ,
1695 3803 1834 3871 ἀλλ’,
1870 3805 2085 3860 Ἕλαϐε

406 3881 506 3942 καὶ
537 3880 908 3938 ἐϐάστασεν·
941 3881 970 3934 ὃ
1000 3882 1130 3952 περὶ
1156 3882 1440 3954 ἁμαρτιῶν
1479 3884 1678 3955 μᾶλλον
1711 3887 1962 3958 εἰρῆσθαί
1994 3907 2084 3959 μοι

405 3965 554 4023 δοκεῖ
581 3964 660 4036 τῷ
697 3966 952 4037 προφήτῃ
981 3964 1288 4036 συμφώνως
1323 3965 1545 4041 Ἰωάννῃ
1570 3967 1649 4039 τῷ
1680 3969 1898 4038 λέγοντι
1917 3988 1930 4000 ·
1963 3973 2087 4028 Ἴδε

407 4052 443 4104 ό
469 4047 658 4117 ἀμνὸς
679 4046 785 4102 τοῦ
808 4048 978 4114 Θεοῦ,
1000 4051 1034 4102 o'
1054 4049 1238 4116 αἴρων
1261 4047 1376 4118 τὴν
1391 4050 1684 4119 ἁμαρτίαν
1705 4052 1812 4107 τοῦ
1827 4055 2082 4124 κόσμου.

481 4130 546 4202 β’.
583 4130 705 4196 Πῶς
730 4126 821 4184 οῦν
852 4131 895 4162 ¹¹
925 4131 1158 4185 ἐνταῦθα
1193 4132 1326 4186 αὐτὸ
1360 4133 1490 4205 περὶ
1516 4137 1841 4205 νοσημάτων
1871 4137 2085 4207 τίθησιν

407 4217 439 4268 6
471 4216 900 4286 εὐαγγελιστήςς
943 4216 1016 4268 Ἢ
1043 4215 1186 4269 κατὰ
1214 4215 1455 4288 ἱστορίαν
1483 4219 1584 4288 τὴν
1621 4221 1926 4290 μαρτυρίαν
1955 4222 2085 4274 ἀνα-

409 4298 728 4366 γινώσκων,
773 4298 814 4374 ῆ
838 4297 1016 4369 δηλῶν
1049 4299 1131 4352 ὅτι
1169 4297 1238 4352 τὰ
1267 4299 1489 4354 πλείονα
1519 4301 1627 4354 τῶν
1665 4305 1985 4374 νοσημάτων
2027 4305 2087 4371 ἐξ

409 4383 827 4458 ἁμαρτημάτων
869 4381 986 4436 ἐστὶ
1015 4381 1287 4452 ψυχικῶν.
1319 4383 1382 4436 Εἰ
1413 4384 1521 4456 γὰρ
1553 4385 1616 4438 16
1642 4387 1956 4455 κεφάλαιον,
1989 4389 2089 4442 αὑ,

409 4467 502 4530 τὸς
543 4468 572 4520 6
617 4465 874 4528 θάνατος,
914 4465 975 4537 ἐξ
1010 4467 1287 4536 ἁμαρτίας
1335 4465 1461 4536 ἔσχε
1497 4469 1599 4538 τὴν
1653 4468 1808 4540 ῥίζαν
1852 4471 1945 4524 καὶ
1990 4471 2090 4542 τὴν

411 4549 689 4608 ὑπόθεσιν.
729 4549 912 4620 πολλῷ
944 4549 1144 4619 μᾶλλον
1174 4550 1268 4607 καὶ
1301 4549 1410 4608 τῶν
1439 4551 1762 4622 νοσημάτων
1791 4553 1859 4608 τά
1884 4553 2088 4608 πολλά⁸

410 4634 536 4688 ἐπεὶ
569 4634 661 4688 καὶ
686 4632 821 4686 αὐτὸ
851 4633 912 4685 τὸ
935 4633 1212 4704 παθητοὺς
1237 4628 1378 4687 εῐναι
1407 4635 1555 4708 ἡμᾶς
1593 4636 1805 4689 ἐκεῖθεν
1844 4637 2090 4706 γέγονεν.

426 4715 584 4769 Ἰδὼν
623 4715 692 4768 δὲ
734 4717 768 4770 ό
813 4714 1048 4782 Ἰησοῦς
1097 4715 1369 4782 πολλοὺς
1421 4716 1645 4786 ὄχλους
1693 4720 1827 4788 περὶ
1873 4722 2093 4786 αὐτὸν,

413 4799 743 4856 ἐκέλευσεν
790 4797 1077 4854 ἀπελθεῖν
1121 4801 1208 4864 εἰς
1245 4800 1312 4852 τὸ
1363 4798 1572 4868 πέραν.
1631 4798 1784 4866 Εἶδες
1824 4803 1986 4857 πάλιν
2035 4805 2096 4858 16

413 4884 800 4954 ἁκόμπαστονς
835 4883 896 4936 Οἱ
931 4883 1031 4952 μὲν
1057 4881 1166 4953 γὰρ
1195 4882 1345 4938 ἄλλοι
1375 4886 1568 4952 φασὶν,
1595 4887 1678 4939 ὅτι
1709 4891 1820 4951 τοῖς
1845 4888 2095 4960 δαίμοσιν

411 4969 672 5038 ἐπετίμα,
698 4968 785 5020 ἵνα
811 4966 886 5037 μὴ
908 4968 1135 5019 εἴπωσιν
1159 4967 1242 5020 ὃτι
1269 4968 1433 5032 αὐτός
1454 4971 1621 5026 ἐστιν·
1645 4966 1799 5036 οὗτος
1822 4972 1880 5026 δέ
1903 4991 2090 5042 φησιν,

411 5052 495 5104 ὅτι
534 5053 658 5115 τοὺς
685 5051 874 5121 δχλους
902 5050 1178 5108 διωθεῖται,
1205 5052 1270 5105 ’⁸.
1315 5053 1522 5106 Ἐποίει
1553 5054 1610 5108 δέ
1635 5055 1792 5110 τοῦτο
1811 5097 1827 5124 ,
1861 5058 2000 5128 ὁμοῦ
2029 5076 2092 5112 τε

416 5133 733 5204 μετριάζειν
766 5135 912 5212 ἡμᾶς
961 5133 1255 5199 παιδεύων,
1286 5135 1427 5206 ὁμοῦ.
1465 5155 1525 5196 τε
1561 5138 1654 5191 τὸν
1686 5139 1879 5207 φθόνον
1906 5159 2090 5214 παρα-

416 5215 750 5288 μυθούμενος
798 5207 951 5288 [528]
999 5215 1091 5270 τὸν
1147 5218 1453 5285 Ἰουδαϊκὸν,
1497 5221 1592 5273 καὶ
1634 5221 1900 5278 διδάσκων
1943 5207 2092 5296 ἡμᾶς

417 5301 583 5372 μηδὲν
634 5301 770 5372 πρὸς
814 5300 1070 5366 ἐπίδειξιν
1112 5304 1306 5355 ποιεῖν.
1341 5302 1414 5356 Οὐ
1449 5303 1558 5373 γὰρ
1595 5304 1660 5375 δὴ
1693 5304 1921 5376 σώματα
1974 5307 2094 5361 eos-

415 5387 622 5457 ράπευε
649 5384 692 5416 ⁸⁸
715 5383 896 5455 μόνον,
937 5383 1074 5438 ἀλλά
1105 5386 1199 5439 καὶ
1227 5385 1324 5456 τὴν
1354 5387 1532 5458 ψυχὴν
1549 5386 1798 5460 διώρθου,
1822 5391 1916 5444 καὶ
1946 5392 2094 5459 φιλο-

416 5471 600 5538 σοφεῖν
626 5468 898 5532 ἐπαίδευε,
924 5468 994 5522 δι’
1029 5469 1352 5540 ἀμφοτέρων
1381 5472 1574 5524 ἐαυτὸν
1607 5473 1841 5538 δεικνὺς,
1874 5476 1966 5528 καὶ
2011 5475 2090 5545 τῷ

412 5552 562 5607 λύειν
583 5552 650 5606 τὰ
677 5553 982 5624 νοσήματα,
1012 5555 1104 5608 καὶ
1127 5552 1206 5624 τῷ
1238 5554 1404 5624 μηδὲν
1438 5555 1575 5626 πρὸς
1611 5555 1870 5624 ἐπίδειξιν
1896 5559 2089 5618 ποιεῖν.

1159 423 1218 480 S.
1259 423 1543 481 JOANNIS
1572 423 2059 484 CHRYSOSTOMI
2088 426 2408 487 AHCIIIEP.
2447 434 3000 492 CONSTANTINOP.

3757 441 3852 496 346

2190 546 2301 600 Kal
2355 548 2464 620 γάρ
2499 545 2640 622 ἦσαν
2680 550 2829 621 αύτῷ
2877 552 3327 622 προσηλωμένοι,
3376 553 3654 622 φιλοῦντες
3705 555 3857 606 αὐτὸν

2190 631 2284 684 καὶ
2325 630 2719 702 θαυμάζοντες,
2752 634 2844 688 καὶ
2872 634 3005 705 όρᾷν
3035 635 3115 697 είς
3146 635 3308 688 αὑτὸν
3334 636 3376 667 ⁸³
3409 637 3737 706 βουλόμενοι.
3768 639 3856 701 Τίς

2189 713 2297 785 γὰρ
2333 715 2401 769 ἂν
2442 717 2656 788 ἀπέστη
2705 716 2929 771 τοιαῦτα
2971 718 3542 789 θαυματουργοῦντος;
3573 721 3655 785 τίς
3687 718 3791 774 οὐκ
3815 723 3857 753 ¹⁶

2127 863 2131 866 η
2189 797 2256 852 ἂν
2285 800 2462 854 καὶτὸ
2486 802 2779 873 πρόσωπον
2799 801 3064 873 ἠθέλησεν
3097 803 3280 866 ἁπλῶς
3309 803 3461 870 ἰδεῖν,
3488 805 3584 858 καὶ
3604 805 3664 858 τὸ
3694 805 3856 873 στόμα

2187 879 2247 933 16
2289 883 2515 936 τοιαῦτα
2554 883 2962 952 φθεγγόμενονς
3013 884 3148 937 Οὐδέ
3180 885 3289 954 γὰρ
3326 886 3757 956 θαυματουργῶν
3793 884 3858 958 ἦν

2188 961 2505 1032 θαυμαστὸς
2544 965 2723 1035 μόνον,
2759 964 2896 1019 ἀλλὰ
2934 966 3028 1020 καὶ
3070 968 3398 1038 φαινόμενος
3433 968 3621 1032 ἁπλῶς
3665 970 3858 1039 πολλῆς

2187 1046 2352 1119 ἔγεμε
2398 1049 2620 1118 χάριτος
2640 1065 2655 1080 ο
2690 1049 2787 1105 καὶ
2836 1049 2995 1104 τοῦτο
3045 1053 3074 1104 6
3107 1053 3402 1124 Προφήτης
3436 1052 3613 1122 δηλῶν
3647 1054 3854 1121 ἔλεγενο

2199 1131 2428 1200 Ὧραῖος
2460 1131 2672 1186 κάλλει
2709 1133 2870 1202 παρὰ
2898 1133 3040 1199 τοὺς
3063 1135 3234 1200 υἱοὺς
3263 1133 3384 1188 τῶν
3425 1137 3768 1205 ἀνθρώπων.
3800 1139 3857 1191 EE

2185 1213 2242 1267 δὲ
2267 1217 2294 1268 6
2330 1215 2558 1278 Ἡσαΐας
2595 1214 2768 1284 λέγει,
2803 1218 2924 1270 οὐκ
2967 1218 3135 1286 εἶχεν
3176 1214 3336 1284 εἶδος
3367 1218 3510 1272 οὐδὲ
3545 1219 3793 1284 κάλλος,
3824 1219 3856 1291 ἢ

2186 1297 2323 1368 πρὸς
2347 1297 2447 1370 τὴν
2477 1301 2576 1369 τῆς
2607 1297 2859 1369 θεότητος
2889 1299 3046 1365 δόξαν
3076 1300 3174 1370 τὴν
3210 1300 3519 1371 ἀπόρρητον
3550 1301 3645 1354 καὶ
3687 1301 3857 1372 ἀφρα-

2189 1396 2311 1433 στον
2343 1379 2501 1434 τοῦτό
2529 1398 2691 1452 φησιν
2711 1398 2726 1412 ο
2756 1382 2788 1452 ἢ
2823 1382 2894 1436 τὰ
2920 1385 2978 1434 ἐν
3016 1382 3094 1451 τῷ
3138 1382 3304 1435 πάθει
3341 1383 3624 1454 συμϐάντα
3651 1385 3859 1454 διηγού-

2189 1480 2371 1534 μενος,
2407 1463 2502 1517 καὶ
2539 1463 2638 1535 τὴν
2671 1463 2895 1534 ἀτιμίαν
2926 1465 2994 1535 ἢν
3035 1466 3326 1536 ὑπέμεινεν
3353 1467 3411 1519 ἐν
3442 1467 3518 1535 τῷ
3552 1468 3732 1538 καιρῷ
3769 1469 3856 1521 τοῦ

2187 1545 2446 1616 σταυροῦ,
2485 1547 2582 1598 καὶ⁵
2627 1546 2726 1617 τὴν
2777 1547 3053 1601 εὐτέλειαν
3082 1551 3148 1620 ἤν
3203 1551 3352 1622 παρά
3404 1552 3582 1606 πάντα
3617 1553 3709 1604 τὸν
3753 1553 3858 1621 βίον

2185 1628 2499 1692 ἐπεδείξατο
2524 1628 2614 1682 διὰ
2643 1631 2882 1685 πάντων.
2908 1632 2981 1685 Οὐ
3017 1634 3280 1705 πρότερον
3304 1635 3360 1686 δὲ
3385 1634 3673 1688 ἐκέλευσεν
3702 1635 3858 1688 ἀπελ·

2185 1706 2300 1764 θεῖν
2345 1714 2426 1774 είς
2470 1712 2532 1764 16
2576 1713 2750 1784 πέραν
2777 1752 2791 1776 ,
2833 1714 2938 1778 ἕως
2987 1710 3048 1770 οὗ
3093 1715 3478 1788 ἐθεράπευσεν.
3530 1713 3610 1770 Ἦ
3648 1718 3757 1790 γάρ
3798 1719 3859 1773 ἂν

2184 1795 2307 1848 οὐδὲ
2338 1795 2628 1867 ἠνέσχοντο
2652 1798 2714 1851 ⁸⁷.
2751 1799 2962 1870 Ὥσπερ
3005 1794 3097 1852 οῦν
3125 1801 3184 1853 ἐν
3210 1800 3287 1871 τῷ
3314 1801 3430 1872 δρει
3467 1801 3588 1870 οὐχὶ
3626 1801 3860 1871 δημηγο-

2189 1879 2369 1949 ροῦντι
2407 1882 2714 1952 παρέμενον
2747 1882 2928 1951 μόνον,
2965 1881 3103 1936 ἀλλὰ
3132 1883 3227 1936 καὶ
3258 1883 3418 1954 σιγῆς
3447 1883 3616 1954 οὔσης
3644 1883 3860 1952 ἠκολού-

2185 1963 2340 2018 θουν·
2397 1962 2542 2017 οὕτω
2584 1965 2680 2019 καὶ
2707 1964 2941 2019 ἐνταῦθα
2990 1967 3109 2036 οὐχὶ
3153 1966 3661 2037 θαυματουργοῦντι
3700 1983 3860 2038 προσο

2183 2047 2430 2120 ήδρευον,
2463 2047 2598 2100 ἀλλά
2621 2049 2715 2101 καὶ
2741 2048 3075 2120 παύσαμένῳ
3104 2049 3284 2113 πάλιν,
3310 2051 3403 2103 καὶ
3427 2051 3534 2104 ἀπὸ
3565 2048 3663 2103 τοῦ
3698 2066 3860 2120 προσ-

2183 2130 2334 2183 ώπου
2368 2130 2569 2202 πολλὴν
2605 2132 2707 2202 την
2742 2131 3011 2202 ὠφέλειαν
3051 2133 3352 2204 δεχόμενοι.
3383 2134 3448 2187 El
3478 2133 3588 2206 γὰρ
3623 2133 3860 2202 Μωῦσῆς

2182 2213 2570 2284 δεδοξασμένον
2617 2214 2678 2267 τὸ
2721 2215 3011 2285 πρόσωπον
3041 2210 3176 2285 εἶχε,
3215 2215 3311 2270 καὶ
3345 2215 3621 2286 Στέφανος
3654 2216 3730 2278 ώς
3770 2217 3862 2284 ἀγ-

2183 2296 2368 2366 γέλου,
2413 2298 2666 2368 ἐννόησον
2698 2297 2787 2351 τὸν
2817 2299 2997 2352 κοινὸν
3024 2300 3304 2371 Δεσπότην
3343 2295 3455 2353 οἷον
3488 2300 3638 2363 είκὸς
3670 2301 3713 2331 ⁸⁸
3747 2299 3862 2368 φαί-

2182 2380 2372 2436 νεσθαι
2413 2382 2558 2436 τότε.
2603 2381 2760 2452 Τάχα
2793 2381 2978 2436 πολλοὶ
3016 2383 3113 2436 νῦν
3158 2383 3238 2445 είς
3269 2381 3566 2453 ἐπιθυμίαν
3614 2385 3862 2436 ἐνέπεσον

2181 2461 2277 2516 τοῦ
2307 2461 2407 2537 τὴν
2439 2464 2626 2518 είκόνα
2671 2464 2888 2536 ἐκείνην
2928 2464 3054 2519 ἰδεῖν
3076 2479 3090 2493 ’
3123 2464 3238 2518 ἀλλ’
3264 2465 3330 2519 ἂν
3359 2464 3657 2534 ἐθέλωμεν,
3693 2463 3863 2534 πολλῷ

2184 2545 2432 2618 βελτίονα
2456 2547 2698 2619 ὀψόμεθα
2724 2547 2958 2617 ἐκείνης.
2994 2549 3093 2601 "Av
3120 2547 3230 2620 γὰρ
3263 2548 3402 2621 μετὰ
3430 2548 3751 2621 παρρησίας
3776 2549 3866 2601 τὸν

2183 2631 2428 2704 παρόντα
2453 2631 2795 2704 διανύσωμεν
2829 2630 2973 2702 βίον,
3005 2631 3099 2685 ἐπὶ
3123 2633 3232 2685 τῶν
3261 2630 3501 2702 νεφελῶν
3528 2631 3696 2685 αὐτὸν
3723 2631 3865 2698 δεξό-

2187 2715 2350 2786 μεθα,
2377 2717 2787 2788 ἀπαντήσαντες
2819 2715 2881 2768 ἐν
2913 2714 3169 2786 ἀθανάτῳ
3207 2715 3301 2770 καὶ
3334 2714 3601 2787 ἀφθάρτῳ
3633 2713 3862 2784 σώματι.

2183 2799 2294 2853 Θέα
2321 2799 2380 2853 δέ
2411 2799 2528 2861 πῶς
2555 2799 2756 2864 αὐτοὺς
2785 2799 2885 2870 οὐχ
2926 2797 3114 2863 ἀπλῶς
3151 2798 3400 2864 ἐλαύνει,
3433 2799 3521 2851 ἵνα
3557 2798 3637 2868 μὴ
3669 2797 3862 2868 πλήξῃ.

2184 2881 2263 2939 Οὐ
2293 2882 2403 2954 γὰρ
2433 2878 2608 2948 εἶπεν,
2645 2884 3083 2954 Ἀναχωρήσατε,
3110 2882 3226 2937 ἀλλ’
3257 2885 3336 2947 είς
3359 2881 3421 2937 16
3445 2882 3622 2953 πέραν
3654 2881 3867 2935 ἐκέλευ-

2187 2981 2280 3018 σεν
2307 2965 2582 3031 ἀπελθεῖν,
2610 2964 2940 3036 προσδοκίαν
2964 2963 3140 3029 διδοὺς
3165 2963 3259 3018 τοῦ
3291 2965 3510 3028 πάντως
3541 2962 3700 3034 ἦξειν
3734 2964 3861 3018 ἐκεῖ.

2184 3049 2299 3105 Kal
2327 3051 2376 3104 οἱ
2409 3050 2507 3120 μὲν
2545 3047 2693 3118 ὄχλοι
2723 3047 2993 3117 τοσαύτην
3032 3048 3378 3114 ἐπεδείξαντο
3407 3048 3450 3080 ¹⁹
3489 3047 3590 3118 τὴν
3625 3047 3863 3116 ἀγάπην,

2185 3134 2281 3190 καὶ
2323 3133 2462 3204 μετά
2491 3132 2694 3202 πολλῆς
2725 3131 3052 3204 ἠκολούθουν
3081 3132 3182 3202 τῆς
3221 3131 3536 3194 διαθέσεως·
3574 3125 3662 3195 εἷς
3703 3131 3759 3183 δέ
3788 3146 3866 3192 τις

2185 3217 2484 3287 Χρημάτων
2511 3215 2715 3278 δοῦλος.
2746 3215 2840 3269 καὶ
2871 3213 3070 3285 πολλὴν
3099 3214 3238 3284 ἔχων
3253 3214 3352 3286 τὴν
3380 3213 3664 3279 ἀπόνοιαν,
3688 3229 3869 3282 προσ.

2191 3299 2386 3354 ελθών
2417 3312 2576 3368 φησι
2593 3313 2607 3326 ·
2622 3296 2980 3361 Διδάσκαλε,
3003 3297 3404 3364 ἀκολουθήσω
3425 3311 3547 3360 σοι,
3571 3296 3731 3350 ὅπου
3753 3295 3803 3348 δ’
3824 3295 3868 3328 ³⁸

2193 3381 2270 3436 ἂν
2301 3381 2560 3450 ἀπέρχῃ.
2603 3375 2756 3442 Εῐδες
2793 3379 2957 3442 πόσος
2981 3380 3010 3432 6
3032 3380 3236 3450 τύφος;
3279 3380 3410 3432 ’Δτε
3435 3379 3543 3451 γὰρ
3567 3380 3674 3433 οὐκ
3701 3377 3867 3448 ἀξίιιῖιν

2188 3464 2329 3535 μετά
2347 3465 2440 3517 τοῦ
2465 3464 2624 3534 ὄχλου
2654 3462 3027 3535 ἀριθμεῖσθαι,
3050 3463 3164 3516 ἀλλ’
3185 3462 3597 3534 ἐνδεικνύμενος
3626 3463 3710 3516 ὅτι
3735 3463 3870 3534 ὑπὲρ

2184 3549 2314 3611 τοὺς
2348 3545 2577 3610 πολλούς
2609 3547 2757 3600 ἐστιν
2795 3547 2977 3611 αὐτὸς,
3014 3544 3161 3599 οὕτω
3186 3547 3456 3617 πρόσεισι.
3494 3547 3738 3601 Τοιαῦτα
3765 3547 3870 3618 γάρ

2184 3632 2254 3686 τά
2282 3631 2388 3704 ἤθη
2415 3631 2482 3684 τὰ
2527 3631 2822 3684 Ἰουδαῖκά·
2841 3630 3071 3701 ἀκαίρου
3095 3631 3412 3702 παρρησίας
3432 3632 3581 3684 ἐστὶν
3601 3631 3865 3687 ἀνάπλεα.

2186 3716 2344 3772 Οὖτω
2369 3715 2463 3769 καὶ
2483 3713 2640 3778 ἀλλος
2658 3714 2797 3785 μετά
2815 3712 2989 3767 ταῦτα
3013 3714 3232 3768 πάντων
3255 3712 3532 3783 σιγώντων
3550 3713 3720 3778 αὐτὸς
3741 3714 3868 3767 ἀνα-

2187 3797 2468 3869 πηδήσας,
2519 3796 2687 3868 φησί·
2715 3797 2864 3850 Ποία
2887 3796 3107 3864 ἐντολὴ
3145 3795 3379 3866 πρώτη;
3414 3795 3552 3849 ’Δλ).’
3597 3797 3753 3868 ὅμως
3777 3797 3870 3850 οὐκ

2185 3880 2516 3951 ἐπετίμησεν
2546 3881 2575 3933 ὁ
2611 3879 2890 3951 Δεσπότης
2918 3881 2984 3951 τῇ
3011 3879 3224 3951 ἀκαίρῳ
3253 3879 3566 3951 παρρησίᾳ,
3601 3879 3870 3933 παιδεύων

2185 3965 2334 4035 ἡμᾶς
2369 3964 2463 4018 καὶ
2497 3965 2624 4027 τοὺς
2655 3963 2931 4027 τοιούτους
2964 3964 3176 4035 φέρειν.
3212 3964 3312 4017 Διὰ
3341 3962 3498 4016 τοῦτο
3525 3965 3630 4016 οὐκ
3664 3964 3870 4033 ἐλέγχει

2187 4049 2438 4119 φανερῶς
2493 4049 2620 4111 τοὺς
2677 4047 2891 4119 πονηρά
2933 4047 3350 4118 βουλευομένους
3381 4063 3395 4077 ο
3451 4047 3591 4117 πρὸς
3651 4047 3711 4100 δέ
3765 4047 3861 4116 τὴν

2187 4131 2444 4185 ὑπόνοιαν
2461 4131 2504 4163 ²¹
2522 4130 2701 4184 αὐτῶν
2717 4129 3089 4199 ἀποκρίνεται,
3107 4131 3290 4193 αὐτοῖς
3311 4129 3493 4200 μόνοις
3516 4129 3868 4199 καταλιμπάο

2187 4233 2294 4270 νων
2319 4215 2518 4269 ειδέναι
2541 4215 2632 4268 τὸν
2653 4213 2892 4284 ἔλεγχον,
2915 4213 3011 4266 καὶ
3035 4212 3195 4284 διπλῇ
3217 4213 3415 4275 αὐτοὺς
3438 4211 3694 4282 ὠφελῶν,
3720 4209 3870 4284 [329}

2187 4298 2268 4369 τῷ
2299 4315 2358 4352 τε
2384 4297 2624 4369 δηλῶσαι
2648 4299 2731 4352 ὃτι
2755 4293 2862 4350 οἶδε
2885 4295 2954 4349 τά
2986 4297 3044 4349 ἐν
3075 4295 3154 4366 τῷ
3181 4295 3463 4361 συνειδότι,
3486 4294 3582 4350 καὶ
3611 4295 3696 4366 τῷ
3739 4296 3869 4366 μετά

2189 4383 2293 4454 τὴν
2326 4383 2588 4450 ἐπίδειξιν
2618 4382 2822 4453 ταύτην
2858 4379 3190 4452 χαρίσασθαι
3225 4378 3287 4432 16
3327 4378 3528 4445 λαθεῖν,
3568 4380 3667 4432 καὶ
3694 4379 3869 4433 δοῦναι

2190 4466 2376 4533 πάλιν,
2414 4468 2464 4520 εί
2504 4467 2804 4539 βούλοιντο,
2851 4464 3078 4526 ἐαυτοὺς
3119 4461 3566 4536 ἀνακτήσασθαι·
3596 4462 3628 4515 6
3671 4463 3738 4532 δὴ
3781 4461 3870 4514 καὶ

2189 4552 2283 4606 ἐπὶ
2316 4554 2508 4607 τούτου
2539 4553 2703 4604 ποιεῖ.
2735 4543 2904 4613 Οὗτος
2937 4547 3048 4617 γὰρ
3073 4545 3197 4599 ἰδὼν
3219 4544 3288 4600 τά
3316 4543 3489 4599 πολλά
3519 4548 3748 4616 σημεῖα,
3782 4547 3870 4598 καὶ

2195 4635 2424 4697 πολλοὺς
2452 4633 2900 4704 ἐπισυρομένους,
2932 4630 3301 4702 προσεδόκησε
3339 4629 3782 4701 χρηματίζεσθαι
3806 4630 3867 4680 ἐκ

2193 4719 2304 4772 τῶν
2362 4716 2620 4770 τοιούτων
2683 4715 3010 4785 θαυμάτων⁹
3076 4712 3264 4784 διόπερ
3334 4713 3430 4765 καὶ
3502 4711 3868 4782 ἀκολουθῆσαι

2195 4799 2446 4854 ἔσπευδε.
2477 4801 2586 4854 Καὶ
2611 4800 2656 4830 ¹¹
2685 4798 2848 4851 πόθεν
2893 4795 3051 4849 τοῦτο
3088 4795 3276 4865 δῆλονς
3337 4794 3470 4848 Ἀπὸ
3500 4797 3600 4866 τῆς
3638 4796 3870 4867 ἀποκρίη

2198 4899 2357 4947 σεως,
2386 4879 2454 4956 ἦς
2490 4885 2519 4936 6
2549 4882 2783 4955 Χριστὸς
2813 4881 3069 4945 ποιεῖται,
3094 4881 3155 4933 οὐ
3186 4879 3322 4949 πρὸς
3345 4879 3443 4952 τὴν
3469 4879 3742 4952 ἐρώτησιν
3771 4878 3876 4932 τῶν

2200 4968 2481 5038 ῥημάτων,
2513 4965 2649 5020 ἀλλά
2673 4965 2810 5037 πρὸς
2833 4965 2933 5036 τὴν
2955 4963 3180 5034 γνώμην
3209 4963 3309 5034 τῆς
3329 4963 3568 5026 διανοίας
3589 4963 3868 5016 ἀπαντῶν.

2198 5051 2263 5104 Τί
2287 5050 2395 5122 γάρ
2416 5066 2432 5116 ;
2467 5049 2598 5121 φησί
2625 5065 2639 5078 ·
2662 5050 2918 5120 χρήματα
2941 5047 3245 5119 προσδοκᾷς
3263 5045 3572 5100 ἀκολουθῶν
3600 5047 3730 5116 ἐμοὶ
3753 5045 3873 5098 συλ-

2197 5134 2410 5203 λέγειν;
2442 5129 2561 5187 εἶτα
2598 5133 2698 5203 οὐχ
2743 5132 2876 5202 ὁρᾷς
2916 5131 2998 5183 ὅτι
3034 5129 3159 5182 οὔτε
3195 5127 3538 5198 καταγώγιόν
3584 5129 3678 5199 μοί
3706 5130 3871 5192 ἐστιν,

2197 5219 2319 5272 οὐδέ
2348 5217 2604 5272 τοσοῦτον
2643 5218 2770 5270 ὅσον
2802 5218 2914 5278 τοῖς
2941 5215 2987 5246 ³³
3016 5213 3258 5283 δρνισινς
3291 5215 3363 5268 Al
3403 5213 3514 5282 γὰρ
3543 5212 3871 5276 ἀλώπεκες,

2200 5303 2360 5376 φησὶ,
2391 5299 2660 5372 φωλεοὺς
2687 5301 2930 5368 ἔχουσι,
2969 5297 3068 5354 καί
3101 5297 3176 5351 τὰ
3202 5297 3443 5351 πετεινὰ
3477 5295 3584 5350 τοῦ
3613 5295 3874 5364 οὐρανοῦ

2197 5383 2724 5453 κατασκηνώσεις·
2757 5387 2789 5437 ό
2823 5381 2892 5436 δὲ
2933 5382 3065 5448 Υἱὸς
3094 5381 3200 5435 τοῦ
3237 5379 3552 5450 ἀνθρώπου
3593 5381 3711 5433 οὐκ
3755 5380 3874 5448 ἔχει

2200 5473 2318 5527 ποῦ
2351 5470 2466 5538 τὴν
2497 5465 2775 5538 κεφαλὴν
2812 5467 3012 5533 κλίνῃ.
3049 5465 3237 5519 Ταῦτα
3263 5465 3321 5518 δὲ
3349 5465 3450 5519 οὐκ
3475 5460 3542 5536 ἧν
3572 5465 3875 5538 ἀποτρεπο-

2202 5556 2387 5628 μένου,
2415 5553 2530 5606 ἀλλ’
2571 5553 2884 5622 ἐλέγχοντος
2919 5550 3016 5620 μὲν
3042 5549 3142 5619 τὴν
3181 5549 3425 5620 πονηρὰν
3450 5552 3699 5619 γνώμην,
3735 5564 3875 5617 παρρ

487 5685 511 5718 ⁸
543 5684 666 5757 Διά]
704 5684 817 5757 Kal
845 5683 1026 5757 6:66.
1067 5685 1178 5757 Kal
1214 5685 1373 5739 τοῦτο
1409 5684 1513 5757 καὶ
1561 5685 1843 5757 ἐμφαίνων
1880 5688 1910 5739 6
1947 5689 2030 5744 εὐ.
2064 5690 2086 5746 Ι

2194 5690 2299 5744 [ει-ε
2333 5695 2394 5741 ιιι
2444 5684 2580 5740 Edd.
2635 5693 2691 5738 et
2725 5678 2974 5757 Gc._Sed
3007 5679 3097 5733 διὰ
3128 5678 3309 5757 τοῦτο-
3329 5679 3536 5757 disqu:
3553 5678 3688 5749 legit
3723 5678 3870 5730 Arm.

431 5743 455 5774 ⁸
475 5756 570 5809 καὶ
599 5743 755 5810 ἀὲεει
787 5755 840 5808 in
872 5755 1011 5812 Edd.
1090 5757 1111 5787 ⁸
1143 5756 1370 5820 ἄπιστος
1384 5753 1440 5881 ἐι
1471 5753 1533 5810 F.
1594 5743 1772 5839 ἀπ’
1819 5759 1997 5812 αὐτῶν
2044 5743 2152 5814 οῙῐι.

431 5826 714 5897 ιύξόμενον
743 5824 879 5878 Edd.
956 5827 977 5857 ’
1011 5827 1120 5897 γὰρ
1149 5843 1258 5897 0m.
1294 5826 1356 5881 E.
1431 5844 1483 5897 p.
1513 5836 1566 5897 ει
1595 5843 1676 5897 διο
1703 5829 1994 5884 ediderunt
2018 5830 2143 5885 Sav.

1408 5895 1450 5974 3‘
1484 5895 1768 5974 ρῦνίρβςίι
1801 5900 1896 5974 κρέι
1927 5900 1988 5974 ε·
2009 5902 2086 5974 εὑ

2194 5916 2291 5956 3m.
2324 5899 2389 5952 A.
2416 5969 2426 5974 _
2493 5897 2536 5929 ¹³
2561 5895 2806 5974 διωθεῖτο
2835 5895 2892 5945 Ε.
2975 5895 3049 5974 ’ξι
3083 5895 3417 5974 ἐθεράπευσε
3442 5895 3479 5974 Ξ

1826 5971 1870 6001 ¹⁶
1895 5971 1975 6034 τίς
2003 5973 2045 6023 δ’
2079 5992 2086 6020 ς

2215 5970 2350 6024 Edd.
2382 5969 2441 6022 τὸ
2469 5977 2552 6023 ter
2594 5967 2748 6021 deest
2794 5965 2848 6018 in
2891 5957 3189 6034 cod¢_l._sed
3222 5971 3413 6034 ιιιοιιιιξ
3441 5960 3550 6034 ΕΡ.
3589 5959 3659 6034 ,ξ’
3688 5957 3780 6013 Sic

412 5826 714 5899 αὐξόμενον
743 5824 884 5899 Εάἀ.
956 5827 977 5857 ⁹
1011 5827 1120 5899 γὰρ
1149 5826 1356 5899 οξηίηΕ.

418 5913 581 5966 μενον
612 5896 673 5949 ιη’.
762 5897 822 5966 ﬁ”
855 5896 1131 5966 ἄφραστον
1171 5896 1304 5952 Edd.

419 5965 806 6038 ἐπαίδευε-εἳ.
882 5965 1138 6038 ’δίαρτὸη
1175 5968 1301 6038 add.
1346 5967 1436 6020 ἀεὶ
1475 5965 1744 6027 Οθ.Ἐἀ(1.

2227 5777 2272 5814 r.
2311 5757 2370 5812 F.
2423 5757 2632 5818 πάντας
2664 5770 2776 5808 om.
2818 5750 2880 5804 E.
2921 5759 2977 5804 et
3012 5765 3092 5819 pr.
3130 5749 3190 5804 F.
3287 5751 3310 5781 ⁸
3339 5749 3596 5804 ἀνέλαϐεν
3651 5758 3710 5802 ει
3755 5761 3874 5819 πιοι

2253 5847 2307 5884 n.
2373 5829 2416 5860 ¹⁰
2446 5816 2774 5896 αὐτῶνλδὶο
2801 5824 2898 5896 Ep.
2926 5816 3164 5896 αὐτῷ-[ξ.
3196 5819 3256 5896 .
3287 5819 3390 5876 Ge.
3422 5816 3873 5896 Μ-οι-θεραπευό-

2493 5897 2536 5929 ¹³
2561 5888 2806 5950 διωθεῖτο
2835 5888 2892 5945 Ε.
3005 5888 3054 5924 ¹⁶⁷
3083 5891 3417 5962 ἐθεράπευσε
3541 5888 3597 5943 F.
3633 5898 3694 5940 et
3731 5905 3786 5967 μ.

2493 5985 2552 6011 pr
2594 5967 2748 6011 deost
2795 5965 2846 6011 in
2891 5961 3049 6011 codd.
3092 5963 3186 6011 sed
3222 5971 3406 6011 tuetur
3441 5961 3538 6011 Im.
3612 5959 3659 5994 ⁸⁷
3688 5957 3780 6011 Slc
3855 5993 3868 6011 .

420 6045 674 6124 ἓιεοτς..
701 6035 1074 6124 ι).“ειέιιιιῐίρ.
1116 6022 1186 6124 ἐξ,
1203 6037 1454 6124 ιιιιετρι)ἱ
1497 6022 1680 6124 ςεειεςὶ
1719 6022 2086 6124 6531516.“!

2203 6022 2335 6110 ξκδςῙ
2369 6034 2600 6124 εειάζηῆν
2643 6036 2705 6093 F.
2811 6030 3271 6098 ¹⁰,ἐπεδείκνυντο
3300 6030 3439 6091 Edd.
3487 6022 3555 6066 ’³⁸
3585 6029 3631 6084 δ’
3661 6041 3776 6086 om.
3807 6022 3870 6082 Ε.

420 6106 459 6162 2
489 6103 696 6175 Mosqq.

773 6103 816 6136 "
848 6103 1109 6161 ἀπόνοίαν
1146 6103 1209 6166 F.
1285 6109 1329 6142 ³³
1357 6103 1462 6165 Kal
1491 6122 1600 6164 om.
1627 6109 1690 6164 A.
1743 6103 1816 6143 ’³³
1841 6103 1959 6175 ταῖς
1993 6111 2125 6169 Edd.
2165 6126 2292 6167 cum
2327 6103 2447 6168 'cod.
2483 6108 2546 6166 Ε.
