4038 6364
266 414 371 474 διδ

268 533 627 589 valetudinem
657 531 1025 587 restituantur.
1048 527 1153 584 Sed
1182 537 1304 583 tunc
1326 527 1505 581 omnia
1530 526 1685 582 simul
1712 526 1850 580 facta

266 635 416 680 sunt.
446 624 562 679 Non
606 623 692 677 hic
718 632 895 676 autem
937 620 1134 686 solum,
1167 618 1260 673 sed
1287 619 1447 673 etiam
1479 618 1529 671 in
1558 617 1712 670 mari.
1742 615 1855 670 Illic

264 717 409 770 enim
441 731 546 769 non
577 724 766 769 ventos
797 722 999 767 tantum
1026 725 1081 767 et
1105 719 1475 781 tempestatem
1502 708 1731 771 sedavit,
1759 707 1855 763 sed

266 808 428 863 etiam
455 818 658 862 tnotnm
677 804 927 861 ﬂuctuum
953 805 1131 859 statim
1154 801 1490 871 compressit,
1518 800 1658 870 quod
1682 800 1855 868 ipsum

266 900 428 954 etiam
460 899 729 952 insolitum
755 907 871 951 crat
899 913 915 950 ε
944 896 1151 951 etiamsi
1180 894 1323 949 enim
1350 901 1638 963 tempestas
1657 901 1850 954 cesset,

268 993 437 1045 multo
468 1000 652 1060 postea
701 1000 942 1058 tempore
984 987 1139 1043 unda:
1179 986 1456 1041 ﬂuctuant.
1495 984 1600 1040 Sed
1636 999 1742 1039 non
1785 985 1857 1039 ita

268 1082 467 1149 Christi
509 1081 677 1151 jllSsiO
719 1090 1004 1151 operatur:
1033 1080 1211 1134 omnia
1237 1079 1379 1135 enim
1409 1078 1587 1133 statim
1622 1086 1855 1144 cessant,

269 1184 328 1227 ut
355 1176 407 1227 in
433 1175 656 1227 muliere
683 1173 878 1228 factum
900 1184 1004 1230 est.
1032 1173 1098 1228 Et
1118 1173 1220 1227 hoc
1240 1172 1519 1227 declarans
1537 1170 1858 1240 evangelista

268 1268 478 1321 diccbat
504 1285 518 1319 :
548 1267 800 1332 Surrexit,
842 1275 888 1320 et
914 1266 1225 1320 ministrabat
1252 1266 1328 1329 ei;
1353 1264 1493 1335 quod
1519 1264 1718 1319 Christi
1746 1264 1857 1317 vir-

271 1359 396 1412 tutis
426 1358 637 1428 signum
680 1368 823 1423 erat,
868 1374 1076 1413 necnon
1120 1357 1341 1411 allectus
1385 1356 1648 1421 mulieris,
1697 1370 1857 1426 quem

267 1464 394 1519 erga
422 1450 691 1506 Christum
715 1449 974 1505 exhibuit.
1016 1449 1180 1504 Aliud
1206 1465 1417 1519 quoque
1448 1449 1571 1502 hinc
1602 1448 1858 1517 perspici-

270 1559 407 1609 mus,
442 1558 637 1612 nempe
674 1542 898 1597 aliorum
922 1542 1042 1599 ﬁdei
1076 1543 1347 1598 Christum
1370 1544 1596 1597 aliorum
1621 1542 1857 1596 curatio-

270 1652 388 1688 nem
400 1635 722 1689 concedere.
737 1634 868 1688 Nam
883 1634 967 1690 hic
979 1635 1070 1690 alii
1083 1636 1251 1704 ipsum
1265 1634 1542 1705 rogabant,
1562 1644 1617 1688 ut
1628 1634 1785 1688 etiam
1805 1634 1857 1690 in

271 1742 435 1797 puero
447 1728 795 1782 centurionis.
814 1728 1129 1797 Hujusmodi
1143 1744 1271 1782 vero
1287 1729 1510 1797 gratiam
1526 1728 1751 1783 aliorum
1767 1743 1857 1782 ro-

268 1832 389 1889 gatn
406 1820 735 1875 concedebat
752 1820 1073 1888 (dummodo
1096 1820 1140 1874 is
1165 1820 1253 1890 qui
1267 1819 1553 1873 curabatur
1567 1819 1855 1889 crederet),

267 1930 385 1967 cum
402 1929 511 1967 non
536 1922 894 1984 poteratazger
907 1916 1076 1983 ipsum
1091 1913 1396 1975 convenire,
1410 1912 1494 1967 vel
1510 1928 1629 1968 cum
1646 1922 1860 1983 propter

271 2007 621 2075 ignorantiam
666 2022 770 2061 non
811 2021 1061 2076 magnum
1084 2006 1209 2075 quid
1242 2005 1507 2060 sentiebat
1530 2005 1597 2059 de
1622 2004 1855 2070 Christo,

270 2100 350 2153 vel
376 2115 500 2154 cum
522 2108 652 2153 tetas
675 2098 801 2168 aegri
823 2099 1102 2153 immatura
1128 2107 1261 2151 erat.
1314 2097 1401 2152 16.
1461 2096 1675 2168 Vespere
1694 2107 1860 2151 autem

272 2195 425 2259 facta,
454 2190 741 2243 obtulerunt
769 2190 814 2244 ei
843 2190 1027 2243 multos
1048 2190 1297 2243 dtemonia
1327 2188 1579 2252 habentes,
1609 2199 1654 2243 et
1691 2191 1860 2260 ejicie-

269 2280 349 2333 bat
371 2281 580 2348 spiritus
606 2297 779 2334 eorum
804 2280 867 2334 ab
896 2282 966 2335 eis
990 2282 1154 2347 verba,
1192 2291 1240 2334 et
1265 2297 1437 2335 omnes
1471 2282 1601 2335 male
1626 2281 1859 2336 habentes

268 2375 493 2432 curabat.
530 2374 615 2427 17.
646 2374 1075 2444 utadimpleretur
1094 2374 1228 2442 quod
1246 2374 1433 2426 dictum
1451 2386 1520 2426 est
1550 2390 1637 2441 per
1668 2371 1859 2427 Isaiam

270 2466 572 2533 prophetam
594 2480 613 2517 :
639 2463 668 2516 Ι
673 2482 760 2533 pse
778 2465 1100 2532 inﬁrmitates
1126 2474 1324 2518 nostras
1344 2466 1555 2535 accepit,
1584 2475 1629 2518 et
1654 2465 1860 2535 agritu-

269 2556 409 2610 dines
437 2556 695 2624 portavit(
712 2555 841 2610 lsai.
867 2557 955 2611 55.
986 2556 1073 2625 4).
1101 2555 1286 2611 Videu’
1315 2556 1665 2612 multitudinis
1699 2557 1857 2613 fidem

268 2650 521 2719 deinceps
551 2650 872 2704 adauctam?
899 2649 1082 2718 Neque
1106 2651 1271 2715 enim,
1303 2661 1525 2720 urgente
1569 2652 1693 2706 licet
1718 2661 1856 2706 tem-

270 2756 418 2808 pore,
448 2740 703 2796 recedere
732 2741 1009 2804 volebant.
1039 2756 1213 2811 neque
1241 2741 1672 2811 intempestivum
1701 2752 1852 2813 puta-

269 2833 393 2888 bant
422 2835 468 2890 si
511 2849 736 2904 vespere
772 2843 1003 2906 aegrotos
1049 2849 1175 2890 suos
1215 2834 1562 2890 adducerent.
1605 2836 1683 2891 Tu
1735 2851 1859 2893 vero

270 2926 398 2979 mihi
454 2925 748 2997 perpende,
799 2935 1052 2994 quantam
1105 2926 1498 2981 multitudinem
1551 2942 1735 2982 eorum
1767 2928 1857 2997 qui

267 3021 551 3074 sanitatem
582 3028 904 3089 acceperunt
930 3027 1341 3088 praetercurraut
1361 3020 1719 3088 evangelista,
1749 3036 1856 3075 non

266 3100 540 3184 sigillatim
580 3123 944 3175 recensentes,
986 3111 1080 3166 sed
1125 3126 1231 3166 uno
1270 3112 1435 3166 verbo
1477 3112 1856 3167 miraculorum

267 3205 486 3275 pelagus
535 3204 856 3259 immensum
902 3203 1216 3260 referentes.
1260 3203 1463 3259 Deinde
1508 3219 1578 3259 ne
1614 3204 1857 3259 miraculi

266 3297 578 3366 magnitudo
619 3296 1047 3353 incredulitatem
1087 3303 1317 3366 pareret,
1351 3297 1492 3365 quod
1521 3305 1724 3350 tantum
1764 3310 1860 3365 po-

268 3390 451 3457 pulum
490 3398 599 3443 tam
639 3390 800 3444 variis
826 3388 1072 3443 aﬂ'ectum
1116 3389 1318 3442 morbis
1346 3387 1398 3440 in
1428 3398 1700 3443 momento
1725 3396 1858 3443 tem-

267 3483 412 3554 poris
454 3483 680 3538 solverit
722 3490 777 3537 et
818 3482 1104 3546 curaverit,
1163 3482 1240 3536 rei
1272 3490 1459 3536 testem
1494 3481 1708 3536 adducit
1736 3497 1860 3550 pro-

268 3577 504 3646 phetam,
550 3591 796 3646 magnam
845 3574 1040 3644 ubique
1074 3588 1143 3627 ex
1173 3571 1462 3642 Scripturis
1503 3588 1680 3628 rerum
1718 3588 1857 3642 pra:-

266 3669 555 3724 dictionem
601 3665 911 3730 ostendens,
957 3666 1123 3736 signis
1169 3665 1298 3734 ipsis
1347 3680 1454 3720 non
1500 3664 1855 3721 inferiorem:

269 3762 412 3829 Ilrcc,
442 3761 633 3831 inquit,
667 3757 830 3813 Isaias
858 3758 987 3813 dicit
1011 3775 1024 3812 :
1056 3755 1085 3809 1
1093 3756 1392 3825 nﬁrmitates
1413 3765 1612 3811 nostras
1640 3758 1855 3826 accepit,

269 3872 312 3915 et
336 3859 663 3931 aegritudines
689 3858 923 3929 portavit.
953 3856 1066 3911 Non
1092 3856 1242 3921 dixit,
1276 3854 1476 3919 Solvit;
1504 3853 1621 3918 sed,
1652 3854 1859 3923 Accepit

269 3965 315 4007 et
358 3953 617 4023 portavit:
642 3951 783 4022 quod
832 3951 900 4005 de
946 3949 1180 4021 peccatis
1220 3949 1394 4017 potius
1438 3946 1567 4000 mihi
1598 3946 1797 4000 dictum
1826 3961 1857 4000 a

271 4046 529 4117 prOpheta
558 4044 784 4109 videtur,
816 4057 973 4112 quam
1006 4041 1074 4095 de
1095 4038 1315 4103 morbis,
1340 4048 1394 4093 et
1418 4053 1539 4093 cum
1569 4037 1669 4092 hoc
1697 4036 1859 4092 Joan-

272 4141 350 4195 nis
364 4140 513 4194 dicto
535 4146 827 4197 consonat;
856 4135 985 4189 Ecce
1002 4150 1163 4205 agnus
1189 4131 1302 4200 Dei,
1330 4132 1416 4201 qui
1444 4129 1575 4185 tollit
1599 4140 1859 4202 peccatum

269 4231 445 4285 mundi
475 4228 655 4305 (Joart.
681 4229 733 4283 1.
762 4226 877 4299 29).

333 4325 391 4382 2.
434 4323 710 4378 Peccatum
752 4320 1041 4373 morborum
1085 4333 1258 4371 causa.
1301 4315 1490 4370 Christi
1529 4316 1775 4371 modestia
1812 4324 1860 4371 et

270 4415 615 4487 pulchritudo.
634 4443 705 4453 —
724 4410 1004 4480 Quomodo
1031 4426 1158 4481 ergo
1187 4409 1415 4479 idipsum
1449 4409 1517 4464 de
1542 4408 1745 4464 morbis
1773 4409 1859 4464 hic

269 4512 417 4583 ponit
446 4507 805 4580 evangelista?
831 4507 924 4562 Vel
947 4507 1086 4576 quod
1109 4506 1363 4561 historico
1394 4522 1544 4561 more
1573 4516 1626 4561 et
1647 4507 1712 4561 ad
1735 4506 1860 4560 lite-

268 4621 379 4660 ram
408 4603 513 4658 hoc
544 4598 904 4656 testimonium
937 4600 1096 4670 legat,
1125 4599 1205 4654 vel
1232 4609 1287 4653 ut
1312 4598 1555 4653 ostendat
1576 4598 1860 4668 plerosque

268 4697 491 4753 morbos
521 4709 581 4748 er
632 4691 864 4763 peccatis
891 4692 1084 4746 anima:
1124 4689 1407 4761 proﬁcisci.
1441 4688 1573 4743 Nam
1604 4690 1649 4743 si
1689 4703 1856 4755 mors,

265 4805 386 4861 qua:
415 4794 577 4856 caput
601 4793 683 4841 est
709 4782 970 4848 omnium,
999 4798 1064 4838 ex
1094 4788 1312 4851 peccato
1332 4780 1591 4851 originem
1618 4782 1860 4835 occasio-

266 4893 498 4949 nemque
542 4875 746 4942 habuit,
780 4874 949 4928 multo
989 4873 1158 4943 magis
1196 4870 1538 4942 aegritudines
1568 4870 1691 4925 hinc
1727 4879 1861 4926 orta;

266 4982 392 5028 sunt
419 4990 435 5027 :
466 4966 1053 5043 quandoquidcmbinc
1077 4966 1235 5020 etiam
1257 4963 1456 5030 evenit,
1486 4972 1543 5017 ut
1568 4978 1667 5018 nos
1694 4963 1863 5033 passi-

266 5067 403 5123 biles
425 5042 615 5121 simus.
642 5063 730 5118 l8.
765 5042 953 5116 Videtis
981 5059 1134 5114 Iesus
1160 5061 1330 5113 turbas
1358 5058 1541 5112 multas
1567 5058 1759 5111 circum
1782 5072 1857 5125 se,

264 5163 414 5229 iussit
436 5160 787 5229 transfretare.
812 5153 1001 5211 Viden'
1015 5168 1226 5208 rursum
1257 5168 1415 5223 quam
1446 5153 1514 5207 sit
1535 5152 1602 5207 ab
1626 5160 1864 5206 ostenta-

267 5256 413 5310 tione
456 5250 704 5308 alienus?
748 5248 882 5305 Nam
925 5245 1102 5302 caeteri
1142 5245 1344 5312 dicunt,
1375 5244 1548 5313 ipsum
1590 5243 1861 5298 daemones

268 5347 580 5411 increpasse
600 5356 670 5396 ne
692 5339 932 5396 dicerent
956 5336 1073 5408 quis
1098 5344 1242 5391 esset
1267 5353 1278 5386 :
1305 5334 1391 5389 hic
1420 5348 1545 5389 vero
1567 5333 1661 5399 ait,
1686 5333 1859 5402 ipsum

266 5435 538 5491 amovisse
574 5433 779 5488 turbas.
813 5428 948 5484 Illud
983 5437 1162 5483 autem
1188 5425 1396 5497 agebat,
1426 5432 1536 5479 tum
1562 5432 1621 5478 ttt
1648 5438 1743 5480 nos
1781 5423 1862 5477 in-

266 5530 517 5583 stitueret
540 5524 866 5593 doceretque
894 5520 1233 5584 modestiam,
1264 5528 1374 5573 tum
1407 5524 1466 5571 ut
1490 5514 1745 5571 invidiam
1768 5530 1859 5571 se-

266 5622 419 5679 daret
458 5618 761 5682 Iudaicam,
811 5614 1133 5682 doceretque
1175 5609 1307 5663 nihil
1352 5606 1420 5662 ad
1447 5607 1860 5662 ostentationem

267 5728 388 5767 esse
434 5708 757 5765 faciendum.
791 5706 907 5761 Non
952 5704 1094 5760 enim
1124 5716 1351 5772 corpora
1393 5708 1594 5754 tantum
1617 5697 1856 5763 curabat,
1882 5694 1895 5709 '

268 5806 361 5860 sed
391 5804 554 5859 etiam
581 5799 901 5856 emendabat
927 5797 1181 5857 animam,
1214 5794 1490 5863 ipsamque
1514 5790 1579 5845 ad
1618 5789 1859 5859 philoso-

268 5898 446 5969 phiam
493 5892 840 5953 instituebat:
872 5905 992 5948 sese
1038 5898 1262 5958 utroque
1304 5883 1465 5940 modo
1499 5881 1776 5949 exhibens,
1805 5890 1859 5937 ct

1247 409 1311 465 IN
1346 407 1753 466 MATTHA‘IUM
1791 407 2018 466 HOMII..
2062 409 2271 467 XXVII.
2311 413 2383 468 al.
2426 412 2659 470 XXVIII.

1965 527 2182 583 morbos
2206 539 2507 598 curantem,
2554 541 2610 588 et
2653 531 2783 588 nihil
2828 550 2892 589 ex
2921 535 3061 591 fastu
3101 536 3368 609 agentem.
3400 542 3552 599 Multi

1963 619 2159 690 quippe
2202 621 2302 691 ipsi
2349 622 2621 680 hmrebant
2669 640 2851 681 amore
2895 627 3352 699 admirationeque
3383 634 3573 709 ducti,

1962 720 2124 782 atque
2174 713 2348 783 ipsum
2400 731 2613 786 semper
2664 718 2845 774 videre
2887 722 3182 790 cupientes.
3229 725 3357 793 Quis
3404 729 3548 783 enim

1964 803 2334 873 abscessisset,
2382 806 2508 862 dum
2540 809 2630 865 ille
2661 819 2805 866 tanta
2848 813 3102 869 miracula
3144 820 3417 886 patraret?
3462 831 3554 874 aut

1962 894 2083 962 quis
2112 895 2368 952 noluisset
2411 897 2597 954 faciem
2623 910 2678 955 et
2714 916 2777 957 os
2820 903 2941 957 talia
2975 905 3243 975 loquentis
3271 909 3553 978 aspicere?

1964 984 2145 1056 Neque
2189 989 2330 1042 enim
2374 1005 2440 1045 ex
2486 993 2739 1064 prodigiis
2796 1003 3000 1050 tantum
3039 998 3406 1067 admirandus,
3454 1002 3552 1057 sed

1964 1077 2129 1147 ipsius
2153 1080 2325 1135 solum
2349 1092 2667 1153 conspectus
2692 1087 2857 1157 gratia
2890 1088 3055 1143 multa
3087 1090 3276 1159 plenus
3313 1101 3467 1148 erat:
3498 1094 3553 1148 id

1965 1171 2105 1241 quod
2136 1172 2376 1229 indicans
2423 1176 2678 1245 propheta
2736 1178 2948 1235 dicebat
2993 1199 3007 1234 :
3057 1181 3336 1251 Speciosus
3386 1189 3555 1256 forma

1966 1281 2073 1333 pra:
2100 1266 2222 1334 ﬁliis
2249 1266 2508 1322 hominum
2560 1268 2741 1340 (Psal.
2784 1272 2873 1327 44.
2902 1273 2935 1327 5
2956 1273 2995 1341 ).
3025 1273 3177 1342 Quod
3205 1275 3252 1329 si
3284 1276 3447 1332 Isaias
3471 1278 3553 1333 di-

1965 1365 2070 1424 cat,
2099 1356 2218 1412 Non
2242 1358 2453 1413 habebat
2471 1362 2685 1429 speciem
2710 1379 2865 1431 neque
2889 1364 3118 1418 decorem
3147 1364 3308 1438 (lsai.
3337 1368 3426 1424 55.
3455 1368 3549 1439 2),

1963 1458 2057 1503 aut
2086 1449 2214 1504 illud
2243 1450 2311 1505 de
2334 1450 2625 1506 divinitatis
2646 1453 2815 1523 gloria
2857 1454 3110 1511 inell‘abili
3149 1457 3428 1529 intelligit;
3461 1470 3551 1515 aut

1965 1556 2035 1619 ea_
2053 1558 2171 1611 qua:
2196 1544 2247 1597 in
2279 1544 2527 1613 passione
2552 1555 2700 1615 gesta
2721 1556 2847 1600 sunt
2874 1556 3075 1616 narrat,
3100 1549 3553 1623 ignominiamque

1964 1635 2109 1690 illam
2136 1652 2295 1707 quam
2334 1638 2508 1692 crucis
2539 1648 2782 1708 tempore
2806 1640 3077 1706 sustinuit,
3108 1650 3201 1696 aut
3240 1644 3553 1700 tenuitatem

1966 1728 2109 1782 illam
2148 1744 2305 1799 quam
2335 1738 2448 1784 toto
2484 1730 2606 1785 vitae
2633 1738 2875 1801 tempore
2918 1733 2971 1786 in
3016 1734 3263 1790 omnibus
3290 1734 3551 1791 exhibuit.

1964 1820 2079 1875 Non
2103 1831 2279 1875 autem
2327 1821 2473 1889 prius
2520 1821 2868 1877 transfretare
2907 1822 3087 1893 jussit,
3133 1840 3292 1894 quam
3334 1827 3553 1882 morbos

1963 1922 2225 1967 curasset.
2254 1912 2505 1982 Alioquin
2554 1928 2660 1969 non
2704 1914 2756 1968 id
2799 1914 2943 1970 ferre
2965 1916 3285 1986 potuissent.
3313 1918 3383 1976 Ut
3410 1921 3553 1975 enim

1964 2004 2016 2059 in
2048 2014 2227 2059 monte
2270 2020 2375 2060 non
2418 2006 2759 2061 concionanti
2802 2006 2962 2062 modo
2991 2008 3233 2076 aderant,
3262 2011 3355 2065 sed
3392 2013 3554 2068 etiam

1964 2097 2206 2152 silentem
2229 2097 2591 2169 sequebantur
2617 2115 2630 2153 :
2673 2098 2751 2154 sic
2787 2099 2949 2154 etiam
2980 2116 3123 2155 nunc
3153 2117 3258 2156 non
3290 2104 3551 2161 miracula

1964 2190 2143 2245 edenti
2173 2198 2375 2245 tantum
2401 2190 2711 2257 haerebant;
2739 2192 2834 2247 sed
2859 2193 3022 2247 etiam
3050 2204 3172 2264 post
3211 2195 3351 2251 edita
3379 2198 3553 2268 signa,

1965 2282 2049 2337 vel
2076 2297 2138 2337 ex
2166 2282 2279 2353 ejus
2305 2283 2452 2338 vultu
2478 2292 2532 2338 et
2557 2293 2847 2354 conspectu
2868 2300 3115 2356 magnam
3141 2288 3431 2358 carpebant
3452 2291 3555 2345 uti-

1966 2374 2189 2431 litatem.
2220 2374 2351 2430 Nam
2381 2376 2428 2432 si
2453 2375 2661 2448 Moyses
2688 2377 2859 2447 gloria
2898 2378 3290 2449 splendentem,
3323 2381 3556 2452 Stepha-

1964 2484 2065 2524 nus
2106 2468 2404 2539 angelieum
2449 2469 2653 2523 vultum
2705 2470 2909 2538 habuit,
2955 2472 3128 2542 cogita
3169 2475 3380 2544 qualem
3430 2484 3558 2531 tunc

1964 2561 2273 2630 apparuisse
2287 2576 2625 2617 communem
2645 2563 2926 2617 Dominum
2955 2565 3241 2621 verisimile
3266 2576 3368 2622 est.
3396 2567 3557 2625 Forte

1963 2669 2092 2708 vero
2121 2653 2270 2707 multi
2294 2654 2405 2724 jam
2434 2654 2550 2723 ejus
2580 2654 2822 2710 videnda:
2861 2657 3105 2727 imaginis
3134 2659 3425 2728 cupiditate
3470 2662 3556 2715 in-
3586 2646 3589 2649 ’

1964 2746 2110 2800 censi
2134 2754 2261 2799 sunt
2287 2762 2300 2799 :
2332 2745 2428 2801 sed
2454 2747 2499 2800 si
2529 2746 2775 2812 velimus,
2803 2748 2959 2818 longe
2988 2749 3405 2819 splendidiorem
3438 2753 3554 2822 ipsa

1963 2835 2280 2892 videbimus.
2304 2836 2436 2891 Nam
2483 2836 2528 2892 si
2554 2852 2676 2892 cum
2712 2838 2901 2893 fiducia
2931 2848 2985 2894 et
3012 2840 3206 2895 virtute
3243 2842 3404 2897 vitam
3438 2860 3558 2912 per-

1963 2944 2205 2999 agamus,
2249 2929 2302 2984 in
2334 2928 2565 2983 nubibus
2609 2929 2782 2999 ipsum
2826 2930 3175 3000 excipiemus,
3204 2932 3414 2987 obviam
3456 2934 3558 3002 ipsi

1964 3021 2240 3076 venientes
2262 3020 2314 3074 in
2339 3020 2626 3075 immortali
2648 3029 2703 3075 et
2728 3020 3116 3091 incorruptibili
3145 3038 3391 3095 corpore.
3421 3025 3553 3080 Per-

1964 3112 2139 3181 pende
2166 3120 2345 3166 autcm
2371 3126 2529 3182 quam
2560 3111 2753 3166 leniter
2790 3112 2934 3181 ipsos
2956 3122 3219 3179 amoveat,
3252 3130 3351 3169 nec
3377 3115 3556 3171 deter-

1964 3212 2099 3258 reat.
2141 3202 2258 3257 Non
2284 3202 2427 3256 enim
2456 3201 2610 3267 dixit,
2654 3201 2945 3268 Recedite;
2977 3202 3070 3258 sed
3102 3203 3445 3259 transfretare
3469 3206 3556 3275 ju-

1965 3298 2076 3363 bet,
2104 3311 2253 3366 spem
2280 3294 2484 3350 faciens
2517 3309 2577 3351 se
2608 3295 2700 3349 illo
2730 3295 3074 3365 trajecturum
3103 3311 3243 3351 esse.
3271 3297 3359 3352 Sic
3389 3299 3557 3354 turba:

1963 3389 2180 3460 quidem
2228 3389 2451 3443 multum
2490 3387 2817 3445 exhibebant
2855 3388 3076 3455 amoris,
3120 3398 3323 3445 etcum
3362 3391 3553 3447 all‘ectu

1964 3496 2158 3552 magno
2186 3482 2580 3552 sequebantur;
2610 3497 2750 3537 unus
2768 3490 2946 3536 autem
2968 3484 3311 3552 pecuniarum
3343 3500 3554 3552 Servus,

1962 3577 2373 3646 arrogantiaque
2398 3575 2589 3645 plenus
2613 3574 2838 3629 accessit
2861 3589 2925 3629 ac
2948 3573 3084 3629 dixit
3111 3593 3123 3629 :
3158 3576 3244 3630 l9.
3288 3575 3554 3648 Magister,

1962 3685 2145 3739 sequar
2174 3679 2221 3723 te
2242 3683 2556 3738 quocumque
2579 3667 2717 3721 ieris.
2747 3666 3202 3736 Vidistin'quanta
3229 3668 3558 3738 arrogantia?

1964 3762 2042 3815 Ac
2093 3760 2137 3815 si
2191 3775 2298 3814 non
2344 3759 2656 3830 dignaretur
2698 3773 2758 3813 se
2803 3772 2927 3814 cum
2968 3758 3119 3813 turba
3169 3774 3554 3826 annumerarc,

1964 3867 2130 3923 seque
2159 3862 2436 3907 ostentans
2474 3853 2625 3921 quasi
2664 3866 2771 3906 non
2800 3851 2852 3905 in
2882 3851 3022 3922 vulgi
3056 3851 3209 3906 turba
3244 3862 3558 3922 computan-

1963 3943 2085 4010 dus,
2113 3944 2191 3999 sic
2213 3943 2440 3999 accedit.
2469 3943 2625 4017 Tales
2653 3951 2777 3997 sunt
2803 3942 3006 3998 Judaici
3050 3958 3248 4008 mores,
3291 3943 3558 4014 intempe-

1965 4037 2102 4092 stiva
2159 4036 2302 4106 pleni
2348 4035 2559 4090 llducia.
2610 4034 2698 4090 Sic
2744 4042 2801 4090 et
2841 4034 2978 4090 alius
3035 4045 3219 4105 postea
3276 4037 3558 4093 silentibus

1964 4128 2213 4184 omnibus
2257 4128 2520 4196 insiliens,
2552 4127 2668 4182 ait:
2703 4126 2852 4195 Quod
2890 4137 2965 4182 est
2990 4127 3211 4196 primum
3258 4127 3559 4181 mandatum

1965 4220 2179 4295 (Matth.
2210 4220 2300 4276 22.
2328 4220 2460 4292 56)?
2490 4222 2740 4275 Attamen
2790 4220 3050 4275 Dominus
3095 4220 3454 4290 importunam
3488 4222 3557 4275 li-

1964 4316 2223 4370 bertatem
2248 4328 2353 4369 non
2381 4312 2658 4381 corripuit,
2687 4320 2746 4366 ut
2769 4326 2868 4367 nos
2892 4310 2961 4367 ad
2984 4312 3287 4381 huiusmodi
3312 4313 3558 4369 homines

1964 4405 2213 4460 ferendos
2256 4403 2577 4459 institueret.
2626 4403 2753 4457 Ideo
2798 4418 2903 4456 non
2949 4404 3122 4473 palam
3162 4402 3435 4474 redarguit
3460 4420 3557 4461 eos

1964 4499 2055 4570 qui
2095 4500 2231 4553 mala
2258 4498 2557 4568 cogitarent
2580 4516 2593 4553 :
2622 4496 2718 4552 sed
2746 4512 2931 4551 eorum
2954 4497 3191 4567 opinioni
3210 4496 3555 4567 'respondet,

1965 4594 2095 4663 ipsis
2130 4592 2261 4647 solis
2298 4591 2715 4647 confutationem
2760 4589 3144 4658 inspiciendam
3204 4590 3514 4662 relinquens
3540 4634 3555 4659 ,

1966 4683 2337 4753 duplicemque
2367 4684 2498 4753 ipsis
2524 4698 2719 4752 parens
2746 4683 3050 4750 utilitatem,
3081 4693 3138 4737 ut
3169 4699 3361 4755 nempe
3385 4686 3561 4739 sciant

1966 4792 2027 4832 se
2051 4776 2397 4831 conscientiae
2420 4784 2627 4830 secreta
2661 4789 2841 4843 nosse,
2871 4786 3034 4844 utque
3061 4784 3181 4845 post
3209 4776 3392 4831 datum
3420 4775 3561 4831 indi-

1966 4869 2107 4922 cium
2139 4867 2270 4922 illud
2314 4867 2490 4921 adhuc
2535 4866 2720 4931 lateat,
2762 4866 2897 4921 dans
2938 4866 3113 4921 locum
3139 4867 3206 4922 ad
3233 4868 3559 4938 resipiscen-

1964 4966 2115 5031 dum,
2155 4964 2200 5017 si
2240 4962 2444 5018 velint:
2477 4960 2529 5015 id
2560 4960 2702 5030 quod
2730 4975 2873 5016 nunc
2901 4960 3062 5014 etiam
3099 4960 3247 5016 fecit.
3287 4960 3384 5015 Hic
3412 4961 3559 5016 enim

1965 5056 2133 5112 multa
2160 5055 2308 5125 signa
2341 5053 2546 5120 videns,
2600 5052 2916 5122 turbamque
2944 5051 3282 5117 affluentem,
3307 5051 3561 5120 sperabat

1965 5163 2025 5204 se
2049 5164 2117 5203 ex
2150 5156 2228 5202 tot
2271 5145 2539 5201 miraculis
2565 5144 2841 5201 ditandum
2869 5158 3015 5210 esse,
3042 5143 3269 5212 ideoque
3290 5143 3438 5197 illum
3467 5159 3553 5199 se-

1965 5241 2056 5313 qui
2076 5238 2345 5310 cupiebat.
2378 5236 2655 5294 Undenam
2679 5236 2782 5291 hoc
2808 5235 2964 5290 nobis
2995 5234 3216 5305 patebit?
3235 5234 3315 5289 Ex
3336 5249 3559 5305 respou-

1966 5335 2119 5389 sione
2160 5331 2383 5395 Christi,
2425 5330 2518 5400 qui
2570 5344 2675 5384 non
2717 5328 2896 5384 verbis
2944 5326 3231 5397 loquentis,
3269 5324 3365 5381 sed
3392 5327 3560 5383 menti

1966 5423 2277 5496 respondet.
2319 5422 2453 5491 Quid
2480 5421 2660 5476 enim?
2688 5420 2891 5490 inquit:
2922 5434 2992 5473 an
3019 5418 3271 5488 pecunias
3310 5425 3363 5471 te
3393 5417 3559 5471 colle-

1966 5527 2174 5575 cturum
2204 5531 2409 5586 speras,
2444 5516 2489 5571 si
2517 5530 2605 5571 me
2637 5513 2920 5585 sequaris?
2945 5527 3122 5568 annon
3152 5511 3300 5566 vides
3331 5510 3459 5565 mihi
3492 5526 3562 5565 ne

1967 5611 2322 5668 diversorium
2349 5608 2561 5679 quidem
2591 5622 2711 5663 esse
2737 5605 2892 5685 quale
2918 5605 3049 5675 ipsis
3064 5602 3252 5657 nvibus
3282 5602 3403 5657 est?
3425 5600 3560 5655 Nam

1968 5706 2063 5772 ait,
2093 5703 2183 5760 ΞΟ.
2226 5702 2412 5772 Vulpes
2440 5705 2619 5772 foveas
2658 5700 2861 5768 habent,
2890 5705 2937 5752 et
2969 5694 3197 5751 uolucres
3228 5692 3341 5750 ccli
3367 5692 3513 5748 nidos
3535 5710 3559 5759 ;

2036 5891 2050 5919 ι
2086 5884 2201 5948 Alii,
2230 5880 2540 5948 arrogantia.
