4038 6364
486 365 589 422 δι’]

488 482 656 537 Filius
683 487 849 534 autem
873 475 1090 531 hominis
1118 489 1218 528 non
1244 472 1388 527 habet
1416 469 1499 524 ubi
1524 477 1675 539 caput
1698 466 1921 522 reclinet.
1949 463 2073 518 llazc

487 587 594 628 non
616 568 925 640 repellentis
949 573 1124 633 erant,
1151 563 1245 620 sed
1273 563 1464 617 malam
1497 570 1730 616 mentem
1759 557 2074 626 redarguen-

484 665 555 719 tis
579 703 596 730 ,
625 669 679 718 et
711 666 1028 733 potestatem
1047 655 1225 713 dantis
1245 670 1365 711 eum
1388 653 1480 709 tali
1504 667 1600 724 spe
1624 651 1798 723 sequi,
1821 650 1866 705 si
1886 648 2069 704 vellet.

495 759 569 818 Ut
619 774 806 816 autem
849 762 969 831 ejus
1004 762 1303 831 nequitiam
1334 761 1546 816 ediscas
1569 761 1609 827 ¹,
1642 759 1728 815 his
1779 757 1983 814 auditis
2013 765 2070 812 et

489 854 571 910 sic
611 853 926 911 confutatus
951 894 968 922 ,
1009 868 1118 909 non
1163 853 1341 912 dixit.
1372 852 1452 906 Ad
1487 851 1802 923 sequendun
1847 861 2070 922 paratus

483 964 630 1003 sum.

556 1029 610 1083 5.
642 1027 781 1082 Alibi
819 1040 1034 1098 quoque
1061 1039 1205 1095 Stepe
1236 1024 1466 1094 idipsum
1495 1021 1740 1078 Christus
1775 1020 1932 1084 facit;
1961 1035 2070 1076 non

483 1131 669 1189 aperte
721 1117 1026 1188 redarguit,
1076 1116 1170 1170 sed
1215 1131 1280 1170 ex
1321 1118 1669 1184 responsione
1705 1113 2069 1168 accedentium

483 1221 714 1265 mentem
740 1210 930 1282 aperit.
949 1209 1083 1264 Nam
1109 1220 1164 1264 et
1195 1209 1271 1264 illi
1297 1209 1383 1278 qui
1409 1206 1648 1262 dtcebat:
1675 1205 1921 1276 Magister
1946 1205 2071 1260 bone

487 1303 652 1375 (Luc.
687 1304 772 1360 18.
805 1304 928 1374 18),
956 1313 1010 1358 et
1040 1319 1103 1358 ex
1131 1301 1438 1356 adulatione
1458 1300 1708 1370 sperabat
1736 1314 1795 1354 se
1818 1299 1967 1354 illum
1991 1299 2070 1354 al-

484 1397 750 1452 lecturum
791 1411 910 1451 esse
938 1395 1004 1451 ad
1045 1408 1194 1450 suam
1243 1393 1584 1458 sententiam,
1614 1390 1887 1460 respondit
1919 1409 1932 1443 :
1965 1393 2070 1444 Cur

481 1504 563 1542 me
595 1487 722 1543 dicis
763 1487 990 1541 bonum?
1016 1485 1180 1540 Nemo
1220 1485 1397 1547 bonus,
1429 1484 1526 1538 nisi
1562 1499 1692 1537 unus
1719 1481 1857 1537 Deus
1888 1480 2065 1553 (Ibid.

482 1598 530 1636 v.
561 1581 684 1651 l9).
713 1582 774 1636 Et
803 1597 924 1636 cum
971 1580 1210 1634 dicerent
1236 1579 1308 1645 ei,
1336 1576 1471 1630 Ecce
1511 1586 1670 1630 mater
1699 1585 1786 1629 tua
1809 1585 1857 1630 et
1886 1575 2070 1646 fratres

481 1675 556 1728 cui
595 1683 870 1744 querentes
915 1683 962 1728 te
990 1671 1202 1743 (Matth.
1234 1670 1324 1726 1‘2.
1357 1668 1448 1741 47)
1471 1711 1485 1733 ,
1507 1668 1629 1739 quia
1667 1668 1741 1722 illi
1778 1667 2066 1722 humanum

479 1765 604 1836 quid
637 1765 1006 1834 patiebantur,
1051 1778 1223 1832 neque
1251 1762 1395 1816 utilia
1433 1760 1534 1816 sibi
1558 1759 1747 1815 audire
1781 1759 2066 1826 volebant,

479 1861 573 1912 sed
603 1857 890 1912 ostendere
931 1872 991 1911 se
1024 1853 1124 1925 ipsi
1153 1869 1352 1924 genere
1381 1852 1654 1923 proximos
1675 1866 1814 1916 esse,
1839 1850 2068 1920 hincque

479 1962 671 2003 vanam
689 1947 908 2018 gloriam
932 1961 1174 2016 carpere,
1200 1945 1322 2000 audi
1345 1943 1470 2014 quid
1491 1943 1633 1998 dicat
1661 1960 1674 1995 :
1708 1941 1835 2010 Qua:
1859 1951 1933 1996 est
1959 1958 2069 1995 ma-

479 2049 554 2093 ter
577 2055 708 2105 mea,
732 2046 778 2092 et
801 2037 890 2108 qui
909 2047 1025 2092 sunt
1064 2041 1249 2108 fratres
1275 2036 1372 2089 mei
1399 2033 1561 2104 (Ibid.
1590 2032 1796 2100 v-48)?
1827 2031 2068 2101 lpsisque

477 2130 687 2184 demum
713 2127 960 2184 fratribus
981 2131 1091 2182 suis
1114 2126 1434 2191 dicentibus,
1454 2123 1674 2180 Ostende
1687 2124 1902 2190 teipsum
1917 2139 2065 2177 mun-

477 2222 543 2274 do
572 2218 754 2291 (Joan.
785 2221 837 2276 7.
863 2221 940 2289 4),
969 2229 1026 2274 ιιι
1055 2219 1181 2274 hinc
1206 2234 1394 2274 vanam
1425 2217 1522 2273 sibi
1547 2217 1770 2287 gloriam
1796 2223 2066 2285 parerent,

477 2311 725 2367 dicebat:
769 2311 997 2366 Vestrum
1036 2322 1232 2380 tempus
1278 2326 1474 2380 semper
1497 2319 1570 2364 est
1598 2318 1834 2380 paratum
1859 2347 1873 2370 ,
1900 2323 2066 2361 meum

477 2413 644 2456 autem
666 2403 892 2457 nondum
916 2403 1057 2456 adest
1085 2401 1244 2468 (Ibid.
1269 2418 1315 2456 v.
1340 2399 1416 2472 6).
1446 2401 1548 2455 Per
1571 2399 1833 2455 contraria
1857 2411 2066 2468 quoque

477 2501 706 2572 itlipsum
733 2502 878 2569 facit,
907 2517 1026 2556 cum
1044 2501 1111 2556 de
1135 2499 1459 2556 Nathanacle
1477 2497 1552 2552 ait
1576 2515 1590 2551 :
1616 2496 1746 2550 Ecce
1764 2511 1875 2549 vere
1894 2493 2066 2548 Israe-

479 2593 590 2657 lita,
623 2593 677 2646 in
720 2609 819 2663 quo
857 2593 1006 2646 dolus
1035 2608 1136 2645 non
1177 2600 1249 2644 est
1295 2589 1315 2662 (
1343 2588 1480 2644 Ibid.
1507 2590 1558 2643 l.
1591 2587 1718 2657 47).
1751 2587 1814 2640 Et
1842 2599 2022 2638 rursus
2044 2624 2062 2649 ,

476 2685 673 2740 Euntes
696 2685 992 2739 onnuntlate
1018 2683 1210 2738 Joanni
1231 2697 1344 2752 qua:
1372 2681 1586 2735 audistis
1613 2689 1660 2733 et
1688 2677 1881 2733 vidistis
1911 2675 2060 2745 (Luc.

479 2776 530 2830 7.
547 2776 660 2844 22).
679 2777 862 2847 Neque
882 2775 1026 2832 enim
1053 2776 1139 2830 hic
1165 2774 1362 2842 verbis,
1381 2772 1474 2828 sed
1501 2772 1663 2826 menti
1695 2770 1951 2824 mittentis
1980 2783 2067 2823 re-

477 2870 710 2938 spondit.
742 2869 1076 2938 Rursumque
1106 2868 1300 2938 populo
1319 2865 1610 2949 secundum
1634 2863 1772 2917 illius
1787 2861 2066 2916 conscien-

479 2963 604 3016 tiam
631 2963 708 3015 sic
736 2960 999 3032 loquitur:
1019 2959 1154 3026 Quid
1181 2959 1352 3012 existis
1367 2959 1420 3011 in
1445 2956 1695 3011 desertum
1714 2951 1948 3022 videre(l
1956 2951 2059 3007 bid.

474 3069 525 3106 ν.
558 3052 692 3122 24)?
718 3051 821 3119 Qui
847 3051 990 3104 enim
1020 3049 1233 3106 videbat
1253 3063 1347 3104 eos
1370 3049 1438 3104 de
1458 3048 1664 3104 Joanne
1689 3045 1836 3116 quasi
1863 3044 1931 3099 de
1959 3043 2061 3098 levi

477 3157 532 3199 et
579 3144 816 3200 versatili
863 3143 1093 3215 quodam
1145 3143 1359 3198 homine
1396 3142 1650 3212 cogitare,
1699 3138 1835 3194 hanc
1874 3150 2061 3193 eorum

478 3236 785 3306 opinionem
835 3237 1112 3307 corrigens
1157 3235 1316 3290 dicit:
1351 3233 1486 3300 Quid
1511 3233 1682 3287 existis
1717 3232 1770 3286 in
1813 3231 2063 3284 desertum

477 3329 684 3384 videre?
710 3330 1014 3384 arundinem
1040 3338 1186 3384 vento
1212 3329 1476 3400 agitatam,
1498 3337 1586 3380 aut
1609 3325 1858 3380 hominem
1887 3324 2061 3378 molli-

477 3422 568 3474 bus
593 3421 861 3475 vestitum?
887 3435 983 3491 per
1011 3428 1295 3488 utrumque
1324 3419 1657 3489 significans,
1687 3418 1859 3488 ipsum
1890 3430 2063 3486 neque

476 3526 540 3564 ex
564 3525 624 3565 se
640 3511 944 3567 versatilem
965 3525 1104 3576 esse,
1129 3527 1301 3579 neque
1328 3509 1598 3579 voluptate
1625 3509 1868 3579 quapiam
1894 3507 2059 3563 emol-

477 3601 734 3657 liendum.
761 3602 850 3657 Sic
877 3603 1060 3672 itaque
1079 3617 1220 3657 nunc
1246 3601 1538 3657 secundum
1571 3609 1804 3655 mentem
1834 3600 2062 3670 loquen-

480 3695 550 3747 tis
586 3695 893 3762 reSpondet.
924 3695 1003 3749 Ac
1028 3694 1148 3750 vide
1173 3705 1422 3765 quautam
1466 3708 1606 3748 nunc
1632 3708 1844 3763 quoque
1872 3692 2061 3748 mode-

477 3784 736 3840 rationem
763 3784 1029 3840 exhibeat.
1055 3786 1240 3856 Neque
1262 3787 1403 3840 enim
1433 3785 1582 3853 dicit,
1615 3785 1796 3840 Habeo
1823 3784 2058 3855 quidem,

477 3877 572 3931 sed
593 3877 863 3946 despicio;
888 3893 1072 3933 verum
1101 3878 1246 3944 dicit,
1279 3877 1396 3932 Non
1423 3877 1614 3933 habeo.
1633 3877 1874 3932 Vidistin‘
1894 3891 2064 3948 quan-

479 3983 588 4023 tam
617 3970 1008 4024 accurationem
1029 3985 1150 4025 cum
1180 3968 1500 4039 indulgentia
1523 3968 1861 4038 conjunctam
1883 3977 2063 4023 osten-

477 4062 610 4117 dat?
635 4062 703 4119 Ut
728 4062 888 4119 etiam
919 4078 1040 4118 cum
1067 4062 1374 4118 comederet
1411 4071 1467 4117 et
1509 4062 1736 4128 biberet,
1759 4077 1823 4118 ac
1846 4070 2063 4118 contra-

477 4159 647 4223 riam,
690 4167 746 4212 ut
788 4157 1094 4222 videbatur,
1124 4155 1312 4212 Joanni
1354 4156 1476 4210 vita:
1524 4156 1785 4210 rationem
1835 4163 2062 4211 teneret.

479 4247 612 4302 Illud
633 4257 811 4303 autem
844 4247 968 4303 facit
995 4261 1092 4317 pro
1119 4246 1448 4313 Judaeorum,
1478 4247 1587 4300 imo
1612 4246 1774 4301 totius
1800 4246 1944 4302 orbis
1975 4261 2064 4302 sa-

482 4339 625 4404 lute,
658 4339 1032 4394 tumreticorum
1081 4337 1242 4394 simul
1269 4353 1362 4392 ora
1390 4337 1778 4407 comprimens,
1826 4339 2066 4409 aliosque

478 4431 569 4497 qui
590 4428 812 4484 aderant
833 4430 1048 4498 insuper
1065 4427 1334 4484 attrahere
1356 4428 1596 4498 cupiens.
1613 4428 1763 4484 Alius
1777 4429 2062 4500 quispiam,

479 4522 577 4585 ait,
621 4520 832 4575 dicebat
875 4521 970 4585 illi,
999 4520 1090 4575 21.
1121 4519 1366 4585 Domine,
1406 4523 1637 4593 permitte
1672 4523 1797 4576 milii
1847 4523 2066 4593 primunt

480 4611 619 4664 obire
640 4650 654 4675 ,
684 4620 730 4665 et
759 4610 973 4681 sepelire
999 4621 1191 4679 patrem
1230 4628 1415 4666 meum.
1448 4611 1632 4668 Videu’
1669 4612 2020 4670 differentiam
2041 4612 2067 4666 ‘l

483 4705 548 4758 lit
573 4703 843 4773 quomodo
885 4703 1164 4773 impudens
1208 4705 1298 4761 ille
1344 4704 1575 4773 dicebat,
1609 4706 1806 4778 Sequar
1843 4717 1910 4772 te,
1937 4723 2066 4778 quo-

481 4811 696 4861 cumque
718 4795 864 4860 ieris;
890 4793 976 4849 hic
1004 4810 1151 4859 vero,
1181 4797 1280 4851 etsi
1309 4812 1420 4850 rem
1450 4805 1688 4852 sanctam
1731 4805 1941 4866 petens,
1971 4798 2066 4864 ait,

482 4888 730 4944 Permitte
767 4885 894 4940 mihi
915 4905 934 4950 ;
972 4902 1157 4942 verum
1196 4902 1303 4942 non
1343 4889 1621 4958 permisit;
1649 4889 1742 4944 sed
1787 4889 1913 4958 quid
1958 4889 2069 4944 ait?

480 4979 569 5034 9.2.
603 4978 729 5033 Sine
770 4987 996 5031 mortuos
1036 4978 1247 5047 sepelire
1288 4987 1512 5033 mortuos
1553 4995 1692 5046 suos,
1723 4987 1776 5032 tu
1801 4990 1965 5033 autem
1993 4996 2072 5034 me

481 5088 706 5141 sequere.
732 5070 936 5141 Ubique
958 5071 1098 5126 enim
1129 5071 1454 5126 voluntatem
1471 5071 1799 5142 inspiciebat.
1819 5073 1925 5130 Sed
1951 5090 2068 5142 cur,

485 5164 697 5232 inquies
722 5205 736 5229 ,
773 5178 880 5217 non
924 5162 1199 5233 permisit?
1238 5162 1373 5231 Quia
1411 5173 1566 5220 erant
1602 5167 1690 5237 qui
1735 5166 1838 5223 hoc
1879 5183 2070 5224 munus

485 5261 793 5330 implerent,
833 5276 1007 5332 neque
1051 5262 1346 5332 insepultus
1388 5278 1673 5319 mansurus
1711 5274 1871 5320 erat:
1912 5276 2072 5336 atque

487 5353 629 5408 hunc
652 5369 717 5409 ex
743 5353 905 5410 rebus
926 5354 1093 5425 magis
1121 5355 1435 5411 necessariis
1461 5356 1616 5412 avelli
1640 5371 1746 5411 non
1772 5371 1907 5426 Opus
1935 5367 2066 5411 erat.

489 5446 621 5499 Cum
661 5444 791 5500 dicit
822 5453 1022 5510 autem,
1052 5446 1283 5501 Mortuos
1324 5463 1460 5513 suos,
1498 5448 1734 5502 ostendit
1774 5447 1916 5502 hunc
1963 5463 2068 5502 non

493 5551 614 5593 esse
634 5547 905 5592 mortuum
936 5553 1090 5592 suum
1118 5556 1130 5590 :
1156 5554 1282 5593 nam
1311 5537 1419 5604 hic,
1451 5548 1511 5592 ut
1535 5539 1804 5605 existimo,
1833 5548 2073 5594 mortuus

490 5642 558 5680 ex
600 5625 890 5684 infidelium
918 5644 1142 5684 numero
1170 5637 1304 5685 erat.
1333 5628 1388 5685 Si
1427 5645 1588 5699 porro
1623 5630 1874 5701 juvenem
1913 5631 2076 5688 mira-

574 5797 586 5826 ’
615 5795 738 5846 Vide
761 5807 928 5849 notam
956 5799 1199 5854 Friderici
1233 5801 1394 5858 Field.

1278 355 1334 411 S.
1374 349 1652 410 JOANNIS
1687 340 2177 404 CHRYSOSTOMI.
2203 343 2523 402 ARCIIIEP.
2560 346 3092 407 CONSTANTINOP.

3655 354 3755 411 3-38

2179 462 2275 530 ris,
2300 464 2443 534 quod
2472 479 2568 534 pro
2593 480 2652 522 re
2680 475 2785 521 tam
2817 467 3114 522 necessaria
3141 465 3324 523 losum
3350 469 3634 538 rogaverit,
3661 487 3756 526 ne-

2177 570 2283 627 que
2320 565 2510 628 sponte
2550 557 2775 612 abierit:
2809 560 2977 614 multo
3011 558 3178 630 magis
3213 560 3423 624 mirare,
3457 560 3598 631 quod
3639 578 3757 631 pro-

2179 648 2377 707 hibitus
2419 652 2693 707 manserit.
2731 653 2924 706 Annon
2948 694 2964 718 ,
2995 652 3238 722 inquies,
3282 654 3623 722 ingratissimi
3664 655 3754 711 lilii

2176 751 2312 809 erat,
2347 743 2510 812 patris
2534 743 2801 813 exsequiis
2829 759 2934 797 non
2978 744 3279 800 interesse?
3309 744 3364 800 Si
3409 745 3461 800 id
3492 761 3556 799 ex
3589 746 3756 816 negli-
3791 793 3796 796 .

2174 833 2352 903 gentia
2395 833 2628 898 fecisset,
2663 835 2849 905 ingrati
2878 835 3040 890 animi
3069 836 3304 892 futurum
3331 846 3477 897 erat:
3506 837 3552 892 si
3581 848 3755 893 autem

2175 943 2263 984 res
2305 931 2474 1000 magis
2517 931 2812 986 necessaria
2849 931 3097 993 instabat,
3140 930 3493 1000 improbitatis
3535 948 3757 987 summa:

2173 1018 2336 1076 fuerit
2362 1021 2578 1078 abiisse.
2609 1021 2740 1076 Nam
2767 1021 2924 1078 Iesus
2962 1022 3012 1078 id
3042 1023 3314 1092 prohibuit
3338 1023 3461 1094 ipsi,
3482 1039 3588 1078 non
3616 1023 3756 1093 quod

2169 1110 2381 1182 juberet
2404 1113 2659 1168 honorem
2687 1115 2992 1184 parentibus
3018 1113 3257 1170 debitum
3284 1123 3648 1181 contemnere,
3665 1115 3756 1170 sed

2174 1217 2232 1260 ut
2275 1206 2602 1272 ostenderet,
2633 1206 2764 1262 nihil
2815 1206 2968 1263 nobis
3005 1223 3158 1277 aeque
3196 1207 3557 1262 necessarium
3603 1220 3753 1272 esse,

2172 1312 2333 1373 atque
2353 1316 2440 1357 res
2464 1303 2728 1369 caelestes,
2760 1303 2931 1372 iisque
2957 1315 3164 1358 summa
3189 1315 3310 1355 cum
3332 1301 3599 1371 diligentia
3637 1315 3756 1357 esse

2175 1392 2606 1459 incumbendum,
2630 1409 2730 1449 nec
2758 1394 2838 1448 vel
2867 1393 3129 1448 tantillum
3158 1392 3527 1456 dill‘ercndum,
3547 1393 3752 1446 etiamsi

2171 1486 2457 1542 admodum
2496 1488 2735 1558 urgentia
2767 1487 3047 1542 videantur
3088 1503 3208 1544 esse
3243 1503 3306 1544 ea
3346 1503 3465 1557 quas
3500 1487 3607 1543 alio
3644 1498 3755 1542 tra-

2172 1580 2326 1635 hunt.
2359 1580 2494 1648 Quid
2523 1581 2665 1636 enim
2705 1581 2874 1650 magis
2917 1581 3277 1636 necessarium
3298 1619 3314 1647 ,
3342 1594 3500 1650 quam
3526 1579 3755 1648 sepelire

2171 1673 2415 1742 patrem?
2436 1673 2562 1744 quid
2600 1673 2841 1728 facilius?
2877 1671 3060 1742 Neque
3083 1671 3225 1727 enim
3251 1673 3471 1727 multum
3501 1671 3756 1741 temporis

2170 1762 2542 1818 insumendum
2569 1771 2703 1819 erat.
2735 1763 2790 1818 Si
2822 1776 2981 1832 porro
3012 1778 3122 1816 non
3153 1769 3358 1816 tantum
3389 1761 3646 1831 temporis
3671 1761 3758 1815 in-

2169 1871 2386 1912 sumere
2412 1856 2536 1911 licet
2560 1864 2815 1927 quantum
2841 1857 2910 1910 ad
2938 1855 3305 1925 sepeliendum
3333 1865 3536 1924 patrem
3559 1861 3646 1907 est
3665 1869 3757 1907 ne-

2169 1948 2481 2014 cessarium,
2511 1948 2630 2004 etsi
2661 1962 2729 2003 ne
2751 1947 2956 2002 tantillo
2979 1946 3194 2018 quidem
3237 1958 3476 2015 tempore
3499 1945 3755 2014 spiritua-

2169 2039 2242 2095 lia
2273 2039 2575 2109 relinquere
2613 2047 2782 2093 tutum
2822 2047 2907 2093 est
2935 2055 2949 2092 :
2980 2037 3153 2108 cogita
3177 2037 3372 2108 quibus
3413 2036 3580 2090 simus
3611 2035 3755 2104 digni

2169 2131 2363 2202 penis,
2393 2131 2481 2203 qui
2509 2147 2571 2188 ea
2608 2146 2727 2201 (tute
2755 2131 2822 2186 ad
2847 2129 3121 2186 Christum
3167 2137 3412 2200 spectant
3441 2138 3551 2183 toto
3587 2127 3756 2182 ferme

2171 2233 2412 2293 tempore
2458 2222 2776 2286 deserimus,
2804 2231 2858 2276 et
2900 2220 3217 2276 necessariis
3247 2219 3500 2274 vilissima
3543 2229 3759 2288 antepo-

2168 2315 2364 2380 nimus,
2384 2315 2636 2385 nullaque
2663 2329 2722 2369 re
2745 2321 2966 2382 urgente
2993 2312 3202 2367 desides
3217 2327 3420 2366 sumus.
3446 2310 3573 2365 lude
3596 2325 3758 2380 porro

2169 2406 2426 2461 doctrinae
2455 2405 2678 2474 hujusce
2705 2404 3094 2474 philosophiam
3126 2404 3309 2458 mirari
3337 2412 3580 2482 oportet,
3613 2401 3754 2472 quod

2163 2497 2410 2568 juvenem
2441 2497 2602 2553 verbo
2629 2496 2721 2552 Dei
2747 2496 2996 2560 aflixerit,
3028 2496 3093 2550 ad
3125 2494 3239 2550 haec
3264 2494 3423 2549 etiam
3447 2493 3629 2548 multis
3653 2493 3757 2546 eri-

2167 2592 2345 2661 puerit
2380 2592 2554 2656 malis,
2582 2590 2816 2654 ﬂetibus,
2847 2589 3008 2645 luctui
3036 2629 3052 2655 ,
3079 2588 3303 2657 aliisque
3332 2585 3456 2641 inde
3483 2584 3756 2654 sequenti-

2167 2682 2287 2738 bus.
2304 2682 2435 2736 Nam
2460 2692 2580 2754 post
2601 2683 2930 2753 sepulturam
2957 2695 3092 2751 opus
3118 2689 3235 2736 erat
3263 2688 3640 2735 testamentum
3664 2693 3756 2732 ex-

2166 2784 2386 2842 cutere,
2431 2785 2604 2831 sortes
2648 2775 2959 2831 hereditatis
2993 2773 3351 2838 distribuere,
3396 2784 3449 2826 et
3486 2771 3588 2825 alia
3635 2784 3755 2840 qua:

2166 2867 2282 2924 haec
2305 2869 2665 2940 sequebantur
2691 2869 2868 2924 omnia
2899 2869 3072 2922 facere
3096 2883 3108 2921 :
3141 2864 3323 2934 sicque
3349 2863 3594 2918 ﬂuctibus
3621 2864 3756 2918 alios

2165 2961 2360 3017 fluctus
2383 2961 2787 3033 excipientibus,
2822 2960 3008 3032 procul
3033 2975 3060 3013 a
3088 2958 3327 3014 veritatis
3357 2967 3510 3027 portu
3543 2957 3631 3010 ille
3657 2956 3754 3010 ab-

2165 3054 2356 3110 ductus
2393 3054 2602 3110 fuisset.
2634 3053 2760 3110 Ideo
2807 3053 2978 3123 ipsum
3031 3051 3284 3117 attrahit,
3331 3059 3385 3104 et
3421 3048 3523 3103 sibi
3558 3047 3753 3118 jungit.

2164 3145 2319 3214 Quod
2361 3146 2406 3201 si
2443 3144 2618 3201 adhuc
2645 3145 2856 3199 miraris
2882 3153 2936 3199 et
2955 3157 3095 3213 aegre
3119 3142 3246 3209 fers,
3286 3139 3426 3211 quod
3453 3137 3756 3210 prohibitus

2164 3238 2326 3295 fuerit
2351 3246 2574 3310 paterno
2598 3237 2789 3293 adesse
2803 3235 2973 3291 funeri
2995 3252 3009 3300 ;
3031 3234 3158 3290 illud
3185 3235 3385 3304 cogites
3413 3232 3591 3297 velim,
3613 3232 3754 3285 mul-

2165 3337 2250 3384 tos
2278 3343 2399 3385 esse
2435 3329 2526 3400 qui
2569 3342 2691 3384 cum
2732 3328 2904 3384 sciant
2941 3327 3217 3396 quOSpiam
3257 3313 3533 3380 molestius
3565 3322 3754 3376 funera

2165 3421 2370 3478 laturos
2399 3436 2541 3488 esse,
2573 3435 2666 3476 seu
2694 3420 2880 3490 patris,
2912 3435 3008 3474 seu
3047 3417 3254 3485 matris,
3283 3431 3380 3472 seu
3406 3415 3520 3482 lilii,
3549 3430 3648 3470 seu
3679 3414 3757 3468 al-

2164 3512 2330 3568 terius
2354 3511 2756 3582 cujuscumque,
2776 3525 2880 3565 non
2911 3510 3220 3580 permittere
3247 3523 3310 3564 ea
3338 3507 3466 3576 ipsis
3496 3506 3754 3570 nuntiari,

2164 3619 2340 3674 neque
2368 3604 2513 3674 ipsos
2554 3603 2622 3658 ad
2659 3603 2963 3672 sepulcrum
2994 3602 3178 3657 venire
3208 3619 3221 3654 :
3252 3616 3426 3671 neque
3454 3598 3573 3654 ideo
3611 3599 3757 3669 ipsis

2166 3696 2499 3752 crudelitatis
2528 3694 3000 3750 inhumanitatisve
3019 3707 3335 3749 accusamus
3359 3711 3372 3746 :
3401 3700 3456 3746 et
3478 3691 3598 3761 jure
3637 3689 3756 3759 qui-

2166 3788 2309 3844 dem.
2341 3787 2474 3842 Nam
2513 3796 2697 3843 contra
2740 3786 2918 3842 facere
2973 3785 3320 3841 inhumanum
3364 3793 3528 3848 esset,
3559 3797 3758 3853 nempe

2164 3880 2246 3936 sic
2272 3879 2492 3936 allectos
2517 3879 2584 3934 ad
2615 3880 2815 3934 luctum
2843 3880 2859 3911 ¹
2890 3879 3142 3935 educere.

2237 3975 2292 4031 4.
2330 3975 2458 4042 Qua:
2499 3975 2568 4028 ad
2607 3973 2824 4028 salutem
2867 3980 3095 4042 spectant
3140 3980 3260 4025 sunt
3304 3971 3497 4025 cretes-is
3539 3977 3755 4038 antepo-

2165 4068 2354 4122 nenda.
2387 4066 2478 4122 Vir
2504 4069 2558 4120 in
2585 4067 2806 4138 nequitia
2843 4067 3033 4132 vivens,
3064 4075 3138 4120 est
3179 4074 3379 4118 mortuo
3423 4063 3665 4116 deterior.
3689 4087 3760 4100 —-

2167 4158 2320 4228 Quod
2347 4159 2392 4214 si
2429 4157 2756 4229 propinquos
2781 4159 2852 4213 ita
2889 4157 3070 4228 lugere
3111 4165 3164 4211 et
3189 4157 3424 4210 animum
3449 4155 3604 4209 atteri
3640 4166 3754 4207 ma-

2168 4253 2278 4309 lum
2303 4260 2405 4317 est,
2429 4252 2584 4322 longe
2611 4250 2765 4321 pejus
2791 4260 2873 4306 est
2897 4265 2926 4305 a
2954 4247 3317 4319 spiritualibus
3344 4246 3534 4302 abduci
3557 4245 3756 4300 verbis.

2168 4341 2397 4415 Ideoque
2416 4343 2541 4398 alibi
2564 4343 2689 4398 dicit
2715 4361 2729 4397 :
2756 4341 2922 4396 Nemo
2942 4342 3142 4396 mittens
3162 4357 3366 4394 manum
3381 4355 3525 4393 suam
3553 4338 3623 4391 ad
3642 4353 3763 4390 ara-

2169 4447 2323 4503 trum,
2353 4446 2402 4491 et
2442 4453 2706 4492 conversus
2731 4437 2798 4490 ad
2823 4437 3136 4505 posteriora,
3167 4443 3315 4504 aptus
3357 4443 3428 4487 est
3457 4432 3526 4485 ad
3548 4447 3761 4503 regnum

2171 4529 2411 4585 ctelorum
2433 4528 2585 4600 (Luc.
2609 4529 2663 4584 9.
2692 4525 2804 4600 62).
2837 4526 2972 4581 Nam
3010 4528 3166 4597 longe
3195 4525 3387 4581 melius
3420 4536 3504 4579 est
3534 4538 3761 4594 regnum

2171 4620 2496 4691 praedicare,
2536 4619 2780 4689 aliosque
2821 4633 2851 4672 a
2881 4627 3054 4672 morte
3097 4615 3399 4682 retrahere,
3428 4631 3586 4686 quam
3631 4615 3762 4670 nihil

2167 4713 2442 4782 juvautern
2476 4719 2743 4766 mortuum
2773 4709 3036 4779 sepelire;
3068 4724 3189 4763 cum
3221 4708 3452 4762 maxime
3471 4714 3766 4776 supersunt

2172 4804 2262 4858 alii
2313 4803 2402 4873 qui
2442 4803 2649 4874 possint
2698 4801 2800 4856 hoc
2841 4800 3077 4858 officium
3125 4800 3368 4870 implere.
3411 4797 3552 4854 Nihil
3603 4799 3767 4870 igitur

2171 4894 2315 4950 aliud
2347 4895 2470 4950 inde
2498 4893 2771 4957 discimus,
2793 4908 2953 4963 quam
2982 4891 3125 4963 quod
3151 4907 3218 4947 ne
3243 4891 3518 4946 minimum
3546 4890 3764 4961 quidem

2175 4988 2432 5056 temporis
2474 4996 2650 5042 terere
2697 4995 2940 5052 oporteat
2965 5005 2980 5041 ε
3007 4985 3213 5039 etiamsi
3244 4993 3493 5040 sexcenta
3525 4983 3630 5037 alia
3677 4999 3767 5036 ur-

2175 5089 2353 5154 geant,
2375 5079 2666 5150 spiritualia
2689 5089 2813 5134 sunt
2841 5093 3058 5149 semper
3075 5078 3284 5133 caeteris
3308 5077 3389 5132 vel
3413 5077 3646 5130 maxime
3671 5090 3766 5130 ne.

2175 5171 2426 5228 cessariis
2464 5171 2836 5240 anteponenda
2859 5211 2874 5235 ,
2920 5169 3301 5241 sciendumque
3329 5178 3413 5224 est
3436 5211 3449 5232 ,
3477 5168 3603 5238 quid
3634 5168 3764 5229 vita,

2177 5265 2305 5334 quid
2336 5277 2479 5317 mors
2505 5263 2594 5317 sit.
2621 5261 2766 5316 Multi
2789 5263 2931 5317 enim
2960 5263 3118 5316 etiam
3141 5277 3204 5316 ex
3233 5261 3318 5326 iis,
3348 5259 3437 5330 qui
3472 5260 3654 5315 vivere
3684 5257 3765 5311 vi-

2178 5356 2390 5422 dentur,
2422 5371 2450 5407 a
2496 5355 2721 5410 mortuis
2766 5354 2898 5408 nihil
2927 5353 3200 5418 differunt,
3226 5352 3272 5407 si
3311 5351 3364 5406 in
3407 5351 3643 5421 nequitia
3683 5350 3765 5403 vi.

2176 5458 2335 5513 vant;
2369 5448 2476 5501 imo
2519 5446 2814 5501 deteriores
2855 5445 3016 5500 etiam
3057 5445 3284 5498 mortuis
3324 5452 3469 5498 sunt.
3503 5440 3644 5495 Nam
3680 5441 3766 5510 qui

2180 5550 2407 5594 mortuus
2437 5549 2528 5604 est,
2565 5539 2752 5609 inquit,
2775 5538 3085 5608 justiﬁcatus
3113 5545 3185 5591 est
3209 5553 3242 5590 a
3275 5546 3477 5605 peccato
3506 5533 3681 5604 (Rom.
3711 5533 3765 5585 6.

2181 5632 2236 5703 7)
2261 5648 2277 5695 ;
2309 5631 2396 5687 hic
2417 5640 2596 5686 autem
2617 5631 2866 5700 nequitiae
2896 5630 3079 5686 servit.
3113 5628 3189 5684 Ne
3219 5625 3346 5684 mihi
3368 5627 3589 5695 dixeris,
3614 5622 3766 5680 illum

2246 5789 2262 5820 ¹
2299 5787 2510 5850 Qtudam,
2537 5787 2601 5838 ad
2622 5786 2781 5849 funus.
