  <div class='ocr_page' id='page_1' title='image "/cluster/home/n/w/nwhite01/storage/ocr_20150623/57/nnc1.0046980075/276.png"; bbox 0 0 4038 6364; ppageno 0'>
   <div class='ocr_carea' id='block_1_1' title="bbox 267 353 374 411">
    <p class='ocr_par' dir='ltr' id='par_1_1' title="bbox 267 353 374 411">
     <span class='ocr_line' id='line_1_1' title="bbox 267 353 374 411; baseline -0.028 0"><span class='ocrx_word' id='word_1_1' title='bbox 267 353 374 411; x_wconf 62' lang='grc'><strong>539</strong></span> 
     </span>
    </p>
   </div>
   <div class='ocr_carea' id='block_1_2' title="bbox 264 460 1866 530">
    <p class='ocr_par' dir='ltr' id='par_1_2' title="bbox 264 460 1866 530">
     <span class='ocr_line' id='line_1_2' title="bbox 264 460 1866 530; baseline -0.006 -9"><span class='ocrx_word' id='word_1_2' title='bbox 264 483 296 521; x_wconf 90' lang='lat' dir='ltr'><strong>a</strong></span> <span class='ocrx_word' id='word_1_3' title='bbox 329 465 608 522; x_wconf 75' lang='lat' dir='ltr'><strong>vermibus</strong></span> <span class='ocrx_word' id='word_1_4' title='bbox 635 480 743 519; x_wconf 93' lang='lat' dir='ltr'><strong>non</strong></span> <span class='ocrx_word' id='word_1_5' title='bbox 778 463 1011 530; x_wconf 89' lang='lat' dir='ltr'><strong>corrodi,</strong></span> <span class='ocrx_word' id='word_1_6' title='bbox 1036 479 1140 516; x_wconf 89' lang='lat' dir='ltr'><strong>non</strong></span> <span class='ocrx_word' id='word_1_7' title='bbox 1163 463 1214 515; x_wconf 90' lang='lat' dir='ltr'><strong>in</strong></span> <span class='ocrx_word' id='word_1_8' title='bbox 1239 460 1510 530; x_wconf 77' lang='lat' dir='ltr'><strong>sandapila</strong></span> <span class='ocrx_word' id='word_1_9' title='bbox 1537 460 1740 529; x_wconf 98' lang='lat' dir='ltr'><strong>jacere,</strong></span> <span class='ocrx_word' id='word_1_10' title='bbox 1760 474 1866 512; x_wconf 92' lang='lat' dir='ltr'><strong>non</strong></span> 
     </span>
    </p>
   </div>
   <div class='ocr_carea' id='block_1_3' title="bbox 265 551 1863 624">
    <p class='ocr_par' dir='ltr' id='par_1_3' title="bbox 265 551 1863 624">
     <span class='ocr_line' id='line_1_3' title="bbox 265 551 1863 624; baseline -0.004 -14"><span class='ocrx_word' id='word_1_11' title='bbox 265 557 461 610; x_wconf 88' lang='lat' dir='ltr'><strong>oculos</strong></span> <span class='ocrx_word' id='word_1_12' title='bbox 502 556 794 618; x_wconf 77' lang='lat' dir='ltr'><strong>clausisse,</strong></span> <span class='ocrx_word' id='word_1_13' title='bbox 826 568 997 624; x_wconf 85' lang='lat' dir='ltr'><strong>neque.</strong></span> <span class='ocrx_word' id='word_1_14' title='bbox 1054 553 1250 607; x_wconf 89' lang='lat' dir='ltr'><strong>institis</strong></span> <span class='ocrx_word' id='word_1_15' title='bbox 1294 553 1511 622; x_wconf 90' lang='lat' dir='ltr'><strong>ligatum</strong></span> <span class='ocrx_word' id='word_1_16' title='bbox 1555 566 1695 606; x_wconf 86' lang='lat' dir='ltr'><strong>esse.</strong></span> <span class='ocrx_word' id='word_1_17' title='bbox 1731 551 1863 605; x_wconf 85' lang='lat' dir='ltr'><strong>Nam</strong></span> 
     </span>
    </p>
   </div>
   <div class='ocr_carea' id='block_1_4' title="bbox 266 644 1869 720">
    <p class='ocr_par' dir='ltr' id='par_1_4' title="bbox 266 644 1869 720">
     <span class='ocr_line' id='line_1_4' title="bbox 266 644 1869 720; baseline -0.004 -17"><span class='ocrx_word' id='word_1_18' title='bbox 266 650 516 720; x_wconf 73' lang='lat' dir='ltr'><strong>graviora</strong></span> <span class='ocrx_word' id='word_1_19' title='bbox 552 649 773 719; x_wconf 87' lang='lat' dir='ltr'><strong>patitur,</strong></span> <span class='ocrx_word' id='word_1_20' title='bbox 804 663 961 716; x_wconf 90' lang='lat' dir='ltr'><strong>quam</strong></span> <span class='ocrx_word' id='word_1_21' title='bbox 1008 655 1281 710; x_wconf 90' lang='lat' dir='ltr'><strong>mortuus,</strong></span> <span class='ocrx_word' id='word_1_22' title='bbox 1314 661 1421 699; x_wconf 90' lang='lat' dir='ltr'><strong>non</strong></span> <span class='ocrx_word' id='word_1_23' title='bbox 1450 644 1718 698; x_wconf 82' lang='lat' dir='ltr'><strong>vermibus</strong></span> <span class='ocrx_word' id='word_1_24' title='bbox 1746 658 1869 697; x_wconf 88' lang='lat' dir='ltr'><strong>cor-</strong></span> 
     </span>
    </p>
   </div>
   <div class='ocr_carea' id='block_1_5' title="bbox 268 735 1869 805">
    <p class='ocr_par' dir='ltr' id='par_1_5' title="bbox 268 735 1869 805">
     <span class='ocr_line' id='line_1_5' title="bbox 268 735 1869 805; baseline -0.003 -10"><span class='ocrx_word' id='word_1_25' title='bbox 268 742 619 805; x_wconf 81' lang='lat' dir='ltr'><strong>rudentibus,</strong></span> <span class='ocrx_word' id='word_1_26' title='bbox 652 740 746 795; x_wconf 91' lang='lat' dir='ltr'><strong>sed</strong></span> <span class='ocrx_word' id='word_1_27' title='bbox 786 739 912 794; x_wconf 88' lang='lat' dir='ltr'><strong>feris</strong></span> <span class='ocrx_word' id='word_1_28' title='bbox 954 737 1357 792; x_wconf 86' lang='lat' dir='ltr'><strong>immanioribus</strong></span> <span class='ocrx_word' id='word_1_29' title='bbox 1390 737 1552 790; x_wconf 88' lang='lat' dir='ltr'><strong>animi</strong></span> <span class='ocrx_word' id='word_1_30' title='bbox 1590 735 1869 790; x_wconf 78' lang='lat' dir='ltr'><strong>allâ€˜ectibus</strong></span> 
     </span>
    </p>
   </div>
   <div class='ocr_carea' id='block_1_6' title="bbox 272 828 1865 902">
    <p class='ocr_par' dir='ltr' id='par_1_6' title="bbox 272 828 1865 902">
     <span class='ocr_line' id='line_1_6' title="bbox 272 828 1865 902; baseline -0.003 -16"><span class='ocrx_word' id='word_1_31' title='bbox 272 836 446 902; x_wconf 68' lang='lat' dir='ltr'><strong>ipsum</strong></span> <span class='ocrx_word' id='word_1_32' title='bbox 471 832 913 902; x_wconf 89' lang='lat' dir='ltr'><strong>discerpentibus.</strong></span> <span class='ocrx_word' id='word_1_33' title='bbox 934 831 989 886; x_wconf 95' lang='lat' dir='ltr'><strong>Si</strong></span> <span class='ocrx_word' id='word_1_34' title='bbox 1011 840 1186 886; x_wconf 89' lang='lat' dir='ltr'><strong>autem</strong></span> <span class='ocrx_word' id='word_1_35' title='bbox 1209 839 1421 901; x_wconf 87' lang='lat' dir='ltr'><strong>apertos</strong></span> <span class='ocrx_word' id='word_1_36' title='bbox 1447 828 1638 883; x_wconf 88' lang='lat' dir='ltr'><strong>habeat</strong></span> <span class='ocrx_word' id='word_1_37' title='bbox 1659 828 1865 893; x_wconf 90' lang='lat' dir='ltr'><strong>oculos,</strong></span> 
     </span>
    </p>
   </div>
   <div class='ocr_carea' id='block_1_7' title="bbox 274 921 1869 995">
    <p class='ocr_par' dir='ltr' id='par_1_7' title="bbox 274 921 1869 995">
     <span class='ocr_line' id='line_1_7' title="bbox 274 921 1869 995; baseline -0.001 -19"><span class='ocrx_word' id='word_1_38' title='bbox 274 925 375 980; x_wconf 86' lang='lat' dir='ltr'><strong>hoc</strong></span> <span class='ocrx_word' id='word_1_39' title='bbox 406 927 532 980; x_wconf 90' lang='lat' dir='ltr'><strong>item</strong></span> <span class='ocrx_word' id='word_1_40' title='bbox 562 927 715 995; x_wconf 89' lang='lat' dir='ltr'><strong>longe</strong></span> <span class='ocrx_word' id='word_1_41' title='bbox 758 925 910 994; x_wconf 80' lang='lat' dir='ltr'><strong>pejus</strong></span> <span class='ocrx_word' id='word_1_42' title='bbox 936 934 1039 989; x_wconf 90' lang='lat' dir='ltr'><strong>est,</strong></span> <span class='ocrx_word' id='word_1_43' title='bbox 1072 938 1229 993; x_wconf 89' lang='lat' dir='ltr'><strong>quam</strong></span> <span class='ocrx_word' id='word_1_44' title='bbox 1269 924 1315 976; x_wconf 89' lang='lat' dir='ltr'><strong>si</strong></span> <span class='ocrx_word' id='word_1_45' title='bbox 1342 922 1507 976; x_wconf 87' lang='lat' dir='ltr'><strong>clausi</strong></span> <span class='ocrx_word' id='word_1_46' title='bbox 1550 931 1748 975; x_wconf 86' lang='lat' dir='ltr'><strong>essent.</strong></span> <span class='ocrx_word' id='word_1_47' title='bbox 1776 921 1869 975; x_wconf 87' lang='lat' dir='ltr'><strong>Et-</strong></span> 
     </span>
    </p>
   </div>
   <div class='ocr_carea' id='block_1_8' title="bbox 272 1012 1870 1081">
    <p class='ocr_par' dir='ltr' id='par_1_8' title="bbox 272 1012 1870 1081">
     <span class='ocr_line' id='line_1_8' title="bbox 272 1012 1870 1081; baseline -0.003 -11"><span class='ocrx_word' id='word_1_48' title='bbox 272 1019 420 1071; x_wconf 85' lang='lat' dir='ltr'><strong>enim</strong></span> <span class='ocrx_word' id='word_1_49' title='bbox 439 1018 580 1071; x_wconf 87' lang='lat' dir='ltr'><strong>oeuli</strong></span> <span class='ocrx_word' id='word_1_50' title='bbox 604 1018 797 1070; x_wconf 86' lang='lat' dir='ltr'><strong>mortui</strong></span> <span class='ocrx_word' id='word_1_51' title='bbox 822 1015 954 1069; x_wconf 91' lang='lat' dir='ltr'><strong>nihil</strong></span> <span class='ocrx_word' id='word_1_52' title='bbox 973 1016 1093 1069; x_wconf 89' lang='lat' dir='ltr'><strong>mali</strong></span> <span class='ocrx_word' id='word_1_53' title='bbox 1119 1014 1333 1078; x_wconf 91' lang='lat' dir='ltr'><strong>vident;</strong></span> <span class='ocrx_word' id='word_1_54' title='bbox 1362 1012 1447 1067; x_wconf 90' lang='lat' dir='ltr'><strong>hic</strong></span> <span class='ocrx_word' id='word_1_55' title='bbox 1472 1023 1649 1066; x_wconf 90' lang='lat' dir='ltr'><strong>autem</strong></span> <span class='ocrx_word' id='word_1_56' title='bbox 1673 1012 1870 1081; x_wconf 88' lang='lat' dir='ltr'><strong>apertis</strong></span> 
     </span>
    </p>
   </div>
   <div class='ocr_carea' id='block_1_9' title="bbox 274 1103 1868 1173">
    <p class='ocr_par' dir='ltr' id='par_1_9' title="bbox 274 1103 1868 1173">
     <span class='ocr_line' id='line_1_9' title="bbox 274 1103 1868 1173; baseline -0.004 -10"><span class='ocrx_word' id='word_1_57' title='bbox 274 1110 443 1163; x_wconf 87' lang='lat' dir='ltr'><strong>oculis</strong></span> <span class='ocrx_word' id='word_1_58' title='bbox 483 1109 793 1163; x_wconf 88' lang='lat' dir='ltr'><strong>innumeros</strong></span> <span class='ocrx_word' id='word_1_59' title='bbox 837 1108 938 1162; x_wconf 86' lang='lat' dir='ltr'><strong>sibi</strong></span> <span class='ocrx_word' id='word_1_60' title='bbox 972 1106 1193 1160; x_wconf 86' lang='lat' dir='ltr'><strong>attrahit</strong></span> <span class='ocrx_word' id='word_1_61' title='bbox 1230 1104 1464 1160; x_wconf 89' lang='lat' dir='ltr'><strong>morbos.</strong></span> <span class='ocrx_word' id='word_1_62' title='bbox 1510 1104 1603 1158; x_wconf 95' lang='lat' dir='ltr'><strong>Ille</strong></span> <span class='ocrx_word' id='word_1_63' title='bbox 1630 1104 1775 1173; x_wconf 83' lang='lat' dir='ltr'><strong>jacet</strong></span> <span class='ocrx_word' id='word_1_64' title='bbox 1814 1103 1868 1157; x_wconf 88' lang='lat' dir='ltr'><strong>in</strong></span> 
     </span>
    </p>
   </div>
   <div class='ocr_carea' id='block_1_10' title="bbox 274 1196 1870 1268">
    <p class='ocr_par' dir='ltr' id='par_1_10' title="bbox 274 1196 1870 1268">
     <span class='ocr_line' id='line_1_10' title="bbox 274 1196 1870 1268; baseline -0.003 -14"><span class='ocrx_word' id='word_1_65' title='bbox 274 1200 549 1268; x_wconf 85' lang='lat' dir='ltr'><strong>sandapila</strong></span> <span class='ocrx_word' id='word_1_66' title='bbox 579 1200 644 1253; x_wconf 91' lang='lat' dir='ltr'><strong>ad</strong></span> <span class='ocrx_word' id='word_1_67' title='bbox 676 1198 853 1253; x_wconf 89' lang='lat' dir='ltr'><strong>omnia</strong></span> <span class='ocrx_word' id='word_1_68' title='bbox 897 1197 1221 1260; x_wconf 86' lang='lat' dir='ltr'><strong>immobilis;</strong></span> <span class='ocrx_word' id='word_1_69' title='bbox 1247 1196 1333 1251; x_wconf 87' lang='lat' dir='ltr'><strong>hic</strong></span> <span class='ocrx_word' id='word_1_70' title='bbox 1367 1197 1419 1249; x_wconf 92' lang='lat' dir='ltr'><strong>in</strong></span> <span class='ocrx_word' id='word_1_71' title='bbox 1448 1197 1703 1266; x_wconf 91' lang='lat' dir='ltr'><strong>sepulcro</strong></span> <span class='ocrx_word' id='word_1_72' title='bbox 1726 1211 1870 1250; x_wconf 90' lang='lat' dir='ltr'><strong>mor-</strong></span> 
     </span>
    </p>
   </div>
   <div class='ocr_carea' id='block_1_11' title="bbox 275 1288 1869 1355">
    <p class='ocr_par' dir='ltr' id='par_1_11' title="bbox 275 1288 1869 1355">
     <span class='ocr_line' id='line_1_11' title="bbox 275 1288 1869 1355; baseline -0.003 -10"><span class='ocrx_word' id='word_1_73' title='bbox 275 1292 464 1345; x_wconf 87' lang='lat' dir='ltr'><strong>borum</strong></span> <span class='ocrx_word' id='word_1_74' title='bbox 495 1291 641 1345; x_wconf 90' lang='lat' dir='ltr'><strong>mille</strong></span> <span class='ocrx_word' id='word_1_75' title='bbox 675 1306 839 1344; x_wconf 79' lang='lat' dir='ltr'><strong>onere</strong></span> <span class='ocrx_word' id='word_1_76' title='bbox 864 1289 1087 1343; x_wconf 89' lang='lat' dir='ltr'><strong>obrutus</strong></span> <span class='ocrx_word' id='word_1_77' title='bbox 1126 1296 1225 1342; x_wconf 89' lang='lat' dir='ltr'><strong>est.</strong></span> <span class='ocrx_word' id='word_1_78' title='bbox 1259 1288 1329 1341; x_wconf 83' lang='lat' dir='ltr'><strong>At</strong></span> <span class='ocrx_word' id='word_1_79' title='bbox 1352 1303 1457 1341; x_wconf 92' lang='lat' dir='ltr'><strong>non</strong></span> <span class='ocrx_word' id='word_1_80' title='bbox 1501 1288 1649 1342; x_wconf 87' lang='lat' dir='ltr'><strong>vides</strong></span> <span class='ocrx_word' id='word_1_81' title='bbox 1673 1301 1869 1355; x_wconf 89' lang='lat' dir='ltr'><strong>corpus</strong></span> 
     </span>
    </p>
   </div>
   <div class='ocr_carea' id='block_1_12' title="bbox 276 1378 1869 1452">
    <p class='ocr_par' dir='ltr' id='par_1_12' title="bbox 276 1378 1869 1452">
     <span class='ocr_line' id='line_1_12' title="bbox 276 1378 1869 1452; baseline -0.004 -15"><span class='ocrx_word' id='word_1_82' title='bbox 276 1399 391 1452; x_wconf 80' lang='lat' dir='ltr'><strong>ejus</strong></span> <span class='ocrx_word' id='word_1_83' title='bbox 434 1380 751 1452; x_wconf 76' lang='lat' dir='ltr'><strong>putridum?</strong></span> <span class='ocrx_word' id='word_1_84' title='bbox 778 1380 845 1434; x_wconf 85' lang='lat' dir='ltr'><strong>Et</strong></span> <span class='ocrx_word' id='word_1_85' title='bbox 874 1379 999 1450; x_wconf 90' lang='lat' dir='ltr'><strong>quid</strong></span> <span class='ocrx_word' id='word_1_86' title='bbox 1044 1379 1180 1433; x_wconf 85' lang='lat' dir='ltr'><strong>hoc?</strong></span> <span class='ocrx_word' id='word_1_87' title='bbox 1203 1378 1300 1432; x_wconf 86' lang='lat' dir='ltr'><strong>llic</strong></span> <span class='ocrx_word' id='word_1_88' title='bbox 1326 1379 1521 1448; x_wconf 82' lang='lat' dir='ltr'><strong>quippe</strong></span> <span class='ocrx_word' id='word_1_89' title='bbox 1539 1418 1560 1440; x_wconf 87' lang='lat'><strong>,</strong></span> <span class='ocrx_word' id='word_1_90' title='bbox 1582 1387 1869 1447; x_wconf 86' lang='lat' dir='ltr'><strong>antequam</strong></span> 
     </span>
    </p>
   </div>
   <div class='ocr_carea' id='block_1_13' title="bbox 278 1472 1868 1545">
    <p class='ocr_par' dir='ltr' id='par_1_13' title="bbox 278 1472 1868 1545">
     <span class='ocr_line' id='line_1_13' title="bbox 278 1472 1868 1545; baseline -0.003 -16"><span class='ocrx_word' id='word_1_91' title='bbox 278 1491 471 1545; x_wconf 90' lang='lat' dir='ltr'><strong>corpus</strong></span> <span class='ocrx_word' id='word_1_92' title='bbox 498 1475 615 1543; x_wconf 91' lang='lat' dir='ltr'><strong>ejus</strong></span> <span class='ocrx_word' id='word_1_93' title='bbox 644 1482 934 1543; x_wconf 84' lang='lat' dir='ltr'><strong>putrescat,</strong></span> <span class='ocrx_word' id='word_1_94' title='bbox 957 1473 1189 1526; x_wconf 91' lang='lat' dir='ltr'><strong>animam</strong></span> <span class='ocrx_word' id='word_1_95' title='bbox 1213 1472 1371 1526; x_wconf 89' lang='lat' dir='ltr'><strong>habet</strong></span> <span class='ocrx_word' id='word_1_96' title='bbox 1395 1479 1720 1541; x_wconf 79' lang='lat' dir='ltr'><strong>corruptam,</strong></span> <span class='ocrx_word' id='word_1_97' title='bbox 1742 1486 1868 1541; x_wconf 90' lang='lat' dir='ltr'><strong>per-</strong></span> 
     </span>
    </p>
   </div>
   <div class='ocr_carea' id='block_1_14' title="bbox 280 1563 1869 1636">
    <p class='ocr_par' dir='ltr' id='par_1_14' title="bbox 280 1563 1869 1636">
     <span class='ocr_line' id='line_1_14' title="bbox 280 1563 1869 1636; baseline -0.003 -14"><span class='ocrx_word' id='word_1_98' title='bbox 280 1569 464 1635; x_wconf 87' lang='lat' dir='ltr'><strong>ditam,</strong></span> <span class='ocrx_word' id='word_1_99' title='bbox 497 1566 687 1622; x_wconf 77' lang='lat' dir='ltr'><strong>fmtore</strong></span> <span class='ocrx_word' id='word_1_100' title='bbox 725 1567 956 1636; x_wconf 89' lang='lat' dir='ltr'><strong>plurimo</strong></span> <span class='ocrx_word' id='word_1_101' title='bbox 986 1564 1377 1620; x_wconf 90' lang='lat' dir='ltr'><strong>labefactatam.</strong></span> <span class='ocrx_word' id='word_1_102' title='bbox 1397 1563 1489 1619; x_wconf 94' lang='lat' dir='ltr'><strong>llle</strong></span> <span class='ocrx_word' id='word_1_103' title='bbox 1528 1563 1741 1634; x_wconf 90' lang='lat' dir='ltr'><strong>quidem</strong></span> <span class='ocrx_word' id='word_1_104' title='bbox 1773 1578 1869 1633; x_wconf 89' lang='lat' dir='ltr'><strong>per</strong></span> 
     </span>
    </p>
   </div>
   <div class='ocr_carea' id='block_1_15' title="bbox 282 1655 1867 1728">
    <p class='ocr_par' dir='ltr' id='par_1_15' title="bbox 282 1655 1867 1728">
     <span class='ocr_line' id='line_1_15' title="bbox 282 1655 1867 1728; baseline -0.003 -14"><span class='ocrx_word' id='word_1_105' title='bbox 282 1661 459 1714; x_wconf 88' lang='lat' dir='ltr'><strong>decem</strong></span> <span class='ocrx_word' id='word_1_106' title='bbox 484 1660 598 1714; x_wconf 89' lang='lat' dir='ltr'><strong>dies</strong></span> <span class='ocrx_word' id='word_1_107' title='bbox 623 1659 796 1724; x_wconf 72' lang='lat' dir='ltr'><strong>fauet,</strong></span> <span class='ocrx_word' id='word_1_108' title='bbox 828 1657 915 1711; x_wconf 91' lang='lat' dir='ltr'><strong>hic</strong></span> <span class='ocrx_word' id='word_1_109' title='bbox 944 1672 1073 1711; x_wconf 90' lang='lat' dir='ltr'><strong>vero</strong></span> <span class='ocrx_word' id='word_1_110' title='bbox 1102 1672 1198 1728; x_wconf 92' lang='lat' dir='ltr'><strong>per</strong></span> <span class='ocrx_word' id='word_1_111' title='bbox 1225 1665 1389 1711; x_wconf 91' lang='lat' dir='ltr'><strong>totam</strong></span> <span class='ocrx_word' id='word_1_112' title='bbox 1427 1657 1589 1710; x_wconf 92' lang='lat' dir='ltr'><strong>vitam</strong></span> <span class='ocrx_word' id='word_1_113' title='bbox 1620 1655 1867 1710; x_wconf 68' lang='lat' dir='ltr'><strong>faetorem</strong></span> 
     </span>
    </p>
   </div>
   <div class='ocr_carea' id='block_1_16' title="bbox 279 1746 1869 1818">
    <p class='ocr_par' dir='ltr' id='par_1_16' title="bbox 279 1746 1869 1818">
     <span class='ocr_line' id='line_1_16' title="bbox 279 1746 1869 1818; baseline -0.003 -13"><span class='ocrx_word' id='word_1_114' title='bbox 279 1752 493 1812; x_wconf 85' lang='lat' dir='ltr'><strong>emittit,</strong></span> <span class='ocrx_word' id='word_1_115' title='bbox 517 1765 579 1804; x_wconf 88' lang='lat' dir='ltr'><strong>os</strong></span> <span class='ocrx_word' id='word_1_116' title='bbox 611 1751 812 1805; x_wconf 84' lang='lat' dir='ltr'><strong>habens</strong></span> <span class='ocrx_word' id='word_1_117' title='bbox 838 1747 1538 1818; x_wconf 82' lang='lat' dir='ltr'><strong>eloacisipsisimmnndius.</strong></span> <span class='ocrx_word' id='word_1_118' title='bbox 1555 1746 1675 1803; x_wconf 91' lang='lat' dir='ltr'><strong>Uno</strong></span> <span class='ocrx_word' id='word_1_119' title='bbox 1703 1746 1869 1802; x_wconf 89' lang='lat' dir='ltr'><strong>verbo</strong></span> 
     </span>
    </p>
   </div>
   <div class='ocr_carea' id='block_1_17' title="bbox 283 1840 1870 1911">
    <p class='ocr_par' dir='ltr' id='par_1_17' title="bbox 283 1840 1870 1911">
     <span class='ocr_line' id='line_1_17' title="bbox 283 1840 1870 1911; baseline -0.002 -15"><span class='ocrx_word' id='word_1_120' title='bbox 283 1852 480 1896; x_wconf 88' lang='lat' dir='ltr'><strong>tantum</strong></span> <span class='ocrx_word' id='word_1_121' title='bbox 499 1842 567 1895; x_wconf 90' lang='lat' dir='ltr'><strong>ab</strong></span> <span class='ocrx_word' id='word_1_122' title='bbox 598 1842 700 1896; x_wconf 89' lang='lat' dir='ltr'><strong>hoc</strong></span> <span class='ocrx_word' id='word_1_123' title='bbox 721 1842 810 1896; x_wconf 92' lang='lat' dir='ltr'><strong>ille</strong></span> <span class='ocrx_word' id='word_1_124' title='bbox 832 1840 1028 1907; x_wconf 78' lang='lat' dir='ltr'><strong>differt,</strong></span> <span class='ocrx_word' id='word_1_125' title='bbox 1052 1851 1305 1911; x_wconf 90' lang='lat' dir='ltr'><strong>quantum</strong></span> <span class='ocrx_word' id='word_1_126' title='bbox 1325 1840 1417 1895; x_wconf 90' lang='lat' dir='ltr'><strong>ille</strong></span> <span class='ocrx_word' id='word_1_127' title='bbox 1444 1840 1658 1910; x_wconf 89' lang='lat' dir='ltr'><strong>quidem</strong></span> <span class='ocrx_word' id='word_1_128' title='bbox 1680 1854 1870 1894; x_wconf 87' lang='lat' dir='ltr'><strong>corru-</strong></span> 
     </span>
    </p>
   </div>
   <div class='ocr_carea' id='block_1_18' title="bbox 282 1929 1869 2003">
    <p class='ocr_par' dir='ltr' id='par_1_18' title="bbox 282 1929 1869 2003">
     <span class='ocr_line' id='line_1_18' title="bbox 282 1929 1869 2003; baseline 0 -20"><span class='ocrx_word' id='word_1_129' title='bbox 282 1936 515 2003; x_wconf 85' lang='lat' dir='ltr'><strong>ptionem</strong></span> <span class='ocrx_word' id='word_1_130' title='bbox 540 1942 743 1987; x_wconf 70' lang='lat' dir='ltr'><strong>natura:</strong></span> <span class='ocrx_word' id='word_1_131' title='bbox 770 1932 1001 1987; x_wconf 84' lang='lat' dir='ltr'><strong>debitam</strong></span> <span class='ocrx_word' id='word_1_132' title='bbox 1026 1932 1240 2001; x_wconf 90' lang='lat' dir='ltr'><strong>patitur,</strong></span> <span class='ocrx_word' id='word_1_133' title='bbox 1265 1932 1350 1986; x_wconf 91' lang='lat' dir='ltr'><strong>hic</strong></span> <span class='ocrx_word' id='word_1_134' title='bbox 1369 1947 1497 1986; x_wconf 88' lang='lat' dir='ltr'><strong>vero</strong></span> <span class='ocrx_word' id='word_1_135' title='bbox 1517 1946 1636 1986; x_wconf 92' lang='lat' dir='ltr'><strong>cum</strong></span> <span class='ocrx_word' id='word_1_136' title='bbox 1660 1929 1746 1984; x_wconf 89' lang='lat' dir='ltr'><strong>illa</strong></span> <span class='ocrx_word' id='word_1_137' title='bbox 1771 1946 1869 2000; x_wconf 89' lang='lat' dir='ltr'><strong>pu-</strong></span> 
     </span>
    </p>
   </div>
   <div class='ocr_carea' id='block_1_19' title="bbox 282 2022 1873 2095">
    <p class='ocr_par' dir='ltr' id='par_1_19' title="bbox 282 2022 1873 2095">
     <span class='ocr_line' id='line_1_19' title="bbox 282 2022 1873 2095; baseline -0.003 -15"><span class='ocrx_word' id='word_1_138' title='bbox 282 2027 506 2090; x_wconf 86' lang='lat' dir='ltr'><strong>tredine,</strong></span> <span class='ocrx_word' id='word_1_139' title='bbox 527 2041 646 2080; x_wconf 90' lang='lat' dir='ltr'><strong>eam</strong></span> <span class='ocrx_word' id='word_1_140' title='bbox 680 2026 837 2080; x_wconf 90' lang='lat' dir='ltr'><strong>etiam</strong></span> <span class='ocrx_word' id='word_1_141' title='bbox 861 2041 978 2095; x_wconf 72' lang='lat' dir='ltr'><strong>qua:</strong></span> <span class='ocrx_word' id='word_1_142' title='bbox 1012 2040 1079 2079; x_wconf 84' lang='lat' dir='ltr'><strong>ex</strong></span> <span class='ocrx_word' id='word_1_143' title='bbox 1108 2024 1310 2093; x_wconf 91' lang='lat' dir='ltr'><strong>perdita</strong></span> <span class='ocrx_word' id='word_1_144' title='bbox 1337 2025 1508 2079; x_wconf 90' lang='lat' dir='ltr'><strong>oritur</strong></span> <span class='ocrx_word' id='word_1_145' title='bbox 1530 2023 1637 2078; x_wconf 89' lang='lat' dir='ltr'><strong>vita</strong></span> <span class='ocrx_word' id='word_1_146' title='bbox 1663 2022 1762 2077; x_wconf 91' lang='lat' dir='ltr'><strong>sibi</strong></span> <span class='ocrx_word' id='word_1_147' title='bbox 1793 2032 1873 2076; x_wconf 90' lang='lat' dir='ltr'><strong>at-</strong></span> 
     </span>
    </p>
   </div>
   <div class='ocr_carea' id='block_1_20' title="bbox 285 2118 1872 2189">
    <p class='ocr_par' dir='ltr' id='par_1_20' title="bbox 285 2118 1872 2189">
     <span class='ocr_line' id='line_1_20' title="bbox 285 2118 1872 2189; baseline -0.001 -16"><span class='ocrx_word' id='word_1_148' title='bbox 285 2119 470 2185; x_wconf 83' lang='lat' dir='ltr'><strong>trahit;</strong></span> <span class='ocrx_word' id='word_1_149' title='bbox 495 2129 779 2173; x_wconf 83' lang='lat' dir='ltr'><strong>sexcentas</strong></span> <span class='ocrx_word' id='word_1_150' title='bbox 806 2119 905 2174; x_wconf 89' lang='lat' dir='ltr'><strong>sibi</strong></span> <span class='ocrx_word' id='word_1_151' title='bbox 934 2118 1175 2189; x_wconf 89' lang='lat' dir='ltr'><strong>quotidie</strong></span> <span class='ocrx_word' id='word_1_152' title='bbox 1198 2120 1501 2189; x_wconf 80' lang='lat' dir='ltr'><strong>excogitans</strong></span> <span class='ocrx_word' id='word_1_153' title='bbox 1516 2118 1872 2188; x_wconf 89' lang='lat' dir='ltr'><strong>corruptionis</strong></span> 
     </span>
    </p>
   </div>
   <div class='ocr_carea' id='block_1_21' title="bbox 278 2208 1872 2280">
    <p class='ocr_par' dir='ltr' id='par_1_21' title="bbox 278 2208 1872 2280">
     <span class='ocr_line' id='line_1_21' title="bbox 278 2208 1872 2280; baseline 0 -16"><span class='ocrx_word' id='word_1_154' title='bbox 278 2210 504 2280; x_wconf 85' lang='lat' dir='ltr'><strong>species.</strong></span> <span class='ocrx_word' id='word_1_155' title='bbox 527 2210 635 2265; x_wconf 89' lang='lat' dir='ltr'><strong>Sed</strong></span> <span class='ocrx_word' id='word_1_156' title='bbox 658 2211 747 2265; x_wconf 91' lang='lat' dir='ltr'><strong>ille</strong></span> <span class='ocrx_word' id='word_1_157' title='bbox 769 2224 907 2279; x_wconf 90' lang='lat' dir='ltr'><strong>equo</strong></span> <span class='ocrx_word' id='word_1_158' title='bbox 924 2208 1127 2264; x_wconf 89' lang='lat' dir='ltr'><strong>fertur?</strong></span> <span class='ocrx_word' id='word_1_159' title='bbox 1147 2208 1285 2277; x_wconf 85' lang='lat' dir='ltr'><strong>Quid</strong></span> <span class='ocrx_word' id='word_1_160' title='bbox 1308 2210 1407 2263; x_wconf 92' lang='lat' dir='ltr'><strong>hoc</strong></span> <span class='ocrx_word' id='word_1_161' title='bbox 1429 2210 1550 2265; x_wconf 81' lang='lat' dir='ltr'><strong>est?</strong></span> <span class='ocrx_word' id='word_1_162' title='bbox 1568 2209 1697 2264; x_wconf 86' lang='lat' dir='ltr'><strong>Nam</strong></span> <span class='ocrx_word' id='word_1_163' title='bbox 1717 2208 1802 2264; x_wconf 91' lang='lat' dir='ltr'><strong>hic</strong></span> <span class='ocrx_word' id='word_1_164' title='bbox 1818 2209 1872 2264; x_wconf 92' lang='lat' dir='ltr'><strong>in</strong></span> 
     </span>
    </p>
   </div>
   <div class='ocr_carea' id='block_1_22' title="bbox 278 2298 1875 2370">
    <p class='ocr_par' dir='ltr' id='par_1_22' title="bbox 278 2298 1875 2370">
     <span class='ocr_line' id='line_1_22' title="bbox 278 2298 1875 2370; baseline -0.002 -15"><span class='ocrx_word' id='word_1_165' title='bbox 278 2301 415 2356; x_wconf 90' lang='lat' dir='ltr'><strong>lecto</strong></span> <span class='ocrx_word' id='word_1_166' title='bbox 438 2299 745 2365; x_wconf 90' lang='lat' dir='ltr'><strong>decumbit;</strong></span> <span class='ocrx_word' id='word_1_167' title='bbox 774 2299 1022 2370; x_wconf 87' lang='lat' dir='ltr'><strong>quodque</strong></span> <span class='ocrx_word' id='word_1_168' title='bbox 1042 2300 1254 2370; x_wconf 78' lang='lat' dir='ltr'><strong>gravius</strong></span> <span class='ocrx_word' id='word_1_169' title='bbox 1285 2308 1387 2362; x_wconf 87' lang='lat' dir='ltr'><strong>est,</strong></span> <span class='ocrx_word' id='word_1_170' title='bbox 1412 2298 1539 2353; x_wconf 91' lang='lat' dir='ltr'><strong>dum</strong></span> <span class='ocrx_word' id='word_1_171' title='bbox 1574 2298 1720 2352; x_wconf 93' lang='lat' dir='ltr'><strong>illum</strong></span> <span class='ocrx_word' id='word_1_172' title='bbox 1755 2314 1875 2353; x_wconf 88' lang='lat' dir='ltr'><strong>cor-</strong></span> 
     </span>
    </p>
   </div>
   <div class='ocr_carea' id='block_1_23' title="bbox 278 2389 1875 2460">
    <p class='ocr_par' dir='ltr' id='par_1_23' title="bbox 278 2389 1875 2460">
     <span class='ocr_line' id='line_1_23' title="bbox 278 2389 1875 2460; baseline 0 -15"><span class='ocrx_word' id='word_1_173' title='bbox 278 2399 496 2460; x_wconf 90' lang='lat' dir='ltr'><strong>ruptum</strong></span> <span class='ocrx_word' id='word_1_174' title='bbox 537 2401 595 2446; x_wconf 89' lang='lat' dir='ltr'><strong>et</strong></span> <span class='ocrx_word' id='word_1_175' title='bbox 620 2390 894 2446; x_wconf 58' lang='lat' dir='ltr'><strong>{ostentem</strong></span> <span class='ocrx_word' id='word_1_176' title='bbox 938 2406 1096 2444; x_wconf 91' lang='lat' dir='ltr'><strong>nemo</strong></span> <span class='ocrx_word' id='word_1_177' title='bbox 1128 2389 1294 2455; x_wconf 84' lang='lat' dir='ltr'><strong>videt,</strong></span> <span class='ocrx_word' id='word_1_178' title='bbox 1316 2405 1439 2444; x_wconf 89' lang='lat' dir='ltr'><strong>cum</strong></span> <span class='ocrx_word' id='word_1_179' title='bbox 1478 2405 1655 2444; x_wconf 90' lang='lat' dir='ltr'><strong>arcam</strong></span> <span class='ocrx_word' id='word_1_180' title='bbox 1681 2389 1875 2445; x_wconf 77' lang='lat' dir='ltr'><strong>habent</strong></span> 
     </span>
    </p>
   </div>
   <div class='ocr_carea' id='block_1_24' title="bbox 278 2480 1874 2554">
    <p class='ocr_par' dir='ltr' id='par_1_24' title="bbox 278 2480 1874 2554">
     <span class='ocr_line' id='line_1_24' title="bbox 278 2480 1874 2554; baseline 0.002 -18"><span class='ocrx_word' id='word_1_181' title='bbox 278 2482 399 2537; x_wconf 82' lang='lat' dir='ltr'><strong>velo</strong></span> <span class='ocrx_word' id='word_1_182' title='bbox 427 2491 707 2551; x_wconf 90' lang='lat' dir='ltr'><strong>opertam;</strong></span> <span class='ocrx_word' id='word_1_183' title='bbox 755 2481 842 2536; x_wconf 89' lang='lat' dir='ltr'><strong>hic</strong></span> <span class='ocrx_word' id='word_1_184' title='bbox 883 2482 1066 2538; x_wconf 86' lang='lat' dir='ltr'><strong>vivens</strong></span> <span class='ocrx_word' id='word_1_185' title='bbox 1104 2497 1169 2536; x_wconf 92' lang='lat' dir='ltr'><strong>ac</strong></span> <span class='ocrx_word' id='word_1_186' title='bbox 1208 2480 1423 2537; x_wconf 72' lang='lat' dir='ltr'><strong>fmtidus</strong></span> <span class='ocrx_word' id='word_1_187' title='bbox 1460 2483 1874 2554; x_wconf 87' lang='lat' dir='ltr'><strong>circumquaque</strong></span> 
     </span>
    </p>
   </div>
   <div class='ocr_carea' id='block_1_25' title="bbox 279 2573 1873 2645">
    <p class='ocr_par' dir='ltr' id='par_1_25' title="bbox 279 2573 1873 2645">
     <span class='ocr_line' id='line_1_25' title="bbox 279 2573 1873 2645; baseline 0.001 -17"><span class='ocrx_word' id='word_1_188' title='bbox 279 2584 524 2644; x_wconf 76' lang='lat' dir='ltr'><strong>vagatur,</strong></span> <span class='ocrx_word' id='word_1_189' title='bbox 554 2582 819 2627; x_wconf 86' lang='lat' dir='ltr'><strong>mortuam</strong></span> <span class='ocrx_word' id='word_1_190' title='bbox 847 2573 1077 2627; x_wconf 90' lang='lat' dir='ltr'><strong>animam</strong></span> <span class='ocrx_word' id='word_1_191' title='bbox 1102 2573 1154 2628; x_wconf 92' lang='lat' dir='ltr'><strong>in</strong></span> <span class='ocrx_word' id='word_1_192' title='bbox 1181 2588 1405 2645; x_wconf 89' lang='lat' dir='ltr'><strong>corpore</strong></span> <span class='ocrx_word' id='word_1_193' title='bbox 1429 2575 1579 2645; x_wconf 90' lang='lat' dir='ltr'><strong>quasi</strong></span> <span class='ocrx_word' id='word_1_194' title='bbox 1616 2576 1669 2629; x_wconf 91' lang='lat' dir='ltr'><strong>in</strong></span> <span class='ocrx_word' id='word_1_195' title='bbox 1695 2576 1873 2645; x_wconf 88' lang='lat' dir='ltr'><strong>sepul-</strong></span> 
     </span>
    </p>
   </div>
   <div class='ocr_carea' id='block_1_26' title="bbox 279 2667 1873 2740">
    <p class='ocr_par' dir='ltr' id='par_1_26' title="bbox 279 2667 1873 2740">
     <span class='ocr_line' id='line_1_26' title="bbox 279 2667 1873 2740; baseline 0.002 -20"><span class='ocrx_word' id='word_1_196' title='bbox 279 2681 372 2720; x_wconf 88' lang='lat' dir='ltr'><strong>cro</strong></span> <span class='ocrx_word' id='word_1_197' title='bbox 396 2667 803 2722; x_wconf 83' lang='lat' dir='ltr'><strong>circumferens.</strong></span> <span class='ocrx_word' id='word_1_198' title='bbox 832 2668 912 2722; x_wconf 82' lang='lat' dir='ltr'><strong>Ac</strong></span> <span class='ocrx_word' id='word_1_199' title='bbox 939 2670 982 2722; x_wconf 91' lang='lat' dir='ltr'><strong>si</strong></span> <span class='ocrx_word' id='word_1_200' title='bbox 1019 2676 1201 2737; x_wconf 88' lang='lat' dir='ltr'><strong>posset</strong></span> <span class='ocrx_word' id='word_1_201' title='bbox 1225 2670 1398 2722; x_wconf 89' lang='lat' dir='ltr'><strong>anima</strong></span> <span class='ocrx_word' id='word_1_202' title='bbox 1424 2670 1661 2740; x_wconf 91' lang='lat' dir='ltr'><strong>conspici</strong></span> <span class='ocrx_word' id='word_1_203' title='bbox 1697 2670 1793 2724; x_wconf 91' lang='lat' dir='ltr'><strong>viri</strong></span> <span class='ocrx_word' id='word_1_204' title='bbox 1820 2670 1873 2724; x_wconf 92' lang='lat' dir='ltr'><strong>in</strong></span> 
     </span>
    </p>
   </div>
   <div class='ocr_carea' id='block_1_27' title="bbox 279 2758 1873 2833">
    <p class='ocr_par' dir='ltr' id='par_1_27' title="bbox 279 2758 1873 2833">
     <span class='ocr_line' id='line_1_27' title="bbox 279 2758 1873 2833; baseline 0.004 -20"><span class='ocrx_word' id='word_1_205' title='bbox 279 2758 493 2814; x_wconf 87' lang='lat' dir='ltr'><strong>deliciis</strong></span> <span class='ocrx_word' id='word_1_206' title='bbox 534 2768 590 2813; x_wconf 90' lang='lat' dir='ltr'><strong>et</strong></span> <span class='ocrx_word' id='word_1_207' title='bbox 616 2758 668 2813; x_wconf 93' lang='lat' dir='ltr'><strong>in</strong></span> <span class='ocrx_word' id='word_1_208' title='bbox 704 2760 936 2830; x_wconf 85' lang='lat' dir='ltr'><strong>nequitia</strong></span> <span class='ocrx_word' id='word_1_209' title='bbox 964 2760 1221 2827; x_wconf 84' lang='lat' dir='ltr'><strong>viventis,</strong></span> <span class='ocrx_word' id='word_1_210' title='bbox 1252 2761 1461 2816; x_wconf 90' lang='lat' dir='ltr'><strong>videres</strong></span> <span class='ocrx_word' id='word_1_211' title='bbox 1488 2762 1645 2833; x_wconf 87' lang='lat' dir='ltr'><strong>longe</strong></span> <span class='ocrx_word' id='word_1_212' title='bbox 1681 2763 1873 2819; x_wconf 87' lang='lat' dir='ltr'><strong>melius</strong></span> 
     </span>
    </p>
   </div>
   <div class='ocr_carea' id='block_1_28' title="bbox 279 2850 1872 2923">
    <p class='ocr_par' dir='ltr' id='par_1_28' title="bbox 279 2850 1872 2923">
     <span class='ocr_line' id='line_1_28' title="bbox 279 2850 1872 2923; baseline 0.002 -18"><span class='ocrx_word' id='word_1_213' title='bbox 279 2864 400 2906; x_wconf 85' lang='lat' dir='ltr'><strong>esse</strong></span> <span class='ocrx_word' id='word_1_214' title='bbox 443 2851 497 2905; x_wconf 90' lang='lat' dir='ltr'><strong>in</strong></span> <span class='ocrx_word' id='word_1_215' title='bbox 523 2850 768 2921; x_wconf 89' lang='lat' dir='ltr'><strong>sepulcro</strong></span> <span class='ocrx_word' id='word_1_216' title='bbox 794 2852 1007 2921; x_wconf 85' lang='lat' dir='ltr'><strong>ligatum</strong></span> <span class='ocrx_word' id='word_1_217' title='bbox 1027 2852 1241 2920; x_wconf 88' lang='lat' dir='ltr'><strong>jacere,</strong></span> <span class='ocrx_word' id='word_1_218' title='bbox 1269 2868 1424 2921; x_wconf 89' lang='lat' dir='ltr'><strong>quam</strong></span> <span class='ocrx_word' id='word_1_219' title='bbox 1452 2853 1653 2908; x_wconf 90' lang='lat' dir='ltr'><strong>catenis</strong></span> <span class='ocrx_word' id='word_1_220' title='bbox 1682 2868 1872 2923; x_wconf 87' lang='lat' dir='ltr'><strong>pecca-</strong></span> 
     </span>
    </p>
   </div>
   <div class='ocr_carea' id='block_1_29' title="bbox 280 2945 1867 3015">
    <p class='ocr_par' dir='ltr' id='par_1_29' title="bbox 280 2945 1867 3015">
     <span class='ocr_line' id='line_1_29' title="bbox 280 2945 1867 3015; baseline 0.003 -18"><span class='ocrx_word' id='word_1_221' title='bbox 280 2953 459 2999; x_wconf 87' lang='lat' dir='ltr'><strong>torum</strong></span> <span class='ocrx_word' id='word_1_222' title='bbox 486 2945 815 3014; x_wconf 81' lang='lat' dir='ltr'><strong>constringi;</strong></span> <span class='ocrx_word' id='word_1_223' title='bbox 847 2958 910 2999; x_wconf 88' lang='lat' dir='ltr'><strong>ac</strong></span> <span class='ocrx_word' id='word_1_224' title='bbox 954 2945 1182 3013; x_wconf 86' lang='lat' dir='ltr'><strong>lapidem</strong></span> <span class='ocrx_word' id='word_1_225' title='bbox 1211 2946 1606 3015; x_wconf 88' lang='lat' dir='ltr'><strong>superpositum</strong></span> <span class='ocrx_word' id='word_1_226' title='bbox 1648 2946 1867 3013; x_wconf 88' lang='lat' dir='ltr'><strong>habere,</strong></span> 
     </span>
    </p>
   </div>
   <div class='ocr_carea' id='block_1_30' title="bbox 278 3038 1872 3112">
    <p class='ocr_par' dir='ltr' id='par_1_30' title="bbox 278 3038 1872 3112">
     <span class='ocr_line' id='line_1_30' title="bbox 278 3038 1872 3112; baseline 0.004 -22"><span class='ocrx_word' id='word_1_227' title='bbox 278 3053 440 3107; x_wconf 90' lang='lat' dir='ltr'><strong>quam</strong></span> <span class='ocrx_word' id='word_1_228' title='bbox 472 3053 632 3107; x_wconf 81' lang='lat' dir='ltr'><strong>grave</strong></span> <span class='ocrx_word' id='word_1_229' title='bbox 672 3038 798 3093; x_wconf 91' lang='lat' dir='ltr'><strong>illud</strong></span> <span class='ocrx_word' id='word_1_230' title='bbox 824 3039 1247 3094; x_wconf 89' lang='lat' dir='ltr'><strong>insensibilitatis</strong></span> <span class='ocrx_word' id='word_1_231' title='bbox 1270 3041 1598 3110; x_wconf 88' lang='lat' dir='ltr'><strong>operculum.</strong></span> <span class='ocrx_word' id='word_1_232' title='bbox 1628 3042 1872 3112; x_wconf 87' lang='lat' dir='ltr'><strong>Quapro-</strong></span> 
     </span>
    </p>
   </div>
   <div class='ocr_carea' id='block_1_31' title="bbox 280 3130 1874 3204">
    <p class='ocr_par' dir='ltr' id='par_1_31' title="bbox 280 3130 1874 3204">
     <span class='ocr_line' id='line_1_31' title="bbox 280 3130 1874 3204; baseline 0.006 -23"><span class='ocrx_word' id='word_1_233' title='bbox 280 3139 399 3196; x_wconf 86' lang='lat' dir='ltr'><strong>pter</strong></span> <span class='ocrx_word' id='word_1_234' title='bbox 429 3143 553 3182; x_wconf 82' lang='lat' dir='ltr'><strong>com</strong></span> <span class='ocrx_word' id='word_1_235' title='bbox 570 3130 682 3182; x_wconf 88' lang='lat' dir='ltr'><strong>enit</strong></span> <span class='ocrx_word' id='word_1_236' title='bbox 708 3139 765 3184; x_wconf 94' lang='lat' dir='ltr'><strong>ut</strong></span> <span class='ocrx_word' id='word_1_237' title='bbox 793 3141 1125 3186; x_wconf 90' lang='lat' dir='ltr'><strong>mortuorum</strong></span> <span class='ocrx_word' id='word_1_238' title='bbox 1149 3130 1405 3187; x_wconf 89' lang='lat' dir='ltr'><strong>horumce</strong></span> <span class='ocrx_word' id='word_1_239' title='bbox 1420 3133 1727 3203; x_wconf 87' lang='lat' dir='ltr'><strong>propinqui,</strong></span> <span class='ocrx_word' id='word_1_240' title='bbox 1747 3148 1874 3204; x_wconf 93' lang='lat' dir='ltr'><strong>quo-</strong></span> 
     </span>
    </p>
   </div>
   <div class='ocr_carea' id='block_1_32' title="bbox 280 3219 1865 3292">
    <p class='ocr_par' dir='ltr' id='par_1_32' title="bbox 280 3219 1865 3292">
     <span class='ocr_line' id='line_1_32' title="bbox 280 3219 1865 3292; baseline 0.006 -18"><span class='ocrx_word' id='word_1_241' title='bbox 280 3222 431 3274; x_wconf 84' lang='lat' dir='ltr'><strong>niam</strong></span> <span class='ocrx_word' id='word_1_242' title='bbox 472 3219 550 3272; x_wconf 93' lang='lat' dir='ltr'><strong>illi</strong></span> <span class='ocrx_word' id='word_1_243' title='bbox 582 3220 662 3274; x_wconf 92' lang='lat' dir='ltr'><strong>sic</strong></span> <span class='ocrx_word' id='word_1_244' title='bbox 697 3220 818 3276; x_wconf 90' lang='lat' dir='ltr'><strong>sine</strong></span> <span class='ocrx_word' id='word_1_245' title='bbox 844 3236 1010 3277; x_wconf 91' lang='lat' dir='ltr'><strong>sensu</strong></span> <span class='ocrx_word' id='word_1_246' title='bbox 1031 3221 1240 3292; x_wconf 88' lang='lat' dir='ltr'><strong>jacent,</strong></span> <span class='ocrx_word' id='word_1_247' title='bbox 1272 3223 1341 3279; x_wconf 89' lang='lat' dir='ltr'><strong>ad</strong></span> <span class='ocrx_word' id='word_1_248' title='bbox 1377 3223 1564 3279; x_wconf 85' lang='lat' dir='ltr'><strong>Jesum</strong></span> <span class='ocrx_word' id='word_1_249' title='bbox 1602 3228 1865 3284; x_wconf 88' lang='lat' dir='ltr'><strong>accedant</strong></span> 
     </span>
    </p>
   </div>
   <div class='ocr_carea' id='block_1_33' title="bbox 277 3310 1866 3389">
    <p class='ocr_par' dir='ltr' id='par_1_33' title="bbox 277 3310 1866 3389">
     <span class='ocr_line' id='line_1_33' title="bbox 277 3310 1866 3389; baseline 0.007 -26"><span class='ocrx_word' id='word_1_250' title='bbox 277 3324 376 3379; x_wconf 88' lang='lat' dir='ltr'><strong>pro</strong></span> <span class='ocrx_word' id='word_1_251' title='bbox 404 3310 512 3365; x_wconf 90' lang='lat' dir='ltr'><strong>illis</strong></span> <span class='ocrx_word' id='word_1_252' title='bbox 537 3352 552 3377; x_wconf 95' lang='lat'><strong>,</strong></span> <span class='ocrx_word' id='word_1_253' title='bbox 576 3321 634 3365; x_wconf 93' lang='lat' dir='ltr'><strong>ut</strong></span> <span class='ocrx_word' id='word_1_254' title='bbox 656 3312 781 3366; x_wconf 88' lang='lat' dir='ltr'><strong>olim</strong></span> <span class='ocrx_word' id='word_1_255' title='bbox 810 3313 973 3369; x_wconf 84' lang='lat' dir='ltr'><strong>Maria</strong></span> <span class='ocrx_word' id='word_1_256' title='bbox 1000 3330 1098 3385; x_wconf 92' lang='lat' dir='ltr'><strong>pro</strong></span> <span class='ocrx_word' id='word_1_257' title='bbox 1126 3315 1347 3371; x_wconf 85' lang='lat' dir='ltr'><strong>Lazaro.</strong></span> <span class='ocrx_word' id='word_1_258' title='bbox 1379 3317 1601 3373; x_wconf 87' lang='lat' dir='ltr'><strong>Etiamsi</strong></span> <span class='ocrx_word' id='word_1_259' title='bbox 1631 3319 1866 3389; x_wconf 72' lang='lat' dir='ltr'><strong>fmtidus,</strong></span> 
     </span>
    </p>
   </div>
   <div class='ocr_carea' id='block_1_34' title="bbox 277 3401 1870 3480">
    <p class='ocr_par' dir='ltr' id='par_1_34' title="bbox 277 3401 1870 3480">
     <span class='ocr_line' id='line_1_34' title="bbox 277 3401 1870 3480; baseline 0.008 -23"><span class='ocrx_word' id='word_1_260' title='bbox 277 3401 490 3457; x_wconf 89' lang='lat' dir='ltr'><strong>etiamsi</strong></span> <span class='ocrx_word' id='word_1_261' title='bbox 513 3405 897 3473; x_wconf 87' lang='lat' dir='ltr'><strong>quatriduanus</strong></span> <span class='ocrx_word' id='word_1_262' title='bbox 917 3408 1008 3474; x_wconf 90' lang='lat' dir='ltr'><strong>sit,</strong></span> <span class='ocrx_word' id='word_1_263' title='bbox 1031 3424 1098 3462; x_wconf 90' lang='lat' dir='ltr'><strong>ne</strong></span> <span class='ocrx_word' id='word_1_264' title='bbox 1128 3408 1419 3480; x_wconf 87' lang='lat' dir='ltr'><strong>desperes:</strong></span> <span class='ocrx_word' id='word_1_265' title='bbox 1449 3411 1542 3466; x_wconf 89' lang='lat' dir='ltr'><strong>sed</strong></span> <span class='ocrx_word' id='word_1_266' title='bbox 1570 3412 1785 3480; x_wconf 88' lang='lat' dir='ltr'><strong>accede;</strong></span> <span class='ocrx_word' id='word_1_267' title='bbox 1814 3424 1870 3470; x_wconf 93' lang='lat' dir='ltr'><strong>et</strong></span> 
     </span>
    </p>
   </div>
   <div class='ocr_carea' id='block_1_35' title="bbox 277 3492 1862 3572">
    <p class='ocr_par' dir='ltr' id='par_1_35' title="bbox 277 3492 1862 3572">
     <span class='ocr_line' id='line_1_35' title="bbox 277 3492 1862 3572; baseline 0.008 -26"><span class='ocrx_word' id='word_1_268' title='bbox 277 3492 513 3561; x_wconf 73' lang='lat' dir='ltr'><strong>lapidem</strong></span> <span class='ocrx_word' id='word_1_269' title='bbox 556 3494 701 3563; x_wconf 91' lang='lat' dir='ltr'><strong>prius</strong></span> <span class='ocrx_word' id='word_1_270' title='bbox 736 3511 972 3553; x_wconf 87' lang='lat' dir='ltr'><strong>remove.</strong></span> <span class='ocrx_word' id='word_1_271' title='bbox 996 3498 1125 3552; x_wconf 84' lang='lat' dir='ltr'><strong>Nam</strong></span> <span class='ocrx_word' id='word_1_272' title='bbox 1168 3507 1296 3554; x_wconf 89' lang='lat' dir='ltr'><strong>tunc</strong></span> <span class='ocrx_word' id='word_1_273' title='bbox 1323 3500 1528 3557; x_wconf 86' lang='lat' dir='ltr'><strong>videbis</strong></span> <span class='ocrx_word' id='word_1_274' title='bbox 1563 3503 1862 3572; x_wconf 89' lang='lat' dir='ltr'><strong>jacentem,</strong></span> 
     </span>
    </p>
   </div>
   <div class='ocr_carea' id='block_1_36' title="bbox 274 3585 1864 3665">
    <p class='ocr_par' dir='ltr' id='par_1_36' title="bbox 274 3585 1864 3665">
     <span class='ocr_line' id='line_1_36' title="bbox 274 3585 1864 3665; baseline 0.009 -27"><span class='ocrx_word' id='word_1_275' title='bbox 274 3585 426 3654; x_wconf 89' lang='lat' dir='ltr'><strong>quasi</strong></span> <span class='ocrx_word' id='word_1_276' title='bbox 460 3587 511 3640; x_wconf 92' lang='lat' dir='ltr'><strong>in</strong></span> <span class='ocrx_word' id='word_1_277' title='bbox 538 3587 805 3656; x_wconf 86' lang='lat' dir='ltr'><strong>sepulcro,</strong></span> <span class='ocrx_word' id='word_1_278' title='bbox 838 3597 895 3644; x_wconf 94' lang='lat' dir='ltr'><strong>et</strong></span> <span class='ocrx_word' id='word_1_279' title='bbox 914 3590 1092 3645; x_wconf 89' lang='lat' dir='ltr'><strong>fasciis</strong></span> <span class='ocrx_word' id='word_1_280' title='bbox 1119 3591 1355 3662; x_wconf 86' lang='lat' dir='ltr'><strong>ligatum.</strong></span> <span class='ocrx_word' id='word_1_281' title='bbox 1386 3593 1453 3648; x_wconf 86' lang='lat' dir='ltr'><strong>Et</strong></span> <span class='ocrx_word' id='word_1_282' title='bbox 1497 3596 1541 3650; x_wconf 91' lang='lat' dir='ltr'><strong>si</strong></span> <span class='ocrx_word' id='word_1_283' title='bbox 1587 3598 1779 3665; x_wconf 91' lang='lat' dir='ltr'><strong>placet,</strong></span> <span class='ocrx_word' id='word_1_284' title='bbox 1812 3599 1864 3653; x_wconf 91' lang='lat' dir='ltr'><strong>in</strong></span> 
     </span>
    </p>
   </div>
   <div class='ocr_carea' id='block_1_37' title="bbox 275 3677 1863 3750">
    <p class='ocr_par' dir='ltr' id='par_1_37' title="bbox 275 3677 1863 3750">
     <span class='ocr_line' id='line_1_37' title="bbox 275 3677 1863 3750; baseline 0.009 -19"><span class='ocrx_word' id='word_1_285' title='bbox 275 3677 511 3733; x_wconf 84' lang='lat' dir='ltr'><strong>medium</strong></span> <span class='ocrx_word' id='word_1_286' title='bbox 551 3681 851 3750; x_wconf 88' lang='lat' dir='ltr'><strong>quempiam</strong></span> <span class='ocrx_word' id='word_1_287' title='bbox 895 3698 962 3737; x_wconf 81' lang='lat' dir='ltr'><strong>ex</strong></span> <span class='ocrx_word' id='word_1_288' title='bbox 1004 3683 1130 3738; x_wconf 89' lang='lat' dir='ltr'><strong>viris</strong></span> <span class='ocrx_word' id='word_1_289' title='bbox 1175 3685 1470 3741; x_wconf 88' lang='lat' dir='ltr'><strong>illustribus</strong></span> <span class='ocrx_word' id='word_1_290' title='bbox 1515 3687 1863 3747; x_wconf 88' lang='lat' dir='ltr'><strong>adducamus.</strong></span> 
     </span>
    </p>
   </div>
   <div class='ocr_carea' id='block_1_38' title="bbox 274 3771 1864 3853">
    <p class='ocr_par' dir='ltr' id='par_1_38' title="bbox 274 3771 1864 3853">
     <span class='ocr_line' id='line_1_38' title="bbox 274 3771 1864 3853; baseline 0.009 -28"><span class='ocrx_word' id='word_1_291' title='bbox 274 3772 343 3825; x_wconf 81' lang='lat' dir='ltr'><strong>At</strong></span> <span class='ocrx_word' id='word_1_292' title='bbox 370 3786 441 3827; x_wconf 92' lang='lat' dir='ltr'><strong>ne</strong></span> <span class='ocrx_word' id='word_1_293' title='bbox 463 3771 728 3840; x_wconf 80' lang='lat' dir='ltr'><strong>linteatis;</strong></span> <span class='ocrx_word' id='word_1_294' title='bbox 760 3775 920 3829; x_wconf 88' lang='lat' dir='ltr'><strong>tacito</strong></span> <span class='ocrx_word' id='word_1_295' title='bbox 948 3777 1143 3847; x_wconf 84' lang='lat' dir='ltr'><strong>quippe</strong></span> <span class='ocrx_word' id='word_1_296' title='bbox 1172 3779 1388 3833; x_wconf 90' lang='lat' dir='ltr'><strong>nomine</strong></span> <span class='ocrx_word' id='word_1_297' title='bbox 1412 3782 1713 3851; x_wconf 76' lang='lat' dir='ltr'><strong>exemplum</strong></span> <span class='ocrx_word' id='word_1_298' title='bbox 1742 3800 1864 3853; x_wconf 92' lang='lat' dir='ltr'><strong>pro-</strong></span> 
     </span>
    </p>
   </div>
   <div class='ocr_carea' id='block_1_39' title="bbox 276 3862 1861 3941">
    <p class='ocr_par' dir='ltr' id='par_1_39' title="bbox 276 3862 1861 3941">
     <span class='ocr_line' id='line_1_39' title="bbox 276 3862 1861 3941; baseline 0.009 -26"><span class='ocrx_word' id='word_1_299' title='bbox 276 3862 475 3927; x_wconf 84' lang='lat' dir='ltr'><strong>feram;</strong></span> <span class='ocrx_word' id='word_1_300' title='bbox 512 3862 641 3931; x_wconf 86' lang='lat' dir='ltr'><strong>imo,</strong></span> <span class='ocrx_word' id='word_1_301' title='bbox 677 3864 721 3919; x_wconf 92' lang='lat' dir='ltr'><strong>si</strong></span> <span class='ocrx_word' id='word_1_302' title='bbox 758 3880 950 3921; x_wconf 88' lang='lat' dir='ltr'><strong>nomen</strong></span> <span class='ocrx_word' id='word_1_303' title='bbox 990 3867 1246 3935; x_wconf 89' lang='lat' dir='ltr'><strong>dicerem,</strong></span> <span class='ocrx_word' id='word_1_304' title='bbox 1276 3885 1344 3924; x_wconf 90' lang='lat' dir='ltr'><strong>ne</strong></span> <span class='ocrx_word' id='word_1_305' title='bbox 1385 3870 1463 3926; x_wconf 91' lang='lat' dir='ltr'><strong>sic</strong></span> <span class='ocrx_word' id='word_1_306' title='bbox 1489 3872 1701 3941; x_wconf 90' lang='lat' dir='ltr'><strong>quidem</strong></span> <span class='ocrx_word' id='word_1_307' title='bbox 1745 3891 1861 3930; x_wconf 89' lang='lat' dir='ltr'><strong>me-</strong></span> 
     </span>
    </p>
   </div>
   <div class='ocr_carea' id='block_1_40' title="bbox 275 3956 1861 4031">
    <p class='ocr_par' dir='ltr' id='par_1_40' title="bbox 275 3956 1861 4031">
     <span class='ocr_line' id='line_1_40' title="bbox 275 3956 1861 4031; baseline 0.009 -23"><span class='ocrx_word' id='word_1_308' title='bbox 275 3956 528 4011; x_wconf 86' lang='lat' dir='ltr'><strong>tuendum</strong></span> <span class='ocrx_word' id='word_1_309' title='bbox 558 3966 722 4012; x_wconf 87' lang='lat' dir='ltr'><strong>esset.</strong></span> <span class='ocrx_word' id='word_1_310' title='bbox 750 3958 881 4026; x_wconf 86' lang='lat' dir='ltr'><strong>Quis</strong></span> <span class='ocrx_word' id='word_1_311' title='bbox 908 3960 1052 4015; x_wconf 91' lang='lat' dir='ltr'><strong>enim</strong></span> <span class='ocrx_word' id='word_1_312' title='bbox 1080 3977 1328 4031; x_wconf 91' lang='lat' dir='ltr'><strong>umquam</strong></span> <span class='ocrx_word' id='word_1_313' title='bbox 1357 3974 1625 4020; x_wconf 91' lang='lat' dir='ltr'><strong>mortuum</strong></span> <span class='ocrx_word' id='word_1_314' title='bbox 1652 3966 1861 4024; x_wconf 83' lang='lat' dir='ltr'><strong>timuit?</strong></span> 
     </span>
    </p>
   </div>
   <div class='ocr_carea' id='block_1_41' title="bbox 1171 336 2573 404">
    <p class='ocr_par' dir='ltr' id='par_1_41' title="bbox 1171 336 2573 404">
     <span class='ocr_line' id='line_1_41' title="bbox 1171 336 2573 404; baseline 0.001 -2"><span class='ocrx_word' id='word_1_315' title='bbox 1171 346 1237 403; x_wconf 85' lang='lat' dir='ltr'><strong>IN</strong></span> <span class='ocrx_word' id='word_1_316' title='bbox 1273 344 1678 403; x_wconf 57' lang='lat' dir='ltr'><strong>MA&#39;I&#39;TIIJEUII</strong></span> <span class='ocrx_word' id='word_1_317' title='bbox 1720 336 1951 397; x_wconf 77' lang='grc' dir='ltr'><strong>Î¹Î¹Ï‰Î¹Î¹Î¹..</strong></span> <span class='ocrx_word' id='word_1_318' title='bbox 1995 340 2228 399; x_wconf 75' lang='lat' dir='ltr'><strong>XXVIII.</strong></span> <span class='ocrx_word' id='word_1_319' title='bbox 2268 347 2338 402; x_wconf 92' lang='lat' dir='ltr'><strong>al.</strong></span> <span class='ocrx_word' id='word_1_320' title='bbox 2382 347 2573 404; x_wconf 78' lang='lat' dir='ltr'><strong>XXIX.</strong></span> 
     </span>
    </p>
   </div>
   <div class='ocr_carea' id='block_1_42' title="bbox 3450 354 3556 413">
    <p class='ocr_par' dir='ltr' id='par_1_42' title="bbox 3450 354 3556 413">
     <span class='ocr_line' id='line_1_42' title="bbox 3450 354 3556 413; baseline -0.047 0"><span class='ocrx_word' id='word_1_321' title='bbox 3450 354 3556 413; x_wconf 76' lang='lat'><strong>350</strong></span> 
     </span>
    </p>
   </div>
   <div class='ocr_carea' id='block_1_43' title="bbox 1975 461 3557 533">
    <p class='ocr_par' dir='ltr' id='par_1_43' title="bbox 1975 461 3557 533">
     <span class='ocr_line' id='line_1_43' title="bbox 1975 461 3557 533; baseline 0.004 -17"><span class='ocrx_word' id='word_1_322' title='bbox 1975 461 2030 516; x_wconf 90' lang='lat' dir='ltr'><strong>Si</strong></span> <span class='ocrx_word' id='word_1_323' title='bbox 2059 461 2183 533; x_wconf 92' lang='lat' dir='ltr'><strong>quid</strong></span> <span class='ocrx_word' id='word_1_324' title='bbox 2206 462 2347 516; x_wconf 77' lang='lat' dir='ltr'><strong>enim</strong></span> <span class='ocrx_word' id='word_1_325' title='bbox 2376 462 2580 527; x_wconf 82' lang='lat' dir='ltr'><strong>fecerit,</strong></span> <span class='ocrx_word' id='word_1_326' title='bbox 2611 470 2851 519; x_wconf 90' lang='lat' dir='ltr'><strong>mortuus</strong></span> <span class='ocrx_word' id='word_1_327' title='bbox 2882 472 3054 521; x_wconf 89' lang='lat' dir='ltr'><strong>tamen</strong></span> <span class='ocrx_word' id='word_1_328' title='bbox 3084 475 3293 532; x_wconf 89' lang='lat' dir='ltr'><strong>manet;</strong></span> <span class='ocrx_word' id='word_1_329' title='bbox 3317 478 3557 523; x_wconf 86' lang='lat' dir='ltr'><strong>mortuus</strong></span> 
     </span>
    </p>
   </div>
   <div class='ocr_carea' id='block_1_44' title="bbox 1972 556 3553 629">
    <p class='ocr_par' dir='ltr' id='par_1_44' title="bbox 1972 556 3553 629">
     <span class='ocr_line' id='line_1_44' title="bbox 1972 556 3553 629; baseline 0.005 -20"><span class='ocrx_word' id='word_1_330' title='bbox 1972 572 2102 611; x_wconf 87' lang='lat' dir='ltr'><strong>vero</strong></span> <span class='ocrx_word' id='word_1_331' title='bbox 2129 558 2392 610; x_wconf 82' lang='lat' dir='ltr'><strong>viventem</strong></span> <span class='ocrx_word' id='word_1_332' title='bbox 2434 557 2629 612; x_wconf 70' lang='lat' dir='ltr'><strong>lazdere</strong></span> <span class='ocrx_word' id='word_1_333' title='bbox 2673 556 2818 612; x_wconf 91' lang='lat' dir='ltr'><strong>nullo</strong></span> <span class='ocrx_word' id='word_1_334' title='bbox 2848 570 3002 628; x_wconf 90' lang='lat' dir='ltr'><strong>pacto</strong></span> <span class='ocrx_word' id='word_1_335' title='bbox 3043 569 3235 629; x_wconf 89' lang='lat' dir='ltr'><strong>p0tcst.</strong></span> <span class='ocrx_word' id='word_1_336' title='bbox 3268 559 3553 617; x_wconf 82' lang='lat' dir='ltr'><strong>Videamus</strong></span> 
     </span>
    </p>
   </div>
   <div class='ocr_carea' id='block_1_45' title="bbox 1974 650 3555 726">
    <p class='ocr_par' dir='ltr' id='par_1_45' title="bbox 1974 650 3555 726">
     <span class='ocr_line' id='line_1_45' title="bbox 1974 650 3555 726; baseline 0.004 -23"><span class='ocrx_word' id='word_1_337' title='bbox 1974 650 2152 718; x_wconf 87' lang='lat' dir='ltr'><strong>itaque</strong></span> <span class='ocrx_word' id='word_1_338' title='bbox 2174 659 2331 718; x_wconf 90' lang='lat' dir='ltr'><strong>caput</strong></span> <span class='ocrx_word' id='word_1_339' title='bbox 2352 650 2468 718; x_wconf 89' lang='lat' dir='ltr'><strong>ejus</strong></span> <span class='ocrx_word' id='word_1_340' title='bbox 2498 650 2737 721; x_wconf 86' lang='lat' dir='ltr'><strong>ligatum.</strong></span> <span class='ocrx_word' id='word_1_341' title='bbox 2761 651 2893 705; x_wconf 85' lang='lat' dir='ltr'><strong>Nam</strong></span> <span class='ocrx_word' id='word_1_342' title='bbox 2918 668 3037 706; x_wconf 90' lang='lat' dir='ltr'><strong>cum</strong></span> <span class='ocrx_word' id='word_1_343' title='bbox 3063 653 3253 708; x_wconf 91' lang='lat' dir='ltr'><strong>crebro</strong></span> <span class='ocrx_word' id='word_1_344' title='bbox 3273 655 3381 710; x_wconf 89' lang='lat' dir='ltr'><strong>sint</strong></span> <span class='ocrx_word' id='word_1_345' title='bbox 3400 656 3555 726; x_wconf 81' lang='lat' dir='ltr'><strong>ebrii,</strong></span> 
     </span>
    </p>
   </div>
   <div class='ocr_carea' id='block_1_46' title="bbox 1973 742 3554 812">
    <p class='ocr_par' dir='ltr' id='par_1_46' title="bbox 1973 742 3554 812">
     <span class='ocr_line' id='line_1_46' title="bbox 1973 742 3554 812; baseline 0.002 -16"><span class='ocrx_word' id='word_1_346' title='bbox 1973 742 2196 812; x_wconf 88' lang='lat' dir='ltr'><strong>perinde</strong></span> <span class='ocrx_word' id='word_1_347' title='bbox 2237 752 2396 811; x_wconf 90' lang='lat' dir='ltr'><strong>atque</strong></span> <span class='ocrx_word' id='word_1_348' title='bbox 2432 745 2623 798; x_wconf 90' lang='lat' dir='ltr'><strong>mortui</strong></span> <span class='ocrx_word' id='word_1_349' title='bbox 2657 744 2837 798; x_wconf 91' lang='lat' dir='ltr'><strong>multis</strong></span> <span class='ocrx_word' id='word_1_350' title='bbox 2876 745 3225 801; x_wconf 91' lang='lat' dir='ltr'><strong>velaminibus</strong></span> <span class='ocrx_word' id='word_1_351' title='bbox 3263 756 3317 801; x_wconf 91' lang='lat' dir='ltr'><strong>et</strong></span> <span class='ocrx_word' id='word_1_352' title='bbox 3354 746 3554 812; x_wconf 82' lang='lat' dir='ltr'><strong>fasciis,</strong></span> 
     </span>
    </p>
   </div>
   <div class='ocr_carea' id='block_1_47' title="bbox 1973 834 3557 909">
    <p class='ocr_par' dir='ltr' id='par_1_47' title="bbox 1973 834 3557 909">
     <span class='ocr_line' id='line_1_47' title="bbox 1973 834 3557 909; baseline 0.004 -22"><span class='ocrx_word' id='word_1_353' title='bbox 1973 835 2051 888; x_wconf 88' lang='lat' dir='ltr'><strong>sic</strong></span> <span class='ocrx_word' id='word_1_354' title='bbox 2078 849 2266 887; x_wconf 91' lang='lat' dir='ltr'><strong>omnes</strong></span> <span class='ocrx_word' id='word_1_355' title='bbox 2304 834 2523 888; x_wconf 87' lang='lat' dir='ltr'><strong>istorum</strong></span> <span class='ocrx_word' id='word_1_356' title='bbox 2548 851 2737 889; x_wconf 88' lang='lat' dir='ltr'><strong>sensus</strong></span> <span class='ocrx_word' id='word_1_357' title='bbox 2760 836 3110 899; x_wconf 83' lang='lat' dir='ltr'><strong>pecluduntur</strong></span> <span class='ocrx_word' id='word_1_358' title='bbox 3130 847 3184 891; x_wconf 90' lang='lat' dir='ltr'><strong>et</strong></span> <span class='ocrx_word' id='word_1_359' title='bbox 3221 838 3468 909; x_wconf 80' lang='lat' dir='ltr'><strong>ligantur.</strong></span> <span class='ocrx_word' id='word_1_360' title='bbox 3499 838 3557 896; x_wconf 87' lang='lat' dir='ltr'><strong>Si</strong></span> 
     </span>
    </p>
   </div>
   <div class='ocr_carea' id='block_1_48' title="bbox 1973 925 3556 997">
    <p class='ocr_par' dir='ltr' id='par_1_48' title="bbox 1973 925 3556 997">
     <span class='ocr_line' id='line_1_48' title="bbox 1973 925 3556 997; baseline 0.003 -19"><span class='ocrx_word' id='word_1_361' title='bbox 1973 925 2123 979; x_wconf 92' lang='lat' dir='ltr'><strong>luhet</strong></span> <span class='ocrx_word' id='word_1_362' title='bbox 2161 927 2320 979; x_wconf 88' lang='lat' dir='ltr'><strong>etiam</strong></span> <span class='ocrx_word' id='word_1_363' title='bbox 2349 940 2537 978; x_wconf 89' lang='lat' dir='ltr'><strong>manus</strong></span> <span class='ocrx_word' id='word_1_364' title='bbox 2578 925 2779 991; x_wconf 89' lang='lat' dir='ltr'><strong>videre,</strong></span> <span class='ocrx_word' id='word_1_365' title='bbox 2813 926 2928 979; x_wconf 91' lang='lat' dir='ltr'><strong>illas</strong></span> <span class='ocrx_word' id='word_1_366' title='bbox 2953 928 3251 997; x_wconf 87' lang='lat' dir='ltr'><strong>conspicias</strong></span> <span class='ocrx_word' id='word_1_367' title='bbox 3276 932 3443 983; x_wconf 91' lang='lat' dir='ltr'><strong>ventri</strong></span> <span class='ocrx_word' id='word_1_368' title='bbox 3474 931 3556 983; x_wconf 86' lang='lat' dir='ltr'><strong>al-</strong></span> 
     </span>
    </p>
   </div>
   <div class='ocr_carea' id='block_1_49' title="bbox 1973 1015 3557 1087">
    <p class='ocr_par' dir='ltr' id='par_1_49' title="bbox 1973 1015 3557 1087">
     <span class='ocr_line' id='line_1_49' title="bbox 1973 1015 3557 1087; baseline 0.003 -18"><span class='ocrx_word' id='word_1_369' title='bbox 1973 1016 2178 1085; x_wconf 88' lang='lat' dir='ltr'><strong>ligatas,</strong></span> <span class='ocrx_word' id='word_1_370' title='bbox 2201 1025 2256 1069; x_wconf 92' lang='lat' dir='ltr'><strong>ut</strong></span> <span class='ocrx_word' id='word_1_371' title='bbox 2283 1015 2650 1070; x_wconf 88' lang='lat' dir='ltr'><strong>defunctormn</strong></span> <span class='ocrx_word' id='word_1_372' title='bbox 2679 1033 2886 1080; x_wconf 90' lang='lat' dir='ltr'><strong>manus,</strong></span> <span class='ocrx_word' id='word_1_373' title='bbox 2905 1027 2957 1071; x_wconf 88' lang='lat' dir='ltr'><strong>et</strong></span> <span class='ocrx_word' id='word_1_374' title='bbox 2977 1018 3201 1082; x_wconf 87' lang='lat' dir='ltr'><strong>vinctas,</strong></span> <span class='ocrx_word' id='word_1_375' title='bbox 3223 1037 3327 1074; x_wconf 88' lang='lat' dir='ltr'><strong>non</strong></span> <span class='ocrx_word' id='word_1_376' title='bbox 3358 1020 3557 1087; x_wconf 89' lang='lat' dir='ltr'><strong>fasciis,</strong></span> 
     </span>
    </p>
   </div>
   <div class='ocr_carea' id='block_1_50' title="bbox 1971 1106 3560 1182">
    <p class='ocr_par' dir='ltr' id='par_1_50' title="bbox 1971 1106 3560 1182">
     <span class='ocr_line' id='line_1_50' title="bbox 1971 1106 3560 1182; baseline 0.003 -20"><span class='ocrx_word' id='word_1_377' title='bbox 1971 1106 2068 1162; x_wconf 89' lang='lat' dir='ltr'><strong>sed</strong></span> <span class='ocrx_word' id='word_1_378' title='bbox 2095 1107 2333 1160; x_wconf 65' lang='lat' dir='ltr'><strong>avaritiae</strong></span> <span class='ocrx_word' id='word_1_379' title='bbox 2363 1108 2604 1171; x_wconf 90' lang='lat' dir='ltr'><strong>vinculis,</strong></span> <span class='ocrx_word' id='word_1_380' title='bbox 2631 1108 2770 1177; x_wconf 85' lang='lat' dir='ltr'><strong>quod</strong></span> <span class='ocrx_word' id='word_1_381' title='bbox 2799 1109 2952 1178; x_wconf 89' lang='lat' dir='ltr'><strong>longe</strong></span> <span class='ocrx_word' id='word_1_382' title='bbox 2981 1108 3215 1164; x_wconf 87' lang='lat' dir='ltr'><strong>deterius</strong></span> <span class='ocrx_word' id='word_1_383' title='bbox 3238 1123 3353 1175; x_wconf 89' lang='lat' dir='ltr'><strong>est;</strong></span> <span class='ocrx_word' id='word_1_384' title='bbox 3386 1127 3560 1182; x_wconf 90' lang='lat' dir='ltr'><strong>neque</strong></span> 
     </span>
    </p>
   </div>
   <div class='ocr_carea' id='block_1_51' title="bbox 1972 1199 3556 1270">
    <p class='ocr_par' dir='ltr' id='par_1_51' title="bbox 1972 1199 3556 1270">
     <span class='ocr_line' id='line_1_51' title="bbox 1972 1199 3556 1270; baseline 0.001 -17"><span class='ocrx_word' id='word_1_385' title='bbox 1972 1200 2114 1253; x_wconf 85' lang='lat' dir='ltr'><strong>enim</strong></span> <span class='ocrx_word' id='word_1_386' title='bbox 2144 1200 2401 1270; x_wconf 90' lang='lat' dir='ltr'><strong>permittit</strong></span> <span class='ocrx_word' id='word_1_387' title='bbox 2441 1200 2527 1253; x_wconf 73' lang='lat' dir='ltr'><strong>ille</strong></span> <span class='ocrx_word' id='word_1_388' title='bbox 2554 1208 2609 1252; x_wconf 92' lang='lat' dir='ltr'><strong>ut</strong></span> <span class='ocrx_word' id='word_1_389' title='bbox 2649 1199 2715 1253; x_wconf 90' lang='lat' dir='ltr'><strong>ad</strong></span> <span class='ocrx_word' id='word_1_390' title='bbox 2755 1200 3183 1269; x_wconf 71' lang='lat' dir='ltr'><strong>elcemosynam,</strong></span> <span class='ocrx_word' id='word_1_391' title='bbox 3218 1201 3300 1255; x_wconf 91' lang='lat' dir='ltr'><strong>vel</strong></span> <span class='ocrx_word' id='word_1_392' title='bbox 3325 1202 3389 1255; x_wconf 89' lang='lat' dir='ltr'><strong>ad</strong></span> <span class='ocrx_word' id='word_1_393' title='bbox 3417 1202 3556 1255; x_wconf 87' lang='lat' dir='ltr'><strong>aliud</strong></span> 
     </span>
    </p>
   </div>
   <div class='ocr_carea' id='block_1_52' title="bbox 1971 1290 3561 1360">
    <p class='ocr_par' dir='ltr' id='par_1_52' title="bbox 1971 1290 3561 1360">
     <span class='ocr_line' id='line_1_52' title="bbox 1971 1290 3561 1360; baseline 0.004 -17"><span class='ocrx_word' id='word_1_394' title='bbox 1971 1290 2257 1360; x_wconf 89' lang='lat' dir='ltr'><strong>quodpiam</strong></span> <span class='ocrx_word' id='word_1_395' title='bbox 2297 1306 2433 1360; x_wconf 92' lang='lat' dir='ltr'><strong>opus</strong></span> <span class='ocrx_word' id='word_1_396' title='bbox 2461 1290 2655 1344; x_wconf 89' lang='lat' dir='ltr'><strong>bonum</strong></span> <span class='ocrx_word' id='word_1_397' title='bbox 2697 1291 3085 1357; x_wconf 80' lang='lat' dir='ltr'><strong>extendantur;</strong></span> <span class='ocrx_word' id='word_1_398' title='bbox 3123 1291 3216 1346; x_wconf 88' lang='lat' dir='ltr'><strong>sed</strong></span> <span class='ocrx_word' id='word_1_399' title='bbox 3264 1293 3561 1349; x_wconf 78' lang='lat' dir='ltr'><strong>inutiliores</strong></span> 
     </span>
    </p>
   </div>
   <div class='ocr_carea' id='block_1_53' title="bbox 1972 1381 3560 1452">
    <p class='ocr_par' dir='ltr' id='par_1_53' title="bbox 1972 1381 3560 1452">
     <span class='ocr_line' id='line_1_53' title="bbox 1972 1381 3560 1452; baseline 0.001 -16"><span class='ocrx_word' id='word_1_400' title='bbox 1972 1381 2137 1436; x_wconf 82' lang='lat' dir='ltr'><strong>efï¬cit</strong></span> <span class='ocrx_word' id='word_1_401' title='bbox 2158 1422 2173 1445; x_wconf 92' lang='lat'><strong>,</strong></span> <span class='ocrx_word' id='word_1_402' title='bbox 2202 1396 2360 1451; x_wconf 88' lang='lat' dir='ltr'><strong>quam</strong></span> <span class='ocrx_word' id='word_1_403' title='bbox 2402 1393 2733 1435; x_wconf 90' lang='lat' dir='ltr'><strong>mortuorum</strong></span> <span class='ocrx_word' id='word_1_404' title='bbox 2764 1397 2974 1436; x_wconf 89' lang='lat' dir='ltr'><strong>manus.</strong></span> <span class='ocrx_word' id='word_1_405' title='bbox 3007 1381 3168 1437; x_wconf 88' lang='lat' dir='ltr'><strong>Visne</strong></span> <span class='ocrx_word' id='word_1_406' title='bbox 3195 1384 3435 1437; x_wconf 82' lang='lat' dir='ltr'><strong>utetiam</strong></span> <span class='ocrx_word' id='word_1_407' title='bbox 3469 1400 3560 1452; x_wconf 91' lang='lat' dir='ltr'><strong>pe-</strong></span> 
     </span>
    </p>
   </div>
   <div class='ocr_carea' id='block_1_54' title="bbox 1973 1474 3560 1546">
    <p class='ocr_par' dir='ltr' id='par_1_54' title="bbox 1973 1474 3560 1546">
     <span class='ocr_line' id='line_1_54' title="bbox 1973 1474 3560 1546; baseline 0.001 -16"><span class='ocrx_word' id='word_1_408' title='bbox 1973 1474 2070 1530; x_wconf 91' lang='lat' dir='ltr'><strong>des</strong></span> <span class='ocrx_word' id='word_1_409' title='bbox 2098 1475 2347 1530; x_wconf 89' lang='lat' dir='ltr'><strong>similiter</strong></span> <span class='ocrx_word' id='word_1_410' title='bbox 2372 1476 2584 1529; x_wconf 91' lang='lat' dir='ltr'><strong>vinctos</strong></span> <span class='ocrx_word' id='word_1_411' title='bbox 2621 1475 2935 1528; x_wconf 85' lang='lat' dir='ltr'><strong>videamus?</strong></span> <span class='ocrx_word' id='word_1_412' title='bbox 2965 1474 3089 1529; x_wconf 93' lang='lat' dir='ltr'><strong>Illos</strong></span> <span class='ocrx_word' id='word_1_413' title='bbox 3116 1492 3326 1545; x_wconf 90' lang='lat' dir='ltr'><strong>quoque</strong></span> <span class='ocrx_word' id='word_1_414' title='bbox 3355 1478 3560 1546; x_wconf 86' lang='lat' dir='ltr'><strong>respice</strong></span> 
     </span>
    </p>
   </div>
   <div class='ocr_carea' id='block_1_55' title="bbox 1971 1565 3559 1635">
    <p class='ocr_par' dir='ltr' id='par_1_55' title="bbox 1971 1565 3559 1635">
     <span class='ocr_line' id='line_1_55' title="bbox 1971 1565 3559 1635; baseline 0 -14"><span class='ocrx_word' id='word_1_415' title='bbox 1971 1568 2117 1621; x_wconf 87' lang='lat' dir='ltr'><strong>curis</strong></span> <span class='ocrx_word' id='word_1_416' title='bbox 2149 1566 2466 1621; x_wconf 90' lang='lat' dir='ltr'><strong>constrictos</strong></span> <span class='ocrx_word' id='word_1_417' title='bbox 2488 1606 2504 1632; x_wconf 93' lang='lat'><strong>,</strong></span> <span class='ocrx_word' id='word_1_418' title='bbox 2545 1565 2634 1635; x_wconf 91' lang='lat' dir='ltr'><strong>qui</strong></span> <span class='ocrx_word' id='word_1_419' title='bbox 2663 1565 2781 1619; x_wconf 93' lang='lat' dir='ltr'><strong>ideo</strong></span> <span class='ocrx_word' id='word_1_420' title='bbox 2810 1582 2914 1619; x_wconf 92' lang='lat' dir='ltr'><strong>non</strong></span> <span class='ocrx_word' id='word_1_421' title='bbox 2944 1567 3148 1633; x_wconf 87' lang='lat' dir='ltr'><strong>possint</strong></span> <span class='ocrx_word' id='word_1_422' title='bbox 3175 1566 3243 1620; x_wconf 90' lang='lat' dir='ltr'><strong>ad</strong></span> <span class='ocrx_word' id='word_1_423' title='bbox 3277 1568 3559 1622; x_wconf 88' lang='lat' dir='ltr'><strong>ecclesiam</strong></span> 
     </span>
    </p>
   </div>
   <div class='ocr_carea' id='block_1_56' title="bbox 1975 1657 3559 1730">
    <p class='ocr_par' dir='ltr' id='par_1_56' title="bbox 1975 1657 3559 1730">
     <span class='ocr_line' id='line_1_56' title="bbox 1975 1657 3559 1730; baseline 0 -16"><span class='ocrx_word' id='word_1_424' title='bbox 1975 1659 2070 1714; x_wconf 91' lang='lat' dir='ltr'><strong>Dei</strong></span> <span class='ocrx_word' id='word_1_425' title='bbox 2112 1674 2416 1730; x_wconf 90' lang='lat' dir='ltr'><strong>properare.</strong></span> <span class='ocrx_word' id='word_1_426' title='bbox 2452 1657 2638 1712; x_wconf 75' lang='lat' dir='ltr'><strong>Vidisti</strong></span> <span class='ocrx_word' id='word_1_427' title='bbox 2679 1659 2983 1711; x_wconf 89' lang='lat' dir='ltr'><strong>mortuum?</strong></span> <span class='ocrx_word' id='word_1_428' title='bbox 3010 1658 3385 1713; x_wconf 86' lang='lat' dir='ltr'><strong>Pollinctorcm</strong></span> <span class='ocrx_word' id='word_1_429' title='bbox 3418 1660 3559 1714; x_wconf 88' lang='lat' dir='ltr'><strong>vide.</strong></span> 
     </span>
    </p>
   </div>
   <div class='ocr_carea' id='block_1_57' title="bbox 1973 1749 3560 1819">
    <p class='ocr_par' dir='ltr' id='par_1_57' title="bbox 1973 1749 3560 1819">
     <span class='ocr_line' id='line_1_57' title="bbox 1973 1749 3560 1819; baseline -0.001 -14"><span class='ocrx_word' id='word_1_430' title='bbox 1973 1751 2105 1819; x_wconf 86' lang='lat' dir='ltr'><strong>Quis</strong></span> <span class='ocrx_word' id='word_1_431' title='bbox 2146 1750 2333 1805; x_wconf 93' lang='lat' dir='ltr'><strong>horum</strong></span> <span class='ocrx_word' id='word_1_432' title='bbox 2382 1750 2667 1819; x_wconf 90' lang='lat' dir='ltr'><strong>pollinctor</strong></span> <span class='ocrx_word' id='word_1_433' title='bbox 2703 1751 2823 1804; x_wconf 84' lang='lat' dir='ltr'><strong>est?</strong></span> <span class='ocrx_word' id='word_1_434' title='bbox 2856 1749 3102 1803; x_wconf 80' lang='lat' dir='ltr'><strong>Diabolus</strong></span> <span class='ocrx_word' id='word_1_435' title='bbox 3140 1750 3230 1819; x_wconf 90' lang='lat' dir='ltr'><strong>qui</strong></span> <span class='ocrx_word' id='word_1_436' title='bbox 3279 1749 3560 1819; x_wconf 85' lang='lat' dir='ltr'><strong>diligenter</strong></span> 
     </span>
    </p>
   </div>
   <div class='ocr_carea' id='block_1_58' title="bbox 1973 1839 3560 1913">
    <p class='ocr_par' dir='ltr' id='par_1_58' title="bbox 1973 1839 3560 1913">
     <span class='ocr_line' id='line_1_58' title="bbox 1973 1839 3560 1913; baseline -0.003 -16"><span class='ocrx_word' id='word_1_437' title='bbox 1973 1842 2119 1913; x_wconf 91' lang='lat' dir='ltr'><strong>ipsos</strong></span> <span class='ocrx_word' id='word_1_438' title='bbox 2142 1842 2475 1911; x_wconf 83' lang='lat' dir='ltr'><strong>constringit,</strong></span> <span class='ocrx_word' id='word_1_439' title='bbox 2509 1856 2607 1896; x_wconf 93' lang='lat' dir='ltr'><strong>nec</strong></span> <span class='ocrx_word' id='word_1_440' title='bbox 2635 1841 2761 1895; x_wconf 91' lang='lat' dir='ltr'><strong>sinit</strong></span> <span class='ocrx_word' id='word_1_441' title='bbox 2786 1850 2842 1894; x_wconf 94' lang='lat' dir='ltr'><strong>ut</strong></span> <span class='ocrx_word' id='word_1_442' title='bbox 2872 1840 3034 1894; x_wconf 91' lang='lat' dir='ltr'><strong>homo</strong></span> <span class='ocrx_word' id='word_1_443' title='bbox 3059 1855 3183 1895; x_wconf 91' lang='lat' dir='ltr'><strong>vere</strong></span> <span class='ocrx_word' id='word_1_444' title='bbox 3212 1839 3372 1893; x_wconf 89' lang='lat' dir='ltr'><strong>homo</strong></span> <span class='ocrx_word' id='word_1_445' title='bbox 3394 1854 3560 1909; x_wconf 86' lang='lat' dir='ltr'><strong>appa-</strong></span> 
     </span>
    </p>
   </div>
   <div class='ocr_carea' id='block_1_59' title="bbox 1974 1933 3559 2005">
    <p class='ocr_par' dir='ltr' id='par_1_59' title="bbox 1974 1933 3559 2005">
     <span class='ocr_line' id='line_1_59' title="bbox 1974 1933 3559 2005; baseline -0.002 -15"><span class='ocrx_word' id='word_1_446' title='bbox 1974 1944 2125 2001; x_wconf 91' lang='lat' dir='ltr'><strong>reat,</strong></span> <span class='ocrx_word' id='word_1_447' title='bbox 2155 1935 2249 1990; x_wconf 89' lang='lat' dir='ltr'><strong>sed</strong></span> <span class='ocrx_word' id='word_1_448' title='bbox 2288 1936 2485 2005; x_wconf 87' lang='lat' dir='ltr'><strong>lignum</strong></span> <span class='ocrx_word' id='word_1_449' title='bbox 2523 1934 2750 1989; x_wconf 90' lang='lat' dir='ltr'><strong>aridum.</strong></span> <span class='ocrx_word' id='word_1_450' title='bbox 2782 1933 2878 1989; x_wconf 89' lang='lat' dir='ltr'><strong>Ubi</strong></span> <span class='ocrx_word' id='word_1_451' title='bbox 2906 1934 3050 1988; x_wconf 91' lang='lat' dir='ltr'><strong>enim</strong></span> <span class='ocrx_word' id='word_1_452' title='bbox 3086 1949 3187 1988; x_wconf 91' lang='lat' dir='ltr'><strong>nec</strong></span> <span class='ocrx_word' id='word_1_453' title='bbox 3228 1935 3416 1988; x_wconf 90' lang='lat' dir='ltr'><strong>oculus</strong></span> <span class='ocrx_word' id='word_1_454' title='bbox 3460 1949 3559 1987; x_wconf 93' lang='lat' dir='ltr'><strong>nec</strong></span> 
     </span>
    </p>
   </div>
   <div class='ocr_carea' id='block_1_60' title="bbox 1974 2026 3561 2098">
    <p class='ocr_par' dir='ltr' id='par_1_60' title="bbox 1974 2026 3561 2098">
     <span class='ocr_line' id='line_1_60' title="bbox 1974 2026 3561 2098; baseline -0.003 -14"><span class='ocrx_word' id='word_1_455' title='bbox 1974 2044 2187 2095; x_wconf 88' lang='lat' dir='ltr'><strong>manus,</strong></span> <span class='ocrx_word' id='word_1_456' title='bbox 2218 2043 2319 2084; x_wconf 92' lang='lat' dir='ltr'><strong>nec</strong></span> <span class='ocrx_word' id='word_1_457' title='bbox 2350 2027 2533 2098; x_wconf 87' lang='lat' dir='ltr'><strong>pedes,</strong></span> <span class='ocrx_word' id='word_1_458' title='bbox 2567 2043 2666 2082; x_wconf 91' lang='lat' dir='ltr'><strong>nec</strong></span> <span class='ocrx_word' id='word_1_459' title='bbox 2690 2027 2831 2081; x_wconf 87' lang='lat' dir='ltr'><strong>aliud</strong></span> <span class='ocrx_word' id='word_1_460' title='bbox 2863 2026 3163 2096; x_wconf 90' lang='lat' dir='ltr'><strong>hujusmodi</strong></span> <span class='ocrx_word' id='word_1_461' title='bbox 3191 2037 3274 2082; x_wconf 89' lang='lat' dir='ltr'><strong>est</strong></span> <span class='ocrx_word' id='word_1_462' title='bbox 3293 2027 3561 2097; x_wconf 89' lang='lat' dir='ltr'><strong>quomodo</strong></span> 
     </span>
    </p>
   </div>
   <div class='ocr_carea' id='block_1_61' title="bbox 1975 2118 3563 2190">
    <p class='ocr_par' dir='ltr' id='par_1_61' title="bbox 1975 2118 3563 2190">
     <span class='ocr_line' id='line_1_61' title="bbox 1975 2118 3563 2190; baseline -0.003 -13"><span class='ocrx_word' id='word_1_463' title='bbox 1975 2138 2094 2177; x_wconf 83' lang='lat' dir='ltr'><strong>esse</strong></span> <span class='ocrx_word' id='word_1_464' title='bbox 2118 2136 2272 2190; x_wconf 91' lang='lat' dir='ltr'><strong>posse</strong></span> <span class='ocrx_word' id='word_1_465' title='bbox 2286 2121 2447 2175; x_wconf 88' lang='lat' dir='ltr'><strong>homo</strong></span> <span class='ocrx_word' id='word_1_466' title='bbox 2467 2121 2747 2175; x_wconf 83' lang='lat' dir='ltr'><strong>videatur?</strong></span> <span class='ocrx_word' id='word_1_467' title='bbox 2768 2120 2856 2175; x_wconf 89' lang='lat' dir='ltr'><strong>Sic</strong></span> <span class='ocrx_word' id='word_1_468' title='bbox 2876 2121 3112 2189; x_wconf 88' lang='lat' dir='ltr'><strong>ipsorum</strong></span> <span class='ocrx_word' id='word_1_469' title='bbox 3134 2120 3362 2174; x_wconf 91' lang='lat' dir='ltr'><strong>animam</strong></span> <span class='ocrx_word' id='word_1_470' title='bbox 3386 2118 3563 2173; x_wconf 87' lang='lat' dir='ltr'><strong>fasciis</strong></span> 
     </span>
    </p>
   </div>
   <div class='ocr_carea' id='block_1_62' title="bbox 1975 2209 3562 2280">
    <p class='ocr_par' dir='ltr' id='par_1_62' title="bbox 1975 2209 3562 2280">
     <span class='ocr_line' id='line_1_62' title="bbox 1975 2209 3562 2280; baseline -0.003 -13"><span class='ocrx_word' id='word_1_471' title='bbox 1975 2213 2276 2268; x_wconf 88' lang='lat' dir='ltr'><strong>devinctam</strong></span> <span class='ocrx_word' id='word_1_472' title='bbox 2307 2212 2622 2280; x_wconf 87' lang='lat' dir='ltr'><strong>conspicere</strong></span> <span class='ocrx_word' id='word_1_473' title='bbox 2651 2220 2767 2276; x_wconf 91' lang='lat' dir='ltr'><strong>est,</strong></span> <span class='ocrx_word' id='word_1_474' title='bbox 2815 2210 3018 2264; x_wconf 89' lang='lat' dir='ltr'><strong>idolum</strong></span> <span class='ocrx_word' id='word_1_475' title='bbox 3048 2210 3216 2279; x_wconf 88' lang='lat' dir='ltr'><strong>magis</strong></span> <span class='ocrx_word' id='word_1_476' title='bbox 3245 2224 3403 2279; x_wconf 84' lang='lat' dir='ltr'><strong>quam</strong></span> <span class='ocrx_word' id='word_1_477' title='bbox 3444 2209 3562 2262; x_wconf 90' lang='lat' dir='ltr'><strong>ani-</strong></span> 
     </span>
    </p>
   </div>
   <div class='ocr_carea' id='block_1_63' title="bbox 1976 2300 3561 2374">
    <p class='ocr_par' dir='ltr' id='par_1_63' title="bbox 1976 2300 3561 2374">
     <span class='ocr_line' id='line_1_63' title="bbox 1976 2300 3561 2374; baseline -0.004 -14"><span class='ocrx_word' id='word_1_478' title='bbox 1976 2321 2138 2360; x_wconf 89' lang='lat' dir='ltr'><strong>mam.</strong></span> <span class='ocrx_word' id='word_1_479' title='bbox 2170 2304 2432 2371; x_wconf 88' lang='lat' dir='ltr'><strong>Quoniam</strong></span> <span class='ocrx_word' id='word_1_480' title='bbox 2465 2303 2623 2374; x_wconf 81' lang='lat' dir='ltr'><strong>igitur</strong></span> <span class='ocrx_word' id='word_1_481' title='bbox 2656 2303 2756 2372; x_wconf 92' lang='lat' dir='ltr'><strong>ipsi</strong></span> <span class='ocrx_word' id='word_1_482' title='bbox 2800 2302 2916 2357; x_wconf 87' lang='lat' dir='ltr'><strong>sine</strong></span> <span class='ocrx_word' id='word_1_483' title='bbox 2943 2316 3103 2357; x_wconf 90' lang='lat' dir='ltr'><strong>sensu</strong></span> <span class='ocrx_word' id='word_1_484' title='bbox 3126 2300 3305 2371; x_wconf 90' lang='lat' dir='ltr'><strong>jacent</strong></span> <span class='ocrx_word' id='word_1_485' title='bbox 3342 2300 3561 2367; x_wconf 91' lang='lat' dir='ltr'><strong>mortui,</strong></span> 
     </span>
    </p>
   </div>
   <div class='ocr_carea' id='block_1_64' title="bbox 1976 2394 3561 2468">
    <p class='ocr_par' dir='ltr' id='par_1_64' title="bbox 1976 2394 3561 2468">
     <span class='ocr_line' id='line_1_64' title="bbox 1976 2394 3561 2468; baseline -0.006 -16"><span class='ocrx_word' id='word_1_486' title='bbox 1976 2414 2075 2468; x_wconf 91' lang='lat' dir='ltr'><strong>pro</strong></span> <span class='ocrx_word' id='word_1_487' title='bbox 2100 2397 2203 2451; x_wconf 91' lang='lat' dir='ltr'><strong>illis</strong></span> <span class='ocrx_word' id='word_1_488' title='bbox 2230 2397 2296 2451; x_wconf 92' lang='lat' dir='ltr'><strong>ad</strong></span> <span class='ocrx_word' id='word_1_489' title='bbox 2317 2395 2500 2452; x_wconf 86' lang='lat' dir='ltr'><strong>Jesum</strong></span> <span class='ocrx_word' id='word_1_490' title='bbox 2522 2394 2854 2457; x_wconf 90' lang='lat' dir='ltr'><strong>accedamus,</strong></span> <span class='ocrx_word' id='word_1_491' title='bbox 2880 2408 3160 2463; x_wconf 90' lang='lat' dir='ltr'><strong>precemur</strong></span> <span class='ocrx_word' id='word_1_492' title='bbox 3182 2400 3239 2445; x_wconf 94' lang='lat' dir='ltr'><strong>ut</strong></span> <span class='ocrx_word' id='word_1_493' title='bbox 3262 2400 3561 2459; x_wconf 68' lang='lat' dir='ltr'><strong>resurgant,</strong></span> 
     </span>
    </p>
   </div>
   <div class='ocr_carea' id='block_1_65' title="bbox 1975 2480 3563 2558">
    <p class='ocr_par' dir='ltr' id='par_1_65' title="bbox 1975 2480 3563 2558">
     <span class='ocr_line' id='line_1_65' title="bbox 1975 2480 3563 2558; baseline -0.007 -14"><span class='ocrx_word' id='word_1_494' title='bbox 1975 2503 2318 2544; x_wconf 87' lang='lat' dir='ltr'><strong>amoveamus</strong></span> <span class='ocrx_word' id='word_1_495' title='bbox 2335 2486 2585 2558; x_wconf 86' lang='lat' dir='ltr'><strong>lapidem,</strong></span> <span class='ocrx_word' id='word_1_496' title='bbox 2602 2486 2871 2540; x_wconf 89' lang='lat' dir='ltr'><strong>solvamus</strong></span> <span class='ocrx_word' id='word_1_497' title='bbox 2901 2483 3113 2538; x_wconf 87' lang='lat' dir='ltr'><strong>fascias.</strong></span> <span class='ocrx_word' id='word_1_498' title='bbox 3140 2480 3197 2537; x_wconf 91' lang='lat' dir='ltr'><strong>Si</strong></span> <span class='ocrx_word' id='word_1_499' title='bbox 3223 2482 3364 2536; x_wconf 89' lang='lat' dir='ltr'><strong>enim</strong></span> <span class='ocrx_word' id='word_1_500' title='bbox 3384 2482 3563 2537; x_wconf 74' lang='lat' dir='ltr'><strong>abstu-</strong></span> 
     </span>
    </p>
   </div>
   <div class='ocr_carea' id='block_1_66' title="bbox 1977 2572 3563 2650">
    <p class='ocr_par' dir='ltr' id='par_1_66' title="bbox 1977 2572 3563 2650">
     <span class='ocr_line' id='line_1_66' title="bbox 1977 2572 3563 2650; baseline -0.006 -15"><span class='ocrx_word' id='word_1_501' title='bbox 1977 2580 2105 2636; x_wconf 91' lang='lat' dir='ltr'><strong>leris</strong></span> <span class='ocrx_word' id='word_1_502' title='bbox 2128 2579 2379 2650; x_wconf 88' lang='lat' dir='ltr'><strong>Iapidem,</strong></span> <span class='ocrx_word' id='word_1_503' title='bbox 2405 2577 2457 2633; x_wconf 90' lang='lat' dir='ltr'><strong>id</strong></span> <span class='ocrx_word' id='word_1_504' title='bbox 2483 2587 2585 2643; x_wconf 91' lang='lat' dir='ltr'><strong>est,</strong></span> <span class='ocrx_word' id='word_1_505' title='bbox 2611 2576 2752 2631; x_wconf 91' lang='lat' dir='ltr'><strong>illam</strong></span> <span class='ocrx_word' id='word_1_506' title='bbox 2780 2577 2832 2630; x_wconf 90' lang='lat' dir='ltr'><strong>in</strong></span> <span class='ocrx_word' id='word_1_507' title='bbox 2855 2575 3008 2629; x_wconf 89' lang='lat' dir='ltr'><strong>malis</strong></span> <span class='ocrx_word' id='word_1_508' title='bbox 3031 2588 3283 2629; x_wconf 90' lang='lat' dir='ltr'><strong>sensuum</strong></span> <span class='ocrx_word' id='word_1_509' title='bbox 3312 2572 3563 2642; x_wconf 87' lang='lat' dir='ltr'><strong>privatio-</strong></span> 
     </span>
    </p>
   </div>
   <div class='ocr_carea' id='block_1_67' title="bbox 1977 2663 3563 2739">
    <p class='ocr_par' dir='ltr' id='par_1_67' title="bbox 1977 2663 3563 2739">
     <span class='ocr_line' id='line_1_67' title="bbox 1977 2663 3563 2739; baseline -0.006 -12"><span class='ocrx_word' id='word_1_510' title='bbox 1977 2689 2122 2739; x_wconf 90' lang='lat' dir='ltr'><strong>nem,</strong></span> <span class='ocrx_word' id='word_1_511' title='bbox 2150 2674 2256 2727; x_wconf 94' lang='lat' dir='ltr'><strong>cito</strong></span> <span class='ocrx_word' id='word_1_512' title='bbox 2284 2672 2402 2727; x_wconf 91' lang='lat' dir='ltr'><strong>illos</strong></span> <span class='ocrx_word' id='word_1_513' title='bbox 2429 2686 2460 2727; x_wconf 92' lang='lat' dir='ltr'><strong>e</strong></span> <span class='ocrx_word' id='word_1_514' title='bbox 2484 2669 2730 2739; x_wconf 89' lang='lat' dir='ltr'><strong>sepulcro</strong></span> <span class='ocrx_word' id='word_1_515' title='bbox 2754 2668 3003 2724; x_wconf 83' lang='lat' dir='ltr'><strong>eduxeris</strong></span> <span class='ocrx_word' id='word_1_516' title='bbox 3032 2683 3046 2720; x_wconf 91' lang='lat'><strong>:</strong></span> <span class='ocrx_word' id='word_1_517' title='bbox 3076 2666 3302 2722; x_wconf 90' lang='lat' dir='ltr'><strong>eductos</strong></span> <span class='ocrx_word' id='word_1_518' title='bbox 3330 2680 3456 2720; x_wconf 87' lang='lat' dir='ltr'><strong>vero</strong></span> <span class='ocrx_word' id='word_1_519' title='bbox 3480 2663 3563 2719; x_wconf 86' lang='lat' dir='ltr'><strong>fa-</strong></span> 
     </span>
    </p>
   </div>
   <div class='ocr_carea' id='block_1_68' title="bbox 1978 2755 3564 2828">
    <p class='ocr_par' dir='ltr' id='par_1_68' title="bbox 1978 2755 3564 2828">
     <span class='ocr_line' id='line_1_68' title="bbox 1978 2755 3564 2828; baseline -0.006 -9"><span class='ocrx_word' id='word_1_520' title='bbox 1978 2766 2135 2819; x_wconf 91' lang='lat' dir='ltr'><strong>cilius</strong></span> <span class='ocrx_word' id='word_1_521' title='bbox 2162 2778 2191 2818; x_wconf 89' lang='lat' dir='ltr'><strong>a</strong></span> <span class='ocrx_word' id='word_1_522' title='bbox 2236 2763 2461 2818; x_wconf 87' lang='lat' dir='ltr'><strong>vinculis</strong></span> <span class='ocrx_word' id='word_1_523' title='bbox 2502 2761 2772 2817; x_wconf 86' lang='lat' dir='ltr'><strong>liberabis.</strong></span> <span class='ocrx_word' id='word_1_524' title='bbox 2804 2759 2955 2815; x_wconf 89' lang='lat' dir='ltr'><strong>Tune</strong></span> <span class='ocrx_word' id='word_1_525' title='bbox 2996 2769 3046 2815; x_wconf 89' lang='lat' dir='ltr'><strong>te</strong></span> <span class='ocrx_word' id='word_1_526' title='bbox 3083 2755 3353 2813; x_wconf 87' lang='lat' dir='ltr'><strong>Christum</strong></span> <span class='ocrx_word' id='word_1_527' title='bbox 3396 2772 3564 2828; x_wconf 86' lang='lat' dir='ltr'><strong>agno-</strong></span> 
     </span>
    </p>
   </div>
   <div class='ocr_carea' id='block_1_69' title="bbox 1979 2846 3564 2920">
    <p class='ocr_par' dir='ltr' id='par_1_69' title="bbox 1979 2846 3564 2920">
     <span class='ocr_line' id='line_1_69' title="bbox 1979 2846 3564 2920; baseline -0.004 -10"><span class='ocrx_word' id='word_1_528' title='bbox 1979 2864 2112 2920; x_wconf 89' lang='lat' dir='ltr'><strong>scet,</strong></span> <span class='ocrx_word' id='word_1_529' title='bbox 2137 2868 2259 2910; x_wconf 92' lang='lat' dir='ltr'><strong>cum</strong></span> <span class='ocrx_word' id='word_1_530' title='bbox 2301 2852 2628 2916; x_wconf 79' lang='lat' dir='ltr'><strong>surrexeris;</strong></span> <span class='ocrx_word' id='word_1_531' title='bbox 2653 2867 2773 2906; x_wconf 91' lang='lat' dir='ltr'><strong>cum</strong></span> <span class='ocrx_word' id='word_1_532' title='bbox 2802 2849 3011 2905; x_wconf 90' lang='lat' dir='ltr'><strong>solutus</strong></span> <span class='ocrx_word' id='word_1_533' title='bbox 3039 2848 3225 2914; x_wconf 89' lang='lat' dir='ltr'><strong>fueris,</strong></span> <span class='ocrx_word' id='word_1_534' title='bbox 3264 2856 3390 2901; x_wconf 91' lang='lat' dir='ltr'><strong>tunc</strong></span> <span class='ocrx_word' id='word_1_535' title='bbox 3417 2857 3469 2901; x_wconf 91' lang='lat' dir='ltr'><strong>te</strong></span> <span class='ocrx_word' id='word_1_536' title='bbox 3498 2846 3564 2903; x_wconf 90' lang='lat' dir='ltr'><strong>ad</strong></span> 
     </span>
    </p>
   </div>
   <div class='ocr_carea' id='block_1_70' title="bbox 1976 2940 3565 3014">
    <p class='ocr_par' dir='ltr' id='par_1_70' title="bbox 1976 2940 3565 3014">
     <span class='ocr_line' id='line_1_70' title="bbox 1976 2940 3565 3014; baseline -0.006 -9"><span class='ocrx_word' id='word_1_537' title='bbox 1976 2964 2185 3005; x_wconf 65' lang='lat' dir='ltr'><strong>Cinnam</strong></span> <span class='ocrx_word' id='word_1_538' title='bbox 2230 2963 2379 3002; x_wconf 86' lang='lat' dir='ltr'><strong>suam</strong></span> <span class='ocrx_word' id='word_1_539' title='bbox 2416 2945 2649 3004; x_wconf 87' lang='lat' dir='ltr'><strong>vocabit.</strong></span> <span class='ocrx_word' id='word_1_540' title='bbox 2674 2945 2942 3014; x_wconf 89' lang='lat' dir='ltr'><strong>Quotquot</strong></span> <span class='ocrx_word' id='word_1_541' title='bbox 2977 2943 3136 3013; x_wconf 81' lang='lat' dir='ltr'><strong>igitur</strong></span> <span class='ocrx_word' id='word_1_542' title='bbox 3175 2940 3372 2996; x_wconf 89' lang='lat' dir='ltr'><strong>Christi</strong></span> <span class='ocrx_word' id='word_1_543' title='bbox 3409 2940 3565 2996; x_wconf 85' lang='lat' dir='ltr'><strong>amici</strong></span> 
     </span>
    </p>
   </div>
   <div class='ocr_carea' id='block_1_71' title="bbox 1975 3033 3565 3112">
    <p class='ocr_par' dir='ltr' id='par_1_71' title="bbox 1975 3033 3565 3112">
     <span class='ocr_line' id='line_1_71' title="bbox 1975 3033 3565 3112; baseline -0.006 -15"><span class='ocrx_word' id='word_1_544' title='bbox 1975 3043 2126 3106; x_wconf 92' lang='lat' dir='ltr'><strong>estis,</strong></span> <span class='ocrx_word' id='word_1_545' title='bbox 2157 3048 2415 3112; x_wconf 90' lang='lat' dir='ltr'><strong>quotquot</strong></span> <span class='ocrx_word' id='word_1_546' title='bbox 2441 3038 2707 3109; x_wconf 90' lang='lat' dir='ltr'><strong>discipuli,</strong></span> <span class='ocrx_word' id='word_1_547' title='bbox 2735 3044 2993 3108; x_wconf 91' lang='lat' dir='ltr'><strong>quotquot</strong></span> <span class='ocrx_word' id='word_1_548' title='bbox 3021 3043 3288 3091; x_wconf 90' lang='lat' dir='ltr'><strong>mortuum</strong></span> <span class='ocrx_word' id='word_1_549' title='bbox 3312 3033 3529 3104; x_wconf 86' lang='lat' dir='ltr'><strong>diligitis</strong></span> <span class='ocrx_word' id='word_1_550' title='bbox 3546 3071 3565 3101; x_wconf 92' lang='lat'><strong>,</strong></span> 
     </span>
    </p>
   </div>
   <div class='ocr_carea' id='block_1_72' title="bbox 1974 3124 3564 3204">
    <p class='ocr_par' dir='ltr' id='par_1_72' title="bbox 1974 3124 3564 3204">
     <span class='ocr_line' id='line_1_72' title="bbox 1974 3124 3564 3204; baseline -0.006 -14"><span class='ocrx_word' id='word_1_551' title='bbox 1974 3133 2043 3189; x_wconf 90' lang='lat' dir='ltr'><strong>ad</strong></span> <span class='ocrx_word' id='word_1_552' title='bbox 2081 3133 2263 3190; x_wconf 85' lang='lat' dir='ltr'><strong>Jesum</strong></span> <span class='ocrx_word' id='word_1_553' title='bbox 2305 3133 2572 3204; x_wconf 89' lang='lat' dir='ltr'><strong>supplices</strong></span> <span class='ocrx_word' id='word_1_554' title='bbox 2609 3130 2845 3186; x_wconf 91' lang='lat' dir='ltr'><strong>accedite</strong></span> <span class='ocrx_word' id='word_1_555' title='bbox 2885 3138 2939 3184; x_wconf 93' lang='lat' dir='ltr'><strong>et</strong></span> <span class='ocrx_word' id='word_1_556' title='bbox 2981 3127 3291 3198; x_wconf 84' lang='lat' dir='ltr'><strong>supplicate.</strong></span> <span class='ocrx_word' id='word_1_557' title='bbox 3341 3124 3564 3181; x_wconf 90' lang='lat' dir='ltr'><strong>Etiamsi</strong></span> 
     </span>
    </p>
   </div>
   <div class='ocr_carea' id='block_1_73' title="bbox 1971 3218 3564 3296">
    <p class='ocr_par' dir='ltr' id='par_1_73' title="bbox 1971 3218 3564 3296">
     <span class='ocr_line' id='line_1_73' title="bbox 1971 3218 3564 3296; baseline -0.009 -8"><span class='ocrx_word' id='word_1_558' title='bbox 1971 3230 2119 3288; x_wconf 91' lang='lat' dir='ltr'><strong>enim</strong></span> <span class='ocrx_word' id='word_1_559' title='bbox 2157 3239 2505 3296; x_wconf 89' lang='lat' dir='ltr'><strong>summopere</strong></span> <span class='ocrx_word' id='word_1_560' title='bbox 2532 3223 2752 3279; x_wconf 66' lang='lat' dir='ltr'><strong>faetidus</strong></span> <span class='ocrx_word' id='word_1_561' title='bbox 2778 3222 2878 3289; x_wconf 89' lang='lat' dir='ltr'><strong>sit,</strong></span> <span class='ocrx_word' id='word_1_562' title='bbox 2932 3229 3166 3277; x_wconf 87' lang='lat' dir='ltr'><strong>attamen</strong></span> <span class='ocrx_word' id='word_1_563' title='bbox 3211 3234 3316 3275; x_wconf 93' lang='lat' dir='ltr'><strong>non</strong></span> <span class='ocrx_word' id='word_1_564' title='bbox 3364 3218 3564 3274; x_wconf 89' lang='lat' dir='ltr'><strong>debent</strong></span> 
     </span>
    </p>
   </div>
   <div class='ocr_carea' id='block_1_74' title="bbox 1975 3312 3563 3393">
    <p class='ocr_par' dir='ltr' id='par_1_74' title="bbox 1975 3312 3563 3393">
     <span class='ocr_line' id='line_1_74' title="bbox 1975 3312 3563 3393; baseline -0.006 -17"><span class='ocrx_word' id='word_1_565' title='bbox 1975 3321 2258 3393; x_wconf 86' lang='lat' dir='ltr'><strong>propinqui</strong></span> <span class='ocrx_word' id='word_1_566' title='bbox 2288 3319 2406 3390; x_wconf 84' lang='lat' dir='ltr'><strong>ejus</strong></span> <span class='ocrx_word' id='word_1_567' title='bbox 2429 3318 2601 3389; x_wconf 88' lang='lat' dir='ltr'><strong>ipsum</strong></span> <span class='ocrx_word' id='word_1_568' title='bbox 2628 3315 2898 3379; x_wconf 88' lang='lat' dir='ltr'><strong>deserere,</strong></span> <span class='ocrx_word' id='word_1_569' title='bbox 2927 3312 3021 3369; x_wconf 91' lang='lat' dir='ltr'><strong>sed</strong></span> <span class='ocrx_word' id='word_1_570' title='bbox 3048 3320 3195 3367; x_wconf 90' lang='lat' dir='ltr'><strong>tanto</strong></span> <span class='ocrx_word' id='word_1_571' title='bbox 3220 3313 3386 3382; x_wconf 89' lang='lat' dir='ltr'><strong>magis</strong></span> <span class='ocrx_word' id='word_1_572' title='bbox 3410 3326 3563 3366; x_wconf 88' lang='lat' dir='ltr'><strong>acce-</strong></span> 
     </span>
    </p>
   </div>
   <div class='ocr_carea' id='block_1_75' title="bbox 1973 3401 3563 3484">
    <p class='ocr_par' dir='ltr' id='par_1_75' title="bbox 1973 3401 3563 3484">
     <span class='ocr_line' id='line_1_75' title="bbox 1973 3401 3563 3484; baseline -0.01 -13"><span class='ocrx_word' id='word_1_573' title='bbox 1973 3416 2103 3472; x_wconf 90' lang='lat' dir='ltr'><strong>dere</strong></span> <span class='ocrx_word' id='word_1_574' title='bbox 2127 3455 2144 3481; x_wconf 95' lang='lat'><strong>,</strong></span> <span class='ocrx_word' id='word_1_575' title='bbox 2174 3423 2374 3484; x_wconf 87' lang='lat' dir='ltr'><strong>quanto</strong></span> <span class='ocrx_word' id='word_1_576' title='bbox 2412 3410 2582 3481; x_wconf 89' lang='lat' dir='ltr'><strong>magis</strong></span> <span class='ocrx_word' id='word_1_577' title='bbox 2612 3406 2838 3479; x_wconf 86' lang='lat' dir='ltr'><strong>putredo</strong></span> <span class='ocrx_word' id='word_1_578' title='bbox 2867 3414 3088 3475; x_wconf 87' lang='lat' dir='ltr'><strong>augetur</strong></span> <span class='ocrx_word' id='word_1_579' title='bbox 3115 3421 3128 3457; x_wconf 89' lang='lat'><strong>:</strong></span> <span class='ocrx_word' id='word_1_580' title='bbox 3167 3412 3224 3458; x_wconf 92' lang='lat' dir='ltr'><strong>ut</strong></span> <span class='ocrx_word' id='word_1_581' title='bbox 3262 3413 3386 3457; x_wconf 91' lang='lat' dir='ltr'><strong>tunc</strong></span> <span class='ocrx_word' id='word_1_582' title='bbox 3422 3401 3563 3457; x_wconf 87' lang='lat' dir='ltr'><strong>fece-</strong></span> 
     </span>
    </p>
   </div>
   <div class='ocr_carea' id='block_1_76' title="bbox 1973 3495 3560 3570">
    <p class='ocr_par' dir='ltr' id='par_1_76' title="bbox 1973 3495 3560 3570">
     <span class='ocr_line' id='line_1_76' title="bbox 1973 3495 3560 3570; baseline -0.011 -8"><span class='ocrx_word' id='word_1_583' title='bbox 1973 3515 2097 3561; x_wconf 90' lang='lat' dir='ltr'><strong>runt</strong></span> <span class='ocrx_word' id='word_1_584' title='bbox 2123 3504 2307 3560; x_wconf 85' lang='lat' dir='ltr'><strong>Lazari</strong></span> <span class='ocrx_word' id='word_1_585' title='bbox 2333 3516 2581 3566; x_wconf 90' lang='lat' dir='ltr'><strong>sorores;</strong></span> <span class='ocrx_word' id='word_1_586' title='bbox 2611 3514 2783 3570; x_wconf 89' lang='lat' dir='ltr'><strong>neque</strong></span> <span class='ocrx_word' id='word_1_587' title='bbox 2822 3506 2945 3552; x_wconf 86' lang='lat' dir='ltr'><strong>ante</strong></span> <span class='ocrx_word' id='word_1_588' title='bbox 2969 3495 3265 3561; x_wconf 90' lang='lat' dir='ltr'><strong>discedere,</strong></span> <span class='ocrx_word' id='word_1_589' title='bbox 3289 3503 3560 3563; x_wconf 84' lang='lat' dir='ltr'><strong>rogantes,</strong></span> 
     </span>
    </p>
   </div>
   <div class='ocr_carea' id='block_1_77' title="bbox 1971 3588 3561 3670">
    <p class='ocr_par' dir='ltr' id='par_1_77' title="bbox 1971 3588 3561 3670">
     <span class='ocr_line' id='line_1_77' title="bbox 1971 3588 3561 3670; baseline -0.008 -16"><span class='ocrx_word' id='word_1_590' title='bbox 1971 3607 2252 3670; x_wconf 86' lang='lat' dir='ltr'><strong>precantes</strong></span> <span class='ocrx_word' id='word_1_591' title='bbox 2276 3638 2291 3663; x_wconf 96' lang='lat'><strong>,</strong></span> <span class='ocrx_word' id='word_1_592' title='bbox 2330 3594 2692 3664; x_wconf 87' lang='lat' dir='ltr'><strong>supplicantes</strong></span> <span class='ocrx_word' id='word_1_593' title='bbox 2710 3632 2726 3657; x_wconf 93' lang='lat'><strong>,</strong></span> <span class='ocrx_word' id='word_1_594' title='bbox 2757 3605 2913 3660; x_wconf 90' lang='lat' dir='ltr'><strong>quam</strong></span> <span class='ocrx_word' id='word_1_595' title='bbox 2942 3589 3089 3643; x_wconf 90' lang='lat' dir='ltr'><strong>illum</strong></span> <span class='ocrx_word' id='word_1_596' title='bbox 3117 3588 3381 3643; x_wconf 89' lang='lat' dir='ltr'><strong>viventem</strong></span> <span class='ocrx_word' id='word_1_597' title='bbox 3408 3601 3561 3641; x_wconf 82' lang='lat' dir='ltr'><strong>rece-</strong></span> 
     </span>
    </p>
   </div>
   <div class='ocr_carea' id='block_1_78' title="bbox 1972 3682 3561 3764">
    <p class='ocr_par' dir='ltr' id='par_1_78' title="bbox 1972 3682 3561 3764">
     <span class='ocr_line' id='line_1_78' title="bbox 1972 3682 3561 3764; baseline -0.009 -16"><span class='ocrx_word' id='word_1_598' title='bbox 1972 3693 2226 3764; x_wconf 88' lang='lat' dir='ltr'><strong>perimus.</strong></span> <span class='ocrx_word' id='word_1_599' title='bbox 2253 3690 2384 3745; x_wconf 88' lang='lat' dir='ltr'><strong>Nam</strong></span> <span class='ocrx_word' id='word_1_600' title='bbox 2411 3689 2454 3743; x_wconf 93' lang='lat' dir='ltr'><strong>si</strong></span> <span class='ocrx_word' id='word_1_601' title='bbox 2484 3688 2560 3742; x_wconf 89' lang='lat' dir='ltr'><strong>sic</strong></span> <span class='ocrx_word' id='word_1_602' title='bbox 2588 3702 2676 3741; x_wconf 90' lang='lat' dir='ltr'><strong>res</strong></span> <span class='ocrx_word' id='word_1_603' title='bbox 2702 3693 2914 3739; x_wconf 88' lang='lat' dir='ltr'><strong>nostras</strong></span> <span class='ocrx_word' id='word_1_604' title='bbox 2938 3692 2993 3737; x_wconf 91' lang='lat' dir='ltr'><strong>et</strong></span> <span class='ocrx_word' id='word_1_605' title='bbox 3021 3682 3381 3752; x_wconf 78' lang='lat' dir='ltr'><strong>proximorum</strong></span> <span class='ocrx_word' id='word_1_606' title='bbox 3406 3696 3561 3736; x_wconf 83' lang='lat' dir='ltr'><strong>cure-</strong></span> 
     </span>
    </p>
   </div>
   <div class='ocr_carea' id='block_1_79' title="bbox 1971 3772 3555 3846">
    <p class='ocr_par' dir='ltr' id='par_1_79' title="bbox 1971 3772 3555 3846">
     <span class='ocr_line' id='line_1_79' title="bbox 1971 3772 3555 3846; baseline -0.009 -8"><span class='ocrx_word' id='word_1_607' title='bbox 1971 3799 2112 3846; x_wconf 90' lang='lat' dir='ltr'><strong>mus,</strong></span> <span class='ocrx_word' id='word_1_608' title='bbox 2150 3780 2377 3836; x_wconf 90' lang='lat' dir='ltr'><strong>futuram</strong></span> <span class='ocrx_word' id='word_1_609' title='bbox 2418 3780 2524 3834; x_wconf 90' lang='lat' dir='ltr'><strong>cito</strong></span> <span class='ocrx_word' id='word_1_610' title='bbox 2554 3781 2712 3830; x_wconf 87' lang='lat' dir='ltr'><strong>vitam</strong></span> <span class='ocrx_word' id='word_1_611' title='bbox 2742 3788 3173 3843; x_wconf 84' lang='lat' dir='ltr'><strong>consequemur:</strong></span> <span class='ocrx_word' id='word_1_612' title='bbox 3206 3788 3309 3842; x_wconf 89' lang='lat' dir='ltr'><strong>qua</strong></span> <span class='ocrx_word' id='word_1_613' title='bbox 3353 3772 3555 3825; x_wconf 86' lang='lat' dir='ltr'><strong>utinam</strong></span> 
     </span>
    </p>
   </div>
   <div class='ocr_carea' id='block_1_80' title="bbox 1969 3864 3557 3941">
    <p class='ocr_par' dir='ltr' id='par_1_80' title="bbox 1969 3864 3557 3941">
     <span class='ocr_line' id='line_1_80' title="bbox 1969 3864 3557 3941; baseline -0.006 -11"><span class='ocrx_word' id='word_1_614' title='bbox 1969 3890 2069 3930; x_wconf 91' lang='lat' dir='ltr'><strong>nos</strong></span> <span class='ocrx_word' id='word_1_615' title='bbox 2097 3874 2196 3928; x_wconf 92' lang='lat' dir='ltr'><strong>frui</strong></span> <span class='ocrx_word' id='word_1_616' title='bbox 2223 3872 2512 3941; x_wconf 90' lang='lat' dir='ltr'><strong>contingat,</strong></span> <span class='ocrx_word' id='word_1_617' title='bbox 2536 3868 2700 3940; x_wconf 86' lang='lat' dir='ltr'><strong>gratia</strong></span> <span class='ocrx_word' id='word_1_618' title='bbox 2732 3878 2785 3921; x_wconf 91' lang='lat' dir='ltr'><strong>et</strong></span> <span class='ocrx_word' id='word_1_619' title='bbox 2813 3866 3137 3937; x_wconf 87' lang='lat' dir='ltr'><strong>benignitate</strong></span> <span class='ocrx_word' id='word_1_620' title='bbox 3159 3864 3365 3919; x_wconf 91' lang='lat' dir='ltr'><strong>Domini</strong></span> <span class='ocrx_word' id='word_1_621' title='bbox 3389 3865 3557 3920; x_wconf 85' lang='lat' dir='ltr'><strong>nostri</strong></span> 
     </span>
    </p>
   </div>
   <div class='ocr_carea' id='block_1_81' title="bbox 1968 3956 3519 4033">
    <p class='ocr_par' dir='ltr' id='par_1_81' title="bbox 1968 3956 3519 4033">
     <span class='ocr_line' id='line_1_81' title="bbox 1968 3956 3519 4033; baseline -0.008 -10"><span class='ocrx_word' id='word_1_622' title='bbox 1968 3966 2094 4023; x_wconf 85' lang='lat' dir='ltr'><strong>Jesu</strong></span> <span class='ocrx_word' id='word_1_623' title='bbox 2120 3965 2339 4032; x_wconf 88' lang='lat' dir='ltr'><strong>Christi,</strong></span> <span class='ocrx_word' id='word_1_624' title='bbox 2360 3963 2445 4019; x_wconf 91' lang='lat' dir='ltr'><strong>cui</strong></span> <span class='ocrx_word' id='word_1_625' title='bbox 2466 3962 2630 4033; x_wconf 88' lang='lat' dir='ltr'><strong>gloria</strong></span> <span class='ocrx_word' id='word_1_626' title='bbox 2658 3961 2710 4014; x_wconf 93' lang='lat' dir='ltr'><strong>in</strong></span> <span class='ocrx_word' id='word_1_627' title='bbox 2735 3958 2929 4015; x_wconf 68' lang='lat' dir='ltr'><strong>saecula</strong></span> <span class='ocrx_word' id='word_1_628' title='bbox 2946 3957 3296 4012; x_wconf 82' lang='lat' dir='ltr'><strong>saeculorum.</strong></span> <span class='ocrx_word' id='word_1_629' title='bbox 3327 3956 3519 4011; x_wconf 84' lang='lat' dir='ltr'><strong>Amen.</strong></span> 
     </span>
    </p>
   </div>
   <div class='ocr_carea' id='block_1_82' title="bbox 342 4094 3554 4119">
    <p class='ocr_par' dir='ltr' id='par_1_82' title="bbox 342 4094 3554 4119">
     <span class='ocr_line' id='line_1_82' title="bbox 342 4094 3554 4119; baseline -0.003 -13"><span class='ocrx_word' id='word_1_630' title='bbox 342 4094 3554 4119; x_wconf 79' lang='lat'><strong>_________________â€”________________________________</strong></span> 
     </span>
    </p>
   </div>
   <div class='ocr_carea' id='block_1_83' title="bbox 1343 4174 2446 4241">
    <p class='ocr_par' dir='ltr' id='par_1_83' title="bbox 1343 4174 2446 4241">
     <span class='ocr_line' id='line_1_83' title="bbox 1343 4174 2446 4241; baseline 0.001 -6"><span class='ocrx_word' id='word_1_631' title='bbox 1343 4174 1691 4237; x_wconf 86' lang='lat' dir='ltr'><strong>HOMILIA</strong></span> <span class='ocrx_word' id='word_1_632' title='bbox 1734 4177 2029 4241; x_wconf 85' lang='lat' dir='ltr'><strong>XXVIII.</strong></span> <span class='ocrx_word' id='word_1_633' title='bbox 2072 4179 2157 4241; x_wconf 88' lang='lat' dir='ltr'><strong>al.</strong></span> <span class='ocrx_word' id='word_1_634' title='bbox 2202 4176 2446 4239; x_wconf 85' lang='lat' dir='ltr'><strong>XXIX.</strong></span> 
     </span>
    </p>
   </div>
   <div class='ocr_carea' id='block_1_84' title="bbox 274 4314 1853 4384">
    <p class='ocr_par' dir='ltr' id='par_1_84' title="bbox 274 4314 1853 4384">
     <span class='ocr_line' id='line_1_84' title="bbox 274 4314 1853 4384; baseline 0.002 -13"><span class='ocrx_word' id='word_1_635' title='bbox 274 4314 396 4372; x_wconf 73' lang='lat' dir='ltr'><strong>CAP.</strong></span> <span class='ocrx_word' id='word_1_636' title='bbox 437 4316 491 4371; x_wconf 90' lang='lat'><strong>8.</strong></span> <span class='ocrx_word' id='word_1_637' title='bbox 545 4333 597 4370; x_wconf 75' lang='grc' dir='ltr'><strong>Î½.</strong></span> <span class='ocrx_word' id='word_1_638' title='bbox 641 4317 729 4372; x_wconf 71' lang='grc'><strong>25.</strong></span> <span class='ocrx_word' id='word_1_639' title='bbox 782 4316 850 4371; x_wconf 87' lang='lat' dir='ltr'><strong>Et</strong></span> <span class='ocrx_word' id='word_1_640' title='bbox 892 4317 1186 4372; x_wconf 81' lang='lat' dir='ltr'><strong>ascendente</strong></span> <span class='ocrx_word' id='word_1_641' title='bbox 1228 4334 1285 4371; x_wconf 86' lang='lat' dir='ltr'><strong>eo</strong></span> <span class='ocrx_word' id='word_1_642' title='bbox 1323 4318 1376 4371; x_wconf 92' lang='lat' dir='ltr'><strong>in</strong></span> <span class='ocrx_word' id='word_1_643' title='bbox 1422 4319 1725 4384; x_wconf 85' lang='lat' dir='ltr'><strong>naviculam,</strong></span> <span class='ocrx_word' id='word_1_644' title='bbox 1770 4336 1853 4374; x_wconf 82' lang='lat' dir='ltr'><strong>se-</strong></span> 
     </span>
    </p>
   </div>
   <div class='ocr_carea' id='block_1_85' title="bbox 337 4409 1849 4480">
    <p class='ocr_par' dir='ltr' id='par_1_85' title="bbox 337 4409 1849 4480">
     <span class='ocr_line' id='line_1_85' title="bbox 337 4409 1849 4480; baseline 0.003 -19"><span class='ocrx_word' id='word_1_645' title='bbox 337 4411 481 4477; x_wconf 86' lang='lat' dir='ltr'><strong>quuti</strong></span> <span class='ocrx_word' id='word_1_646' title='bbox 508 4421 624 4464; x_wconf 85' lang='lat' dir='ltr'><strong>sunt</strong></span> <span class='ocrx_word' id='word_1_647' title='bbox 645 4428 756 4464; x_wconf 87' lang='lat' dir='ltr'><strong>eum</strong></span> <span class='ocrx_word' id='word_1_648' title='bbox 778 4411 1015 4480; x_wconf 82' lang='lat' dir='ltr'><strong>discipuli</strong></span> <span class='ocrx_word' id='word_1_649' title='bbox 1042 4412 1171 4480; x_wconf 87' lang='lat' dir='ltr'><strong>ejus.</strong></span> <span class='ocrx_word' id='word_1_650' title='bbox 1195 4412 1287 4464; x_wconf 64' lang='lat'><strong>25.</strong></span> <span class='ocrx_word' id='word_1_651' title='bbox 1318 4409 1385 4463; x_wconf 85' lang='lat' dir='ltr'><strong>Et</strong></span> <span class='ocrx_word' id='word_1_652' title='bbox 1412 4427 1523 4465; x_wconf 86' lang='lat' dir='ltr'><strong>ecce</strong></span> <span class='ocrx_word' id='word_1_653' title='bbox 1552 4422 1714 4465; x_wconf 86' lang='lat' dir='ltr'><strong>motus</strong></span> <span class='ocrx_word' id='word_1_654' title='bbox 1741 4428 1849 4465; x_wconf 89' lang='lat' dir='ltr'><strong>ma-</strong></span> 
     </span>
    </p>
   </div>
   <div class='ocr_carea' id='block_1_86' title="bbox 339 4504 1852 4573">
    <p class='ocr_par' dir='ltr' id='par_1_86' title="bbox 339 4504 1852 4573">
     <span class='ocr_line' id='line_1_86' title="bbox 339 4504 1852 4573; baseline 0.001 -18"><span class='ocrx_word' id='word_1_655' title='bbox 339 4520 469 4573; x_wconf 83' lang='lat' dir='ltr'><strong>gnus</strong></span> <span class='ocrx_word' id='word_1_656' title='bbox 496 4506 664 4573; x_wconf 78' lang='lat' dir='ltr'><strong>[actus</strong></span> <span class='ocrx_word' id='word_1_657' title='bbox 709 4514 782 4558; x_wconf 84' lang='lat' dir='ltr'><strong>est</strong></span> <span class='ocrx_word' id='word_1_658' title='bbox 829 4504 881 4557; x_wconf 87' lang='lat' dir='ltr'><strong>in</strong></span> <span class='ocrx_word' id='word_1_659' title='bbox 911 4504 1060 4566; x_wconf 87' lang='lat' dir='ltr'><strong>mari,</strong></span> <span class='ocrx_word' id='word_1_660' title='bbox 1093 4504 1167 4555; x_wconf 91' lang='lat' dir='ltr'><strong>ita</strong></span> <span class='ocrx_word' id='word_1_661' title='bbox 1214 4512 1268 4555; x_wconf 89' lang='lat' dir='ltr'><strong>ut</strong></span> <span class='ocrx_word' id='word_1_662' title='bbox 1296 4504 1531 4556; x_wconf 80' lang='lat' dir='ltr'><strong>navicula</strong></span> <span class='ocrx_word' id='word_1_663' title='bbox 1574 4504 1852 4573; x_wconf 83' lang='lat' dir='ltr'><strong>operiretur</strong></span> 
     </span>
    </p>
   </div>
   <div class='ocr_carea' id='block_1_87' title="bbox 336 4594 1196 4661">
    <p class='ocr_par' dir='ltr' id='par_1_87' title="bbox 336 4594 1196 4661">
     <span class='ocr_line' id='line_1_87' title="bbox 336 4594 1196 4661; baseline -0.002 -14"><span class='ocrx_word' id='word_1_664' title='bbox 336 4595 571 4661; x_wconf 84' lang='lat' dir='ltr'><strong>ï¬‚uctibus</strong></span> <span class='ocrx_word' id='word_1_665' title='bbox 597 4610 615 4647; x_wconf 91' lang='lat'><strong><em>:</em></strong></span> <span class='ocrx_word' id='word_1_666' title='bbox 632 4594 741 4660; x_wconf 82' lang='lat' dir='ltr'><strong>ipse</strong></span> <span class='ocrx_word' id='word_1_667' title='bbox 759 4609 872 4647; x_wconf 85' lang='lat' dir='ltr'><strong>vero</strong></span> <span class='ocrx_word' id='word_1_668' title='bbox 902 4594 1196 4647; x_wconf 79' lang='lat' dir='ltr'><strong>dormiebat.</strong></span> 
     </span>
    </p>
   </div>
   <div class='ocr_carea' id='block_1_88' title="bbox 336 4683 1849 4755">
    <p class='ocr_par' dir='ltr' id='par_1_88' title="bbox 336 4683 1849 4755">
     <span class='ocr_line' id='line_1_88' title="bbox 336 4683 1849 4755; baseline 0.001 -17"><span class='ocrx_word' id='word_1_669' title='bbox 336 4685 388 4738; x_wconf 79' lang='grc'><strong>1.</strong></span> <span class='ocrx_word' id='word_1_670' title='bbox 421 4683 585 4738; x_wconf 88' lang='lat' dir='ltr'><strong>Nulla</strong></span> <span class='ocrx_word' id='word_1_671' title='bbox 613 4685 741 4737; x_wconf 85' lang='lat' dir='ltr'><strong>inter</strong></span> <span class='ocrx_word' id='word_1_672' title='bbox 764 4686 1091 4755; x_wconf 80' lang='lat' dir='ltr'><strong>evangelistas</strong></span> <span class='ocrx_word' id='word_1_673' title='bbox 1118 4685 1450 4741; x_wconf 81' lang='lat' dir='ltr'><strong>dissonantia.</strong></span> <span class='ocrx_word' id='word_1_674' title='bbox 1474 4684 1747 4749; x_wconf 84' lang='lat' dir='ltr'><strong>â€”Lucas,</strong></span> <span class='ocrx_word' id='word_1_675' title='bbox 1780 4698 1849 4739; x_wconf 91' lang='lat' dir='ltr'><strong>ne</strong></span> 
     </span>
    </p>
   </div>
   <div class='ocr_carea' id='block_1_89' title="bbox 266 4776 1843 4848">
    <p class='ocr_par' dir='ltr' id='par_1_89' title="bbox 266 4776 1843 4848">
     <span class='ocr_line' id='line_1_89' title="bbox 266 4776 1843 4848; baseline 0.001 -19"><span class='ocrx_word' id='word_1_676' title='bbox 266 4776 382 4845; x_wconf 90' lang='lat' dir='ltr'><strong>quis</strong></span> <span class='ocrx_word' id='word_1_677' title='bbox 413 4777 481 4832; x_wconf 90' lang='lat' dir='ltr'><strong>ab</strong></span> <span class='ocrx_word' id='word_1_678' title='bbox 512 4777 626 4845; x_wconf 90' lang='lat' dir='ltr'><strong>ipso</strong></span> <span class='ocrx_word' id='word_1_679' title='bbox 656 4786 953 4846; x_wconf 90' lang='lat' dir='ltr'><strong>temporum</strong></span> <span class='ocrx_word' id='word_1_680' title='bbox 992 4778 1235 4833; x_wconf 90' lang='lat' dir='ltr'><strong>ordinem</strong></span> <span class='ocrx_word' id='word_1_681' title='bbox 1288 4779 1558 4848; x_wconf 84' lang='lat' dir='ltr'><strong>exigeret,</strong></span> <span class='ocrx_word' id='word_1_682' title='bbox 1609 4778 1686 4831; x_wconf 91' lang='lat' dir='ltr'><strong>sic</strong></span> <span class='ocrx_word' id='word_1_683' title='bbox 1731 4778 1843 4831; x_wconf 89' lang='lat' dir='ltr'><strong>ait:</strong></span> 
     </span>
    </p>
   </div>
   <div class='ocr_carea' id='block_1_90' title="bbox 265 4865 1848 4938">
    <p class='ocr_par' dir='ltr' id='par_1_90' title="bbox 265 4865 1848 4938">
     <span class='ocr_line' id='line_1_90' title="bbox 265 4865 1848 4938; baseline 0 -19"><span class='ocrx_word' id='word_1_684' title='bbox 265 4865 485 4921; x_wconf 82' lang='lat' dir='ltr'><strong>Factum</strong></span> <span class='ocrx_word' id='word_1_685' title='bbox 509 4877 583 4921; x_wconf 86' lang='lat' dir='ltr'><strong>est</strong></span> <span class='ocrx_word' id='word_1_686' title='bbox 606 4868 659 4920; x_wconf 87' lang='lat' dir='ltr'><strong>in</strong></span> <span class='ocrx_word' id='word_1_687' title='bbox 678 4882 780 4921; x_wconf 90' lang='lat' dir='ltr'><strong>una</strong></span> <span class='ocrx_word' id='word_1_688' title='bbox 804 4868 1019 4931; x_wconf 83' lang='lat' dir='ltr'><strong>dierum,</strong></span> <span class='ocrx_word' id='word_1_689' title='bbox 1053 4879 1099 4921; x_wconf 90' lang='lat' dir='ltr'><strong>et</strong></span> <span class='ocrx_word' id='word_1_690' title='bbox 1151 4870 1259 4938; x_wconf 84' lang='lat' dir='ltr'><strong>ipse</strong></span> <span class='ocrx_word' id='word_1_691' title='bbox 1312 4869 1536 4922; x_wconf 85' lang='lat' dir='ltr'><strong>ascendit</strong></span> <span class='ocrx_word' id='word_1_692' title='bbox 1563 4870 1616 4920; x_wconf 91' lang='lat' dir='ltr'><strong>in</strong></span> <span class='ocrx_word' id='word_1_693' title='bbox 1645 4867 1848 4920; x_wconf 84' lang='lat' dir='ltr'><strong>navicu-</strong></span> 
     </span>
    </p>
   </div>
   <div class='ocr_carea' id='block_1_91' title="bbox 262 4958 1845 5031">
    <p class='ocr_par' dir='ltr' id='par_1_91' title="bbox 262 4958 1845 5031">
     <span class='ocr_line' id='line_1_91' title="bbox 262 4958 1845 5031; baseline 0 -18"><span class='ocrx_word' id='word_1_694' title='bbox 262 4959 387 5024; x_wconf 82' lang='lat' dir='ltr'><strong>lam,</strong></span> <span class='ocrx_word' id='word_1_695' title='bbox 420 4969 465 5013; x_wconf 84' lang='lat' dir='ltr'><strong>et</strong></span> <span class='ocrx_word' id='word_1_696' title='bbox 487 4959 728 5025; x_wconf 82' lang='lat' dir='ltr'><strong>discipuli</strong></span> <span class='ocrx_word' id='word_1_697' title='bbox 749 4961 858 5030; x_wconf 88' lang='lat' dir='ltr'><strong>ejus</strong></span> <span class='ocrx_word' id='word_1_698' title='bbox 886 4958 1036 5028; x_wconf 83' lang='lat' dir='ltr'><strong>(Luc.</strong></span> <span class='ocrx_word' id='word_1_699' title='bbox 1068 4961 1121 5015; x_wconf 89' lang='lat'><strong>8.</strong></span> <span class='ocrx_word' id='word_1_700' title='bbox 1143 4960 1259 5030; x_wconf 69' lang='lat'><strong>22).</strong></span> <span class='ocrx_word' id='word_1_701' title='bbox 1294 4961 1502 5015; x_wconf 84' lang='lat' dir='ltr'><strong>Marcus</strong></span> <span class='ocrx_word' id='word_1_702' title='bbox 1526 4975 1740 5031; x_wconf 88' lang='lat' dir='ltr'><strong>quoque</strong></span> <span class='ocrx_word' id='word_1_703' title='bbox 1768 4961 1845 5013; x_wconf 89' lang='lat' dir='ltr'><strong>si-</strong></span> 
     </span>
    </p>
   </div>
   <div class='ocr_carea' id='block_1_92' title="bbox 260 5050 1842 5122">
    <p class='ocr_par' dir='ltr' id='par_1_92' title="bbox 260 5050 1842 5122">
     <span class='ocr_line' id='line_1_92' title="bbox 260 5050 1842 5122; baseline -0.002 -16"><span class='ocrx_word' id='word_1_704' title='bbox 260 5052 481 5107; x_wconf 87' lang='lat' dir='ltr'><strong>militer.</strong></span> <span class='ocrx_word' id='word_1_705' title='bbox 508 5051 605 5106; x_wconf 85' lang='lat' dir='ltr'><strong>Hic</strong></span> <span class='ocrx_word' id='word_1_706' title='bbox 620 5067 749 5106; x_wconf 90' lang='lat' dir='ltr'><strong>vero</strong></span> <span class='ocrx_word' id='word_1_707' title='bbox 794 5066 899 5105; x_wconf 93' lang='lat' dir='ltr'><strong>non</strong></span> <span class='ocrx_word' id='word_1_708' title='bbox 924 5052 1072 5118; x_wconf 92' lang='lat' dir='ltr'><strong>item,</strong></span> <span class='ocrx_word' id='word_1_709' title='bbox 1103 5053 1194 5107; x_wconf 92' lang='lat' dir='ltr'><strong>sed</strong></span> <span class='ocrx_word' id='word_1_710' title='bbox 1232 5061 1531 5122; x_wconf 89' lang='lat' dir='ltr'><strong>temporum</strong></span> <span class='ocrx_word' id='word_1_711' title='bbox 1557 5050 1842 5121; x_wconf 89' lang='lat' dir='ltr'><strong>quamdam</strong></span> 
     </span>
    </p>
   </div>
   <div class='ocr_carea' id='block_1_93' title="bbox 259 5139 1844 5211">
    <p class='ocr_par' dir='ltr' id='par_1_93' title="bbox 259 5139 1844 5211">
     <span class='ocr_line' id='line_1_93' title="bbox 259 5139 1844 5211; baseline -0.003 -12"><span class='ocrx_word' id='word_1_712' title='bbox 259 5152 441 5199; x_wconf 87' lang='lat' dir='ltr'><strong>servat</strong></span> <span class='ocrx_word' id='word_1_713' title='bbox 470 5144 687 5197; x_wconf 91' lang='lat' dir='ltr'><strong>seriem.</strong></span> <span class='ocrx_word' id='word_1_714' title='bbox 708 5141 891 5211; x_wconf 86' lang='lat' dir='ltr'><strong>Neque</strong></span> <span class='ocrx_word' id='word_1_715' title='bbox 912 5142 1055 5196; x_wconf 90' lang='lat' dir='ltr'><strong>enim</strong></span> <span class='ocrx_word' id='word_1_716' title='bbox 1071 5144 1247 5196; x_wconf 89' lang='lat' dir='ltr'><strong>omnia</strong></span> <span class='ocrx_word' id='word_1_717' title='bbox 1269 5157 1457 5197; x_wconf 92' lang='lat' dir='ltr'><strong>omnes</strong></span> <span class='ocrx_word' id='word_1_718' title='bbox 1473 5141 1662 5196; x_wconf 90' lang='lat' dir='ltr'><strong>eodem</strong></span> <span class='ocrx_word' id='word_1_719' title='bbox 1685 5139 1844 5194; x_wconf 92' lang='lat' dir='ltr'><strong>modo</strong></span> 
     </span>
    </p>
   </div>
   <div class='ocr_carea' id='block_1_94' title="bbox 228 5234 1842 5305">
    <p class='ocr_par' dir='ltr' id='par_1_94' title="bbox 228 5234 1842 5305">
     <span class='ocr_line' id='line_1_94' title="bbox 228 5234 1842 5305; baseline -0.001 -17"><span class='ocrx_word' id='word_1_720' title='bbox 228 5292 231 5295; x_wconf 31' lang='grc' dir='ltr'><strong><em>Î»</em></strong></span> <span class='ocrx_word' id='word_1_721' title='bbox 259 5236 571 5291; x_wconf 87' lang='lat' dir='ltr'><strong>describunt</strong></span> <span class='ocrx_word' id='word_1_722' title='bbox 603 5253 616 5290; x_wconf 93' lang='lat'><strong>:</strong></span> <span class='ocrx_word' id='word_1_723' title='bbox 648 5234 702 5289; x_wconf 92' lang='lat' dir='ltr'><strong>id</strong></span> <span class='ocrx_word' id='word_1_724' title='bbox 730 5234 871 5305; x_wconf 90' lang='lat' dir='ltr'><strong>quod</strong></span> <span class='ocrx_word' id='word_1_725' title='bbox 900 5250 930 5289; x_wconf 90' lang='lat' dir='ltr'><strong>a</strong></span> <span class='ocrx_word' id='word_1_726' title='bbox 962 5249 1049 5289; x_wconf 92' lang='lat' dir='ltr'><strong>me</strong></span> <span class='ocrx_word' id='word_1_727' title='bbox 1082 5236 1190 5305; x_wconf 90' lang='lat' dir='ltr'><strong>jam</strong></span> <span class='ocrx_word' id='word_1_728' title='bbox 1219 5251 1377 5303; x_wconf 87' lang='lat' dir='ltr'><strong>supra</strong></span> <span class='ocrx_word' id='word_1_729' title='bbox 1408 5235 1608 5289; x_wconf 91' lang='lat' dir='ltr'><strong>dictum</strong></span> <span class='ocrx_word' id='word_1_730' title='bbox 1647 5243 1749 5300; x_wconf 90' lang='lat' dir='ltr'><strong>est,</strong></span> <span class='ocrx_word' id='word_1_731' title='bbox 1774 5248 1842 5287; x_wconf 91' lang='lat' dir='ltr'><strong>ne</strong></span> 
     </span>
    </p>
   </div>
   <div class='ocr_carea' id='block_1_95' title="bbox 256 5326 1838 5399">
    <p class='ocr_par' dir='ltr' id='par_1_95' title="bbox 256 5326 1838 5399">
     <span class='ocr_line' id='line_1_95' title="bbox 256 5326 1838 5399; baseline -0.002 -18"><span class='ocrx_word' id='word_1_732' title='bbox 256 5329 375 5399; x_wconf 81' lang='lat' dir='ltr'><strong>quis</strong></span> <span class='ocrx_word' id='word_1_733' title='bbox 404 5344 471 5382; x_wconf 79' lang='lat' dir='ltr'><strong>ex</strong></span> <span class='ocrx_word' id='word_1_734' title='bbox 500 5327 792 5381; x_wconf 86' lang='lat' dir='ltr'><strong>omissione</strong></span> <span class='ocrx_word' id='word_1_735' title='bbox 818 5326 1201 5381; x_wconf 86' lang='lat' dir='ltr'><strong>dissonantiam</strong></span> <span class='ocrx_word' id='word_1_736' title='bbox 1246 5328 1385 5381; x_wconf 91' lang='lat' dir='ltr'><strong>inter</strong></span> <span class='ocrx_word' id='word_1_737' title='bbox 1426 5327 1568 5396; x_wconf 90' lang='lat' dir='ltr'><strong>ipsos</strong></span> <span class='ocrx_word' id='word_1_738' title='bbox 1595 5340 1714 5380; x_wconf 89' lang='lat' dir='ltr'><strong>esse</strong></span> <span class='ocrx_word' id='word_1_739' title='bbox 1741 5341 1838 5394; x_wconf 92' lang='lat' dir='ltr'><strong>pu-</strong></span> 
     </span>
    </p>
   </div>
   <div class='ocr_carea' id='block_1_96' title="bbox 259 5417 1840 5488">
    <p class='ocr_par' dir='ltr' id='par_1_96' title="bbox 259 5417 1840 5488">
     <span class='ocr_line' id='line_1_96' title="bbox 259 5417 1840 5488; baseline -0.003 -15"><span class='ocrx_word' id='word_1_740' title='bbox 259 5429 414 5474; x_wconf 88' lang='lat' dir='ltr'><strong>taret.</strong></span> <span class='ocrx_word' id='word_1_741' title='bbox 444 5418 640 5473; x_wconf 87' lang='lat' dir='ltr'><strong>Turbis</strong></span> <span class='ocrx_word' id='word_1_742' title='bbox 670 5418 851 5488; x_wconf 87' lang='lat' dir='ltr'><strong>itaque</strong></span> <span class='ocrx_word' id='word_1_743' title='bbox 881 5419 1193 5488; x_wconf 70' lang='lat' dir='ltr'><strong>przemissis,</strong></span> <span class='ocrx_word' id='word_1_744' title='bbox 1231 5417 1523 5488; x_wconf 91' lang='lat' dir='ltr'><strong>discipulos</strong></span> <span class='ocrx_word' id='word_1_745' title='bbox 1551 5432 1730 5473; x_wconf 88' lang='lat' dir='ltr'><strong>secum</strong></span> <span class='ocrx_word' id='word_1_746' title='bbox 1749 5431 1840 5469; x_wconf 88' lang='lat' dir='ltr'><strong>as-</strong></span> 
     </span>
    </p>
   </div>
   <div class='ocr_carea' id='block_1_97' title="bbox 256 5508 1838 5578">
    <p class='ocr_par' dir='ltr' id='par_1_97' title="bbox 256 5508 1838 5578">
     <span class='ocr_line' id='line_1_97' title="bbox 256 5508 1838 5578; baseline -0.003 -15"><span class='ocrx_word' id='word_1_747' title='bbox 256 5509 523 5578; x_wconf 87' lang='lat' dir='ltr'><strong>sumpsit:</strong></span> <span class='ocrx_word' id='word_1_748' title='bbox 552 5524 674 5563; x_wconf 87' lang='lat' dir='ltr'><strong>nam</strong></span> <span class='ocrx_word' id='word_1_749' title='bbox 702 5509 805 5565; x_wconf 90' lang='lat' dir='ltr'><strong>hoc</strong></span> <span class='ocrx_word' id='word_1_750' title='bbox 834 5508 909 5565; x_wconf 93' lang='lat' dir='ltr'><strong>illi</strong></span> <span class='ocrx_word' id='word_1_751' title='bbox 936 5509 1141 5564; x_wconf 92' lang='lat' dir='ltr'><strong>dicunt.</strong></span> <span class='ocrx_word' id='word_1_752' title='bbox 1171 5509 1476 5578; x_wconf 87' lang='lat' dir='ltr'><strong>Assumpsit</strong></span> <span class='ocrx_word' id='word_1_753' title='bbox 1507 5513 1687 5562; x_wconf 90' lang='lat' dir='ltr'><strong>autem</strong></span> <span class='ocrx_word' id='word_1_754' title='bbox 1732 5521 1838 5560; x_wconf 92' lang='lat' dir='ltr'><strong>non</strong></span> 
     </span>
    </p>
   </div>
   <div class='ocr_carea' id='block_1_98' title="bbox 257 5598 1840 5667">
    <p class='ocr_par' dir='ltr' id='par_1_98' title="bbox 257 5598 1840 5667">
     <span class='ocr_line' id='line_1_98' title="bbox 257 5598 1840 5667; baseline -0.003 -13"><span class='ocrx_word' id='word_1_755' title='bbox 257 5601 447 5655; x_wconf 87' lang='lat' dir='ltr'><strong>frustra</strong></span> <span class='ocrx_word' id='word_1_756' title='bbox 470 5642 486 5667; x_wconf 93' lang='lat'><strong>,</strong></span> <span class='ocrx_word' id='word_1_757' title='bbox 538 5615 637 5656; x_wconf 86' lang='lat' dir='ltr'><strong>nec</strong></span> <span class='ocrx_word' id='word_1_758' title='bbox 677 5600 794 5655; x_wconf 89' lang='lat' dir='ltr'><strong>sine</strong></span> <span class='ocrx_word' id='word_1_759' title='bbox 818 5614 978 5655; x_wconf 83' lang='lat' dir='ltr'><strong>causa</strong></span> <span class='ocrx_word' id='word_1_760' title='bbox 1007 5641 1023 5666; x_wconf 93' lang='lat'><strong>,</strong></span> <span class='ocrx_word' id='word_1_761' title='bbox 1054 5600 1149 5656; x_wconf 90' lang='lat' dir='ltr'><strong>sed</strong></span> <span class='ocrx_word' id='word_1_762' title='bbox 1176 5608 1233 5654; x_wconf 91' lang='lat' dir='ltr'><strong>ut</strong></span> <span class='ocrx_word' id='word_1_763' title='bbox 1261 5599 1422 5655; x_wconf 84' lang='lat' dir='ltr'><strong>futuri</strong></span> <span class='ocrx_word' id='word_1_764' title='bbox 1450 5598 1690 5653; x_wconf 89' lang='lat' dir='ltr'><strong>miraculi</strong></span> <span class='ocrx_word' id='word_1_765' title='bbox 1719 5611 1840 5666; x_wconf 84' lang='lat' dir='ltr'><strong>spe-</strong></span> 
     </span>
    </p>
   </div>
   <div class='ocr_carea' id='block_1_99' title="bbox 254 5691 1836 5760">
    <p class='ocr_par' dir='ltr' id='par_1_99' title="bbox 254 5691 1836 5760">
     <span class='ocr_line' id='line_1_99' title="bbox 254 5691 1836 5760; baseline -0.007 -9"><span class='ocrx_word' id='word_1_766' title='bbox 254 5706 488 5751; x_wconf 88' lang='lat' dir='ltr'><strong>ctatores</strong></span> <span class='ocrx_word' id='word_1_767' title='bbox 516 5701 714 5747; x_wconf 84' lang='lat' dir='ltr'><strong>essent.</strong></span> <span class='ocrx_word' id='word_1_768' title='bbox 745 5691 1204 5758; x_wconf 85' lang='lat' dir='ltr'><strong>Quemadmodum</strong></span> <span class='ocrx_word' id='word_1_769' title='bbox 1250 5692 1395 5748; x_wconf 92' lang='lat' dir='ltr'><strong>enim</strong></span> <span class='ocrx_word' id='word_1_770' title='bbox 1428 5691 1690 5760; x_wconf 71' lang='lat' dir='ltr'><strong>palaestra:</strong></span> <span class='ocrx_word' id='word_1_771' title='bbox 1719 5703 1836 5742; x_wconf 85' lang='lat' dir='ltr'><strong>ma-</strong></span> 
     </span>
    </p>
   </div>
   <div class='ocr_carea' id='block_1_100' title="bbox 254 5780 1833 5861">
    <p class='ocr_par' dir='ltr' id='par_1_100' title="bbox 254 5780 1833 5861">
     <span class='ocr_line' id='line_1_100' title="bbox 254 5780 1833 5861; baseline -0.004 -19"><span class='ocrx_word' id='word_1_772' title='bbox 254 5790 419 5861; x_wconf 74' lang='lat' dir='ltr'><strong>gister</strong></span> <span class='ocrx_word' id='word_1_773' title='bbox 442 5786 700 5859; x_wconf 46' lang='lat' dir='ltr'><strong>Optimus.</strong></span> <span class='ocrx_word' id='word_1_774' title='bbox 730 5783 799 5841; x_wconf 90' lang='lat' dir='ltr'><strong>ad</strong></span> <span class='ocrx_word' id='word_1_775' title='bbox 829 5792 1113 5853; x_wconf 82' lang='lat' dir='ltr'><strong>utrumque</strong></span> <span class='ocrx_word' id='word_1_776' title='bbox 1144 5785 1264 5841; x_wconf 90' lang='lat' dir='ltr'><strong>illos</strong></span> <span class='ocrx_word' id='word_1_777' title='bbox 1308 5782 1593 5841; x_wconf 80' lang='lat' dir='ltr'><strong>exercebat</strong></span> <span class='ocrx_word' id='word_1_778' title='bbox 1619 5822 1636 5845; x_wconf 85' lang='lat'><em>.</em></span> <span class='ocrx_word' id='word_1_779' title='bbox 1675 5788 1735 5837; x_wconf 86' lang='lat' dir='ltr'><strong>ut</strong></span> <span class='ocrx_word' id='word_1_780' title='bbox 1778 5780 1833 5835; x_wconf 89' lang='lat' dir='ltr'><strong>in</strong></span> 
     </span>
    </p>
   </div>
   <div class='ocr_carea' id='block_1_101' title="bbox 1963 4307 3544 4389">
    <p class='ocr_par' dir='ltr' id='par_1_101' title="bbox 1963 4307 3544 4389">
     <span class='ocr_line' id='line_1_101' title="bbox 1963 4307 3544 4389; baseline -0.01 -14"><span class='ocrx_word' id='word_1_781' title='bbox 1963 4320 2121 4375; x_wconf 89' lang='lat' dir='ltr'><strong>malis</strong></span> <span class='ocrx_word' id='word_1_782' title='bbox 2160 4316 2504 4389; x_wconf 90' lang='lat' dir='ltr'><strong>imperterriti</strong></span> <span class='ocrx_word' id='word_1_783' title='bbox 2535 4322 2749 4378; x_wconf 91' lang='lat' dir='ltr'><strong>essent,</strong></span> <span class='ocrx_word' id='word_1_784' title='bbox 2797 4320 2852 4367; x_wconf 91' lang='lat' dir='ltr'><strong>et</strong></span> <span class='ocrx_word' id='word_1_785' title='bbox 2882 4312 2933 4365; x_wconf 92' lang='lat' dir='ltr'><strong>in</strong></span> <span class='ocrx_word' id='word_1_786' title='bbox 2961 4308 3257 4378; x_wconf 79' lang='lat' dir='ltr'><strong>honoribus</strong></span> <span class='ocrx_word' id='word_1_787' title='bbox 3289 4307 3544 4362; x_wconf 89' lang='lat' dir='ltr'><strong>modesti.</strong></span> 
     </span>
    </p>
   </div>
   <div class='ocr_carea' id='block_1_102' title="bbox 1960 4398 3542 4477">
    <p class='ocr_par' dir='ltr' id='par_1_102' title="bbox 1960 4398 3542 4477">
     <span class='ocr_line' id='line_1_102' title="bbox 1960 4398 3542 4477; baseline -0.011 -9"><span class='ocrx_word' id='word_1_788' title='bbox 1960 4413 2040 4468; x_wconf 90' lang='lat' dir='ltr'><strong>Ne</strong></span> <span class='ocrx_word' id='word_1_789' title='bbox 2062 4412 2228 4466; x_wconf 92' lang='lat' dir='ltr'><strong>altum</strong></span> <span class='ocrx_word' id='word_1_790' title='bbox 2249 4410 2391 4465; x_wconf 92' lang='lat' dir='ltr'><strong>enim</strong></span> <span class='ocrx_word' id='word_1_791' title='bbox 2422 4415 2696 4477; x_wconf 89' lang='lat' dir='ltr'><strong>saperent,</strong></span> <span class='ocrx_word' id='word_1_792' title='bbox 2728 4403 2891 4475; x_wconf 90' lang='lat' dir='ltr'><strong>quod,</strong></span> <span class='ocrx_word' id='word_1_793' title='bbox 2917 4401 3097 4455; x_wconf 90' lang='lat' dir='ltr'><strong>missis</strong></span> <span class='ocrx_word' id='word_1_794' title='bbox 3118 4400 3257 4464; x_wconf 87' lang='lat' dir='ltr'><strong>aliis,</strong></span> <span class='ocrx_word' id='word_1_795' title='bbox 3291 4398 3443 4467; x_wconf 86' lang='lat' dir='ltr'><strong>ipsos</strong></span> <span class='ocrx_word' id='word_1_796' title='bbox 3460 4414 3542 4451; x_wconf 88' lang='lat' dir='ltr'><strong>re-</strong></span> 
     </span>
    </p>
   </div>
   <div class='ocr_carea' id='block_1_103' title="bbox 1960 4487 3545 4570">
    <p class='ocr_par' dir='ltr' id='par_1_103' title="bbox 1960 4487 3545 4570">
     <span class='ocr_line' id='line_1_103' title="bbox 1960 4487 3545 4570; baseline -0.012 -11"><span class='ocrx_word' id='word_1_797' title='bbox 1960 4504 2225 4567; x_wconf 87' lang='lat' dir='ltr'><strong>tinuisset,</strong></span> <span class='ocrx_word' id='word_1_798' title='bbox 2274 4508 2644 4570; x_wconf 89' lang='lat' dir='ltr'><strong>tempestatem</strong></span> <span class='ocrx_word' id='word_1_799' title='bbox 2696 4493 2975 4567; x_wconf 89' lang='lat' dir='ltr'><strong>permittit,</strong></span> <span class='ocrx_word' id='word_1_800' title='bbox 3003 4500 3112 4545; x_wconf 92' lang='lat' dir='ltr'><strong>tum</strong></span> <span class='ocrx_word' id='word_1_801' title='bbox 3146 4499 3203 4543; x_wconf 93' lang='lat' dir='ltr'><strong>ut</strong></span> <span class='ocrx_word' id='word_1_802' title='bbox 3233 4488 3334 4543; x_wconf 91' lang='lat' dir='ltr'><strong>hoc</strong></span> <span class='ocrx_word' id='word_1_803' title='bbox 3361 4487 3545 4543; x_wconf 85' lang='lat' dir='ltr'><strong>eflice-</strong></span> 
     </span>
    </p>
   </div>
   <div class='ocr_carea' id='block_1_104' title="bbox 1956 4584 3544 4661">
    <p class='ocr_par' dir='ltr' id='par_1_104' title="bbox 1956 4584 3544 4661">
     <span class='ocr_line' id='line_1_104' title="bbox 1956 4584 3544 4661; baseline -0.01 -12"><span class='ocrx_word' id='word_1_804' title='bbox 1956 4603 2060 4661; x_wconf 89' lang='lat' dir='ltr'><strong>ret,</strong></span> <span class='ocrx_word' id='word_1_805' title='bbox 2083 4604 2192 4647; x_wconf 92' lang='lat' dir='ltr'><strong>tum</strong></span> <span class='ocrx_word' id='word_1_806' title='bbox 2217 4602 2273 4646; x_wconf 91' lang='lat' dir='ltr'><strong>ut</strong></span> <span class='ocrx_word' id='word_1_807' title='bbox 2296 4606 2391 4646; x_wconf 92' lang='lat' dir='ltr'><strong>eos</strong></span> <span class='ocrx_word' id='word_1_808' title='bbox 2422 4590 2485 4644; x_wconf 93' lang='lat' dir='ltr'><strong>ad</strong></span> <span class='ocrx_word' id='word_1_809' title='bbox 2511 4587 2762 4643; x_wconf 88' lang='lat' dir='ltr'><strong>ferendas</strong></span> <span class='ocrx_word' id='word_1_810' title='bbox 2783 4584 2991 4639; x_wconf 91' lang='lat' dir='ltr'><strong>fortiter</strong></span> <span class='ocrx_word' id='word_1_811' title='bbox 3019 4594 3286 4635; x_wconf 77' lang='lat' dir='ltr'><strong>:crumnas</strong></span> <span class='ocrx_word' id='word_1_812' title='bbox 3313 4594 3544 4633; x_wconf 83' lang='lat' dir='ltr'><strong>exerce-</strong></span> 
     </span>
    </p>
   </div>
   <div class='ocr_carea' id='block_1_105' title="bbox 1956 4669 3538 4752">
    <p class='ocr_par' dir='ltr' id='par_1_105' title="bbox 1956 4669 3538 4752">
     <span class='ocr_line' id='line_1_105' title="bbox 1956 4669 3538 4752; baseline -0.012 -12"><span class='ocrx_word' id='word_1_813' title='bbox 1956 4694 2061 4742; x_wconf 88' lang='lat' dir='ltr'><strong>ret.</strong></span> <span class='ocrx_word' id='word_1_814' title='bbox 2090 4684 2221 4739; x_wconf 87' lang='lat' dir='ltr'><strong>Nam</strong></span> <span class='ocrx_word' id='word_1_815' title='bbox 2248 4696 2437 4752; x_wconf 83' lang='lat' dir='ltr'><strong>magna</strong></span> <span class='ocrx_word' id='word_1_816' title='bbox 2464 4680 2679 4750; x_wconf 91' lang='lat' dir='ltr'><strong>quidem</strong></span> <span class='ocrx_word' id='word_1_817' title='bbox 2708 4687 2861 4731; x_wconf 89' lang='lat' dir='ltr'><strong>erant</strong></span> <span class='ocrx_word' id='word_1_818' title='bbox 2887 4675 3062 4744; x_wconf 88' lang='lat' dir='ltr'><strong>priora</strong></span> <span class='ocrx_word' id='word_1_819' title='bbox 3088 4672 3259 4741; x_wconf 88' lang='lat' dir='ltr'><strong>signa,</strong></span> <span class='ocrx_word' id='word_1_820' title='bbox 3287 4669 3378 4724; x_wconf 89' lang='lat' dir='ltr'><strong>sed</strong></span> <span class='ocrx_word' id='word_1_821' title='bbox 3404 4686 3538 4739; x_wconf 64' lang='lat' dir='ltr'><strong>prie-</strong></span> 
     </span>
    </p>
   </div>
   <div class='ocr_carea' id='block_1_106' title="bbox 1955 4759 3540 4847">
    <p class='ocr_par' dir='ltr' id='par_1_106' title="bbox 1955 4759 3540 4847">
     <span class='ocr_line' id='line_1_106' title="bbox 1955 4759 3540 4847; baseline -0.013 -13"><span class='ocrx_word' id='word_1_822' title='bbox 1955 4793 2079 4833; x_wconf 91' lang='lat' dir='ltr'><strong>sens</strong></span> <span class='ocrx_word' id='word_1_823' title='bbox 2096 4779 2304 4847; x_wconf 88' lang='lat' dir='ltr'><strong>signum</strong></span> <span class='ocrx_word' id='word_1_824' title='bbox 2328 4789 2431 4828; x_wconf 91' lang='lat' dir='ltr'><strong>non</strong></span> <span class='ocrx_word' id='word_1_825' title='bbox 2454 4785 2672 4843; x_wconf 87' lang='lat' dir='ltr'><strong>parvam</strong></span> <span class='ocrx_word' id='word_1_826' title='bbox 2696 4767 2977 4839; x_wconf 90' lang='lat' dir='ltr'><strong>quamdam</strong></span> <span class='ocrx_word' id='word_1_827' title='bbox 3000 4763 3439 4821; x_wconf 84' lang='lat' dir='ltr'><strong>exercitationem</strong></span> <span class='ocrx_word' id='word_1_828' title='bbox 3457 4759 3540 4813; x_wconf 90' lang='lat' dir='ltr'><strong>af-</strong></span> 
     </span>
    </p>
   </div>
   <div class='ocr_carea' id='block_1_107' title="bbox 1954 4852 3538 4933">
    <p class='ocr_par' dir='ltr' id='par_1_107' title="bbox 1954 4852 3538 4933">
     <span class='ocr_line' id='line_1_107' title="bbox 1954 4852 3538 4933; baseline -0.012 -9"><span class='ocrx_word' id='word_1_829' title='bbox 1954 4868 2200 4933; x_wconf 85' lang='lat' dir='ltr'><strong>ferebat,</strong></span> <span class='ocrx_word' id='word_1_830' title='bbox 2245 4881 2308 4921; x_wconf 91' lang='lat' dir='ltr'><strong>ac</strong></span> <span class='ocrx_word' id='word_1_831' title='bbox 2338 4864 2502 4918; x_wconf 89' lang='lat' dir='ltr'><strong>veteri</strong></span> <span class='ocrx_word' id='word_1_832' title='bbox 2533 4861 2743 4916; x_wconf 88' lang='lat' dir='ltr'><strong>cuidam</strong></span> <span class='ocrx_word' id='word_1_833' title='bbox 2771 4859 2923 4928; x_wconf 87' lang='lat' dir='ltr'><strong>signo</strong></span> <span class='ocrx_word' id='word_1_834' title='bbox 2947 4856 3121 4911; x_wconf 91' lang='lat' dir='ltr'><strong>simile</strong></span> <span class='ocrx_word' id='word_1_835' title='bbox 3146 4863 3279 4909; x_wconf 89' lang='lat' dir='ltr'><strong>erat.</strong></span> <span class='ocrx_word' id='word_1_836' title='bbox 3309 4852 3538 4920; x_wconf 78' lang='lat' dir='ltr'><strong>Ideoque</strong></span> 
     </span>
    </p>
   </div>
   <div class='ocr_carea' id='block_1_108' title="bbox 1952 4943 3535 5020">
    <p class='ocr_par' dir='ltr' id='par_1_108' title="bbox 1952 4943 3535 5020">
     <span class='ocr_line' id='line_1_108' title="bbox 1952 4943 3535 5020; baseline -0.012 -6"><span class='ocrx_word' id='word_1_837' title='bbox 1952 4959 2098 5014; x_wconf 91' lang='lat' dir='ltr'><strong>solos</strong></span> <span class='ocrx_word' id='word_1_838' title='bbox 2140 4973 2319 5013; x_wconf 89' lang='lat' dir='ltr'><strong>secum</strong></span> <span class='ocrx_word' id='word_1_839' title='bbox 2350 4954 2568 5010; x_wconf 86' lang='lat' dir='ltr'><strong>adducit</strong></span> <span class='ocrx_word' id='word_1_840' title='bbox 2615 4951 2925 5020; x_wconf 86' lang='lat' dir='ltr'><strong>discipulos.</strong></span> <span class='ocrx_word' id='word_1_841' title='bbox 2962 4949 3093 5003; x_wconf 86' lang='lat' dir='ltr'><strong>Nam</strong></span> <span class='ocrx_word' id='word_1_842' title='bbox 3142 4946 3231 5000; x_wconf 88' lang='lat' dir='ltr'><strong>ttbi</strong></span> <span class='ocrx_word' id='word_1_843' title='bbox 3277 4943 3535 4998; x_wconf 85' lang='lat' dir='ltr'><strong>miracula</strong></span> 
     </span>
    </p>
   </div>
   <div class='ocr_carea' id='block_1_109' title="bbox 1952 5034 3533 5117">
    <p class='ocr_par' dir='ltr' id='par_1_109' title="bbox 1952 5034 3533 5117">
     <span class='ocr_line' id='line_1_109' title="bbox 1952 5034 3533 5117; baseline -0.009 -14"><span class='ocrx_word' id='word_1_844' title='bbox 1952 5049 2269 5113; x_wconf 88' lang='lat' dir='ltr'><strong>edebantur,</strong></span> <span class='ocrx_word' id='word_1_845' title='bbox 2322 5048 2571 5117; x_wconf 88' lang='lat' dir='ltr'><strong>populum</strong></span> <span class='ocrx_word' id='word_1_846' title='bbox 2596 5041 2971 5098; x_wconf 86' lang='lat' dir='ltr'><strong>sinitadesse:</strong></span> <span class='ocrx_word' id='word_1_847' title='bbox 3004 5039 3091 5093; x_wconf 89' lang='lat' dir='ltr'><strong>ubi</strong></span> <span class='ocrx_word' id='word_1_848' title='bbox 3138 5051 3265 5093; x_wconf 88' lang='lat' dir='ltr'><strong>vero</strong></span> <span class='ocrx_word' id='word_1_849' title='bbox 3297 5034 3533 5104; x_wconf 88' lang='lat' dir='ltr'><strong>pericula</strong></span> 
     </span>
    </p>
   </div>
   <div class='ocr_carea' id='block_1_110' title="bbox 1952 5127 3532 5205">
    <p class='ocr_par' dir='ltr' id='par_1_110' title="bbox 1952 5127 3532 5205">
     <span class='ocr_line' id='line_1_110' title="bbox 1952 5127 3532 5205; baseline -0.011 -10"><span class='ocrx_word' id='word_1_850' title='bbox 1952 5149 2008 5195; x_wconf 91' lang='lat' dir='ltr'><strong>et</strong></span> <span class='ocrx_word' id='word_1_851' title='bbox 2035 5149 2272 5194; x_wconf 89' lang='lat' dir='ltr'><strong>terrores</strong></span> <span class='ocrx_word' id='word_1_852' title='bbox 2296 5178 2310 5201; x_wconf 93' lang='lat'><strong>,</strong></span> <span class='ocrx_word' id='word_1_853' title='bbox 2341 5135 2631 5205; x_wconf 90' lang='lat' dir='ltr'><strong>discipulos</strong></span> <span class='ocrx_word' id='word_1_854' title='bbox 2653 5172 2669 5198; x_wconf 90' lang='lat'><strong>,</strong></span> <span class='ocrx_word' id='word_1_855' title='bbox 2703 5132 2933 5187; x_wconf 85' lang='lat' dir='ltr'><strong>athletas</strong></span> <span class='ocrx_word' id='word_1_856' title='bbox 2964 5145 3156 5200; x_wconf 89' lang='lat' dir='ltr'><strong>nempe</strong></span> <span class='ocrx_word' id='word_1_857' title='bbox 3190 5127 3367 5191; x_wconf 88' lang='lat' dir='ltr'><strong>orbis,</strong></span> <span class='ocrx_word' id='word_1_858' title='bbox 3396 5140 3532 5195; x_wconf 92' lang='lat' dir='ltr'><strong>quos</strong></span> 
     </span>
    </p>
   </div>
   <div class='ocr_carea' id='block_1_111' title="bbox 1952 5216 3531 5294">
    <p class='ocr_par' dir='ltr' id='par_1_111' title="bbox 1952 5216 3531 5294">
     <span class='ocr_line' id='line_1_111' title="bbox 1952 5216 3531 5294; baseline -0.01 -8"><span class='ocrx_word' id='word_1_859' title='bbox 1952 5232 2346 5288; x_wconf 81' lang='lat' dir='ltr'><strong>exercitaturus</strong></span> <span class='ocrx_word' id='word_1_860' title='bbox 2374 5238 2510 5294; x_wconf 88' lang='lat' dir='ltr'><strong>erat,</strong></span> <span class='ocrx_word' id='word_1_861' title='bbox 2556 5226 2702 5280; x_wconf 92' lang='lat' dir='ltr'><strong>solos</strong></span> <span class='ocrx_word' id='word_1_862' title='bbox 2730 5239 2911 5279; x_wconf 90' lang='lat' dir='ltr'><strong>secum</strong></span> <span class='ocrx_word' id='word_1_863' title='bbox 2955 5219 3197 5277; x_wconf 90' lang='lat' dir='ltr'><strong>assumit.</strong></span> <span class='ocrx_word' id='word_1_864' title='bbox 3248 5216 3531 5272; x_wconf 70' lang='lat' dir='ltr'><strong>Matthmus</strong></span> 
     </span>
    </p>
   </div>
   <div class='ocr_carea' id='block_1_112' title="bbox 1951 5306 3529 5389">
    <p class='ocr_par' dir='ltr' id='par_1_112' title="bbox 1951 5306 3529 5389">
     <span class='ocr_line' id='line_1_112' title="bbox 1951 5306 3529 5389; baseline -0.011 -11"><span class='ocrx_word' id='word_1_865' title='bbox 1951 5324 2123 5379; x_wconf 91' lang='lat' dir='ltr'><strong>solum</strong></span> <span class='ocrx_word' id='word_1_866' title='bbox 2147 5321 2297 5385; x_wconf 91' lang='lat' dir='ltr'><strong>dicit,</strong></span> <span class='ocrx_word' id='word_1_867' title='bbox 2327 5321 2499 5389; x_wconf 91' lang='lat' dir='ltr'><strong>ipsum</strong></span> <span class='ocrx_word' id='word_1_868' title='bbox 2528 5315 2872 5377; x_wconf 87' lang='lat' dir='ltr'><strong>dormivisse,</strong></span> <span class='ocrx_word' id='word_1_869' title='bbox 2905 5313 3075 5367; x_wconf 87' lang='lat' dir='ltr'><strong>Lucas</strong></span> <span class='ocrx_word' id='word_1_870' title='bbox 3107 5324 3235 5364; x_wconf 89' lang='lat' dir='ltr'><strong>vero</strong></span> <span class='ocrx_word' id='word_1_871' title='bbox 3276 5307 3441 5371; x_wconf 88' lang='lat' dir='ltr'><strong>addit,</strong></span> <span class='ocrx_word' id='word_1_872' title='bbox 3473 5306 3529 5361; x_wconf 92' lang='lat' dir='ltr'><strong>in</strong></span> 
     </span>
    </p>
   </div>
   <div class='ocr_carea' id='block_1_113' title="bbox 1948 5399 3523 5483">
    <p class='ocr_par' dir='ltr' id='par_1_113' title="bbox 1948 5399 3523 5483">
     <span class='ocr_line' id='line_1_113' title="bbox 1948 5399 3523 5483; baseline -0.012 -14"><span class='ocrx_word' id='word_1_873' title='bbox 1948 5412 2202 5470; x_wconf 87' lang='lat' dir='ltr'><strong>cervicali</strong></span> <span class='ocrx_word' id='word_1_874' title='bbox 2233 5411 2332 5483; x_wconf 90' lang='lat' dir='ltr'><strong>(a),</strong></span> <span class='ocrx_word' id='word_1_875' title='bbox 2357 5408 2646 5464; x_wconf 90' lang='lat' dir='ltr'><strong>ostendens</strong></span> <span class='ocrx_word' id='word_1_876' title='bbox 2666 5421 2826 5476; x_wconf 88' lang='lat' dir='ltr'><strong>quam</strong></span> <span class='ocrx_word' id='word_1_877' title='bbox 2849 5412 2995 5459; x_wconf 90' lang='lat' dir='ltr'><strong>esset</strong></span> <span class='ocrx_word' id='word_1_878' title='bbox 3035 5418 3064 5455; x_wconf 88' lang='lat' dir='ltr'><strong>a</strong></span> <span class='ocrx_word' id='word_1_879' title='bbox 3098 5400 3233 5454; x_wconf 86' lang='lat' dir='ltr'><strong>fastu</strong></span> <span class='ocrx_word' id='word_1_880' title='bbox 3268 5399 3480 5452; x_wconf 84' lang='lat' dir='ltr'><strong>alienus</strong></span> <span class='ocrx_word' id='word_1_881' title='bbox 3502 5436 3523 5464; x_wconf 86' lang='lat'><strong>,</strong></span> 
     </span>
    </p>
   </div>
   <div class='ocr_carea' id='block_1_114' title="bbox 1945 5491 3522 5574">
    <p class='ocr_par' dir='ltr' id='par_1_114' title="bbox 1945 5491 3522 5574">
     <span class='ocr_line' id='line_1_114' title="bbox 1945 5491 3522 5574; baseline -0.013 -13"><span class='ocrx_word' id='word_1_882' title='bbox 1945 5517 2001 5562; x_wconf 90' lang='lat' dir='ltr'><strong>et</strong></span> <span class='ocrx_word' id='word_1_883' title='bbox 2024 5505 2091 5561; x_wconf 87' lang='lat' dir='ltr'><strong>ad</strong></span> <span class='ocrx_word' id='word_1_884' title='bbox 2136 5518 2381 5574; x_wconf 90' lang='lat' dir='ltr'><strong>magnam</strong></span> <span class='ocrx_word' id='word_1_885' title='bbox 2434 5500 2558 5556; x_wconf 89' lang='lat' dir='ltr'><strong>inde</strong></span> <span class='ocrx_word' id='word_1_886' title='bbox 2616 5495 3008 5569; x_wconf 90' lang='lat' dir='ltr'><strong>philosophiam</strong></span> <span class='ocrx_word' id='word_1_887' title='bbox 3062 5507 3161 5547; x_wconf 90' lang='lat' dir='ltr'><strong>nos</strong></span> <span class='ocrx_word' id='word_1_888' title='bbox 3217 5491 3522 5545; x_wconf 90' lang='lat' dir='ltr'><strong>instituens.</strong></span> 
     </span>
    </p>
   </div>
   <div class='ocr_carea' id='block_1_115' title="bbox 2004 5642 3523 5722">
    <p class='ocr_par' dir='ltr' id='par_1_115' title="bbox 2004 5642 3523 5722">
     <span class='ocr_line' id='line_1_115' title="bbox 2004 5642 3523 5722; baseline -0.013 -13"><span class='ocrx_word' id='word_1_889' title='bbox 2004 5660 2077 5722; x_wconf 85' lang='grc' dir='ltr'><strong>(Î±)</strong></span> <span class='ocrx_word' id='word_1_890' title='bbox 2110 5660 2184 5708; x_wconf 88' lang='lat' dir='ltr'><strong>sic</strong></span> <span class='ocrx_word' id='word_1_891' title='bbox 2205 5668 2378 5707; x_wconf 89' lang='lat' dir='ltr'><strong>omnes</strong></span> <span class='ocrx_word' id='word_1_892' title='bbox 2410 5656 2527 5722; x_wconf 80' lang='lat' dir='ltr'><strong>Editi</strong></span> <span class='ocrx_word' id='word_1_893' title='bbox 2552 5661 2604 5722; x_wconf 81' lang='lat' dir='ltr'><strong>et</strong></span> <span class='ocrx_word' id='word_1_894' title='bbox 2640 5651 2946 5722; x_wconf 78' lang='lat' dir='ltr'><strong>manuscripti</strong></span> <span class='ocrx_word' id='word_1_895' title='bbox 2980 5648 3200 5722; x_wconf 75' lang='lat' dir='ltr'><strong>Codices,</strong></span> <span class='ocrx_word' id='word_1_896' title='bbox 3237 5654 3289 5695; x_wconf 91' lang='lat' dir='ltr'><strong>et</strong></span> <span class='ocrx_word' id='word_1_897' title='bbox 3312 5642 3523 5722; x_wconf 54' lang='lat' dir='ltr'><strong>italogit;</strong></span> 
     </span>
    </p>
   </div>
   <div class='ocr_carea' id='block_1_116' title="bbox 1938 5706 3524 5784">
    <p class='ocr_par' dir='ltr' id='par_1_116' title="bbox 1938 5706 3524 5784">
     <span class='ocr_line' id='line_1_116' title="bbox 1938 5706 3524 5784; baseline -0.009 -12"><span class='ocrx_word' id='word_1_898' title='bbox 1938 5706 2178 5784; x_wconf 69' lang='lat' dir='ltr'><strong>Georgius</strong></span> <span class='ocrx_word' id='word_1_899' title='bbox 2187 5706 2545 5784; x_wconf 39' lang='lat' dir='ltr'><strong>1jiapezut1tius.</strong></span> <span class='ocrx_word' id='word_1_900' title='bbox 2570 5716 2714 5784; x_wconf 79' lang='lat' dir='ltr'><strong>Atqui</strong></span> <span class='ocrx_word' id='word_1_901' title='bbox 2730 5727 2824 5784; x_wconf 82' lang='lat' dir='ltr'><strong>non</strong></span> <span class='ocrx_word' id='word_1_902' title='bbox 2848 5706 3008 5783; x_wconf 51' lang='lat' dir='ltr'><strong>Lucas.</strong></span> <span class='ocrx_word' id='word_1_903' title='bbox 3021 5710 3111 5762; x_wconf 87' lang='lat' dir='ltr'><strong>sed</strong></span> <span class='ocrx_word' id='word_1_904' title='bbox 3132 5717 3316 5760; x_wconf 83' lang='lat' dir='ltr'><strong>Marcus</strong></span> <span class='ocrx_word' id='word_1_905' title='bbox 3328 5716 3421 5765; x_wconf 83' lang='lat' dir='ltr'><strong>est,</strong></span> <span class='ocrx_word' id='word_1_906' title='bbox 3437 5706 3524 5768; x_wconf 72' lang='lat' dir='ltr'><strong>qui</strong></span> 
     </span>
    </p>
   </div>
   <div class='ocr_carea' id='block_1_117' title="bbox 1938 5776 2969 5846">
    <p class='ocr_par' dir='ltr' id='par_1_117' title="bbox 1938 5776 2969 5846">
     <span class='ocr_line' id='line_1_117' title="bbox 1938 5776 2969 5846; baseline -0.012 -9"><span class='ocrx_word' id='word_1_907' title='bbox 1938 5776 2108 5846; x_wconf 66' lang='lat' dir='ltr'><strong>habei,</strong></span> <span class='ocrx_word' id='word_1_908' title='bbox 2129 5781 2178 5846; x_wconf 78' lang='grc'><strong>4,</strong></span> <span class='ocrx_word' id='word_1_909' title='bbox 2201 5776 2300 5833; x_wconf 71' lang='lat'><strong>58&#39;:</strong></span> <span class='ocrx_word' id='word_1_910' title='bbox 2322 5789 2472 5845; x_wconf 82' lang='lat' dir='ltr'><strong>Super</strong></span> <span class='ocrx_word' id='word_1_911' title='bbox 2490 5776 2694 5831; x_wconf 81' lang='lat' dir='ltr'><strong>cervical</strong></span> <span class='ocrx_word' id='word_1_912' title='bbox 2711 5776 2969 5829; x_wconf 84' lang='lat' dir='ltr'><strong>dormiens.</strong></span> 
     </span>
    </p>
   </div>
  </div>
