4038 6364
559 370 661 426 τοδί

555 483 759 540 Oborta
783 482 963 552 itaque
989 490 1305 550 tempestate
1321 497 1443 538 cuin
1469 481 1670 537 fureret
1688 496 1858 548 mare,
1883 482 2029 537 illum
2051 499 2144 538 ex-

554 578 723 632 citant
743 577 1020 634 dicentes:
1047 576 1140 633 ‘35.
1172 575 1391 631 Domine
1411 620 1426 644 ,
1454 577 1595 631 salva
1619 594 1734 643 nos,
1764 577 2002 646 perimus.
2027 575 2143 646 Ipse

561 683 691 723 vero
716 669 836 723 illos
867 669 1121 738 primum,
1151 667 1350 723 deinde
1375 683 1526 724 mare
1549 669 1868 738 increpavit.
1900 667 2054 731 Nam,
2083 675 2141 721 ut

559 761 688 826 dixi,
715 761 1120 816 exercitationis
1149 776 1311 817 causa
1363 759 1477 816 haec
1498 760 1961 831 permittebantur,
1991 769 2045 814 et
2075 749 2138 813 ﬁ?

555 871 703 922 gurae
733 863 889 910 erant
915 855 1293 920 tentationuin,
1319 869 1464 933 .quaa
1489 854 1639 922 ipsos
1673 863 1827 908 erant
1855 853 2137 909 invasurtn.

559 948 771 1004 Etenim
805 957 989 1018 postea
1018 963 1163 1018 stripe
1193 947 1436 1019 permisit
1461 961 1556 1003 eos
1581 947 1634 1002 in
1659 947 1936 1018 graviores
1977 961 2142 1012 nego-

557 1041 754 1095 tiorum
805 1041 1065 1109 procellas
1105 1039 1363 1106 incidere,
1432 1043 1488 1089 et
1520 1049 1846 1094 succurrere
1896 1037 2136 1092 distulit.

552 1130 708 1187 Unde
737 1132 934 1186 Paulus
963 1131 1175 1187 dicebat
1199 1149 1212 1186 :
1244 1131 1383 1186 Nolo
1412 1141 1581 1186 autem
1606 1146 1693 1185 vos
1724 1131 1982 1202 ignorare,
2023 1133 2137 1200 fra-

551 1233 671 1289 tres,
703 1223 941 1291 quonimn
969 1222 1113 1276 ualde
1135 1224 1330 1293 gravati
1375 1237 1548 1276 sumus
1590 1237 1750 1288 supra
1779 1221 1929 1287 vires,
1960 1220 2033 1273 ita
2082 1229 2138 1274 ut

550 1332 642 1370 nos
669 1315 873 1370 “ederet
899 1316 1050 1369 etiam
1079 1316 1242 1370 vivere
1262 1312 1341 1386 (2.
1370 1313 1488 1368 Cor.
1517 1315 1570 1369 I.
1596 1313 1652 1383 8)
1678 1330 1693 1378 ;
1715 1321 1772 1368 et
1799 1322 2004 1382 postea,
2035 1312 2140 1378 Qui

548 1423 616 1460 ea:
634 1415 704 1460 tot
730 1406 977 1472 mortibus
1005 1423 1096 1461 nos
1122 1406 1309 1477 eripuit
1337 1405 1498 1476 (Ibid.
1529 1421 1577 1459 υ.
1611 1405 1723 1475 10).
1770 1404 1842 1460 Ut
1887 1403 2136 1460 ostendat

549 1496 733 1566 igitur,
757 1495 951 1550 ﬁducia
979 1496 1054 1550 uti
1079 1505 1350 1566 oportere,
1372 1495 1581 1550 etiamsi
1603 1495 1777 1565 magni
1799 1494 2137 1550 concitentur

547 1590 772 1654 fluctus,
807 1591 1087 1660 ipsumque
1101 1590 1282 1645 omnia
1313 1590 1516 1645 utiliter
1535 1590 1873 1659 dispensare,
1901 1589 2132 1658 primum

547 1682 695 1748 ipsos
716 1684 976 1753 increpat.
1005 1682 1140 1737 Nam
1163 1681 1303 1752 quod
1336 1681 1532 1737 turbati
1557 1680 1776 1748 fuerint,
1800 1680 1854 1736 id
1880 1680 1984 1735 illis
2005 1679 2134 1734 utile

547 1775 672 1840 fuit,
694 1787 753 1830 ut
780 1777 952 1845 majus
977 1791 1100 1830 esse
1122 1774 1439 1829 miraculum
1467 1773 1763 1836 videretur,
1795 1783 1851 1828 et
1876 1781 2130 1842 perpetua

541 1878 850 1922 servaretur
873 1868 950 1921 rei
981 1868 1258 1922 memoria.
1287 1865 1513 1934 Quando
1533 1867 1676 1920 enim
1703 1865 2131 1936 inexspectatum

544 1959 818 2028 quidpiam
847 1958 1086 2013 futurum
1127 1968 1228 2021 est,
1265 1958 1428 2012 multa
1459 1966 1825 2026 pra-parantur
1851 1955 2132 2012 servandae

542 2050 621 2104 rei
644 2050 916 2104 memoriae
936 2058 1259 2119 Opportuna,
1291 2063 1360 2103 ne
1385 2047 1586 2102 editum
1609 2058 1797 2118 postea
1811 2047 2130 2104 miraculum

543 2141 598 2194 iii
625 2141 947 2196 oblivionem
979 2141 1179 2195 veniat.
1230 2139 1322 2196 Sic
1363 2140 1575 2211 Moyses
1607 2148 1915 2210 serpentem
1957 2141 2131 2211 primo

540 2231 880 2296 formidavit,
929 2247 1028 2286 nec
1064 2231 1224 2286 modo
1257 2230 1585 2297 formidavit,
1640 2231 1737 2288 sed
1774 2247 1896 2288 cum
1936 2248 2130 2304 magno

539 2324 702 2378 animi
748 2333 972 2388 terrore,
1021 2332 1255 2393 tuncque
1282 2321 1416 2377 vidit
1439 2322 1757 2391 stupendum
1788 2323 1916 2379 illud
1943 2322 2128 2396 prodi-

536 2414 704 2483 gium.
735 2414 810 2468 Ita
833 2422 886 2468 et
909 2412 1180 2484 discipuli,
1223 2427 1346 2468 cum
1373 2413 1485 2482 jam
1517 2411 1586 2467 de
1611 2413 1784 2468 salute
1826 2412 1995 2469 ferme
2027 2414 2128 2470 de-

539 2513 870 2572 sperassent,
906 2513 1032 2559 tunc
1064 2504 1379 2567 liberantur,
1418 2513 1478 2558 ut
1509 2503 1804 2574 periculum
1841 2503 2074 2560 confessi
2106 2544 2124 2572 ,

540 2595 782 2649 miraculi
813 2595 1231 2664 magnitudinem
1271 2593 1594 2649 ediscerent.
1626 2593 1853 2664 Ideoque
1887 2594 2124 2652 dormit:

542 2702 667 2740 nam
695 2687 737 2740 si
769 2686 1021 2756 vigilante
1047 2686 1138 2740 illo
1168 2685 1220 2740 id
1247 2686 1442 2740 factum
1486 2695 1648 2750 esset,
1674 2686 1758 2741 vel
1782 2702 1885 2740 non
1915 2687 2124 2743 timuis-

542 2785 685 2841 sent,
714 2777 798 2830 vel
839 2791 945 2830 non
971 2785 1269 2846 rogassent,
1298 2776 1382 2830 vel
1409 2791 1515 2830 non
1549 2787 1827 2846 putassent
1862 2791 2020 2846 posse
2057 2777 2124 2832 il-

538 2868 646 2921 lum
678 2867 726 2921 id
757 2867 993 2922 efﬁcere.
1045 2867 1168 2923 Ideo
1193 2867 1410 2934 dormit,
1443 2877 1500 2922 ut
1523 2868 1614 2923 det
1640 2868 1859 2924 timendi
1888 2871 2126 2924 occasio-

537 2973 682 3021 nem,
713 2967 766 3011 et
797 2957 1109 3012 validiorem
1135 2958 1261 3026 ipsis
1293 2959 1635 3026 prtesentiuin
1657 2973 1877 3014 sensum
1903 2959 2120 3014 efﬁciat.

531 3047 718 3116 Neque
771 3049 913 3101 enim
962 3049 1083 3118 quis
1127 3047 1348 3117 perinde
1380 3048 1526 3104 videt
1566 3064 1628 3104 ea
1669 3064 1790 3120 quas
1839 3050 1890 3104 in
1930 3051 2122 3106 alienis

532 3139 847 3208 corporibus
877 3139 1030 3204 ﬁiiiit,
1058 3148 1217 3209 atque
1246 3155 1307 3195 ea
1347 3155 1465 3210 quze
1509 3141 1564 3194 in
1594 3154 1820 3210 corpore
1845 3157 1962 3196 suo.
1986 3142 2121 3210 Quia

532 3230 694 3298 igitur
741 3246 931 3286 omnes
971 3231 1222 3286 videbant
1261 3231 1523 3290 beneﬁcio
1575 3233 1795 3288 aﬁ'ectos
1845 3233 2030 3302 fuisse,
2062 3250 2122 3290 se

531 3337 660 3376 vero
703 3321 837 3376 nihil
881 3325 1158 3394 accepisse
1206 3323 1452 3377 beneficii
1485 3363 1501 3390 ,
1538 3323 1694 3394 quasi
1722 3325 1899 3395 supini
1929 3341 2118 3381 mane-

529 3417 659 3470 bant
681 3433 695 3481 ;
720 3431 894 3486 neque
919 3418 1062 3471 enim
1091 3415 1266 3470 claudi
1291 3425 1464 3480 erant,
1483 3417 1569 3472 vel
1597 3417 1702 3472 alio
1731 3417 1907 3474 affecti
1926 3433 2120 3489 corpo-

528 3512 604 3565 ris
631 3511 796 3565 vitio:
825 3511 1213 3580 oportebatque
1240 3520 1417 3565 tamen
1446 3511 1564 3566 illos
1585 3511 1964 3567 beneﬁciorum
1993 3527 2119 3568 sen-

527 3616 592 3656 su
622 3600 796 3666 afﬁci;
822 3611 1191 3671 tempestatem
1214 3602 1345 3656 oriri
1373 3601 1642 3668 concedit,
1675 3611 1735 3658 ut
1761 3617 1822 3657 ea
1855 3603 2066 3659 liberati
2093 3643 2112 3671 ,

525 3693 811 3748 clariorem
844 3693 1087 3748 beneficii
1115 3708 1332 3748 sensum
1359 3694 1718 3765 perciperent.
1746 3692 1978 3765 Ideoque
2006 3709 2115 3750 non

526 3783 880 3854 prresentibus
910 3783 1082 3837 turbis
1112 3783 1164 3838 id
1195 3784 1343 3854 agit,
1377 3799 1446 3840 ne
1473 3794 1532 3838 ut
1556 3784 1782 3840 modicae
1803 3784 1925 3840 ﬁdei
1967 3785 2117 3841 dam-

525 3884 822 3939 narentur;
866 3873 963 3928 sed
1009 3875 1156 3929 solos
1182 3875 1454 3943 emendat,
1495 3884 1550 3931 et
1598 3875 1928 3947 increpando
1963 3878 2112 3948 prius

525 3967 723 4022 mentis
752 3966 988 4036 ipsorum
1015 3981 1173 4035 quam
1205 3981 1462 4036 aquarum
1491 3973 1864 4036 tempestatem
1913 3967 2110 4036 sedat,

524 4059 716 4114 dicens
749 4057 880 4112 :26.
910 4057 1048 4124 Quid
1093 4058 1258 4111 timidi
1289 4058 1428 4124 estis,
1461 4058 1674 4112 modica:
1714 4059 1882 4125 ﬁdei?
1925 4060 2112 4116 simul-

524 4167 626 4220 que
659 4149 837 4217 docet,
882 4150 1128 4204 timorem
1166 4164 1271 4202 non
1299 4151 1366 4204 ab
1391 4150 1649 4205 immissis
1679 4152 2061 4208 tentationibus
2089 4194 2107 4221 ,

522 4243 613 4297 sed
641 4242 709 4296 ab
734 4241 898 4295 animi
931 4241 1241 4295 inﬁrmitate
1290 4242 1439 4296 oriri.
1462 4241 1618 4310 Quod
1647 4243 1691 4296 si
1720 4245 1840 4313 quis
1869 4243 2105 4314 dixerit,

528 4351 637 4388 non
661 4351 727 4389 ex
778 4334 970 4388 timore
998 4333 1081 4388 vel
1117 4349 1182 4388 ex
1225 4332 1433 4388 modica
1469 4333 1572 4388 lide
1609 4344 1782 4390 motos
1819 4335 2109 4406 discipulos

525 4427 671 4479 illum
703 4428 966 4481 excitasse
1003 4443 1017 4481 :
1051 4424 1390 4494 respondebo
1433 4425 1560 4480 illud
1609 4427 1844 4482 maxime
1893 4429 2104 4499 signum

515 4532 669 4582 esse,
694 4533 790 4573 eos
810 4533 916 4572 non
945 4525 1330 4588 congruentem
1357 4516 1426 4572 de
1443 4517 1532 4572 illo
1555 4519 1862 4587 opinionem
1893 4519 2109 4576 habuis-

517 4625 602 4665 se.
631 4609 889 4666 Sciebant
912 4611 1135 4680 quidem
1170 4610 1344 4680 ipsuin
1365 4611 1798 4680 expergefactum
1825 4613 2106 4685 increpare

519 4715 718 4771 posse;
744 4700 1107 4756 dormientem
1141 4717 1274 4757 vero
1299 4702 1536 4756 nondum
1566 4704 1842 4772 putabant.
1875 4705 1940 4760 Et
1977 4707 2103 4775 quid

519 4794 735 4848 miraris
779 4794 824 4847 si
855 4809 997 4848 nunc
1028 4796 1274 4861 timeant,
1307 4796 1528 4866 quando
1559 4805 1680 4866 post
1725 4799 1896 4852 multa
1941 4801 2102 4854 etiam

514 4886 618 4939 alia
673 4885 928 4940 miracula
984 4886 1307 4942 inﬁrmiores
1351 4887 1526 4943 adhuc
1553 4889 1738 4944 erant?
1766 4890 2106 4960 Quapropter

516 4995 661 5048 επ·ρο
717 4979 1062 5048 iiicrepantur
1089 5020 1104 5044 ,
1145 4987 1203 5033 ut
1239 4978 1452 5049 quando
1495 4979 1625 5034 dicit
1656 5001 1670 5036 :
1697 4981 1876 5034 Adhuc
1927 4991 1974 5035 et
2017 4997 2104 5036 vos

515 5071 810 5142 insipientes
852 5071 968 5125 estis
1001 5069 1213 5141 (Matth.
1245 5072 1332 5126 I5.
1366 5071 1498 5141 16)?
1524 5071 1602 5127 Ne
1638 5072 1812 5142 itaque
1855 5073 2100 5139 mireris,

517 5179 642 5218 eum
671 5162 916 5234 discipuli
960 5171 1066 5216 tam
1097 5163 1397 5218 imbecilles
1442 5173 1597 5218 erant
1622 5204 1637 5228 ,
1669 5163 1713 5217 si
1759 5164 1928 5219 turba:
1969 5164 2102 5219 nihil

516 5270 768 5324 magnum
790 5255 860 5309 de
887 5254 1002 5324 ipso
1019 5254 1410 5324 opinabantur;
1442 5255 1776 5310 mirabantur
1799 5257 1995 5327 quippe
2019 5257 2102 5312 di-

515 5355 707 5399 centes
730 5363 743 5399 :
771 5345 861 5400 27.
895 5345 1074 5412 Qualis
1103 5356 1176 5400 est
1198 5346 1278 5399 hic
1304 5347 1452 5400 homo
1475 5388 1490 5412 ,
1513 5347 1633 5417 quia
1661 5356 1708 5400 et
1733 5364 1872 5402 mare
1893 5358 1940 5402 et
1969 5349 2102 5403 venti

513 5437 753 5492 obediunt
799 5437 884 5492 ei?
911 5436 1159 5493 Christus
1209 5453 1338 5492 vero
1366 5453 1471 5492 non
1503 5439 1907 5508 corripuiteos,
1955 5439 2099 5510 quod

515 5527 788 5583 hominem
819 5545 943 5585 esse
987 5531 1158 5600 ipsum
1180 5529 1454 5595 dicerent;
1493 5529 1588 5584 sed
1629 5531 1972 5598 exspectabat
2013 5531 2099 5584 in-

517 5625 672 5678 terim
704 5641 798 5694 per
823 5627 1075 5682 miracula
1107 5626 1314 5682 docens
1354 5627 1473 5680 illos
1515 5627 1698 5680 falsam
1723 5626 1862 5682 hanc
1892 5627 2098 5695 opinio-

516 5731 640 5770 ncni
663 5732 803 5772 esse.
836 5717 1116 5774 Undenam
1151 5720 1422 5774 hominem
1467 5706 1615 5775 illuni
1656 5736 1777 5775 esse
1801 5719 2099 5790 putabant?

519 5809 593 5864 Ex
628 5823 845 5879 aspectu
867 5851 883 5880 ,
911 5827 974 5867 ex
1021 5827 1245 5879 somno,
1277 5814 1415 5884 quod
1444 5813 1562 5868 navi
1609 5822 1864 5868 uteretur.
1893 5811 2098 5869 Idcirco

1293 367 1351 426 S.
1390 365 1671 426 .IOANNIS
1705 365 2188 424 CI'IRYSOSTOMI
2227 368 2546 428 ARCHIEP.
2585 375 3119 436 CONS'I'ANTINOP.

2257 483 2308 536 iii
2332 494 2609 554 stuporem
2638 491 3068 559 conjiciebantur
3091 495 3330 553 dicentes
3362 515 3376 552 :
3409 499 3588 565 Qualis
3611 516 3681 558 est
3700 506 3817 563 hic?

2246 575 2482 634 Somnus
2505 583 2700 652 quippe
2726 593 2782 640 et
2804 587 3058 658 quidquid
3103 593 3397 661 apparebat
3445 595 3706 654 hominem
3737 602 3815 657 in-

2248 669 2459 725 dicabat
2487 687 2504 728 :
2532 689 2682 730 mare
2721 685 2780 732 et
2827 689 2979 748 parta
3010 683 3370 753 tranquillitas
3393 684 3559 742 Deum
3588 689 3815 746 declara-

2244 758 2358 817 bat.

2318 855 2376 911 2.
2408 855 2637 914 Christus
2664 870 2719 914 ut
2745 860 3002 930 dominus,
3051 865 3257 939 Moyses
3281 879 3337 925 ut
3359 889 3548 937 seruus,
3581 876 3816 934 miracula

2247 951 2537 1018 patrabant.
2569 952 2912 1026 Evangelistie
2940 977 3214 1032 numquam
3265 965 3359 1020 alii
3402 982 3521 1021 cum
3570 969 3684 1024 aliis
3723 989 3814 1038 ραι

2242 1052 2421 1111 gnam.
2435 1074 2508 1085 —
2529 1044 2862 1119 Quamquam
2887 1051 3028 1107 enim
3053 1052 3264 1125 Moyses
3277 1056 3475 1128 aliquid
3497 1059 3669 1117 simile
3693 1061 3813 1119 olim

2243 1134 2470 1205 fecerat,
2527 1141 2614 1195 vel
2661 1140 2787 1198 hinc
2829 1141 3027 1200 Christi
3081 1148 3373 1205 eminentia
3420 1151 3812 1224 declarabatnr,

2242 1229 2388 1298 quod
2425 1230 2516 1286 ille
2544 1243 2605 1287 ut
2631 1247 2842 1303 servus,
2873 1237 2960 1292 hic
2987 1248 3046 1294 ut
3073 1239 3324 1297 dominus
3353 1245 3609 1301 miracula
3641 1256 3813 1317 patra-

2242 1325 2346 1374 ret.
2377 1320 2492 1377 Non
2532 1326 2676 1379 enim
2707 1328 2912 1399 virgam
2944 1331 3185 1387 extendit
3215 1344 3271 1388 ut
3297 1333 3406 1401 ille,
3435 1351 3609 1406 neque
3631 1355 3812 1396 manus

2242 1413 2502 1484 expandit
2529 1431 2716 1474 versus
2736 1421 2927 1476 caelum
2952 1463 2979 1490 ,g
2997 1437 3174 1495 neque
3223 1427 3530 1497 precatione
3553 1445 3687 1500 opus
3723 1432 3814 1487 ha—

2239 1502 2386 1559 buit:
2417 1506 2515 1562 sed
2557 1517 2618 1563 ut
2648 1525 2744 1579 par
2769 1521 2854 1566 est
2872 1512 3152 1570 dominum
3179 1519 3408 1583 ancillae,
3439 1529 3497 1576 et
3521 1532 3814 1581 creatorem

2249 1596 2470 1666 opilieio
2492 1601 2806 1672 praecipere,
2832 1604 2912 1661 sic
2940 1605 3086 1662 illam
3109 1609 3320 1664 sedavit
3335 1621 3389 1667 et
3404 1611 3634 1669 frenavit
3656 1617 3815 1674 verbo

2237 1697 2295 1744 et
2319 1700 2589 1760 praecepto
2611 1702 2815 1750 tantum
2849 1713 2862 1750 :
2885 1709 3048 1767 atque
3073 1705 3252 1756 omnis
3278 1701 3458 1757 subito
3483 1704 3658 1759 soluta
3687 1714 3811 1762 tem-

2239 1791 2421 1852 pestas
2444 1793 2549 1850 est,
2577 1799 2681 1841 nec
2701 1787 2981 1858 vestigium
3000 1792 3248 1859 procellae
3273 1795 3490 1849 mansit.
3513 1796 3650 1851 Illud
3677 1797 3812 1853 enim

2235 1870 2532 1929 declaravit
2555 1878 2884 1948 evangelista
2924 1880 3110 1938 dicens
3135 1900 3149 1938 :
3179 1881 3248 1938 Et
3278 1887 3412 1955 facta
3434 1897 3506 1941 est
3531 1888 3813 1959 tranquilli-

2237 1970 2316 2018 tas
2339 1979 2546 2035 magna.
2578 1966 2735 2034 Quod
2772 1969 2841 2025 de
2870 1968 3034 2027 Patre
3061 1974 3214 2044 quasi
3247 1991 3336 2031 res
3362 1979 3585 2046 grandis
3620 1979 3811 2037 dictum

2235 2056 2444 2122 fuerat,
2472 2059 2526 2114 id
2555 2059 2670 2128 ipse
2713 2063 2966 2130 Operibus
2993 2065 3257 2122 exhibuit.
3285 2069 3421 2135 Quid
3447 2069 3516 2124 de
3538 2071 3700 2126 Patre
3733 2073 3811 2127 di-

2234 2155 2379 2201 ctum
2410 2147 2632 2204 fuerat?
2658 2150 2808 2207 Dixit
2834 2165 2880 2206 et
2907 2156 3043 2209 stetit
3088 2157 3300 2229 spiritus
3326 2161 3588 2229 procellis.
3636 2163 3724 2218 Sic
3763 2173 3810 2220 et

2237 2237 2340 2294 hoc
2388 2239 2511 2296 loco
2574 2241 2743 2311 dixit,
2803 2243 2873 2299 Et
2917 2250 3055 2317 facta
3093 2257 3166 2302 est
3217 2253 3559 2322 tranquillitas
3614 2271 3810 2326 magna.

2238 2328 2566 2402 (Psal.106.
2591 2334 2705 2404 25).
2745 2335 3034 2406 Propterea
3077 2340 3245 2396 turbte
3286 2341 3435 2402 illum
3474 2360 3686 2401 summe
3714 2348 3810 2402 mi-

2231 2423 2531 2482 rabantur:
2561 2442 2682 2498 quae
2715 2444 2826 2484 non
2850 2430 2924 2485 ita
2949 2432 3155 2487 mirata:
3181 2431 3429 2502 fuissent,
3451 2437 3496 2490 si
3523 2436 3739 2496 fecisset
3762 2447 3809 2496 ut

2230 2515 2462 2582 Moyses.
2495 2519 2782 2592 POStquam
2805 2537 2832 2575 a
2867 2526 3003 2579 inari
3025 2524 3397 2595 discessisset,
3421 2528 3569 2585 aliud
3610 2532 3808 2587 terribi-

2229 2603 2339 2658 lius
2355 2606 2675 2661 miraculum
2689 2606 3051 2676 subsequitur.
3085 2609 3405 2663 Dieiuoinaci
3427 2611 3600 2674 enim,
3628 2624 3810 2680 quein-

2227 2695 2518 2753 admodum
2565 2697 2772 2769 fugitivi
2817 2700 3050 2770 improbi
3099 2701 3342 2759 videntes
3386 2704 3690 2774 dominum,
3728 2704 3808 2764 di-

2225 2788 2453 2844 cebant:
2481 2789 2573 2845 29.
2604 2789 2740 2857 Quid
2775 2792 2918 2846 nobis
2961 2801 3010 2846 et
3036 2793 3146 2860 tibi,
3175 2793 3303 2848 Jesu
3333 2793 3460 2849 Filii
3486 2794 3628 2854 Dei?
3657 2794 3808 2857 Veni-

2221 2882 2291 2935 sti
2317 2879 2415 2933 huc
2457 2890 2575 2935 ante
2615 2892 2810 2953 tempus
2855 2891 3089 2952 torquere
3130 2900 3246 2940 nos.
3292 2886 3422 2952 Quia
3452 2889 3600 2942 enim
3645 2889 3805 2945 turbas

2223 2970 2402 3042 ipsum
2445 2972 2716 3028 hominem
2761 2989 2884 3030 esse
2925 2976 3340 3045 conﬁtebantur,
3385 2990 3656 3038 venerunt
3695 2982 3801 3039 dai-

2223 3080 2414 3122 mones
2459 3067 2788 3124 divinitatem
2817 3069 2936 3140 ejus
2975 3072 3366 3141 prsidicantes:
3395 3082 3452 3129 et
3493 3075 3586 3145 qui
3613 3075 3804 3148 agitato

2225 3169 2514 3232 posteaque
2541 3161 2726 3216 sedato
2754 3164 2887 3218 mari
2926 3179 3035 3220 non
3068 3165 3368 3233 audierant,
3397 3167 3677 3226 daemonas
3705 3169 3802 3226 hoc

2221 3251 2519 3308 clamantes
2546 3253 2847 3324 audierunt,
2886 3257 3030 3328 quod
3057 3273 3207 3316 mare
3236 3262 3582 3332 tranquillum
3609 3263 3799 3320 factum

2218 3343 2618 3412 praidicaverat.
2652 3346 2851 3403 Deinde
2876 3363 2944 3404 ne
2974 3347 3076 3404 hoc
3103 3366 3200 3420 per
3217 3352 3582 3410 adulationem
3601 3354 3796 3411 dictum

2219 3435 2512 3506 videretur,
2541 3454 2605 3493 ex
2633 3455 2815 3494 rerum
2836 3443 3208 3511 experimento
3231 3446 3468 3502 clamant
3488 3448 3576 3503 his
3599 3447 3796 3505 verbis:

2228 3524 2419 3583 Venisti
2439 3527 2541 3582 huc
2580 3541 2698 3584 ante
2725 3539 2923 3602 tempus
2943 3543 3171 3604 torquere
3199 3552 3310 3592 nos.
3350 3537 3476 3593 Ideo
3502 3540 3658 3610 prius
3691 3540 3796 3596 ini-

2219 3619 2475 3676 micitiam
2501 3620 2758 3693 fatentur,
2787 3641 2855 3682 ne
2879 3637 3128 3698 suspecta
3154 3645 3342 3686 eorum
3373 3635 3701 3703 supplicatio
3723 3633 3797 3689 vi-

2218 3713 2459 3772 deretur.
2488 3716 2700 3772 Etenim
2728 3719 3072 3776 invisibiliter
3099 3724 3550 3793 verberabantur,
3595 3735 3653 3783 et
3681 3727 3795 3799 plus

2216 3821 2376 3879 quam
2405 3823 2555 3864 mare
2578 3810 2908 3866 fluctuabant
2931 3813 3154 3881 conﬁxi,
3199 3816 3490 3886 combusti,
3524 3828 3690 3891 atque
3732 3835 3795 3876 ex

2205 3902 2354 3960 sola‘
2377 3901 2664 3974 praesentia
2714 3903 3075 3961 intolerabilia
3127 3910 3412 3978 patientes.
3461 3913 3601 3978 Liuia
3651 3927 3791 3969 enim

2210 3992 2575 4050 diemoniacos
2605 3996 2724 4050 illos
2751 4013 2910 4053 nemo
2934 3998 3129 4056 offerre
3158 4003 3410 4070 audebat,
3457 4005 3708 4064 Christus
3733 4008 3794 4063 il-

2212 4083 2297 4138 los
2325 4084 2456 4140 adit.
2491 4086 2556 4142 Et
2579 4087 2858 4145 Matthmus
2887 4092 3106 4161 quidem
3159 4096 3346 4151 scribit
3371 4097 3579 4153 dixisse
3624 4100 3746 4155 illos
3774 4117 3789 4154 :

2219 4173 2415 4231 Venisti
2440 4177 2539 4231 huc
2565 4189 2684 4233 ante
2720 4190 2918 4253 tempus
2949 4193 3181 4253 torquere
3219 4204 3348 4252 nos;
3374 4189 3463 4244 alii
3496 4207 3629 4247 vero
3649 4193 3796 4249 addi-

2210 4269 2424 4334 derunt,
2457 4285 2554 4325 eos
2603 4270 2878 4342 adjurasse
2933 4290 3000 4330 ac
3051 4293 3269 4348 rogasse
3317 4279 3468 4336 illum
3530 4300 3602 4340 ne
3649 4301 3710 4342 se
3741 4285 3792 4340 in

2206 4361 2462 4432 abyssum
2489 4363 2785 4433 conjicerct
2808 4383 2824 4420 :
2854 4368 3111 4436 putabant
3134 4372 3278 4427 enim
3317 4372 3429 4445 jam
3461 4377 3668 4434 instare
3695 4378 3793 4435 sibi

2207 4459 2550 4529 supplicium,
2579 4470 2635 4516 et
2660 4462 2920 4518 timebant
2945 4467 3096 4536 quasi
3118 4467 3230 4538 jam
3276 4469 3330 4525 in
3378 4479 3651 4530 tormenta
3695 4473 3793 4532 de-

2208 4549 2376 4605 missi.
2399 4549 2552 4617 Quod
2578 4556 2622 4608 si
2643 4553 2816 4610 Lucas
2835 4555 2986 4628 (Cap.
3005 4557 3060 4630 8)
3083 4576 3246 4615 unum
3269 4572 3474 4619 tantum
3498 4577 3788 4635 memoret,

2208 4640 2296 4697 hic
2324 4651 2506 4698 autem
2531 4645 2688 4714 duos,
2721 4663 2896 4720 neque
2924 4651 3001 4706 sic
3027 4652 3352 4709 dissonantia
3380 4657 3558 4728 aliqua
3589 4659 3789 4715 indica-

2209 4743 2318 4792 tur.
2361 4736 2418 4794 Si
2441 4739 2584 4795 enim
2614 4739 2861 4810 dixisset,
2895 4752 3058 4799 unum
3089 4756 3293 4802 tantum
3318 4746 3502 4814 fuisse,
3537 4768 3640 4808 nec
3667 4753 3788 4809 alte-

2206 4844 2324 4885 rum
2355 4832 2649 4898 exstitisse,
2680 4843 2806 4891 tunc
2825 4837 3096 4893 videretur
3123 4855 3153 4894 a
3181 4839 3432 4896 Matthieo
3459 4843 3685 4901 differre
3723 4847 3786 4900 ἐ

2202 4935 2326 4976 cum
2349 4937 2478 4978 vero
2498 4923 2588 4980 ille
2629 4941 2814 4992 unum,
2848 4927 2935 4983 hic
2964 4931 3100 4986 duos
3130 4943 3393 4988 memorat
3412 4976 3429 5002 ,
3457 4951 3568 4991 non
3616 4952 3785 5008 pugna

2207 5013 2323 5069 haec
2349 5022 2434 5070 est
2455 5055 2471 5082 ,
2523 5016 2622 5072 sed
2649 5016 2948 5074 differentia
2981 5023 3253 5078 narrandi.
3286 5024 3410 5081 Mihi
3461 5027 3608 5083 enim
3639 5028 3786 5083 vide-

2204 5114 2291 5158 tur
2333 5105 2506 5161 Lucas
2531 5109 2795 5164 acriorem
2841 5111 2928 5166 hic
2980 5115 3388 5172 memorandum
3435 5122 3784 5190 suscepisse;

2201 5209 2531 5269 quapropter
2558 5201 2726 5270 magis
2769 5203 3024 5273 tragicam
3071 5205 3330 5264 describit
3377 5211 3784 5278 calamitatem,

2201 5289 2344 5358 quod
2390 5305 2585 5361 nempe
2613 5293 2821 5350 vincula
2845 5304 2900 5351 et
2943 5306 3161 5355 catenas
3188 5301 3520 5373 dirunlpens,
3557 5321 3656 5375 per
3688 5307 3783 5360 de-

2203 5390 2407 5434 sertum
2441 5393 2689 5439 erraret:
2719 5384 2928 5443 Marcus
2978 5404 3108 5446 vero
3136 5393 3265 5448 dicit
3312 5393 3486 5466 ipsum
3540 5413 3666 5454 sese
3709 5398 3779 5451 la-

2200 5471 2414 5541 pidibus
2442 5477 2796 5545 percussisse.
2831 5479 3004 5537 Verba
3045 5494 3225 5542 autem
3265 5502 3450 5543 eorum
3477 5489 3780 5545 immanita-

2204 5573 2312 5621 tem
2363 5565 2862 5642 impudentiamque
2896 5573 3195 5635 declarant.
3257 5579 3452 5637 Venisti
3501 5587 3643 5637 enim
3681 5583 3776 5638 huc

2273 5753 2283 5781 Ι
2337 5752 2411 5784 Hii
2469 5758 2694 5784 ηηηιριη·

2273 5753 2283 5781 ι
2386 5752 2411 5759 ..
2540 5763 2551 5784 ,
2586 5763 2608 5784 ρ
2647 5763 2658 5778 1
2687 5763 2694 5769 _

2270 5817 2291 5847 ’
2713 5743 2846 5870 (illusi,
2863 5807 3105 5862 videretur
3130 5807 3348 5859 ,πριιιιωο
3365 5800 3710 5869 contradicere,
