4058 6356
177 356 269 413 551

169 483 390 537 ἑαυτοῦ.
422 477 588 530 Ἔνθα
618 478 717 547 μὲν
743 476 849 546 γάρ
879 475 1168 546 θαυμάτων
1206 476 1459 540 ἐπίδειξις
1495 472 1585 547 ἦν,
1618 478 1713 531 καὶ
1749 478 1842 531 τὸν

172 566 347 635 δῆμον
376 562 565 631 ἀφίησι
613 561 866 629 παρεῖναι
887 575 899 585 ·
930 559 1057 610 ἔνθα
1083 559 1139 611 δὲ
1167 559 1488 629 πειρασμῶν
1531 559 1623 611 καὶ
1662 560 1841 628 φόϐων

175 647 566 705 ἐπανάστασις,
591 644 715 705 τοὺς
744 641 979 709 ἀθλητάς
1012 642 1109 709 τῆς
1142 642 1491 711 οἰκουμένης,
1522 641 1615 705 οὒς
1634 644 1841 712 γυμνά-

173 732 291 793 ζειν
323 726 535 796 ἔμελλε,
557 724 778 786 τούτους
804 724 1221 793 παραλαμϐάνει
1265 725 1477 793 μόνους.
1531 726 1641 777 Kal
1684 728 1713 778 6
1745 728 1842 795 μὲν

167 811 449 873 Ματθαῖος
466 810 547 861 δτι
570 808 857 861 ἐκάθευδεν
878 804 1028 860 εἷπεν
1053 808 1095 837 ⁷⁸
1116 807 1319 869 ἁπλῶς,
1337 811 1365 860 6
1389 806 1444 860 δέ
1461 808 1674 871 Λουκᾶς
1696 810 1739 840 ⁷⁸
1761 811 1841 862 ὃτι

167 895 226 943 ἐν
259 890 686 961 προσκεφαλαίῳ
714 891 866 961 φησί,
894 890 1105 953 δεικνύς
1133 907 1189 942 τε
1219 888 1280 942 τὸ
1318 890 1543 957 ἄτυφον.
1583 893 1678 943 καὶ
1712 895 1837 945 πολι

165 977 263 1046 λὴν
290 974 539 1029 ἐντεῦθεν
563 975 714 1043 ἡμᾶς
752 972 1021 1026 παιδεύων
1042 972 1380 1041 φιλοσοφίαν.
1416 973 1522 1026 Τοῦ
1548 974 1840 1026 κλυδωνίου

164 1059 346 1111 τοίνυν
366 1057 754 1129 διεγερθέντος.
780 1057 874 1110 καὶ
901 1057 1000 1126 τῆς
1034 1056 1309 1121 Θαλάσσης
1353 1057 1706 1127 μαινομένης,
1759 1058 1839 1110 δι-

165 1141 478 1211 εγείρουσιν
507 1140 669 1194 αὑτὸν
699 1140 966 1207 λέγοντες·
994 1140 1187 1209 Κύριε,
1217 1138 1426 1193 σῶσον
1450 1138 1624 1207 ἡμᾶς,
1659 1140 1843 1193 ἀπολ-

163 1226 414 1291 λύμεθα.
466 1224 522 1275 ’0
547 1224 602 1277 δέ
633 1223 813 1286 αὐτοῖς
857 1222 1093 1291 ἐπετίμα
1122 1223 1228 1293 πρὸ
1256 1223 1353 1293 τῆς
1385 1222 1679 1292 θαλάσσης.
1732 1225 1841 1278 Kal

165 1306 293 1375 γάρ,
330 1308 468 1374 ὅπερ
505 1305 661 1376 ἐφην,
690 1305 996 1374 γυμνασίας
1031 1305 1217 1357 ἕνεκεν
1256 1306 1429 1360 ταῦτα
1461 1309 1837 1376 συνεχωρεῖτο,

168 1390 259 1442 καὶ
282 1390 455 1451 τύπος
480 1385 547 1460 ἦν
580 1387 689 1440 τῶν
718 1387 1019 1457 μελλόντων
1046 1387 1454 1457 καταλήψεσθαι
1482 1388 1677 1451 αὐτοὺς
1717 1405 1837 1441 πει-

168 1473 548 1543 ρασμῶν.Καὶ
567 1472 675 1542 γάρ
702 1472 793 1524 καὶ
828 1470 965 1541 μετά
996 1470 1167 1523 ταῦτα
1201 1470 1461 1534 πολλάκις
1502 1471 1713 1540 ἀφῆκεν
1742 1472 1840 1525 αύ-

164 1559 287 1619 τοὺς
318 1559 396 1619 εἰς
426 1555 838 1625 χαλεπωτέρους
867 1551 1014 1623 [534]
1043 1552 1316 1623 χειμῶνας
1358 1553 1697 1623 πραγμάτων
1734 1553 1835 1623 ἐμ-

165 1642 370 1701 πσεῖν,
409 1640 503 1690 καὶ
531 1637 978 1708 ἐμακροθύμησε.
1017 1636 1108 1688 Διὸ
1140 1636 1234 1688 καὶ
1264 1635 1471 1699 Παῦλος
1493 1636 1675 1703 ἔλεγεν
1702 1654 1714 1666 ·
1753 1638 1836 1690 Οὑ

165 1722 313 1775 θέλω
335 1721 403 1774 δὲ
434 1719 589 1790 ὑμᾶς
611 1720 871 1789 ἀγνοεῖν,
901 1719 1171 1787 ἀδελφοὶ,
1210 1718 1299 1772 ὅτι
1328 1719 1454 1774 καθ’
1492 1719 1837 1787 ὑπερϐολὴν

161 1802 586 1869 ἑϐαρήθημεν⁷³
603 1802 752 1870 ὑπὲρ
766 1802 1039 1870 δύναμιν,
1053 1799 1209 1853 ὥστε
1222 1800 1663 1869 ἐξαπορηθῆναι
1678 1800 1835 1871 ἡμᾶς

162 1885 255 1937 καὶ
277 1885 384 1939 τοῦ
401 1884 509 1951 ζῇν
530 1902 545 1915 ·
569 1884 663 1938 καὶ
690 1884 827 1955 μετά
842 1884 1013 1937 ταῦτα
1036 1884 1219 1949 πάλιν,
1247 1886 1351 1950 Ὃς
1371 1886 1439 1937 ἐκ
1468 1887 1836 1951 τηλικούτων

162 1967 431 2021 θανάτων
455 1969 749 2035 ἐρρύσατο
774 1965 952 2035 ἡμᾶς.
984 1968 1208 2030 Δεικνῦς
1245 1967 1423 2019 τοίνυν
1448 1967 1718 2030 ἐντεῦθεν,
1751 1969 1834 2022 ὅτι

163 2050 385 2121 θαρρεῖν
415 2051 546 2123 χρὴ,
590 2050 695 2103 κᾶν
728 2049 936 2120 μεγάλα
977 2049 1309 2119 διεγείρηται
1351 2049 1419 2101 τὰ
1469 2047 1710 2118 κύματα,
1740 2052 1834 2103 καὶ

162 2135 241 2187 ὅτι
270 2134 448 2188 πάντα
473 2133 859 2205 συμφερόντως
894 2133 1168 2201 οἰκονομεῖ
1192 2172 1207 2195 ,
1255 2129 1471 2201 πρῶτον
1500 2132 1682 2194 αὐτοῖς
1712 2133 1834 2184 ἐπι-

158 2219 314 2289 τιμᾷ.
350 2218 463 2271 Kal
515 2219 625 2289 γάρ
671 2215 802 2271 αὐτὸ
830 2217 877 2246 ⁷⁸
917 2215 981 2268 τὸ
1028 2214 1391 2287 θορυϐηθῆναι
1446 2216 1833 2286 συμφερόντως

161 2302 388 2369 ἐγίνετο,
420 2300 559 2353 ὥστε
593 2300 776 2369 μεῖζον
802 2298 1035 2369 φανῆναι
1058 2299 1118 2350 τὸ
1134 2296 1340 2369 θαῦμα,
1370 2298 1465 2351 καὶ
1492 2298 1713 2369 διηνεκῆ
1737 2316 1831 2365 γε·

158 2382 348 2436 νέσθαι
378 2382 473 2435 τοῦ
506 2382 812 2452 συμϐάντος
834 2381 933 2452 τὴν
956 2383 1058 2452 μνή
1069 2398 1195 2451 μην.
1218 2382 1386 2434 Ὅταν
1406 2380 1514 2451 7&9
1531 2381 1832 2450 παράδοξόν

158 2483 211 2517 τι
238 2464 496 2533 γενέσθαι
535 2464 724 2536 μέλλῃ,
751 2463 919 2516 πολλὰ
950 2461 1527 2531 προκατασκευάζεται
1552 2463 1597 2493 ⁷³
1631 2463 1828 2531 πρότε-

160 2565 249 2616 ρον
296 2549 522 2617 μνήμης
569 2545 849 2615 ποιητικά,
911 2544 998 2598 Eva
1050 2544 1124 2615 μὴ
1156 2544 1293 2615 μετά
1342 2545 1404 2596 τὸ
1440 2544 1732 2615 παρελθεῖν
1771 2544 1831 2595 τὸ

156 2630 345 2698 θαῦμα
369 2632 449 2692 είς
466 2627 636 2698 λήθην
660 2628 993 2699 ἐμπέσωσιν.
1018 2626 1175 2680 Οῦτω
1199 2628 1291 2680 καὶ
1310 2628 1547 2697 Μωῦσῆς
1568 2627 1831 2697 πρότερον

156 2714 405 2782 φοϐεῖται
436 2712 526 2764 τὸν
548 2710 695 2778 ὅφιν,
732 2711 823 2763 καὶ
871 2710 1117 2777 φοϐεῖται
1159 2711 1258 2780 οὐχ
1300 2710 1509 2773 ἁπλῶς,
1561 2709 1696 2763 ἀλλά
1738 2710 1831 2761 καὶ

158 2794 294 2863 μετὰ
348 2792 544 2861 πολλῆς
572 2793 672 2861 τῆς
701 2792 963 2859 ἀγωνίας,
1006 2792 1101 2844 καὶ
1147 2792 1271 2845 τότε
1303 2792 1409 2863 ὁρᾷ
1436 2792 1497 2844 τὸ
1528 2790 1830 2862 παράδοξον

154 2880 335 2931 ἐκεῖνο
393 2876 695 2945 γινόμενον.
742 2873 899 2928 Οῦτω
952 2874 1049 2927 καὶ
1104 2866 1251 2927 οῦτοι
1284 2915 1299 2938 ,
1357 2875 1829 2945 προσδοκήσαντες

152 2961 493 3014 ἀπόλλυσθαι
531 2960 814 3030 πρότερον,
852 2958 973 3011 τότε
999 2956 1137 3010 ἐσώο
1153 2973 1320 3028 ησανο
1353 2958 1440 3009 ῖνα
1464 2959 1829 3029 ὁμολογήσαν-

150 3063 239 3108 τες
269 3046 369 3098 τὸν
396 3045 657 3107 κίνδυνον,
685 3044 897 3115 μάθωσι
927 3042 1022 3096 τοῦ
1056 3042 1329 3113 θαύματος
1351 3044 1412 3095 τὸ
1455 3042 1700 3113 μέγεθος.
1733 3042 1832 3097 Διὰ

150 3130 313 3181 τοῦτο
355 3129 449 3181 καὶ
470 3126 749 3181 καθεύδει’
780 3127 830 3178 εί
860 3126 969 3197 7&9
998 3125 1367 3197 ἐγρηγορότος
1390 3125 1624 3193 ἐγένετο,
1658 3124 1692 3195 ἢ
1731 3126 1832 3179 οὐκ

154 3213 219 3266 ἂν
247 3210 618 3281 ἐφοϐήθησαν,
639 3210 672 3281 ἢ
697 3209 795 3261 ούκ
825 3209 891 3262 ἂν
919 3208 1297 3279 παρεκάλεσαν
1320 3246 1335 3270 ,
1397 3207 1430 3278 ἦ
1476 3207 1584 3259 οὐδ’
1612 3207 1677 3260 ἂν
1716 3208 1831 3260 ἐνό-

154 3295 384 3365 μισαν⁷⁸
411 3294 569 3346 αὑτὸν
586 3292 843 3346 δύνασθαι
857 3292 1096 3344 τοιοῦτόν
1120 3309 1171 3343 τι
1186 3294 1379 3344 ποιεῖν.
1401 3291 1496 3344 Διά
1516 3290 1672 3344 τοῦτο
1698 3290 1830 3345 καθ-

153 3378 296 3431 εύδει
327 3418 344 3438 ,
376 3376 550 3438 διδοὺς
588 3374 777 3445 καιρὸν
810 3376 875 3445 τῇ
903 3374 1094 3445 δειλίᾳ,
1152 3374 1245 3426 καὶ
1284 3373 1615 3444 τρανοτέραν
1646 3374 1829 3437 αὐτοῖς

152 3461 327 3513 ποιῶν
360 3460 455 3528 τὴν
482 3457 733 3528 αἴσθησιν
760 3456 869 3508 τῶν
899 3456 1218 3525 γινομένων.
1254 3457 1331 3508 Οὐ
1377 3455 1485 3526 7&9
1512 3456 1712 3525 ὁμοίως
1744 3474 1829 3520 τις

148 3545 253 3614 ὁρᾷ
284 3542 361 3594 τὰ
398 3544 456 3593 ἐν
484 3543 597 3603 τοῖς
642 3538 943 3608 ἀλλοτρίοις
974 3537 1190 3609 σώμασι
1235 3539 1520 3608 γινόμενα,
1556 3539 1743 3592 καὶτὰ
1770 3541 1827 3591 ἐν

150 3624 355 3694 ἐαυτῷ.
392 3624 543 3676 Ἐπεὶ
571 3618 665 3679 οὖν
691 3622 899 3685 πάντας
932 3619 1069 3675 εἶδον
1091 3621 1567 3692 εὐεργετηθέντας,
1602 3622 1826 3685 ἐαυτοῦς

149 3707 204 3760 δὲ
253 3705 475 3768 οὐδενὸς
520 3705 978 3767 ἀπολελαυκότας,
1016 3704 1114 3758 καὶ
1160 3705 1203 3735 ⁷⁷
1244 3703 1424 3757 ὕπτιοι
1460 3700 1621 3774 ἦσαν,
1662 3706 1823 3773 (οὔτε

149 3791 257 3860 7&9
288 3788 479 3858 χωλοὶ,
507 3785 630 3839 οὔτε
663 3786 791 3841 ἄλλο
815 3804 869 3840 τι
893 3786 1132 3842 τοιοῦτον
1157 3786 1369 3857 νόσημα
1396 3783 1579 3858 εἶχον)
1608 3788 1654 3819 ⁷⁸
1671 3830 1686 3850 ,
1716 3789 1822 3843 ἔδει

148 3875 203 3927 δὲ
243 3872 446 3935 αὐτοὺς
500 3871 589 3925 διὰ
630 3871 732 3941 τῆς
777 3870 983 3935 οίκείας
1011 3870 1318 3941 αἰσθήσεως
1354 3870 1661 3924 ἀπολαῦσαι
1713 3874 1823 3925 τῶν

149 3954 485 4025 εὐεργεσιῶν
501 3969 514 3981 '
539 3956 811 4023 συγχωρεῖ
831 3954 924 4007 τὸν
946 3954 1212 4023 χειμῶνα,
1234 3954 1321 4007 ἵνα
1344 3954 1431 4008 διὰ
1462 3955 1559 4025 τῆς
1586 3956 1824 4010 ἀπαλλα-

1192 361 1257 415 IN
1299 361 1709 420 MATTIUECM
1750 364 1984 419 IIOMIL.
2028 362 2232 418 XXVIII
2289 365 2357 418 :II.
2396 362 2589 419 XXIX.

3504 364 3612 421 359.

1948 494 2067 548 σῃς,
2094 480 2143 529 εἰ
2169 477 2274 529 τῶν
2300 476 2557 548 μαθητῶν
2585 476 2936 546 ἀτελέστερον
2977 477 3335 547 διακειμένων
3367 479 3417 531 οῑ
3461 478 3612 547 ὄχλοι

1942 560 2097 612 οὐδὲν
2128 560 2271 629 μέγα
2300 561 2425 629 περὶ
2456 560 2620 613 αὑτοῦ
2658 560 3055 629 ἐφαντάζοντο·
3113 559 3464 630 Ἐθαύμαζὶνν
3502 578 3614 631 mp

1940 641 2256 709 λέγοντες·
2314 644 2587 706 Ποταπός
2633 642 2804 694 ἐστιν
2846 637 3020 705 οὗτος
3076 643 3108 693 ό
3147 641 3477 709 ἄνθρωπος,
3524 642 3614 695 ὅτι

1942 722 2037 775 καὶ
2064 721 2100 788 ή
2133 721 2205 774 (Ιὰ
2218 725 2414 775 λασσα
2445 723 2542 775 καὶ
2568 726 2621 775 οί
2648 722 2853 791 ἄνεμοι
2882 723 3299 776 ὑπακούουσιν
3324 720 3519 789 αὑτῷ;
3551 725 3612 775 ὐ

1940 804 1997 857 δὲ
2025 803 2258 872 Χριστὸς
2308 805 2407 856 οὑκ
2436 804 2785 874 ἐπετίμησεν,
2837 804 2919 856 ὃτι
2960 804 3243 872 ἄνθρωπον
3278 806 3440 859 αὑτὸν
3478 807 3609 859 ἐκά-

1940 887 2085 948 λουν,
2111 886 2225 937 ἀλλ’
2247 887 2498 956 ἀνέμενε,
2522 886 2607 939 διά
2623 887 2730 939 τῶν
2750 886 2994 956 σημείων
3022 887 3216 951 αὐτοὺς
3249 888 3515 941 διδάσκων
3542 890 3610 955 ⁸⁸,

1940 970 2021 1020 ὅτι
2057 969 2448 1038 πεπλανημένη
2502 966 2571 1040 ἦν
2618 970 2797 1023 αὐτῶν
2830 972 2863 1041 ή
2903 970 3190 1040 ὑπόληψις.
3231 970 3399 1023 Πόθεν
3432 971 3488 1024 δέ
3520 972 3612 1025 ἆν-

1942 1050 2159 1121 θρωπον
2191 1052 2342 1124 [5551
2374 1052 2535 1105 αὐτὸν
2565 1054 2850 1122 ἐνόμιζον;
2900 1055 3031 1107 Ἀπό
3065 1072 3124 1107 τε
3154 1056 3252 1125 τῆς
3273 1056 3468 1124 ὖψεως,
3504 1055 3613 1108 ἀπό

1940 1147 2000 1182 τε
2028 1130 2122 1183 τοῦ
2156 1130 2344 1195 ὕπνου,
2386 1133 2480 1185 καὶ
2510 1132 2605 1185 τοῦ
2638 1132 2807 1205 πλοίῳ
2854 1134 3176 1203 κεχρῆσθαι.
3218 1135 3318 1187 Διά
3360 1136 3424 1206 δὴ
3453 1134 3613 1188 τοῦτο

1941 1214 2023 1275 εἰς
2076 1215 2386 1285 ἀμηχανίαν
2445 1215 2735 1281 ἐξέπιπτον
2789 1218 3075 1286 λέγοντες·
3111 1219 3385 1285 Ποταπός
3441 1219 3614 1271 ἐστιν

1939 1288 2153 1359 οὗτος;
2203 1296 2258 1348 '0
2294 1296 2392 1365 μὲν
2422 1297 2529 1367 7&9
2554 1297 2719 1362 ῦπνος
2751 1300 2846 1351 καὶ
2879 1301 2940 1353 τὸ
2970 1303 3293 1372 φαινόμενον
3324 1301 3612 1373 ἄνθρωπον

1939 1374 2147 1428 ἐδείκνυ
2170 1393 2183 1406 ο
2218 1380 2251 1449 ή
2278 1380 2333 1431 δὲ
2369 1378 2605 1432 θάλαττα
2635 1383 2727 1435 καὶ
2755 1384 2787 1453 ή
2822 1384 3030 1454 γαλήνη
3064 1385 3196 1437 Θεὸν
3228 1386 3509 1455 ἐνέφαινεν
3538 1386 3605 1437 ⁸⁸.

2010 1458 2075 1529 β’.
2116 1462 2332 1533 Ἐπειδὴ
2357 1464 2463 1535 7&9
2491 1467 2583 1517 καὶ
2599 1466 2835 1537 Μωῦσῆς
2861 1468 3085 1538 ἐποίησέ
3108 1485 3160 1520 τι
3186 1467 3426 1522 τοιοῦτόν
3453 1485 3610 1531 ποτε,

1938 1544 2031 1594 καὶ
2057 1544 2311 1597 ἐντεῦθεν
2345 1546 2583 1600 δείκνυσι
2619 1549 2718 1618 τὴν
2756 1550 3059 1621 ὑπεροχήν·
3097 1554 3187 1604 καὶ
3220 1553 3299 1605 ὃτι
3349 1555 3377 1606 6
3412 1554 3509 1623 μὲν
3533 1553 3611 1616 ὡς

1936 1623 2157 1687 δοῦλος,
2212 1628 2239 1678 6
2281 1627 2338 1679 δὲ
2382 1628 2458 1690 ὡς
2500 1632 2772 1699 Δεσπότης
2832 1632 3237 1705 θαυματουργεῖ
3261 1626 3327 1688 δ’.
3386 1636 3460 1688 Οὐ
3498 1636 3611 1706 γὰρ

1939 1707 2134 1776 ῥάϐδον
2163 1709 2364 1764 ἐτεινεν
2394 1712 2581 1783 ὥσπερ
2608 1716 2832 1777 ἐκεῖνος,
2863 1717 2984 1769 ούδέ
3013 1721 3200 1787 χεῖρας
3237 1719 3499 1784 ἐξέτεινεν
3528 1722 3607 1783 εἰς

1934 1790 2026 1842 ’ὢν
2050 1792 2297 1863 οὐρανὸν,
2326 1795 2446 1847 ούδέ
2481 1796 2643 1865 εὐχῆς
2675 1797 2867 1868 ἐδεήθη
2898 1810 2913 1826 ⁸
2959 1800 3075 1851 ἀλλ’
3113 1800 3302 1871 ὥσπερ
3347 1801 3491 1864 είκδς
3520 1802 3611 1854 δε·⁹

1935 1872 2139 1943 σπότην
2160 1877 2512 1930 ἐπιτάττοντα
2528 1879 2885 1950 θεραπαινίδι,
2911 1884 3002 1934 καί¹
3023 1886 3095 1952 Δη
3105 1884 3359 1953 μιουργὸν
3376 1884 3609 1953 κτίσμα-

1912 1971 2006 2017 .τι,
2028 1956 2201 2018 οὕτως
2238 1961 2408 2029 αὐτὴν
2441 1963 2752 2016 κατέστειλέ
2782 1981 2840 2016 τε
2870 1966 2964 2017 καὶ
3002 1966 3293 2035 ἐχαλίνωσε
3323 1967 3466 2036 λόγῳ
3512 1968 3607 2020 καὶ

1934 2036 2271 2110 ἐπιτάγματι
2300 2044 2461 2112 μόνον
2487 2060 2501 2073 ·
2536 2044 2630 2097 καὶ
2668 2046 2818 2100 πᾶσα
2834 2047 3034 2110 εὐθέως
3062 2049 3245 2101 ἐλύετο
3269 2051 3302 2119 ὴ
3334 2050 3607 2119 ζάλη,καὶ

1931 2120 2052 2174 ούδέ
2084 2123 2225 2193 ἴχνος
2250 2125 2485 2195 ἀπέμενε
2517 2128 2562 2157 ⁸³
2590 2128 2687 2197 τῆς
2714 2131 2978 2199 ταραχῆς.
3013 2132 3181 2184 Τοῦτο
3206 2133 3313 2202 7&9
3336 2132 3603 2202 ἐδήλωσεν

1930 2203 1959 2254 6
1996 2204 2385 2280 εύαγγελιστὴς
2416 2208 2585 2262 εἰπών
2608 2224 2621 2237 ·
2658 2211 2766 2264 Καὶ
2796 2212 3028 2281 ἐγένετο
3076 2213 3307 2281 γαλήνη
3344 2214 3596 2284 μεγάλη.

1933 2286 2044 2339 Kal
2070 2288 2207 2359 ὅπερ
2236 2290 2281 2320 ⁸⁸
2312 2292 2441 2365 περὶ
2488 2293 2580 2346 τοῦ
2630 2294 2840 2364 Πατρὸς
2886 2295 2959 2357 ὼε
3010 2296 3150 2365 μέγα
3204 2296 3409 2367 εἴρητο,
3444 2297 3601 2351 τοῦτο

1930 2371 2092 2435 αὐτὸς
2142 2373 2228 2427 διὰ
2276 2375 2384 2428 τῶν
2429 2376 2603 2447 ἔργων
2649 2378 2957 2442 ἐπεδείξατο
3002 2379 3183 2432 πάλιν.
3232 2381 3296 2432 Τί
3326 2381 3382 2434 δὲ
3413 2383 3602 2452 εἴρητο

1930 2455 2061 2523 περὶ
2081 2457 2246 2510 αὑτοῦ
2268 2455 2462 2520 ;Εἷπε,
2482 2461 2633 2529 φησί,
2656 2461 2751 2513 καὶ
2789 2459 2937 2527 ἔστη
2974 2460 3207 2529 πνεῦμα
3237 2462 3599 2532 καταιγίὸος.

1931 2532 2089 2617 Οῦτω
2121 2539 2213 2592 καὶ
2238 2541 2465 2595 ἐνταῦθα
2491 2560 2503 2572 ’
2539 2538 2696 2603 Εἷπε,
2743 2544 2836 2596 καὶ
2865 2545 3081 2610 ἐγένετο
3126 2544 3332 2615 γαλήνη
3366 2545 3601 2617 μεγάλη.

1928 2616 2019 2669 Διὸ
2050 2619 2281 2687 μάλιστα
2318 2624 2410 2676 καὶ
2432 2623 2738 2693 ἐθαύμαζον
2758 2625 2806 2677 οἱ
2838 2624 2984 2693 ὄχλοι
3016 2626 3195 2690 αὑτὸν,
3231 2626 3329 2678 ούκ
3362 2626 3429 2678 ἂν
3468 2626 3602 2680 θαυ-

1932 2699 2221 2770 μάσαντες,
2252 2705 2410 2776 εἴπερ
2438 2706 2607 2771 οὕτως
2630 2708 2889 2777 ἐποίησεν
2932 2707 3007 2770 ὼς
3054 2710 3258 2770 ἐκεῖνος
3286 2708 3353 2762 ⁸⁵.
3381 2709 3603 2780 Ἐπειδὴ

1928 2784 1984 2836 δὲ
2006 2785 2187 2856 ἀπέϐη
2218 2788 2318 2858 τῆς
2348 2789 2639 2860 θαλάττης,
2666 2791 2967 2861 διαδέχεται
3012 2790 3194 2862 θαῦμα
3225 2792 3411 2862 ἕτερον
3440 2794 3604 2861 φοϐε-

1932 2866 2185 2939 ρώτερον.
2221 2873 2593 2941 Δαιμονῶντες
2625 2875 2732 2944 γάρ
2782 2873 3031 2945 καθάπερ
3068 2873 3332 2946 δραπέται
3372 2874 3601 2948 πονηροὶ

1927 2952 2191 3022 δεσπότην
2216 2954 2435 3020 ἰδόντες,
2455 2956 2637 3023 ἔλεγον
2660 2973 2674 2987 ⁶
2716 2959 2775 3010 Τί
2804 2958 2949 3027 ἡμῖν
2975 2959 3071 3011 καὶ
3098 2959 3219 3021 σοί,
3263 2961 3465 3027 Ἰησοῦ
3507 2965 3551 3014 Υ
3548 2964 3602 3016 ίέ

1932 3036 2039 3089 τοῦ
2081 3038 2264 3102 Θεοῦ;
2292 3038 2474 3106 ἦλθες
2501 3034 2616 3094 ὦδε
2649 3041 2763 3109 πρὸ
2799 3041 3005 3109 καιροῦ
3033 3042 3369 3105 βασανίσαι
3400 3043 3601 3113 ἡμᾶς

1946 3117 2161 3190 Ἐπειδὴ
2190 3120 2298 3191 7&9
2327 3120 2609 3193 ἄνθρωπον
2627 3123 2788 3175 αὑτὸν
2817 3123 3000 3190 ἔλεγον
3022 3123 3067 3154 ⁸⁸
3096 3124 3147 3176 οἱ
3174 3124 3340 3193 ὄχλοι,
3361 3121 3523 3195 ἦλθον
3550 3129 3601 3179 οἱ

1930 3198 2177 3270 δαίμονες
2208 3204 2305 3273 τὴν
2334 3203 2561 3275 θεότητα
2581 3204 2743 3257 αὑτοῦ
2771 3203 3233 3275 άνακηρύττοντες
3259 3221 3271 3234 ·
3298 3207 3390 3258 καὶ
3422 3210 3469 3259 οἱ
3500 3209 3599 3278 τῆς

1931 3280 2201 3354 θαλάττης
2260 3286 2634 3357 κυμαινούσης
2692 3288 2786 3340 καὶ
2850 3287 3011 3340 πάλιν
3059 3287 3442 3359 ἡσυχαζούσης
3498 3292 3601 3345 οὐκ

1928 3365 2213 3429 ἀκούοντες
2230 3368 2295 3432 ⁸⁷,
2318 3368 2515 3438 ἤκουον
2542 3369 2649 3422 τῶν
2670 3370 2937 3440 δαιμόνων
2958 3369 3129 3422 ταῦτα
3153 3368 3420 3438 βοώντων,
3456 3372 3601 3445 άπερ

1930 3448 2111 3519 ἐκείνη
2144 3450 2233 3505 διά
2260 3452 2359 3521 τῆς
2399 3453 2639 3522 γαλήνης
2672 3452 2920 3523 ἔκραζεν.
2959 3451 3089 3506 Εἶτα
3130 3455 3214 3507 ἵνα
3245 3456 3320 3526 μὴ
3350 3457 3474 3527 δόξῃ
3510 3474 3600 3510 κο-

1926 3531 2149 3596 λακείας
2164 3534 2225 3585 τὸ
2245 3536 2475 3605 πρᾶγμα
2506 3532 2663 3600 εἶναι,
2697 3537 2805 3591 ἀπὸ
2836 3538 2933 3607 τῆς
2971 3538 3165 3608 πείρας
3202 3539 3311 3591 τῶν
3338 3542 3601 3611 πραγμά-

1924 3631 2032 3667 των
2055 3615 2216 3685 βοῶσι
2231 3616 2480 3684 λέγοντες
2502 3636 2513 3647 ·
2538 3614 2753 3684 ’Ἦλθες
2766 3614 2882 3673 ὧδε
2900 3620 3013 3689 πρὸ
3032 3622 3240 3691 καιροῦ
3258 3624 3598 3686 βασανίσαι

1923 3698 2117 3766 ἡμᾶς
2148 3699 2246 3752 Διά
2272 3699 2336 3771 δὴ
2365 3699 2522 3754 τοῦτο
2569 3702 2833 3775 πρότερον
2860 3703 3202 3776 ὡμολόγηται
3247 3705 3293 3737 ⁸⁸
3319 3708 3351 3776 ή
3401 3705 3595 3776 ἔχθρα,

1925 3782 2010 3835 ἵνα
2042 3784 2116 3853 μή
2140 3782 2375 3848 ὕποπτος
2400 3784 2631 3856 αύτῶνή
2658 3787 2904 3858 ἱκετηρία
2920 3788 3167 3859 γένηται.
3191 3789 3303 3843 Kal
3326 3789 3433 3860 7&9
3455 3791 3594 3858 ἐμα-

1926 3866 2168 3931 στίςοντο
2200 3867 2468 3939 ἀοράτως,
2514 3870 2608 3923 καὶ
2637 3870 2736 3939 τῆς
2770 3870 3039 3943 θαλάττης
3084 3872 3433 3941 ἐχειμάζοντο
3461 3871 3595 3941 μᾶλ-

1920 3954 2033 4016 λον,
2072 3952 2419 4022 κεντούμενοι
2466 3954 2562 4007 καὶ
2592 3954 3021 4025 ἐμπιπράμενοι,
3062 3955 3154 4007 καὶ
3206 3954 3274 4008 τὰ
3320 3956 3595 4024 ἀνήκεστα

146 4022 257 4107 γῆς
284 4022 627 4106 σαφεστέραν
648 4022 897 4091 λάϐωσιν
932 4022 1183 4105 αἴσθησιν
1215 4037 1313 4107 τῆς
1338 4022 1677 4107 εὐεργεσίας.
1723 4022 1888 4088 Διῶ-
1922 4037 2225 4104 πάσχοντες
2273 4036 2383 4089 ἀπὸ
2415 4038 2516 4107 τῆς
2562 4022 2865 4108 παρουσίας
2901 4039 3068 4109 μόνης
3106 4039 3172 4093 ⁸⁸.
3218 4022 3433 4106 Ἐπειδὴ
3485 4038 3597 4107 7&9

145 4120 306 4174 τοῦτο
333 4119 457 4173 οὐδὲ
490 4118 771 4191 παρόντων
799 4117 911 4173 τῶν
960 4118 1132 4189 ὄχλων
1166 4118 1323 4172 τοῦτο
1355 4121 1521 4183 ποιεῖ,
1563 4118 1704 4173 ὥστε
1742 4121 1817 4191 μὴ

146 4200 599 4273 καταγνωσθῆναι
628 4200 998 4269 ὁλιγοπιστίας
1022 4202 1067 4233 ’³
1090 4217 1104 4231 ο
1142 4200 1257 4254 ἀλλ’
1280 4202 1477 4265 αὐτοὺς
1508 4201 1700 4272 μόνους
1725 4201 1818 4255 λα-

146 4286 255 4341 ϐὼν
284 4282 615 4354 διορθοῦται,
661 4285 757 4338 καὶ
790 4284 896 4356 πρὸ
918 4283 1013 4337 τοῦ
1052 4284 1318 4355 χειμῶνος
1356 4284 1462 4337 τῶν
1494 4285 1701 4339 ὑδάτων
1723 4286 1814 4341 τὸν

145 4366 397 4440 χειμῶνα
423 4367 521 4436 τῆς
548 4366 726 4438 ψυχῆς
764 4366 945 4421 αὐτῶν
1000 4366 1141 4431 λύει,
1184 4366 1449 4436 ἐπιτιμῶν
1483 4368 1576 4420 καὶ
1603 4366 1775 4436 λέγων
1794 4385 1808 4400 ·

150 4454 211 4507 Τί
232 4452 429 4506 δειλοί
454 4451 615 4517 ἐστε,
640 4451 1052 4519 όλιγόπιστοι;
1100 4451 1194 4504 καὶ
1226 4450 1495 4503 παιδεύων
1542 4450 1701 4522 ὁμοῦ,
1728 4454 1812 4507 ὅτι

144 4536 233 4588 τὸν
281 4534 452 4603 φόϐον
497 4535 593 4604 οὐχ
624 4534 791 4605 ἡτῶν
826 4535 1145 4605 πειρασμῶν
1192 4535 1488 4606 ἐργάζεται
1526 4536 1809 4606 ἐπαγωγή,

144 4619 278 4673 ἀλλά
296 4620 363 4671 τὸ
390 4622 488 4690 τῆς
506 4619 742 4682 διανοίας
765 4618 1009 4682 ἀσθενές.
1037 4619 1100 4671 Εἰ
1121 4617 1180 4670 δὲ
1199 4618 1346 4686 λέγοι
1372 4635 1477 4682 τις,
1502 4620 1583 4672 ὅτι
1608 4619 1813 4683 δειλίας

143 4704 240 4755 οὐκ
295 4698 389 4772 ἦν,
439 4702 560 4754 ούδέ
587 4701 994 4770 όλιγοπιστίας,
1028 4700 1088 4754 τὸ
1138 4700 1531 4772 προσελθόντας
1580 4704 1809 4774 ἐγεῖραι,

142 4786 319 4837 ἐκεῖνο
347 4783 415 4837 ἂν
436 4784 662 4853 εἴποιμι,
685 4784 766 4837 δτι
787 4784 941 4837 τοῦτο
967 4782 1097 4837 αὐτὸ
1130 4783 1361 4853 μάλιστα
1387 4785 1608 4853 σημεῖον
1625 4780 1693 4855 ἦν
1717 4785 1811 4839 τοῦ

144 4866 218 4936 μή
240 4867 343 4936 τὴν
375 4868 758 4937 προσήκουσαν
790 4866 918 4938 περὶ
946 4865 1111 4919 αὐτοῦ
1140 4866 1297 4931 δόξαν
1343 4865 1505 4936 ἔχειν.
1560 4868 1682 4920 Ὀτι
1713 4868 1812 4939 μὲν

140 4951 250 5019 γὰρ
289 4949 517 5002 δύναται
571 4951 828 5021 ἐπιτιμᾷν
887 4948 1155 5020 ἐγερθεὶς,
1214 4949 1441 5021 ᾔδεσαν·
1478 4950 1559 5002 ὅτι
1599 4948 1655 5001 δέ
1715 4949 1810 5002 καὶ

140 5032 440 5095 καθεύδων,
491 5031 718 5086 οὐδέπω.
751 5032 862 5085 Kal
912 5032 965 5085 τί
993 5030 1312 5102 θαυμάζεις,
1346 5032 1393 5083 εἰ
1419 5029 1536 5093 νῦν,
1572 5031 1704 5084 ὅπου
1743 5048 1808 5099 γε

141 5112 234 5163 καὶ
264 5111 405 5182 μετά
443 5112 615 5166 πολλὰ
640 5114 803 5183 ἐτερα
828 5113 1083 5185 θαύματα
1102 5113 1451 5184 άτελέστερον
1473 5114 1553 5166 ἐτι
1580 5113 1809 5167 διέκειν-

138 5208 239 5260 το;
289 5194 385 5246 Διὸ
444 5195 539 5246 καὶ
588 5196 947 5267 ἐπιτιμῶνται
983 5196 1283 5259 πολλάκις,
1322 5196 1397 5257 ὡς
1454 5197 1583 5248 ὅταν
1636 5195 1805 5268 λέγῃ,

150 5276 371 5345 Ἀκμὴν
406 5278 505 5331 καὶ
558 5279 726 5348 ὑμεῖς
765 5281 1047 5334 ἀσύνετοί
1065 5280 1239 5343 ἐστε;
1269 5280 1360 5349 Μὴ
1397 5280 1574 5332 τοίνυν
1596 5278 1808 5348 θαυμά-
1840 5292 1862 5319 κ

205 5440 249 5471 τι

205 5440 249 5471 ⁷⁸
282 5439 354 5493 Μ.
384 5458 547 5510 φησιν
575 5444 655 5495 ὅτι
693 5441 845 5496 ἐκάθ.
880 5439 1032 5495 εἶπεν
1060 5441 1123 5497 C.
1153 5441 1214 5497 D.
1250 5443 1311 5496 E.
1343 5441 1471 5497 lidel

139 5509 283 5583 IIbus
305 5512 546 5583 lqlerpp.
569 5510 958 5583 εἷπενίάττλῶς]
991 5512 1174 5576 ἁπλῶς
1216 5510 1365 5565 εἶπεν
1411 5512 1471 5566 F.

1918 4118 2089 4181 οὐδεὶς
2134 4119 2329 4182 αὐτοὺς
2375 4124 2759 4191 προσενεγκεῖν
2788 4122 3007 4192 ἐτόλμα,
3040 4122 3199 4185 αὐτὸς
3235 4121 3371 4192 πρὸς
3396 4122 3593 4184 αὐτοὺς

1918 4201 2214 4271 ἀπέρχεται
2235 4202 2263 4254 6
2296 4201 2546 4273 Χριστός.
2575 4204 2681 4257 Kal
2709 4206 2737 4257 6
2762 4205 2860 4274 μὲν
2893 4204 3166 4265 Ματθαῖός
3198 4221 3361 4273 φησιν
3392 4204 3591 4266 αὐτοὺς

1921 4283 2199 4353 εἰρηκέναι
2220 4300 2232 4313 ·
2262 4279 2486 4350 τΗλθες
2507 4279 2623 4339 ὦδε
2651 4288 2764 4355 πρὸ
2782 4287 2989 4356 καιροῦ
3012 4287 3349 4351 βασανίσαι
3395 4286 3547 4353 ἡμᾶς
3570 4303 3585 4316 ⁶

1919 4369 1968 4420 οί
1997 4367 2054 4419 δὲ
2086 4365 2237 4419 ἄλλοι
2265 4367 2634 4438 προσέθηκαν,
2669 4372 2750 4423 ὃτι
2782 4371 2876 4424 καὶ
2918 4371 3263 4439 παρεκάλουν
3302 4370 3462 4422 αὑτὸν
3493 4370 3592 4424 καὶ

1918 4450 2172 4522 ῶρκιζον,
2206 4450 2292 4503 ἵνα
2319 4453 2393 4521 μὴ
2432 4452 2512 4516 εἰς
2541 4453 2640 4524 τὴν
2662 4454 2894 4508 ἄϐυσσον
2923 4454 3120 4516 αὐτοὺς
3167 4452 3400 4524 ἐμϐάλῃ.
3439 4453 3591 4506 Ἐνό⁶

1922 4550 2085 4603 μισαν
2112 4534 2339 4605 γὰρῆδη
2378 4535 2476 4606 τὴν
2500 4537 2722 4590 κόλασιν
2756 4538 2937 4599 αὐτοῖς
2966 4537 3277 4604 ἐφεστάναι,
3312 4537 3407 4589 καὶ
3445 4536 3587 4588 εδει-

1920 4634 2019 4671 σαν
2046 4618 2121 4680 ὡς
2154 4619 2255 4689 ήδη
2287 4620 2366 4682 είς
2393 4621 2660 4692 τιμωρίαν
2716 4620 3134 4691 ἐμπεσούμενοι.
3184 4622 3245 4673 Εἰ
3283 4620 3339 4673 δὲ
3368 4621 3417 4673 οἱ
3456 4620 3589 4689 περὶ

1916 4700 2008 4753 τὸν
2030 4702 2243 4755 Λουκάν
2269 4702 2365 4755 ἕνα
2397 4704 2560 4771 φασὶν
2604 4704 2766 4756 αὑτὸν
2809 4700 2967 4768 εἶναι,
3002 4700 3157 4767 οὗτος
3185 4703 3241 4756 δὲ
3280 4702 3373 4756 δύο
3398 4742 3413 4764 ,
3462 4702 3585 4754 οὐδὲ

1914 4781 2073 4836 τοῦτο
2108 4783 2405 4851 διαφωνίαν
2453 4787 2728 4855 ἐμφαίνει.
2773 4788 2832 4840 El
2886 4786 2985 4856 μὲν
3017 4786 3126 4857 7&9
3159 4782 3313 4839 εἷπον
3339 4827 3355 4851 ,
3389 4787 3472 4838 ὅτι
3502 4780 3584 4848 εἷς

1915 4865 2075 4935 μόνος
2093 4861 2180 4937 ἦν,
2213 4866 2399 4937 ἕτερος
2425 4867 2481 4920 δὲ
2502 4871 2601 4921 ούκ
2619 4864 2709 4939 ἦν,
2742 4870 2956 4922 ἐδόκουν
2981 4870 3196 4924 ἐναντία
3230 4868 3408 4937 λέγειν
3431 4869 3477 4900 ⁹⁶
3505 4868 3588 4938 τῷ

1909 4950 2174 5020 Ματθαίῳ
2200 4967 2215 4981 ο
2250 4952 2297 5003 εί
2320 4951 2396 5017 δὲ,
2426 4953 2454 5003 6
2486 4953 2585 5023 μὲν
2617 4956 2745 5024 περὶ
2767 4953 2859 5006 τοῦ
2894 4953 3034 5017 ἐνὸς,
3065 4956 3094 5007 6
3122 4953 3179 5006 δὲ
3214 4954 3341 5023 περὶ
3360 4952 3468 5005 τῶν
3489 4952 3587 5005 δύο

1908 5031 2176 5103 διελέχθη,
2210 5034 2270 5086 ού
2301 5034 2480 5105 μάχης
2512 5035 2899 5107 τδείρημένον,
2931 5037 3068 5091 ἀλλά
3102 5037 3359 5106 διαφόρου
3389 5036 3582 5106 διηγή-

1909 5132 2065 5178 σεως.
2106 5116 2216 5167 Kal
2271 5116 2379 5189 7&9
2414 5117 2603 5187 ἔμοιγε
2650 5119 2797 5172 δοκεῖ
2838 5119 2929 5174 τὸν
2961 5119 3339 5190 χαλεπώτερον
3371 5118 3582 5172 τούτων

1910 5197 2295 5267 ἐπιλεξάμενος
2320 5202 2349 5252 6
2375 5202 2589 5264 Λουκᾶς
2617 5202 2893 5272 εἰρηκέναι
2918 5218 2933 5234 ο
2965 5202 3045 5255 διὸ
3076 5204 3169 5256 καὶ
3210 5200 3357 5273 [556]
3390 5218 3580 5272 τραγι-

1867 5314 1895 5326 -
1912 5280 2150 5351 κώτερον
2177 5283 2511 5352 ἀπαγγέλλει
2534 5286 2634 5355 τὴν
2662 5286 2945 5357 συμφοράν
2967 5302 2982 5317 ·
3028 5281 3161 5353 οἷον,
3207 5287 3287 5339 ὅτι
3314 5287 3382 5337 τά
3404 5284 3580 5355 δεσμά

384 5458 547 5510 φησιν
575 5444 655 5519 ὅτι
693 5441 845 5519 ἐκάθἷ
872 5438 1032 5519 εἶπεν
1060 5441 1135 5519 (_3._
1153 5441 1214 5497 D.
1343 5441 1505 5519 lidgm
1528 5442 1711 5519 ἁπλῶς
1734 5459 1827 5519 pos

1930 5446 2045 5519 [._6v
2067 5463 2265 5519 προσκ.
2292 5449 2427 5519 φησὶ
2452 5448 2606 5519 (φησὶ
2627 5464 2732 5503 om.
2763 5448 2850 5513 Ε.)
2886 5450 3186 5511 collocant,
3222 5449 3573 5505 consentien-

1574 5515 1621 5591 '_"
1660 5516 1827 5567 Λουκέ

1931 5515 2660 5591 Μάρκος-ῌυιὴίΑινιήίνίᾀ.
2702 5519 2833 5573 Mar.
2868 5538 2939 5574 ιν.
2981 5522 3068 5576 58.
3145 5522 3191 5552 ⁷⁸
3229 5520 3576 5591 ἐϐαρύθημεν

134 5578 688 5662 μοι’..ἐϐαρύνηθημεν
726 5582 851 5636 Sav.
877 5578 1031 5662 licini;
1076 5584 1124 5662 ζξ
1152 5583 1291 5662 αὐτ-ο
1316 5598 1422 5662 om_.
1459 5584 1520 5636 E.
1549 5582 1626 5662 ἰδ’λ
1641 5587 1827 5662 ηερε

1930 5578 2476 5662 ετο-Ϊ.-ν⁷⁵-κατασκ.
2508 5589 2571 5662 A_.
2704 5608 3049 5662 προπαρασκ.
3088 5591 3145 5646 F.
3224 5593 3269 5622 ⁷⁸
3291 5578 3573 5662 ἐνόμισαν]

138 5649 444 5721 ὑπενόησαν
486 5649 845 5721 Ῡ.ἰιευιτμηι
877 5654 1040 5707 habet
1085 5653 1147 5706 E.

1249 5655 1291 5685 ⁷⁷
1320 5655 1415 5743 καί
1444 5669 1551 5743 οφ.
1672 5654 1827 5743 εἰ.

1998 5657 2049 5741 18'
2076 5651 2242 5743 axx-9v]
2290 5658 2379 5713 Sic
2624 5651 2835 5743 gxovig;
2972 5663 3253 5743 IIl-Bauli)
3291 5651 3416 5743 agili}
3464 5651 3573 5728 γὰρ

135 5734 253 5800 om._
401 5721 722 5811 ἔχοντες
743 5718 883 5811 ἦσαν
1117 5724 1504 5811 ὀλιγοπιιστίας]
1535 5724 1721 5811 ἀὑτοῖς
1744 5718 2205 5811 ἑλιγοπιστίαν
2228 5718 2373 5811 'p._p:
2397 5730 2593 5811 αὐτοὺς
2622 5718 2731 5811 οῇι.
2902 5734 2945 5764 ⁸ο
2980 5718 3186 5798 διδάξαι
3210 5732 3269 5790 F.
3300 5718 3571 5811 διδάσκειν

135 5792 372 5863 ςμοιιλεςίι
408 5792 549 5846 Bois.
580 5791 670 5863 ἦν]
714 5791 838 5847 add.
870 5793 1007 5863 αῦτη
1044 5792 1102 5845 Ε.

136 5860 350 5946 δεύει.
411 5862 479 5946 ’⁸⁵
508 5860 734 5946 ἐκεῖνος]
788 5863 878 5916 Sic
931 5860 1064 5946 Edd.
1099 5864 1311 5946 codiges
1345 5860 1582 5946 Λίωῦεῆς

1249 5793 1506 5873 ἐνέφηνεν
1520 5793 1666 5873 _Edd.
1690 5796 1791 5873 “"-
1822 5793 2252 5873 ἐθαμματούργει
2298 5793 2429 5851 Ιοῖιιιι.
2564 5800 2827 5870 ἀπέμενε]
2865 5793 3147 5873 ὑπελήφθη
3178 5803 3235 5856 F.

1590 5903 1604 5917 .
1689 5864 1733 5935 f‘
1763 5864 2143 5935 ὡμολόγησαν
2174 5864 2308 5919 Mor.
2334 5869 2464 5921 Ben.
2496 5868 2680 5934 ἔλεγον
2722 5864 2831 5923 om:

145 5930 451 6005 ξονιιειιωι.
520 5934 563 5963 ⁸⁷
595 5904 920 6005 ἀκούσαντες
1482 5904 1612 5989 Ρλίῖί.
1687 5904 1827 6005 ηειάρ

1930 5904 2099 6002 γιεῖται
2133 5935 2265 5990 Edd.

3332 5801 3379 5831 ⁸⁸
3408 5798 3570 5871 ὅπερ]

2870 5872 2932 5925 D.
2974 5871 3067 5927 sed
3120 5871 3175 5927 in
3210 5888 3349 5925 mar.
3384 5871 3571 5940 ἐνόμι-

2335 5938 2379 5969 ιο
2413 5936 2721 6010 μόνηᾼς]-δίο
2754 5939 2851 6010 Ep.
2882 5948 3034 5997 Ann.
3066 5952 3120 5997 et
3151 5943 3312 5998 codd.
3350 5936 3566 6009 eum:

143 6002 275 6054 ωδ.
350 6004 394 6034 ὀ
439 6003 656 6056 ἐναντία
698 6001 897 6067 λέγειν]
942 6001 1226 6059 εἰςὀοὶιᾱ.
1263 6001 1619 6073 ἀμφιϐάλλειν
1650 6001 1807 6061 ΕΜ(

1934 6001 2144 6069 ἀναιδὲς
2177 6005 2236 6061 F.
2268 6022 2321 6076 ι).
2357 6001 2424 6076 μ’
2444 6001 2812 6074 ἐπιδείξασθαί
2841 6013 2899 6067 Ε.
