4058 6356
455 346 563 402 35.3

455 459 550 512 καὶ
577 455 675 521 τὰς
702 455 919 518 ἁλύσεις
937 455 1282 526 διαρρἠσσων
1301 457 1442 508 κατά
1465 454 1566 525 τὴν
1603 453 1700 524 Ep'q
1709 469 1809 524 μον
1835 452 2120 505 ἐπλανᾶτο·

451 549 481 598 6
509 546 565 599 δὲ
591 546 808 617 Μάρκος
826 543 908 596 ὅτι
929 543 1021 596 καὶ
1051 544 1165 605 τοῖς
1196 541 1366 605 λίθοις
1391 542 1586 594 ἑαυτὸν
1617 539 1815 593 έκοπτέ
1842 555 1978 609 φησι
1996 553 2013 570 ο
2032 536 2128 589 καὶ

448 633 519 686 τά
551 634 770 704 ῥήματα
807 631 864 683 δὲ
909 629 1089 683 αὐτῶν
1125 627 1288 682 ίκανά
1324 628 1388 682 τὸ
1431 628 1638 699 ἀπηνὲς
1671 630 1715 660 ’³
1746 626 1843 681 καὶ
1882 627 1944 679 τὸ
1975 623 2127 678 ἀναί-

450 737 676 790 σχυντον
702 717 1062 782 ἐνδείξασθαι.
1089 711 1313 782 ΤΗλθες
1349 715 1458 786 γὰρ
1483 709 1599 769 ὦδε
1637 714 1752 781 πρὸ
1776 711 1985 782 καιροῦ
2011 712 2126 776 ,βα-

445 808 695 861 σανίσαι
725 803 920 875 ἡμᾶς
955 803 1137 874 φησίν.
1168 804 1291 855 Ὅτι
1317 803 1414 873 μὲν
1450 802 1559 873 γάρ
1595 803 1693 873 οὐχ
1718 802 1988 873 ἥμαρτον,
2025 799 2125 853 οὐκ

447 891 594 964 εἶχεν
619 896 790 946 εἰπεῖν
814 909 828 922 ·
857 891 1068 956 ἀξιοῦσι
1091 890 1147 944 δὲ
1174 890 1249 962 μὴ
1277 889 1384 962 πρὸ
1403 888 1596 961 καιροῦ
1615 888 1798 942 δοῦναι
1824 887 1922 957 τὴν
1944 886 2120 957 δίκην.

461 982 678 1052 Ἐπειδὴ
709 981 817 1053 γὰρ
856 979 1153 1034 κατέλαϐεν
1203 979 1404 1041 αὐτοὺς
1432 977 1500 1031 τὰ
1544 977 1818 1048 ἀνήκεστα
1872 977 1920 1009 θ’
1973 971 2124 1028 δεινά

445 1071 541 1124 καὶ
577 1070 867 1142 παράνομα
898 1069 1079 1121 ἐκεῖνα
1109 1064 1511 1137 ἐργαζομένους
1531 1105 1546 1129 ,
1578 1068 1672 1119 καὶ
1715 1063 1774 1117 τὸ
1801 1063 2025 1132 πλάσμα
2061 1059 2120 1114 τὺ

445 1159 639 1212 ἐαυτοῦ
666 1159 825 1212 παντὶ
851 1156 1276 1228 διαστρέφοντας
1306 1155 1494 1226 τρόπῳ
1531 1154 1624 1207 καὶ
1650 1151 2117 1224 τιμωρουμένους,

444 1249 538 1302 καὶ
565 1247 812 1318 ἐνόμιζον
845 1245 1007 1299 αὐτὸν
1033 1244 1099 1297 δι’
1130 1243 1436 1314 ὑπερϐολὴν
1469 1243 1578 1295 τῶν
1602 1239 1909 1311 γενομένων
1941 1239 1987 1270 ⁸³
2018 1238 2119 1290 οὐκ

441 1337 734 1405 ἀναμένειν
767 1334 856 1387 τὸν
886 1333 1074 1404 καιρὸν
1100 1332 1199 1401 τῆς
1222 1331 1514 1394 κολάσεως,
1552 1328 1639 1382 διὰ
1675 1328 1832 1382 τοῦτο
1872 1326 2116 1396 παρεκά-

440 1424 566 1477 λουν
589 1424 682 1476 καὶ
711 1421 919 1475 ἐδέοντο
942 1439 955 1452 ·
996 1421 1092 1472 καὶ
1125 1422 1173 1472 oi
1207 1419 1342 1490 μηδέ
1371 1417 1584 1488 δεσμῶν
1623 1415 1936 1486 ἀνεχόμενοι
1967 1413 2117 1482 σιδη-

445 1511 573 1582 ρῶν,
605 1512 853 1581 ἐρχονται
876 1509 1177 1578 δεδεμένοιο
1207 1476 1304 1560 ὶωὶι
1328 1506 1377 1558 οἱ
1416 1476 1484 1558 τά
1522 1505 1624 1575 ὅρη
1667 1476 2142 1573 κοιίιιιίιτρέχοντες,ι

441 1602 521 1662 εἰς
558 1599 625 1652 τά
663 1592 823 1650 πεδία
845 1595 1072 1667 ἐξῄεσαν
1097 1610 1110 1624 ·
1156 1595 1253 1647 καὶ
1279 1594 1326 1625 ⁸⁸
1359 1594 1409 1645 οἱ
1435 1593 1562 1655 τοὺς
1594 1590 1784 1648 ἄλλους
1817 1587 2116 1650 κωλύοντες

437 1687 752 1748 διαϐαίνειν,
799 1684 890 1738 τὸν
936 1682 1348 1753 ἀποτειχίζοντα
1379 1680 1477 1752 τὴν
1532 1679 1650 1732 ὁδὸν
1677 1679 1858 1740 αὐτοῖς
1891 1675 2110 1740 ἰδόντες,

439 1773 693 1842 ἔστησαν.
733 1773 797 1825 Τί
824 1772 1023 1842 δήποτε
1050 1771 1106 1822 δὲ
1134 1771 1226 1822 καὶ
1256 1772 1368 1832 τοῖς
1397 1769 1589 1835 τάφοις
1610 1763 2109 1836 ἐμφιλοχωροῦσιν;

451 1861 726 1931 Ὀλέθριον
755 1859 932 1930 δόγμα
958 1861 1068 1922 τοῖς
1103 1857 1318 1920 πολλοῖς
1361 1855 1592 1908 ἐνθεῖναι
1642 1853 1972 1924 βουλόμενοι,
2001 1846 2113 1904 οἷον

437 1949 520 2002 ὅτι
556 1950 611 2001 αἱ
637 1949 804 2018 ψυχαὶ
829 1948 936 1999 τῶν
963 1945 1302 2000 ἀπελθόντων
1319 1943 1571 2014 δαίμονες
1591 1943 1830 2011 γίνονται
1847 1959 1860 1971 υ
1890 1940 1920 1993 ὃ
1949 1939 2114 2010 μηδέ-

437 2053 578 2089 ποτε
592 2037 803 2104 γένοιτο
833 2034 964 2106 μηδέ
993 2034 1185 2104 μέχρις
1213 2032 1420 2094 ἐννοίας
1450 2031 1655 2084 λαϐεῖν.
1685 2028 1748 2081 Τί
1777 2024 1892 2091 οὖν,
1924 2028 2108 2099 φησιν,

435 2121 502 2174 ἂν
534 2121 726 2183 εἴποις,
755 2121 880 2173 ὅταν
911 2118 1097 2171 πολλοὶ
1124 2117 1231 2170 τῶν
1270 2118 1481 2187 γοήτων
1528 2116 1725 2176 παῖδας
1769 2116 1816 2146 ⁹³
1857 2114 2111 2176 λαϐόντες

436 2203 873 2271 ἀποσφάττωσιν,
911 2201 1050 2254 ὥστε
1076 2201 1255 2262 αὐτοῖς
1279 2198 1417 2269 μετά
1449 2197 1624 2251 ταῦτα
1654 2197 2110 2268 συμπράττουσαν

437 2289 533 2362 τὴν
556 2289 732 2360 ψυχὴν
767 2289 941 2360 έχειν;
973 2289 1083 2341 Καὶ
1105 2287 1268 2342 πόθεν
1289 2286 1446 2340 τοῦτο
1481 2285 1672 2356 δῆλον;
1717 2285 1841 2338 Ὅτι
1876 2285 1973 2355 μὲν
2000 2284 2109 2354 γάρ

436 2377 860 2444 ἀποσφάττουσι,
918 2376 1105 2429 πολλοὶ
1158 2375 1409 2444 λέγουσιν
1433 2391 1448 2406 ο
1479 2373 1560 2427 ὅτι
1608 2371 1666 2427 δέ
1693 2375 1748 2427 αἱ
1798 2372 1968 2443 ψυχαὶ
1998 2371 2108 2425 τῶν

435 2465 753 2534 σφαγέντων
780 2465 895 2535 μετ’
923 2464 1102 2517 αὐτῶν
1122 2465 1250 2526 εἰσι,
1276 2462 1440 2518 πόθεν
1479 2462 1687 2531 ἐγνως;
1719 2461 1838 2515 εἰπέ
1867 2478 1978 2532 μοι.
1998 2461 2108 2514 Αὑ-

439 2555 538 2618 τοὶ,
568 2556 750 2624 φησὶν,
781 2555 830 2607 οἱ
866 2553 1227 2624 δαιμονῶντες
1252 2552 1469 2623 βοῶσιν,
1518 2553 1600 2605 ὃτι
1639 2551 1800 2622 Ψυχὴ
1824 2550 1916 2603 τοῦ
1939 2550 2106 2616 δεῖνος

436 2642 564 2711 ἐγώ.
605 2643 766 2697 Ἀλλά
797 2645 892 2696 καὶ
920 2642 1079 2696 τοῦτο
1125 2644 1294 2714 σκηνή
1329 2660 1412 2706 τις
1448 2642 1542 2694 καὶ
1572 2640 1754 2712 ἀπάτη
1801 2637 2106 2710 διαϐολική.

435 2731 511 2782 Οὐ
546 2731 654 2804 γὰρ
685 2731 881 2802 ἡψυχὴ
913 2731 1004 2784 τοῦ
1037 2730 1483 2800 τετελευτηκότος
1515 2729 1664 2782 ἐστὶν
1690 2730 1722 2798 ἡ
1758 2727 1957 2797 βοῶσα,
1991 2724 2107 2780 ἀλλ’

435 2821 462 2872 6
489 2819 697 2889 δαίμων
729 2821 757 2873 6
786 2817 1206 2890 ὑποκρινόμενος
1235 2816 1427 2879 ταῦτα,
1453 2816 1594 2870 ὥστε
1645 2815 1924 2885 ἀπατῆσαι
1979 2814 2106 2878 τοὺς

435 2906 749 2968 ἀκούοντας.
784 2907 846 2958 Εἰ
868 2905 974 2976 γάρ
1007 2907 1084 2968 εἰς
1105 2905 1356 2974 δαίμονος
1388 2903 1575 2957 οὐσίαν
1604 2902 1826 2956 δυνατὸν
1853 2901 1900 2934 ⁹⁶
1928 2899 2104 2972 ψυχὴν

435 2993 715 3057 εἰσελθεῖν,
747 2991 926 3064 πολλῷ
963 2992 1162 3064 μᾶλλον
1183 2993 1261 3054 είς
1285 2991 1344 3044 τὸ
1379 2991 1537 3062 σῶμα
1565 2991 1625 3044 τὸ
1654 2989 1872 3060 ἑαυτῆς.
1896 2988 2105 3052 ’Δλλως

435 3083 487 3136 δὲ
515 3083 614 3135 οὐκ
646 3081 716 3136 ἂν
741 3082 784 3114 ⁹⁷
813 3080 928 3152 ἔχοι
958 3080 1114 3149 λόγον
1131 3080 1230 3151 τὴν
1259 3079 1593 3151 ἠδικημένην
1613 3078 1791 3150 ψυχὴν
1822 3077 2106 3152 συμπράτ-

435 3189 546 3224 τειν
571 3171 648 3242 τῷ
682 3169 997 3241 ἠδικηκότιο
1031 3168 1064 3240 ἢ
1099 3167 1385 3238 ἄνθρωπον
1412 3167 1670 3221 δύνασθαι
1704 3166 1935 3237 δύναμιν
1964 3165 2106 3222 ἀσὼο

437 3276 606 3329 ματον
637 3260 715 3322 εἰς
744 3257 940 3326 ἑτέραν
997 3254 1320 3327 μεταϐαλεῖν
1369 3255 1580 3309 οὐσίαν.
1633 3256 1693 3308 Εἰ
1727 3254 1835 3326 γάρ
1872 3255 1964 3308 ἐπὶ
1996 3253 2106 3308 τῶν

436 3346 702 3418 σωμάτων
718 3344 876 3399 τοῦτο
889 3344 1189 3416 ἀμήχανον,
1210 3344 1302 3396 καὶ
1317 3343 1415 3394 οὐκ
1437 3342 1502 3397 ἄν
1523 3359 1608 3406 τις
1627 3341 1916 3412 ἀνθρώπου
1944 3341 2104 3412 σῶμα

434 3436 554 3489 ὄνου
582 3435 629 3468 ⁸⁸
679 3434 1000 3506 ἐργάσαιτοο
1042 3431 1222 3501 πολλῷ
1259 3430 1458 3501 μᾶλλον
1491 3431 1586 3483 ἐπὶ
1609 3431 1708 3502 τῆς
1738 3431 1972 3501 ἀοράτου
2002 3429 2105 3499 ψυ-

434 3523 533 3592 χῆς
556 3521 712 3576 τοῦτο
751 3520 1028 3586 ἀδύνατον,
1057 3519 1152 3572 καὶ¹
1181 3519 1280 3572 οῦκ
1314 3518 1379 3573 ἀν
1405 3535 1488 3582 τις
1520 3517 1788 3590 ἱσχύσειεν
1817 3519 1896 3581 είς
1915 3517 2105 3590 δαίμο-

434 3626 522 3672 νος
556 3608 741 3661 οὐσίαν
765 3607 932 3678 αὐτὴν
962 3608 1328 3678 μετενεγκεῖν.

503 3704 573 3765 γ’.
609 3697 770 3748 Ὥστε
795 3695 1054 3766 γραῖδίων
1085 3695 1390 3765 μεθυόντων
1417 3695 1579 3747 ταυτὶ
1615 3695 1685 3748 τά
1719 3695 1967 3765 ῥήματα,
2008 3693 2104 3748 καὶ

435 3785 641 3838 παίδων
674 3782 1065 3854 μορμολύκεια.
1100 3783 1234 3836 Οὐδὲ
1262 3783 1371 3855 γὰρ
1393 3783 1471 3837 ἔνι
1491 3783 1668 3854 ψυχὴν
1695 3783 2104 3854 ἀπορραγεῖσαν

433 3871 528 3924 τοῦ
565 3869 810 3942 σώματος
837 3869 1070 3924 ἐνταῦθα
1124 3869 1425 3924 πλανᾶσθαι
1476 3870 1676 3924 λοιπόν.
1722 3872 1970 3924 Δικαίων
1995 3871 2104 3943 γάρ

433 3955 626 4025 ψυχαὶ
646 3956 715 4008 ἑν
742 3954 893 4024 χειρὶ
925 3953 1071 4007 Θεοῦ
1091 3967 1104 3982 ·
1138 3955 1186 4007 εί
1208 3953 1264 4007 δέ
1290 3955 1343 4007 αἱ
1371 3955 1477 4007 τῶν
1506 3954 1747 4016 δικαίων,
1783 3954 1878 4008 καὶ
1902 3955 1957 4006 αἱ
1993 3954 2104 4006 τῶν

434 4044 641 4096 παίδων
661 4059 675 4075 ο
706 4043 824 4095 οῦδέ
849 4041 957 4112 γάρ
977 4042 1178 4094 ἐκεῖναι
1210 4041 1460 4113 πονηραί.
1484 4042 1593 4095 Kal
1625 4043 1682 4095 αί
1714 4042 1820 4094 τῶν
1855 4042 2105 4111 ἀμαρτω-

433 4129 541 4181 λῶν
571 4129 627 4182 δέ
653 4129 853 4192 εὐθέως
883 4128 1129 4184 ἐντεῦθεν
1178 4129 1501 4196 ἀπάγονται.
1540 4129 1649 4182 Kal
1686 4128 1844 4199 δῆλον
1872 4129 1979 4180 ἀπὸ
2007 4127 2101 4181 τοῦ

435 4217 685 4289 Λαζάρου
715 4218 809 4272 καὶ
826 4215 920 4270 τοῦ
954 4217 1204 4271 πλουσίου
1224 4234 1239 4248 ο
1270 4219 1363 4271 καὶ
1389 4216 1619 4287 ἀλλαχοῦ
1641 4218 1696 4270 δέ
1722 4234 1885 4287 φησιν
1913 4219 1941 4270 6
1970 4219 2103 4288 Χρι-

437 4306 558 4368 στός
583 4320 595 4333 ’
630 4303 899 4374 Σήμερον
922 4304 1035 4373 τὴν
1056 4305 1266 4374 ψυχήν
1291 4321 1406 4359 σου
1433 4304 1796 4359 ἀπαιτοῦσιν
1819 4303 1936 4358 ἀπὸ
1961 4305 2098 4362 σοῦ.

435 4394 546 4447 Kal
570 4394 666 4463 οὐχ
698 4388 809 4447 οἶόν
842 4411 900 4446 τε
928 4394 1105 4465 ψυχὴν
1124 4394 1444 4460 ἐξελθοῦσαν
1468 4392 1561 4445 τοῦ
1597 4392 1845 4461 σώματος
1872 4392 2101 4446 ἐνταῦθα

437 4481 740 4534 πλανᾶσθαι
760 4497 772 4509 ·
803 4484 893 4534 καὶ
926 4483 1068 4554 μάλα
1100 4483 1340 4545 εἰκότως.
1369 4480 1518 4552 [557]
1547 4481 1608 4533 El
1634 4481 1742 4551 γὰρ
1768 4481 1824 4532 ἐν
1851 4484 1919 4551 γῇ
1957 4481 2096 4550 βαδί⁸

437 4571 617 4634 ζοντες
643 4572 708 4640 τῇ
733 4570 950 4640 συνήθει
981 4571 1075 4624 καὶ
1096 4569 1378 4641 γνωρίμῳ,
1402 4570 1496 4622 καὶ
1529 4569 1686 4640 σῶμα
1711 4587 1774 4622 πε
1783 4569 2091 4642 ρικείμενοι

435 4658 562 4711 ὅταν
594 4655 748 4727 ξένην
781 4657 1048 4727 ὁδεύωμεν
1071 4658 1203 4715 ὁδὸν,
1244 4658 1401 4711 ποίαν
1439 4656 1610 4710 ἐλθεῖν
1653 4657 1754 4710 οὑκ
1808 4656 1984 4728 ἴσμεν,
2037 4657 2103 4710 ἂν

439 4745 516 4815 μὴ
544 4746 634 4796 τὸν
684 4746 1125 4814 χειραγωγοῦντα
1169 4745 1411 4815 ἔχωμενο
1470 4745 1587 4808 πῶς
1635 4747 1668 4814 ἡ
1725 4744 1819 4797 τοῦ
1853 4744 2106 4816 σώματος

436 4833 812 4901 ἀπορραγεῖσα
838 4831 1003 4901 ψυχὴ,
1022 4833 1115 4885 καὶ
1138 4834 1233 4901 τῆς
1258 4831 1543 4902 συνηθείας
1581 4832 1872 4896 ἐξελθοῦσα
1902 4833 2102 4904 πάσης,

436 4918 642 4970 εἴσεται
673 4917 773 4971 ποῦ
806 4917 886 4970 δεῖ
927 4917 1163 4988 βαδίζειν
1193 4920 1237 4951 ⁹⁹
1269 4919 1395 4974 άνευ
1433 4919 1526 4971 τοῦ
1557 4919 1984 4988 καθοδηγοῦντος
2009 4921 2106 4973 αῦ-

435 5006 568 5076 τήν;
591 5006 699 5058 Καὶ
722 5005 1047 5076 πολλαχόθεν
1065 5005 1121 5058 δέ
1142 5006 1406 5075 ἑτέρωθεν
1438 5006 1504 5060 ἀν
1524 5023 1608 5070 τις
1640 5007 1865 5071 κατίδοι,
1900 5008 1980 5060 ὅτι
2006 5009 2106 5062 οὐκ

437 5092 514 5145 ἔνι
537 5092 713 5164 ψυχὴν
752 5091 1072 5156 ἐξελθοῦσαν
1098 5092 1332 5146 ἐνταῦθα
1355 5097 1548 5163 μεῖναι.
1583 5094 1692 5146 Kal
1715 5095 1822 5164 γὰρ
1847 5097 1875 5148 6
1902 5094 2106 5164 Στέφα-

439 5180 528 5242 νός
561 5196 721 5249 φησι’
760 5179 932 5244 Δέξαι
971 5179 1038 5232 τὸ
1087 5179 1322 5248 πνεῦμά
1357 5197 1508 5248 μου·
1551 5181 1644 5234 καὶ
1687 5182 1715 5232 6
1752 5181 1992 5247 Παῦλος,
2034 5184 2104 5237 Τὸ

437 5267 741 5320 ἀναλῦσαι
764 5266 862 5320 καὶ
881 5266 1001 5320 σὺν
1027 5266 1257 5333 Χριστῷ
1269 5264 1421 5321 εἶναι
1439 5265 1643 5331 πολλῷ
1660 5268 1894 5332 μᾶλλον
1915 5269 2103 5338 κρεῖτ-

435 5371 561 5408 τον.
600 5355 708 5407 Kal
735 5355 862 5426 περὶ
893 5355 986 5409 τοῦ
1018 5354 1359 5426 πατριάρχου
1385 5355 1440 5408 δέ
1467 5373 1632 5424 φησιν
1673 5357 1705 5425 ἡ
1736 5356 1923 5427 Γραφή
1949 5375 1962 5387 ο
1996 5357 2103 5410 Καὶ

436 5441 765 5510 προσετέθη
783 5442 932 5510 πρὸς
947 5441 1088 5508 τοὺς
1107 5444 1364 5511 πατέρας
1375 5443 1581 5506 αὐτοῦ,
1603 5443 1843 5511 τραφεὶς
1855 5445 1922 5496 ἐν
1939 5444 2103 5513 γήρει

483 5529 854 5613 ,ἀνίκεσῑξι
883 5547 995 5613 ρεη-
1027 5531 1088 5584 ε·
1143 5529 1202 5613 “.-
1255 5529 1429 5613 E;.F:
1512 5531 1905 5613 Ῐ³τγινριθέειευῖι
1943 5533 2109 5613 Α-..Ὲ-

437 5614 634 5661 αυτους
663 5614 720 5652 r‘.

437 5737 469 5807 '_
485 5737 692 5807 εἴποιμι
732 5738 864 5793 Edd.

1018 5741 1235 5812 εὐτερον
1265 5740 1408 5812 Εᾱιι.
1430 5740 1485 5792 δὲ
1511 5756 1618 5794 om.
1644 5740 1762 5812 7E._
1795 5746 1816 5772 *
1845 5739 1935 5796 Sic
1969 5741 2045 5812 Ep

437 5944 619 5996 Cameri
656 5944 836 5998 ἴναόί.
913 5948 956 5978 ¹⁰
987 5949 1350 6002 ἐπιδείκνυται
1397 5945 1457 6002 l".

1161 341 1230 396 .S.
1263 339 1550 396 .IOANNIS
1585 333 2070 395 CHRYSOSTOMI
2106 331 2428 390 ARCHIEP.
2465 333 3010 392 CONS'I'ANTINOP.

798 5600 1129 5670 "dSévatov
1161 5601 1224 5654 Α.
1303 5602 1345 5632 9⁷
1375 5601 1476 5653 οῦκ
1508 5591 1610 5670 ἂνγ
1631 5591 1750 5670 οὐδὲ
1796 5591 1928 5654 ΕόῘΙ.
1967 5603 2085 5655 οὐδὲ

2223 5605 2383 5660 tacite
2421 5604 2554 5657 Ben.
2589 5604 2706 5658 26³.

441 5667 648 5767 ξσχύσει
678 5669 732 5723 ἀ.
764 5687 811 5722 σ.
843 5669 891 5723 6.
917 5671 1251 5770 ἐργάσασθαι
1286 5670 1347 5722 Ι).
1424 5672 1468 5702 ⁹⁹
1496 5667 1598 5723 ποῦ
1632 5669 1837 5738 βαδίζει
1972 5675 2064 5725 ποῖ
2093 5675 2295 5744 βαδίζει
2323 5675 2385 5727 C.
2425 5674 2484 5726 D.
2518 5677 2645 5726 ποῖα
2675 5674 2908 5746 βαδίζειν
2937 5667 3005 5728 [τί
3091 5679 3106 5708 ¹
3131 5678 3280 5748 ἀπήγ

485 5753 692 5800 ειποιμι
732 5738 864 5793 Edd.
987 5741 1235 5800 δεύτερον
1265 5740 1396 5794 Edd.
1430 5740 1485 5792 δέ
1511 5756 1618 5794 om.
1662 5740 1719 5793 Ε.
1795 5746 1816 5772 ⁵
1845 5739 1935 5796 SIC
1969 5741 2067 5800 En.
2110 5756 2165 5800 el.
2205 5745 2336 5798 ΕάιΙ.
2383 5748 2670 5800 συγγωρῆς
2707 5747 2770 5800 C.
2809 5747 2990 5800 calori
3035 5751 3280 5800 chywm'

439 5748 459 5767 '
485 5748 692 5807 ειποιμι
732 5748 864 5793 ωα.
943 5748 963 5770 ³
987 5748 1235 5863 δεύτερον
1265 5748 1396 5794 Edd.
1430 5748 1485 5792 δέ
1511 5756 1618 5794 om.
1662 5748 1719 5793 Ε.
1795 5748 1816 5772 ’⁸
1845 5748 1935 5796 Sic
1969 5748 2067 5812 Ep.

439 5805 968 5904 93:117.???th
1285 5811 1423 5904 ἱξῆ
1455 5810 1861 5904 (ἐνειὶηὲἓεα-
1893 5813 2108 5904 ne???

2219 5748 2336 5798 add.
2383 5748 2670 5816 συγχωρῆς
2707 5748 2770 5800 C.
2809 5748 2990 5801 cancri
3035 5764 3218 5818 συγχω
3258 5751 3385 5820 ήση.

2219 5815 2533 5904 aﬂagranti?
2555 5801 2812 5904 πιέειςὶ
2842 5817 3046 5904 τούξων
3079 5765 3380 5904 συκέη-το

492 5875 768 5965 ἀπελθεῖν]
801 5879 956 5965 ἐὼξλ
982 5881 1163 5965 αὐτοῖς
1217 5881 1276 5934 Ε.
1303 5881 1434 5965 add'.‘
1470 5881 1665 5965 αὐτοὺς
1702 5881 1866 5964 Edd._
1911 5883 1932 5914 ⁹
1963 5875 2059 5965 κοςιζ
2084 5875 2108 5936 ί·

2219 5885 2298 5965 sal
2335 5885 2406 5965 οί]
2436 5883 2616 5965 (Sian:
2665 5885 2819 5965 Ρ-[ἰμβ
2868 5887 2960 5965 καὶ
2986 5888 3227 5965 μίιιριιιεῖῐ
3271 5889 3411 5965 ἒιος.
3453 5892 3538 5965 ἵνα

1537 5952 1579 5981 ’⁸
1604 5952 1992 6037 ’κατοικοῦντες
2021 5953 2085 6006 C.

2221 5957 2320 6037 Ε..Δ
2363 5957 2406 6037 ’ξ
2433 5955 2823 6037 ἀπολέει-Εόᾳ.
2845 6025 2857 6037 ,
2905 5957 2960 6037 ’1
2982 5958 3239 6037 ἐμϐαλεῖν
3271 5958 3330 6012 F.
3366 5960 3490 6037 Pus!
3534 5952 3673 6037 ὴίξξ
3713 5964 3889 6034 vulgo

3793 337 3897 396 εει

2230 445 2413 512 καλῷ.
2441 447 2638 504 Ὅτιδέ
2662 450 2783 505 οὐδὲ
2815 451 2874 503 αἱ
2902 451 3011 504 τῶν
3038 450 3380 521 ἁμαρτωλῶν
3416 452 3576 525 ᾇυχαὶ
3605 454 3898 529 διατρίϐειν

2228 533 2464 588 ἐνταῦθα
2493 537 2784 603 δύνανται,
2816 540 3048 594 ἄκουσον
3084 537 3180 592 τοῦ
3228 539 3485 595 πλουσίου
3542 544 3716 600 πολλά
3756 548 3901 619 ὑπὲρ

2225 621 2415 704 Ιτούτου
2443 624 2908 696 παρακαλοῦντος,
2934 627 3030 680 καὶ
3051 627 3153 680 οὐκ
3172 627 3623 699 ἐπιτυγχάνοντος
3638 649 3653 664 ’
3679 633 3756 698 ὡς
3783 638 3898 704 εῖγε

2223 701 2295 779 ἦν
2321 708 2545 765 δυνατὸν
2573 750 2590 774 ,
2639 712 2802 778 αὐτὸς
2853 712 2920 766 ἂν
2965 708 3120 784 ἦλθε,
3156 714 3251 768 καὶ
3277 714 3570 786 ἀνήγγειλε
3604 719 3621 750 ⁸
3676 720 3748 775 τά
3785 701 3903 776 ἐκεῖ

2223 797 2586 868 γεγενημένα.
2618 799 2782 854 Ὅθεν
2805 800 2986 870 δῆλον,
3015 801 3098 855 ὅτι
3127 801 3265 872 μετά
3288 802 3390 874 τήν
3418 804 3670 859 ἐντεῦθεν
3694 808 3901 879 ἀποδη-

2223 883 2358 952 μίαν
2386 886 2466 949 εἰς
2502 886 2687 958 χώραν
2713 888 2835 941 τινά
2863 888 3168 956 ἀπάγονται
3198 888 3255 940 αἱ
3279 887 3472 960 ψυχαὶ,
3502 892 3685 946 οὐκέτι
3709 895 3902 966 κύριαι

2220 966 2378 1024 οὖσαι
2428 973 2776 1038 ἐπανελθεῖν,
2813 973 2950 1030 ἀλλά
2993 972 3092 1044 τὴν
3142 974 3382 1046 φοϐερὰν
3414 977 3629 1049 ἐκείνην
3681 982 3904 1052 ἡμέραν

2220 1059 2610 1129 ἀναμένουσαι.

2291 1139 2355 1194 Εἰ
2383 1141 2441 1194 δὲ
2469 1141 2614 1209 λέγοι
2635 1159 2739 1207 τις,
2771 1142 2879 1196 Kal
2915 1143 3060 1208 τίνος
3076 1143 3262 1198 ἕνεκεν
3290 1145 3424 1217 ὅπερ
3451 1144 3691 1217 ἠξίωσαν
3713 1150 3764 1202 οῖ
3785 1151 3904 1204 δαί-

2222 1245 2382 1297 μονες
2422 1230 2678 1300 ἐποίησεν
2706 1231 2736 1284 6
2769 1230 3025 1302 Χριστὸς,
3069 1233 3151 1296 είς
3187 1232 3286 1304 τὴν
3316 1233 3520 1306 ἀγέλην
3555 1236 3664 1289 τῶν
3696 1237 3902 1307 χοίρων

2217 1315 2517 1387 ἐπιτρέψας
2550 1318 2734 1381 αὐτοῖς
2761 1317 3014 1372 ἀπελθεῖν
3034 1336 3050 1382 ;
3074 1319 3251 1373 ἐκεῖνο
3283 1319 3350 1374 ἂν
3372 1323 3620 1392 εῐποιμεν
3636 1326 3679 1388 ¹,
3702 1325 3902 1380 ὅτιούκ

2217 1404 2447 1468 ἐκείνοις
2468 1405 2789 1476 πειθόμενος
2811 1407 2970 1460 τοῦτο
2985 1409 3261 1479 ἐποίησεν,
3287 1409 3424 1464 ἀλλά
3450 1411 3622 1465 πολλά
3644 1413 3900 1468 ἐντεῦθεν

2213 1490 2514 1560 οἰκονομῶν
2535 1509 2546 1521 ·
2571 1491 2630 1546 ἓν
2646 1493 2764 1563 μέν,
2791 1493 2854 1547 τὸ
2881 1494 3089 1560 διδάξαι
3109 1497 3235 1560 τοὺς
3251 1496 3664 1567 ἀπαλλαγέντας
3678 1501 3790 1554 τῶν
3805 1519 3901 1554 πο-

2215 1577 2396 1647 νηρῶν
2433 1580 2713 1651 τυράννων
2757 1581 2983 1654 ἐκείνων
3019 1582 3085 1636 τὸ
3135 1583 3365 1654 μέγεθος
3412 1588 3512 1657 τῆς
3553 1586 3732 1658 λύμης
3785 1588 3899 1642 τῶν

2215 1664 2676 1720 ἐπιϐουλευόντων
2693 1669 2874 1732 αὐτοῖς
2895 1684 2908 1699 ·
2945 1669 3132 1742 ἕτερον
3157 1671 3177 1702 ³
3200 1671 3279 1738 δὲ,
3309 1673 3396 1725 ⁶ίνα
3421 1673 3635 1744 μάθωσι
3670 1676 3896 1745 πάντες,

2213 1751 2293 1806 ὅτι
2321 1753 2441 1806 οῦδέ
2471 1755 2670 1825 χοίρων
2728 1757 3165 1829 κατατολμῶσιν,
3199 1761 3248 1813 εί
3299 1759 3374 1830 μὴ
3405 1761 3567 1825 αὐτὸς
3607 1767 3898 1835 συγχωρή-

2215 1854 2325 1893 σειε
2347 1839 2368 1870 ⁸
2396 1857 2410 1870 ·
2441 1843 2645 1914 τρίτον,
2672 1843 2755 1896 ὅτι
2783 1845 3138 1917 χαλεπώτερα
3174 1845 3285 1899 τῶν
3319 1848 3518 1920 χοίρων
3555 1851 3797 1914 ἐκείνους
3826 1852 3897 1905 ἂν

2212 1930 2558 1999 εἰργάσαντο.
2590 1933 2640 1984 εί
2671 1935 2744 2003 μὴ
2766 1934 2862 1988 καὶ
2888 1936 2946 1988 ἐν
2977 1937 3043 2005 τῇ
3079 1938 3338 2008 συμφορᾷ
3372 1937 3574 2010 πολλῆς
3616 1939 3896 1994 ἀπέλαυον

2209 2013 2312 2084 τῆς
2342 2016 2436 2069 τοῦ
2496 2017 2632 2070 Θεοῦ
2690 2021 2964 2090 προνοίας.
3007 2023 3128 2076 Ὅτι
3180 2023 3288 2095 γὰρ
3327 2025 3475 2096 ἡμᾶς
3517 2026 3626 2079 τῶν
3676 2028 3897 2095 ἀλόγων

2214 2103 2416 2172 μᾶλλον
2465 2106 2704 2174 μισοῦσι,
2761 2109 2922 2162 παντί
2962 2125 3065 2162 που
3113 2109 3271 2180 δῆλόν
3309 2113 3477 2166 ἐστιν.
3508 2112 3672 2166 Ὥστε
3703 2114 3754 2167 οί
3781 2113 3896 2168 τῶν

2209 2191 2409 2263 χοίρων
2438 2194 2514 2264 μὴ
2540 2195 2867 2265 φειδόμενοι,
2911 2197 3025 2250 ἀλλ’
3055 2199 3112 2250 ἐν
3145 2199 3247 2269 μιᾷ
3274 2199 3468 2270 καιροῦ
3501 2202 3640 2273 ῥοπῇ
3676 2202 3894 2267 πάντας

2210 2279 2408 2344 αὐτοὺς
2430 2284 2990 2355 κατακρημνίσαντες,
3041 2285 3220 2356 πολλῷ
3268 2287 3471 2358 μᾶλλον
3521 2287 3587 2342 ἂν
3622 2291 3750 2355 τοὺς
3791 2292 3895 2346 άν-

2211 2365 2465 2437 θρώπους
2509 2369 2684 2424 ταῦτα
2738 2372 3080 2442 εἰργάσαντο,
3134 2373 3229 2438 οὒς
3272 2371 3454 2446 εἶχον,
3510 2377 3596 2430 ἐπ’
3649 2379 3896 2450 ἐρημίας

2208 2455 2432 2523 ἄγοντες
2456 2457 2551 2510 καὶ
2575 2458 2880 2527 ἀπάγοντες
2894 2468 2938 2523 ⁵,
2957 2461 3006 2513 εί
3037 2462 3113 2532 μὴ
3144 2463 3237 2517 καὶ
3263 2464 3324 2517 ἐν
3355 2465 3493 2536 αὐτῇ
3519 2469 3584 2537 τῇ
3612 2469 3897 2539 τυραννίδι

2209 2543 2378 2615 πολλὴ
2403 2541 2471 2616 ἦν
2493 2546 2526 2615 ἡ
2561 2546 2655 2599 τοῦ
2683 2545 2819 2600 Θεοῦ
2848 2549 3165 2620 κηδεμονία,
3191 2550 3481 2620 χαλινοῦσα
3501 2555 3596 2607 καὶ
3613 2554 3898 2627 ἐπέχουσα

2206 2631 2306 2700 τὴν
2326 2631 2637 2704 περαιτέρω
2667 2632 2847 2705 ῥύμην
2880 2635 3080 2689 αὐτῶν.
3111 2635 3275 2691 Ὅθεν
3301 2637 3481 2710 δῆλον,
3510 2641 3596 2694 ὃτι
3618 2641 3720 2694 οὐκ
3739 2641 3895 2697 ἐστιν

2207 2719 2403 2785 οὐδεὶς,
2439 2720 2497 2784 ὃς
2521 2721 2622 2774 οὑκ
2653 2721 2916 2776 ἀπολαύει
2975 2724 3075 2794 τῆς
3110 2725 3204 2778 τοῦ
3257 2726 3396 2780 Θεοῦ
3426 2729 3703 2800 προνοίας.
3739 2731 3805 2785 El
3829 2731 3897 2786 δὲ

2207 2807 2286 2879 μὴ
2321 2809 2522 2872 πάντες
2537 2810 2760 2878 ὁμοίως,
2791 2811 2925 2882 μηδέ
2947 2812 3070 2865 καθ’
3099 2811 3196 2867 ἕνα
3216 2815 3440 2887 τρόπον,
3454 2817 3550 2872 καὶ
3569 2818 3728 2873 τοῦτο
3751 2837 3897 2891 προ-

2207 2897 2355 2960 νοίας
2385 2898 2641 2968 μέγιστον
2665 2893 2804 2964 εἶδός
2835 2902 2973 2956 ἐστι.
3011 2897 3156 2972 Πρὸέ
3186 2903 3296 2976 γάρ
3334 2905 3396 2958 τὺ
3427 2906 3643 2980 ἑκάστῳ
3667 2908 3895 2964 λυσιτε-

2198 2983 2333 3041 λοῦν
2389 2988 2484 3040 καὶ
2537 2987 2597 3040 τὸ
2632 2989 2732 3060 τῆς
2773 2989 3029 3061 προνοίας
3066 2992 3457 3051 ἐπιδείκνυται.
3502 2996 3648 3068 Πρὸς
3685 2998 3743 3052 δέ
3769 3001 3895 3064 τοῖς

2205 3074 2518 3144 εἰρημένοις
2551 3076 2645 3129 καὶ
2678 3077 2864 3148 ἕτερον
2897 3079 2962 3132 ἐκ
2988 3079 3178 3134 τούτου
3208 3083 3571 3155 μανθάνομεν,
3609 3086 3804 3158 ὅτιπερ
3827 3089 3897 3142 οὔ

2205 3166 2360 3235 κοινῇ
2396 3163 2613 3217 πάντων
2673 3167 2892 3237 προνοεῖ
2927 3167 3108 3237 μόνον,
3137 3168 3274 3223 ἀλλά
3312 3172 3406 3224 καὶ
3451 3171 3556 3244 ἰδία
3606 3174 3848 3229 ἑκάστου
3875 3192 3891 3208 ο

2202 3249 2233 3304 ὃ
2279 3252 2374 3305 καὶ
2418 3252 2513 3305 ἐπὶ
2553 3251 2664 3306 τῶν
2717 3252 2975 3324 μαθητῶν
3023 3255 3292 3327 ἐδήλωσεν
3342 3257 3545 3312 εἰπών’
3584 3258 3772 3331 Ὑμῶν
3819 3262 3896 3317 δὲ

2203 3339 2304 3394 καὶ
2324 3340 2345 3371 ⁸
2387 3342 2448 3394 αἱ
2483 3339 2682 3410 τρίχες
2718 3339 2829 3408 τῆς
2866 3341 3138 3410 κεφαλῆς
3168 3343 3557 3415 ἠριθμημέναι
3588 3349 3729 3404 εισι.
3772 3349 3896 3405 Kal

2205 3426 2313 3480 ἀπὸ
2344 3426 2453 3479 τῶν
2471 3426 2850 3498 δαιμονῶντων
2894 3428 2952 3482 δὲ
2989 3430 3195 3484 τούτων
3224 3433 3242 3463 ⁷
3278 3431 3346 3485 άν
3372 3449 3457 3496 τις
3488 3433 3647 3488 τοῦτο
3674 3438 3896 3492 κατίδοι

2205 3514 2414 3583 σαφῶς,
2444 3515 2494 3567 οἳ
2548 3515 2720 3569 πάλαι
2760 3516 2827 3570 ἂν
2873 3518 3275 3589 ἀπεπνίγησαν,
3329 3522 3377 3574 εί
3421 3523 3497 3594 μὴ
3543 3523 3746 3596 πολλῆς
3786 3527 3896 3598 τῆς

2203 3602 2410 3656 ἀνωθεν
2451 3601 2778 3674 κηδεμονίας
2811 3603 3102 3660 ἀπέλαυον.
3127 3606 3226 3660 Διά
3261 3607 3327 3678 δὴ
3359 3608 3532 3663 ταῦτα
3578 3612 3894 3685 ἐπέτρεψεν

2202 3689 2460 3744 ἀπελθεῖν
2518 3690 2540 3722 ⁸
2580 3692 2660 3754 είς
2707 3691 2806 3762 τὴν
2843 3691 3050 3763 ἀγέλην
3101 3693 3211 3749 τῶν
3257 3695 3480 3766 χοίρων,
3523 3701 3618 3752 καὶ
3661 3700 3749 3755 ἵνα
3791 3704 3894 3757 καὶ

2204 3778 2253 3830 οἱ
2278 3778 2298 3808 ³
2325 3778 2392 3831 τά
2429 3777 2601 3849 χωρία
2629 3778 2900 3843 οἰκοῦντες
2922 3781 3105 3834 ἐκεῖνα
3135 3781 3381 3852 μάθωσιν
3412 3785 3579 3840 αὑτοῦ
3598 3787 3698 3858 τὴν
3720 3790 3894 3844 δύνα-

2207 3881 2320 3934 μιν.
2362 3865 2530 3918 Ἔνθα
2579 3867 2678 3937 μὲν
2705 3867 2814 3938 γὰρ
2855 3866 2988 3922 πολὺ
3017 3867 3078 3922 τὸ
3111 3869 3282 3941 δνομα
3321 3870 3472 3945 [558]
3507 3875 3676 3928 αὑτοῦ
3707 3878 3889 3943 ἐστιν,

2202 3955 2262 4006 οὐ
2298 3954 2502 4026 σφόδρα
2532 3954 2877 4010 ἐπεδείκνυτο
2909 3958 2952 3990 ¹θ
2980 3973 2998 3991 ’
3033 3957 3161 4012 ἐνθα
3192 3960 3250 4013 δέ
3297 3960 3483 4031 μηδεὶς
3524 3965 3688 4019 αὑτὸν
3715 3961 3889 4033 οἶδεν,

2203 4041 2317 4095 ἀλλ’
2374 4042 2453 4094 ἐτι
2502 4042 2841 4114 ἀναισθήτως
2887 4043 3206 4110 διάκεινται,
3243 4047 3546 4120 ἐκλάμπειν
3584 4053 3761 4108 ἐποίει
3815 4058 3893 4112 τὰ

2203 4129 2476 4199 θαύματα,
2496 4129 2635 4182 ὥστε
2664 4130 2955 4195 αὑτοὺςείς
2981 4133 3079 4203 τὴν
3107 4134 3270 4187 αὐτοῦ
3295 4135 3620 4205 θεογνωσίαν
3644 4142 3894 4197 ἐπισπά-

2206 4220 2425 4270 σασθαι.
2464 4218 2584 4271 Ὅτι
2641 4217 2749 4290 γὰρ
2799 4219 3115 4292 ἀναίσθητοί
3161 4239 3305 4287 τινες
3336 4219 3476 4295 ἦσαν
3516 4227 3564 4278 οἱ
3595 4227 3694 4299 τὴν
3725 4231 3892 4286 πόλιν

2205 4305 2422 4376 ἐκείνην
2446 4305 2721 4370 οἰκοῦντες
2753 4308 2816 4370 ¹¹,
2841 4307 2998 4378 δῆλον
3028 4310 3136 4362 ἀπὸ
3155 4309 3247 4364 τοῦ
3269 4311 3476 4377 τέλους.
3499 4316 3628 4370 Δέον
3650 4317 3763 4389 γάρ
3785 4320 3891 4373 αὑ-

2203 4395 2328 4458 τοὺς
2391 4394 2763 4465 προσκυνῆσαι
2821 4397 2914 4449 καὶ
2967 4395 3244 4468 θαυμάσαι
3297 4401 3396 4472 τὴν
3437 4403 3689 4474 δύναμιν,
3733 4408 3784 4459 οί
3827 4407 3891 4460 δὲ

2205 4482 2552 4552 ἀπέπεμπον,
2603 4483 2711 4535 Καὶ
2765 4483 3148 4551 παρεκάλουν
3189 4487 3477 4542 ἀπελθεῖν
3520 4492 3637 4546 ἀπὸ
3684 4494 3728 4524 "
3763 4494 3892 4548 τῶν

2205 4571 2384 4637 ὁρίων
2407 4567 2622 4624 αὐτῶν.
2673 4569 2833 4623 Ἀλλὰ
2877 4571 3022 4635 τίνος
3051 4572 3236 4626 ἐνεκεν
3264 4577 3471 4629 ἀνεῖλον
3501 4581 3628 4643 τοὺς
3660 4582 3889 4652 χοίρους

2206 4657 2560 4726 οἱδαίμονες;
2630 4657 2910 4728 Πανταχοῦ
2963 4661 3088 4724 τοὺς
3143 4661 3461 4731 ἀνθρώπους
3515 4669 3596 4729 είς
3639 4669 3890 4740 ἀθυμίαν

2207 4743 2496 4814 ἐμϐάλλειν
2533 4744 2576 4775 ¹³
2612 4744 2976 4800 ἐσπουδάκασι
3000 4788 3014 4810 ,
3063 4749 3156 4801 καὶ
3192 4751 3465 4821 πανταχοῦ
3510 4755 3760 4824 χαίρουσι
3811 4762 3887 4830 τῇ

2207 4831 2455 4904 ἀπωλείᾳ
2481 4831 2548 4885 ³⁸.
2608 4831 2779 4884 Τοῦτο
2809 4832 2937 4900 γοῦν
2966 4835 3060 4887 καὶ
3102 4837 3130 4889 6
3179 4835 3422 4902 διάϐολος
3469 4840 3562 4892 ἐπὶ
3598 4843 3692 4895 τοῦ
3757 4845 3891 4898 Ἰὼϐ

2205 4919 2459 4990 ἐποίησε·
2499 4918 2676 4972 καίτοι
2729 4921 2823 4974 καὶ
2871 4922 2985 4973 ἐκεῖ
3011 4925 3039 4974 6
3067 4921 3197 4986 Θεὸς
3231 4925 3530 4996 ἐπέτρεψεν
3555 4941 3568 4955 °
3599 4929 3714 4982 ἀλλ’
3755 4933 3890 4986 οὐδὲ

2207 5010 2326 5060 ἐκεῖ
2361 5007 2678 5079 πειθόμενος
2719 5008 2796 5079 τῷ
2826 5008 3074 5080 διαϐόλῳ,
3105 5011 3241 5064 ἀλλά
3263 5013 3352 5065 τὸν
3376 5014 3540 5067 αὑτοῦ
3568 5015 3890 5087 θεράποντα

2207 5094 2377 5148 θέλων
2420 5096 2694 5165 ἀποφῆναι
2736 5096 3136 5168 λαμπρότερον,
3189 5100 3285 5153 καὶ
3325 5099 3404 5171 τῷ
3439 5101 3653 5172 δαίμονι
3694 5107 3890 5160 πᾶσαν

2207 5183 2590 5252 ἀναισχυντίας
2639 5183 2920 5236 ἐκκόπτων
2973 5184 3266 5255 πρόφασιν,
3307 5187 3401 5241 καὶ
3438 5189 3518 5250 εἰς
3562 5188 3658 5258 τὴν
3713 5191 3889 5244 αὑτοῦ

2209 5270 2555 5340 περιτρέπων
2607 5270 2848 5341 κεφαλὴν
2887 5271 2958 5324 τά
3014 5272 3154 5325 κατά
3195 5273 3289 5326 τοῦ
3338 5273 3548 5327 δικαίου
3590 5277 3885 5346 γινόμενα.

2223 5357 2377 5411 Ἐπεὶ
2406 5359 2502 5411 καὶ
2539 5357 2633 5410 νῦν
2684 5358 3012 5422 τούναντίον,
3061 5361 3204 5433 ἤπερ
3243 5360 3434 5433 ἧθελον
3462 5357 3627 5425 οὗτοι,
3659 5365 3885 5432 γέγονε.

2208 5447 2319 5501 Kal
2345 5446 2448 5518 γάρ
2483 5448 2515 5518 ἡ
2542 5446 2634 5500 τοῦ
2658 5448 2893 5518 Χριστοῦ
2916 5448 3139 5518 δύναμις
3165 5450 3432 5521 λαμπρῶς
3457 5453 3884 5522 ἀνεκηρύττετο,

2203 5535 2248 5565 ⁸⁵⁵
2283 5535 2376 5615 καὶ
2413 5549 2525 5617 (im.
2554 5533 2619 5617 Cl.‘
2639 5535 2708 5617 'D.
2746 5534 2830 5617 Εἰ.
2863 5538 2935 5617 ⁸³⁵
2971 5535 3188 5617 παῖδας]
3225 5539 3316 5617 καὶ
3341 5539 3535 5617 παῖδας
3566 5541 3632 5617 Α.
3664 5542 3884 5617 αὐτοῖς]

2783 5605 2831 5678 σε
2860 5605 3005 5678 δνοΒΙ
3041 5605 3357 5678 υάά,“σῶμα
3411 5608 3542 5663 Edd.
3579 5611 3680 5662 οὐκ
3706 5613 3772 5664 ἄν
3796 5605 3889 5677 τίξ

2199 5675 2295 5738 ίζει
2323 5675 2385 5727 C.
2425 5674 2484 5726 D.
2518 5677 2645 5726 ποῖα
2675 5674 2908 5746 βαδίζειν
2937 5674 3004 5728 [τί
3091 5679 3106 5708 ¹
3131 5674 3432 5748 ἀπήγγειλε
3463 5679 3523 5732 Ε.
3553 5680 3776 5748 ἤγγειλε
3809 5674 3886 5737 (λζ

2205 5745 2314 5781 νίΜ
2383 5748 2670 5781 κιιννιηνιῖ·
2707 5747 2746 5781 ιῖ
2809 5747 2988 5781 [ι-ιιιηνῖ
3035 5751 3361 5781 κνιυςηηινὸυυη
3463 5751 3484 5781 5
3517 5751 3886 5781 g—en.Au.-.._-..

3517 5767 3846 5815 περιάγοντε
3857 5773 3890 5815 ς

3320 5767 3385 5822 πῃ.
3463 5767 3483 5781 ν
3517 5767 3884 5820 περιάγοντες

3320 5819 3476 5872 τοῦτο
3507 5820 3569 5872 ἄν
3591 5838 3674 5882 τις
3707 5821 3884 5877 idem.

3593 5891 3668 5958 μὴ
3721 5895 3770 5944 οξ
3814 5893 3890 5949 Ι),

2791 5817 2812 5848 ⁷
2842 5817 3046 5869 τούτων
3079 5817 3188 5872 om.

444 6021 694 6080 repetunt
725 6016 770 6067 οἱ
794 6017 1059 6086 δαίμονες,
1085 6021 1226 6088 quod
1255 6021 1310 6073 in
1340 6017 1398 6071 Ε.
1427 6020 1575 6076 Arni.
1603 6020 1738 6080 Mor.
1770 6039 1877 6079 non
1905 6038 2108 6095 compa!

2283 6025 2323 6058 ί*
2347 6027 2409 6098 τῇ
2445 6016 2621 6080 αὐτῶν
2653 6025 2895 6098 ἀπωλείᾳ
2922 6016 3056 6085 Εαά.
3085 6031 3224 6084 ca'de
3253 6046 3315 6084 ac
3351 6031 3592 6085 vastitate
3621 6029 3720 6088 Ge.
