4038 6364
188 394 300 451 353

188 521 315 565 ante
341 518 548 579 tempus
600 516 831 577 torquere
874 516 1000 567 nos,
1054 500 1320 571 inquiunt.
1373 496 1487 551 Non
1530 500 1781 564 poterant

186 610 334 661 enim
365 603 551 661 dicere
570 620 632 658 se
674 615 782 655 non
821 610 1106 669 peccasse;
1136 600 1328 663 rogant
1356 605 1484 645 vero
1528 603 1596 643 ne
1645 596 1773 642 ante

188 710 414 766 tempus
434 712 624 768 paruas
649 695 816 749 luant.
846 691 978 759 Quia
1010 688 1152 743 enim
1183 680 1537 755 deprehendit
1563 693 1659 735 eos
1692 678 1779 733 in-

188 790 497 845 tolerabilia
512 799 567 843 et
593 784 773 855 iniqua
807 787 1078 851 operatus,
1106 790 1172 832 ac
1189 784 1462 831 creaturas
1488 787 1614 827 suas
1633 769 1780 825 omni

193 896 417 952 prorsus
473 874 632 931 modo
671 874 1045 927 subvertentes
1077 875 1133 923 et
1174 866 1493 929 cruciantes,
1526 862 1782 932 putabant

193 989 314 1029 eum
334 972 407 1027 ob
426 970 722 1025 facinorum
744 963 1072 1020 atrocitatem
1087 975 1194 1015 non
1210 965 1639 1028 exspectaturum
1661 967 1782 1007 esse

194 1063 448 1137 supplicii
475 1072 688 1130 tempus
713 1077 725 1111 :
762 1057 960 1112 ideirco
988 1052 1246 1124 rogabant
1273 1060 1327 1105 et
1357 1046 1727 1119 supplicabant
1758 1061 1773 1098 :

194 1173 248 1213 et
276 1158 368 1228 qui
396 1172 465 1212 ne
497 1153 688 1209 ferreis
712 1149 926 1222 quidem
978 1145 1204 1201 vinculis
1230 1141 1460 1199 detineri
1508 1147 1776 1209 poterant,

195 1252 343 1320 ligati
400 1248 657 1307 veniunt;
701 1245 787 1313 qui
831 1250 1043 1297 montes
1087 1235 1494 1308 percurrebant,
1538 1234 1590 1287 in
1630 1246 1780 1285 eam-

198 1356 294 1412 pos
322 1347 559 1402 exeunt;
590 1335 679 1406 qui
707 1334 841 1388 alios
866 1346 897 1386 a
923 1328 1146 1385 transitu
1176 1325 1448 1389 arcebant,
1477 1337 1596 1376 cum
1630 1320 1777 1374 illum

197 1435 334 1486 viam
362 1430 464 1485 sibi
523 1428 893 1483 obstruentem
926 1421 1201 1484 viderent,
1230 1424 1515 1471 steterunt.
1550 1412 1657 1468 Sed
1685 1426 1781 1466 cur

198 1528 249 1581 in
276 1522 544 1594 sepulcris
592 1521 819 1574 libenter
847 1512 1168 1571 versantur?
1198 1520 1256 1565 ut
1285 1508 1633 1579 perniciosam
1686 1504 1779 1558 do—

197 1620 425 1674 ctrinam
474 1614 765 1668 multorum
810 1608 1080 1664 mentibus
1124 1606 1405 1666 inserant;
1438 1613 1632 1669 nempe
1661 1597 1780 1650 ani-

198 1728 309 1767 mas
339 1718 672 1764 mortuorum
703 1704 976 1759 daemonas
1004 1699 1116 1753 lieri
1159 1696 1272 1769 (a);
1314 1693 1457 1765 quod
1485 1707 1554 1747 ne
1584 1690 1783 1759 cogitet

198 1802 463 1872 quispiam
486 1797 646 1852 absit.
680 1794 786 1849 Sed
814 1792 944 1863 quid
986 1790 1155 1853 dicas,
1186 1787 1450 1856 inquiunt,
1476 1783 1545 1838 de
1575 1784 1781 1852 prmsti-

192 1892 489 1965 giatoribus
511 1888 715 1953 multis,
743 1884 834 1956 qui
856 1892 1042 1953 captos
1070 1894 1263 1951 pueros
1285 1877 1551 1947 jugulant,
1575 1884 1632 1928 ut
1659 1874 1779 1925 ani-

200 1963 335 2039 inam
367 1991 555 2053 postea
606 1978 708 2033 sibi
756 1976 1145 2031 ministrantem
1190 1969 1457 2025 habeant?
1501 1966 1609 2023 Sed
1640 1963 1781 2019 unde

198 2080 297 2132 hoc
324 2074 537 2145 liquet?
565 2072 698 2127 Nam
746 2067 890 2140 quod
935 2066 1184 2137 jugulent
1206 2105 1222 2131 ,
1255 2063 1355 2118 hoc
1380 2060 1531 2115 multi
1561 2059 1776 2122 dicunt;

195 2171 332 2240 quod
363 2178 544 2223 autem
584 2177 850 2220 ctesorum
898 2160 1089 2214 animae
1114 2173 1236 2213 cum
1268 2155 1396 2225 ipsis
1436 2153 1543 2208 sint
1568 2193 1584 2218 ,
1615 2149 1776 2216 unde,

193 2277 395 2332 quaeso,
428 2256 608 2314 nosti?
640 2256 763 2326 Ipsi,
792 2252 1053 2324 inquiunt,
1087 2247 1398 2303 daemoniaci
1426 2244 1527 2300 hoc
1552 2243 1735 2297 dicunt
1763 2260 1775 2295 :

196 2356 303 2425 Ego
348 2368 471 2408 sum
519 2351 696 2405 anima
726 2348 865 2403 illius
909 2345 1221 2415 cujuspiam.
1247 2341 1443 2396 Verum
1494 2338 1609 2392 haac
1639 2339 1780 2391 fraus

191 2457 245 2501 et
275 2446 483 2499 fallacia
532 2441 795 2497 diabolica
845 2449 945 2493 est.
973 2436 1157 2507 Neque
1182 2433 1324 2490 enim
1373 2432 1550 2486 anima
1583 2430 1778 2483 mortui

190 2548 271 2593 est
293 2553 416 2609 quas
447 2537 663 2598 clamat,
698 2532 794 2587 sed
818 2532 1033 2586 daemon
1054 2527 1143 2598 qui
1174 2525 1276 2579 hoc
1303 2523 1521 2579 simulat
1549 2532 1609 2575 ut
1634 2520 1777 2574 audi-

192 2641 332 2683 tores
354 2627 610 2695 decipiat.
641 2623 774 2678 Nam
801 2622 845 2677 si
872 2630 1052 2692 posset
1076 2618 1253 2671 anima
1275 2616 1327 2670 in
1357 2614 1618 2669 daemonis
1646 2612 1776 2666 sub-

189 2722 441 2778 stantiam
471 2718 699 2790 ingredi,
728 2717 897 2772 multo
944 2713 1153 2769 facilius
1184 2712 1236 2765 in
1278 2723 1475 2779 corpus
1505 2722 1661 2762 suum
1693 2706 1776 2760 in-

188 2815 536 2884 grederetur.
566 2811 830 2867 Praeterea
858 2807 979 2878 quis
1032 2806 1242 2861 ratione
1272 2801 1527 2873 prteditus
1554 2798 1778 2854 credere

190 2906 356 2975 possit
394 2904 631 2959 animam
687 2900 894 2967 laesam,
937 2912 997 2954 se
1035 2896 1245 2951 ltedenti
1280 2892 1523 2949 sociare?
1546 2900 1637 2945 aut
1676 2890 1777 2943 ho-

190 2999 389 3052 minem
421 3009 581 3065 posse
625 2994 733 3048 vim
786 2993 1155 3060 incorpoream
1206 2988 1258 3041 in
1299 2986 1521 3041 alteram
1566 2990 1777 3039 mutare

188 3087 589 3145 substantiam?
616 3086 746 3141 Nam
771 3083 819 3140 si
848 3084 899 3138 in
939 3080 1256 3152 corporibus
1297 3079 1349 3133 id
1378 3077 1492 3133 ﬁeri
1524 3085 1773 3146 nequeat,

190 3200 287 3239 nec
313 3182 583 3254 quispiam
611 3180 779 3251 possit
831 3191 1028 3246 corpus
1058 3174 1292 3229 hominis
1335 3172 1386 3225 in
1413 3185 1611 3239 corpus
1638 3168 1776 3222 asini

188 3286 436 3339 nmtare;
495 3272 664 3327 multo
716 3271 885 3340 magis
936 3270 990 3323 in
1044 3267 1219 3321 anima
1268 3263 1517 3319 invisibili
1559 3262 1611 3315 id
1660 3259 1777 3315 fieri

190 3371 395 3439 nequit,
424 3382 526 3421 nec
549 3365 667 3437 quis
695 3363 863 3435 possit
898 3362 1039 3416 illam
1063 3360 1117 3414 in
1140 3356 1403 3414 daemonis
1426 3352 1777 3411 substantiam

191 3470 424 3515 vertere.

255 3553 310 3606 3.
346 3553 548 3604 Anima:
576 3558 686 3619 post
714 3556 923 3602 mortem
951 3561 1051 3600 non
1082 3544 1164 3598 hic
1191 3551 1430 3609 manent,
1460 3540 1548 3595 sed
1588 3540 1641 3592 in
1680 3538 1778 3591 alt-

188 3663 339 3715 qnem
366 3644 623 3714 regionem
648 3642 919 3695 ducuntur.
939 3637 1102 3693 Nemo
1127 3646 1197 3691 est
1216 3636 1335 3706 quin
1346 3633 1441 3689 Dei
1468 3632 1779 3702 providentia

191 3742 415 3807 fruatur.
445 3763 517 3774 —
547 3733 728 3803 Itaque
771 3731 1103 3786 anicularum
1142 3727 1409 3783 ebriarum
1460 3725 1575 3779 haec
1615 3722 1778 3779 verba

190 3838 314 3881 sunt
344 3837 398 3880 et
428 3839 717 3895 puerorum
748 3821 1016 3877 terricula.
1050 3818 1233 3889 Neque
1260 3819 1402 3874 enim
1434 3816 1559 3871 licet
1587 3816 1779 3868 animat

190 3919 359 3974 semel
400 3934 432 3971 a
464 3931 687 3986 corpore
728 3915 981 3983 sejunctae
1011 3913 1096 3967 hic
1134 3910 1387 3979 deinceps
1416 3908 1616 3978 vagari.
1646 3904 1779 3960 Nam

190 4012 465 4067 Justorum
491 4010 677 4063 anima:
695 4010 749 4062 in
779 4024 932 4060 manu
962 4004 1056 4059 Dei
1084 4012 1202 4057 sunt
1232 4002 1386 4073 (Sap.
1411 4001 1465 4055 3.
1504 3999 1589 4069 l);
1629 3998 1676 4054 si
1697 3999 1783 4067 ju-

194 4119 437 4171 storum,
471 4104 629 4158 etiam
653 4116 867 4172 quoque
900 4114 1186 4169 puerorum
1227 4096 1422 4149 animte
1452 4111 1465 4147 :
1494 4109 1602 4147 non
1637 4093 1780 4147 enim

196 4200 296 4252 illae
319 4197 479 4252 mala:
504 4205 646 4250 sunt.
672 4195 1020 4249 Peccatorum
1046 4201 1223 4245 autem
1244 4190 1436 4242 animae
1456 4186 1635 4241 statim
1660 4184 1784 4240 hinc

195 4290 555 4343 abducuntur.
602 4285 657 4340 ld
699 4286 871 4355 palam
920 4292 1003 4338 est
1044 4297 1109 4336 ex
1156 4279 1357 4335 Lazaro
1397 4286 1452 4333 et
1492 4277 1683 4341 divite;
1729 4284 1784 4331 et

196 4381 315 4434 alibi
357 4378 613 4434 Christus
638 4376 753 4429 ait:
790 4372 955 4427 Hodie
994 4374 1216 4426 animant
1244 4381 1381 4424 tuam
1418 4377 1641 4441 repetent
1679 4383 1710 4420 a
1736 4376 1785 4422 te

196 4472 349 4541 (Luc.
380 4470 473 4526 l2.
498 4469 613 4539 20).
645 4468 828 4537 Neque
865 4466 977 4521 lieri
1014 4473 1218 4535 potest,
1262 4473 1319 4517 ut
1347 4463 1521 4516 anima
1565 4476 1629 4515 ex
1660 4475 1783 4514 cor-

200 4581 323 4632 pore
341 4578 561 4633 egressa
578 4603 592 4625 ,
624 4560 749 4616 hinc
773 4568 919 4613 erret
943 4569 996 4612 et
1015 4565 1269 4627 vagetur;
1292 4569 1467 4624 neque
1488 4552 1539 4607 id
1568 4552 1781 4621 injuria.

198 4658 325 4712 Nam
356 4660 401 4711 si
447 4671 569 4710 cum
618 4657 719 4709 iter
764 4654 987 4707 facimus
1028 4652 1079 4705 in
1123 4658 1249 4703 nota
1289 4646 1445 4703 nobis
1470 4654 1523 4701 et
1573 4652 1785 4698 assueta

199 4759 356 4814 terra,
387 4763 513 4802 cum
554 4761 780 4815 corpore
823 4744 1000 4799 amicti
1045 4755 1249 4806 sumus,
1288 4754 1408 4793 cum
1450 4736 1787 4807 peregrinam

196 4847 335 4898 viam
378 4843 627 4907 adimus,
656 4841 921 4895 nescimus
966 4853 1067 4908 qua
1117 4835 1345 4890 transire
1377 4841 1637 4900 oporteat,
1684 4829 1786 4883 nisi

197 4937 386 4991 ducem
417 4934 713 4989 habeamus
733 4950 745 4986 :
775 4931 1042 5002 quomodo
1062 4929 1237 4982 anima
1254 4942 1319 4982 ex
1336 4938 1560 4994 corpore
1580 4922 1785 4988 avulsa,

199 5028 325 5081 nihil
363 5028 481 5097 jam
522 5033 795 5079 assuetum
823 5032 877 5077 et
915 5021 1184 5091 cognitum
1228 5017 1458 5081 habens,
1496 5016 1610 5070 sine
1655 5013 1790 5067 duce

196 5126 330 5182 sciet
356 5138 468 5194 quo
494 5123 561 5177 sit
586 5120 861 5177 eundum?
894 5117 1176 5187 Multisque
1197 5114 1317 5169 aliis
1342 5110 1668 5184 argumentis
1689 5108 1789 5163 de-
1856 5115 1863 5121 '

200 5216 539 5286 prehendere
560 5223 663 5277 est,
695 5228 799 5267 non
832 5225 988 5282 posse
1008 5209 1239 5263 animam
1268 5222 1335 5262 ex
1355 5220 1579 5273 corpore
1606 5216 1791 5271 egres-

197 5329 314 5367 sam
343 5312 434 5365 hic
466 5324 704 5365 manere.
761 5306 894 5362 Nam
940 5303 1243 5373 Stephanus
1283 5301 1392 5356 ait:
1429 5298 1643 5368 Suscipe
1680 5297 1791 5365 spi-

200 5414 355 5455 ritum
390 5418 562 5455 meum
592 5402 732 5472 (Act.
761 5399 812 5452 7.
842 5398 932 5469 58)
956 5412 972 5463 ;
1009 5406 1063 5451 et
1090 5396 1283 5451 Paulus
1302 5435 1316 5459 ,
1349 5391 1571 5447 Dissolvi
1601 5400 1646 5443 et
1674 5404 1791 5443 cum

268 5539 338 5598 (σι)
364 5536 579 5598 ldipsum
597 5533 713 5583 dicrt
729 5532 1097 5598 Chrysostomus
1119 5538 1253 5579 Hom.
1270 5529 1385 5598 2_de
1408 5536 1593 5598 Lazaro,
1607 5528 1791 5598 Tomi,

202 5592 304 5650 Ou'l.
316 5592 430 5659 983,
442 5592 532 5646 lin.
547 5599 596 5654 8,
609 5609 788 5659 nempe
798 5592 1067 5659 secundum
1077 5593 1391 5659 quorumdam
1404 5593 1679 5659 opinionem
1690 5592 1794 5659 ani-

200 5678 307 5712 mas
328 5654 644 5710 morientium
666 5654 908 5707 daemonas
931 5656 1055 5705 ﬁeri.
1082 5654 1171 5704 Sed
1194 5655 1240 5703 id
1264 5656 1329 5702 ibi
1348 5655 1502 5703 solum
1535 5654 1710 5701 dicitur
1729 5654 1795 5701 de

202 5726 318 5783 illis,
342 5730 428 5787 qui
456 5723 667 5787 violenta
697 5719 1253 5787 mortedecesseruut:
1292 5716 1509 5787 illudque
1547 5715 1672 5787 forte
1705 5714 1797 5763 hoc

204 5778 351 5837 etiam
363 5778 479 5835 loco
498 5781 967 5844 subintelligendum
990 5788 1098 5829 est:
1137 5792 1233 5828 non
1256 5778 1518 5844 verisimile
1543 5778 1674 5826 enim
1697 5786 1793 5839 est,

201 5851 253 5902 id
274 5864 362 5902 eos
376 5852 438 5901 de
457 5846 707 5900 animabus
720 5842 1063 5896 decedendum
1081 5844 1291 5893 omnium
1311 5842 1634 5893 existimasse.

1053 382 1118 440 IN
1157 375 1564 438 ΜΑΤΤΗΛΕΟΜ
1604 370 1834 429 ιΙΟΜΙῐ..

1881 369 2113 427 XXVIII.
2156 375 2205 429 al
2273 376 2430 429 XXIX
3362 379 3467 434 ὃν.

1892 490 2093 547 Christo
2117 511 2224 549 esse
2247 496 2403 550 multo
2428 495 2607 551 melius
2632 507 2705 552 est
2730 496 2995 571 (Philipp.
3040 501 3094 556 ί.
3122 501 3236 571 23).
3266 502 3343 557 De
3368 519 3466 574 pa-

1888 588 2117 643 triarcha
2152 605 2363 661 quoque
2401 591 2675 662 Scriptura
2700 593 2830 648 dicit
2860 612 2873 647 :
2908 594 2979 648 Et
3014 596 3279 667 appositus
3302 609 3374 651 est
3400 598 3468 650 ad

1886 689 2053 749 patres
2082 697 2222 749 suos,
2264 693 2523 752 provectus
2550 685 2603 737 in
2630 695 2883 739 senectute
2919 686 3051 740 bona
3089 687 3240 756 (Gen.
3270 689 3359 743 25.
3385 690 3465 757 8).

1885 773 2037 839 Quod
2076 784 2250 829 autem
2297 791 2470 846 neque
2513 787 2852 847 peccatorum
2896 780 3090 835 animm
3138 783 3346 853 possint
3384 786 3470 837 hic

1886 868 2117 937 versari,
2148 868 2270 923 audi
2297 869 2515 925 divitem
2544 872 2709 926 multa
2740 875 2839 928 hac
2863 873 2932 929 de
2952 890 3011 929 re
3036 884 3334 945 rogantem,
3367 892 3468 930 nec

1887 961 2281 1032 impetrantem,
2312 965 2401 1035 qui
2436 966 2481 1020 si
2524 967 2783 1035 potuisset
2811 970 3048 1024 venisset
3090 970 3238 1038 ipse,
3268 977 3323 1023 et
3348 985 3471 1039 quae

1885 1053 1993 1107 illic
2038 1053 2226 1109 fierent
2267 1056 2581 1112 nuntiasset.
2632 1057 2783 1114 Unde
2826 1060 2998 1129 palam
3044 1069 3160 1123 est,
3208 1069 3329 1131 post
3372 1062 3469 1115 de-

1885 1160 2093 1201 cessum
2114 1163 2180 1201 ex
2212 1147 2310 1203 hac
2336 1149 2443 1203 vita
2473 1149 2679 1205 animas
2700 1151 2751 1205 in
2773 1152 3055 1221 quamdam
3079 1152 3349 1222 regionem
3369 1153 3469 1207 de-

1886 1236 2033 1303 ferri,
2056 1253 2154 1292 nee
2170 1254 2328 1308 posse
2345 1239 2449 1295 huc
2473 1242 2685 1306 reverti,
2716 1243 2807 1296 sed
2834 1242 3122 1297 terribilem
3154 1244 3303 1297 illum
3325 1242 3469 1297 diem

1886 1340 2216 1400 exspectare.
2249 1331 2305 1388 Si
2346 1334 2469 1403 quis
2508 1347 2638 1388 vero
2665 1335 2888 1399 dixerit,
2918 1336 3027 1389 Cur
3068 1336 3116 1388 id
3146 1335 3286 1405 quod
3323 1344 3472 1403 pete-

1884 1427 2012 1483 bant
2039 1428 2311 1483 daemones
2339 1429 2581 1483 Christus
2613 1429 2734 1484 fecit
2753 1470 2767 1493 ,
2792 1444 2913 1483 cum
2943 1430 2994 1483 in
3034 1444 3314 1498 porcorum
3345 1444 3472 1499 gre-

1885 1536 2003 1591 gem
2037 1523 2180 1591 ipsos
2210 1522 2407 1577 intrare
2435 1522 2710 1591 permisit?
2737 1524 3105 1592 responderim
3138 1538 3258 1593 ego,
3294 1498 3469 1590 ipsum
3528 1498 3533 1503 I

1886 1627 1990 1667 non
2032 1614 2082 1667 id
2112 1613 2301 1668 fecisse
2330 1614 2382 1667 in
2423 1615 2647 1683 gratiam
2690 1614 2935 1679 illorum;
2968 1615 3059 1669 sed
3090 1625 3145 1668 ut
3188 1614 3349 1667 multa
3391 1614 3471 1668 sic

1886 1702 2249 1772 dispensaret;
2271 1704 2464 1774 primo,
2488 1704 2776 1759 utdoceret
2805 1720 2897 1759 eos
2926 1707 3015 1775 qui
3042 1720 3070 1759 a
3094 1705 3339 1776 malignis
3367 1706 3467 1759 hu-

1881 1794 2116 1863 jusmodi
2136 1796 2374 1864 tyrannis
2396 1794 2606 1849 liberati
2622 1805 2824 1857 essent.
2848 1806 3099 1865 quantam
3132 1796 3423 1865 perniciem
3449 1798 3465 1826 ‘

1884 1886 2137 1942 afferrent
2166 1888 2501 1943 insidiatores
2529 1888 2869 1957 hnjusmodi;
2904 1889 3141 1943 secundo
3161 1929 3177 1954 ,
3209 1900 3266 1942 ut
3292 1890 3470 1943 disce-

1886 1990 2005 2033 rent
2050 1994 2261 2045 omnes,
2304 1979 2577 2034 daztnonas
2618 1995 2685 2033 ne
2714 1980 2928 2049 quidem
2977 1994 3168 2048 porcos
3210 1980 3469 2034 invadere

1887 2086 2065 2139 posse,
2096 2072 2195 2125 nisi
2224 2072 2335 2142 ipse
2366 2073 2697 2141 permiserit;
2732 2073 2891 2127 tertio
2911 2114 2925 2135 ,
2956 2073 3098 2142 ipsos
3139 2072 3381 2141 graviora
3415 2075 3469 2129 in

1886 2163 2149 2229 homines,
2180 2180 2336 2234 quam
2367 2165 2418 2219 in
2451 2179 2670 2234 porcos,
2708 2174 3107 2235 perpetraturus
3135 2164 3297 2221 fuisse
3320 2208 3334 2231 ,
3365 2167 3469 2222 nisi

1885 2257 1939 2311 in
1986 2258 2287 2311 calamitate
2332 2272 2427 2326 per
2464 2271 2709 2325 magnam
2747 2256 2891 2309 illam
2940 2257 3031 2311 Dei
3079 2256 3467 2327 providentiam

1884 2349 2078 2403 servati
2101 2348 2342 2403 fuissent.
2365 2347 2495 2401 Nam
2520 2349 2659 2417 quod
2681 2349 2850 2417 magis
2868 2362 2965 2403 nos
2984 2362 3142 2418 quam
3172 2346 3322 2404 bruta
3353 2353 3470 2405 ani-

1882 2442 2040 2497 malia
2067 2442 2191 2496 odio
2234 2441 2483 2507 habeant,
2514 2440 2643 2494 nulli
2694 2455 2799 2494 non
2831 2440 3173 2495 manifestum
3214 2452 3316 2497 est.
3366 2444 3470 2498 Ita-

1883 2551 1989 2605 que
2017 2536 2105 2604 qui
2129 2534 2304 2603 porcis
2330 2549 2437 2589 non
2464 2542 2836 2603 pepercerunt,
2864 2543 2918 2587 et
2946 2534 2998 2587 in
3036 2545 3309 2592 momento
3336 2545 3469 2591 tem-

1885 2629 2030 2697 poris
2059 2644 2246 2683 omnes
2293 2628 2690 2699 pmcipitarunt
2709 2668 2723 2692 ,
2752 2626 2921 2682 multo
2967 2628 3137 2697 magis
3166 2626 3471 2684 hominibus

1884 2720 1937 2776 id
1976 2720 2268 2787 fecissent,
2298 2734 2433 2791 quos
2461 2718 2710 2774 tenebant
2749 2719 2801 2773 in
2837 2718 3110 2775 desertum
3142 2719 3471 2775 adducentes

1884 2824 1938 2868 et
1967 2814 2320 2878 abducentes,
2349 2813 2451 2869 nisi
2486 2814 2645 2869 etiam
2693 2812 2744 2867 in
2794 2813 2894 2867 hac
2942 2813 3056 2884 ipsa
3090 2827 3280 2883 magna
3309 2830 3469 2884 quam

1883 2907 2205 2960 exercebant
2233 2905 2535 2976 tyrannide,
2570 2906 2659 2960 Dei
2690 2920 2817 2959 cura
2837 2906 3101 2960 frenasset
3124 2911 3177 2960 et
3197 2908 3468 2962 coercuis-

1883 3008 1986 3065 set,
2015 3014 2082 3053 ne
2111 2996 2489 3066 perniciosiora
2521 2997 2776 3052 facerent.
2810 2996 2938 3052 Inde
2968 2997 3135 3068 liquet
3155 3036 3170 3062 ,
3198 2998 3468 3053 neminem

1883 3108 2027 3159 esse,
2050 3092 2178 3162 quin
2212 3092 2303 3146 Dei
2334 3090 2663 3161 providentia
2698 3090 2925 3145 fruatur.
2951 3090 3102 3157 Quod
3142 3089 3185 3144 si
3212 3104 3317 3145 non
3353 3108 3468 3147 om-

1882 3200 1980 3240 nes
2013 3200 2117 3238 uno
2142 3183 2439 3254 eodemque
2468 3184 2649 3251 modo,
2683 3183 2784 3238 hoc
2808 3199 3020 3254 quoque
3061 3198 3310 3253 magnum
3342 3200 3469 3254 pro-

1883 3276 2137 3331 videntia:
2164 3292 2334 3346 genus
2362 3284 2462 3330 est.
2508 3275 2639 3330 Nam
2686 3285 2743 3329 ut
2768 3277 2960 3345 cuique
2992 3275 3119 3330 utile
3145 3290 3265 3330 esse
3292 3286 3471 3345 potest

1882 3371 2020 3425 ratio
2046 3369 2392 3439 providentia:
2427 3369 2880 3424 accommodatur.
2923 3368 3003 3423 Ad
3031 3367 3147 3424 haec
3178 3382 3308 3423 vero
3348 3385 3469 3439 quas

1883 3464 2023 3518 dicta
2054 3471 2201 3527 sunt,
2232 3462 2373 3517 aliud
2417 3461 2541 3517 inde
2585 3461 2841 3516 discimus
2874 3478 2887 3515 :
2929 3460 3071 3531 quod
3115 3460 3319 3517 scilicet
3359 3475 3468 3515 non

1885 3564 2091 3611 tantum
2116 3556 2367 3610 omnibus
2394 3554 2551 3609 simul
2582 3553 2889 3624 provideat,
2918 3552 3011 3607 sed
3044 3553 3204 3607 etiam
3247 3550 3472 3622 singulis

1884 3650 2145 3713 seorsim;
2177 3648 2319 3719 quod
2342 3648 2502 3702 etiam
2525 3646 2801 3715 discipulis
2827 3644 3076 3699 indicavit
3102 3644 3286 3699 dicens
3314 3660 3330 3699 :
3368 3641 3469 3700 Ve-

1884 3746 1977 3801 stri
2005 3744 2182 3814 capilli
2205 3744 2386 3812 capitis
2404 3757 2573 3796 omnes
2595 3740 2842 3795 numerati
2865 3750 2981 3793 sunt
3002 3738 3214 3809 (Matth.
3240 3740 3326 3794 10.
3352 3740 3468 3807 50).

1886 3840 2071 3908 Exque
2109 3835 2455 3891 dmmoniacis
2482 3833 2532 3888 id
2558 3834 2702 3888 clare
2732 3831 2915 3885 videre
2951 3838 3055 3897 est,
3095 3833 3183 3900 qui
3206 3831 3315 3900 jam
3342 3832 3472 3887 olim

1887 3930 2130 3987 suﬁ‘ocati
2158 3930 2403 3991 fuissent,
2432 3927 2530 3980 nisi
2559 3939 2768 3979 summe
2797 3934 3016 3978 curante
3047 3923 3157 3978 Deo
3186 3938 3472 3979 servaren-

1889 4034 1996 4079 tur.
2032 4022 2323 4092 Propterea
2364 4018 2606 4090 permisit
2647 4030 2741 4072 eos
2777 4017 2925 4070 abire
2961 4016 3013 4069 in
3042 4031 3256 4085 gregem
3284 4030 3476 4084 porco-

1890 4132 2030 4181 rum,
2061 4127 2116 4169 ut
2145 4114 2233 4184 qui
2257 4113 2529 4182 regionem
2564 4109 2887 4175 incolebant,
2922 4108 3037 4178 ejus
3069 4109 3362 4178 potentiam
3389 4107 3472 4161 di—

1893 4220 2123 4265 scerent.
2149 4208 2250 4263 Ubi
2293 4218 2525 4277 namque
2565 4221 2757 4259 nomen
2801 4205 2969 4272 ipsius
3009 4214 3194 4257 notum
3224 4211 3360 4265 erat,
3400 4201 3475 4256 ibi

1890 4318 1998 4357 non
2046 4300 2202 4356 valde
2248 4314 2308 4355 se
2356 4298 2722 4354 ostendebat:
2774 4296 2864 4350 ubi
2916 4310 3045 4349 vero
3089 4308 3247 4348 nemo
3299 4293 3474 4363 ipsum

1894 4402 2135 4456 noverat,
2165 4391 2495 4459 stolidusque
2533 4389 2762 4458 populus
2787 4395 2921 4443 erat.
2950 4387 3020 4441 ibi
3055 4385 3324 4439 miraculis
3363 4399 3477 4437 ma-

1893 4491 1974 4560 gis
2000 4487 2265 4556 lulgebat,
2296 4493 2354 4539 ut
2396 4484 2515 4537 illus
2534 4482 2600 4536 ad
2633 4480 2923 4534 divinitatis
2962 4494 3074 4532 sua:
3111 4478 3473 4547 cognitionem

1895 4582 2250 4654 pertraheret.
2269 4577 2423 4645 Quod
2445 4587 2619 4630 autem
2639 4574 2816 4628 stolidi
2839 4580 3020 4626 essent
3041 4572 3073 4624 ii
3091 4571 3179 4641 qui
3208 4570 3477 4625 civitatem

1895 4677 2039 4732 illam
2073 4672 2398 4736 incolebant,
2427 4686 2489 4725 ex
2520 4669 2583 4723 iis
2609 4682 2726 4737 qum
2757 4666 2809 4720 in
2833 4666 2938 4719 fine
2964 4675 3109 4735 gesta
3134 4672 3258 4718 sunt
3286 4663 3476 4733 liquet.

1896 4769 2030 4825 Cum
2061 4766 2388 4838 oportuisset
2417 4763 2560 4818 enim
2588 4761 2732 4815 illum
2762 4758 3007 4825 adorare,
3036 4756 3259 4827 ejusque
3291 4766 3481 4826 poten-

1896 4864 2023 4918 tiam
2046 4860 2249 4924 mirari,
2279 4858 2425 4912 illum
2446 4856 2775 4926 repulerunt,
2799 4862 2851 4906 et
2868 4858 3121 4921 rogarunt
3142 4848 3429 4905 abscedere
3450 4864 3481 4903 a

1899 4957 2094 5011 finibus
2139 4954 2270 5008 suis.
2301 4950 2408 5007 Sed
2454 4965 2549 5004 cur
2591 4948 2864 5001 daemones
2909 4958 3098 5013 porcos
3133 4941 3484 4996 occiderunt?

1898 5052 2123 5120 Semper
2151 5047 2426 5103 daemones
2456 5043 2507 5098 id
2535 5049 2726 5098 curant
2747 5049 2804 5094 ut
2833 5038 3079 5094 homines
3108 5038 3163 5091 in
3194 5050 3482 5091 mmrorem

1899 5143 2222 5213 conjiciunt,
2256 5150 2574 5206 semperque
2600 5134 2667 5189 de
2706 5133 2915 5187 illorum
2962 5131 3201 5200 pernicie
3230 5128 3481 5199 gaudent.

1901 5235 2015 5291 Hoc
2042 5234 2169 5287 item
2198 5231 2334 5285 Jobo
2358 5227 2601 5283 diabolus
2632 5223 2778 5288 fecit,
2809 5228 2930 5293 quia
2966 5222 3035 5277 ibi
3065 5221 3225 5275 etiam
3261 5219 3313 5274 id
3344 5220 3486 5273 Deus

1900 5323 2150 5397 permisit
2176 5340 2189 5375 :
2213 5336 2399 5377 verum
2430 5333 2602 5388 neque
2631 5316 2703 5371 ibi
2724 5314 2936 5369 diabolo
2957 5312 3366 5381 obtemperavit,
3390 5311 3487 5365 sed

1903 5416 2048 5489 quod
2090 5414 2344 5469 famulum
2374 5426 2530 5466 suum
2569 5409 2733 5464 vellet
2759 5406 3178 5477 splendidiorem
3222 5403 3486 5467 reddere,

1905 5508 2243 5576 daemonique
2287 5519 2504 5561 omnem
2544 5500 2886 5572 impudentia:
2932 5511 3117 5552 ansam
3171 5496 3485 5567 praecidere,

1905 5614 2063 5675 atque
2091 5618 2186 5658 sua
2217 5601 2268 5655 in
2303 5599 2504 5670 justum
2547 5596 2777 5651 facinora
2818 5594 2870 5648 in
2910 5600 3069 5662 caput
3114 5591 3278 5660 ipsius
3317 5600 3490 5644 retor-

1904 5715 2089 5771 quere.
2116 5700 2181 5753 Et
2198 5711 2335 5751 nunc
2358 5709 2568 5765 quoque
2589 5702 2772 5748 contra
2793 5688 3007 5757 accidit,
3028 5700 3190 5758 quam
3217 5682 3501 5739 damoues

1976 5842 1991 5871 ¹
2028 5837 2138 5895 Alii,
2159 5841 2384 5899 quantum
2410 5830 2603 5882 rabiem.
