4038 6364
578 357 684 414 555

579 471 850 527 volebant.
878 467 1008 522 Nam
1027 462 1224 522 Christi
1254 463 1488 534 potentia
1512 460 1710 516 clarius
1741 457 2154 529 prauiicabatur,

575 577 642 618 ac
681 560 916 631 nequitia
946 558 1251 613 dmmonum
1272 594 1288 620 ,
1319 569 1392 609 ex
1421 567 1525 624 qua
1552 551 1642 606 ille
1685 550 1828 604 eruit
1864 562 2054 604 omnes
2077 546 2169 617 qui

578 656 649 710 ab
666 654 796 726 ipsis
816 652 1216 717 detinebantur,
1234 648 1569 704 manifestius
1583 645 1850 716 apparuit,
1878 651 2171 712 notumque

581 747 703 814 fuit,
738 747 860 801 illos
905 759 975 800 ne
1022 744 1075 798 in
1105 755 1301 814 porcos
1336 740 1551 810 quidem
1583 737 1786 793 habere
1824 743 2169 808 potestatem,

579 841 682 896 nisi
713 838 766 894 id
789 837 1093 908 permiserit
1114 834 1485 888 universorum
1511 831 1670 886 Deus.

651 933 706 986 4.
741 929 1025 984 Parcarum
1067 925 1269 982 diabolo
1299 923 1605 978 traditarum
1640 919 1854 976 historia
1894 917 2172 991 auagogice

580 1024 884 1093 explicatur.
911 1019 1198 1089 Descriptio
1220 1017 1396 1073 lascivi
1414 1026 1461 1071 et
1485 1015 1647 1070 avari.
1670 1045 1740 1055 ——
1761 1013 1820 1069 Si
1847 1011 1969 1084 quis
1991 1022 2172 1067 autem

584 1118 700 1170 lucc
725 1114 1016 1185 anagogice
1041 1113 1171 1169 velit
1191 1112 1458 1179 accipere,
1492 1109 1545 1165 id
1577 1109 1761 1177 utique
1789 1107 1938 1172 licet,
1963 1104 2058 1161 sed
2085 1102 2169 1159 lti-

581 1211 749 1264 stnria
774 1210 853 1264 sic
881 1209 1062 1262 habet.
1091 1205 1382 1261 Sciendum
1415 1217 1577 1273 porro
1605 1210 1688 1257 est
1714 1200 1958 1255 homines
1983 1211 2175 1270 porco-

581 1319 699 1357 rum
743 1304 912 1356 instar
949 1301 1212 1364 viventes,
1244 1295 1580 1352 daemonibus
1619 1307 1742 1350 esse
1769 1300 1925 1362 captu
1951 1289 2172 1345 'faciles.

581 1398 681 1464 Qui
723 1404 900 1449 autem
942 1394 1057 1448 hmc
1095 1393 1393 1464 patiuntur,
1423 1390 1668 1445 homines
1695 1403 1818 1443 cttm
1858 1385 2000 1449 sint,
2029 1398 2176 1453 saepe

588 1495 816 1558 possunt
845 1487 963 1541 illos
983 1500 1275 1555 superare;
1306 1484 1352 1538 si
1373 1497 1505 1536 vero
1532 1480 1678 1551 porci
1708 1478 1929 1534 omnino
1953 1475 2174 1540 fuerint,

582 1594 690 1634 non
719 1577 880 1633 modo
905 1593 934 1631 a
961 1574 1295 1631 dznmonibus
1319 1573 1678 1643 exagitantur,
1705 1568 1802 1624 sed
1824 1568 1986 1622 etiam
2031 1581 2175 1636 pra:-

584 1671 894 1740 cipitantur.
923 1667 1260 1736 lnsupcrque
1303 1678 1370 1718 ne
1409 1662 1528 1732 quis
1564 1661 1668 1715 hoc
1694 1675 1809 1714 rem
1850 1673 1971 1712 esse
2000 1656 2176 1711 fictam

584 1771 834 1832 putaret,
863 1759 957 1815 sed
985 1759 1210 1828 quisque
1242 1754 1489 1810 crederet
1526 1751 1804 1807 daemones
1861 1749 1879 1779 ³
1907 1762 2032 1802 vere
2078 1761 2178 1801 ex-

589 1855 782 1916 ivissc,
814 1867 880 1907 ex
927 1864 1210 1920 porcorum
1257 1857 1430 1901 morte
1466 1844 1517 1898 id
1551 1840 1891 1898 manifestum
1931 1837 2178 1894 efficitur.

589 1948 685 2002 llic
705 1961 835 2002 vero
883 1944 1155 2016 perpende
1197 1942 1315 2011 ejus
1352 1937 1824 1994 mansuetudinem
1867 1949 1994 1989 cum
2024 1942 2180 2004 pote-

585 2051 724 2096 state
752 2040 1116 2107 conjunctam.
1150 2037 1285 2092 Cum
1317 2030 1460 2089 enim
1488 2032 1723 2102 regiOnis
1751 2029 1941 2085 incola:
1963 2069 1978 2094 ,
2015 2037 2092 2082 tot
2115 2027 2184 2082 ab

588 2151 655 2188 eo
699 2131 936 2201 acceptis
965 2128 1260 2191 beneficiis,
1307 2127 1455 2181 illum
1502 2125 1572 2178 ab
1597 2137 1656 2178 se
1697 2120 1978 2176 discedere
2019 2132 2174 2187 coge-

589 2236 732 2290 rent,
764 2241 870 2280 non
917 2224 1133 2285 restitit,
1180 2220 1274 2275 sed
1308 2219 1590 2284 discessit,
1621 2230 1826 2284 eosque
1863 2213 1957 2284 qui
1998 2227 2058 2267 se
2083 2210 2185 2266 do-

589 2319 762 2374 ctrina
789 2318 956 2388 ipsius
983 2315 1228 2386 indignos
1257 2311 1638 2373 declarabant,
1667 2307 1904 2378 reliquit,
1935 2305 2187 2360 doctores

596 2412 879 2480 assignans
901 2408 1005 2464 illis
1022 2421 1139 2471 eos,
1168 2405 1257 2476 qui
1290 2420 1319 2456 a
1348 2401 1684 2457 dmmonibus
1711 2398 1922 2454 liberati
1954 2395 2185 2461 fuerant,

592 2520 801 2560 necnon
830 2501 1107 2566 subulcos,
1139 2515 1169 2554 a
1200 2497 1394 2568 quibus
1421 2507 1774 2566 quaecumque
1799 2499 1949 2562 gesta
1981 2489 2192 2543 fuerant

597 2596 842 2651 ediscere
870 2603 1118 2664 poterant
1142 2608 1156 2644 :
1188 2588 1449 2645 recedens
1477 2599 1638 2656 porro
1660 2585 1928 2654 ingentem
1962 2579 2093 2650 ipsis
2119 2579 2189 2632 ti-

599 2704 804 2744 tuorcm
833 2687 1068 2756 reliquit.
1099 2682 1288 2739 Damni
1315 2667 1536 2751 quippe
1565 2674 1877 2746 magnitudo
1917 2673 1995 2728 rei
2024 2679 2192 2742 gestae

600 2784 796 2838 famam
825 2778 1128 2848 evulgabat,
1153 2788 1348 2844 resque
1369 2779 1512 2826 tanta
1532 2768 1766 2840 ipsorum
1793 2764 2003 2820 animos
2023 2765 2043 2794 '
2064 2777 2191 2831 per-

596 2877 824 2929 culerat.
867 2871 1118 2940 Undique
1159 2879 1405 2922 rumores
1450 2861 1848 2922 aﬂ'erehantur,
1877 2858 1996 2913 haec
2041 2863 2194 2926 gesta

597 2963 861 3034 stupenda
884 2961 1258 3032 praedicantes,
1274 2959 1340 3010 ab
1362 2956 1426 3010 iis
1446 2955 1534 3024 qui
1556 2953 1725 3008 curati
1746 2950 1980 3014 fuerant,
2005 2962 2034 3001 a
2057 2962 2195 3017 prae-

597 3055 831 3126 cipitatis
861 3053 1056 3124 porcis,
1085 3065 1117 3105 a
1145 3062 1432 3120 porcorum
1462 3044 1713 3108 dominis,
1742 3040 2044 3097 asubulcis.
2069 3037 2198 3092 Haec

599 3164 762 3221 porro
780 3163 921 3202 nunc
935 3145 1096 3200 ctiam
1117 3141 1302 3196 videre
1317 3147 1420 3205 est,
1438 3137 1635 3192 multos
1652 3137 1704 3190 in
1721 3132 1980 3204 sepulcris
1996 3131 2198 3186 daemo-

602 3244 806 3305 niacos,
824 3253 958 3310 quos
980 3236 1111 3291 nihil
1128 3235 1196 3289 ab
1214 3233 1418 3288 insania
1450 3229 1687 3294 cohibet,
1706 3242 1812 3281 non
1845 3225 2069 3291 ferrum,
2088 3237 2197 3278 non

601 3349 810 3399 catena,
848 3348 954 3388 non
992 3328 1278 3386 multitudo
1318 3325 1617 3387 hominum,
1665 3335 1771 3374 non
1817 3318 2039 3383 monita,
2086 3330 2194 3371 non

610 3444 808 3492 terror,
838 3442 944 3482 non
975 3425 1134 3480 mina:
1153 3464 1167 3487 ,
1195 3437 1302 3476 non
1333 3418 1459 3490 quid
1500 3415 1695 3470 simile.
1728 3413 1860 3468 Cum
1904 3413 2023 3482 quis
2053 3411 2198 3466 enim

602 3525 838 3580 lascivus
873 3532 1161 3589 corporum
1193 3515 1366 3570 forma
1405 3511 1636 3582 capitur,
1672 3508 1804 3563 nihil
1827 3506 2054 3561 dill'erta
2086 3504 2200 3559 dae-

604 3616 856 3671 moniaco
885 3631 899 3666 ι
928 3609 1024 3665 sed
1053 3607 1230 3663 nudus
1257 3614 1315 3660 ut
1343 3604 1432 3658 ille
1463 3604 1912 3667 circumvagatur,
1956 3597 2201 3650 vestibus

606 3710 821 3780 quidem
854 3704 1101 3767 indutus,
1131 3697 1228 3755 sed
1253 3711 1382 3752 vero
1410 3696 1610 3748 amictu
1642 3683 1922 3762 spoliatus,
1950 3699 2006 3743 ct
2027 3687 2198 3758 gloria

607 3801 708 3854 sibi
735 3796 912 3852 debita
942 3792 1171 3848 nudatus
1193 3832 1209 3858 ,
1253 3805 1359 3843 non
1406 3786 1669 3857 lapidibus
1700 3798 1821 3838 sese
1863 3781 2197 3852 percutiens,

608 3894 704 3950 sed
735 3889 969 3963 peccatis
991 3885 1167 3957 lapide
1188 3884 1344 3953 longe
1366 3879 1691 3936 durioribus.
1717 3876 1849 3944 Quis
1877 3875 2038 3945 igitur
2063 3874 2205 3928 hunc

609 3985 882 4040 hominem
902 3980 1070 4050 ligare
1092 3975 1287 4046 poterit
1307 3971 1627 4040 sedareque,
1650 3977 1759 4022 tam
1786 3967 2015 4036 turpiter
2041 3979 2203 4034 agen-

611 4088 742 4141 tem,
771 4074 1123 4146 petulantem,
1147 4081 1439 4136 numquam
1470 4063 1552 4119 sui
1581 4068 1912 4132 compotem,
1936 4059 2032 4115 sed
2063 4073 2207 4114 scm-

610 4187 710 4242 pcr
743 4167 992 4239 sepulcra
1035 4160 1358 4219 adeuntem?
1382 4157 1530 4214 Talia
1563 4157 1761 4228 quippe
1790 4163 1916 4210 sunt
1962 4151 2206 4208 meretri-

611 4278 734 4318 cum
766 4256 1058 4315 diversoria
1093 4254 1262 4309 multo
1287 4250 1480 4307 foetore
1506 4249 1682 4320 plena,
1707 4247 1871 4302 multa
1900 4243 2206 4316 putredine.

613 4352 751 4422 Quid
774 4351 842 4406 de
869 4362 1030 4405 avaro
1058 4343 1338 4400 dicamus?
1362 4356 1542 4397 nonne
1561 4348 1618 4396 et
1648 4339 1766 4409 ipse
1796 4339 1918 4392 talis
1946 4336 2063 4392 est?
2087 4335 2208 4406 quis

617 4462 739 4499 eutn
768 4443 933 4513 ligare
950 4451 1205 4509 umquam
1223 4433 1456 4506 poterit?
1475 4432 1587 4486 Non
1617 4441 1872 4496 terrores,
1892 4443 1999 4484 non
2023 4427 2206 4493 mina},

620 4553 727 4590 non
767 4533 990 4596 monita,
1025 4546 1131 4586 non
1163 4526 1386 4583 consilia
1408 4522 1485 4598 (τι)
1511 4541 1524 4578 :
1549 4537 1733 4578 verum
1761 4522 1876 4576 haec
1901 4521 2079 4575 omnia
2119 4519 2210 4574 ille

620 4626 832 4682 vincula
876 4623 1114 4694 rumpit:
1143 4630 1198 4675 et
1223 4619 1269 4676 si
1297 4617 1416 4689 quis
1445 4616 1716 4671 soluturus
1743 4629 1776 4669 a
1803 4614 2030 4668 vinculis
2052 4626 2209 4668 acce-

624 4715 990 4784 d:_tt_,—adjurat
1019 4729 1141 4769 eum
1172 4727 1239 4768 ne
1281 4711 1552 4773 solvatur,
1581 4707 1874 4764 cruciatum
1920 4705 2211 4761 maximum

623 4811 940 4869 existimans
965 4824 1070 4863 non
1096 4821 1217 4862 che
1247 4805 1299 4859 in
1327 4805 1565 4859 cruciatu
1593 4819 1607 4855 :
1634 4817 1742 4870 quo
1771 4799 1898 4870 quid
1929 4798 2212 4854 miserabi-

625 4907 727 4962 lius
745 4901 989 4958 dicatur?
1018 4899 1109 4954 lllc
1138 4911 1370 4967 namque
1393 4897 1626 4960 dazmon,
1643 4893 1743 4948 etsi
1766 4892 2011 4947 homines
2038 4890 2214 4961 despi-

625 5006 794 5060 ceret,
819 5005 873 5050 at
900 4992 1097 5049 Christi
1135 4990 1305 5061 jussui
1332 4989 1514 5052 cessit,
1543 4996 1598 5042 et
1635 4986 1744 5040 cito
1773 5000 1804 5039 a
1841 4999 2066 5054 corpore
2091 4983 2216 5038 abs-

623 5091 819 5152 cessit;
853 5087 941 5142 hic
968 5098 1096 5139 vero
1135 5098 1242 5138 non
1276 5079 1420 5136 cedit
1450 5087 1738 5151 przrcepto.
1766 5075 1896 5131 Nam
1931 5075 2054 5131 licet
2076 5090 2213 5145 quo-

628 5180 760 5236 titlie
788 5177 970 5232 audiat
999 5175 1145 5230 illum
1174 5173 1444 5228 dicentem
1465 5211 1480 5233 ,
1507 5168 1631 5224 Non
1662 5169 1865 5238 potestis
1897 5166 2002 5221 Deo
2030 5167 2217 5222 servire

627 5289 676 5328 et
705 5285 954 5324 mamome
976 5267 1190 5338 (Matth.
1215 5265 1266 5320 6.
1285 5264 1402 5334 24),
1425 5262 1524 5318 etsi
1547 5261 1845 5332 gehennam
1862 5259 2218 5316 comminatur

629 5377 686 5420 et
706 5362 1058 5420 intolerabilia
1089 5358 1371 5429 supplicia,
1398 5372 1504 5411 non
1525 5355 1860 5424 obtemperat
1885 5362 2085 5418 tamen,
2109 5367 2218 5407 non

632 5456 776 5526 quod
805 5454 1024 5510 Christo
1050 5451 1123 5506 sit
1153 5450 1364 5512 fortior,
1409 5448 1502 5502 sed
1527 5447 1671 5518 quod
1701 5445 1946 5501 Christus
1975 5458 2072 5500 nos
2110 5459 2218 5499 non

631 5549 828 5603 invitos
856 5544 923 5600 ad
950 5543 1378 5614 resipiscentiam
1406 5540 1585 5594 ducat.
1622 5539 1852 5608 Ideoque
1880 5538 1955 5593 illi
1980 5537 2132 5608 quasi
2164 5537 2219 5592 in

697 5711 712 5741 ¹
755 5707 842 5756 ΑΙῙί
861 5705 1054 5768 legunt,
1078 5705 1360 5768 damnauerit.

699 5773 720 5802 ⁸
753 5764 938 5830 Aliqui:
955 5764 1292 5830 ignorantiam.

703 5832 776 5895 (τι)
806 5819 861 5881 1ιί
876 5819 1038 5880 uaco
1062 5828 1139 5876 hic
1160 5828 1352 5890 ponitur
1389 5822 1585 5888 signum
1625 5819 2031 5886 interregattouis.

1363 348 1422 404 S.
1459 345 1738 404 JOANNIS
1772 341 2241 400 CHRYSOSTOMI
2281 345 2602 410 ARClllEP.
2636 350 3170 414 CUNSTANTINUP.

3734 381 3825 438 556

2281 460 2512 516 desertis
2557 473 2854 532 versantur,
2897 469 3106 526 etiamsi
3135 474 3188 528 in
3230 477 3420 532 mediis
3463 482 3565 538 sint
3610 489 3826 546 urbibus.

2281 553 2582 658 Quis-enim
2627 569 2806 614 mente
2832 563 3019 619 valens
3065 569 3232 635 possit
3256 585 3378 626 cum
3419 573 3706 646 hujusmodi
3741 589 3828 641 lm-

2282 645 2516 700 minibus
2541 651 2784 704 versari?
2811 651 3021 708 Mallem
3050 669 3197 712 certe
3219 674 3339 715 cum
3371 645 3631 726 sexcentis
3655 674 3832 733 (ἱππιο-

2282 737 2451 794 niacis
2480 739 2751 809 habitare,
2781 758 2941 814 quam
2983 761 3103 802 cum
3131 766 3238 804 uno
3270 754 3369 808 hoc
3397 755 3667 820 laborante
3709 783 3834 823 mor-

2282 828 2391 933 bo:
2423 831 2673 933 quodque
2713 835 2787 890 ita
2814 837 3038 907 loquens
3067 857 3174 896 non
3204 844 3446 902 aberrem
3467 890 3481 913 ,
3513 853 3754 920 probatur
3778 878 3833 916 ex

2281 927 2348 975 iis
2376 938 2497 993 quae
2525 927 2737 997 utrique
2763 929 3054 998 patiuntttr.
3087 933 3152 988 Hi
3179 950 3411 1009 namque
3435 955 3554 996 eum
3577 946 3662 1015 qui
3685 964 3739 1004 se
3764 953 3836 1003 ni-

2390 1017 2549 1084 laesit,
2578 1020 2852 1078 inimicum
2890 1023 2993 1081 sibi
3029 1036 3237 1096 putant,
3270 1031 3560 1104 voluntque
3600 1053 3715 1094 eum
3759 1045 3837 1112 qui

2284 1109 2426 1211 libet:
2451 1121 2536 1168 est
2582 1129 2798 1170 servum
2841 1132 2994 1172 suum
3023 1133 3165 1186 esse,
3189 1131 3249 1177 ut
3275 1122 3328 1177 in
3371 1126 3526 1182 malis
3571 1109 3839 1190 innumeris

2281 1199 2608 1269 involvam;
2674 1204 2991 1264 daemoniaci
3067 1225 3199 1267 vero
3255 1215 3393 1271 nihil
3460 1220 3564 1275 tale
3613 1221 3833 1289 faciunt,

2279 1289 2377 1346 sed
2431 1292 2682 1348 morbum
2733 1294 2788 1349 in
2844 1312 2904 1372 se
2951 1300 3190 1356 retinent
3231 1303 3272 1358 ¹.
3337 1305 3418 1362 Illi
3471 1311 3667 1366 multas
3716 1315 3832 1370 sub-

2281 1391 2499 1440 vertunt
2540 1385 2754 1452 domos,
2786 1385 2947 1462 idque
2974 1399 3258 1459 peragunt,
3293 1401 3352 1446 ut
3377 1408 3569 1447 nomen
3619 1395 3707 1450 Dei
3747 1400 3841 1453 bla-

2283 1475 2629 1546 sphemetur,
2658 1493 2723 1533 ac
2767 1479 3036 1548 pernicies
3063 1491 3190 1535 sunt
3227 1491 3284 1537 et
3309 1483 3455 1539 urbis
3491 1493 3545 1539 et
3582 1486 3717 1543 orbis
3740 1489 3844 1543 uni-

2284 1569 2427 1625 versi
2453 1585 2468 1634 ;
2501 1569 2554 1624 hi
2579 1585 2708 1626 vero
2735 1587 2766 1624 a
2796 1570 3132 1626 daemonibus
3151 1575 3427 1645 exagitati,
3456 1577 3781 1636 miseratione
3795 1592 3843 1636 et

2287 1661 2542 1732 lacrymis
2562 1661 2708 1733 digni
2746 1669 2891 1717 sunt.
2925 1663 2989 1719 Hi
3029 1673 3178 1738 certe
3221 1665 3338 1721 sine
3367 1668 3480 1724 ullo
3515 1683 3672 1727 sensu
3699 1674 3842 1728 multa

2287 1751 2524 1818 faciunt;
2556 1753 2632 1807 illi
2662 1755 2872 1810 ratione
2899 1756 3108 1826 praediti
3139 1757 3462 1829 impingunt,
3482 1762 3537 1815 in
3563 1763 3743 1819 mediis
3765 1782 3845 1819 ur-

2286 1845 2444 1900 bibus
2471 1845 2885 1913 debaccltantes,
2913 1857 2968 1904 et
2988 1864 3128 1903 novo
3148 1849 3378 1919 quodam
3414 1852 3591 1909 furore
3618 1861 3846 1928 correpti.

2288 1935 2426 2004 Quid
2456 1938 2600 1992 enim
2634 1939 2740 1994 tale
2767 1937 2970 1994 faciunt
2995 1940 3310 1998 daamoniaci
3341 1959 3531 2000 omnes
3550 1985 3565 2010 ,
3593 1949 3740 2017 quale
3762 1965 3846 2004 au-

2290 2040 2385 2081 sus
2433 2036 2517 2082 est
2567 2027 2769 2094 Judas,
2825 2039 3122 2087 extremam
3175 2048 3462 2105 aggressus
3510 2037 3848 2108 iniquitatem?

2289 2116 2452 2174 Certe
2477 2135 2668 2176 omnes
2697 2121 2784 2190 qui
2810 2122 2957 2176 illum
2981 2123 3278 2190 imitantur,
3302 2136 3431 2182 sunt
3455 2130 3606 2198 quasi
3631 2130 3748 2186 fera:
3769 2133 3849 2186 im-

2293 2226 2482 2267 manes
2523 2228 2592 2268 ex
2634 2215 2942 2270 carceribus
2980 2217 3198 2286 elapsae,
3245 2219 3498 2276 civitates
3545 2223 3848 2292 perturbant,

2294 2306 2512 2360 nemine
2537 2305 2842 2362 cohibente.
2881 2306 2947 2362 Hi
2974 2317 3154 2363 tamen
3197 2310 3427 2366 vinculis
3470 2314 3699 2384 undique
3734 2331 3848 2370 con-

2297 2400 2650 2469 etringuutur,
2673 2399 2850 2469 qualia
2877 2409 3023 2467 sunt,
3051 2402 3291 2470 judicum
3315 2413 3509 2470 terror,
3541 2407 3706 2477 legum
3730 2422 3852 2463 com-

2297 2493 2642 2555 minationes,
2669 2494 2810 2565 vulgi
2837 2495 3146 2564 maledicta,
3178 2507 3232 2552 et
3254 2497 3356 2552 alia
3384 2499 3612 2568 plurima
3637 2519 3652 2568 ;
3683 2502 3758 2556 his
3782 2511 3851 2558 ta-

2298 2599 2422 2638 nten
2463 2585 2540 2640 illi
2567 2584 2798 2656 diruptis
2821 2587 3002 2641 omnia
3046 2602 3140 2644 sus
3163 2587 3339 2660 deque
3367 2600 3610 2647 vertunt.
3639 2593 3779 2662 Quod
3814 2596 3850 2649 si

2297 2677 2421 2749 quis
2449 2678 2566 2734 luce
2602 2679 2812 2734 vincula
2854 2679 3115 2748 auferret,
3148 2681 3193 2736 is
3236 2682 3541 2739 daemonem
3567 2685 3680 2740 illos
3717 2699 3854 2740 occu-

2299 2781 2518 2842 pantem
2544 2772 2690 2828 clare
2717 2783 3102 2844 cognosceret,
3133 2775 3226 2846 qui
3255 2786 3404 2832 certe
3433 2779 3606 2833 multo
3629 2787 3682 2835 et
3705 2780 3856 2836 acrior

2299 2873 2356 2920 et
2381 2864 2610 2920 ferocior
2631 2874 2718 2920 est
2741 2880 2808 2921 eo
2829 2866 2919 2936 qui
2941 2881 3087 2922 nunc
3114 2881 3364 2937 egressus
3385 2879 3654 2926 narratur.

2371 2959 2425 3015 5.
2453 2957 2653 3015 Verum
2682 2959 2805 3030 quia
2845 2959 2901 3015 id
2928 2960 3045 3016 fieri
3072 2961 3280 3032 nequit,
3310 2963 3484 3019 verbo
3511 2972 3686 3020 tamen
3728 2975 3860 3021 tenus

2303 3050 2403 3105 ista
2425 3050 2706 3121 fingamus,
2730 3059 2785 3107 et
2807 3060 3024 3108 catenas
3041 3053 3160 3124 ejus
3185 3068 3375 3109 omnes
3399 3055 3733 3120 auferamus;
3755 3067 3861 3110 time

2302 3141 2420 3211 ejus
2451 3141 2688 3198 furorem
2703 3143 2907 3214 liquido
2927 3145 3181 3200 sciemus.
3207 3148 3279 3200 At
3306 3145 3478 3202 feram
3503 3162 3533 3202 a
3555 3148 3700 3202 nobis
3723 3146 3863 3201 nuda-

2307 3246 2414 3290 tam
2445 3249 2514 3290 ne
2538 3235 2838 3291 formidetis
2862 3254 2877 3290 :
2909 3237 2961 3291 in
2987 3237 3156 3292 verba
3183 3253 3414 3309 namque
3443 3248 3554 3293 tota
3583 3254 3732 3294 scena
3754 3253 3864 3293 con-

2304 3327 2467 3393 sistit,
2502 3341 2678 3396 neque
2707 3327 2760 3381 in
2785 3328 2865 3383 rei
2891 3329 3118 3384 veritate
3149 3328 3379 3399 idipsum
3409 3329 3779 3399 conSpicimus.
3797 3329 3864 3384 Sit

2307 3418 2483 3488 itaque
2515 3417 2678 3473 homo
2705 3420 2992 3490 quispiam,
3023 3421 3197 3490 ignem
3223 3421 3291 3475 ab
3313 3421 3489 3477 oculis
3515 3424 3775 3486 emittens,
3797 3422 3866 3475 ni-

2304 3526 2422 3581 ger,
2450 3511 2541 3582 qui
2572 3512 2626 3565 in
2655 3521 2882 3583 utroque
2909 3511 3142 3569 humero
3165 3513 3431 3570 dracones
3461 3517 3744 3585 pendentes
3764 3515 3863 3570 loco

2309 3605 2648 3661 brachiorum
2666 3605 2860 3662 habeat
2878 3623 2893 3673 ;
2919 3621 2982 3660 os
2998 3607 3191 3662 habeat
3213 3608 3265 3662 in
3282 3624 3390 3679 quo
3408 3624 3512 3679 pro
3527 3609 3763 3664 dentibus
3775 3610 3868 3680 gla-

2307 3700 2380 3754 dii
2401 3701 2506 3754 siut
2525 3699 2692 3765 infixi,
2711 3716 2808 3770 pro
2831 3700 3012 3770 lingua
3032 3700 3154 3756 fons
3167 3703 3313 3757 virus
3332 3716 3711 3774 venenumque
3731 3702 3866 3756 emit-

2310 3804 2429 3849 tens
2449 3811 2463 3858 ;
2487 3802 2676 3848 venter
2686 3793 2802 3864 ejus
2821 3795 2967 3849 omni
2985 3795 3200 3850 fornace
3217 3795 3563 3861 sitvoracior,
3585 3812 3699 3867 qua:
3717 3795 3868 3850 omnia

2311 3889 2506 3956 injecta
2531 3887 2823 3958 deglutiat;
2845 3886 3010 3958 pedes
3025 3888 3122 3944 alis
3143 3889 3386 3944 instructi
3403 3900 3462 3945 et
3481 3889 3691 3945 flamma
3709 3891 3869 3960 quavis

2309 3979 2774 4046 vehementiores;
2798 3981 2974 4034 vultus
2993 3979 3111 4047 ejus
3127 3979 3276 4035 canis
3303 3988 3358 4036 et
3371 3979 3486 4052 lupi
3511 3983 3734 4051 speciem
3763 3979 3870 4035 refe-

2309 4081 2430 4134 rat;
2461 4087 2567 4126 non
2597 4071 2879 4126 humanam
2901 4085 3085 4126 vocem
3112 4071 3353 4139 emittat,
3384 4072 3484 4128 sed
3519 4073 3648 4144 quid
3663 4072 3876 4134 insuave,

2311 4163 2679 4234 iniucundum,
2697 4164 2934 4220 terribile
2957 4181 2970 4217 :
2993 4163 3044 4218 in
3061 4163 3411 4235 manibusque
3426 4164 3672 4219 ﬂammas
3688 4163 3870 4217 habeat.

2312 4256 2590 4313 Horrenda
2629 4255 2809 4312 forsan
2839 4256 2991 4311 vobis
3031 4256 3148 4312 hinc
3180 4255 3503 4320 videantur;
3534 4255 3628 4311 sed
3667 4255 3872 4311 nondum

2312 4348 2463 4405 illum
2499 4348 2577 4403 uti
2607 4363 2702 4418 par
2728 4355 2846 4404 erat
2872 4347 3210 4418 depinximus
3241 4363 3256 4400 :
3290 4347 3374 4402 his
3402 4348 3604 4418 quippe
3638 4347 3735 4402 alia
3771 4356 3875 4402 sunt

2313 4441 2577 4497 addenda.
2608 4441 2806 4496 Obvios
2829 4454 3070 4512 quosque
3102 4438 3306 4510 jugulet
3327 4453 3392 4494 ac
3419 4439 3644 4495 devoret
3668 4481 3685 4508 ,
3713 4453 3873 4494 carnes

2315 4536 2535 4592 laceret.
2560 4533 2673 4589 Hoc
2696 4541 2940 4588 monstro
2961 4531 3197 4588 deterior
3215 4539 3297 4586 est
3314 4545 3535 4597 avarus,
3561 4531 3708 4602 quasi
3732 4529 3874 4584 inier-

2314 4644 2417 4685 nus
2441 4642 2629 4684 omnes
2659 4625 2879 4693 invadit,
2905 4625 3134 4680 omnes’
3163 4625 3449 4690 devorans,
3481 4625 3772 4681 communis
3792 4623 3872 4677 hli-

2317 4723 2462 4777 mani
2499 4720 2711 4791 generis
2752 4719 2921 4774 hostis
2945 4717 3287 4772 circumiens.
3321 4717 3540 4773 Nullum
3578 4720 3762 4790 quippe
3785 4716 3873 4767 vult

2317 4827 2602 4884 superesse
2629 4810 2899 4864 hominem
2923 4851 2938 4875 ,
2975 4817 3034 4861 ut
3069 4808 3245 4862 omnia
3289 4809 3582 4877 possideat.
3615 4809 3783 4878 Neque
3809 4805 3877 4858 hic

2321 4919 2499 4964 tamen
2525 4905 2664 4961 sistit
2689 4902 2908 4974 gradum
2933 4942 2949 4968 ,
2981 4900 3075 4956 sed
3103 4909 3382 4971 postquam
3410 4916 3603 4956 omnes
3625 4898 3878 4969 cupiditate

2318 5013 2415 5054 sua
2445 4996 2708 5068 perdidit,
2740 5003 2897 5050 terrae
2919 4993 3268 5048 subStantiam
3296 4995 3446 5062 cupit
3473 4993 3709 5058 abolere,
3738 4990 3877 5043 illaut-

2320 5105 2426 5162 que
2454 5092 2509 5145 in
2532 5104 2721 5144 aurum
2747 5101 2960 5144 versam
2987 5085 3168 5140 videre
3196 5101 3210 5138 :
3239 5100 3413 5154 neque
3441 5094 3648 5139 tantum
3677 5092 3877 5141 terram.

2321 5181 2418 5238 sed
2441 5189 2672 5247 montes,
2694 5179 2882 5244 saltus,
2906 5176 3078 5232 fontes
3098 5185 3154 5231 et
3170 5176 3349 5230 omnia
3374 5191 3498 5244 qua:
3518 5175 3617 5230 sub
3637 5181 3879 5242 aspectum

2322 5275 2542 5332 cadunt.
2577 5277 2750 5344 Atque
2776 5281 2836 5328 ut
2860 5270 3110 5338 discatis,
3147 5285 3246 5325 nos
3271 5268 3509 5324 nondum
3535 5269 3652 5337 ejus
3678 5266 3879 5320 furorem

2325 5377 2498 5423 totum
2524 5363 3018 5429 demonstravisse:
3049 5377 3208 5416 nemo
3232 5361 3302 5416 sit
3324 5360 3413 5430 qui
3445 5360 3593 5414 illum
3623 5363 3821 5412 accuset
3839 5359 3883 5404 et

2327 5467 2564 5524 terreat;
2592 5457 2688 5513 sed
2709 5456 2836 5513 tolle
2862 5453 3200 5510 formidinem
3230 5455 3427 5524 legum,
3453 5460 3512 5507 et
3539 5449 3734 5505 videbis
3760 5445 3880 5500 illuni

2327 5564 2543 5627 arrepto
2563 5551 2739 5623 gladio
2757 5564 2944 5602 omnes
2967 5545 3341 5608 trucidautem,
3366 5542 3568 5630 nemini
3588 5550 3879 5608 parcentem,

2394 5700 3058 5773 [QuidamMss.,aliircra
3097 5699 3388 5773 dictitaniaci
3437 5699 3564 5773 nihil
3615 5698 3742 5749 aliud
3783 5684 3879 5744 ntali

2333 5759 2536 5832 faciunt,
2562 5779 2710 5832 quant
2735 5759 2863 5829 quod
2889 5763 3107 5815 martum
3129 5761 3177 5813 in
3201 5777 3252 5814 se
3277 5759 3509 5814 retineant

2396 5830 2418 5860 ’
2440 5827 2559 5886 Alii.
2576 5824 2759 5880 omnia;
