4038 6364
164 365 274 426 355

164 484 257 535 καὶ
282 483 317 550 η
358 480 595 551 πονηρία
618 478 729 532 τῶν
748 478 1042 549 δαιμόνων,
1064 472 1133 548 ἧς
1155 478 1437 549 ἀπήλλαξε
1464 479 1593 542 τοὺς
1632 478 1723 531 ὑπ’
1750 480 1848 530 αύ-

163 569 271 621 τῶν
296 569 719 639 κατεχομένους,
759 566 1093 636 σαφέστερον
1114 566 1463 629 διεδείκνυτο,
1488 567 1585 619 καὶ.
1610 568 1696 619 ὅτι
1729 566 1851 619 οὐδὲ

163 660 365 729 χοίρων
389 660 532 712 είσὶν
562 658 834 713 ἅπτεσθαι
862 657 1065 729 κύριοι,
1104 657 1181 728 μὴ
1214 656 1310 710 τοῦ
1330 656 1441 711 τῶν
1466 656 1605 711 ὅλων
1634 657 1850 726 ἐπιτρέ-

163 764 359 811 ποντος
389 745 550 801 Θεοῦ.
1420 786 1423 791 ι

228 834 293 887 δ’.
330 836 396 888 El
431 835 488 888 δέ
532 851 617 897 τις
655 833 750 887 καὶ
797 832 940 887 κατά
970 832 1263 904 ἀναγωγὴν
1306 831 1482 886 ταῦτα
1517 831 1756 896 ἐκλάϐοι,
1787 831 1851 885 τὸ

162 923 373 978 κωλύον
404 922 577 977 οὐδέν.
617 921 682 976 Ἠ
718 920 819 993 μὲν
845 922 956 993 γὰρ
992 921 1204 992 ἱστορία
1241 917 1382 990 αῦτη
1405 935 1420 952 ο
1450 920 1532 975 δεῖ
1553 920 1612 974 δὲ
1649 921 1849 974 εἰδέναι

163 1012 373 1081 σαφῶς,
417 1011 495 1074 ὡς
526 1011 575 1064 οί
610 1009 891 1082 χοιρώδεις
939 1008 1049 1064 τῶν
1099 1007 1403 1081 ἀνθρώπων
1447 1008 1849 1080 εὖεπιχείρητοι

161 1102 281 1163 ταῖς
325 1100 439 1153 τῶν
487 1098 757 1169 δαιμόνων
792 1097 1097 1169 ἐνεργείαις
1128 1097 1256 1150 είσί.
1292 1096 1404 1151 Kal
1445 1095 1723 1167 ἄνθρωποι
1749 1095 1849 1166 μὲν

161 1188 314 1250 ὅντες
366 1188 420 1239 οἱ
456 1186 630 1241 ταῦτα
678 1186 1000 1255 πάσχοντες,
1044 1184 1302 1239 δύνανται
1344 1184 1438 1237 καὶ
1466 1182 1849 1255 περιγενέσθαι

164 1274 426 1339 πολλάκις
450 1290 465 1304 ο
496 1274 563 1329 ἂν
612 1273 671 1326 δὲ
725 1275 897 1345 χοῖροι
944 1271 1006 1325 τὸ
1044 1272 1165 1326 ὅλον
1192 1273 1480 1341 γένωνται,
1515 1272 1576 1325 οὐ
1608 1271 1851 1341 δαιμονί-

163 1363 347 1427 ζονται
374 1362 560 1433 μόνον,
578 1360 718 1415 ἀλλά
737 1362 833 1414 καὶ
854 1358 1412 1431 κατακρημνίζονται.
1437 1358 1549 1414 Kal
1572 1357 1747 1421 άλλως
1767 1357 1847 1420 δὲ,

165 1452 251 1503 ἵνα
282 1451 466 1521 μήτις
491 1449 697 1519 σκηνὴν
745 1446 886 1502 εἶναι
934 1446 1229 1521 νομίσητά
1258 1446 1551 1517 γενόμενα,
1591 1444 1727 1499 ἀλλά
1760 1462 1849 1498 πι-

166 1537 363 1610 στεύσῃ
389 1537 577 1605 σαφῶς
597 1538 681 1590 ὅτι
714 1536 937 1607 ἐξῆλθον
965 1538 1013 1589 οί
1048 1536 1301 1608 δαίμονες
1331 1536 1396 1602 ιδ,
1421 1534 1531 1589 ἀπὸ
1559 1533 1654 1587 τοῦ
1679 1533 1846 1587 θανά-

163 1644 255 1679 του
287 1625 399 1679 τῶν
460 1630 660 1696 χοίρων
701 1624 863 1678 τοῦτο
907 1623 1117 1693 γίνεται
1163 1622 1484 1692 κατάδηλον.
1541 1620 1743 1674 Σκόπει
1790 1621 1846 1675 δὲ

164 1714 326 1769 αὑτοῦ
361 1716 460 1768 καὶ
511 1714 574 1767 τὸ
625 1715 801 1785 πρᾶον
832 1712 973 1785 μετά
1013 1713 1112 1784 τῆς
1138 1711 1439 1782 δυνάμεως.
1484 1712 1703 1784 Ἐπειδὴ
1739 1712 1849 1783 γὰρ

162 1804 390 1857 τοιαῦτα
452 1801 907 1874 εὐεργετηθέντες
934 1800 1245 1870 ἀπήλαυνον
1277 1800 1441 1853 αὑτὸν
1460 1800 1511 1852 οἱ
1543 1799 1641 1870 τὴν
1664 1798 1850 1871 χώραν

164 1891 444 1955 οἰκοῦντες
494 1891 733 1962 ἐκείνην,
789 1889 889 1942 οὐκ
917 1890 1242 1953 ἀντέτεινεν,
1293 1887 1408 1942 ἀλλ’
1443 1887 1762 1959 ἀνεχώρησε
1784 1888 1848 1951 ¹⁶,

166 1981 259 2035 καὶ
294 1982 424 2044 τοὺς
463 1978 718 2046 ἀναξίους
756 1978 1146 2049 ἀποφήναντας
1185 1976 1413 2039 ἑαυτοὺς
1449 1976 1549 2046 τῆς
1577 1976 1741 2029 αὑτοῦ
1768 1976 1849 2029 δι-

164 2068 461 2131 δασκαλίας
492 2066 773 2133 κατέλιπε,
793 2066 919 2128 τοὺς
952 2062 1418 2135 ἐλευθερωθέντας
1449 2065 1558 2117 τῶν
1584 2063 1852 2135 δαιμόνων

164 2158 285 2221 δοὺς
323 2155 689 2218 διδασκάλους
717 2155 813 2208 xal
839 2154 882 2187 "
913 2155 1042 2217 τοὺς
1073 2150 1344 2216 συϐὡτας,
1369 2151 1511 2205 ὥστε
1541 2151 1673 2225 παρ’
1707 2153 1851 2206 ἐκεί-

168 2264 270 2299 νων
300 2243 502 2314 μαθεῖν
529 2244 708 2298 πάντα
744 2243 816 2296 τά
846 2240 1192 2313 γεγενημένα
1216 2257 1232 2273 ο
1262 2243 1357 2296 καὶ
1383 2240 1547 2305 αὐτὸς
1575 2242 1854 2314 ἀναχωρή-

167 2350 263 2396 σας
289 2333 385 2386 τὸν
406 2332 573 2402 φόϐον
594 2331 821 2403 ἀφίησιν
842 2330 1027 2393 αὐτοῖς
1047 2327 1446 2400 ἐνακμάζοντα.
1484 2328 1596 2383 Kal
1624 2329 1732 2401 γὰρ
1755 2331 1853 2401 τῆς

167 2422 373 2493 ζημίας
399 2421 465 2473 τὺ
484 2419 713 2492 μέγεθος
744 2418 965 2472 διεδίδου
997 2418 1092 2472 τοῦ
1122 2418 1489 2489 γεγενημένου
1512 2417 1611 2489 τὴν
1640 2419 1851 2491 φήμην,

168 2511 261 2565 καὶ
312 2510 629 2564 καθικνεῖτο
675 2508 777 2579 τῆς
804 2506 1044 2572 διανοίας
1089 2510 1131 2539 ³⁸
1166 2506 1431 2563 αὐτῶντὸ
1472 2506 1705 2577 συμϐάν.
1744 2510 1854 2561 Καὶ

169 2595 503 2667 πολλαχόθεν
530 2595 792 2666 ἐφέροντο
834 2595 1029 2664 φωναὶ,
1071 2593 1546 2666 ἀνακηρύττουσαι
1588 2594 1682 2648 τοῦ
1725 2595 1854 2648 θαύ-

168 2702 338 2754 ματος
374 2684 442 2737 τὸ
479 2681 805 2753 παράδοξον,
832 2680 941 2735 ἀπὺ
970 2682 1078 2736 τῶν
1113 2681 1581 2752 θεραπευθέντων,
1608 2682 1718 2736 ἀπὸ
1747 2684 1854 2737 τῶν

165 2772 733 2836 καταποντισθέντων,
773 2771 883 2825 ἀπὸ
905 2770 1015 2825 τῶν
1044 2770 1321 2825 δεσποτῶν
1346 2771 1455 2825 τῶν
1495 2773 1715 2844 χοίρων,
1747 2772 1855 2825 ἀπὸ

162 2861 270 2914 τῶν
299 2858 705 2930 ποιμαινόντων
753 2859 951 2921 αὐτοὺς
984 2858 1307 2929 ἀνθρώπων.
1352 2860 1395 2892 ¹⁹
1426 2860 1613 2913 Ταῦτα
1637 2862 1730 2914 καὶ
1760 2860 1854 2913 νῦν

164 2947 431 3017 γινόμενα
462 2944 561 2999 ῖδοι
590 2962 676 3007 τις
697 2944 784 3009 ἂν,
817 2945 911 2997 καὶ
936 2944 1165 3007 πολλοὺς
1189 2946 1247 2998 ἐν
1278 2948 1390 3009 τοῖς
1418 2946 1704 3018 μνημείοις
1742 2946 1855 3001 δαι-

167 3033 581 3105 μονιζομένους,
616 3031 709 3097 οὒς
734 3032 888 3085 οὐδὲν
914 3031 1136 3101 κατέχει
1159 3032 1257 3102 τῆς
1280 3032 1497 3103 μανίας,
1523 3034 1585 3087 ού
1612 3033 1850 3105 σίδηρος,

165 3122 262 3194 οὐχ
292 3121 513 3185 ἅλυσις,
544 3120 645 3173 οὐκ
675 3118 981 3190 ἀνθρώπων
1030 3118 1253 3190 πλῆθος,
1310 3120 1370 3173 ού
1409 3120 1750 3191 παραίνεσις,
1791 3122 1852 3175 ού

166 3209 446 3272 νουθεσία,
479 3208 539 3261 οὐ
557 3206 739 3276 φόϐος,
763 3207 865 3259 οὐκ
901 3206 1121 3276 ἀπειλὴ,
1146 3206 1246 3259 οὑκ
1278 3206 1407 3261 ἀλλο
1455 3208 1563 3261 τῶν
1596 3208 1854 3263 τοιούτων

165 3298 343 3354 οὐδέν.
371 3298 487 3352 Kal
511 3296 620 3367 γὰρ
650 3296 778 3349 ὅταν
797 3312 880 3359 τις
910 3294 1210 3358 ἀκόλαστος
1305 3296 1441 3366 πρὸς
1465 3296 1644 3350 πάντα
1676 3298 1721 3329 ³ο
1749 3297 1853 3351 ad)-

166 3402 317 3456 ματα
367 3384 729 3453 ἐπτοημένος,
777 3382 932 3436 οὐδὲν
980 3382 1254 3454 διενήνοχε
1311 3382 1406 3435 τοῦ
1450 3382 1811 3453 δαιμονῶντος
1837 3402 1852 3418 ο

161 3473 301 3529 ἀλλὰ
357 3474 568 3542 γυμνὸς
604 3472 646 3502 ¹¹
698 3468 852 3543 [559]
895 3469 969 3532 ὡς
999 3471 1203 3533 ἐκεῖνος
1254 3470 1624 3542 περιέρχεται,
1664 3473 1852 3542 ἱμάτια

166 3564 266 3631 μὲν
294 3558 667 3629 ἐνδεδυμένος,
698 3556 799 3626 τῆς
841 3555 900 3608 δὲ
953 3555 1187 3626 ἀληθοῦς
1231 3556 1523 3629 περιϐολῆς
1547 3559 1846 3629 ἐστερημέ-

162 3664 250 3710 νος
277 3648 351 3711 ³³,
370 3644 471 3698 καὶ
489 3643 588 3712 τῆς
614 3640 763 3711 αὐτῷ
807 3639 1191 3710 προσηκούσης
1222 3640 1379 3712 δόξης
1408 3644 1851 3713 γεγυμνωμένος,

162 3736 223 3789 ού
249 3735 428 3796 λίθοις
467 3731 658 3785 ἑαυτὸν
684 3728 1072 3792 κόπτων,άλλά
1098 3729 1314 3799 ἀμαρτή
1323 3746 1458 3799 μασι
1470 3730 1679 3785 πολλῶν
1694 3730 1854 3785 λίθων

162 3823 595 3895 χαλεπωτέροις.
650 3818 748 3882 Τίς
798 3814 892 3872 οὖν
948 3818 1041 3871 τὸν
1068 3817 1307 3871 τοιοῦτον
1349 3818 1507 3887 δῆσαι
1535 3819 1851 3891 δυνήσεται;

162 3916 248 3978 τες
276 3914 327 3944 ³⁸
356 3909 572 3964 παῦσαι
596 3906 1010 3979 ἀσχημονοῦντα
1034 3906 1129 3960 καὶ
1150 3906 1552 3978 οίστρούμενον,
1586 3910 1679 3961 καὶ
1707 3909 1855 3963 οὐδέ-

161 4018 299 4055 ποτε
368 4000 431 4052 ἐν
489 3997 670 4068 ἐαυτῷ
699 3996 1005 4065 γινόμενον,
1051 3994 1166 4047 ἀλλ’
1212 3994 1299 4047 ἀεὶ
1330 3993 1482 4064 παρά
1501 3993 1571 4047 τά
1597 3996 1855 4066 μνήματα

162 4089 479 4160 φοιτῶντας
524 4085 764 4140 Τοιαῦτα
789 4085 899 4155 γὰρ
947 4082 1056 4136 τῶν
1085 4081 1299 4154 πορνῶν
1329 4081 1377 4114 ³⁸
1408 4081 1477 4135 τά
1508 4082 1850 4153 καταγώγια,
1888 4090 1905 4107 ‘

161 4178 374 4249 πολλῆς
398 4176 504 4247 τῆς
558 4174 825 4237 δυσωδίας
856 4173 1115 4244 γέμοντα,
1148 4170 1351 4241 πολλῆς
1387 4171 1489 4241 τῆς
1538 4173 1849 4242 σηπεδόνος.

162 4267 227 4318 Τί
273 4266 337 4319 δὲ
402 4267 434 4318 ό
486 4262 854 4334 φιλάργυρος;
899 4262 1021 4331 οὐχὶ
1050 4258 1326 4327 τοιοῦτος;
1372 4260 1458 4324 τίς
1488 4259 1595 4332 γάρ
1619 4261 1664 4293 ³⁵
1690 4261 1851 4317 αὐτὸν

163 4355 386 4424 ἰσχύσει
408 4350 572 4422 δῆσαί
595 4366 728 4404 ποτε
746 4367 760 4414 ;
787 4350 907 4419 ούχὶ
928 4348 1083 4417 φόϐοι
1113 4347 1206 4401 καὶ
1224 4348 1445 4402 ἀπειλαὶ
1464 4348 1848 4421 καθημεριναὶ,

158 4444 256 4496 καὶ
315 4439 675 4511 παραινέσεις
724 4438 817 4490 καὶ
864 4435 1206 4506 συμϐουλαί;
1242 4434 1403 4489 Ἀλλά
1458 4437 1636 4491 πάντα
1677 4436 1852 4492 ταῦτα

156 4530 460 4584 διακόπτει
480 4526 550 4581 τά
597 4525 774 4595 δεσμά
799 4539 813 4553 ·
860 4523 962 4577 κᾶν
985 4523 1113 4596 ἔλθῃ
1144 4540 1226 4587 τις
1251 4524 1413 4579 αὑτὸν
1446 4527 1493 4563 ³⁸
1522 4525 1848 4592 ἀπαλλάξαι,

156 4617 380 4690 όρκίζει
399 4614 545 4668 ὥστε
580 4615 655 4686 μὴ
676 4612 1080 4683 ἀπαλλαγῆναι,
1111 4611 1342 4683 βάσανον
1369 4612 1673 4684 ἡγούμενος
1711 4611 1850 4669 εἶναι

159 4709 443 4779 μεγίστην
494 4706 555 4758 τὸ
591 4705 666 4775 μὴ
698 4700 838 4757 εἶναι
879 4704 939 4757 ἐν
997 4706 1064 4775 τῇ
1107 4702 1355 4775 βασάνῳο
1381 4697 1442 4757 οῦ
1479 4704 1531 4758 τί
1561 4705 1756 4773 γένοιτ’
1786 4705 1852 4760 ἂν

155 4796 505 4866 ἀθλιώτερον
535 4794 618 4857 ²⁷;
671 4793 914 4854 Ἐκεῖνος
958 4791 1056 4861 μὲν
1101 4790 1212 4863 γὰρ
1251 4793 1281 4845 ὁ
1304 4792 1532 4863 δαίμων,
1565 4794 1615 4846 εί
1650 4793 1745 4846 καὶ
1768 4794 1841 4848 ἀν⁸

156 4885 407 4957 θρώπων
463 4880 887 4951 κατεφρόνησεν,
917 4879 1054 4932 ἀλλά
1080 4880 1157 4950 τῷ
1198 4880 1584 4951 προστάγματι
1625 4877 1733 4946 εἶξε
1759 4882 1853 4935 τοῦ

153 4970 435 5047 Χριστοῦ,
463 4970 556 5023 καὶ
581 4968 793 5039 ταχέως
814 4967 1136 5038 ἀπεπήδησε
1173 4968 1218 4998 ³⁸
1255 4966 1349 5020 τοῦ
1382 4968 1663 5038 σώματος·
1698 4965 1852 5035 οὗτος

152 5062 210 5114 δέ
235 5060 372 5114 οὑδέ
400 5057 483 5128 τῷ
512 5055 898 5126 προστάγματι
940 5054 1099 5109 εἴκει,
1137 5054 1267 5108 Ἰδοὺ
1288 5054 1419 5123 γοῦν
1458 5056 1581 5110 καθ’
1612 5059 1851 5129 ἑκάστην

150 5150 384 5221 ἡμέραν
412 5144 602 5200 ἀκούει
630 5142 796 5198 αὑτοῦ
842 5142 1110 5211 λέγοντος,
1150 5145 1232 5197 Οὐ
1262 5142 1527 5199 δύνασθε
1561 5145 1682 5212 Θεῷ
1713 5147 1851 5201 ὅου-

150 5239 372 5291 λεύει»-
405 5233 504 5287 καί
528 5228 801 5302 μαμωνᾷ,
834 5232 926 5284 καὶ
950 5230 1174 5299 γέενναν
1223 5232 1591 5297 ἀπειλοῦντος,
1628 5236 1725 5288 καὶ
1753 5236 1850 5299 τὰς

151 5325 507 5397 ἀνηκέστους
536 5321 808 5383 κολάσεις,
836 5319 928 5372 καὶ
960 5320 1021 5372 οὺ
1066 5319 1312 5373 πείθεται
1336 5336 1350 5351 ⁶
1387 5321 1486 5392 οὐχ
1524 5323 1605 5375 ὅτι
1635 5324 1849 5395 ίσχυρό-

230 5442 279 5475 ⁸³
307 5439 405 5494 Sic
447 5437 609 5493 codd.
637 5436 827 5507 ’νει-δε.
875 5432 1042 5507 Eul_h_.
1077 5434 1301 5507 ὲξῇλθεν
1327 5436 1356 5488 ὁ
1391 5437 1600 5507 δαίμων
1650 5441 1787 5495 Edd.

1158 363 1223 417 IN
1263 361 1679 418 MATTIIxEUM
1717 360 1949 417 ιιοιιιι..
1992 360 2225 419 XXVIII.
2265 366 2337 420 al.
2376 362 2566 420 XXIX.

1895 5444 1939 5475 ¹⁶
1967 5444 2103 5497 ἀλλά
2143 5446 2236 5499 καὶ
2263 5446 2411 5516 ἀνεχ.
2455 5445 2590 5502 Edd.

3525 362 3635 424 556

1950 480 2109 550 τερός
2134 481 2250 533 ἐστι
2279 479 2372 534 τοῦ
2408 479 2667 551 Χριστοῦ,
2689 479 2899 534 ἀλλ’ὅτι
2925 479 3155 543 ἄκοντας
3180 480 3328 550 ἡμᾶς
3352 482 3379 533 ὁ
3396 480 3631 553 Χριστὸς

1952 567 2012 619 οὺ
2049 567 2390 640 σωφρονίζει.
2422 570 2522 622 Διά
2553 569 2712 623 τοῦτο
2737 569 2814 633 ὡς
2842 570 2899 622 ἐν
2933 568 3162 638 ἐρήμοις
3184 570 3233 620 οί
3263 566 3493 621 τοιοῦτοι
3513 570 3630 622 δια-

1951 655 2218 726 τρίϐουσι,
2254 656 2364 710 κᾶν
2390 659 2449 710 ἐν
2473 656 2669 729 μέσαις
2702 657 2921 710 πόλεσιν
2950 649 3076 709 ὦσι.
3107 655 3203 719 Τίς
3228 656 3337 727 γὰρ
3363 654 3431 710 ἂν
3458 656 3635 709 ἐλοιτο

1951 742 2077 795 νοῦν
2105 743 2243 814 ἔχων
2274 744 2539 809 τοιούτοις
2564 744 2917 815 συγγίνεσθαι
2955 743 3263 816 ἀνθρώποις
3288 762 3303 807 ;
3332 743 3546 798 Μᾶλλον
3567 743 3633 797 ἂν

1950 828 2126 898 ἔγωγε
2150 831 2526 903 κατεδεξάμην
2547 833 2685 904 μετά
2727 832 2935 904 μυρίων
2970 831 3350 904 δαιμονώντων
3374 832 3565 890 οίκεῖν,
3599 830 3633 899 ἢ

1954 918 2095 987 μετά
2118 919 2239 984 ἐνὸς
2268 921 2473 993 ταύτην
2500 922 2786 985 νοσοῦντος
2810 922 2910 991 τὴν
2937 921 3111 974 νόσον.
3144 920 3254 974 Kal
3272 921 3355 973 ὅτι
3375 920 3438 973 οὺ
3460 917 3633 987 σφάλ-

1950 1005 2114 1078 λομαι
2150 1008 2323 1063 ταῦτα
2370 1009 2563 1077 λέγων,
2624 1009 2783 1080 δῆλον
2825 1009 2885 1073 ἐξ
2922 1002 2997 1062 ὧν
3027 1008 3280 1079 ἑκάτεροι
3312 1007 3631 1077 πάσχουσιν.

1951 1090 2112 1150 Οὗτοι
2143 1096 2242 1166 μὲν
2260 1096 2370 1169 γάρ
2396 1098 2490 1151 τὸν
2514 1098 2665 1151 οὐδὲν
2694 1098 2994 1169 ἠδικηκότα
3022 1096 3215 1167 ἐχθρὸν
3234 1095 3517 1166 ἡγοῦνται,
3542 1094 3637 1147 καὶ

1952 1183 2231 1254 βούλονται
2257 1186 2353 1240 καὶ
2396 1185 2581 1239 δοῦλον
2606 1186 2791 1239 λαϐεῖν
2829 1184 3114 1257 ἐλεύθερον
3137 1185 3181 1215 ³⁸
3212 1184 3364 1245 ὄντα,
3401 1184 3495 1240 καὶ
3532 1200 3635 1252 μυ-

1951 1273 2088 1344 ρίοις
2142 1274 2533 1344 περιϐάλλουσι
2585 1276 2803 1337 κακοῖς*
2846 1275 2895 1327 οί
2926 1274 2982 1326 δὲ
3002 1272 3368 1343 δαιμονῶντες
3400 1272 3448 1303 ³⁸
3480 1271 3636 1324 οὐδὲν

1949 1361 2191 1416 τοιοῦτον
2213 1363 2255 1394 ³¹
2286 1362 2634 1433 ἐργάζονται.
2666 1360 2783 1415 ἀλλ’
2815 1364 2873 1415 ἐν
2909 1362 3123 1424 ἑαυτοῖς
3159 1360 3258 1431 τὴν
3289 1360 3444 1412 νόσον
3474 1358 3635 1428 στρέ-

1951 1468 2131 1520 φουσι.
2157 1452 2271 1506 Kal
2302 1446 2449 1506 οῦτοι
2481 1451 2580 1521 μὲν
2603 1452 2648 1483 ³³
2682 1450 2881 1514 πολλάς
2913 1450 3090 1513 οίκίας
3122 1447 3512 1518 ἀνατρέπουσι,
3542 1447 3638 1499 καὶ

1949 1538 2010 1593 τὺ
2040 1541 2212 1612 ὄνομα
2234 1540 2330 1595 τοῦ
2362 1540 2497 1594 Θεοῦ
2521 1538 2962 1612 βλασφημεῖσθαι
3005 1534 3510 1609 παρασκευάζουσι,
3542 1536 3637 1587 καὶ

1948 1627 2096 1698 λύμη
2144 1629 2355 1693 πόλεως
2392 1629 2490 1682 καὶ
2528 1628 2629 1699 τῆς
2658 1628 2985 1698 οἰκουμένης
3019 1625 3239 1695 ἀπάσης
3288 1623 3425 1677 εἰσίν
3449 1637 3463 1653 ⁸
3498 1624 3547 1675 οί
3578 1622 3636 1675 δὲ

1950 1717 2056 1770 ὑπὸ
2084 1717 2353 1788 δαιμόνων
2402 1717 2778 1787 ἐνοχλούμενοι
2814 1716 2881 1778 ³³,
2934 1713 3203 1767 ἐλεεῖσθαι
3255 1711 3455 1783 μᾶλλόν
3496 1713 3637 1764 εἰσιν

1951 1804 2090 1870 ἄξιοι
2108 1806 2200 1858 κα)⁵
2214 1805 2564 1877 δακρύεσθαι.
2591 1805 2699 1858 Kal
2715 1807 2763 1856 οἱ
2784 1802 2882 1873 μὲν
2905 1804 2962 1854 ὲν
2984 1800 3312 1870 ἀναισθησίᾳ
3331 1799 3400 1853 τά
3415 1798 3637 1852 πλείονα

1952 1893 2314 1964 πράττουσιν·
2345 1893 2395 1945 οἱ
2430 1893 2485 1945 δὲ
2519 1888 2963 1963 μετά-λογισμοῦ
2997 1886 3427 1958 παραπαίουσιν,
3455 1886 3511 1939 ἐν
3547 1885 3637 1953 μέο

1954 1997 2073 2041 σαις
2106 1980 2293 2033 πόλεσι
2340 1979 2752 2050 βακχευόμενοι,
2797 1978 2893 2029 καὶ
2931 1976 3126 2047 καινήν
3155 1992 3276 2028 τινα
3317 1973 3635 2044 μαινόμενοι

1957 2067 2175 2138 μανίαν.
2199 2067 2265 2120 Τί
2280 2066 2388 2139 γὰρ
2408 2066 2647 2119 τοιοῦτον
2661 2064 2982 2137 ἐργάζονται
3003 2065 3053 2116 οί
3073 2062 3435 2133 δαιμονῶντες
3463 2061 3636 2115 ἀπαν-

1951 2171 2062 2219 τες,
2087 2149 2199 2209 οἷον
2233 2155 2431 2219 Ἰούδας
2448 2154 2734 2225 ἐτόλμησε,
2755 2152 2854 2223 τὴν
2878 2153 3115 2223 ἐσχάτην
3140 2150 3487 2222 παρανομίαν
3511 2151 3633 2203 ἐπι-

1953 2242 2268 2312 δειξάμενος
2292 2261 2306 2309 ;
2335 2243 2445 2297 Kal
2476 2243 2678 2305 πάντες
2706 2241 2762 2294 δέ
2790 2242 2839 2293 οἱ
2878 2241 3085 2293 ἐκεῖνον
3115 2237 3429 2310 ζηλοῦντες,
3463 2236 3638 2289 καθά-

1954 2347 2062 2402 περ
2085 2330 2250 2401 θηρία
2288 2330 2500 2402 χαλεπά
2543 2330 2652 2384 ἀπὸ
2690 2327 3000 2399 γαλεάγρας
3037 2326 3301 2396 φυγόντα,
3328 2323 3428 2387 τὰς
3451 2323 3635 2386 πόλεις

1955 2417 2298 2490 θορυϐοῦσιν,
2328 2416 2542 2481 οὐδενὸς
2563 2416 2905 2486 κατέχοντος.
2927 2414 3244 2485 Περίκειται
3275 2411 3376 2483 μὲν
3401 2410 3510 2482 γάρ
3540 2413 3635 2464 καὶ

1953 2505 2165 2570 τούτοις
2195 2505 2371 2577 δεσμά
2401 2505 2740 2576 πανταχόθεν
2758 2519 2772 2534 ο
2805 2497 2919 2557 οἷον
2947 2503 2978 2556 ό
3014 2501 3123 2556 τῶν
3150 2499 3419 2555 δικαστῶν
3446 2498 3633 2568 φόϐος,

1953 2594 1987 2664 ὴ
2011 2593 2122 2648 τῶν
2154 2593 2336 2663 νόμων
2386 2592 2607 2663 ἀπειλὴ,
2638 2593 2673 2664 η
2701 2590 2853 2662 παρά
2896 2588 3005 2644 τῶν
3038 2588 3248 2642 πολλῶν
3269 2586 3634 2654 κατάγνωσις,

1955 2684 2050 2737 καὶ
2074 2683 2239 2755 ἕτερα
2263 2684 2486 2737 πλείονα
2500 2682 2709 2737 τούτων
2732 2698 2747 2713 ο
2783 2681 2899 2737 ἀλλ’
2919 2683 3071 2751 ὅμως
3094 2679 3384 2735 καὶταῦτα
3411 2680 3636 2752 διαρῤηο

1955 2772 2180 2840 γνύντες
2208 2772 2386 2826 πάντα
2434 2772 2546 2826 ἀνω
2571 2772 2666 2824 καὶ
2717 2770 2871 2825 κάτω
2893 2768 3128 2824 ποιοῦσι.
3164 2768 3278 2824 Kal
3304 2769 3357 2822 εί
3378 2786 3462 2833 τις
3498 2769 3637 2822 αὐτὰ

1955 2861 2137 2915 τέλεον
2162 2861 2343 2915 αὐτῶν
2370 2861 2415 2894 ⁸⁸
2446 2862 2656 2930 ἀφεῖλε,
2678 2861 2798 2915 τότε
2832 2861 2900 2915 ἂν
2935 2860 3077 2930 ἔγνω
3103 2859 3292 2929 σαφῶς
3322 2859 3414 2912 τὸν
3443 2859 3502 2911 ἐν
3536 2859 3635 2911 a6-

1955 2951 2067 3012 τοῖς
2096 2948 2329 3020 δαίμονα
2378 2949 2515 3004 πολὺ
2554 2949 2650 3003 τοῦ
2688 2949 2784 3003 νῦν
2816 2948 3123 3013 ἐξελθόντος
3143 2945 3483 3019 ἀγριώτερον
3509 2946 3635 2999 ὄντα

1957 3037 2050 3089 καὶ
2072 3035 2466 3109 μανικώτερον.

2028 3120 2181 3196 [540]
2211 3130 2273 3177 ε’.
2300 3122 2439 3177 Ἀλλ’
2457 3124 2648 3196 ἐπειδὴ
2664 3123 2824 3178 τοῦτο
2843 3124 2945 3178 οὐκ
2965 3122 3067 3189 ἔνι,
3084 3121 3165 3194 τῷ
3184 3122 3329 3194 λόγῳ
3350 3121 3487 3186 τέως
3503 3122 3637 3175 αὐτὸ

1956 3210 2308 3283 ὐποθώμεθα,
2350 3215 2445 3268 καὶ
2476 3213 2659 3277 πάσας
2685 3212 2850 3267 αὐτοῦ
2885 3212 3227 3284 περιέλωμεν
3254 3211 3353 3275 τάς
3381 3209 3600 3272 άλύσει;
3618 3226 3631 3239 ·

1957 3301 2051 3354 καὶ
2081 3302 2203 3355 τότε
2248 3301 2414 3356 αὑτοῦ
2451 3302 2638 3371 σαφῶς
2669 3300 2929 3372 είσόμεθα
2959 3300 3059 3371 τὴν
3099 3299 3362 3371 λαμπράν
3414 3298 3633 3369 μανίαν.

1968 3389 2129 3443 Ἀλλά
2161 3390 2236 3462 μὴ
2260 3390 2477 3462 δείσητε
2509 3390 2571 3445 τὸ
2597 3390 2784 3462 θηρίον
2804 3429 2820 3454 ,
2861 3390 2991 3444 ὅταν
3025 3388 3158 3442 αὐτὸ
3190 3385 3591 3456 ἐκκαλύψωμεν
3620 3404 3632 3416 ·

1953 3476 2013 3529 ἐν
2033 3477 2142 3550 γὰρ
2171 3477 2249 3548 τῷ
2281 3477 2426 3548 λόγῳ
2446 3478 2481 3550 ὴ
2505 3478 2679 3549 σκηνὴ
2697 3518 2711 3544 ,
2733 3477 2835 3531 οὐκ
2858 3478 2917 3530 ἐν
2946 3475 3173 3546 ἀληθείᾳ
3203 3475 3249 3507 ³⁸
3282 3474 3343 3528 τὸ
3373 3474 3632 3545 πρᾶγμα.

1957 3569 2138 3623 Ἔστω
2173 3569 2352 3624 τοίνυν
2401 3586 2485 3632 τις
2531 3568 2819 3640 ἄνθρωπος
2870 3566 2981 3639 πῦρ
3028 3566 3136 3621 ἀπὸ
3186 3564 3296 3619 τῶν
3341 3563 3636 3635 ὀφθαλμῶν

1954 3658 2158 3727 ἀφιεὶς,
2194 3657 2382 3729 μέλας,
2418 3657 2479 3722 ἐξ
2512 3657 2791 3731 ἑκατέρων
2820 3654 2927 3709 τῶν
2972 3654 3142 3724 ὤμων
3176 3652 3481 3725 δράκοντας
3513 3652 3638 3705 ἀντὶ

1954 3746 2154 3823 χειρῶν
2187 3744 2329 3816 έχων
2362 3743 2764 3817 ἐξηρτημένους
2791 3760 2808 3776 ο
2840 3742 2982 3796 έστω
3017 3741 3075 3794 δὲ
3107 3740 3257 3812 αύτῷ
3288 3740 3384 3793 καὶ⁵
3427 3739 3635 3810 στόμα,

1954 3835 2075 3888 ἀντὶ
2104 3833 2203 3905 μὲν
2228 3833 2455 3887 ὀδόντων
2489 3832 2615 3903 ξίφη
2632 3831 2759 3899 ὀξέα
2791 3831 2913 3902 έχον
2941 3830 3302 3902 ἐμπεπηγότα
3330 3828 3398 3895 ³⁸,
3426 3827 3549 3882 ἀντὶ
3579 3827 3637 3880 δὲ

1954 3920 2207 3992 γλώσσης
2238 3920 2318 3975 ίοῦ
2349 3920 2443 3974 καὶ
2483 3919 2809 3992 δηλητηρίου
2842 3918 3135 3989 φαρμάκου
3182 3915 3367 3987 πηγὴν
3398 3913 3635 3968 ἀναϐλύ-

1955 4009 2155 4075 ζουσαν
2181 4026 2194 4041 ·
2225 4008 2438 4082 γαστὴρ
2469 4009 2558 4073 δὲ,
2591 4009 2823 4080 καμίνου
2879 4009 3063 4078 πάσης
3107 4004 3630 4077 δαπανητικωτέρα,

1953 4098 2023 4152 τά
2052 4099 2433 4170 ἐμϐαλλόμενα
2465 4096 2830 4151 ἀναλίσκουσα
2862 4096 3078 4150 ἅπαντα
3097 4112 3109 4124 ·
3159 4094 3253 4147 καὶ
3291 4091 3453 4155 πόδες
3497 4091 3634 4145 ὑπό-

1954 4186 2143 4259 πτεροί
2189 4203 2333 4249 τινες
2370 4185 2465 4239 καὶ
2511 4184 2707 4253 φλογὸς
2759 4184 2977 4255 ἀπάσης
3032 4181 3414 4254 σφοδρότερον
3448 4178 3636 4232 καὶτὸ

1958 4275 2249 4346 πρόσωπον
2276 4274 2333 4327 δὲ
2363 4272 2514 4343 αὐτῷ
2541 4272 2648 4325 ἀπὸ
2682 4272 2842 4335 κυνὸς
2870 4271 2966 4325 καὶ
2996 4270 3160 4323 λύκου
3192 4268 3636 4345 κατεσκευασμέ-

1957 4380 2045 4416 νον
2075 4362 2215 4415 έστω
2235 4379 2247 4393 ·
2276 4362 2369 4414 καὶ
2404 4359 2723 4430 φθεγγέσθω
2761 4359 2943 4430 μηδὲν·
2974 4357 3332 4429 ἀνθρώπινον,
3377 4354 3492 4409 ἀλλ’
3525 4356 3635 4408 ἀπ-

1957 4450 2089 4521 ηχές
2116 4467 2170 4504 τι
2196 4449 2290 4503 καὶ
2316 4449 2480 4519 ἀηδὲς
2512 4448 2604 4501 καὶ
2645 4446 2877 4518 φοϐερόν
2897 4462 2911 4477 ο
2947 4445 3118 4516 ἐχέτω
3161 4443 3218 4497 δέ
3248 4444 3343 4497 καὶ
3388 4444 3448 4496 ἐν
3477 4444 3635 4513 χερσὶ

1957 4538 2150 4609 φλόγα.
2187 4538 2338 4608 Τάχα
2369 4536 2576 4607 φοϐερὰ
2603 4537 2752 4589 δοκεῖ
2776 4531 2915 4587 εἶναι
2936 4534 3063 4604 ὑμῖν
3098 4533 3166 4586 τά
3189 4535 3311 4603 είρη
3320 4532 3459 4603 μένα
3479 4549 3491 4563 ’
3515 4530 3631 4584 ἀλλ’

1950 4626 2163 4680 οὐδέπω
2206 4629 2325 4679 κατ’
2378 4626 2536 4691 ἀξίαν
2587 4623 2748 4677 αὑτὸν
2798 4621 3248 4694 ἐσχηματίσαμεν
3276 4636 3289 4648 ·
3339 4619 3478 4691 μετά
3525 4619 3635 4689 γὰρ

1951 4714 2156 4769 τούτων
2189 4714 2283 4767 καὶ
2307 4712 2471 4783 ’ἐτερα
2495 4713 2576 4766 δεῖ
2597 4711 2938 4782 προσθεῖναι.
2964 4710 3074 4764 Kal
3099 4710 3207 4779 γὰρ
3231 4708 3273 4740 ³⁷
3302 4708 3430 4773 τοὺς
3458 4708 3636 4762 ἀπαν-

1949 4802 2158 4865 τῶντας
2212 4802 2519 4870 σφαττέτω,
2588 4800 2947 4864 κατεσθιέτω,
3009 4798 3119 4852 τῶν
3176 4797 3397 4869 σαρκῶν
3450 4796 3634 4850 αὐτῶν

1953 4889 2230 4944 ἁπτέσθω.
2250 4888 2408 4942 Ἀλλά
2438 4889 2533 4942 καὶ
2547 4890 2738 4941 τούτου
2760 4887 2940 4957 πολλῷ
2970 4884 3350 4958 χαλεπώτερος
3376 4886 3405 4938 ὁ
3436 4884 3632 4955 φιλάρ-

1953 4994 2138 5048 γυρος,
2171 4978 2335 5030 πᾶσιν
2364 4977 2536 5030 ἐπιὼν
2569 4976 2757 5047 ὥσπερ
2786 4976 2939 5047 ᾅδης,
2977 4976 3185 5038 πάντας
3216 4974 3260 5005 ³⁸
3293 4972 3629 5035 καταπίνων,

1954 5067 2131 5129 κοινὸς
2172 5065 2428 5135 πολέμιος
2475 5066 2897 5135 περιερχόμενος
2925 5062 3020 5115 τοῦ
3063 5062 3175 5115 τῶν
3204 5059 3508 5132 ἀνθρώπων
3541 5059 3633 5127 γέ-

1952 5171 2096 5218 νους.
2152 5156 2263 5206 Kal
2302 5154 2411 5225 γὰρ
2462 5154 2711 5224 βούλεται
2761 5152 2967 5223 μηδένα
3010 5150 3296 5221 ἄνθρωπον
3328 5142 3465 5201 εἶναι
3491 5186 3506 5213 ,
3544 5147 3633 5201 ἵνα

1952 5240 2023 5295 τά
2067 5241 2243 5296 πάντα
2272 5243 2315 5273 ³³
2377 5243 2599 5313 κατέχῃ.
2652 5242 2763 5313 Kal
2809 5240 2931 5293 οὐδὲ
2972 5238 3206 5293 ἐνταῦθα
3235 5237 3484 5301 ἵσταται,
3514 5235 3631 5290 ἀλλ’

1953 5329 2080 5382 ὅταν
2108 5331 2315 5393 πάντας
2344 5329 2587 5401 ἀπολέσῃ
2619 5332 2685 5401 τῇ
2722 5328 3008 5400 ἐπιθυμίᾳ,
3037 5327 3132 5380 καὶ
3160 5327 3260 5397 τῆς
3280 5326 3383 5396 γῆς
3412 5325 3511 5396 τὴν
3537 5325 3631 5377 οὑ-

2699 5428 2743 5477 ιί
2776 5447 2872 5501 καὶ
2900 5460 3013 5500 om.
3057 5444 3121 5499 ο.
3166 5441 3227 5496 D.
3261 5441 3324 5497 E.
3370 5441 3432 5497 ιτ.
3465 5440 3632 5495 Paulo

146 5521 289 5567 ante
323 5509 454 5587 δοὺς
489 5524 595 5573 Om-
722 5506 853 5587 Ξῼὺς
887 5504 1336 5587 σγϐώταςῙτοὺε
1360 5504 1809 5587 χοιροϐόσκοντας

1972 5516 2037 5578 »ῖς
2078 5504 2395 5585 cummi;
2444 5517 2564 5587 (sic)
2597 5516 2658 5572 C.
2694 5516 2873 5571 Verba
2917 5516 3046 5587 τοῦς
3098 5511 3632 5587 σεϐώτας--ιξειᾴοιιιιο

147 5580 393 5638 sustulit
438 5594 582 5633 corr.
619 5579 683 5631 D.
721 5575 883 5630 Plura
923 5576 975 5629 in
1021 5575 1207 5629 admit.

149 5654 324 5707 Κατὰ
380 5648 732 5719 φιλαργύρων
760 5645 827 5699 Α.
862 5716 874 5719 Δ
904 5646 961 5719 ’°_
980 5645 1179 5719 πάντα]
1194 5646 1333 5719 _add.
1380 5649 1446 5719 τά
1478 5649 1538 5702 Ι).

144 5796 211 5847 (ἶ.
230 5784 329 5845 ὐ.
361 5784 435 5843 ΕΣ
461 5789 522 5843 F.
555 5784 885 5858 ἀπαλλάξαι]
911 5784 1179 5858 αάἆτντῶν
1204 5787 1419 5858 δεσμῶν
1453 5784 1588 5845 Edd.

1295 5579 1337 5609 ¹⁸
1359 5578 1618 5650 διανοίας]
1647 5580 1736 5635 Sic
1776 5581 1835 5635 E.
1869 5582 1967 5639 Ge.
1997 5578 2161 5639 Arni:
2181 5578 2401 5652 ἀγνοίας
2437 5578 2502 5641 Ᾱ.

1295 5648 1309 5682 1
1380 5649 1444 5682 ιν).
1478 5649 1520 5682 n
1591 5651 1628 5682 ιε·
1728 5653 1771 5682 ιι
1805 5654 2031 5682 ........λ-ι
2062 5656 2162 5682 ...ιι
2227 5656 2298 5682 ιη...
2328 5658 2437 5682 L‘.I_I

149 5654 324 5707 Κατὰ
380 5654 732 5729 φιλαργύρων
760 5654 879 5748 A.ﬂ8
904 5654 950 5677 ’ν
980 5654 1179 5717 πάντα]
1208 5654 1333 5703 add.
1380 5654 1446 5701 τὰ
1478 5654 1538 5702 D.
1591 5654 1650 5704 Ε.
1728 5654 1771 5734 ’ξ
1805 5670 1819 5719 τ

146 5717 885 5863 ἶῗῗρῦῦοέῗςιῖξωέζῗέιλξᾶξαε]
909 5714 1181 5863 ξξςέλμῖξξγ
1191 5717 1711 5863 gal‘g‘aﬁé‘j‘”;

1972 5654 2032 5727 ις]
2061 5656 2185 5711 add.
2224 5656 2298 5710 ὢν
2325 5658 2459 5712 ΕόιΙ.

1980 5743 2030 5779 ιιι
2070 5726 2129 5779 F.
2207 5729 2250 5759 "
2276 5728 2406 5799 γάρ]
2434 5728 2488 5781 δὲ
2514 5728 2521 5780 1

1972 5813 2116 5863 τερον
2140 5800 2274 5863 (om.
2299 5799 2384 5861 ἂν)
2411 5800 2521 5852 Edd

1736 5801 2116 5867 χαλεπώτερον
2140 5801 2274 5863 (om.
2299 5801 2384 5861 ἂν)
2411 5801 2544 5852 Edd.

2578 5628 2591 5641 .
2627 5588 2691 5641 D.
2726 5586 3086 5656 ἀναισθησίας
3221 5654 3234 5656 _
3264 5584 3306 5615 ”
3338 5582 3628 5656 HQIKON.

2566 5660 2609 5689 “
2650 5652 3257 5727 ἀπεστερημένος-ΕΜ.
3284 5652 3486 5727 στολῇς
3533 5669 3629 5722 pro

2207 5729 2250 5759 "
2276 5728 2406 5799 γάρ]
2434 5728 2488 5781 δὲ
2514 5728 2647 5783 Edd.
2697 5744 2749 5797 p.
2784 5744 2837 5797 p.
2861 5722 3047 5797 ’ἰσχύει
3078 5725 3139 5778 F.
3245 5726 3293 5756 "‘
3326 5722 3489 5776 αὑτὸν
3514 5740 3627 5779 mu.

2207 5814 2274 5851 m.
2299 5799 2384 5861 ἂν)
2411 5800 2544 5852 Edd.
2622 5800 2667 5831 ’⁸
2693 5799 3015 5868 ἀπεδήμησε
3041 5797 3106 5850 A.
3138 5794 3539 5868 (λλ-ἀπέστη
3566 5791 3627 5847 1⁷.

146 5842 332 5943 ὁῖτξέ,
363 5860 545 5948 min;
566 5931 577 5948 _
600 5842 804 5948 Αηςί
841 5842 887 5944 ξά
918 5859 975 5946 ει
1015 5857 1072 5909 δὲ
1102 5842 1563 5948 ﬂagella};
1578 5842 1663 5948 FB
1695 5842 1819 5948 ριίξῤ

1972 5907 1977 5917 .
2021 5842 2421 5948 ξειῖεριᾳῡςοξς]
2470 5869 2559 5924 Sic
2614 5842 3268 5948 coqll.“e‘|rlI_ers_s._a)Jo
3308 5865 3442 5948 Eqd.
3475 5842 3540 5948 ης
3567 5878 3621 5948 ρ.

147 5930 650 6008 τρέφουσιλέζάύη-
680 5931 725 5961 ³⁸
757 5928 866 5981 Kal
885 5924 1037 6008 οὗτοι
1070 5929 1191 6008 μεν]
1208 5924 1397 6008 κοῦτοξ
1430 5932 1487 6008 δέ

1973 5976 1985 5988 .
2021 5938 2083 5990 1).
2163 5938 2207 5968 ³³
2241 5924 2557 6008 ὀχλούμενοι
2600 5945 2661 5993 Α.
2685 5941 2747 5993 (1.
2783 5940 2842 5993 D.
2921 5940 2966 5970 ³⁵
2996 5938 3174 5996 αὐτῶν
3210 5954 3320 5992 υιιι.
3359 5938 3424 5992 Α.
3475 5924 3628 5990 ’κέν

148 5998 224 6077 τῇ
252 5998 353 6058 ἀλ.
389 6003 525 6056 Ιειιᾱ.
606 6001 653 6033 ³⁸
679 5998 969 6068 πεπηγότα
1008 5998 1079 6052 Α.
1104 5998 1265 6056 CCF.
1345 6002 1387 6033 ³⁷
1418 6000 1548 6075 γὰρ]
1574 6004 1699 6059 add.
1728 6005 1819 6059 καὶ

1974 6048 1986 6061 .
2067 6008 2110 6040 ³⁸
2146 5998 2321 6064 πάντα
2363 5998 2497 6066 Εὶιιι.
2577 6013 2621 6043 ³³
2648 6013 2865 6066 πάντων
2892 6010 2953 6065 F.

408 6091 684 6150 PA’I‘ROL.
732 6088 850 6148 Cu.
904 6086 1092 6146 LVII.

3233 6111 3302 6169 18
