4038 6364
184 404 286 458 55?

186 534 294 571 non
324 514 501 568 amico
525 555 540 580 ,
570 528 676 567 non
706 520 965 582 cognato,
1002 524 1108 563 non
1138 509 1285 562 fratri
1305 551 1319 575 ,
1353 524 1459 560 non
1488 508 1644 576 patri.
1677 505 1787 559 ltttO

187 623 319 663 vero
355 623 467 661 non
502 622 635 675 opus
663 614 748 661 est
787 603 940 658 nobis
971 602 1057 657 illa
1097 600 1420 673 bypotbesi;
1451 598 1787 654 sciscitemur

186 700 255 754 ab
283 714 372 765 eo,
399 714 579 753 annon
608 696 697 751 ille
720 692 1020 765 hujusmodi
1044 707 1134 748 res
1160 693 1212 745 in
1233 690 1556 760 cogitatione
1578 697 1785 752 verset,

188 808 367 848 annon
396 805 587 847 omnes
615 789 793 843 animo
829 786 1077 851 invadat,
1102 799 1281 839 annon
1308 782 1536 838 trucidet
1562 782 1785 846 amicos,

186 898 450 958 cognatos
471 895 527 941 et
553 884 944 956 progenitores.
968 882 1081 937 lmo
1103 895 1232 937 vero
1258 879 1401 935 nulla
1426 876 1787 948 interrogandi

188 978 510 1044 necessitas,
536 991 659 1031 eum
690 990 848 1030 nemo
875 974 1081 1029 neseiat
1108 986 1203 1028 eos
1227 1013 1242 1037 ,
1270 970 1363 1042 qui
1400 969 1503 1024 hoc
1536 975 1789 1023 tenentur

189 1070 401 1135 morbo,
432 1074 762 1123 senectutem
789 1064 953 1136 patris
976 1063 1055 1119 sui
1078 1076 1221 1133 aegre
1248 1061 1408 1127 ferre,
1431 1068 1487 1115 et
1504 1058 1647 1131 quod
1673 1058 1791 1114 aliis

191 1162 347 1216 dulce
373 1160 713 1230 Optabileque
741 1168 843 1224 est,
868 1172 1060 1227 nempe
1088 1155 1226 1210 filios
1253 1155 1472 1221 habere,
1502 1168 1788 1208 onerosum

192 1252 525 1306 existimare.
555 1250 704 1304 Multi
733 1249 875 1305 enim
916 1247 1017 1304 hac
1050 1246 1119 1302 de
1161 1261 1320 1301 causa
1350 1245 1632 1299 orbitatem
1664 1252 1789 1297 sunt

193 1344 395 1413 adepti,
432 1352 786 1411 naturamque
812 1340 1050 1395 sterilem
1080 1336 1467 1403 reddiderunt,
1496 1350 1602 1389 non
1631 1333 1791 1389 modo

195 1446 348 1493 natos
384 1435 693 1491 occidentes
716 1476 731 1501 ,
764 1432 858 1488 sed
884 1433 1043 1487 etiam
1075 1447 1143 1485 ne
1179 1437 1525 1484 nascerentur
1549 1425 1792 1481 efﬁcien-

203 1542 300 1585 tes.
328 1529 408 1584 Ne
435 1528 703 1583 miremini
730 1528 909 1597 itaque
928 1567 941 1590 ,
976 1525 1020 1579 si
1045 1539 1262 1579 avarum
1290 1522 1378 1577 illa
1410 1520 1581 1575 l‘orma
1607 1519 1793 1589 depin-

196 1624 434 1678 xerimus
466 1638 481 1676 :
510 1636 633 1675 nam
676 1619 832 1688 longe
867 1616 1043 1671 adhuc
1068 1615 1299 1670 deterior
1329 1621 1443 1679 est,
1474 1626 1633 1682 quam
1661 1610 1793 1664 dixi-

197 1729 332 1769 mus.
374 1712 485 1769 Sed
520 1711 796 1766 videamus
835 1724 941 1779 quo
980 1717 1137 1778 pacto
1164 1722 1287 1761 eum
1326 1706 1393 1760 ab
1421 1705 1521 1758 hoc
1550 1703 1795 1759 daemone

188 1807 429 1861 liberare
456 1803 770 1874 poterimus.
808 1798 1088 1868 Quomodo
1119 1798 1252 1853 liber
1277 1795 1423 1851 erit?
1459 1794 1513 1851 Si
1543 1795 1686 1848 clare
1714 1793 1796 1848 di-

197 1899 384 1954 dicerit
420 1896 699 1951 avaritiam
732 1894 813 1949 vel
856 1892 923 1947 ad
957 1890 1209 1961 pecunias
1239 1885 1625 1956 comparandas
1660 1900 1794 1939 con-

198 1990 416 2044 trariam
456 2001 577 2042 esse
604 2003 619 2041 :
654 2001 776 2040 nam
806 1984 894 2055 qui
925 1997 1085 2052 parva
1116 1980 1308 2035 lucrari
1338 1978 1522 2031 volunt
1542 2019 1557 2043 ,
1587 1990 1799 2046 semper

197 2097 386 2153 magna
420 2082 693 2151 patiuntur
715 2079 910 2133 damna
932 2094 945 2131 :
966 2076 1017 2131 id
1039 2074 1178 2146 quod
1201 2075 1360 2129 etiam
1382 2073 1433 2127 in
1459 2070 1796 2141 proverbium

203 2191 417 2229 versum
459 2184 561 2229 est.
593 2171 740 2227 Multi
771 2180 917 2225 certe
943 2184 1065 2223 cum
1101 2176 1341 2221 mutuum
1373 2178 1564 2234 magno
1595 2163 1798 2218 faenore

200 2267 409 2333 darent,
440 2280 544 2319 non
566 2262 856 2333 exploratis
882 2258 1191 2329 accipientis
1216 2255 1574 2320 facultatibus,
1595 2263 1796 2309 sortem

202 2358 365 2427 ipsam
392 2372 515 2410 cum
543 2355 718 2409 usuris
738 2346 1056 2406 amiserunt.
1076 2348 1307 2402 Rursum
1330 2346 1416 2401 alii
1446 2347 1496 2399 in
1522 2344 1794 2415 periculis,

200 2465 317 2503 cum
348 2449 556 2503 nollent
586 2461 749 2517 pauca
779 2442 1042 2514 proferre,
1066 2441 1230 2495 vitam
1255 2454 1374 2493 cum
1403 2438 1594 2507 opibus
1619 2436 1798 2506 perdi-

200 2542 423 2597 derunt.
455 2540 587 2595 Item
618 2538 710 2593 alii
739 2552 860 2591 cum
889 2534 1176 2604 dignitates
1199 2530 1538 2602 pecuniarias
1558 2571 1572 2594 ,
1603 2528 1687 2582 vel
1720 2528 1798 2582 si-

206 2634 346 2689 milia
375 2631 601 2701 adipisci
635 2635 889 2699 possent,
920 2641 1041 2681 cum
1070 2622 1413 2693 parcimonite
1439 2621 1597 2675 nimis
1619 2620 1801 2675 stude-

203 2734 338 2790 rent,
360 2740 388 2776 a
411 2732 523 2777 toto
540 2720 873 2776 exciderunt.
895 2716 1155 2784 Quoniam
1174 2716 1314 2768 enim
1332 2727 1516 2767 serere
1533 2712 1797 2778 nesciunt,
1830 2755 1837 2763 .

203 2817 292 2872 sed
323 2825 528 2870 metere
552 2823 757 2867 tantum
789 2809 1037 2873 student,
1067 2823 1094 2859 a
1123 2820 1298 2860 messe
1327 2804 1632 2874 frequenter
1659 2805 1804 2858 exci-

206 2922 1687 2949 Μ

1155 395 1217 449 ΙΝ
1258 392 1664 449 ΜΛΤΤΙΙᾸΞΗΜ
1707 390 1933 447 IIOMIL.
1977 389 2170 445 XXIX.
2214 391 2283 443 al.
2330 389 2492 445 XXX.

3390 392 3492 447 358

1897 504 2049 559 dunt.
2083 504 2250 559 Nemo
2289 506 2432 560 cnim
2475 520 2685 575 semper
2718 515 2921 562 metere
2952 517 3127 577 potest
3160 551 3171 572 ,
3219 511 3353 562 sicut
3397 527 3494 565 nec

1898 611 2111 666 semper
2158 597 2372 651 lucrari.
2414 596 2546 664 Quia
2597 599 2755 668 igitur
2800 598 3109 669 impendere
3155 600 3357 664 nolunt,
3396 617 3493 657 nec

1904 688 2097 742 lucrari
2125 689 2335 752 sciunt,
2373 688 2546 747 sednet
2572 690 2617 743 si
2644 704 2866 744 uxorem
2897 690 3096 745 ducere
3124 701 3406 760 oporteat,
3443 694 3493 747 ir.

1901 778 2043 833 idem
2077 778 2315 833 incidunt
2353 778 2642 845 damnum,
2670 778 2801 834 dum
2828 779 2912 835 vel
2948 782 3160 849 inepem
3206 797 3302 850 pro
3331 782 3496 839 divite

1900 868 2120 935 ducunt,
2152 868 2235 923 vel
2261 869 2304 923 si
2332 868 2553 924 divitem
2584 870 2869 941 accipiant,
2894 881 2948 926 et
2972 872 3062 926 illa
3091 872 3239 927 mille
3258 873 3401 927 vitiis
3430 876 3499 931 sit

1900 959 2123 1027 affecta,
2159 961 2211 1015 in
2253 962 2424 1032 majus
2464 962 2706 1019 incidunt
2749 963 3151 1020 detrimentum.
3191 965 3308 1021 Non
3352 969 3495 1023 enim

1901 1054 2194 1123 epulentia,
2223 1053 2316 1109 sed
2348 1054 2515 1110 virtus
2539 1054 2751 1110 divitias
2782 1055 2938 1126 parit.
2967 1055 3098 1111 Nam
3125 1072 3243 1127 quae
3267 1073 3331 1111 ex
3358 1057 3503 1113 divi-

1903 1147 1989 1200 tiis
2009 1146 2230 1209 utilitas,
2264 1146 2308 1201 si
2331 1146 2419 1200 illa
2442 1147 2660 1218 prodiga
2686 1147 2755 1201 sit
2775 1157 2830 1203 et
2848 1158 3181 1218 sumptuosa,
3201 1157 3256 1205 et
3275 1151 3319 1206 si
3343 1152 3495 1221 quasi

1901 1247 2093 1293 ventus
2119 1238 2299 1293 omnia
2329 1238 2597 1309 dissipet?
2626 1239 2752 1310 quid
2779 1240 2822 1294 si
2846 1240 3040 1295 lasciva
3068 1242 3156 1307 sit,
3182 1256 3245 1296 ac
3273 1256 3500 1297 sexcen-

1901 1340 1986 1386 tos
2015 1342 2284 1387 amatores
2318 1333 2590 1387 attrahat?
2617 1333 2742 1403 quid
2772 1335 2816 1387 si
2858 1333 3112 1389 ebriosa?
3148 1349 3324 1391 annon
3349 1334 3497 1392 brevi

1900 1426 2183 1496 conjugem
2223 1440 2377 1480 suum
2414 1425 2480 1481 ad
2527 1426 2761 1496 in0piam
2804 1424 3044 1497 rediget?
3083 1426 3199 1482 Non
3236 1428 3288 1482 in
3326 1443 3499 1487 uxore

1901 1518 2141 1573 ducenda
2169 1526 2395 1584 tantum,
2424 1517 2515 1572 sed
2538 1518 2698 1572 etiam
2729 1517 2783 1572 in
2808 1518 3036 1573 emendo
3068 1518 3340 1585 falluntur,
3367 1520 3495 1573 dum

1902 1624 2105 1676 servos,
2136 1625 2243 1665 non
2268 1610 2467 1681 probos
2492 1624 2555 1665 ac
2581 1618 2829 1665 strenuos
2850 1650 2864 1673 ,
2894 1610 2988 1665 sed
3020 1625 3114 1668 eos
3138 1610 3226 1679 qui
3252 1611 3344 1666 vili
3378 1627 3495 1681 pre-

1902 1703 1979 1756 tio
2005 1701 2220 1769 dantur,
2250 1710 2581 1761 comparant.
2626 1702 2750 1757 Haec
2789 1702 2967 1767 itaque
2990 1704 3167 1757 omnia
3197 1705 3494 1763 cogitantes

1906 1794 2166 1864 (nondum
2204 1794 2346 1848 enim
2385 1794 2453 1849 de
2479 1794 2722 1863 gehenna
2750 1803 2802 1849 et
2831 1794 2900 1849 de
2932 1809 3099 1865 regno
3125 1808 3285 1849 verba
3313 1796 3500 1851 audire

1903 1884 2214 1954 potuistis),
2243 1896 2298 1939 et
2324 1883 2641 1939 detrimenta
2672 1886 2724 1939 in
2752 1894 2984 1941 mentem
3016 1897 3357 1951 revocantes,
3382 1903 3501 1958 qua!

1903 1989 2047 2046 Stepe
2085 1974 2154 2029 ab
2200 1977 2420 2031 avaritia
2464 1978 2605 2047 passi
2645 1978 2808 2043 estis,
2858 1979 2911 2033 in
2956 1978 3288 2050 faenoribus,
3320 1981 3403 2035 vel
3448 1981 3500 2035 in

1903 2068 2154 2134 emendo,
2177 2069 2258 2124 vel
2288 2070 2339 2124 in
2365 2070 2605 2125 ducenda
2625 2086 2808 2137 uxore,
2842 2072 2892 2125 in
2925 2072 3258 2141 patrociniis,
3278 2075 3331 2128 in
3357 2074 3500 2128 aliis-

1902 2174 2007 2229 que
2057 2160 2340 2226 omnibus,
2382 2162 2450 2217 ab
2488 2177 2671 2217 amore
2699 2165 3044 2232 pecuniarqu
3093 2165 3382 2220 abscedite.
3411 2166 3501 2221 Sic

1904 2251 2045 2307 enim
2070 2252 2311 2321 poteritis
2335 2262 2388 2308 et
2413 2264 2728 2322 przesentem
2756 2256 2915 2309 vitam
2947 2263 3060 2309 tuto
3088 2258 3379 2326 transigere
3402 2299 3419 2321 ,
3447 2269 3500 2311 et

1905 2343 2181 2413 paululum
2212 2346 2352 2398 aucti
2385 2360 2664 2400 sermones
2691 2346 2759 2404 de
2787 2346 3122 2415 philosophia
3159 2348 3344 2403 audire
3366 2389 3381 2413 ,
3422 2360 3499 2401 at-

1905 2452 2009 2506 que
2034 2436 2240 2491 acutius
2269 2438 2531 2500 videntes,
2566 2439 2736 2508 ipsum
2764 2438 2989 2509 justitiae
3013 2440 3179 2495 solem
3210 2442 3497 2511 respicere,

1910 2530 2276 2598 promissaque
2294 2530 2409 2599 ejus
2431 2533 2686 2601 consequi
2711 2550 2724 2585 :
2748 2547 2972 2602 quorum
2998 2533 3200 2589 utinam
3220 2546 3500 2591 CODSOI‘U'S

1907 2624 2074 2677 simus
2099 2638 2308 2689 omnes,
2330 2624 2499 2694 gratia
2525 2634 2580 2678 et
2599 2625 2923 2695 benignitate
2949 2627 3157 2681 Domini
3184 2631 3351 2684 nostri
3375 2629 3500 2685 Jcsu

1908 2713 2129 2778 Christi,
2149 2714 2233 2769 cui
2257 2715 2423 2786 gloria
2452 2728 2505 2770 et
2534 2716 2838 2787 imperium,
2863 2718 2915 2772 in
2943 2719 3137 2774 saecula
3162 2720 3498 2776 saeculorum.

1912 2807 2104 2859 Amen.

1345 2998 1695 3060 HOMILIA
1739 2998 1984 3059 XXIX.
2032 3000 2117 3060 al.
2165 3000 2378 3059 XXX.

205 3133 325 3189 CAP.
357 3132 413 3188 9.
439 3148 490 3185 v.
526 3131 577 3185 1.
623 3128 690 3183 Et
720 3126 999 3181 ascendens
1026 3123 1177 3177 Iesus
1207 3123 1259 3175 in
1297 3120 1602 3186 naviculam,
1634 3131 1798 3173 trans-

273 3226 475 3297 fretavit
494 3268 511 3291 ,
544 3233 589 3277 et
614 3222 743 3276 venit
773 3223 826 3273 in
850 3220 1097 3273 civitatem
1128 3233 1291 3269 suam.
1314 3214 1369 3269 9..
1402 3213 1465 3267 Et
1491 3232 1602 3268 ecce
1623 3214 1802 3279 o/fere-

273 3320 394 3373 bant
425 3321 471 3372 ei
488 3316 825 3389 paralyticum
852 3314 903 3367 in
930 3313 1055 3366 lecto
1078 3314 1350 3380 jacentem.
1372 3308 1439 3360 Et
1462 3308 1634 3361 videns
1654 3308 1804 3361 Jesns

276 3412 430 3480 ﬁdem
460 3410 686 3468 illorum,
714 3406 842 3459 dixit
873 3403 1153 3473 paralytico
1176 3417 1195 3455 :
1226 3399 1455 3468 Con/ide,
1484 3400 1559 3467 ﬁli
1582 3440 1596 3463 ,
1628 3399 1799 3451 remit-

276 3512 453 3554 tuntur
482 3500 569 3552 tibi
600 3506 806 3566 peccata
835 3504 939 3547 tua.

279 3638 300 3688 1
366 3632 643 3702 Parnlylici
675 3631 775 3683 duo
799 3629 851 3681 in
885 3625 1193 3694 Evangeliis.
1228 3620 1394 3676 Filius
1421 3620 1662 3689 (aqualem
1702 3619 1805 3673 Pa-

218 3730 275 3779 tri
305 3744 355 3779 se
384 3726 715 3777 demonstrat.
736 3749 810 3760 —
837 3718 1116 3772 Civitatem
1150 3730 1300 3768 suam
1346 3713 1431 3766 hic
1463 3712 1798 3778 Caperumun

215 3818 439 3885 appellat
470 3832 483 3867 :
514 3828 634 3867 nam
675 3827 795 3881 qua:
830 3809 948 3862 tulit
983 3808 1152 3874 ipsum
1185 3803 1493 3858 Bethlehem
1523 3801 1655 3888 fuit;
1686 3818 1805 3871 qtae

210 3908 476 3972 educavit,
496 3904 745 3969 Nazaret;
765 3919 887 3973 qua:
906 3902 999 3958 diu
1020 3903 1412 3957 inhabitantem
1429 3905 1444 3934 ¹
1461 3900 1673 3963 habuit,
1692 3896 1792 3950 Ca-

216 4010 489 4068 pernaum.
526 3992 858 4064 Paralyticus
885 3998 1063 4043 autem
1102 3988 1189 4041 hic
1211 3986 1346 4039 alius
1374 3993 1458 4039 est
1485 3983 1561 4059 ab.
1578 3999 1644 4038 eo
1668 4024 1685 4049 ,
1712 3984 1804 4053 qui

216 4095 543 4142 memoratur
568 4099 597 4138 a
622 4082 851 4138 Joanne.
882 4080 978 4135 Ille
1002 4078 1201 4150 quippe
1238 4077 1289 4131 in
1320 4075 1520 4145 piscina
1546 4073 1757 4144 jacebat
1785 4091 1801 4141 ;

215 4178 299 4233 bie
318 4187 495 4233 autem
524 4176 576 4230 in
604 4175 938 4244 Capernaum
971 4189 986 4225 :
1019 4178 1074 4225 et
1099 4170 1188 4224 ille
1207 4167 1419 4239 quidem
1449 4166 1659 4235 triginta
1686 4176 1806 4222 octo

212 4270 364 4324 annis
393 4267 720 4339 paralyticus
758 4264 892 4329 fuit;
923 4263 991 4317 de
1020 4261 1124 4316 hoc
1165 4273 1295 4314 vero
1333 4256 1460 4311 nihil
1501 4257 1679 4312 simile
1719 4256 1804 4311 di-

211 4371 354 4415 ctum
372 4368 458 4415 est
481 4376 498 4413 :
526 4358 615 4413 ille
632 4356 807 4412 nullos
828 4353 1079 4419 habebat,
1098 4350 1188 4422 qui
1212 4351 1295 4405 sui
1314 4365 1496 4405 curam
1518 4356 1803 4419 gererent;

211 4454 298 4508 hic
332 4461 522 4509 contra
561 4450 746 4506 habuit
780 4448 871 4519 qui
917 4461 977 4502 se
1015 4445 1081 4500 ad
1124 4443 1306 4500 Jesum
1351 4443 1639 4498 deferrent.
1674 4441 1807 4496 Huic

210 4561 371 4616 porro
395 4544 530 4600 dixit
558 4559 574 4600 :
619 4542 759 4607 Fili,
783 4540 1108 4595 remittuntur
1141 4536 1230 4590 tibi
1267 4545 1509 4607 peccata;
1536 4534 1609 4589 illi
1640 4549 1802 4600 vero,

220 4635 309 4691 Vis
334 4652 491 4691 sanus
520 4650 627 4689 esse
651 4632 832 4703 (Joan.
860 4632 912 4687 5.
939 4629 1044 4701 6)?
1068 4628 1223 4683 Illum
1255 4629 1307 4682 in
1329 4626 1552 4682 sabbato
1577 4626 1804 4694 curavit,

210 4725 354 4781 hunc
380 4724 565 4780 nonin
592 4723 853 4788 sabbato;
881 4721 1113 4791 alioquin
1143 4729 1321 4774 autem
1348 4718 1492 4771 illum
1529 4717 1629 4771 hac
1656 4717 1721 4771 de
1748 4733 1807 4773 re

211 4818 380 4873 Judmi
408 4826 753 4873 accusassent
772 4856 788 4882 ,
813 4815 903 4884 qui
932 4813 1017 4867 hic
1044 4819 1243 4875 tacent,
1271 4811 1379 4864 illic
1405 4826 1532 4864 vero
1560 4811 1762 4864 instant
1786 4851 1802 4875 ,

212 4912 497 4980 ipsumque
543 4916 957 4979 persequuntur.
998 4905 1126 4960 llaec
1168 4920 1273 4959 non
1316 4903 1433 4960 sine
1470 4918 1627 4958 causa
1668 4904 1806 4958 dicta

211 5011 337 5057 sunt
364 5016 395 5055 a
423 5016 509 5055 me
531 5016 547 5063 ;
574 4998 670 5055 sed
696 5014 762 5054 ne
783 4998 904 5069 quis
925 5011 1088 5051 unum
1115 4994 1469 5065 eumdemque
1492 5008 1615 5049 esse
1635 4995 1809 5063 suspi-

213 5109 340 5150 cans
365 5093 716 5165 paralyticum
742 5132 758 5156 ,
788 5088 1176 5145 dissonantiam
1206 5087 1292 5143 hic
1317 5100 1438 5142 esse
1467 5094 1696 5156 putaret.
1728 5086 1806 5140 Tu

216 5202 341 5242 vero
369 5183 673 5256 perpendas
693 5198 853 5254 quam
886 5181 1181 5245 modestus,
1211 5193 1370 5249 quam
1399 5189 1709 5249 mansuetus
1739 5181 1807 5233 sit

218 5279 493 5333 Dominus.
529 5275 661 5331 Nam
691 5286 747 5330 et
774 5284 931 5329 antea
959 5273 1143 5328 turbas
1166 5281 1472 5336 amoverat,
1491 5280 1546 5325 et
1573 5285 1603 5325 a
1631 5269 1808 5325 Gada-

219 5371 358 5425 renis
381 5384 566 5439 pulsus
587 5382 693 5422 non
713 5366 942 5429 obstitit,
970 5365 1066 5420 sed
1087 5364 1328 5431 secessit,
1353 5363 1451 5417 etsi
1471 5378 1574 5417 non
1600 5362 1804 5431 procul.

218 5464 553 5534 Rursumque
572 5503 587 5527 ,
614 5476 734 5515 cum
764 5459 1096 5514 ascendisset
1124 5458 1177 5512 in
1210 5456 1505 5511 navrculam
1524 5498 1537 5520 ,
1561 5456 1805 5524 trajecit,

219 5570 336 5609 cum
366 5562 548 5625 posset
574 5550 736 5623 pedes
766 5550 1014 5605 transire.
1041 5547 1226 5618 Neque
1244 5547 1386 5602 enim
1412 5560 1627 5615 semper
1655 5546 1809 5599 mira-

223 5647 340 5702 bilia
382 5655 595 5715 patrare
631 5643 884 5708 volebat,
930 5656 999 5696 ne
1041 5639 1355 5696 (economize
1394 5653 1503 5693 sua:
1545 5638 1807 5691 rationem

227 5739 583 5796 labefactaret.
615 5735 893 5791 Matthmus
920 5734 1080 5805 igitur
1102 5734 1195 5803 ait,
1218 5731 1506 5786 Attulcrunt
1532 5745 1646 5785 eum
1672 5746 1692 5785 :
1719 5731 1808 5786 alii

308 5874 432 5929 ‘Alii
458 5876 826 5939 inhabitantem,
849 5875 959 5927 sine
964 5873 1092 5941 ,diu.

1910 3136 2041 3175 vero
2081 3121 2263 3175 dicunt
2298 3137 2504 3190 mgrum
2546 3138 2638 3192 per
2678 3122 2944 3194 diruptum
2977 3134 3170 3181 tectum
3210 3126 3500 3182 demissum

1910 3212 2073 3267 fuisse
2099 3222 2153 3267 et
2179 3222 2303 3269 ante
2325 3212 2595 3269 Christum
2627 3216 2878 3285 positum,
2912 3214 3044 3271 nihil
3069 3218 3368 3273 dicentibus
3398 3220 3501 3274 ill-s

1911 3304 2001 3369 qui
2042 3304 2372 3371 attulerant,
2404 3305 2498 3360 sed
2536 3315 2703 3361 totum
2746 3308 2845 3377 ipsi
2877 3309 3327 3377 permittentibus.
3372 3310 3500 3363 Nam

1909 3396 2060 3450 initio
2078 3395 2292 3465 quidem
2316 3397 2404 3452 ille
2428 3397 2707 3462 circuibat,
2732 3414 2906 3469 neque
2926 3407 3126 3456 tantam
3153 3401 3221 3455 ab
3244 3401 3504 3456 acceden-

1911 3489 2052 3543 tibus
2078 3489 2380 3558 postulabat
2406 3490 2565 3546 lidem
2594 3510 2607 3545 :
2641 3490 2726 3548 hic
2753 3501 2931 3547 autem
2958 3503 3013 3549 et
3035 3505 3376 3550 accesserunt
3401 3536 3417 3561 ,
3450 3506 3505 3551 et

1909 3578 2042 3634 tides
2071 3580 2138 3633 ab
2159 3580 2288 3650 ipsis
2314 3582 2566 3652 requisita
2591 3594 2705 3649 est;
2732 3599 2852 3637 nam
2886 3582 3184 3649 ait,Videns
3206 3585 3357 3654 [idem
3388 3587 3506 3641 illo-

1909 3687 2046 3738 rum,
2075 3671 2128 3726 id
2153 3680 2269 3738 est,
2298 3689 2483 3728 eorum
2512 3674 2601 3744 qui
2635 3673 2962 3731 demiserant
2990 3678 3364 3748 paralyticum.
3395 3678 3504 3734 Ne-

1908 3779 2015 3833 que
2044 3764 2187 3819 enim
2220 3766 2413 3836 ubique
2439 3777 2760 3837 aegrotorum
2793 3770 3018 3840 requirit
3050 3770 3210 3826 fidem
3237 3814 3254 3842 ,
3290 3784 3347 3827 ut
3381 3790 3502 3829 cum

1909 3854 2216 3923 desipiunt,
2255 3855 2339 3909 vel
2377 3856 2483 3911 alio
2519 3858 2679 3912 modo
2706 3865 2883 3914 mente
2909 3860 3049 3931 capti
3078 3850 3221 3919 sunt.
3254 3862 3352 3918 llic
3377 3881 3506 3919 vero

1909 3945 2094 4013 tegroti
2124 3944 2255 4000 ﬁdes
2275 3955 2392 4001 erat
2417 3963 2604 4017 magna
2627 3966 2641 4013 ;
2665 3949 2904 4018 alioquin
2930 3952 3074 4006 enim
3106 3968 3210 4008 non
3238 3954 3307 4008 ita
3331 3970 3389 4009 se
3415 3956 3508 4010 de-

1914 4038 2053 4091 mitti
2096 4039 2446 4107 permisisset.
2491 4039 2755 4107 Quoniam
2798 4042 2957 4112 igitur
2986 4052 3185 4099 tantam
3216 4046 3508 4104 exhibuere

1910 4126 2092 4194 ﬁdem,
2119 4129 2337 4185 exhibet
2356 4140 2410 4184 et
2437 4132 2550 4201 ipse
2570 4133 2864 4203 potentiam
2890 4149 3063 4202 suam,
3086 4149 3207 4190 eum
3234 4138 3378 4192 omni
3409 4154 3501 4208 ρος

1911 4228 2103 4276 testate
2128 4233 2343 4289 peccata
2367 4224 2599 4290 solvens,
2630 4239 2693 4280 ac
2721 4240 2815 4295 per
2842 4226 3020 4281 omnia
3047 4226 3422 4284 demonstrans
3448 4246 3507 4285 se

1911 4311 2056 4367 Patri
2088 4314 2347 4383 :cqualem
2375 4330 2514 4370 esse.
2546 4316 2644 4371 Hic
2671 4332 2797 4371 vero
2829 4319 3098 4387 perpende
3127 4336 3143 4376 :
3175 4323 3421 4390 superius
3453 4324 3503 4377 id

1911 4403 2223 4459 ostendebat
2254 4406 2342 4461 ille
2367 4448 2380 4471 ,
2419 4421 2542 4461 cum
2579 4407 2808 4463 docebat
2840 4424 2934 4464 cos
2970 4421 3238 4480 tamquam
3273 4422 3498 4481 potesta-

1911 4505 2019 4551 tem
2051 4497 2286 4562 habens;
2318 4514 2414 4569 per
2439 4499 2735 4570 leprosum,
2761 4516 2882 4555 cum
2913 4501 3069 4568 dixit,
3113 4501 3236 4557 Volo
3258 4506 3510 4561 mundare

1913 4587 2127 4658 (Matth.
2162 4589 2215 4644 8.
2250 4588 2359 4659 5);
2394 4606 2489 4660 per
2531 4592 2899 4647 centurionem
2924 4633 2939 4659 ,
2979 4608 3099 4648 Cum
3139 4595 3350 4653 dicente
3381 4598 3506 4666 illo,

1915 4680 2131 4735 Tantum
2159 4683 2239 4736 dic
2267 4683 2434 4749 verba,
2462 4693 2508 4738 et
2533 4685 2795 4739 sanabitur
2824 4704 2948 4756 puer
2978 4706 3116 4743 meus
3148 4686 3305 4753 (Ibid.
3331 4707 3377 4745 υ.
3408 4692 3504 4763 8),

1912 4772 2135 4828 miratus
2161 4780 2262 4835 est,
2286 4774 2564 4844 ipsumque
2589 4775 2708 4847 plus
2737 4793 2896 4846 quam
2927 4794 3115 4834 omnes
3142 4780 3386 4837 laudibus
3412 4801 3499 4839 cx-

1915 4865 2066 4930 tulit;
2109 4880 2203 4934 per
2243 4882 2389 4921 mare
2417 4910 2431 4934 ,
2461 4884 2581 4922 cum
2612 4869 2783 4937 ipsum
2811 4872 2974 4925 verbo
3007 4882 3210 4927 tantum
3237 4877 3460 4930 frenavit
3490 4920 3503 4940 ,

1916 4975 2010 5028 per
2038 4959 2347 5027 dwmonas,
2381 4961 2593 5031 quando
2634 4962 2805 5031 ipsum
2842 4962 3077 5032 judicem
3116 4980 3238 5022 esse
3277 4969 3507 5023 conﬁtc-

1914 5052 2145 5119 bantur,
2183 5063 2238 5109 et
2279 5070 2402 5109 cum
2443 5065 2706 5125 potestate
2752 5073 2958 5129 magna.
2990 5060 3138 5131 ipsos
3181 5062 3360 5132 ejecit.
3408 5064 3507 5121 llic

1914 5158 2125 5197 rursum
2157 5144 2344 5212 majori
2370 5145 2529 5199 modo
2557 5147 2801 5203 inimicos
2827 5164 2955 5206 suos
2977 5150 3332 5221 aequalitatem
3362 5155 3506 5211 illam

1914 5233 2157 5288 conﬁteri
2194 5236 2374 5305 cogit,
2407 5244 2461 5290 et
2490 5253 2587 5306 per
2616 5238 2850 5308 ipsorum
2881 5242 3042 5296 verba
3076 5244 3127 5297 in
3156 5246 3506 5314 conspicuum

1914 5326 2108 5383 reddit.
2150 5328 2266 5397 Ipse
2306 5344 2534 5399 namque
2571 5346 2630 5386 se
2669 5331 2736 5387 ab
2769 5333 3064 5391 ambitione
3099 5336 3332 5392 alienum
3358 5353 3503 5393 com~

1914 5427 2223 5475 monstrans
2256 5419 2399 5489 (nam
2432 5436 2679 5491 magnum
2723 5425 3078 5493 Spectantium
3116 5427 3384 5482 theatrum
3413 5430 3502 5482 ad-

1916 5511 2155 5579 erat,qui
2184 5510 2425 5580 ingressu
2453 5513 2726 5579 arcebant,
2760 5512 2882 5568 ideo
2901 5516 3247 5587 paralytieum
3277 5533 3509 5588 superne

1915 5601 2247 5657 demiserunt
2278 5601 2317 5676 ),
2349 5619 2452 5659 non
2495 5606 2673 5660 statim
2710 5606 2777 5661 ad
2822 5623 3015 5678 corpus
3055 5610 3195 5681 quod
3232 5611 3511 5667 videbatur

1918 5694 2215 5748 curandum
2247 5709 2306 5749 se
2331 5696 2578 5759 contulit,
2612 5696 2704 5751 sed
2732 5698 2801 5753 ab
2832 5697 2937 5753 illis
2962 5702 3244 5759 occasione
3274 5718 3504 5772 Stlmp'a,

1916 5785 2059 5852 quod
2092 5801 2197 5838 non
2230 5786 2519 5853 apparebat
2542 5788 2768 5856 primum
2795 5792 3020 5856 curavit,
3040 5807 3228 5861 nempe
3252 5795 3508 5858 an'mam,

1918 5892 2040 5933 cum
2065 5887 2276 5949 peccata
2302 5878 2501 5934 dimisit
2522 5895 2536 5935 :
2561 5878 2611 5935 id
2640 5881 2780 5950 quod
2809 5883 3104 5954 paralytico
3130 5889 3351 5943 salutem
3378 5903 3519 5945 orae-
