4038 6364
553 349 658 410 559

551 469 732 531 bebat,
763 459 862 531 Ipsi
887 470 1014 512 vero
1042 468 1149 508 non
1172 448 1395 506 multum
1421 445 1603 517 gloria:
1627 439 1766 512 apud
1796 439 1914 494 illos
1938 435 2133 490 attulit.

551 557 630 612 Illi
655 555 797 612 enim
829 567 860 607 a
888 548 1120 619 nequitia
1149 559 1242 599 sua
1283 540 1567 612 exagitati,
1603 551 1724 591 cum
1757 533 1952 587 vellent
1985 543 2138 581 occa—

549 651 733 706 siones
773 637 1122 700 maledicendi
1149 647 1392 704 quaerere
1410 673 1425 698 ,
1453 627 1587 684 illud
1623 624 1775 682 inviti
1801 621 2095 678 effecerunt
2121 659 2139 685 ,

553 751 614 797 ut
639 753 728 796 res
757 735 954 791 clarior
983 730 1254 788 evaderet.
1281 725 1455 795 Saga:
1483 718 1628 777 enim
1653 731 1776 774 cum
1803 722 1969 778 esset,
1998 712 2142 781 ipso-

549 849 671 891 rum
714 829 911 886 invidia
943 834 1026 882 est
1067 838 1195 878 usus
1233 820 1298 874 ad
1329 818 1537 888 signum
1570 809 1972 870 celebrandum.
2001 807 2142 873 Quo-

551 925 697 982 niam
725 922 880 994 igitur
908 917 1260 974 turbabantur
1284 920 1339 966 et
1364 907 1613 964 dicebant
1639 920 1654 961 :
1685 905 1740 960 5.
1775 901 1876 956 Hic
1903 899 2142 969 blasphe-

555 989 840 1083 mat;quis
880 1020 1038 1082 potest
1087 1015 1292 1076 peccata
1329 1001 1578 1055 dimittere
1605 1039 1622 1062 ,
1668 995 1767 1050 nisi
1814 992 1955 1048 solus
2004 989 2142 1043 Deus

557 1109 764 1184 (Marc.
784 1107 843 1162 ‘2.
872 1104 982 1176 7)?
1011 1102 1283 1156 videamus
1311 1092 1454 1166 quod
1490 1092 1606 1163 ipse
1631 1089 1724 1144 ait.
1763 1086 1902 1142 Num
1937 1083 2147 1154 opinio-

552 1177 678 1257 nem
708 1198 855 1253 illam
883 1193 1112 1264 rejecit?
1154 1187 1310 1259 Atqui
1351 1186 1397 1241 si
1437 1199 1542 1238 non
1579 1180 1800 1252 aequalis
1841 1177 1951 1233 Deo
1992 1184 2142 1241 erat,

553 1295 732 1350 dicere
757 1288 937 1345 debuit
961 1303 976 1345 :
996 1283 1130 1354 Quid
1161 1283 1226 1335 de
1251 1293 1336 1334 me
1367 1291 1472 1333 non
1493 1279 1906 1329 consentaneam
1931 1265 2145 1335 opinio-

555 1401 679 1442 nem
708 1380 950 1438 habetis?
977 1374 1162 1432 Procul
1196 1371 1384 1426 absum
1411 1383 1441 1420 a
1471 1374 1616 1420 tanta
1644 1357 2145 1434 potestate.Verum

556 1477 688 1534 nihil
707 1473 884 1530 simile
900 1470 1064 1533 dicit;
1089 1467 1195 1520 imo
1219 1476 1344 1517 vero
1362 1460 1506 1515 illam
1528 1455 1834 1528 opinionem
1857 1451 2144 1508 conﬁrma-

554 1573 704 1626 vitet
730 1566 992 1632 asseruit,
1028 1575 1131 1616 tam
1165 1571 1322 1624 voce,
1347 1569 1508 1626 quam
1537 1550 1814 1608 miraculo.
1843 1547 1977 1616 Quia
2003 1545 2148 1601 enim

554 1664 623 1720 de
648 1663 830 1732 seipso
855 1658 1098 1730 qna'dam
1139 1652 1380 1724 proferre
1415 1645 1751 1703 auditoribus
1780 1643 2149 1713 importunum

552 1773 675 1814 esse
705 1754 1002 1817 videbatur,
1038 1765 1134 1820 per
1154 1747 1287 1802 alios
1311 1743 1398 1797 illa
1429 1755 1548 1812 qua:
1563 1737 1632 1794 ad
1657 1752 1716 1793 se
1737 1743 1987 1805 spectant
2015 1747 2150 1788 con-

554 1850 729 1904 ﬁrmat
751 1865 765 1902 :
785 1843 1032 1916 quodque
1059 1841 1250 1895 mirum
1273 1835 1391 1898 fuit,
1423 1847 1530 1888 non
1560 1845 1656 1900 per
1685 1827 1889 1883 amicos
1921 1835 2147 1894 tantum,

553 1941 649 1999 sed
667 1941 828 1996 etiam
853 1953 946 2007 per
963 1933 1236 1990 inimicos:
1254 1926 1394 1998 quod
1415 1941 1481 1980 ex
1499 1921 1772 1993 sapientia:
1786 1921 1902 1990 ejus
1919 1916 2152 1972 culmine

552 2033 816 2107 procedit.
843 2031 942 2085 Per
961 2027 1162 2082 amicos
1183 2021 1420 2094 quidem,
1441 2032 1562 2073 cum
1583 2011 1899 2080 dixit,Volo,
1930 2008 2153 2063 munda-

553 2100 628 2193 re,
650 2129 884 2194 itemque
907 2136 1029 2176 cum
1055 2119 1164 2185 ait,
1187 2114 1310 2170 Non
1338 2111 1505 2168 inueni
1533 2117 1724 2164 tantam
1747 2105 1898 2176 ﬁdem
1917 2103 1969 2158 in
1989 2100 2154 2156 Israel

555 2219 769 2291 (.llattlt.
784 2217 839 2271 8.
853 2213 944 2284 10)
963 2230 980 2269 :
997 2228 1094 2282 per
1116 2208 1360 2264 inimicos
1371 2212 1548 2260 autem
1565 2215 1736 2266 nunc;
1759 2213 1882 2254 cum
1894 2195 2156 2252 dixissent

555 2285 722 2375 enim,
750 2307 915 2362 Nemo
925 2313 1091 2375 potest
1111 2301 1359 2354 dimittere
1377 2303 1602 2368 peccata,
1626 2291 1722 2348 nisi
1739 2289 1878 2344 solus
1899 2286 2052 2348 Deus,
2073 2285 2154 2340 in-

557 2396 678 2450 tulit
693 2368 808 2464 ipse
824 2409 838 2446 :
853 2390 908 2447 6.
926 2368 994 2445 t
1006 2397 1173 2442 autem
1190 2382 1383 2447 sciatis,
1394 2379 1512 2451 quia
1524 2384 1816 2449 potestatem
1829 2371 1972 2426 habet
1990 2368 2154 2424 Filius

555 2463 772 2542 hominis
797 2483 1044 2538 dimittere
1071 2485 1271 2550 peccata
1286 2488 1439 2544 super
1458 2479 1644 2525 terram
1662 2509 1678 2534 ,
1709 2475 1826 2520 tunc
1850 2463 1978 2517 dixit
2003 2476 2154 2531 para-

557 2583 746 2653 lytico:
768 2579 996 2650 Surgens
1015 2575 1136 2630 tolle
1158 2569 1452 2644 grabbatum
1470 2572 1632 2628 tuum,
1661 2569 1710 2616 et
1731 2559 1856 2613 vade
1872 2559 1924 2611 in
1949 2555 2154 2609 domum

557 2643 719 2728 tironi.
733 2643 916 2742 Neque
931 2669 1104 2725 solum
1118 2643 1224 2728 hic,
1244 2661 1339 2719 sed
1354 2659 1512 2716 etiam
1529 2653 1655 2711 alibi
1667 2667 1786 2709 cum
1799 2650 2037 2705 dicereut
2054 2643 2152 2700 illi:

556 2768 636 2823 De
663 2769 792 2822 bono
817 2780 968 2837 opere
989 2779 1091 2817 non
1118 2759 1406 2827 lapidamus
1435 2763 1480 2807 te
1497 2793 1514 2820 ,
1546 2749 1634 2805 sed
1654 2750 1716 2803 de
1742 2741 2052 2816 blasphemia
2071 2780 2087 2806 ,
2105 2746 2155 2793 et

556 2861 675 2930 quia
698 2834 859 2913 homo
870 2871 985 2910 cum
1006 2860 1093 2920 sis,
1119 2852 1245 2924 facis
1273 2849 1485 2920 teipsum
1503 2843 1670 2898 Deum
1697 2839 1876 2913 (Joan.
1908 2835 1996 2891 10.
2022 2834 2152 2901 '55):

557 2968 732 3026 neque
758 2960 882 3006 tunc
912 2948 1050 3003 hanc
1074 2945 1378 3015 Opimouem
1403 2935 1716 2996 confutavit.
1740 2930 1836 2988 sed
1857 2929 1999 2984 illam
2022 2941 2156 2980 con-

558 3014 790 3099 ﬁrmavit
813 3041 1027 3096 dicens:
1049 3014 1236 3090 Sinon
1265 3031 1398 3102 facio
1427 3039 1582 3097 opera
1611 3023 1783 3100 Patris
1811 3019 1930 3085 mei,
1946 3034 2008 3072 ne
2031 3014 2156 3070 mihi

555 3135 798 3198 credatis;
819 3133 863 3187 si
885 3140 1047 3183 autem
1074 3127 1225 3194 lucio.
1251 3121 1444 3176 etiamsi
1467 3119 1585 3171 mihi
1611 3131 1710 3169 non
1731 3110 1955 3178 creditis,
1977 3107 2156 3163 saltem

557 3229 794 3298 aperibus
819 3223 1004 3279 cret/ite
1026 3220 1185 3293 (Ibid.
1217 3219 1306 3273 57.
1333 3216 1448 3284 53).

630 3323 687 3376 2.
720 3318 888 3376 Unius
926 3316 1021 3370 Dei
1064 3323 1134 3368 est
1162 3318 1351 3365 secreta
1375 3306 1542 3362 cordis
1568 3317 1712 3357 nosse
1751 3307 1798 3355 et
1827 3296 2157 3353 reuelare.—

559 3416 657 3471 llic
686 3429 846 3483 ptth
873 3403 1167 3464 divinitatis
1199 3416 1313 3457 suae
1352 3396 1497 3453 aliud
1525 3395 1732 3466 signum
1779 3407 1884 3445 non
1934 3401 2154 3457 parvum

560 3480 796 3569 exhibet,
825 3516 1031 3558 necnon
1058 3512 1171 3553 sua:
1199 3509 1320 3550 cum
1351 3492 1511 3549 Patre
1539 3483 1874 3558 mqualitatis.
1899 3480 1977 3536 llli
2005 3493 2158 3534 nam-

560 3615 665 3670 que
699 3595 968 3660 dicebant,
1017 3596 1238 3662 peccata
1267 3584 1538 3639 dimittere
1562 3580 1720 3634 unius
1748 3576 1840 3632 Dei
1871 3587 1990 3629 esse
2023 3588 2037 3626 :
2071 3570 2157 3625 hic

560 3661 688 3746 vero
708 3703 814 3744 non
843 3684 1000 3740 modo
1021 3661 1236 3752 peccata
1261 3675 1498 3741 dimittit,
1520 3670 1613 3728 sed
1640 3677 1796 3724 antea
1837 3663 1977 3720 aliud
1999 3661 2156 3734 quid-

563 3783 702 3853 piam
725 3778 960 3842 exhibet,
987 3773 1128 3845 quod
1145 3770 1299 3826 unius
1325 3767 1418 3823 Dei
1436 3775 1537 3830 est,
1556 3760 1702 3834 quod
1727 3773 1920 3830 nempe
1949 3764 2155 3812 secreta

559 3851 739 3928 cordis
767 3870 986 3927 revelct.
1017 3866 1200 3936 Neque
1223 3863 1365 3917 enim
1392 3859 1443 3914 id
1468 3856 1608 3929 quod
1627 3853 1932 3926 cogitabant
1961 3851 2014 3906 in
2045 3863 2157 3904 me-

561 3968 709 4021 dium
756 3961 1110 4033 protulerunt.
1134 3958 1188 4012 '5.
1217 3953 1352 4009 Ecce
1377 3996 1391 4019 ,
1423 3950 1594 4022 inquit
1617 3990 1634 4017 ,
1660 3946 1868 4018 quidam
1891 3945 1956 3999 de
1981 3943 2156 3999 scribis

563 4032 798 4110 dixerunt
828 4053 962 4106 intra
986 4063 1080 4104 se:
1113 4045 1208 4100 Hic
1238 4043 1576 4114 blasphemat.
1606 4040 1658 4094 4.
1701 4037 1766 4092 Ει
1805 4037 1966 4090 sciens
2002 4032 2156 4086 Jesus

562 4146 889 4217 cogitationes
935 4156 1129 4205 eorum,
1162 4138 1289 4192 dixit
1323 4134 1510 4206 :Quid
1538 4147 1624 4186 vos
1650 4129 1880 4200 cogitatis
1920 4125 2058 4179 mala
2101 4125 2158 4178 in

565 4238 798 4294 cordibus
829 4232 1040 4288 vestris?
1070 4228 1223 4298 Quod
1260 4235 1436 4281 autem
1486 4223 1642 4278 unius
1690 4221 1782 4276 Dei
1831 4219 1900 4272 sit
1949 4224 2154 4272 secreta

567 4345 748 4391 nosse,
783 4326 905 4382 audi
939 4323 1252 4395 prophetam
1284 4318 1547 4372 dicentem
1577 4331 1591 4368 :
1625 4311 1702 4367 Tu
1729 4311 1862 4366 nosti
1890 4308 2048 4364 corda
2075 4323 2160 4361 so-

567 4427 646 4478 lus
674 4420 766 4492 (2.
800 4416 979 4472 Paral.
1012 4416 1062 4470 6.
1096 4413 1234 4481 '50);
1281 4418 1334 4465 et
1361 4422 1568 4464 rursum
1592 4446 1611 4474 ,
1655 4403 1902 4460 Serutans
1931 4399 2087 4455 cardo
2109 4409 2158 4453 et

565 4533 709 4571 renes
738 4514 875 4568 Deus
905 4509 1084 4580 (l’sal.
1106 4507 1157 4560 7.
1189 4503 1314 4576 l0).
1342 4501 1601 4558 Jeremias
1622 4511 1750 4553 vero
1778 4497 1853 4550 ait
1882 4513 1896 4550 :
1924 4493 2158 4567 Profun-

568 4612 692 4665 dum
733 4625 820 4662 cor
844 4615 917 4661 est
944 4619 1050 4674 pra:
1076 4601 1326 4661 omnibus,
1357 4605 1404 4651 et
1443 4595 1591 4648 homo
1613 4601 1708 4658 est,
1758 4598 1806 4645 et
1833 4589 1946 4659 quis
1991 4593 2161 4642 noscet

567 4719 682 4757 eum
705 4697 852 4771 (Jer.
881 4697 971 4751 17.
999 4693 1100 4763 9)?
1123 4701 1198 4759 et,
1229 4689 1394 4743 Homo
1418 4687 1550 4742 videt
1574 4685 1628 4738 in
1649 4683 1798 4755 facie,
1828 4679 1966 4734 Deus
1992 4686 2161 4731 autem

567 4798 619 4848 in
648 4768 800 4848 corde
827 4788 918 4859 (1.
940 4787 1068 4857 Reg.
1088 4782 1174 4840 16.
1194 4783 1281 4854 7).
1311 4779 1369 4836 ln
1397 4777 1577 4833 multis
1592 4789 1802 4847 quoque
1829 4771 1952 4827 aliis
1981 4768 2162 4825 videre

569 4895 676 4951 est,
701 4884 867 4938 Deum
897 4894 1062 4934 unum
1089 4890 1209 4931 esse
1233 4873 1326 4945 qui
1353 4878 1561 4928 mentes
1588 4866 1813 4924 noverit.
1859 4862 2163 4921 Ostendens

571 4978 754 5047 itaque
781 4989 841 5028 se
863 4973 1026 5027 Deum
1052 4983 1192 5035 esse,
1234 4964 1493 5037 aequalem
1531 4961 1700 5028 Patri,
1730 4974 1848 5029 qua:
1891 4957 1990 5027 ipsi
2023 4957 2074 5010 in
2105 4971 2164 5010 se

568 5068 892 5140 cogitabant.
911 5079 974 5119 ac
1001 5063 1190 5117 timore
1219 5053 1571 5113 multitudinis
1593 5053 1644 5106 in
1670 5051 1902 5106 medium
1925 5047 2164 5118 proferre

571 5138 676 5215 non
707 5157 995 5220 audebant,
1025 5154 1140 5222 ipse
1178 5147 1439 5206 revelavit
1487 5155 1542 5201 et
1587 5143 1865 5198 manifesta
1895 5138 2161 5206 reddidit,

569 5266 817 5321 magnam
855 5247 946 5302 hic
971 5259 1180 5316 quoque
1207 5241 1368 5297 animi
1401 5240 1670 5294 lenitatem
1697 5233 2004 5289 ostendens.
2031 5231 2162 5286 Nam

575 5345 653 5399 ait
678 5361 694 5399 :
726 5341 862 5410 Quid
890 5339 1119 5412 cogitatis
1163 5336 1301 5390 mala
1339 5334 1392 5387 in
1433 5331 1665 5386 cordibus
1690 5327 1904 5383 vestris?
1931 5325 2090 5382 Certe
2119 5325 2164 5379 si

571 5433 838 5507 indignari
862 5429 1164 5504 quempiam
1195 5425 1494 5499 oportebat,
1523 5437 1721 5492 mgrum
1742 5419 1893 5491 quasi
1921 5417 2165 5472 delusum

572 5544 671 5598 par
699 5526 797 5582 fuit
824 5524 1039 5594 indigne
1067 5521 1224 5583 ferre,
1256 5533 1318 5572 ao
1342 5515 1521 5571 dicere
1549 5531 1563 5568 :
1594 5512 1677 5567 Ad
1701 5510 1842 5566 aliud
1869 5507 2164 5564 sanandum

577 5619 793 5681 venisti,
819 5616 962 5672 aliud
985 5625 1038 5668 tu
1063 5610 1262 5668 curas?
1285 5609 1550 5664 undenam
1579 5605 1710 5660 mihi
1740 5603 1996 5674 liquidum
2039 5603 2164 5668 erit,

580 5711 798 5764 ditiiissa
818 5705 948 5761 mihi
970 5719 1090 5760 esse
1105 5700 1360 5773 peccata?
1389 5698 1540 5754 Nunc
1557 5706 1735 5752 autem
1765 5695 1862 5750 ille
1883 5692 2013 5749 nihil
2038 5692 2168 5748 dicit

581 5798 910 5871 hujusmodi,
929 5797 1020 5853 sed
1041 5797 1093 5852 in
1109 5794 1345 5852 curantis
1363 5799 1680 5865 potestatem
1708 5804 1767 5846 se
1785 5787 1945 5844 tradit
1963 5805 1978 5856 ;
1997 5786 2049 5842 hi
2067 5803 2164 5842 au-

1335 330 1392 390 S.
1435 325 1712 387 JOANNIS
1746 316 2227 382 CHRYSOSTOMI
2270 318 2583 377 ARClllEP.
2623 322 3160 385 CONSTANTINOP.

3725 342 3820 400 36o

2250 443 2354 490 tcm
2381 438 2616 506 perversi
2647 450 2697 494 et
2725 441 2922 510 invidi,
2946 444 3173 500 aliorum
3205 445 3474 503 beneﬁciis
3499 449 3818 514 insidiantur.

2246 527 2370 585 Ideo
2397 531 2541 602 ipsos
2561 547 2681 588 cum
2708 535 2855 592 omni
2894 545 3070 594 tamen
3101 538 3319 596 lenitate
3359 545 3594 613 corripit.
3623 547 3747 604 Nam
3777 555 3816 607 si

2246 637 2353 678 non
2391 625 2610 681 creditis
2633 667 2648 692 ,
2689 627 2898 700 inquit,
2929 630 3074 687 dicto
3111 634 3317 703 primo,
3345 634 3750 714 jactantiamqne
3771 647 3818 700 id

2246 731 2367 772 esse
2395 719 2612 788 putatis,
2635 735 2761 776 ecce
2785 722 2895 792 jam
2919 723 3061 780 aliud
3092 726 3216 783 huic
3243 730 3476 802 adjungo
3504 733 3542 796 ',
3579 737 3714 805 quod
3740 754 3818 793 se-

2246 815 2389 862 creta
2421 820 2595 864 vestra
2633 813 2900 881 rct'elem;
2935 815 3003 871 ad
3031 817 3144 874 haec
3171 820 3387 876 tertium
3413 823 3623 894 adjicio.
3651 828 3819 895 Quod-

2249 914 2368 954 nam
2401 901 2567 958 illud?
2587 902 2738 971 Quod
2764 908 3035 980 paralytici
3057 925 3252 983 corpus
3270 913 3479 970 firmum
3500 918 3732 974 reddam.
3753 925 3822 978 Ae

2248 991 2462 1060 quando
2492 995 2838 1068 paralyticum
2865 998 3255 1070 alloquebatur,
3287 1019 3392 1060 non
3430 1007 3572 1063 clare
3602 1020 3820 1080 potesta-

2252 1090 2357 1134 tein
2407 1097 2558 1139 suam
2587 1086 2666 1140 sic
2692 1087 3001 1152 declaravit,
3033 1107 3134 1148 nec
3153 1093 3325 1160 dixit,
3350 1095 3568 1154 Dimitto
3592 1101 3683 1156 tibi
3715 1119 3801 1173 pec

2249 1182 2396 1239 cata;
2420 1175 2536 1240 sed,
2569 1175 2906 1235 Dimittuntur
2929 1183 3018 1238 tibi
3046 1196 3267 1255 peccata.
3295 1188 3409 1244 Illis
3434 1201 3608 1247 autem
3641 1209 3825 1266 cogen-

2252 1265 2412 1332 tibus,
2442 1267 2638 1324 clarius
2666 1284 2820 1326 suam
2845 1277 3089 1332 enuntiat
3128 1289 3467 1347 potestatem,
3518 1265 3734 1341 dicens:
3765 1287 3828 1343 Ut

2249 1356 2439 1421 sciatis,
2473 1360 2593 1428 quia
2613 1371 2907 1432 potestatem
2952 1367 3100 1423 habet
3139 1369 3308 1427 Filius
3351 1373 3568 1429 hominis
3617 1377 3667 1430 in
3705 1391 3829 1432 terra

2251 1449 2536 1504 dimittendi
2589 1455 3061 1523 peccata..Viden’
3087 1471 3344 1531 quantum
3391 1465 3564 1529 abest,
3615 1479 3668 1522 ut
3710 1473 3830 1526 nolit

2251 1541 2470 1643 aequa-lis
2496 1542 2901 1643 Patri-reputari
2922 1549 2946 1604 ?
2967 1549 3084 1606 Non
3113 1553 3256 1608 enim
3283 1554 3416 1610 dixit
3440 1574 3452 1610 :
3483 1557 3646 1614 Filius
3666 1559 3827 1616 homi-

2252 1633 2334 1688 nis
2358 1633 2464 1688 alio
2489 1649 2624 1705 opus
2649 1635 2848 1706 habet;
2879 1655 3052 1712 neque
3077 1642 3246 1710 dicit,
3295 1646 3450 1703 Dedit
3496 1649 3570 1704 illi
3613 1663 3830 1721 potest-i-

2251 1731 2359 1779 tem
2378 1740 2395 1784 :
2422 1726 2540 1792 sed,
2558 1725 2868 1785 Potestatem
2887 1731 3054 1788 habet.
3072 1733 3256 1806 Neque
3277 1738 3404 1793 illud
3431 1754 3499 1796 ex
3521 1739 3657 1796 fastu
3675 1743 3793 1798 dicit
3815 1765 3828 1800 :

2251 1814 2356 1873 Sed
2375 1817 2594 1876 utvobis
2614 1824 2984 1906 persuadeam,
3005 1826 3194 1898 inquit,
3216 1845 3303 1886 me
3325 1847 3428 1887 non
3449 1832 3828 1906 blasphemarc,

2263 1931 2388 1971 cum
2418 1932 2507 1972 me
2534 1917 2672 1974 facio
2701 1920 2965 1990 aequalem
2993 1919 3165 1976 Deo'.
3190 1920 3400 1993 Ubique
3428 1925 3575 1979 enim
3610 1928 3720 1982 vult
3742 1929 3829 1983 de-

2265 2008 2687 2066 monstrationes
2702 2010 2941 2080 praebere
2957 2011 3133 2068 claras
3148 2014 3530 2085 lirmasque,ut
3546 2032 3668 2072 cum
3682 2019 3827 2074 dicit:

2277 2095 2436 2163 Vade,
2461 2098 2666 2154 ostende
2684 2110 2732 2155 te
2753 2100 3015 2156 sacerdoti
3038 2101 3258 2175 (Matth.
3293 2104 3348 2160 8.
3381 2105 3488 2176 4):
3521 2121 3831 2175 socrumque

2264 2189 2408 2245 Petri
2443 2191 2664 2248 exhibet
2707 2192 3128 2263 ministrantem,
3157 2212 3224 2254 ac
3261 2213 3460 2269 porcos
3519 2203 3828 2272 praecipitari

2265 2282 2597 2386 permittit’.
2635 2282 2729 2342 Sic
2781 2294 2838 2342 et
2878 2301 3058 2354 nunc,
3106 2289 3450 2347 remissionis
3491 2305 3828 2362 peccatorum

2255 2377 2466 2444 signum
2478 2377 2665 2432 statuit
2677 2380 2920 2450 corporis
2937 2381 3298 2440 valetudinem
3316 2401 3332 2450 ;
3356 2385 3676 2442 valetudinis
3694 2401 3828 2452 vero,

2255 2465 2399 2535 quod
2427 2467 2742 2538 grabbatum
2774 2472 2943 2538 tollat,
2972 2489 3042 2530 ne
3066 2459 3346 2546 putaretur
3371 2477 3422 2532 id
3467 2477 3612 2548 quod
3641 2489 3830 2549 gestum

2255 2563 2374 2660 erat
2403 2556 2712 2660 phantasma
2756 2575 2896 2618 esse.
2923 2563 3110 2634 Neque
3147 2566 3293 2637 prius
3344 2565 3476 2623 illud
3523 2567 3666 2634 fecit,
3690 2585 3832 2640 quam

2256 2651 2402 2720 ipsos
2428 2651 2830 2724 interrogasset.
2853 2656 2907 2712 5.
2926 2656 3062 2724 Quid
3086 2669 3181 2725 est,
3208 2659 3397 2731 inquit,
3420 2661 3629 2730 facilius
3649 2662 3830 2715 dicere:

2258 2741 2596 2800 Dimittuntur
2636 2748 2728 2802 tibi
2765 2759 3003 2818 peccata,
3032 2767 3102 2806 an
3138 2753 3345 2822 dicere,
3373 2753 3522 2810 Tolle
3557 2755 3834 2827 grabbatum

2259 2845 2422 2905 tuum,
2450 2847 2498 2892 et
2522 2840 2650 2895 uade
2676 2842 2730 2896 in
2752 2842 2959 2898 domum
2986 2847 3163 2900 tuam?
3182 2847 3336 2915 Quod
3361 2857 3546 2904 autem
3573 2850 3714 2913 dicit,
3744 2849 3832 2903 hn-

2252 2928 2484 2998 jusmodi
2513 2941 2598 2987 est
2624 2949 2640 2986 :
2670 2933 2808 3002 Quid
2841 2935 2988 2990 vobis
3010 2936 3220 2992 videtur
3247 2938 3452 2994 facilius
3477 2954 3625 3006 esse,
3659 2954 3835 3010 corpus

2257 3020 2575 3077 dissolutum
2597 3022 2830 3091 firmare,
2854 3035 2945 3082 aut
2960 3027 3152 3084 anima:
3173 3039 3385 3100 peccata
3406 3029 3707 3086 dimittere?
3721 3031 3836 3086 Cor-

2257 3126 2360 3182 pus
2385 3111 2598 3170 lirmare
2618 3125 2782 3172 certe.
2809 3117 3018 3186 Quanto
3038 3121 3180 3176 enim
3206 3122 3381 3176 anima
3403 3124 3741 3192 prtestantior
3763 3132 3836 3178 est

2258 3219 2516 3276 corpore,
2550 3215 2696 3264 tanto
2725 3222 2938 3280 peccata
2965 3211 3239 3268 dimittere
3280 3215 3450 3285 majus
3487 3226 3576 3272 est
3614 3219 3835 3288 corporis

2257 3299 2534 3355 curatione
2567 3301 2700 3356 :sed
2741 3301 2862 3373 quia
2908 3303 3036 3358 illud
3074 3305 3362 3372 occultum,
3394 3306 3501 3362 hoc
3541 3323 3666 3362 vero
3685 3309 3836 3362 mani-

2258 3389 2452 3446 festum
2475 3401 2578 3461 est,
2604 3393 2798 3464 adjicio
2823 3396 2875 3451 id
2897 3397 3037 3465 quod
3065 3399 3244 3455 minus
3271 3408 3373 3463 est,
3391 3401 3488 3456 sed
3520 3402 3766 3472 apertius.
3787 3411 3837 3455 ut

2259 3481 2314 3538 id
2352 3483 2492 3554 quod
2523 3484 2695 3556 majus
2733 3487 3108 3558 occultumque
3135 3499 3218 3545 est
3240 3530 3256 3556 ,
3285 3505 3380 3561 per
3404 3489 3511 3547 hoc
3536 3491 3727 3546 factum
3751 3491 3835 3546 de-

2257 3584 2604 3643 monstretur,
2629 3576 2738 3648 jam
2766 3579 2912 3650 prius
2931 3581 3183 3651 operibus
3200 3582 3444 3637 revelans
3464 3584 3521 3638 id
3537 3585 3674 3655 quod
3694 3585 3838 3640 Joan-

2260 3683 2358 3723 nes
2399 3668 2628 3739 dixerat,
2659 3671 2759 3737 Qui
2805 3672 2937 3727 tollit
2957 3683 3162 3743 peccata
3186 3675 3364 3729 mundi
3394 3673 3602 3747 (Joan.
3645 3679 3694 3732 1.
3718 3675 3783 3730 29
3803 3687 3835 3742 ).

2331 3761 2385 3817 3.
2401 3763 2532 3818 Cum
2556 3762 2733 3832 itaque
2749 3762 2901 3833 jussu
2923 3764 3088 3834 ipsius
3103 3767 3442 3830 surrexisset,
3457 3767 3677 3822 domum
3705 3768 3837 3822 illum

2260 3856 2507 3910 remisit:
2535 3855 2622 3911 hic
2663 3871 2874 3911 rursum
2917 3858 3240 3924 ostendens,
3287 3875 3502 3929 quanta
3543 3860 3681 3916 fastu
3706 3872 3836 3914 esset

2259 3948 2487 4016 alienus,
2507 3965 2730 4021 remque
2751 3950 2893 4004 illam
2917 3951 3230 4021 phantasma
3253 3968 3358 4008 non
3373 3952 3580 4011 fuisse:
3603 3955 3696 4010 hos
3711 3955 3837 4009 enim

2261 4052 2316 4098 et
2337 4044 2505 4100 morbi
2531 4053 2586 4100 et
2605 4045 2848 4100 sanitatis
2871 4055 3035 4101 testes
3057 4047 3292 4103 adhibet.
3312 4047 3430 4118 Ego
3441 4049 3658 4120 quidem
3677 4058 3838 4118 optas-

2260 4147 2396 4198 sem,
2430 4136 2618 4205 inquit,
2650 4151 2747 4206 per
2776 4136 3020 4192 morbum
3061 4148 3206 4193 tuum
3234 4154 3348 4204 eos,
3377 4141 3469 4210 qui
3497 4141 3614 4195 sani
3643 4138 3837 4211 quidem

2261 4228 2529 4296 videntur,
2559 4231 2653 4286 sed
2691 4231 2868 4285 anima
2909 4241 3192 4302 trgi-ctam,
3223 4247 3417 4289 sanare
3446 4237 3612 4304 :quia
3647 4249 3768 4289 vero
3794 4233 3836 4286 id

2261 4320 2470 4383 nolunt,
2486 4319 2624 4376 Vade
2647 4321 2700 4375 in
2724 4322 2951 4388 domum,
2978 4333 3034 4378 ut
3075 4338 3169 4379 eos
3198 4325 3287 4394 qui
3327 4325 3398 4381 ibi
3428 4337 3556 4381 sunt
3581 4324 3837 4382 emendes.

2263 4414 2429 4471 Vides
2455 4416 2725 4487 quomodo
2753 4417 3002 4472 ostendat
3023 4431 3084 4472 se
3103 4425 3158 4472 et
3174 4419 3368 4472 anima:
3391 4429 3448 4473 et
3476 4419 3716 4490 corporis
3736 4431 3840 4471 esse

2263 4517 2560 4564 creatorem
2577 4511 2599 4562 Ἰ
2615 4507 2900 4579 Utriusque
2909 4509 3052 4563 enim
3075 4509 3385 4565 substantia:
3399 4511 3666 4583 paralysin
3685 4516 3836 4566 sanat.

2264 4609 2320 4658 et
2347 4601 2490 4672 quod
2529 4601 2794 4656 occultum
2822 4612 2958 4668 erat,
2989 4617 3056 4657 ex
3083 4617 3152 4658 eo
3193 4602 3335 4673 quod
3368 4603 3708 4659 manifestum
3746 4612 3836 4664 est,

2266 4702 2450 4748 notum
2476 4694 2617 4749 facit.
2645 4695 2892 4749 Attamen
2913 4695 2987 4750 illi
3017 4695 3192 4751 adhuc
3231 4695 3378 4750 humi
3407 4681 3666 4766 repehant
3692 4717 3706 4753 :
3733 4711 3836 4750 nam

2264 4787 2321 4842 8.
2355 4787 2778 4852 Gloriﬁcauerunt
2825 4786 3013 4852 Deum,
3052 4787 3244 4858 inquit,
3287 4789 3376 4858 qui
3402 4789 3544 4843 dedit
3566 4799 3837 4860 potestatem

2267 4878 2419 4932 talem
2452 4879 2770 4943 hominibus;
2796 4879 2922 4949 ipsis
2947 4878 3089 4934 enim
3130 4893 3257 4934 caro
3277 4879 3584 4935 resistebat.
3615 4879 3706 4934 llle
3730 4892 3840 4931 vero

2269 4985 2374 5024 non
2403 4971 2693 5041 increpavit
2707 4985 2821 5037 eos,
2851 4969 2946 5024 sed
2974 4969 3194 5039 prodest
3218 4979 3393 5024 tamen
3432 4970 3558 5031 illis,
3582 4985 3676 5040 per
3696 4984 3838 5037 opera

2267 5064 2526 5129 excitans,
2553 5079 2845 5133 eorumque
2867 5063 3100 5117 animum
3130 5062 3182 5116 in
3206 5062 3436 5117 sublime
3459 5064 3689 5132 erigens.
3718 5061 3835 5114 lute-

2270 5157 2372 5212 rim
2401 5171 2530 5211 vero
2556 5173 2659 5210 non
2691 5171 2912 5226 parvum
2941 5164 3077 5221 erat,
3121 5155 3261 5226 quod
3309 5155 3552 5209 omnium
3591 5154 3838 5207 hominum

2271 5251 2535 5305 maximus
2562 5249 2868 5315 haberetur,
2891 5248 3140 5320 quodque
3159 5263 3188 5302 a
3217 5248 3328 5303 Deo
3353 5247 3538 5301 venire
3565 5253 3840 5316 putaretur.

2269 5344 2401 5400 Nam
2425 5345 2466 5397 si
2495 5345 2606 5397 Inre
2628 5344 2852 5397 lirmiter
2880 5353 3059 5397 mente
3111 5343 3434 5399 tenuissent.
3461 5341 3673 5410 paulum
3699 5334 3840 5407 proli-

2270 5438 2472 5490 cientes
2510 5437 2848 5505 agnovissent
2887 5435 3058 5504 ipsum
3080 5447 3199 5487 esse
3227 5431 3318 5488 Dei
3349 5430 3562 5487 Filium.
3618 5427 3716 5484 Sed
3745 5425 3841 5478 lure

2273 5547 2378 5584 non
2423 5530 2644 5584 lirniiter
2691 5529 3042 5591 retinuerunt,
3076 5526 3305 5597 ideoque
3352 5524 3607 5580 accedere
3633 5537 3732 5578 non
3757 5534 3837 5590 po-

2339 5673 2355 5703 ι
2393 5669 2486 5718 Alii
2509 5669 2710 5721 habent.
2733 5667 2870 5718 aliud
2892 5665 3083 5727 signum
3106 5662 3219 5714 huic
3236 5661 3465 5727 adjnngo.

2337 5735 2358 5803 ξ
2515 5732 2702 5792 legunt,
2743 5733 2896 5798 Patri,
2920 5747 3026 5803 pro,
3055 5731 3172 5782 Deo.

2339 5797 2360 5828 ⁸
2392 5797 2506 5855 Alii,
2530 5805 2833 5857 pra'rrpttart
2863 5799 3005 5848 lubet.
