4058 6356
461 356 568 416 5H

461 491 682 552 τούτους
723 487 955 539 ποιεῖται
993 481 1084 535 καὶ
1121 481 1223 550 τῆς
1261 481 1492 548 ὑγιείας.
1528 480 1672 548 Ἐγὼ
1708 480 1806 550 μὲν
1840 482 1949 552 γάρ
1983 481 2138 533 ἐϐου-

457 575 655 647 λόμην,
691 569 846 640 φησὶ,
890 565 979 620 διὰ
1010 564 1103 618 τοῦ
1154 563 1250 617 σοῦ
1287 563 1504 647 ,πάθους
1542 565 1636 616 καὶ
1674 563 1802 626 τοὺς
1847 563 2138 628 δοκοῦντας

462 645 746 724 ὑγιαίνειν,
769 649 1054 711 νοσοῦντας
1078 647 1134 700 δέ
1157 647 1259 717 τὴν
1279 646 1535 710 διάνοιαν,
1560 645 1896 717 θεραπεῦσαι
1912 661 1925 675 ⁶
1951 647 2138 718 ἐπειδὴ

460 741 517 793 δὲ
545 740 606 791 οὑ
641 736 940 808 βούλονται,
969 732 1125 787 ἄπιθι
1159 730 1362 790 οῐκαδε,
1391 731 1516 792 τοὺς
1550 731 1667 782 ἐκεῖ
1688 729 2135 800 διορθωσόμενος.

475 823 634 891 Ὁρᾷς
677 819 794 880 πῶς
837 816 1076 870 δείκνυσι
1116 813 1211 865 καὶ
1239 811 1433 891 ψυχῆς,
1461 810 1556 863 καὶ
1591 810 1860 880 σωμάτων
1891 812 1937 843 ’³
1977 809 2139 862 αὑτὸν

459 889 589 956 ὄντα
627 899 995 971 δημιουργόν;
1037 895 1336 966 Ἐκατέρας
1375 889 1468 946 οὖν
1509 894 1554 924 ⁸³
1588 894 1776 956 οὑσίας
1815 893 1914 964 τὴν
1959 893 2139 962 παρά-

459 986 615 1040 λυσιν
653 987 818 1048 ἰᾶται,
851 981 1027 1036 καὶτὸ
1053 979 1256 1048 ἀφανὲς
1287 980 1352 1030 ἐκ
1377 976 1470 1029 τοῦ
1501 976 1737 1046 φανεροῦ
1768 976 1924 1046 δῆλον
1959 979 2136 1029 ποιεῖ·

459 1070 733 1138 ἁλλ’ὃμως
750 1066 829 1120 ἐτι
850 1065 1025 1135 χαμαὶ
1041 1062 1102 1116 σύ
1113 1079 1311 1132 ρονται.
1332 1061 1584 1125 Ἰδόντες
1601 1059 1705 1131 γάρ
1723 1061 1774 1113 ol
1794 1059 1961 1127 ὄχλοι
1976 1059 2141 1113 ἐθαύ-

455 1167 681 1222 μασαν,
728 1149 826 1202 καί
865 1147 1169 1210 ἐδόξασαν
1201 1145 1247 1176 ’⁵
1284 1143 1390 1196 τὸν
1429 1143 1596 1206 Θεὸν,
1623 1142 1806 1211 φησὶν,
1831 1142 1938 1194 τὸν
1957 1142 2140 1194 δόντα

459 1232 751 1296 ἐξουσίαν
792 1231 1074 1295 τοιαύτην
1109 1227 1233 1292 τοῖς
1261 1224 1624 1293 ἀνθρώποις·
1653 1225 1984 1294 προσίστατο
2029 1225 2138 1296 γὰρ

459 1318 643 1380 αὑτοῖς
682 1316 717 1386 ἡ
749 1313 908 1384 σάρξ.
933 1312 1104 1375 A616;
1128 1311 1185 1363 δέ
1213 1310 1395 1371 αὑτοῖς
1419 1309 1518 1360 οὑκ
1555 1307 1809 1377 ἐπετίμα,
1838 1308 1973 1360 ἀλλά
2002 1309 2137 1379 πρό-

460 1413 567 1454 εισι
591 1398 679 1454 διά
715 1396 822 1450 τῶν
850 1396 1026 1466 έργων
1060 1394 1287 1465 ἐγείρων
1309 1393 1526 1456 αὑτοὺς,
1564 1392 1658 1446 καὶ
1691 1392 1894 1463 ὑψηλὸν
1919 1393 1982 1446 τὸ
2009 1391 2140 1462 φρό-

457 1495 606 1554 νημα
661 1480 850 1535 ποιῶν.
884 1479 1033 1541 Τέως
1071 1478 1181 1546 γὰρ
1226 1477 1326 1528 οὑκ
1367 1471 1436 1546 ἦν
1487 1476 1680 1545 μικρὸν
1719 1475 1780 1528 τὸ
1823 1475 2138 1547 νομίζεσθαι

460 1567 677 1619 πάντων
705 1563 1008 1634 ἀνθρώπων
1038 1561 1084 1592 ’⁵
1107 1557 1246 1612 εἶναι
1272 1557 1463 1628 μείζω,
1495 1558 1588 1610 καὶ
1617 1559 1768 1628 παρά
1792 1558 1925 1612 Θεοῦ
1954 1561 2130 1628 ἥκειν.

459 1649 522 1701 Et
560 1648 670 1716 γάρ
714 1646 888 1699 ταῦτα
925 1645 1107 1706 καλῶς
1147 1642 1486 1695 ἐϐεϐαίωσαν
1523 1642 1653 1712 παρ’
1690 1643 1901 1705 ἐαυτοῖς
1928 1644 1997 1707 ’³,
2028 1643 2136 1714 ὁδῷ

459 1731 844 1802 προϐαίνοντες
876 1728 1127 1797 ἔγνωσαν
1147 1725 1234 1788 ἂν,
1274 1727 1356 1779 ὅτι
1389 1725 1483 1777 καὶ
1511 1723 1647 1777 Θεοῦ
1689 1724 1818 1787 Υἱὸς
1858 1721 1946 1795 ἦν.
1986 1724 2132 1777 Ἀλλ’

458 1819 520 1868 οὑ
551 1814 812 1884 κατέσχον
856 1812 1028 1865 ταῦτα
1062 1809 1250 1878 σαφῶς
1271 1826 1282 1837 ·
1331 1808 1421 1862 διὰ
1460 1807 1620 1861 τοῦτο
1657 1807 1780 1860 οὑδέ
1815 1807 2134 1880 προσελθεῖν

458 1898 825 1968 ἠδυνήθησαν.
859 1896 1084 1964 Ἔλεγον
1129 1893 1238 1964 γὰρ
1289 1893 1477 1947 πάλιψ
1526 1889 1714 1959 Οὗτος
1752 1896 1785 1946 ό
1823 1893 2135 1960 ἅνθρωπος

456 1984 570 2036 οὐκ
599 1976 730 2034 ἔστι
771 1977 927 2046 παρὰ
965 1977 1074 2031 τοῦ
1117 1976 1264 2030 Θεοῦ
1286 1995 1298 2006 ·
1332 1973 1459 2042 πῶς
1481 1977 1524 2008 ’⁷
1558 1977 1728 2029 ἐστιν
1761 1971 1940 2042 οὗτος
1973 1979 2135 2044 παρὰ

457 2065 565 2118 τοῦ
609 2063 792 2126 Θεοῦ;
838 2063 946 2116 Kal
975 2059 1215 2130 συνεχῶς
1253 2059 1392 2114 αὑτά
1443 2058 1724 2130 ἔστρεφον,
1768 2060 1878 2111 τῶν
1920 2061 2135 2114 οἰκείων

463 2146 650 2201 παθῶν
675 2145 849 2198 ταῦτα
869 2142 1296 2215 προϐαλλόμενοι
1320 2141 1781 2212 προκαλύμματα.
1798 2142 1843 2174 ³⁸
1868 2143 1931 2195 Ὃ
1953 2141 2137 2196 πολλοὶ

458 2232 554 2284 καὶ
582 2229 677 2283 νῦν
705 2227 940 2291 ποιοῦσι,
969 2228 1062 2280 καὶ
1086 2226 1177 2278 τὸν
1198 2225 1332 2278 Θεὸν
1362 2224 1642 2287 δοκοῦντες
1673 2223 1928 2291 ἐκδικεῖν,
1957 2225 2133 2278 οξκεῖα

458 2313 728 2385 πληροῦσι
769 2311 938 2382 πάθη,
972 2311 1090 2363 δέον
1130 2309 1244 2378 μετ’
1287 2307 1584 2369 ἐπιεικείας
1617 2306 1830 2359 ἅπαντα
1869 2307 2132 2376 μετιέναι.

460 2398 570 2450 Kal
600 2397 708 2468 γάρ
738 2398 767 2448 6
799 2395 916 2447 16n-
937 2392 1074 2446 ὅλων
1115 2390 1269 2453 Θεὸς.
1304 2389 1544 2460 σκηπτὸν
1582 2388 1881 2457 δυνάμενος
1919 2389 2135 2457 ἀφιέναι

458 2480 552 2532 ἐπὶ
589 2479 714 2540 τοὺς
746 2474 1197 2547 βλασφημοῦντας
1219 2473 1401 2532 αὑτὸν,
1425 2471 1513 2524 16v
1537 2471 1689 2539 ἥλιον
1720 2471 2018 2528 ἀνατέλλει.
2040 2473 2136 2525 καὶ

459 2564 587 2625 τοὺς
619 2561 859 2632 ὄμϐρους
901 2558 1114 2628 ἀφίησι,
1168 2556 1264 2610 καὶ
1289 2555 1357 2608 τά
1387 2555 1521 2608 ἄλλα
1568 2555 1746 2609 πάντα
1793 2555 1931 2624 μετά
1980 2554 2138 2622 δαψι-

459 2645 610 2707 λείας
663 2643 896 2713 παρέχει
923 2658 938 2672 ·
971 2640 1029 2692 ὃν
1075 2640 1181 2710 χρὴ
1224 2640 1317 2692 καὶ
1351 2639 1498 2708 ἡμᾶς
1535 2637 1908 2708 μιμουμένους
1959 2653 2137 2706 παρα-

460 2727 667 2787 καλεῖν,
698 2724 1005 2794 παραινεῖν,
1037 2722 1308 2774 νουθετεῖν
1343 2719 1480 2789 μετά
1510 2718 1836 2788 πραότητος,
1865 2718 1964 2769 οὑκ
1993 2718 2137 2788 ὀργι-

462 2809 742 2880 ζομένους,
777 2805 898 2860 οὐδὲ
927 2804 1402 2876 ἐκθηριουμένους.
1435 2802 1568 2854 Ούδέ
1600 2802 1709 2872 γάρ
1735 2801 1904 2872 βλάϐη
1939 2819 2023 2864 τις
2055 2803 2136 2864 είς

458 2895 551 2948 τὸν
578 2893 708 2946 Θεὸν
741 2891 847 2944 ἀπὸ
868 2893 964 2961 τῆς
991 2889 1336 2961 βλασφημίας
1365 2886 1625 2949 ἐκϐαίνει,
1653 2886 1740 2938 ἵνα
1772 2885 2028 2956 θυμωθῇς
2050 2888 2094 2918 ⁹⁹
2119 2902 2132 2914 ⁸

465 2975 584 3028 ἀλλ’
615 2976 642 3027 6
679 2974 1080 3044 βλασφημήσας
1108 2970 1270 3034 αὑτὸς
1291 2970 1385 3022 καὶ
1417 2969 1476 3021 16
1495 2967 1714 3040 τραῦμα
1747 2967 1957 3021 ἐλαϐεν.
1991 2969 2134 3021 067.-

461 3057 557 3111 οῦν
602 3056 891 3122 στέναξον,
943 3055 1213 3126 θρήνησον
1249 3069 1264 3084 ν
1309 3052 1403 3104 καὶ
1453 3051 1562 3121 γὰρ
1589 3049 1839 3120 δακρύων
1882 3049 2031 3114 ἀξιον
2074 3051 2136 3104 τὸ

463 3141 652 3204 πάθος.
676 3139 781 3194 Καὶ
807 3140 898 3193 τὸν
922 3135 1392 3212 τραυματισθέντα
1427 3135 1483 3188 δέ
1522 3133 1671 3187 οὑδέν
1700 3133 1874 3197 οὕτως
1911 3134 1986 3196 ὡς
2016 3134 2133 3187 ἐπι-

462 3226 638 3279 είκεια
667 3222 1002 3294 θεραπεῦσαι
1033 3220 1277 3274 δύναται.
1323 3217 1624 3271 Ἐπιείκεια
1653 3217 1762 3287 γάρ
1798 3217 1978 3286 πάσης
2015 3217 2135 3286 βίας

464 3307 824 3378 δυνατωτέρα.
850 3306 992 3376 Ὅρα
1037 3303 1171 3372 γοῦν
1215 3302 1334 3366 πῶς
1376 3302 1537 3366 αὐτὸς
1577 3305 1707 3373 ἡμῖν
1736 3304 1765 3356 6
1803 3301 2134 3374 ὑϐρισμένος

402 3431 407 3437 -
463 3393 800 3459 διαλέγεται,
848 3389 946 3443 καὶ
987 3388 1081 3441 ἐπὶ
1133 3387 1234 3458 τῆς
1287 3385 1533 3448 Παλαιᾶς
1582 3387 1676 3440 καὶ
1713 3386 1806 3438 ἐπὶ
1855 3386 1954 3456 τῆς
1983 3384 2134 3457 [546]

468 3477 707 3544 Καινῆς·
739 3476 854 3526 ἐκεῖ
885 3473 981 3543 μὲν
1011 3472 1207 3539 λέγων,
1255 3471 1412 3534 Λαός
1438 3487 1580 3538 μου,
1615 3470 1672 3522 τι
1709 3468 1968 3534 ἐποίησά
2002 3483 2137 3532 σοι;

465 3558 698 3611 ἐνταῦθα
730 3557 810 3620 δὲ,
835 3556 1054 3617 Σαῦλε,
1084 3552 1300 3616 Σαῦλε,
1334 3552 1391 3604 τί
1413 3568 1490 3620 με
1517 3551 1777 3616 διώκεις;
1807 3552 1914 3604 Kal
1937 3553 1965 3604 6
1993 3549 2140 3604 Παῦ-

1244 353 1304 410 S.
1345 350 1632 410 JOANNIS
1667 349 2136 410 CHRYSOSTOM

2246 343 2521 406 RCmEP.
2561 333 3116 407 CONSTANTINOPQ

3807 344 3916 402 562

2237 468 2328 530 λος
2355 466 2413 519 δὲ
2449 469 2508 523 ἐν
2536 467 2801 539 πραότητι
2845 464 3054 520 κελεύει
3083 461 3358 516 παιδεύειν
3392 460 3520 524 τοὺς
3556 458 3919 514 ἀντιδιατιθε-

2242 548 2456 619 μένους.
2473 550 2583 603 Kal
2597 550 2674 620 τῷ
2697 550 2915 622 Χριστῷ
2937 550 2994 602 δὲ
3018 551 3034 580 ⁸
3061 548 3224 618 ἡνίκα
3245 546 3555 618 προσῄεσαν
3591 544 3642 597 οί
3672 543 3920 614 μαθηταὶ

2239 631 2519 698 ἀξιοῦντες
2547 633 2660 704 πῦρ
2701 634 3004 703 καταϐῆναι
3041 633 3104 683 ἐκ
3141 629 3234 683 τοῦ
3268 627 3499 697 ούρανοῦ
3521 665 3538 691 ,
3581 625 3785 696 σφόδρα
3819 626 3919 677 ἐπ⁸

2237 715 2498 786 ἐτίμησεν
2527 717 2708 778 αὑτοῖς
2726 715 2899 783 λέγων
2921 731 2934 745 ·
2971 717 3093 768 Οὐκ
3127 713 3327 768 οἴδατε
3362 712 3539 766 ποίου
3572 708 3920 778 πνεύματός

2238 800 2379 852 ἐστε
2420 799 2604 868 ὑμεῖς.
2639 799 2749 853 Kal
2786 797 3016 852 ἐνταῦθα
3049 797 3106 850 δὲ
3135 797 3237 850 οὑκ
3277 791 3452 857 εἶπεν,
3475 791 3548 847 Ὦ
3592 793 3782 864 μιαροὶ
3820 790 3922 845 καὶ

2239 882 2436 953 γόητες
2462 882 2648 952 ὑμεῖς·
2686 875 2731 934 ὦ
2772 881 3030 948 βάσκανοι
3058 879 3151 932 καὶ
3188 878 3286 948 τῆς
3327 878 3435 931 τῶν
3465 876 3768 946 ἀνθρώπιον
3808 888 3922 927 σω-

2239 965 2434 1035 τηρίας
2459 963 2672 1033 ἐχθροί·
2709 963 2866 1026 ἀλλά,
2908 964 2968 1016 Τί
2994 961 3357 1030 ἐνθυμεῖσθε
3385 960 3620 1028 πονηρὰ
3671 959 3743 1011 ἐν
3782 956 3920 1021 ταῖς

2239 1046 2507 1115 καρδίαις
2534 1045 2738 1115 ὑμῶν;
2769 1049 2859 1098 Δεῖ
2882 1045 3060 1099 τοίνυν
3097 1044 3213 1115 μετ’
3258 1042 3557 1106 ἐπιεικείας
3589 1041 3831 1112 ἐξαίρειν
3854 1040 3920 1091 τὸ

2239 1132 2471 1201 νόσημα.
2525 1131 2582 1183 '0
2613 1129 2721 1201 γάρ
2761 1129 2910 1197 φόϐῳ
2970 1128 3260 1198 γενόμενος
3296 1127 3624 1198 ἀνθρωπίνῳ
3662 1123 3914 1196 βελτίων,

2237 1214 2446 1285 ταχέως
2491 1211 2750 1282 ἐπανήξει
2794 1213 2928 1282 πρὸς
2961 1212 3060 1283 τὴν
3092 1210 3356 1280 πονηρίαν
3386 1210 3571 1264 πάλιν.
3616 1207 3718 1261 Διά
3755 1205 3921 1259 τοῦτο

2239 1300 2332 1353 καὶ
2357 1297 2427 1350 τά
2473 1293 2687 1362 ζιζάνια
2733 1295 3003 1365 ἀφεθῆναι
3035 1293 3290 1346 ἐκέλευσε
3313 1337 3326 1359 ,
3357 1293 3533 1356 διδοὺς
3573 1290 3920 1364 προθεσμίαν

2242 1379 2550 1454 μετανοίας.
2584 1379 2774 1432 Πολλοὶ
2814 1378 2945 1445 γοῦν
2991 1378 3173 1432 αὑτῶν
3225 1377 3574 1447 μετενόησαν,
3611 1376 3708 1428 καὶ
3753 1375 3921 1442 γεγό-

2239 1484 2362 1520 νασι
2388 1465 2687 1529 σπουδαῖοι,
2719 1463 2981 1532 πρότερον
3006 1460 3154 1523 ὅντες
3192 1460 3406 1529 φαῦλοι,
3425 1455 3537 1513 οἷον
3567 1461 3594 1511 6
3623 1454 3863 1518 Παῦλος,
3890 1455 3921 1507 6

2237 1549 2499 1618 τελώνης.
2520 1550 2548 1600 6
2572 1547 2774 1620 λῃστής
2793 1563 2807 1582 ο
2839 1545 2933 1598 καὶ
2965 1544 3073 1612 γὰρ
3093 1545 3311 1608 ζιζάνια
3328 1543 3479 1606 δντες
3503 1535 3648 1594 οῦτοι
3672 1540 3746 1572 ⁸³³
3769 1543 3919 1602 σῖτος

2239 1631 2530 1704 γεγόνασιν
2550 1629 2778 1700 ὥριμος.
2822 1628 2946 1680 Ἐπὶ
2982 1627 3080 1697 μὲν
3114 1627 3221 1696 γάρ
3247 1626 3355 1679 τῶν
3386 1625 3722 1696 σπερμάτων
3759 1622 3923 1675 τοῦτο

2239 1715 2519 1784 ἀμήχανον
2539 1729 2553 1744 ⁸
2580 1713 2673 1764 ἐπὶ
2705 1711 2762 1764 δὲ
2792 1709 2892 1779 τῆς
2925 1709 3305 1781 προαιρέσεως
3348 1709 3528 1780 ῥᾴδιόν
3548 1724 3606 1760 τε
3634 1706 3730 1760 καὶ
3762 1705 3925 1758 εῦκο-

2237 1796 2324 1848 λον
2345 1813 2358 1826 ⁸
2389 1796 2450 1848 οὑ
2479 1795 2587 1864 γὰρ
2627 1793 2842 1866 φύσεως
2863 1793 3017 1863 ’ὅροις
3047 1791 3188 1862 αῦτη
3224 1792 3451 1854 δέδεται,
3481 1791 3596 1844 ἀλλ’
3627 1789 3924 1859 ἐλευθερίαξ

2238 1883 2609 1954 προαιρέσεως
2649 1882 2958 1952 τετίμηται.
2999 1881 3170 1934 Ὅταν
3206 1879 3383 1933 τοίνυν
3425 1879 3540 1951 ἴδῃς
3581 1876 3777 1948 ἐχθρὸν
3821 1876 3926 1946 τῆς

2237 1971 2513 2043 ἀληθείας,
2541 1969 2896 2041 θεράπευσον,
2930 1969 3282 2039 ἐπιμέλησαι,
3330 1967 3468 2038 πρὸς
3503 1965 3706 2034 ἀρετὴν
3745 1965 3923 2016 ἐπαν-

2236 2061 2429 2128 άγαγε.
2453 2060 2563 2129 βίον
2587 2057 3026 2128 ἐπιδεικνύμενος
3048 2057 3289 2127 ἄριστον,
3321 2054 3478 2122 λόγον
3503 2052 3883 2124 παρεχόμενος
3902 2057 3926 2083 ⁸

2236 2147 2692 2216 ἀκατάγνωστον,
2738 2145 3071 2214 προστασίαν
3119 2144 3213 2197 καὶ
3255 2141 3581 2213 κηδεμονίαν
3631 2141 3925 2210 παρέχων,

2238 2239 2416 2291 πάντα
2465 2237 2664 2307 τρόπον
2710 2235 2875 2290 κινῶν
2905 2234 3264 2305 διορθώσεως,
3308 2233 3435 2294 τοὺς
3493 2231 3752 2301 ἀρίστους
3805 2228 3923 2280 τῶν

2241 2327 2441 2396 ἰατρῶν
2488 2325 2838 2395 μιμούμενος,
2867 2323 3003 2376 Οὑδέ
3043 2322 3151 2392 γάρ
3186 2322 3384 2373 ἐκεῖνοι
3417 2317 3540 2371 καθ’
3572 2319 3667 2371 ἕνα
3712 2318 3925 2386 τρόπον

2238 2414 2596 2486 θεραπεύουσι
2634 2414 2814 2484 μόνον,
2851 2410 2966 2464 ἀλλ’
2989 2412 3114 2464 ὅταν
3135 2411 3314 2464 ἴδωσιν
3347 2410 3448 2461 οὑκ
3484 2403 3628 2460 εἶκον
3653 2406 3714 2458 τὸ
3753 2406 3921 2469 ’έλκος

2236 2503 2314 2573 τῷ
2352 2501 2601 2572 προτέρῳ
2632 2499 2931 2571 φαρμάκῳ,
2965 2497 3346 2570 προστιθέασιν
3389 2496 3609 2566 ἕτερον,
3653 2494 3749 2546 καὶ
3798 2493 3924 2562 μετ’

2238 2590 2414 2643 ἐκεῖνο
2445 2589 2604 2641 πάλιν
2629 2587 2789 2640 ἄλλο·
2837 2587 2931 2640 καὶ
2975 2586 3068 2638 νῦν
3103 2585 3202 2656 μὲν
3241 2583 3523 2653 τέμνουσι,
3566 2581 3660 2635 νῦν
3687 2581 3747 2634 δὲ
3797 2583 3922 2633 ἐπι-

2236 2677 2517 2748 δεσμοῦσι.
2534 2679 2644 2732 Kal
2674 2679 2738 2732 σὺ
2766 2677 2944 2731 τοίνυν
2965 2676 3151 2746 ψυχῶν
3188 2675 3371 2745 ίατρὺς
3399 2674 3713 2744 γενόμενος,
3737 2673 3923 2725 πάντα

2239 2765 2378 2819 κίνει
2413 2765 2710 2835 θεραπείας
2730 2765 2930 2834 τρόπον
2961 2762 3103 2818 κατὰ
3128 2763 3258 2826 τοὺς
3286 2761 3380 2814 τοῦ
3417 2759 3650 2830 Χριστοῦ
3689 2759 3917 2827 νόμους,

2238 2854 2326 2907 ἵνα
2355 2853 2449 2906 καὶ
2477 2853 2576 2921 τῆς
2601 2851 2800 2905 σαυτοῦ
2835 2851 3112 2921 σωτηρίας
3135 2851 3230 2903 καὶ
3264 2850 3364 2919 τῆς
3409 2850 3612 2920 ἐτέρων
3645 2849 3922 2916 ὠφελείας

2238 2940 2410 3011 λάϐῃς
2442 2939 2650 3010 μισθὸν.
2681 2942 2756 3002 είς
2797 2937 2954 3003 δόξαν
2991 2937 3125 2992 Θεοῦ
3167 2939 3345 2992 πάντα
3387 2937 3576 2998 ποιῶν,
3609 2937 3703 2990 καὶ
3741 2936 3923 3008 ταύτῃ

2239 3028 2335 3080 καὶ
2375 3027 2535 3090 αὐτὸς
2557 3026 2928 3097 δοξαζόμενος.
2979 3026 3124 3092 Τοὺς
3158 3023 3518 3090 δοξάζοντας
3557 3024 3666 3093 γάρ
3698 3041 3778 3093 με
3819 3024 3923 3076 δο-

2240 3115 2426 3180 ξάσω,
2464 3115 2629 3184 φησί’
2678 3114 2779 3168 καὶ
2815 3117 2868 3169 οί
2911 3113 3378 3178 ἐξουθενοῦντές
3400 3129 3478 3181 με
3515 3111 3924 3177 ἑξουθενωθὴ-

2240 3219 2450 3256 σονται
2470 3203 2510 3255 ⁸.
2545 3202 2729 3255 Πάντα
2762 3203 2942 3255 τοίνυν
2962 3203 3042 3265 είς
3067 3201 3222 3265 δόξαν
3257 3199 3423 3254 αὑτοῦ
3453 3200 3808 3270 πράττωμεν,
3835 3199 3924 3251 ἵνα

2238 3290 2337 3359 τῆς
2373 3290 2647 3360 μακαρίας
2687 3289 2900 3360 ἐκείνης
2932 3288 3278 3357 ἐπιτύχωμεν
3301 3289 3321 3317 ⁸
3347 3287 3582 3356 λήξεως·
3611 3281 3678 3357 ἦς
3709 3286 3923 3354 γένοιτο

2241 3377 2450 3441 πάντας
2488 3379 2636 3448 ἡμᾶς
2681 3379 2988 3447 ἐπιτυχεῖν,
3035 3378 3216 3446 χάριτι
3261 3375 3355 3427 καὶ
3397 3373 3782 3445 φιλανθρωπίᾳ
3823 3373 3921 3426 τοῦ

2213 3464 2447 3536 οΚυρίου
2481 3465 2634 3536 ἡμῶν
2672 3465 2844 3535 Ἰησοῦ
2873 3463 3132 3534 Χριστοῦ,
3173 3457 3217 3530 ᾧ
3255 3465 3288 3534 ἡ
3322 3462 3451 3526 δόξα
3487 3463 3581 3515 καὶ
3611 3462 3674 3514 τὺ
3716 3462 3923 3532 κράτος

2243 3551 2324 3614 είς
2349 3551 2474 3614 τοὺς
2499 3553 2704 3615 αἰῶνας
2733 3551 2840 3604 τῶν
2861 3551 3092 3606 αἰώνων.
3131 3552 3326 3620 Ἀμήν.

534 3681 582 3712 ’⁸
620 3680 869 3749 σώματος
915 3677 976 3749 Ε.
1050 3677 1096 3749 ’ξ
1121 3674 1390 3749 οῦν]ῌγᾲρ
1543 3674 1590 3709 ’⁸
1629 3674 1868 3749 Ἰδόντες.
1993 3674 2140 3749 ἐδόξα

2246 3673 2272 3746 ν]
2301 3674 2594 3749 ῘΕδό-ξασαν
2625 3674 2735 3749 γάρ
2763 3677 2902 3749 (ccl._
2922 3675 3332 3749 orp_issis)_Edd.
3357 3676 3450 3749 __"
3480 3674 3590 3749 τῶν
3617 3673 3926 3749 ἀνθρώπων

467 3751 606 3802 ῐσῖιίιί.
641 3743 780 3817 ρξρ.
827 3748 976 3817 παρά
1010 3743 1273 3817 τοῦγθεοῦ
1300 3743 1373 3817 Ἐς
1438 3745 1486 3817 ’_°
1520 3745 1863 3817 nap’gbmi;
1901 3743 2062 3817 A._C.
2093 3754 2148 3817 ιιι

469 3889 752 3958 ἀλλά-μετ’
783 3887 1077 3958 ἐπιεικείας
1105 3885 1376 3958 νουθετεῖν
1404 3886 1482 3958 Α.Δ
1566 3885 1611 3916 ’⁸
1635 3883 1860 3958 θυ-μωθῇ

1443 3745 1486 3825 1°
1520 3745 1863 3825 παρϊαὺῖςοὲς
1901 3743 2140 3825 A;.C.-.:2!

2251 3743 2514 3825 i'lleHmc
2544 3762 2630 3825 νγ.
2664 3743 2860 3825 (ἰοειιειι
2892 3747 2943 3825 ip
2976 3744 3296 3825 Mor..vir\I._
3355 3744 3576 3825 ᾖπῶς]
3611 3745 3704 3825 κα)
3735 3745 3919 3825 πάλιν,

469 3820 586 3882 πῶς
617 3814 681 3872 Α.
708 3814 1017 3872 (Ιοιιειιιιιῖιι
1048 3816 1186 3878 πῶς.
1225 3855 1238 3868 .
1281 3856 1294 3870 .
1337 3814 1471 3868 Θεοῦ
1519 3814 1627 3868 mm
1661 3815 1790 3884 legit
1814 3815 1876 3869 C.
1952 3815 2000 3847 ⁸⁸
2032 3815 2140 3869 ΗΘΙ

469 3889 604 3936 ἀλλὰ
638 3889 752 3936 μετ’
783 3887 1077 3936 ἐπιεικείας
1105 3885 1376 3936 νουθετεῖν
1404 3886 1469 3936 Α.
1566 3885 1611 3916 ⁹⁹
1635 3883 1859 3936 θυμωθῆ
1902 3883 1964 3936 F.
2006 3883 2136 3936 Arm

2251 3815 2318 3869 N.
2347 3815 2468 3867 Ὅτι
2497 3817 2620 3876 τοὺς
2657 3815 3058 3883 σφαλλομένους
3097 3816 3176 3877 είς
3208 3814 3337 3867 Θεὸν
3370 3815 3430 3867 οὐ
3461 3815 3540 3867 δεῖ

2267 3885 2284 3915 ί
2321 3884 2398 3936 τῶ
2437 3885 2655 3936 Χοιστῶ
2689 3884 2767 3936 δέί
2832 3886 2921 3936 Sic
2972 3884 3125 3936 codd.
3178 3893 3232 3936 et
3279 3888 3430 3936 Arm.
3480 3885 3540 3936 αὑ

2267 3815 2318 3869 Ἴ.
2347 3815 2468 3867 Ὅτι
2497 3817 2620 3876 τοὺς
2657 3815 3058 3883 σφαλλομένους
3097 3816 3176 3877 είς
3208 3814 3337 3867 Θεὸν
3370 3815 3430 3867 οῦ
3461 3815 3540 3867 δεῖ
3561 3814 3691 3884 μετ’
3723 3814 3919 3884 ὀργῆς,

2267 3884 2398 3956 ξίτῷ
2437 3885 2655 3956 Χριστῷ
2689 3884 2767 3955 δὲ]
2832 3886 2921 3956 Si_c
2972 3884 3125 3956 codd.
3178 3893 3232 3956 ει
3279 3888 3430 3956 ᾼΓηι.
3480 3885 3642 3956 αὑτὸς
3686 3884 3744 3936 δὲ
3781 3885 3916 3939 Edd.

474 3940 543 3994 ῖοέ
561 3940 742 4030 οὗτοιῖ
768 3957 939 4020 οὕτως
976 3940 1109 4010 Εόίί.
1186 3955 1208 3986 ⁵
1239 3955 1649 4025 προτεινόμενος
1679 3940 1746 4009 Ᾰ.
1775 3940 1869 4006 τὸν
1897 3954 2054 4022 λόγον
2083 3971 2214 4026 παρ.
2243 3940 2381 4009 Εᾱάξ
2456 3940 2839 4019 ⁵’ἐξου’δεν.Ἀ.
2873 3954 2934 4008 1).
2962 3955 3044 4008 bis
3075 3954 3136 4007 C.
3211 3955 3232 3984 ⁸
3252 3954 3570 4024 ἀξιωθῶμεν
3595 3940 3661 4008 Ᾰ.

1944 4119 2091 4192 [ειη
2132 4122 2376 4176 OMIAIA
2412 4122 2490 4174 A'.

474 4225 579 4280 Καὶ
617 4219 896 4289 παράγων
919 4220 954 4270 ό
989 4216 1228 4289 Ἰησοῦς
1255 4215 1503 4275 ἐκεῖθεν,
1526 4210 1690 4289 εἶδεν
1708 4213 2021 4289 ἄνθρωπον
2044 4213 2142 4289 ἐπί

543 4294 609 4346 τὸ
639 4283 924 4344 τεῖιώνιον
953 4287 1308 4355 καθήμενον,
1337 4283 1639 4338 Ματθαῖον
1655 4286 1988 4353 λεγόμενον
2005 4301 2017 4313 ο
2043 4283 2142 4336 καί

540 4362 704 4432 λέγει
742 4357 932 4422 αὺτῴ-
966 4377 983 4408 ι
1023 4357 1352 4410 Ἀκολούθει
1371 4371 1493 4424 μοι.
1527 4373 1548 4405 ι

549 4474 617 4521 α’.
643 4465 883 4534 Ποιήσας
904 4461 1011 4534 γὰρ
1033 4463 1054 4494 ⁷
1078 4463 1139 4514 τὸ
1160 4461 1345 4532 θαῦμα
1363 4460 1464 4513 οὑκ
1493 4457 1801 4529 ἐπέμεινεν,
1832 4458 1920 4511 ἵνα
1947 4457 2022 4527 μὴ
2056 4455 2146 4510 τὸν

475 4553 637 4622 ζῆλον
673 4548 848 4619 ἐξάψῃ
890 4547 1052 4600 πλέον
1096 4544 1404 4616 ὁρώμενος·
1453 4542 1589 4596 ἀλλὰ
1635 4542 1918 4613 χαρίζεται
1962 4541 2147 4603 αὑτοῖς

473 4631 796 4704 ἀναχωρῶν,
824 4630 918 4683 καὶ
956 4629 1018 4682 16
1057 4628 1228 4691 πάθος
1274 4624 1784 4698 παραμυθούμενος.
1821 4624 1990 4676 Τοῦτο
2035 4623 2099 4694 δὴ
2124 4624 2146 4655 ⁸

475 4717 571 4772 καὶ
609 4717 769 4785 ἡμεῖς
817 4710 1082 4782 ποιῶμεν,
1133 4711 1208 4783 μὴ
1245 4709 1410 4780 ὁμόσε
1443 4707 1746 4780 χωροῦντες
1786 4709 1900 4770 τοῖς
1932 4707 2150 4759 ἐπιϐου-

473 4797 746 4859 λεύουσιν,
796 4794 934 4849 ἀλλά
969 4791 1424 4866 παραμυθώμεθα
1453 4790 1633 4845 αὑτῶν
1673 4789 1736 4842 τὸ
1775 4789 1962 4853 ἐλκος,
2014 4789 2151 4843 ἐνδι-

475 4881 656 4942 δόντες
680 4877 775 4932 καὶ
795 4877 1063 4947 χαλῶντες
1089 4875 1267 4929 αὑτῶν
1291 4873 1382 4928 τὸν
1404 4874 1578 4928 τόνον.
1610 4871 1771 4926 Ἀλλά
1793 4872 1936 4936 τίνος
1965 4870 2150 4927 ἕνεκεν

477 4962 538 5015 οὑ
577 4961 714 5034 μετά
744 4961 952 5031 Πέτρου
990 4960 1084 5013 καὶ
1115 4959 1362 5012 Ἰωάννου
1387 4957 1481 5011 καὶ
1502 4955 1609 5010 τῶν
1631 4955 1807 5011 ἄλλων
1840 4954 1998 5009 αὑτὸν
2023 4956 2152 5008 ἐκάο

477 5048 660 5110 λεσενς
693 5045 904 5114 ’Ὠσπερ
931 5045 1047 5096 ἐκεῖ
1071 5042 1192 5096 τότε
1227 5039 1579 5112 παρεγένετο,
1612 5040 1701 5093 ὅτε
1752 5038 1867 5108 ᾔδει
1894 5039 2020 5101 τοὺς
2055 5038 2150 5091 ἀν-

479 5127 732 5200 θρώπους
771 5125 1232 5195 πεισθησομένους
1253 5139 1268 5154 ο
1298 5121 1440 5176 οὕτω
1485 5121 1581 5174 καὶ
1609 5121 1700 5174 τὸν
1728 5119 2001 5173 Ματθαῖον
2029 5119 2151 5172 τότε

478 5211 766 5272 ἐκάλεσεν,
818 5210 907 5261 ὅτε
953 5208 1219 5276 ⁴ίῑπίστατο
1267 5206 1479 5270 είξοντα
1497 5205 1540 5259 ⁸.
1589 5203 1688 5256 Διά
1732 5202 1797 5273 δὴ
1847 5201 2005 5256 τοῦτο
2060 5202 2153 5255 καὶ

479 5291 690 5347 Παῦλον
724 5289 861 5361 μετά
894 5289 990 5360 τὴν
1023 5290 1318 5343 ἀνάστασιν
1344 5287 1614 5358 ήλίευσεν.
1658 5286 1715 5338 Ὀ
1750 5284 1857 5356 γὰρ
1889 5285 1987 5348 τὰς
2019 5302 2154 5355 καρ-

478 5377 595 5438 δίας
619 5375 1010 5443 ἐπιστάμενος,
1049 5373 1145 5424 καὶ
1185 5370 1254 5423 τά
1286 5371 1574 5441 ἀπόρρητα
1613 5370 1713 5439 τῆς
1763 5369 1993 5422 ἑκάστου
2039 5367 2154 5420 δια-

479 5455 627 5519 νοίας
677 5455 858 5518 εἰδὼς,
892 5454 1009 5526 ᾔδει
1053 5453 1144 5506 καὶ
1188 5453 1317 5505 πότε
1353 5452 1574 5523 ἔμελλεν
1617 5452 1845 5514 ἕκαστος
1884 5450 2087 5503 τούτων
2108 5451 2150 5482 ‘°

479 5537 905 5591 ὑπακούσεσθαι.
929 5539 1027 5590 Διά
1053 5536 1211 5590 τοῦτο
1233 5537 1330 5589 οὑκ
1357 5538 1414 5588 ἐν
1438 5536 1740 5607 προοιμίοις
1760 5533 1919 5586 αὑτὸν
1942 5534 2147 5600 ἐκάλει,

478 5621 568 5675 ὅτε
599 5621 958 5691 σκληρότερον
1009 5620 1088 5674 ἐτι
1121 5619 1372 5679 διέκειτο,
1418 5617 1554 5671 ἀλλά
1601 5615 1739 5687 μετά
1773 5615 1843 5668 τά
1883 5616 1926 5646 ¹³
1979 5617 2148 5687 μυρία

478 5703 755 5775 θαύματα,
791 5704 887 5758 καὶ
914 5705 1013 5774 τὴν
1056 5702 1254 5773 πολλὴν
1288 5701 1415 5773 περὶ
1457 5698 1623 5754 αὑτοῦ
1668 5699 1878 5770 φήμην,
1911 5700 2000 5753 ὅτε
2054 5700 2148 5753 καὶ

553 5831 710 5902 ’γὰρ
743 5848 850 5886 om.
890 5835 952 5885 Λ.
997 5833 1259 5902 ἐπέμενεν
1306 5831 1471 5902 Ειιάε
1518 5828 1540 5862 ⁸
1569 5829 1625 5883 δὲ
1661 5829 1720 5884 Β.
1750 5831 1811 5883 F.
1845 5831 1908 5902 H’
1943 5829 2140 5894 εῖξοντο

2252 5829 2300 5902 ip
2330 5829 2428 5898 Ep.
2452 5839 2516 5902 _cl
2555 5827 2734 5902 Veyss.
2759 5829 2992 5902 636))“:
3013 5829 3312 5902 Αηῆξοντα
3348 5829 3406 5884 Β.

1364 5903 1406 5932 ¹¹
1441 5901 1530 5954 Sic
1567 5903 1728 5955 codd.
1759 5911 1813 5954 et
1844 5900 2028 5955 νει-δε.
2063 5899 2359 5952 ἀποστόλου
2391 5900 2524 5952 Ιεὶιιιί.

1364 5973 1466 6023 ιίνη
1505 5970 1565 6023 D.
1611 5973 1831 6023 ἐκεξων
1864 5971 1998 6023 Ειίιί.
2078 5973 2118 6001 ³⁵
2151 5971 2244 6023 μὲν
2271 5987 2380 6023 om.
2409 5971 2468 6022 Α.
2507 5971 2527 6023 l

2103 5973 2118 6000 "
2150 5971 2244 6038 μὲν
2271 5987 2380 6023 om.
2409 5971 2468 6022 Α.
2507 5970 2566 6023 [⁵.

482 5899 553 5956 Λ.
578 5899 693 5955 (ἰοί
790 5904 830 5932 ¹¹
860 5901 928 5954 τά
956 5919 1063 5956 om.
1097 5899 1155 5955 Β.
1189 5901 1248 5954 F.

487 5959 538 6006 ιλ
577 5970 953 6040 καταλήξαντα
993 5971 1126 6027 Edd.
1208 5975 1248 6005 ιδ
1282 5973 1468 6040 ἐκείνῃ
1505 5970 1565 6026 D.
1611 5973 1831 6028 ἐκεῖ-ων
1864 5971 1998 6026 mm.

2245 4213 2678 4287 ἐπιτηδειότερον
2729 4215 2842 4286 ᾔδει
2894 4214 3033 4286 πρὸς
3083 4213 3182 4286 τὴν
3236 4213 3484 4287 ὑπακοὴν
3531 4217 3921 4288 γεγενημένον.

2249 4296 2430 4362 ’Ἄξιον
2475 4297 2531 4349 δέ
2568 4299 2661 4351 καὶ
2692 4299 2787 4352 τοῦ
2829 4297 3216 4368 εὐαγγελιστοῦ
3244 4300 3286 4329 ¹²
3321 4299 3600 4369 θαυμάσαι
3638 4301 3737 4372 τὴν
3768 4301 3914 4370 φιλο-

2246 4379 2471 4448 σοφίαν,
2513 4379 2630 4444 πῶς
2669 4382 2769 4436 οὑκ
2820 4383 3232 4454 ἀποκρύπτεται
3265 4382 3430 4436 αὑτοῦ
3486 4383 3575 4436 τὸν
3609 4384 3924 4454 ἔμπροσθεν

2247 4461 2381 4532 βίον,
2413 4460 2548 4516 ἀλλά
2583 4463 2676 4517 καὶ
2715 4463 2776 4516 16
2806 4463 2976 4534 ὄνομα
3007 4464 3209 4534 τίθησι,
3239 4465 3346 4517 τῶν
3382 4463 3556 4518 ἄλλων
3595 4465 3924 4536 κρυψάντων

2246 4544 2407 4598 αὑτὸν
2437 4545 2481 4576 ³³
2514 4546 2855 4618 προσηγορίᾳ
2897 4546 3079 4617 ἐτέρᾳ.
3112 4546 3268 4609 Τίνος
3299 4545 3356 4597 δέ
3401 4545 3584 4599 ἐνεκεν
3627 4541 3804 4609 εἶπεν,
3839 4547 3924 4598 ὅτι

2259 4629 2381 4681 Ἐπί
2407 4626 2472 4682 τὸ
2498 4629 2783 4684 τελώνιον
2809 4632 3150 4698 καθήμενον
3164 4645 3185 4693 ;
3226 4629 3448 4692 Δεικνὺς
3473 4628 3566 4681 τοῦ
3594 4629 3924 4693 καλέσαντος

2247 4711 2344 4782 τὴν
2385 4712 2631 4784 δύναμιν,
2682 4714 2766 4766 ὅτι
2798 4714 2858 4766 οὑ
2903 4713 3141 4782 λήξαντα
3179 4712 3259 4778 ’⁵,
3299 4711 3418 4765 οὑδέ
3459 4713 3774 4767 ἀποστάντα
3819 4714 3926 4783 τῆς

2250 4799 2492 4868 πονηρᾶς
2530 4796 2736 4868 ταύτης
2772 4797 3114 4868 καπηλείας,
3152 4795 3266 4848 ἀλλ’
3300 4796 3364 4848 ἐκ
3403 4795 3581 4864 μέσων
3623 4796 3790 4849 αὑτὸν
3827 4798 3927 4848 ἀν-

2250 4878 2453 4933 έσπασε
2479 4881 2586 4954 τῶν
2608 4881 2794 4934 κακῶν
2811 4897 2823 4910 ·
2844 4879 3096 4950 καθάπερ
3119 4875 3212 4932 οὖν
3239 4879 3333 4932 καὶ
3361 4877 3452 4931 τὸν
3484 4878 3754 4948 μακάριον
3776 4877 3920 4929 Παῦ-

2250 4961 2340 5014 λον
2381 4964 2700 5033 μαινόμενον
2741 4963 2836 5016 καὶ
2886 4962 3165 5016 λυττῶντα
3199 4963 3293 5015 καὶ
3346 4960 3459 5030 πῦρ
3511 4959 3740 5027 ἀφιέντα
3797 4973 3929 5027 μετ-

2251 5043 2475 5115 έστησεν
2493 5061 2507 5076 ο
2534 5047 2668 5115 ὅπερ
2691 5041 2785 5098 οὖν
2817 5045 2912 5098 καὶ
2938 5045 3099 5108 αὑτὸς
3127 5045 3326 5114 δεῖγμα
3357 5041 3675 5112 ποιούμενος
3703 5043 3805 5111 τῆς
3829 5039 3926 5092 τοῦ

2253 5130 2579 5192 καλέσαντος
2608 5129 2912 5198 δυνάμεως,
2950 5129 3082 5200 φησὶ
3120 5128 3419 5190 Γαλάταιςο
3455 5127 3785 5180 Ἠκούσατε
3811 5123 3927 5190 τὴν

2251 5213 2405 5283 ἐμὴν
2438 5211 2830 5280 ἀναστροφήν
2855 5227 3000 5264 ποτε
3039 5211 3108 5263 ἐν
3144 5208 3224 5274 τῷ
3257 5208 3621 5278 Ἰουδαϊσμῷ,
3660 5207 3750 5262 ὅτι
3793 5211 3926 5261 καθ’

2252 5295 2598 5374 ὑπερϐολὴν
2631 5294 2881 5348 ἐδίωκον
2914 5293 3030 5363 τὴν
3066 5293 3430 5360 Ἐκκλησίαν
3466 5291 3568 5345 τοῦ
3611 5290 3761 5374 Θεοῦ
3783 5308 3797 5322 ·
3833 5291 3928 5344 καὶ

2251 5379 2380 5441 τοὺς
2411 5373 2594 5441 ἁλιέας
2635 5377 2691 5430 δέ
2741 5378 2799 5430 ἐν
2823 5376 3030 5447 ἔμέσοις
3074 5379 3181 5440 τοῖς
3227 5375 3408 5444 έργοις
3449 5374 3607 5437 ὄντας
3643 5373 3924 5427 ἐκάλεσεν.

2267 5459 2407 5512 Ἀλλ’
2433 5460 2607 5512 ἐκεῖνο
2627 5459 2669 5489 ¹⁸
2697 5457 2793 5529 μὲν
2816 5458 2978 5530 τέχνη
3009 5475 3094 5520 τις
3121 5453 3188 5528 ἦν
3220 5457 3280 5510 οὑ
3307 5455 3701 5525 διαϐεϐλημένη
3732 5454 3833 5524 μὲν
3857 5455 3922 5516 ¹⁶ν

2255 5543 2558 5614 ἀνθρώπων
2591 5543 2646 5596 δέ
2692 5542 3076 5614 ἀγροικότερον
3106 5543 3485 5613 διακειμένων,
3526 5543 3620 5593 καὶ
3650 5539 3920 5609 ἀμίκτων,

2255 5622 2352 5676 καὶ
2391 5621 2524 5675 πολὺ
2551 5622 2612 5674 16
2657 5621 2854 5689 ἀφελὲς
2889 5621 3241 5690 κεκτημένων
3265 5640 3278 5654 ·
3307 5621 3464 5675 τοῦτο
3491 5619 3548 5672 δὲ
3588 5617 3926 5686 ἐπιτήδευμα

2253 5701 2634 5772 ἀναισχυντίας
2680 5700 2849 5772 γέμον
2890 5697 2960 5772 ἦν
2989 5701 3030 5732 ιτ
3079 5701 3174 5754 καὶ
3211 5701 3564 5771 ἰταμότητος,
3601 5696 3696 5751 καὶ
3735 5695 3926 5765 κέρδος

3508 5829 3550 5860 ⁸⁸
3577 5826 3782 5879 τούτων
3809 5837 3924 5877 om.

2633 5900 2684 5972 “_
2710 5893 2896 5972 αρτδν]
2955 5900 3051 5972 Sic
3083 5893 3254 5972 ιιϊυ.
3293 5902 3351 5956 Ε.
3409 5899 3503 5970 Ερ.
3544 5902 3725 5954 caeteri
3766 5893 3924 5951 αὑτό.

2673 5970 2711 6000 ¹⁷
2739 5967 2806 6037 ἦν
2837 5967 2946 6026 oin.
2983 5971 3046 6026 A.
3076 5970 3140 6025 F.
