4038 6364
273 391 367 446 ππ

274 514 489 560 tnerunt
509 504 599 575 (a).
634 504 864 559 Rursum
892 501 1033 556 enim
1052 498 1298 553 dicebant
1326 516 1339 551 :
1373 494 1469 549 Hic
1496 495 1646 547 homo
1667 509 1765 545 non
1787 498 1858 543 est

275 616 302 650 α
329 596 633 665 Ι)εο(.Ιοαη
684 600 737 650 9.
778 596 917 661 16);
950 603 1022 655 et,
1083 589 1348 659 Quomodo
1396 589 1475 641 hic
1519 604 1549 639 a
1597 584 1702 639 Deo
1743 583 1861 638 est?

276 689 502 756 Hn't'qttt‘.
542 689 848 757 frequenter
889 685 1189 745 versabant,
1240 681 1327 735 illa
1351 680 1602 733 vitiorum
1645 690 1861 730 suorum

277 782 504 850 tegmina
526 780 881 834 obtendentcs
913 796 924 829 :
957 775 1095 846 quod
1113 774 1271 829 etiam
1299 787 1442 826 nunc
1459 769 1609 824 multi
1640 766 1861 832 faciunt,

275 888 357 941 qm
388 872 514 925 dum
549 872 714 925 Deum
748 870 1019 923 vindicare
1042 866 1311 928 videntur,
1343 862 1455 918 suis
1488 859 1765 929 indulgent
1787 855 1867 910 af-

277 963 522 1029 fectibus,
579 978 701 1016 cmn
749 967 1020 1031 oporteret
1061 958 1239 1013 omnia
1284 971 1404 1010 cum
1464 949 1868 1007 mansuetudine

278 1065 529 1110 tractare.
563 1054 772 1108 Etenim
824 1052 1191 1107 universorum
1234 1048 1393 1113 Deus,
1431 1044 1522 1114 qui
1565 1043 1763 1096 fulmen
1793 1038 1869 1091 vi-

280 1148 431 1200 brare
453 1154 632 1215 potest
652 1145 704 1198 in
735 1158 831 1199 eos
874 1143 965 1213 qui
996 1141 1170 1212 ipsum
1201 1135 1548 1207 blasphemiis
1578 1134 1865 1202 impetum,

277 1237 446 1291 solem
471 1250 628 1290 suum
659 1235 787 1289 oriri
836 1242 1008 1298 curat,
1061 1231 1261 1286 imbres
1313 1227 1544 1290 emittit,
1574 1231 1871 1288 caeteraque

279 1328 457 1382 omnia
486 1326 706 1397 largiter
731 1323 1036 1394 suppeditat
1068 1338 1081 1373 :
1112 1335 1270 1391 quem
1295 1316 1491 1372 imitari
1515 1326 1612 1369 nos
1638 1320 1869 1382 Oportet,

279 1434 468 1490 rogare
494 1432 705 1487 nempe,
736 1430 975 1480 monere,
998 1413 1276 1468 instituere
1292 1423 1413 1465 cum
1441 1402 1870 1468 mansuetudine,

281 1529 386 1567 non
417 1513 599 1579 irasci,
643 1526 746 1566 nec
776 1508 1009 1566 efferari.
1036 1506 1222 1575 Neque
1249 1503 1391 1559 enim
1434 1516 1499 1556 ex
1547 1495 1874 1567 blaSphemia

281 1603 405 1673 quid
434 1603 744 1657 nocumenﬂ
770 1600 837 1655 ad
861 1600 1026 1654 Deum
1055 1595 1281 1661 accedit,
1312 1601 1373 1648 ut
1399 1588 1873 1651 tueexcandescas;

283 1696 375 1750 sed
406 1695 497 1765 qui
524 1693 916 1765 blasphemavit
944 1692 1058 1761 ipse
1081 1690 1273 1747 vulnus
1303 1685 1529 1755 accepit.
1568 1683 1751 1752 Itaque
1795 1684 1876 1734 itt-

284 1787 537 1857 gemisce,
566 1786 863 1856 lacrymare
892 1802 903 1835 :
946 1782 1201 1854 lacrymis
1244 1780 1389 1835 enim
1424 1778 1641 1848 dignum
1668 1774 1878 1830 esthoc

285 1878 492 1942 vitium,
520 1878 607 1932 cui
626 1875 864 1930 curando
896 1874 1100 1929 nullum
1139 1868 1542 1927 mansuetudine
1570 1867 1761 1922 melius
1787 1880 1878 1919 re-

288 1969 540 2025 medium.
569 1967 920 2023 Mansuetudo
939 1965 1134 2037 quippe
1161 1964 1306 2019 omui
1334 1961 1583 2016 violentia
1612 1960 1880 2029 potentior

287 2068 387 2115 est.
411 2058 549 2115 Vide
571 2059 730 2130 igitur
753 2056 1024 2129 quomodo
1058 2057 1104 2111 is
1130 2055 1265 2125 ipse,
1289 2054 1377 2122 qui
1400 2051 1591 2121 injuria
1622 2049 1875 2112 afficitur,

288 2160 344 2205 et
378 2151 432 2205 in
472 2150 642 2205 veteri
673 2159 728 2204 et
766 2150 819 2203 in
860 2162 999 2202 nova
1038 2148 1152 2217 lege
1198 2145 1447 2215 loquatur
1489 2158 1503 2195 :
1551 2140 1620 2196 ibi
1666 2139 1880 2210 quidem

290 2244 475 2301 dicens
506 2261 520 2297 :
545 2243 745 2313 Popule
772 2258 932 2305 meus,
972 2240 1094 2309 quid
1116 2238 1212 2308 feci
1252 2238 1341 2291 tibi
1375 2233 1574 2306 (Mich.
1603 2234 1656 2288 6.
1682 2234 1715 2288 5
1736 2231 1800 2303 )‘l
1828 2232 1879 2286 in

298 2351 435 2391 nova
464 2346 666 2399 autem,
690 2334 869 2397 Saule,
889 2332 1071 2397 Saule,
1085 2331 1207 2402 quid
1234 2345 1314 2383 me
1336 2328 1644 2399 persequeris
1664 2326 1798 2399 (Act.
1825 2325 1882 2381 9.

294 2427 399 2497 4)?
427 2427 623 2482 Paulus
648 2427 773 2481 item
800 2425 957 2495 jubet»
977 2422 1311 2477 adversarios
1330 2434 1450 2474 cum
1474 2418 1884 2473 mansuetudine

294 2520 567 2588 corripere
604 2518 693 2589 (2.
729 2518 858 2572 Tim.
909 2516 964 2570 2.
1019 2514 1147 2586 9.4).
1197 2512 1315 2584 Ipse
1359 2526 1569 2583 quoque
1618 2511 1881 2574 Christus,

294 2611 509 2681 quando
530 2618 875 2666 accesserunt
918 2606 1183 2677 discipuli,
1234 2614 1483 2675 rogantes
1512 2604 1589 2658 ut’
1618 2602 1790 2673 ignem
1818 2602 1910 2658 de.

296 2704 429 2758 czelo
452 2704 744 2765 emitteret,
798 2701 1145 2757 vehementer
1186 2697 1481 2766 increpavit
1530 2710 1624 2751 eos
1664 2696 1883 2764 dicens,

299 2792 520 2848 Nescitis
542 2795 692 2864 cujus
708 2793 918 2863 spiritus
940 2792 1058 2846 estis
1072 2807 1157 2845 vos
1183 2788 1331 2859 (Luc.
1358 2786 1410 2843 9.
1434 2786 1559 2857 54).
1584 2785 1681 2841 Hic
1707 2795 1885 2841 autem

298 2900 402 2938 non
432 2885 560 2939 dicit
584 2885 715 2954 ipse,
745 2885 789 2940 Ο
815 2884 1126 2939 exsecrandi
1167 2892 1223 2939 et
1265 2877 1716 2952 praestigiatores!
1745 2893 1778 2932 ο
1807 2878 1886 2931 in-

298 2976 400 3030 vidi
427 2986 482 3030 et
533 2976 806 3030 hominum
836 2976 1022 3031 salutis
1076 2976 1310 3031 inimici!
1356 2977 1473 3044 sed,
1500 2978 1634 3045 Quid
1662 2976 1889 3048 cogitatis

464 3088 724 3161 IlI-(MCC,
750 3097 810 3161 ςδεᾶ
830 3106 936 3139 τθῦτο
953 3098 1038 3161 οὔτῇ
1053 3102 1260 3161 πρωύδᾶν
1282 3099 1525 3161 ἦδυνῆρῃσαν,
1554 3104 1667 3154 quae
1689 3092 1758 3141 sic
1776 3106 1888 3140 (ἷοη-

303 3154 420 3215 verti
454 3152 673 3200 debent:
706 3153 909 3212 Ideoque
956 3152 1157 3201 ulterius
1196 3153 1424 3214 progredi
1461 3167 1553 3201 non
1574 3152 1842 3215 potuerunt
1868 3166 1889 3204 :

298 3213 479 3262 scilicet
504 3227 598 3262 non
635 3220 896 3275 potuerunt
941 3227 1003 3263 eo
1032 3217 1260 3278 progredi
1295 3213 1352 3263 ut
1382 3213 1889 3266 divinitaleurChristi

301 3284 641 3325 agnoscerent.

301 3289 641 3336 agnoscerent.

1227 379 1293 436 IN
1333 374 1734 434 MATTIIEUM
1778 370 1884 427 HO!

1995 412 2005 422 .
2050 370 2217 425 XXX.
2259 371 2331 425 al.
2376 369 2568 427 XXXI.
3447 366 3550 422 509.

1966 489 2101 539 mala
2129 488 2182 540 in
2217 487 2451 540 cordibus
2471 487 2643 540 vestris
2666 486 2682 555 (
2709 485 2895 539 Matth.
2930 486 3017 540 l5.
3042 483 3185 556 50)?
3210 484 3433 552 Oportet
3457 489 3552 556 igi-

1965 586 2052 633 tur
2071 595 2191 633 cum
2221 578 2626 634 mansuetudine
2667 578 2912 634 morbum
2955 593 3251 634 removere.
3280 577 3411 633 Nam
3464 580 3555 649 qui

1966 687 2032 726 ex
2061 672 2291 726 lmmano
2318 673 2507 727 timore
2533 673 2722 728 melior
2744 672 2990 737 efficitur,
3017 674 3122 726 cito
3141 674 3206 726 ad
3240 674 3553 742 pravitatem

1968 762 2182 816 redibit.
2215 762 2450 833 Ideoque
2474 763 2676 817 zizania
2708 763 2938 834 relinqui
2962 764 3139 832 jussit,
3184 767 3316 817 datis
3349 775 3506 833 lCIllpl
3530 780 3559 820 δ

1984 852 2048 904 ad
2077 852 2471 920 pmnitentiam.
2504 849 2654 903 Multi
2689 865 2925 919 namque
2946 851 3162 905 illorum
3187 852 3560 920 paenitentiam

1985 951 2295 1011 egerunt,et
2323 942 2475 1011 probi
2503 942 2630 997 facti
2670 951 2818 1005 sunt,
2846 942 2937 1012 qui
2960 943 3367 1012 perversiprius
3383 953 3559 1013 erant;

1971 1036 2421 1106 quemadmodum
2442 1035 2656 1100 Paulus,
2682 1035 2990 1105 publicanus
3014 1077 3030 1101 ,
3063 1037 3197 1091 latro
3227 1055 3242 1093 :
3270 1053 3392 1092 nam
3418 1049 3564 1109 post-

1974 1146 2133 1199 quam
2178 1128 2381 1183 zizania
2440 1128 2669 1192 fuerant,
2717 1128 2771 1181 in
2822 1128 3051 1182 triticum
3082 1137 3345 1184 maturum
3374 1131 3563 1186 mutati

1976 1234 2119 1278 sunt.
2150 1220 2209 1276 In
2237 1221 2530 1276 seminibus
2558 1230 2705 1275 certe
2732 1220 2784 1275 id
2816 1221 2928 1275 fieri
2958 1223 3179 1291 nequit;
3213 1222 3264 1276 iu
3291 1228 3567 1295 proposito
3604 1290 3611 1295 _

1977 1327 2031 1368 et
2059 1313 2333 1368 voluntate
2362 1313 2413 1367 id
2455 1322 2601 1367 certe
2654 1312 2804 1367 facile
2851 1321 2933 1367 est
2965 1334 2977 1369 :
3009 1329 3115 1367 non
3174 1315 3315 1368 enim
3362 1324 3568 1371 naturai

1980 1406 2222 1460 terminis
2242 1405 2354 1475 ipsa
2386 1404 2652 1474 alligatur,
2684 1404 2778 1459 sed
2808 1404 3053 1460 libertate
3079 1406 3282 1460 arbitrii
3308 1405 3567 1461 honorata

1980 1498 2099 1552 fuit.
2146 1498 2280 1553 Cum
2321 1512 2450 1568 ergo
2487 1497 2683 1552 videris
2711 1498 2950 1552 veritatis
2979 1497 3186 1552 hostem
3209 1539 3223 1562 ,
3253 1498 3568 1568 obsequium

1981 1594 2055 1647 illi
2091 1593 2288 1661 praebe,
2333 1606 2515 1646 curam
2569 1592 2706 1645 illius
2754 1590 2913 1657 habe,
2962 1590 3030 1645 ad
3080 1592 3329 1647 virtutem
3385 1594 3569 1659 reduc,

1981 1687 2282 1756 exemplum
2309 1684 2715 1753 vitae‘optimum
2749 1685 3010 1753 praebens,
3037 1700 3285 1739 sermone
3312 1695 3466 1741 utens
3494 1688 3580 1739 iu-

1982 1779 2214 1846 culpato,
2245 1776 2600 1846 patrocinium
2632 1776 2728 1845 ipsi
2762 1785 2817 1829 et
2862 1791 3044 1830 curam
3097 1776 3433 1846 impendens,
3459 1793 3573 1831 mo-

1983 1871 2108 1925 dmn
2137 1886 2349 1924 omnem
2381 1868 2768 1923 emendationis
2784 1868 3097 1932 admovens,
3119 1869 3376 1924 imitando
3402 1871 3575 1924 medi-

1984 1981 2076 2019 cos
2106 1966 2354 2034 optimos,
2386 1964 2476 2033 qui
2507 1977 2610 2016 non
2666 1977 2771 2016 una
2800 1970 3001 2015 tantum
3047 1962 3328 2017 medicina;
3371 1965 3576 2020 ratione

1958 2066 2225 2123 utuntur,
2275 2054 2368 2109 sed
2413 2069 2534 2108 cum
2575 2052 2756 2107 vident
2784 2053 2934 2107 ulcus
2962 2053 3123 2123 priori
3156 2054 3445 2123 pharmaco
3472 2072 3575 2110 non

1986 2147 2200 2213 cedere,
2247 2145 2392 2200 aliud
2432 2143 2709 2215 adjiciunt,
2760 2154 2814 2198 et
2860 2152 2980 2214 post
3005 2144 3135 2198 illud
3162 2161 3372 2199 rursum
3397 2147 3577 2210 aliud;

1987 2251 2040 2294 et
2069 2254 2210 2294 nunc
2234 2246 2439 2303 secant,
2471 2251 2613 2291 nunc
2638 2236 2876 2305 alligant.
2910 2235 2979 2290 Et
3004 2245 3059 2289 tu
3084 2236 3259 2306 itaque
3280 2237 3577 2291 animarum

1990 2333 2228 2388 medicus
2251 2331 2495 2397 effectus,
2539 2330 2682 2384 omni
2715 2329 2881 2384 utaris
2909 2328 3128 2384 curandi
3153 2331 3362 2385 ratione
3390 2346 3580 2385 secum.

1988 2425 2114 2479 dum
2138 2422 2337 2478 Christi
2367 2422 2512 2491 leges
2531 2462 2546 2486 ,
2574 2430 2633 2473 ut
2660 2428 2716 2473 et
2740 2420 3057 2475 salutarium
3098 2435 3331 2491 operum
3368 2430 3578 2474 tuorum

1990 2525 2043 2570 et
2068 2515 2292 2569 aliorum
2344 2523 2507 2582 parta:
2537 2512 2725 2566 salutis
2767 2511 3069 2566 mercedem
3106 2513 3355 2581 accipias,
3389 2514 3452 2565 ad
3490 2514 3579 2566 Dei

1990 2608 2209 2678 gloriam
2230 2607 2406 2661 omnia
2426 2604 2642 2667 faciens,
2676 2615 2729 2659 et
2756 2604 2880 2659 inde
2903 2605 2994 2657 tibi
3012 2605 3233 2674 gloriam
3255 2606 3545 2659 concilians
3569 2625 3580 2659 :

1993 2716 2112 2755 nam
2135 2699 2229 2765 ait,
2257 2696 2612 2765 Gloriﬁrantes
2640 2713 2718 2750 me
2745 2696 3059 2766 gloriﬁcabo.
3081 2704 3126 2749 et
3154 2697 3239 2759 qui
3265 2707 3583 2749 contemnunt

1991 2809 2088 2853 me,
2112 2801 2490 2845 contemnemur
2519 2788 2537 2859 (
2562 2790 2610 2841 1.
2646 2788 2772 2857 Reg.
2806 2786 2860 2839 9..
2895 2788 3015 2857 50).
3049 2788 3237 2841 Omnia
3286 2787 3465 2855 itaque
3516 2787 3581 2843 ad

1991 2885 2106 2952 ejus
2132 2883 2353 2952 gloriam
2384 2882 2660 2946 faciamus,
2688 2888 2747 2934 ut
2775 2879 2986 2935 beatam
3033 2881 3175 2934 illam
3207 2892 3407 2936 sortem
3450 2898 3582 2937 con-

1991 2989 2283 3045 sequamur
2313 2990 2328 3027 :
2359 2987 2519 3044 quam
2548 2972 2751 3025 utinam
2785 2987 2976 3027 omnes
3007 2972 3388 3041 adipiscamur,
3417 2975 3582 3043 gratia

1992 3077 2048 3122 et
2101 3065 2422 3134 benignitate
2456 3064 2665 3118 Domini
2695 3065 2861 3116 nostri
2893 3063 3015 3117 Jesu
3052 3064 3268 3125 Christi.
3295 3065 3584 3135 cui-gloria

1994 3168 2049 3215 et
2078 3160 2381 3228 imperium,
2417 3158 2467 3211 in
2512 3158 2703 3211 smcula
2735 3158 3073 3211 Str-culorum.
3108 3160 3299 3212 Amen.

1416 3477 1763 3539 HOMILIA
1834 3476 2050 3540 XXX.
2068 3476 2154 3538 al.
2186 3475 2428 3537 XXXI.

302 3600 425 3655 Car.
452 3601 503 3655 9.
532 3617 582 3654 v.
615 3601 668 3655 9.
697 3598 760 3653 Et
781 3616 905 3652 cum.
924 3600 1153 3653 transiret
1179 3598 1295 3652 inde
1314 3598 1483 3663 Jesus,
1501 3599 1623 3653 vidit
1644 3599 1894 3653 hominem

369 3695 634 3749 sedentem.
648 3698 701 3747 in
731 3694 936 3756 telonio,
965 3692 1265 3747 Matt/tantm
1291 3695 1515 3746 nomine.
1555 3692 1623 3747 Et
1665 3693 1738 3746 ait
1763 3692 1840 3746 illi
1873 3708 1893 3745 :

373 3788 595 3856 Sequere
614 3804 709 3841 me.
742 3785 811 3839 Et
830 3803 1039 3857 surgens
1056 3797 1293 3857 sequutus
1316 3795 1386 3841 est
1405 3802 1539 3839 eum.

378 3882 424 3935 I.
466 3879 729 3946 Quomodo
767 3895 857 3932 nos
884 3894 1056 3949 gerere
1082 3878 1347 3931 debeamus
1385 3893 1507 3945 erga
1551 3876 1890 3930 insidiatores.

306 3971 535 4027 Matt/uti
562 3972 755 4024 vacatio
781 3980 826 4025 et
847 3971 1109 4024 virtus.-—
1128 3970 1353 4024 Peracto
1382 3968 1661 4032 miraculo,
1689 3982 1792 4021 non
1821 3968 1892 4022 ibi

307 4067 521 4124 mansit,
550 4079 619 4118 ne
646 4064 736 4117 illo
763 4071 1025 4132 praesente
1066 4061 1261 4115 invidia
1309 4060 1478 4130 magis
1524 4059 1769 4123 arderet;
1798 4060 1893 4114 sed

307 4155 357 4209 in
388 4155 612 4225 gratiam
641 4155 877 4223 ipsorum
907 4152 1152 4218 recessit,
1185 4160 1244 4206 ut
1263 4152 1481 4205 morbus
1507 4151 1601 4204 ille
1624 4151 1895 4220 mitigare-

306 4256 410 4301 tur.
437 4246 571 4302 Illud
600 4261 813 4315 quoque
839 4260 937 4300 nos
987 4244 1264 4310 faciamus,
1298 4259 1404 4297 non
1435 4242 1593 4298 simul
1618 4251 1892 4296 versantes

305 4357 425 4395 eum
456 4340 851 4404 insidiantibus,
901 4337 996 4394 sed
1042 4352 1227 4393 eorum
1276 4335 1438 4390 ulceri
1487 4334 1889 4405 indulgeamus,

305 4432 559 4487 cedentes
586 4441 640 4486 et
669 4429 1068 4485 contentionem
1112 4429 1361 4483 vitantes.
1384 4427 1491 4482 Sed
1515 4442 1609 4481 cur
1635 4441 1739 4480 non
1770 4440 1890 4479 cum

308 4523 495 4585 Betro,
540 4522 748 4578 Joanne
801 4529 859 4577 et
903 4521 1021 4576 aliis
1070 4518 1574 4575 vocaviteum?‘Ut
1611 4526 1736 4573 tunc
1767 4518 1893 4573 illuc

307 4616 485 4678 venit,
531 4630 653 4669 cum
707 4614 871 4669 sciret
924 4612 1171 4667 homines
1224 4612 1687 4681 obtemperaturos
1728 4624 1887 4664 esse:

308 4706 386 4759 sic
433 4715 561 4759 tunc
607 4703 912 4759 Matthreum
961 4703 1192 4768 vocavit,
1244 4716 1362 4756 cum
1393 4710 1740 4770 sequutnrum
1768 4713 1893 4754 eum

304 4813 427 4859 esse
478 4805 720 4852 noverat.
777 4796 1075 4865 Pr0pterea
1111 4795 1270 4850 etiam
1312 4793 1535 4848 Paulum
1562 4801 1681 4862 post
1714 4807 1894 4847 resur-

310 4892 603 4945 rertiouem
633 4891 870 4961 piscatus
909 4896 1009 4944 est.
1043 4887 1174 4942 Nam
1211 4886 1302 4957 qui
1333 4885 1491 4941 corda
1520 4885 1689 4947 novit,
1719 4892 1773 4939 et
1798 4898 1891 4939 oc-

306 4984 447 5037 culta
501 4983 756 5036 mentium
803 4980 1075 5050 perSpicit,
1127 4979 1331 5035 sciebat
1378 4978 1714 5047 qnandonam
1743 4976 1892 5046 quis-

307 5092 411 5146 que
436 5090 624 5129 eorum
664 5075 1055 5142 obsequuturus
1104 5082 1268 5127 esset.
1320 5070 1552 5140 Ideoque
1595 5084 1699 5123 non
1743 5068 1894 5123 initio

308 5167 518 5221 vocavit
564 5167 709 5220 illum
734 5205 751 5230 ,
796 5179 916 5219 cum
945 5163 1119 5217 adlmc
1159 5162 1380 5217 duriore
1409 5171 1551 5217 esset
1574 5162 1773 5227 animo,
1798 5161 1893 5216 sed

310 5268 429 5329 post
458 5268 709 5311 sexcenta
742 5255 997 5309 miracula
1019 5297 1033 5319 ,
1065 5269 1185 5309 cum
1233 5254 1369 5307 fama
1413 5268 1507 5307 sua
1560 5252 1895 5321 percrebuis-

310 5363 412 5414 set,
443 5348 657 5420 quando
686 5349 830 5403 illum
856 5354 1082 5402 noverat
1108 5345 1177 5401 ad
1203 5344 1678 5415 obtemperantium
1719 5346 1895 5413 aptio-

313 5458 423 5495 rem
452 5456 594 5496 esse.
636 5440 754 5494 Non
780 5440 879 5495 abs
904 5453 963 5493 re
989 5447 1168 5492 autem
1213 5435 1374 5491 fuerit
1399 5435 1627 5504 apostoli
1657 5434 1895 5504 philoso-

311 5534 490 5605 phiam
526 5534 542 5564 ³
575 5532 786 5595 mirari,
819 5530 910 5601 qui
937 5536 1236 5583 anteactam
1267 5527 1429 5582 vitam
1458 5540 1562 5580 non
1589 5524 1893 5591 occultavit,

376 5667 391 5696 ι
426 5662 566 5730 savil.
594 5669 646 5711 et
668 5660 853 5730 δίᾳ-ειη
878 5659 1207 5730 sapientiam;
1242 5658 1501 5730 sed__vox,_
1527 5654 1896 5730 philosopbiam,

308 5732 373 5777 ΙΙῘ(
411 5725 592 5774 melius
613 5718 853 5791 quadrare
879 5718 1109 5791 videtur:
1137 5718 1246 5791 nam
1271 5718 1569 5791 philosophia
1600 5718 1899 5791 apudChryf

304 5798 577 5839 soslvmttttt
606 5780 710 5847 pro,
752 5786 940 5844 virtute,
967 5781 1203 5834 modestia
1240 5780 1299 5847 et
1334 5780 1618 5836 humilitate.
1634 5780 1895 5847 accipitur.

311 5856 394 5904 uir
414 5864 558 5912 ιτυτικυ
576 5843 843 5898 ήίιιώειευω
868 5843 1044 5909 laudat,
1063 5849 1145 5911 qui
1172 5845 1454 5910 publicanus
1470 5859 1578 5894 cunt
1598 5848 1751 5904 esset,
1768 5843 1902 5892 ideo-

2004 3598 2098 3653 sed
2130 3606 2187 3653 ct
2216 3614 2409 3651 nomen
2433 3614 2587 3651 suum
2607 3598 2806 3665 posuit,
2834 3598 2973 3667 quod
3003 3598 3093 3653 alii
3129 3601 3178 3654 iu
3208 3600 3350 3655 aliud
3394 3617 3585 3658 nomen

2000 3690 2257 3745 mutando
2281 3690 2643 3744 occultavere.
2674 3690 2781 3744 Cur
2810 3705 2969 3759 porro
3011 3690 3144 3746 dixit
3187 3692 3359 3762 ipsum
3386 3694 3589 3750 sedisse

2003 3783 2057 3836 in
2086 3782 2321 3837 telonio?
2354 3781 2605 3837 Vocantis
2632 3782 2741 3837 vim
2772 3781 3062 3838 ostendens
3083 3825 3097 3848 ,
3130 3785 3271 3854 quod
3303 3801 3422 3841 eum
3453 3802 3589 3842 non-

2001 3873 2128 3927 dum
2159 3873 2454 3929 destitisset
2481 3883 2536 3928 et
2565 3873 2813 3943 improbo
2844 3873 3042 3928 telonio
3069 3874 3319 3943 haereret,
3364 3892 3430 3932 ex
3475 3895 3591 3933 me-

2002 3968 2104 4021 diis
2144 3968 2314 4037 ipsum
2369 3967 2526 4021 malis
2573 3967 2884 4021 extraxerit.
2937 3968 3395 4034 Quemadmodum
3444 3972 3587 4026 enim

2003 4060 2216 4114 beatum
2266 4060 2491 4113 Paulum
2523 4059 2785 4114 furentem
2814 4068 2867 4113 et
2892 4060 3044 4115 rabie
3076 4062 3334 4129 percitum
3367 4078 3591 4117 conver-

2003 4153 2061 4206 tit
2088 4170 2101 4205 :
2130 4152 2180 4206 id
2204 4151 2345 4221 quod
2377 4154 2492 4221 ipse
2519 4151 2764 4206 vocantis
2802 4151 3051 4206 virtutem
3102 4151 3478 4207 demonstrans
3514 4155 3592 4211 ait

2000 4244 2067 4297 ad
2108 4243 2325 4300 Galatas
2376 4245 2619 4299 scribens
2648 4262 2661 4298 :
2688 4243 2914 4299 Audistis
2966 4246 3391 4300 conversationem
3426 4264 3590 4302 meam

1999 4333 2273 4403 aliquando
2293 4334 2346 4386 in
2374 4333 2664 4397 Judaismo,
2696 4334 2814 4404 quia
2852 4349 3007 4403 supra
3032 4333 3237 4387 ntodum
3262 4338 3591 4405 persequebar

2003 4425 2284 4479 Ecclesium
2314 4425 2409 4478 Dei
2438 4424 2589 4497 (Gal.
2623 4427 2679 4484 I.
2718 4424 2823 4497 15)
2853 4425 2970 4479 :sic
2994 4434 3047 4480 et
3070 4425 3363 4494 piscatores
3388 4428 3441 4482 in
3471 4445 3589 4483 me-

1999 4518 2102 4571 diis
2119 4518 2373 4587 operibus
2400 4517 2610 4572 vocavit
2635 4534 2647 4570 :
2676 4516 2769 4571 sed
2812 4516 2890 4570 illi
2919 4525 3090 4572 artem
3133 4519 3453 4573 exercebant
3481 4536 3587 4573 non

2000 4611 2407 4681 vituperabilem
2436 4610 2672 4681 quidem,
2707 4608 2799 4664 sed
2831 4625 2950 4679 qua:
2974 4619 3091 4664 erat
3140 4610 3413 4664 hominum
3436 4627 3589 4682 agre-

2003 4707 2187 4769 stium,
2238 4718 2344 4758 non
2390 4704 2737 4766 urbanorum,
2784 4712 2945 4773 atque
2986 4704 3206 4757 omnino
3226 4704 3586 4774 simplicium;

2002 4798 2116 4852 htec
2146 4804 2323 4851 autem
2351 4795 2592 4850 lucrandi
2620 4795 2778 4860 ratio,
2806 4794 3132 4864 impudentia
3161 4796 3313 4865 plena
3340 4804 3475 4862 erat,
3522 4812 3588 4851 ac

2003 4891 2291 4961 petulantia
2314 4932 2328 4953 ,
2361 4900 2600 4960 qurestus
2627 4889 2840 4958 iniquus
2862 4897 2917 4943 et
2946 4896 3243 4943 mercatura
3271 4888 3544 4943 illiberalis
3572 4906 3585 4942 :

2002 4993 2235 5038 attamen
2281 4983 2413 5037 nihil
2442 4982 2633 5037 horum
2663 4982 2876 5037 erubuit
2910 4983 2959 5036 is
2976 4983 3066 5052 qui
3096 4984 3322 5037 vocavit.
3346 4982 3456 5039 Nec
3486 4999 3591 5037 mt-

2002 5094 2142 5144 rum,
2171 5077 2214 5131 si
2238 5077 2581 5148 publicanum
2608 5090 2714 5130 non
2736 5076 3036 5137 erubescat,
3064 5075 3277 5147 quando
3297 5089 3396 5130 nec
3419 5090 3593 5131 mere-

2002 5172 2186 5227 tricem
2207 5184 2401 5225 vocare
2424 5184 2527 5224 non
2557 5168 2727 5223 modo-
2746 5183 2852 5227 non
2891 5168 3122 5231 erubuit,
3153 5167 3244 5222 sed
3274 5166 3437 5234 pedes
3465 5182 3595 5223 suos

2001 5266 2255 5330 osculari,
2306 5264 2663 5336 Iacrymisque
2705 5263 2880 5331 rigare
2924 5261 3186 5331 permisit.
3232 5260 3442 5315 Etenim
3473 5260 3594 5315 ideo

2003 5358 2168 5423 venit,
2202 5372 2306 5410 non
2350 5365 2407 5409 ut
2445 5369 2640 5425 corpus
2670 5362 2886 5407 curaret
2927 5352 3134 5417 solum,
3163 5351 3256 5406 sed
3299 5360 3357 5406 ut
3399 5352 3594 5406 animae

2004 5449 2207 5506 morbis
2236 5448 2559 5505 mederetur.
2582 5447 2735 5515 Quod
2770 5448 2930 5500 etiam
2981 5445 3277 5517 paralytico
3298 5444 3547 5516 praestitit
3578 5462 3593 5499 :

2004 5666 2105 5719 que
2126 5652 2255 5719 male
2279 5650 2467 5719 audiret
2487 5648 2612 5712 apud
2635 5646 2860 5719 _.tud:_eos,
2899 5657 3255 5719 nomeqsunm‘
3286 5651 3451 5694 tamen
3493 5657 3593 5693 non

2004 5706 2339 5767 decultaverit.
2380 5712 2468 5762 sed
2487 5706 2603 5760 sese
2635 5710 2893 5758 Mattbzeuu
2941 5706 3283 5768 appellaverit,
3320 5720 3486 5769 neque
3512 5720 3593 5753 ιιι)-

2004 5793 2120 5827 men
2134 5790 2275 5827 suum
2294 5773 2711 5835 mutaverit,iquod
2733 5778 2887 5820 lalllCL
2918 5769 3141 5819 fecerunt
3158 5769 3237 5818 alii
3255 5769 3592 5835 evangelistam

2007 5842 2093 5905 qui
2114 5843 2270 5903 ipsum
2293 5838 2403 5888 Levi
2428 5834 2751 5898 appellarunt.
