4038 6364
502 313 606 368 363

495 439 548 481 et
577 411 856 496 postquam
883 426 1028 485 clare
1051 429 1379 497 ostenderat,
1410 445 1469 486 se
1496 446 1652 501 posse
1677 443 1890 503 peccata
1911 433 2091 488 dimit-

495 527 626 584 tere,
661 518 731 575 ad
757 518 900 576 hunc
921 531 1108 591 postea
1137 523 1385 589 accessit,
1416 535 1474 580 ut
1513 541 1618 579 non
1639 525 1984 583 turbarentur
2013 529 2090 584 vi-

494 610 686 667 dentes
716 612 1053 682 publicanum
1085 615 1140 670 in
1167 614 1552 688 discipulorum
1591 619 1817 675 chorum
1837 620 2090 678 adscribi.

492 699 626 756 Nam
654 704 744 773 qui
775 712 948 774 potest
995 717 1212 776 peccata
1254 709 1433 766 omnia
1471 711 1703 779 solvere,
1734 713 1861 783 quid
1892 715 2088 772 mirum

491 793 536 847 si
559 802 614 848 et
657 795 800 850 hunc
822 798 1123 867 apostolum
1153 797 1352 856 faciat?
1379 801 1484 857 Sed
1514 811 1573 858 ut
1593 802 1826 859 didicisti
1850 808 2092 862 vocantis

493 894 832 954 potestatem,
868 888 948 943 sic
971 889 1119 945 disce
1137 893 1312 947 vocati
1339 891 1722 949 obedientiam.
1743 894 1927 966 Neque
1945 897 2088 952 enim

490 979 823 1049 repugnavit,
852 996 1024 1053 neque
1047 982 1296 1040 dubitans
1315 985 1483 1040 dixit:
1511 985 1649 1054 Quid
1679 985 1783 1044 hoc
1804 989 1930 1044 est?
1959 1006 2088 1046 num

492 1084 582 1124 me
624 1067 895 1126 hominem
938 1073 1248 1143 hujusmodi
1305 1075 1676 1133 fraudulenter
1720 1080 1917 1135 vocat?
1953 1080 2086 1136 Nam

493 1173 639 1220 certe
679 1165 1050 1237 intempestiva
1090 1167 1279 1226 fuisset
1315 1168 1618 1241 hujusmodi
1652 1171 1947 1229 humilitas.
1978 1173 2086 1232 Sed

489 1257 670 1312 statim
699 1258 934 1315 obedivit
964 1278 978 1315 :
1012 1277 1186 1333 neque
1216 1263 1367 1332 petiit
1394 1264 1686 1320 utdomum
1729 1266 1810 1322 ire
1860 1266 2083 1336 liceret,

487 1359 546 1404 ut
589 1364 703 1404 rem
749 1365 870 1405 cum
943 1351 1057 1408 suis
1111 1354 1571 1423 communicaret,
1625 1357 2082 1427 quemadmodum

484 1443 646 1497 etiam
666 1443 962 1513 piscatores
987 1443 1226 1501 fecerunt
1259 1463 1273 1500 :
1309 1455 1366 1501 ut
1403 1447 1549 1502 enim
1573 1448 1650 1504 illi
1674 1452 1836 1518 retia,
1866 1450 2086 1507 navicu-

487 1534 616 1599 lam,
656 1546 713 1591 et
737 1547 967 1606 patrem,
993 1539 1064 1594 ita
1096 1548 1152 1595 et
1177 1539 1619 1598 hicteloniariam
1647 1557 1890 1599 mensam
1918 1554 1974 1600 et
2003 1543 2086 1598 lu-

479 1639 641 1682 crum
667 1627 908 1698 reliquit,
939 1638 1000 1685 ut
1026 1640 1366 1701 sequeretur,
1391 1630 1457 1686 ad
1481 1633 1660 1688 omnia
1689 1642 1931 1703 paratum
1961 1634 2082 1689 ani-

484 1733 632 1775 mum
668 1720 929 1778 exhibens
961 1739 974 1778 :
1006 1733 1061 1779 et
1108 1738 1139 1778 a
1167 1724 1331 1780 rebus
1353 1725 1604 1780 omnibus
1645 1727 1991 1783 smeularibus
2023 1741 2083 1785 se

481 1811 665 1866 statim
712 1812 1054 1881 abscindens,
1081 1829 1178 1885 per
1205 1814 1574 1871 obedientiam
1607 1816 1895 1887 perfectam
1929 1818 2082 1874 testi-

482 1902 764 1972 ficabatur,
791 1921 951 1976 quam
983 1908 1305 1976 tempestive
1325 1917 1547 1963 vocatus
1591 1907 1795 1964 fuisset.
1843 1908 1914 1965 Et
1961 1925 2079 1979 cur,

482 1995 710 2067 inquies,
743 2013 852 2053 non
893 1998 961 2054 de
981 1997 1100 2055 aliis
1120 1998 1274 2064 dixit,
1330 2000 1600 2072 quomodo
1627 2002 1802 2057 vocati
1838 2001 2034 2058 fuerint
2061 2043 2078 2070 ,

481 2087 576 2143 sed
603 2086 670 2144 de
700 2087 860 2144 Petro
882 2095 1106 2154 tantum,
1133 2088 1360 2154 Jactiho,
1394 2089 1601 2147 Joanne
1630 2101 1686 2148 et
1714 2090 1980 2163 Philippo,
2010 2092 2080 2149 de

479 2181 694 2237 trieteris
729 2196 859 2237 vero
887 2181 1189 2252 nusquam?
1231 2181 1364 2250 Quia
1409 2180 1463 2236 hi
1513 2183 1744 2238 maxime
1779 2194 1955 2251 erant,
1986 2184 2078 2254 qui

481 2271 710 2336 humiles
753 2272 836 2340 vel
887 2281 1072 2344 turpes
1116 2281 1260 2328 artes
1315 2274 1671 2340 exercebant;
1721 2289 1894 2345 neque
1932 2276 2077 2331 enim

477 2364 752 2435 quidpiam
789 2374 873 2422 est
915 2366 1206 2438 publicano
1227 2365 1484 2433 deterius,
1507 2367 1592 2422 vel
1609 2367 1876 2437 piscatore
1893 2368 2082 2426 vilius.
2127 2381 2132 2384 '

479 2455 632 2524 Quod
656 2471 817 2526 porro
842 2457 1122 2528 Philippus
1150 2457 1310 2512 etiam
1357 2458 1497 2514 inter
1531 2458 1793 2529 ignobiles
1831 2475 2079 2517 censere-

479 2555 588 2613 tur,
613 2561 678 2602 ex
699 2547 866 2618 patria
895 2547 1082 2618 liquet.
1119 2547 1324 2603 Idcirco
1349 2547 1448 2603 hos
1466 2550 1698 2605 maxime
1725 2564 1845 2605 cum
1873 2551 2078 2607 artibus

477 2639 593 2693 suis
642 2639 959 2709 praedicant,
991 2638 1076 2694 his
1121 2638 1462 2696 declarantes
1488 2639 1589 2695 sibi
1619 2640 1782 2696 etiam
1829 2642 1882 2696 in
1913 2642 2076 2698 rebus

479 2730 776 2800 splendidis
817 2729 976 2786 ﬁdem
1026 2745 1148 2788 esse
1203 2729 1531 2787 habendam.
1575 2729 1711 2787 Cum
1756 2729 1900 2787 enim
1942 2733 2077 2789 nihil

483 2832 803 2893 prmtereant
823 2839 1014 2880 eorum
1050 2839 1170 2895 qua:
1221 2823 1592 2894 vituperabilia
1628 2824 1712 2878 vel
1750 2823 1876 2878 vilia
1925 2835 2073 2892 sunt,

479 2916 574 2971 sed
599 2916 715 2971 haec
742 2931 851 2987 prie
879 2915 1004 2972 aliis
1025 2924 1274 2971 accurate
1297 2915 1610 2986 praedicent,
1638 2915 1752 2971 sive
1794 2915 1884 2970 ilia
1911 2916 2078 2986 magi-

439 3020 672 3076 "stram,
721 3008 835 3063 sive
885 3008 1180 3078 discipulos
1229 3017 1638 3078 spectent,cur
1664 3007 1718 3063 in
1767 3007 2071 3078 splendidis

478 3099 890 3170 conspicuisque
905 3098 1142 3170 suspecti
1166 3097 1386 3164 fuerint,
1436 3112 1558 3152 cum
1579 3097 1814 3153 maxime
1846 3097 1997 3169 signa
2018 3105 2078 3154 et

483 3189 748 3247 miracula
772 3191 940 3246 multa
972 3199 990 3230 ι
1019 3199 1463 3262 prmtercurrant,
1520 3199 1575 3244 et
1615 3205 1732 3261 qua:
1755 3189 1822 3245 ad
1858 3205 2075 3247 crucem

476 3290 741 3352 spectant,
764 3298 885 3353 qua:
916 3290 1068 3340 certe
1099 3282 1358 3353 probrosa
1389 3282 1639 3338 videntur
1661 3293 1912 3339 accurate
1927 3299 2075 3354 prie-

476 3374 683 3441 diccnt,
716 3373 1100 3445 discipulorum
1147 3372 1276 3430 item
1323 3381 1489 3435 artes,
1539 3373 1806 3446 vilemque
1849 3384 2069 3442 sortem,

476 3465 714 3537 magistri
735 3480 946 3536 quoque
961 3465 1355 3537 progenitores,
1374 3466 1465 3535 qui
1497 3465 1580 3522 vel
1612 3480 1679 3522 ex
1709 3467 1960 3537 peccatis,
1985 3467 2074 3524 vel

475 3573 542 3614 ex
578 3557 671 3614 vili
701 3557 1012 3613 conditione
1045 3557 1158 3611 noti
1196 3564 1371 3623 erant,
1409 3557 1555 3612 clara
1584 3571 1718 3613 voce
1752 3557 1804 3614 in
1835 3558 2072 3614 medium

473 3649 806 3719 pimferunt?
834 3649 992 3706 Unde
1018 3649 1363 3704 manifestum
1391 3657 1494 3712 est,
1525 3649 1671 3719 ipsos
1700 3665 1952 3720 magnam
1973 3665 2070 3707 ve-

477 3740 652 3796 ritatis
684 3739 936 3795 habuisse
967 3740 1249 3802 rationem,
1302 3753 1367 3794 ac
1408 3755 1583 3810 nequc
1610 3739 1677 3796 ad
1698 3741 1945 3812 gratiam,
1974 3755 2070 3798 ne-

475 3848 581 3903 que
610 3831 676 3886 ad
713 3830 1124 3886 ostentationem
1155 3829 1461 3901 scripsisse.

545 3925 604 3979 2.
632 3922 820 3980 Christi
864 3923 1008 3992 apud
1050 3922 1350 3978 Matthtcum
1393 3923 1703 3979 conviountis
1722 3925 1906 3996 agendi
1939 3927 2072 3980 ratio

474 4017 777 4088 explicatur.
820 4011 1218 4083 Redargnuntur
1258 4014 1296 4067 ii
1319 4013 1407 4084 qui
1433 4014 1529 4070 sibi
1568 4017 1759 4086 famam
1787 4032 1851 4070 ea:
1867 4018 2069 4088 jejunio

474 4125 654 4182 parere
686 4116 890 4162 curant.
936 4137 1009 4148 —
1033 4105 1296 4162 Vocatum
1327 4108 1508 4178 itaque
1535 4107 1844 4164 Matthacum
1877 4125 2070 4179 magno

473 4201 658 4258 all‘ecit
701 4200 911 4256 honore
953 4199 1022 4255 ad
1068 4214 1310 4255 mensam
1349 4199 1662 4263 admittens.
1689 4216 1797 4271 quo
1828 4203 1973 4257 illum
2000 4201 2069 4259 de

471 4294 656 4350 futuro
681 4291 818 4349 bene
843 4307 1064 4364 sperare
1089 4303 1265 4359 curat,
1286 4303 1340 4348 ct
1360 4292 1618 4364 majorem
1642 4294 1776 4350 indit
1795 4295 2066 4351 ﬁduciam.

472 4383 590 4440 Non
623 4383 768 4439 enim
794 4383 848 4438 in
878 4382 1116 4438 sananda
1131 4382 1248 4453 ejus
1273 4383 1550 4453 iniquitate
1568 4384 1792 4440 multum
1813 4386 2070 4456 temporis

471 4475 738 4541 adhibuit,
784 4473 882 4532 sed
927 4475 1058 4531 illud
1106 4476 1287 4530 statim
1338 4474 1538 4531 factum
1579 4485 1692 4542 est;
1736 4494 1909 4548 neque
1942 4495 2066 4534 cum

474 4565 570 4621 illo
596 4573 812 4621 tantum
840 4565 1112 4622 recumbit
1127 4565 1196 4622 ad
1210 4580 1483 4634 mensam,
1498 4566 1594 4622 sed
1615 4581 1740 4622 cum
1759 4567 1882 4623 aliis
1904 4566 2047 4622 mul-

473 4656 581 4713 tis:
601 4672 933 4728 quamquam
953 4657 1005 4712 id
1024 4657 1103 4712 illi
1120 4658 1341 4714 crimini
1363 4658 1616 4723 dabatur,
1633 4659 1776 4730 quod
1801 4669 2053 4729 peccato-

473 4763 566 4804 res
591 4763 700 4803 non
722 4747 981 4818 abigeret.
1003 4748 1206 4804 Verum
1231 4764 1408 4820 neque
1431 4751 1536 4807 hoc
1564 4751 1743 4806 celant
1764 4742 2050 4822 evangeli-

474 4849 576 4896 sta:
601 4841 875 4911 quomodo
913 4841 988 4894 illi
1015 4841 1312 4896 accusandi
1338 4843 1664 4898 occasiones
1704 4841 2000 4912 captabant
2032 4879 2053 4910 ,

471 4929 592 4999 ejus
614 4927 958 4999 explorantes
981 4941 1164 4998 Opera.
1192 4929 1535 4984 Conveniunt
1572 4945 1731 4999 porro
1757 4933 2063 5003 publicani,

471 5020 625 5090 quasi
671 5020 739 5076 ad
787 5021 920 5076 artis
962 5030 1301 5087 consortem;
1347 5036 1470 5076 nam
1500 5021 1690 5080 honori
1729 5024 1834 5080 sibi
1863 5026 2065 5084 ducens

469 5113 612 5184 quod
637 5113 882 5170 Christus
911 5113 979 5169 ad
1005 5128 1063 5169 se
1089 5114 1345 5180 venisset,
1373 5129 1561 5170 omnes
1583 5119 1915 5173 convocavit.
1941 5119 2065 5175 Ete-

467 5209 580 5264 nim
608 5221 769 5264 omne
805 5206 1096 5262 curationis
1135 5221 1305 5277 genus
1332 5205 1576 5264 Christus
1611 5207 1932 5278 adhibebat,
1962 5227 2063 5269 nec

460 5299 632 5374 ,modo
651 5314 773 5356 cum
802 5299 1231 5367 concionaretur,
1265 5313 1387 5354 cum
1410 5307 1644 5365 curaret,
1667 5315 1790 5356 cum
1817 5303 2062 5361 inimicos

467 5392 835 5463 redargueret,
895 5391 990 5448 sed
1039 5392 1199 5446 etiam
1247 5405 1371 5448 eum
1419 5391 1811 5460 convivaretur,
1862 5393 2060 5454 multos

473 5484 617 5538 male
646 5482 866 5538 affectos
894 5483 1253 5538 emendabat:
1277 5482 1362 5539 his
1387 5497 1486 5538 nos
1508 5483 1710 5540 docens
1733 5499 1894 5542 omne
1922 5495 2061 5542 tem-

472 5587 571 5641 pus
619 5587 885 5643 omneque
933 5587 1068 5645 opus
1115 5587 1270 5643 posse
1317 5572 1471 5628 nobis
1515 5575 1793 5630 utilitatem
1847 5576 2058 5634 afferre.

472 5645 725 5731 Quamvis
751 5673 926 5720 autem
947 5679 1012 5722 ea
1033 5681 1152 5735 quae
1179 5674 1304 5721 tunc
1322 5665 1564 5735 apposita
1588 5675 1760 5734 erant,
1786 5668 2062 5742 iniquitate

543 5799 560 5830 ³
597 5795 711 5859 Alii,
731 5810 843 5848 cum
860 5796 1069 5850 maxime
1091 5797 1231 5868 signa
1253 5797 1404 5851 multa
1425 5805 1470 5850 et
1495 5781 1753 5853 mirabilia.

1250 316 1306 372 S.
1347 317 1624 375 JOANNIS
1660 318 2136 376 CllliYSOSTOlll
2177 322 2494 384 ARCHIEP.
2535 328 3070 396 CONSTANTINOP.
3659 288 3749 414 δέη

2198 447 2252 492 et
2281 443 2501 496 avaritia
2531 455 2680 513 parta
2705 458 2891 506 essent
2921 469 2936 507 :
2971 469 3080 510 non
3107 459 3370 516 recusavit
3392 470 3561 524 tamen
3613 471 3752 527 Chii.

2191 541 2305 590 stus
2324 534 2410 590 his
2435 534 2706 591 eonvivari
2731 560 2742 594 :
2761 540 2884 610 quia
2911 557 3162 614 magnum
3189 547 3312 605 inde
3336 551 3533 611 lucrum
3555 574 3752 618 eventu-

2194 632 2499 715 rutnerat;
2539 629 2634 684 sed
2659 632 3056 692 contubernalis
3083 649 3138 695 et
3162 644 3435 702 convictor
3471 661 3552 705 est
3583 669 3752 715 eorum

2193 711 2285 810 qui
2326 713 2630 784 hujusmodi
2674 721 2939 792 iniquitati
2982 742 3042 784 se
3087 729 3418 792 dediderant.
3465 711 3751 810 Huiusmodi

2191 803 2390 875 quippe
2411 809 2669 900 medicus,
2699 815 2802 870 nisi
2830 832 3094 888 aegrorum
3123 826 3456 893 putredinem
3483 803 3629 900 ferat,
3659 854 3752 896 non

2192 908 2289 950 eos
2311 911 2342 950 a
2374 899 2562 956 morbo
2585 902 2726 959 eruit
2757 921 2771 960 :
2805 920 3124 980 quamquam
3153 913 3278 971 inde
3315 919 3506 977 malam
3546 899 3639 981 sibi
3680 930 3750 986 fa.

2192 1001 2336 1090 mam
2357 992 2671 1090 attralteret,
2701 1005 2756 1052 et
2781 1000 2924 1069 quod
2950 1015 3073 1060 eum
3101 1005 3193 1062 illo
3217 1010 3423 1079 ederet,
3460 1025 3511 1070 et
3546 1022 3676 1090 quod
3706 1026 3752 1081 in

2188 1078 2352 1180 domo
2377 1082 2645 1180 ejusueum
2679 1089 3236 1158 publicanis‘multis.
3279 1078 3417 1160 Vide,
3435 1078 3604 1164 autem
3631 1078 3752 1180 quo;

2190 1172 2353 1230 modo
2394 1174 2448 1233 id
2491 1177 2568 1234 illi
2607 1181 2802 1250 probro
2826 1196 3037 1243 vertant
3061 1197 3076 1245 ε
3103 1190 3252 1247 Ecce'
3265 1180 3415 1250 homo
3441 1201 3574 1256 edax
3593 1215 3636 1257 et
3649 1172 3754 1265 Ivini

2190 1273 2411 1360 potator,
2429 1269 2816 1339 publicanorum
2829 1280 3022 1334 amicus
3044 1291 3091 1336 et
3108 1297 3426 1353 peccatorum
3452 1291 3652 1360 (Matth.
3671 1301 3750 1354 11.

2189 1355 2305 1449 lii).
2337 1360 2569 1416 Audiant
2598 1363 2672 1419 illi
2699 1367 2790 1436 qui
2817 1384 3063 1442 magnam
3103 1375 3206 1432 sibi
3233 1376 3426 1436 famam
3458 1355 3529 1439 ex
3565 1386 3753 1458 jejunio

2186 1462 2378 1519 parere
2398 1461 2645 1526 satagunt
2677 1474 2692 1511 :
2724 1461 3068 1536 eogitentque
3097 1467 3380 1528 Dominum
3411 1486 3644 1535 nostrum
3669 1498 3754 1539 vo-

2184 1557 2363 1644 rticem
2403 1555 2457 1602 et
2484 1548 2592 1603 vini
2619 1560 2919 1620 potatorem
2956 1569 3199 1617 vocatum
3226 1563 3426 1644 fuisse,
3456 1586 3621 1644 neque
3641 1591 3752 1632 eru-

2183 1631 2394 1702 buisse;
2441 1638 2538 1695 sed
2568 1641 2682 1696 luce
2718 1647 2897 1702 omnia
2927 1648 3263 1724 despexisse,
3294 1631 3490 1717 utrem
3511 1631 3607 1721 sibi
3636 1683 3752 1738 pro-

2182 1729 2411 1819 positam
2453 1734 2738 1818 perficeret
2769 1754 2788 1806 ;
2835 1741 2886 1798 id
2915 1745 3058 1813 quod
3103 1748 3266 1804 etiam
3312 1756 3510 1811 evenit.
3548 1729 3670 1815 Nam
3703 1773 3753 1819 et

2181 1818 2496 1909 publicanus
2518 1835 2808 1884 conversus
2834 1841 2915 1886 est
2941 1843 2995 1890 et
3021 1837 3213 1894 melior
3231 1841 3471 1902 effectus.
3502 1847 3570 1905 Ut
3587 1818 3751 1909 autem

2181 1908 2378 1977 discas,
2400 1925 2652 1984 quantum
2680 1918 2803 1976 boni
2833 1926 3116 1984 accederet
3154 1931 3221 1986 iis
3257 1935 3348 2004 qui
3388 1936 3622 2006 ejusdem
3641 1908 3750 2000 cum

2180 2017 2247 2094 eo
2274 2019 2474 2062 mensa:
2496 2011 2780 2084 participes
2795 2026 2998 2085 essent,
3020 2021 3142 2077 audi
3168 2025 3294 2094 quid
3319 2027 3462 2085 dicat
3481 2029 3752 2092 Zaccbieus

2179 2093 2316 2150 alius
2345 2099 2677 2168 publicanus.
2725 2104 2857 2174 Quia
2885 2110 3028 2166 enim
3058 2093 3260 2172 audivit
3284 2117 3559 2179 Christum
3586 2124 3753 2182 dicen-

2183 2195 2292 2288 tem
2310 2229 2327 2255 ,
2359 2189 2530 2288 Hodie
2555 2195 2612 2250 in
2637 2197 2789 2288 domo
2826 2211 2914 2257 tua
2941 2216 3137 2274 oportet
3162 2226 3242 2265 me
3265 2228 3470 2270 manere
3491 2217 3510 2288 (
3530 2217 3651 2274 Luc.
3670 2221 3748 2278 19.

2177 2278 2260 2348 5),
2291 2282 2486 2352 gaudio
2525 2287 2806 2357 perfusus,
2836 2293 2966 2350 dixit
2994 2313 3008 2350 :
3039 2297 3321 2360 Dimidium
3350 2278 3591 2364 bonorum
3627 2329 3752 2367 meo-

2177 2387 2292 2426 rum
2308 2373 2382 2468 do
2408 2379 2737 2449 pauperibus,
2764 2395 2811 2438 et
2833 2387 2878 2439 si
2890 2387 3012 2453 quid
3035 2389 3252 2462 aliquem
3270 2394 3588 2468 defraudaui,
3608 2401 3751 2458 reddo

2177 2467 2520 2539 quadruplum
2549 2471 2710 2542 (Ibid.
2743 2491 2791 2530 υ.
2822 2477 2900 2548 8).
2923 2479 3020 2534 Cui
3050 2486 3327 2554 respondit
3363 2487 3521 2547 Iesus
3543 2467 3752 2551 {Hodie

2176 2557 2317 2612 salus
2343 2561 2516 2616 domui
2542 2563 2658 2619 huic
2683 2569 2822 2638 facta
2847 2579 2920 2624 est
2945 2570 3106 2642 (Ibid.
3131 2590 3181 2630 υ.
3211 2578 3286 2650 9).
3316 2579 3408 2637 Sic
3425 2596 3494 2639 ex
3520 2585 3750 2643 omnibus

2177 2651 2313 2706 alios
2344 2652 2622 2714 instituere
2651 2660 2794 2716 licet.
2827 2663 2895 2720 Et
2935 2670 3206 2736 quomodo
3227 2712 3245 2740 ,
3279 2672 3493 2745 inquies
3513 2718 3530 2743 ,
3571 2659 3750 2737 Paulus

2179 2746 2337 2812 ιιι·ωεί
2343 2746 2419 2814 pit
2444 2764 2457 2800 :
2483 2747 2546 2804 Si
2569 2751 2704 2819 quis,
2723 2769 2839 2808 cum
2854 2755 3013 2825 frater
3030 2762 3338 2834 nominetur,
3357 2767 3423 2822 sit
3438 2769 3747 2839 (micarius,

2177 2847 2265 2889 aut
2295 2853 2499 2906 avarus,
2525 2857 2640 2897 cum
2659 2860 2719 2900 eo
2739 2861 2802 2900 ne
2826 2849 3085 2906 comedere
3105 2854 3309 2923 quidem
3330 2869 3529 2929 oportet
3551 2863 3596 2934 (l
3609 2901 3622 2916 .
3638 2862 3748 2919 Cor.

2177 2928 2232 3024 5.
2263 2929 2393 3002 ll)?
2419 2932 2490 2986 At
2511 2948 2619 2990 non
2647 2943 2812 3006 patet,
2843 2955 2910 2994 an
2940 2941 3069 2998 illud
3093 2946 3253 3001 etiam
3283 2928 3568 3021 magistris
3581 2953 3752 3024 praeci-

2175 3022 2388 3093 piatur,
2429 3040 2604 3097 neque
2647 3029 2822 3086 solum
2861 3031 3133 3091 fratribus.
3170 3037 3374 3096 Deinde
3414 3043 3490 3098 illi
3531 3022 3748 3101 nondum
3834 3050 3842 3060 '

2176 3113 2401 3184 perfecti
2428 3119 2678 3189 auctique
2703 3131 2890 3189 erant,
2937 3140 3110 3196 neque
3142 3127 3402 3186 fratribus
3441 3148 3749 3190 annumera-

2174 3205 2390 3264 bantnr.
2446 3209 2530 3265 Ad
2578 3210 2697 3268 haec
2737 3228 2867 3268 vero
2909 3215 3127 3285 Paulus,
3162 3218 3273 3290 jam
3301 3222 3427 3279 illos
3465 3223 3528 3279 in'
3543 3225 3748 3281 fratrum

2175 3317 2457 3358 numerum
2497 3303 2733 3362 adscitos
2769 3310 3004 3364 aversari
3027 3312 3210 3381 jubet,
3240 3315 3288 3370 si
3321 3315 3379 3371 in
3407 3319 3560 3374 malis
3585 3334 3750 3388 perse-

2175 3404 2363 3451 verent
2395 3413 2409 3451 :
2441 3396 2496 3452 hi
2521 3407 2702 3454 autem
2732 3402 2873 3457 male
2912 3417 3073 3473 agere
3118 3419 3468 3464 cessaverant
3499 3411 3748 3469 conversi.

2176 3489 2374 3547 Verum
2403 3491 2535 3548 nihil
2563 3492 2755 3549 horum
2783 3495 3087 3552 Pharisaeos
3112 3506 3474 3570 compressit,
3521 3503 3614 3560 sed
3649 3505 3748 3559 cri-

2171 3584 2442 3640 minantes
2465 3586 2848 3656 aggreditmtur
2871 3588 3166 3660 discipulos
3196 3591 3278 3646 his
3303 3594 3484 3649 verbis
3508 3612 3522 3648 :
3554 3596 3637 3652 ll.
3658 3595 3751 3650 Cur

2171 3693 2291 3731 cum
2354 3677 2638 3746 publicanis
2696 3689 2744 3733 et
2798 3681 3148 3750 peccatoribus
3201 3686 3480 3739 manducat
3529 3687 3750 3757 magister

2171 3770 2368 3824 vester?
2388 3771 2600 3828 Etcum
2633 3771 2876 3843 discipuli
2907 3787 3132 3844 peccare
3173 3776 3459 3844 videntur,
3495 3777 3749 3835 Christum

2170 3861 2253 3916 sic
2277 3861 2622 3932 alloquuntur
2650 3878 2666 3918 :
2705 3862 2838 3918 Ecce
2871 3865 3111 3936 discipuli
3146 3868 3221 3920 tui
3261 3871 3462 3941 faciunt
3499 3871 3630 3942 quod
3656 3889 3747 3926 non

2170 3953 2288 4008 licet
2323 3953 2376 4007 in
2418 3953 2625 4010 sabbato
2667 3954 2836 4025 facere
2861 3955 3078 4028 (Matth.
3109 3957 3196 4014 l2.
3223 3959 3316 4032 2);
3347 3961 3436 4018 hic
3460 3979 3586 4019 vero
3619 3962 3746 4033 apud

2169 4045 2460 4116 discipulos
2503 4046 2774 4103 Christum
2819 4049 3188 4106 criminantur.
3233 4052 3369 4121 Quae
3394 4057 3574 4110 omnia
3602 4055 3746 4109 mali-

2168 4139 2442 4210 gnantium
2487 4147 2660 4206 erant,
2702 4149 2757 4196 et
2801 4141 3092 4198 volentium
3128 4143 3512 4214 discipulorum
3539 4146 3745 4201 chorum

2169 4244 2202 4284 a
2223 4230 2478 4299 magistro
2497 4231 2890 4300 avellere.Qttid
2908 4233 3066 4304 igitur
3082 4235 3344 4291 immensa
3368 4238 3459 4292 illa
3480 4237 3747 4307 sapientia?

2175 4322 2260 4376 12.
2293 4320 2416 4376 Non
2436 4322 2683 4395 indigent,
2712 4325 2914 4395 inquit,
2961 4325 3076 4380 sani
3102 4328 3318 4395 medico,
3369 4331 3460 4384 sed
3503 4333 3586 4400 qui
3628 4331 3748 4383 male

2171 4414 2372 4469 habent.
2402 4413 2536 4471 Vide
2566 4416 2837 4486 quomodo
2866 4431 3170 4474 sermonem
3210 4434 3404 4476 eorum
3451 4422 3502 4477 in
3542 4431 3746 4478 contra-

2169 4503 2310 4558 rium
2350 4505 2530 4561 vertit.
2563 4504 2643 4561 Illi
2671 4521 2904 4577 namque
2941 4507 3156 4564 crimini
3193 4508 3398 4566 dabant
3441 4511 3572 4582 ipsi,
3615 4508 3746 4582 quod

2168 4608 2288 4648 cum
2301 4595 2406 4651 illis
2427 4606 2762 4665 versaretur;
2782 4597 2872 4654 ille
2889 4600 3217 4655 contrarium
3240 4601 3466 4672 profert,
3491 4603 3745 4675 indignum

2169 4684 2501 4755 benignitate
2543 4702 2641 4742 sua
2690 4703 2812 4744 esse
2848 4690 2895 4745 si
2947 4705 3052 4746 non
3079 4707 3201 4748 cum
3231 4693 3340 4750 illis
3378 4707 3654 4761 versetur;
3690 4708 3747 4750 ac

2167 4795 2277 4835 non
2307 4781 2466 4836 modo
2506 4796 2566 4837 se
2604 4782 2831 4839 crimine
2859 4799 3082 4840 vacuum
3109 4800 3232 4842 esse
3268 4803 3393 4843 cum
3423 4789 3545 4845 illos
3571 4805 3744 4845 emcn-

2168 4872 2355 4940 daret,
2385 4873 2480 4928 sed
2506 4888 2620 4930 rem
2649 4889 2771 4930 esse
2799 4877 3119 4946 praecipuam
3139 4919 3155 4946 ,
3198 4887 3253 4934 et
3279 4882 3632 4937 necessariam
3654 4922 3670 4949 ,
3696 4887 3746 4935 et

2167 4966 2316 5021 mille
2339 4965 2585 5022 laudibus
2625 4968 2863 5040 dignam.
2908 4970 3111 5026 Deinde
3139 4987 3206 5026 ne
3241 4973 3518 5030 videretur
3542 4981 3744 5029 vocatos

2165 5059 2371 5131 pudore
2398 5058 2613 5115 afficere
2631 5101 2648 5127 ,
2677 5074 2800 5115 cum
2827 5061 3066 5130 diceret,
3097 5062 3202 5130 Qui
3235 5066 3370 5120 male
3393 5065 3604 5131 habent,
3633 5063 3745 5119 vide

2164 5151 2436 5222 quomodo
2479 5152 2642 5208 leniat
2686 5152 2856 5219 illud,
2902 5169 3024 5208 cum
3066 5154 3188 5210 illos
3225 5155 3472 5226 increpat
3509 5166 3564 5213 et
3589 5158 3741 5212 dicit:

2167 5243 2256 5297 15.
2290 5242 2502 5309 Euntes,
2535 5245 2715 5298 discite
2731 5245 2854 5315 quid
2875 5255 2968 5310 est,
2996 5245 3051 5299 Μ
3055 5246 3403 5302 isericordiam
3422 5249 3558 5313 volo,
3587 5259 3630 5303 et
3651 5263 3743 5302 non

2163 5336 2472 5405 sacrificium
2501 5335 2654 5406 (Osee
2681 5336 2736 5392 6.
2767 5337 2848 5407 6).
2877 5336 2991 5393 Hoc
3025 5347 3202 5393 autem
3231 5338 3481 5408 dicebat,
3509 5341 3740 5409 Scriptu-

2163 5442 2342 5482 rarum
2393 5428 2745 5498 ignorantiam
2790 5428 2922 5499 ipsis
2963 5430 3093 5486 vitio
3119 5440 3354 5489 vertens.
3394 5433 3738 5501 Quamobrem

2165 5516 2624 5587 acriusloquitur,
2645 5533 2754 5574 non
2785 5520 2991 5589 iratus;
3007 5522 3151 5578 absit
3168 5541 3186 5592 ;
3205 5525 3300 5580 sed
3319 5526 3482 5581 neilli
3501 5528 3732 5580 animum

2165 5610 2586 5680 desponderent.
2619 5611 2965 5684 Quamquam
3004 5616 3189 5672 dicere
3214 5627 3429 5687 poterat
3458 5637 3474 5673 :
3508 5618 3623 5674 Non
3649 5633 3735 5672 co-

2165 5698 2390 5769 gitatis,
2441 5703 2718 5771 quomodo
2773 5706 3077 5776 paralytico
3126 5719 3346 5776 peccata
3397 5707 3735 5764 dimiserim?

2169 5805 2364 5864 corpus
2381 5793 2500 5864 ejus
2518 5795 2850 5852 ﬁrmaverim
2873 5797 2896 5850 ἲ
2916 5797 2984 5852 At
3001 5797 3137 5853 nihil
3155 5799 3348 5854 horum
3367 5798 3504 5856 dicit
3525 5819 3539 5855 :
3556 5813 3730 5857 verum
