4038 6364
455 324 569 388 365

433 445 576 517 ὀὒχῖ
593 444 754 508 αὕτδς
782 445 1134 518 ὀργιζόμενος
1156 461 1175 479 θ
1211 448 1286 520 μή
1309 448 1546 517 γένοιτο’
1580 448 1695 503 ἀλλ’
1723 448 1864 503 ὥστε
1897 441 2141 514 ἐκείνους

457 529 535 598 μὴ
557 528 1255 600 ἐξαπορηθῆναι.Καιτοιγε
1286 531 1518 601 ἠδύνατο
1545 533 1719 585 εἰπεῖν
1737 549 1752 564 σ
1787 530 1907 586 Οὐκ
1927 533 2140 604 ἐνενοή-

454 627 608 674 σατε,
636 611 754 675 πῶς
808 610 976 666 ἔλυσα
1001 612 1102 677 τὰς
1129 614 1405 685 ἁμαρτίας
1429 612 1526 668 τοῦ
1571 613 1943 685 παραλυτικοῦ
1969 632 1984 682 ;
2020 614 2140 677 πῶς

451 697 513 749 τὸ
550 696 711 766 σῶμα
756 695 1018 767 ἐσφιγξας
1063 697 1205 752 Ἀλλ’
1245 698 1306 752 οὐ
1355 697 1506 767 λέγει
1546 696 1751 751 τούτων
1786 696 1940 754 οὐδέν
1974 712 1989 727 ’
2021 697 2139 752 ἀλλ’

451 780 560 834 ἀπὸ
586 779 696 834 τῶν
725 782 919 834 κοινῶν
947 780 1223 853 λογισμῶν
1251 781 1469 853 πρῶτον
1495 782 1678 846 αὐτοῖς
1698 780 2024 850 διαλέγεται,
2042 782 2138 836 καὶ

451 862 571 915 τότε
606 863 715 916 ἀπὸ
743 862 852 916 τῶν
886 864 1140 934 Γραφῶν.
1164 863 1347 918 Εἰπὼν
1372 865 1604 938 γὰρ,οὑ
1640 865 1846 932 χρείαν
1882 865 2142 934 ἔχουσιν

451 947 508 997 οί
552 947 873 1015 ἰσχύοντες
920 947 1157 1015 ἰατροῦ,
1190 949 1330 1003 ἀλλ’
1377 951 1432 1003 οί
1475 947 1678 1014 κακῶς
1716 950 1984 1018 ἔχοντες,
2041 950 2137 1004 καὶ

452 1025 822 1092 λανθανόντως
857 1026 1039 1093 δείξας
1057 1031 1248 1084 ἐαυτὸν
1294 1030 1422 1084 δντα
1452 1030 1545 1084 τὸν
1577 1030 1760 1102 ἰατρὸν
1784 1071 1799 1093 ,
1826 1031 1947 1085 τότε
1976 1027 2098 1086 εἷπε
2117 1053 2133 1067 ·

452 1107 854 1177 Πορευθέντες
870 1109 1090 1179 μάθετε
1110 1111 1169 1164 τί
1196 1113 1387 1176 ἐστιν,
1415 1111 1630 1166 Ἕλεον
1649 1111 1803 1167 θέλω
1818 1112 1916 1165 καὶ
1941 1115 2013 1168 οὐ
2035 1117 2136 1168 θυ-

449 1191 615 1245 σίαν.
640 1191 797 1247 Οὕτω
825 1195 921 1247 καὶ
963 1194 992 1247 6
1038 1193 1248 1259 Παῦλος
1279 1197 1442 1249 ποιεῖ.
1495 1194 1769 1266 Πρότερον
1794 1195 1843 1225 ⁸³
1871 1195 1979 1248 ἀπὸ
2026 1196 2136 1252 τῶν

449 1274 645 1328 κοινῶν
703 1276 1167 1348 παραδειγμάτων
1219 1278 1311 1332 τὸν
1364 1278 1521 1348 λόγον
1576 1279 2012 1344 κατασκευάσας,
2038 1281 2135 1335 καὶ

448 1356 621 1412 εἰπών
639 1375 654 1390 ·
697 1360 794 1426 Τίς
816 1362 1113 1429 ποιμαίνει
1135 1363 1431 1431 ποίμνην,
1469 1361 1568 1417 καὶ
1608 1362 1677 1416 ἐκ
1696 1361 1805 1416 τοῦ
1832 1361 2135 1432 γάλακτος

448 1441 640 1510 αὐτῆς
668 1441 718 1474 ⁸⁵
739 1445 851 1497 οὐκ
878 1443 1065 1500 ἐσθίει
1081 1461 1100 1508 ;
1117 1446 1241 1499 τότε
1272 1447 1367 1500 καὶ
1396 1446 1497 1510 τάς
1520 1446 1745 1517 Γραφὰς
1769 1449 2017 1518 ἐπήγαγε
2044 1446 2134 1500 λέ-

447 1542 562 1594 γων
589 1542 603 1554 ·
654 1527 756 1580 Ἐν
781 1526 892 1596 γὰρ
916 1527 996 1593 τῷ
1015 1527 1181 1597 νόμῳ
1220 1528 1273 1581 Μ
1280 1527 1520 1595 ωῦσέως
1543 1528 1886 1599 γέγραπται,
1923 1531 2013 1584 Ού
2037 1547 2133 1598 φι-

446 1605 668 1675 μώσεις
690 1610 853 1674 βοῦν
893 1611 1167 1666 ἀλοῶντα
1198 1631 1211 1644 -
1245 1616 1340 1666 καὶ
1378 1613 1560 1677 πάλιν,
1596 1614 1794 1680 Οὕτως
1835 1616 1869 1667 ό
1916 1615 2130 1681 Κύριος

447 1689 684 1757 διέταξε
716 1693 842 1761 τοῖς
885 1695 952 1749 τὸ
996 1693 1366 1765 Εὐαγγέλιον
1411 1695 1933 1766 καταγγέλλουσιν
1961 1695 2029 1761 ⁸⁸,
2057 1695 2129 1750 ἐκ

446 1774 557 1829 τοῦ
583 1778 958 1847 Εύαγγελίου
985 1776 1112 1847 ζῇν.
1133 1778 1278 1850 Πρὸς
1300 1778 1358 1832 δέ
1374 1778 1502 1843 τοὺς
1529 1778 1779 1850 μαθητὰς
1809 1779 1909 1848 οὐχ
1931 1776 2126 1840 οὕτως’

445 1854 583 1910 ἀλλά
628 1857 739 1911 τῶν
798 1859 1039 1931 σημείων
1071 1861 1478 1932 ἀναμιμνήσκει
1513 1860 1658 1914 οὕτω
1699 1861 1874 1930 λέγων
1900 1877 1913 1891 ·
1953 1860 2131 1914 Οὔπω

442 1942 848 2008 μνημονεύετε
884 1942 1027 2009 τοὺς
1089 1943 1273 1997 πέντε
1320 1942 1540 2012 ἄρτους
1582 1943 1704 1998 τῶν
1746 1958 2131 2013 πεντακισχι-

443 2021 615 2090 λίων,
638 2023 739 2077 καὶ
768 2027 1003 2092 πόσους
1026 2027 1319 2096 κοφίνους
1349 2025 1628 2091 ἑλάϐετε;

515 2111 587 2174 γ’.
631 2106 773 2194 Ἀλλ’
797 2107 858 2161 ού
892 2108 1030 2194 πρὸς
1061 2109 1282 2194 τούτους
1310 2107 1515 2194 οὕτως’
1550 2107 1687 2162 ἀλλά
1706 2106 1811 2194 τῆς
1848 2107 2132 2194 ἀσθεχείας

444 2185 854 2260 ἀναμιμνήσκει
881 2191 982 2261 τῆς
1015 2192 1222 2263 κοινῆς,
1253 2192 1346 2244 καὶ
1367 2191 1604 2246 δείκνυσι
1633 2192 1729 2245 xal
1752 2191 1947 2255 αὐτοὺς
1970 2185 2133 2256 ὄντας

444 2268 557 2322 τῶν
604 2268 996 2334 ἀσθενούντων,
1031 2273 1149 2342 οἵγε
1195 2274 1315 2327 οὐδὲ
1351 2272 1451 2337 τὰς
1501 2273 1727 2345 Γραφάς
1766 2273 1968 2345 ᾔδεσαν
1990 2314 2006 2340 ,
2034 2276 2131 2328 καὶ

446 2353 631 2425 πάσης
659 2355 760 2426 τῆς
810 2355 1005 2428 λοιπῆς
1055 2356 1388 2427 ἀμελοῦντες
1414 2357 1637 2429 ἀρετῆς,
1668 2358 1730 2410 ἐν
1759 2360 1880 2421 ταῖς
1916 2357 2131 2420 θυσίαις

442 2435 505 2490 τὸ
527 2439 635 2491 πᾶν
662 2439 903 2494 ἐτίθεντο
940 2457 952 2469 ·
981 2439 1010 2493 ὃ
1044 2439 1137 2493 καὶ
1186 2439 1391 2512 σφόδρα
1422 2442 1620 2504 αὐτοὺς
1649 2440 1696 2472 ⁸⁸
1734 2439 2130 2510 αἰνιττόμενος,

441 2519 504 2573 τὸ
520 2520 610 2575 διά
626 2521 736 2575 τῶν
760 2522 1055 2595 προφητῶν
1080 2524 1298 2577 πάντων
1325 2522 1613 2595 εἰρημένον
1635 2524 1693 2576 ἐν
1716 2521 1907 2594 βραχεῖ
1924 2522 2127 2594 τίθησι,

443 2603 618 2682 λέγων
639 2621 655 2636 ο
673 2604 902 2661 Μάθετε
924 2607 982 2660 τί
1000 2608 1192 2670 ἐστιν,
1216 2607 1436 2660 Ἔλεον
1459 2606 1630 2668 θέλω,
1652 2607 1751 2659 καὶ
1779 2608 1852 2660 οὐ
1884 2608 2126 2662 θυσίαν.

441 2688 542 2741 Διά
588 2687 698 2760 γάρ
738 2688 945 2742 τούτων
981 2688 1251 2744 δείκνυσιν
1279 2689 1381 2743 οὐκ
1413 2688 1576 2742 αὐτὸν
1621 2687 1750 2744 ὅντα
1771 2688 1864 2743 τὸν
1890 2706 2130 2759 παρανο-

445 2769 651 2842 μοῦντα
674 2808 691 2835 ,
737 2770 852 2825 ἀλλ’
900 2773 1142 2836 ἐκείνους
1181 2785 1196 2802 ⁸
1226 2772 1428 2826 ὡσανεὶ
1479 2771 1634 2836 ἔλεγε
1670 2787 1685 2800 ’
1736 2772 1893 2836 Τίνος
1942 2774 2131 2829 ἐνεκεν

441 2852 725 2921 ἐγκαλεῖτέ
754 2872 844 2926 μοι
868 2872 882 2920 ;
910 2856 992 2909 δτι
1027 2854 1385 2926 ἁμαρτωλοὺς
1417 2853 1761 2925 διορθοῦμαι;
1795 2853 2006 2909 Οὐκοῦν
2034 2857 2129 2910 καὶ

438 2935 521 3006 τῷ
541 2938 718 3008 Πατρὶ
751 2939 797 2970 ⁸⁷
828 2937 987 2992 τοῦτο
1037 2937 1387 3007 ἐγκαλέσετε.
1430 2936 1610 3008 Ὅπερ
1632 2931 1724 2990 οὖν
1772 2937 1866 2990 καὶ
1893 2936 2127 3008 ἀλλαχοῦ

439 3019 601 3074 τοῦτο
632 3021 1057 3086 κατασκευάζων
1101 3022 1286 3090 ἐλεγεν
1305 3036 1322 3053 °
1365 3021 1429 3075 '0
1483 3020 1687 3089 Πατήρ
1713 3039 1834 3091 μου
1862 3022 1969 3088 ἕως
1996 3023 2130 3091 άρτι

438 3102 737 3172 ἐργάζεται
759 3144 774 3167 ,
815 3103 979 3174 κάγὼ
1044 3105 1355 3176 ἐργάζομαι
1388 3120 1404 3136 ο
1450 3105 1545 3159 καὶ
1614 3104 1849 3159 ἐνταῦθα
1913 3105 2078 3161 πάλιν
2110 3122 2128 3138 ο

441 3187 842 3255 Πορευθέντες
875 3187 1094 3257 μάθετε
1139 3189 1198 3242 τί
1226 3190 1419 3255 ἐστιν,
1461 3190 1681 3245 Ἕλεον
1708 3190 1882 3255 θέλω,
1909 3191 2010 3244 καὶ
2055 3191 2129 3244 οὐ

442 3271 684 3326 θυσίαν.
723 3271 934 3342 ’Ὠσπερ
977 3270 1086 3344 γὰρ
1134 3273 1341 3336 ἐκεῖνος
1390 3271 1551 3326 τοῦτο
1605 3272 1892 3343 βούλεται,
1926 3274 2127 3344 φησὶν,

440 3352 584 3408 οὕτω
603 3357 698 3408 καὶ
728 3354 858 3424 ἐγώ.
894 3355 1058 3426 Ὁρᾷς
1090 3353 1208 3419 πῶς
1232 3357 1416 3409 ἐκεῖνα
1450 3358 1549 3428 μὲν
1592 3358 1843 3429 περιττὰ,
1875 3357 2048 3412 ταῦτα
2073 3359 2130 3411 δέ

441 3438 749 3506 ἀναγκαῖα;
776 3437 911 3492 Ούδέ
937 3438 1048 3509 γὰρ
1071 3433 1243 3503 εἷπεν,
1261 3440 1452 3493 Ἔλεον
1470 3438 1609 3493 θέλω
1631 3443 1725 3493 καὶ
1744 3442 1957 3504 θυσίαν,
1989 3439 2127 3503 ἀλλ’,

445 3521 666 3574 Ἕλεον
698 3519 880 3586 θέλω,
904 3519 1001 3574 καὶ
1027 3523 1098 3574 ού
1124 3522 1369 3577 θυσίαν.
1402 3523 1476 3577 Τὸ
1510 3523 1609 3595 μὲν
1637 3521 1747 3595 γὰρ
1781 3524 2047 3595 ἐνέκρινε,
2069 3525 2130 3579 τὸ

439 3597 500 3653 δὲ
544 3598 800 3663 ἐξέϐαλε’
832 3600 928 3653 καὶ
973 3598 1256 3665 ἀπέδειξεν
1302 3601 1366 3655 ού
1429 3602 1589 3674 μόνον
1640 3604 1701 3656 οὐ
1748 3603 2129 3675 κεκωλυμένον

441 3683 580 3755 ὅπερ
603 3683 926 3750 ἐνεκάλουν,
965 3683 1101 3739 ἀλλὰ
1133 3685 1228 3738 καὶ
1273 3684 1428 3758 [551]
1462 3687 1992 3758 νενομοθετημένον,
2035 3688 2131 3741 καὶ

445 3767 647 3838 μᾶλλον
672 3767 717 3799 ⁸⁸
756 3767 859 3838 τῆς
888 3768 1081 3832 θυσίας
1114 3784 1128 3800 ·
1175 3768 1270 3822 καὶ
1302 3767 1401 3840 τὴν
1445 3769 1691 3825 Παλαιὰν
1722 3770 1891 3842 αὑτήν
1918 3771 2130 3840 εἰσάγει

444 3850 656 3923 συνῳδά
672 3850 821 3922 αὐτῷ
836 3851 880 3883 ⁴’
905 3850 1284 3923 φθεγγομένην
1306 3853 1400 3905 καὶ
1425 3852 1842 3924 νομοθετοῦσαν.
1862 3854 2131 3925 meam-

446 3949 604 4005 μενος
626 3933 806 3988 τοίνυν
833 3933 1011 3987 αὐτῶν
1044 3935 1139 3989 καὶ
1180 3935 1289 3990 ἀπὸ
1316 3935 1427 3989 τῶν
1468 3936 1664 3991 κοινῶν
1692 3936 2126 4008 ὑποδειγμάτων,

443 4016 539 4069 καὶ
558 4015 667 4070 ἀπὸ
693 4014 803 4070 τῶν
844 4015 1099 4087 Γραφῶν,
1131 4017 1327 4085 ἐπάγει
1347 4016 1511 4071 πάλιν
1534 4018 1581 4050 ⁸⁰
1601 4035 1615 4050 ο
1643 4020 1767 4072 Οὐκ
1800 4013 1998 4088 ἦλθον
2020 4037 2129 4074 κα-

441 4098 621 4154 λέσαι
660 4098 930 4166 δικαίους
958 4138 974 4164 ,
1013 4099 1151 4155 ἀλλ’
1198 4100 1591 4169 ἁμαρτωλοὺς
1640 4104 1730 4169 είς
1781 4102 2125 4172 μετάνοιαν.

439 4183 641 4247 Ταῦτα,
660 4183 717 4237 δὲ
744 4183 1169 4255 εἰρωνευόμενος
1220 4183 1356 4254 πρὸς
1390 4185 1588 4248 αὐτοὺς
1616 4184 1762 4255 λέγει
1791 4186 1859 4250 ⁸¹,
1898 4186 1974 4249 ὡς
2000 4188 2128 4241 ὅταν

440 4265 576 4341 λέγῃ
605 4283 621 4299 ο
664 4266 821 4321 Ἰδοὺ
870 4264 1057 4335 Ἀδὰμ
1107 4265 1356 4335 γέγονεν
1404 4266 1486 4334 ὡς
1534 4264 1624 4334 εἷς
1666 4268 1732 4332 ἐξ
1787 4267 1956 4338 ἡμῶν
1976 4286 1991 4300 ο
2033 4270 2128 4324 καὶ

442 4349 602 4404 πάλιν
630 4356 648 4383 ‘-
694 4349 831 4404 Ἐὰν
871 4348 1137 4402 πεινάσω
1169 4389 1185 4414 ,
1223 4351 1296 4404 οὐ
1339 4349 1424 4419 μή
1474 4365 1575 4404 σοι
1625 4351 1793 4404 εῖπω.
1834 4349 1960 4405 Ὅτι
2017 4353 2127 4423 γὰρ

439 4434 615 4498 οὐδεὶς
648 4432 853 4496 δίκαιος
892 4427 962 4504 ἦν
1022 4430 1131 4486 ἐπι
1160 4433 1261 4504 τῆς
1312 4433 1450 4503 γῆς,
1482 4432 1693 4497 Παῦλος
1737 4433 2007 4504 ἐδήλωσεν
2050 4436 2128 4488 εί·

442 4521 560 4573 πών
585 4536 598 4550 ·
637 4517 868 4584 Πάντες
911 4516 1024 4587 τὰρ
1080 4517 1368 4587 ἥμαρτον,
1412 4516 1512 4572 καὶ
1564 4518 1963 4585 ὑστεροῦνται
2012 4518 2126 4589 τῆς

439 4603 626 4671 δόξης
654 4603 757 4657 τοῦ
798 4602 968 4657 Θεοῦ.
1002 4601 1175 4655 Τοῦτο
1206 4601 1252 4633 ⁵³
1276 4601 1334 4654 δέ
1385 4601 1478 4655 καὶ
1519 4600 1764 4665 ἐκείνους
1798 4602 2124 4674 παρεμυθή-

440 4702 573 4740 σατο
605 4685 733 4749 τοὺς
763 4684 1156 4756 κεκλημένους.
1192 4683 1458 4738 Τοσοῦτον
1474 4684 1523 4716 ⁸³
1565 4683 1674 4755 γάρ
1705 4685 1896 4756 ἀπέχω
1918 4727 1934 4751 ,
1966 4689 2123 4758 φησι,

435 4768 533 4823 τοῦ
573 4768 928 4840 βδελύξασθαι
959 4767 1340 4840 ἁμαρτωλοὺς,
1376 4769 1458 4823 ὅτι
1496 4770 1592 4824 καὶ
1631 4770 1698 4824 δι’
1724 4772 1921 4834 αὐτοὺς
1947 4787 2126 4843 παρα-

436 4852 639 4922 γέγονα
691 4852 906 4924 μόνους.
936 4848 1090 4914 Εἶτα,
1138 4852 1226 4906 ἵνα
1276 4851 1351 4924 μὴ
1395 4852 1767 4923 ὑπτιωτέρους
1796 4854 2121 4924 ἐργάσηται,

435 4933 606 4988 εἰπὼν
628 4934 1039 5005 ἁμαρτωλοὺς,
1057 4934 1158 4988 οὔκ
1188 4935 1465 5005 ἐσίγησεν,
1486 4935 1623 4988 ἀλλά
1652 4937 2015 5008 προσέθηκεν,
2035 4941 2125 5004 εὶς

430 5018 775 5089 μετάνοιαν.
809 5017 889 5073 Οὐ
924 5017 1034 5089 γὰρ
1065 5017 1207 5072 ὥστε
1251 5019 1613 5094 ἁμαρτωλοὺς
1668 5023 1848 5092 μεῖναι
1881 5039 2123 5093 παρεγε-

434 5101 627 5173 νόμην,
659 5101 774 5155 ἀλλ’
805 5100 946 5154 ῶστε
988 5102 1391 5173 μεταϐαλέσθαι
1439 5103 1534 5158 καὶ
1563 5104 1819 5172 γενέσθαι
1858 5104 2118 5175 βελτίους.

519 5184 676 5238 Ἐπεὶ
701 5181 796 5239 οὖν
834 5185 1098 5239 πάντοθεν
1135 5186 1483 5256 ἐπεστόμισε,
1514 5186 1611 5240 καὶ
1635 5187 1744 5240 ἀπὸ
1770 5186 1879 5241 τῶν
1908 5187 1956 5219 ⁵⁵
1980 5188 2123 5259 Γρα-

436 5267 572 5336 φῶν,
608 5267 705 5320 καὶ
735 5267 844 5321 ἀπὸ
866 5267 966 5339 τῆς
990 5267 1099 5321 τῶν
1145 5269 1487 5341 πραγμάτων
1534 5268 1876 5335 ἀκολουθίας,
1908 5271 2004 5326 καὶ
2031 5272 2122 5324 ού-

433 5350 523 5405 δέν
551 5349 706 5421 ἔσχον
727 5352 922 5416 εἰπεῖν,
957 5349 1246 5405 ὑπεύθυνοι
1279 5352 1392 5415 τοῖς
1430 5351 1738 5422 ἐγκλήμασι
1770 5353 2028 5423 φανέντες
2048 5354 2117 5418 ⁸³,

433 5429 518 5499 οἷς
532 5435 811 5507 ἐπήγαγον
836 5432 1005 5503 αὐτῷ,
1025 5435 1119 5488 καὶ
1147 5434 1380 5488 ἐναντίοι
1403 5432 1482 5504 τῷ
1504 5433 1654 5505 νόμῳ
1676 5434 1774 5488 καὶ
1792 5437 1860 5506 τῇ
1884 5435 2117 5506 Παλαιᾷ,

433 5516 667 5586 ἀφέντες
708 5517 909 5580 αὐτὸν,
943 5516 1107 5571 πάλιν
1159 5518 1254 5570 ἐπὶ
1294 5518 1422 5580 τοὺς
1454 5517 1701 5589 μαθητὰς
1754 5517 1816 5572 τὸ
1862 5517 2117 5590 ἔγκλημα

512 5623 571 5694 ⁸³]
606 5621 901 5694 Πρότερον]
935 5622 1061 5694 add.
1091 5638 1128 5691 γ

1131 5622 1203 5677 ao
1245 5622 1313 5677 A.
1427 5622 1475 5655 “
1497 5624 1600 5677 αὐτ

437 5690 487 5724 ιι
512 5639 1284 5756 ἔιτῗὲἸςῗρὲἒὲδέ⁰ἓιὶνῖαείριὲ

1427 5626 1475 5655 ⁸⁵
1497 5626 1600 5677 αὐτ
1640 5626 1689 5695 ς]
1733 5626 1795 5693 τῆ

1357 5693 1402 5725 ⁵⁷
1433 5626 1635 5767 [πατρὶ]
1670 5694 1795 5767 add;

1245 329 1306 389 S.
1343 330 1629 391 JOANNIS
1666 331 2159 391 CHRYSOSTOMI
2195 333 2517 391 ARCIIIEP.
2559 335 3113 391 CONSTAN'I‘INUP.

3799 338 3895 393 ὓῐιυ

2245 450 2629 520 μεταφέρουσι.
2663 450 2773 504 Kal
2801 452 2830 504 6
2860 451 2957 521 μὲν
2989 451 3204 515 Λουκᾶς
3236 467 3421 524 φησιν,
3448 453 3534 507 ὅτι
3553 453 3603 508 οἱ
3628 452 3899 524 Φαρισαῖοι

2241 530 2393 587 εἷπον
2414 550 2427 564 ·
2453 525 2610 597 οὗτος
2635 532 2714 598 δέ,
2755 533 2837 586 ὅτι
2865 534 2917 587 οῖ
2966 533 3208 604 μαθηταὶ
3245 535 3490 588 Ἰωάννου
3508 552 3522 567 ο
3558 535 3707 598 εἰκὸς
3736 534 3796 588 δὲ
3818 538 3900 590 καὶ

2239 617 2583 689 ἀμφοτέρους
2610 617 2782 671 ταῦτα
2814 618 3114 688 εἰρηκέναι.
3152 618 3612 691 Ἔξαπορηθέντες
3643 619 3753 691 γὰρ
3777 621 3902 673 ἐκεί-

2239 717 2381 766 νους,
2405 700 2483 755 ὼς
2514 699 2680 765 εἰκὸς,
2719 699 2836 771 μεθ’
2859 700 3068 755 ἑαυτῶν
3110 701 3499 772 λαμϐάνουσιν,
3525 704 3662 775 ὅπερ
3690 703 3788 757 καὶ
3820 704 3902 758 ἐπὶ

2236 785 2346 839 τῶν
2388 784 2732 855 Ἦρωδιανῶν
2755 783 2979 856 ὕστερον
3004 784 3287 856 ἐποίησαν.
3311 787 3422 840 Kal
3459 786 3569 859 γάρ
3594 785 3902 857 ζηλοτύπως

2237 867 2325 921 ἀεὶ
2350 865 2488 939 πρὸς
2517 866 2678 921 αὐτὸν
2704 862 2850 938 εἶχον
2880 868 2929 920 οἱ
2972 867 3217 922 Ἰωάννου
3254 867 3496 939 μαθηταὶ
3511 908 3526 931 ,
3557 869 3652 922 καὶ
3681 870 3904 923 ἀπεναν-

2236 951 2361 1016 τίαςι
2378 949 2526 1020 αὐτῷ
2548 949 2849 1019 διελέγοντο
2869 967 2885 981 ·
2917 950 3039 1005 τότε
3080 949 3238 1022 μόνον
3265 951 3713 1015 ταπεινωθέντες,
3734 953 3828 1006 ὅτε
3855 953 3904 1007 ἐν

2236 1037 2380 1108 ἀρχῇ
2410 1036 2472 1090 τὸ
2495 1036 2866 1108 δεσμωτήρίον
2907 1033 3124 1113 ᾤκησεν
3167 1034 3439 1106 Ἰωάννης.
3484 1034 3766 1100 Ἐλθόντες
3787 1036 3904 1105 γοῦν

2234 1118 2359 1172 τότε
2404 1119 2737 1192 άνήγγειλαν
2778 1117 2857 1188 τῷ
2896 1117 3073 1189 Ἰησοῦ
3098 1136 3113 1151 ο
3151 1118 3289 1189 μετά
3334 1118 3391 1172 δὲ
3439 1117 3613 1172 ταῦτα
3665 1119 3761 1173 ἐπὶ
3821 1120 3905 1190 τὴν

2233 1202 2508 1275 προτέραν
2551 1201 2858 1271 ἐπανῆλθον
2906 1201 3222 1272 βασκανίαν.
3255 1202 3320 1255 Τί
3349 1196 3442 1255 οὗν
3473 1218 3607 1271 φασι
3637 1202 3723 1266 ⁸⁶ς
3753 1202 3906 1254 Διατί

2231 1281 2406 1349 ἡμεῖς
2434 1281 2532 1336 καὶ
2583 1284 2640 1337 οὶ
2686 1281 2996 1348 Φαρισαῖοι
3050 1282 3425 1350 νηστεύομεν
3474 1280 3681 1334 πολλά
3705 1322 3719 1341 ,
3759 1283 3818 1335 oi
3847 1281 3907 1334 δὲ

2226 1363 2488 1432 μαθηταί
2506 1380 2624 1417 σου
2649 1364 2721 1417 οὑ
2743 1363 3156 1430 νηστεύουσι;
3184 1362 3493 1417 Τοῦτόέστι
3520 1364 3582 1417 τὸ
3612 1363 3852 1434 νόσημα,
3880 1362 3905 1416 6

2233 1444 2400 1499 πάλαι
2434 1443 2723 1510 ἐξέκοπτεν
2754 1446 2791 1523 ό⁵
2818 1443 3076 1515 Χριστὸς,
3109 1443 3284 1513 λέγων
3313 1461 3328 1475 ·
3370 1446 3555 1499 ’Ὅταν
3580 1447 3904 1515 νηστεύῃς,

2230 1526 2477 1603 ἄλειψαί
2502 1529 2549 1562 ⁸⁷
2575 1544 2692 1583 σου
2720 1527 2838 1597 τὴν
2873 1527 3154 1597 κεφαλὴν
3171 1527 3318 1605 ,ὺκαὶ
3337 1528 3402 1583 τό
3432 1529 3765 1597 πρόσωπόν
3800 1546 3906 1584 σου

2229 1612 2422 1680 νίψαι,
2440 1600 2522 1666 ’τὰ
2564 1610 2625 1676 ἐξ
2662 1608 2828 1664 αὑτοῦ
2877 1611 3171 1681 τικτόμενα
3199 1600 3374 1665 "me;
3425 1611 3727 1682 προειδώς,

2230 1695 2353 1748 ούδέ
2404 1693 2616 1758 τούτοις
2663 1694 2922 1765 ἐπιτιμᾷ,
2968 1694 3092 1747 ούδέ
3142 1694 3293 1764 λέγει
3323 1707 3340 1725 ⁶
3378 1689 3771 1763 Ὦ.κενόδοξοι
3824 1697 3907 1751 καὶ

2231 1778 2476 1849 περιττοί
2514 1793 2530 1808 ο
2564 1775 2703 1831 ἀλλά
2737 1777 2877 1848 μετὰ
2910 1776 3213 1841 ἐπιεικείας
3253 1777 3439 1842 αὐτοῖς
3474 1778 3695 1850 ἀπάσης
3730 1779 3908 1833 διαλέ-

2230 1874 2385 1927 γεται
2409 1899 2424 1922 ,
2461 1857 2638 1926 λέγων
2665 1872 2682 1889 ο
2718 1859 2802 1911 Οὐ
2855 1857 3144 1912 δύνανται
3172 1861 3228 1913 οἱ
3268 1859 3389 1914 υἱοὶ
3436 1859 3546 1914 τοῦ
3590 1859 3909 1929 νυμφῶνος

2230 1941 2571 2009 νηστεύειν,
2596 1940 2708 2006 ἕως
2739 1940 2819 1995 ἂν
2851 1940 2981 2010 μετ’
3026 1940 3227 1996 αὐτῶν
3253 1945 3288 1996 ὁ
3331 1942 3595 2011 νυμφίος
3636 1943 3821 1996 ἐστίν
3845 1943 3905 1997 ⁸⁸.

2232 2026 2363 2079 Ὅτε
2409 2026 2508 2096 μὲν
2539 2024 2650 2095 γὰρ
2694 2025 2835 2096 ὑπὲρ
2866 2026 3068 2096 ἐτέρων
3086 2026 3132 2058 ⁵⁸
3162 2028 3193 2082 6
3219 2025 3376 2094 λόγος
3402 2021 3492 2096 ἦν,
3525 2024 3637 2079 τῶν
3666 2025 3907 2080 τελωνῶν

2232 2106 2395 2175 λέγω,
2419 2108 2506 2161 ἶνα
2539 2106 2718 2162 αὐτῶν
2749 2108 3221 2180 παραμυθήσηται
3252 2108 3553 2179 πληγεῖσαν
3581 2109 3684 2180 τὴν
3712 2108 3906 2180 ψυχήν,

2234 2191 2590 2263 σφοδρότερον
2624 2190 2924 2262 ἐπετίμησε
2962 2194 3077 2256 τοῖς
3112 2191 3434 2245 όνειδίσασιν
3458 2208 3470 2222 ·
3499 2190 3629 2245 ἔνθα
3664 2192 3720 2245 δέ
3752 2193 3908 2247 αὐτὸν

2230 2270 2327 2323 καὶ
2368 2270 2494 2334 τοὺς
2547 2269 2795 2340 μαθητὰς
2826 2269 3128 2333 ἔσκωπτον,
3175 2269 3316 2341 μετά
3358 2270 3662 2334 ἐπιεικείας
3696 2271 3910 2342 ἀπάσης

2232 2354 2464 2406 ποιεῖται
2511 2352 2608 2425 τήν
2656 2352 2983 2424 ἀπάντησιν.
3016 2355 3080 2407 Ὅ
3106 2353 3164 2407 δέ
3191 2352 3431 2421 λέγουσι,
3459 2351 3703 2406 τοιοῦτόν
3741 2356 3906 2408 ἐστιν’

2234 2436 2438 2498 Ἔστω,
2463 2436 2550 2498 σὺ,
2602 2435 2786 2506 φησὶν,
2823 2436 2899 2500 ὡς
2951 2436 3136 2507 ἰατρὸς
3190 2435 3364 2488 ταῦτα
3413 2437 3620 2498 ποιεῖς·
3645 2435 3700 2489 τί
3732 2436 3834 2489 καὶ
3864 2436 3910 2489 οἱ

2233 2518 2476 2590 μαθηταὶ
2503 2519 2566 2572 τὸ
2594 2518 2877 2590 νηστεύειν
2897 2519 3129 2588 ἀφέντες
3148 2521 3271 2582 ταῖς
3301 2517 3584 2581 τοιαύταις
3605 2517 3910 2590 τραπέζαις

2229 2603 2622 2673 προσέχουσιν;
2647 2597 2779 2656 Εἶτα
2805 2602 2892 2656 ῖνα
2927 2602 3099 2674 μείζω
3121 2603 3389 2663 ποιήσωσι
3414 2600 3513 2672 τὴν
3551 2602 3909 2672 κατηγορίαν,

2229 2685 2479 2757 πρώτους
2506 2686 2731 2749 ἑαυτοὺς
2762 2685 2995 2751 τιθέασι,
3027 2685 3124 2739 καὶ
3149 2685 3272 2739 τότε
3297 2686 3423 2750 τοὺς
3463 2686 3818 2756 Φαρισαίους,
3851 2690 3909 2757 τῇ

2230 2768 2511 2841 συγκρίσει
2537 2768 2600 2822 τὸ
2625 2768 2880 2841 ἔγκλημα
2923 2768 3159 2841 αὐξῆσαι
3189 2769 3518 2842 βουλόμενοι.
3552 2771 3666 2825 Kal
3692 2771 3809 2844 γάρ
3828 2773 3911 2824 καὶ

2226 2855 2410 2924 ἡμεῖς,
2433 2854 2590 2923 φησι,
2625 2851 2780 2925 [552]
2805 2854 2902 2907 καὶ
2937 2855 2989 2907 οἱ
3018 2854 3303 2925 Φαρισαῖοι
3337 2854 3673 2926 νηστεύομεν
3720 2855 3913 2908 πολλά.

2230 2936 2342 2989 Kal
2374 2934 2486 3006 γὰρ
2513 2937 2821 3009 ἐνήστευον,
2851 2936 2902 2991 οἱ
2925 2936 3026 3007 μὲν
3053 2935 3209 3008 παρά
3251 2936 3498 2991 Ἰωάννου
3536 2936 3832 3008 μαθόντες,
3867 2938 3912 2991 οἱ

2228 3018 2286 3072 δὲ
2309 3020 2418 3073 ἀπὸ
2438 3020 2532 3074 τοῦ
2559 3021 2743 3093 νύμοψ
2770 3020 2958 3095 ὥσπερ
2979 3014 3071 3076 οὖν
3098 3018 3194 3074 καὶ
3219 3020 3248 3073 6
3269 3021 3562 3093 Φαρισαῖος
3588 3020 3773 3089 ἔλεγε·
3799 3024 3916 3089 Νη-

2230 3105 2423 3156 στεύω
2443 3103 2538 3170 δὶς
2560 3103 2672 3175 τῆς
2692 3102 3041 3174 ἑϐδομάδος.
3073 3101 3140 3156 Τί
3165 3098 3259 3157 οὖν
3280 3120 3446 3174 φησιν
3467 3102 3588 3136 ⁶⁰ο⁶¹
3603 3104 3635 3157 6
3672 3101 3884 3173 Ἰησοῦς
3901 3144 3915 3163 .

2227 3185 2327 3253 Μὴ
2348 3185 2638 3241 δύνανται
2669 3190 2724 3241 οἱ
2759 3187 2878 3242 υίοί
2921 3187 3030 3243 τοῦ
3074 3185 3398 3257 νυμφῶνος
3435 3187 3790 3256 νηστεύειν,
3826 3187 3914 3255 ἐφ’

2230 3266 2384 3322 ὅσον
2422 3271 2553 3338 μετ’
2591 3269 2793 3325 αὐτῶν
2838 3270 3010 3324 ἐστιν
3066 3272 3101 3325 ό
3146 3272 3451 3339 νυμφίος;
3485 3270 3769 3343 Πρότερον
3822 3271 3920 3341 μὲν

2234 3352 2417 3424 batpr
2456 3354 2655 3409 ἐαυτὸν
2681 3353 2963 3419 ἐκάλεσεν,
2990 3353 3225 3408 ἐνταῦθα
3254 3354 3313 3408 δέ
3344 3355 3597 3427 νυμφίον,
3622 3355 3696 3409 τά
3737 3355 3918 3427 ἀπόρ-

2233 3435 2375 3505 ρητα
2428 3437 2705 3508 μυστήρια
2769 3436 2857 3490 διά
2913 3436 3025 3491 τῶν
3082 3436 3367 3508 ὀνομάτων
3426 3437 3635 3492 τούτων
3701 3438 3923 3492 ἀποκα-

2230 3517 2449 3573 λύπτων
2482 3520 2550 3574 ⁸⁸.
2591 3519 2854 3590 Καίτοιγε
2888 3520 3017 3593 ἐνῆν
3044 3519 3491 3593 πληκτικώτερον
3539 3520 3681 3592 πρὸς
3709 3522 3918 3585 αὐτοὺς

2231 3604 2427 3666 εἰπεῖν,
2453 3602 2537 3658 ὅτι
2560 3603 2676 3656 υὺκ
2696 3603 2822 3657 ἐστέ
2847 3602 3054 3658 τούτων
3087 3602 3270 3676 κύριοι
3299 3604 3483 3675 ὑμεῖς,
3503 3603 3649 3659 ὥστε
3678 3603 3923 3659 τοιαῦτα

2229 3685 2565 3754 νομοθετεῖν..
2589 3684 2654 3738 Τί
2692 3685 2804 3756 γὰρ
2837 3684 3029 3755 ὄφελος
3052 3684 3157 3757 τῆς
3181 3686 3458 3759 νηστείας,
3489 3687 3621 3743 ὅταν
3643 3688 3921 3759 πονηρίας

2228 3764 2263 3841 ᾗ
2299 3768 2545 3839 γέμουσα
2588 3770 2623 3839 ἢ
2671 3768 2930 3837 διάνοιαῖ
2976 3770 3108 3825 ὅταν
3158 3770 3368 3843 ἑτέροις
3412 3770 3740 3843 ὲγκαλῆτες
3792 3772 3921 3825 ὅταν

2229 3850 2620 3923 κατακρίνητε,
2654 3850 2848 3915 δοκοὺς
2890 3851 3287 3925 περιφέροντες
3329 3853 3426 3907 ἐπὶ
3456 3852 3566 3907 τῶν
3587 3853 3920 3926 ὀφθαλμῶν,

2229 3933 2324 3987 καὶ
2374 3933 2509 4005 πρὸς
2557 3933 2820 4001 ἐπίδειξιν
2852 3935 3031 3990 πάντα
3082 3937 3327 4007 ποιῆτε;
3372 3936 3490 4008 Πρὸ
3544 3936 3655 4009 γάρ
3703 3937 3922 3993 τούτων

2229 4022 2485 4076 ἁπάντων
2509 4021 2816 4088 κενοδοξίαν
2842 4022 3127 4079 ἐκϐάλλειν
3163 4025 3353 4096 ἐχρῆν,
3385 4024 3482 4079 καὶ
3510 4024 3583 4079 τὰ
3608 4024 3752 4080 ἀλλα
3789 4044 3925 4081 κατα

2229 4110 2423 4182 ορθοῦν
2449 4109 2687 4174 ἅπαντα,
2731 4111 2975 4182 ἀγάπην,
3018 4112 3321 4184 πραότητα,
3346 4112 3729 4183 φιλαδελφίαν.
3777 4112 3923 4168 Ἀλλ’

2226 4199 2380 4252 οὐδὲν
2419 4197 2626 4253 τούτων
2651 4199 2837 4270 φησὶν,
2861 4199 2997 4256 ἀλλά
3044 4199 3161 4271 μετ’
3204 4201 3504 4263 ἐπιεικείας
3537 4200 3809 4273 ἀπάσηςο
3839 4204 3923 4256 Οὐ

2226 4286 2515 4341 δύνανται
2542 4290 2596 4342 οὶ
2633 4286 2750 4341 υἱοὶ
2773 4287 2883 4342 τοῦ
2912 4286 3235 4357 νυμφῶνος
3270 4289 3610 4357 νηστεύειν,
3637 4288 3736 4358 ἐφ’
3766 4289 3924 4344 ὅσον

2222 4375 2348 4444 μετ’
2388 4374 2589 4430 αὐτῶν
2626 4374 2799 4429 ἐστιν
2838 4377 2873 4429 ό
2923 4376 3220 4445 νυμφίος’
3243 4376 3676 4447 ἀναμιμνήσκων
3708 4375 3920 4438 αὐτοὺς

2225 4464 2334 4519 τῶν
2384 4465 2632 4519 Ἰωάννου
2663 4464 2946 4537 ῥημάτων,
2990 4464 3059 4519 δι’
3106 4459 3183 4520 ὧν
3232 4465 3451 4536 ἔλεγενο
3491 4467 3548 4520 Ὁ
3587 4465 3757 4537 ἔχων
3803 4466 3921 4534 τὴν

2224 4553 2471 4622 νύμφην
2515 4553 2778 4622 νυμφίος
2811 4552 2984 4606 ἐστίν
3006 4568 3020 4585 ο
3054 4555 3089 4607 ὁ
3115 4553 3185 4606 δὲ
3223 4554 3404 4623 φίλος
3423 4553 3531 4609 τοῦ
3560 4556 3864 4625 νυμφίου,
3886 4556 3921 4609 ό

2223 4637 2494 4704 ἑστηκὼς
2551 4638 2650 4691 καί
2695 4638 2933 4692 ἀκούων
2957 4637 3170 4701 αὐτοῦ,
3200 4637 3357 4708 χαρᾷ
3400 4639 3594 4709 χαίρει
3642 4639 3748 4694 διὰ
3800 4640 3909 4707 τὴν

2223 4724 2435 4794 φωνὴν
2457 4724 2566 4779 τοῦ
2591 4724 2877 4794 νυμφίου.
2901 4726 2966 4779 Ὃ
2993 4723 3051 4778 δέ
3080 4723 3251 4793 λέγει,
3273 4725 3510 4780 τοιοῦτόν
3535 4727 3652 4780 ἐστι
3671 4742 3689 4760 ’
3718 4728 3917 4799 Χαρᾶς

2222 4814 2251 4866 6
2279 4810 2470 4884 παρὼν
2502 4811 2695 4884 καιρὸς
2744 4810 2839 4865 καὶ
2892 4812 3266 4884 εὐφροσύνης’
3311 4810 3387 4884 μὴ
3416 4811 3598 4869 τοίνυν
3642 4814 3915 4883 ἐπείσαγ;

2222 4900 2292 4954 τὰ
2314 4900 2633 4969 σκυθρωπά.
2669 4899 2781 4954 Kal
2840 4901 2949 4972 γὰρ
3006 4899 3329 4969 σκυθρωπὸν
3374 4902 3410 4973 ή
3457 4901 3706 4973 νηστεία,
3743 4903 3814 4956 οὐ
3849 4906 3917 4975 τῇ

2224 4990 2406 5059 φύσει,
2437 4988 2552 5043 ἀλλ’
2578 4987 2811 5052 ἐκείνοις
2834 4991 2950 5053 τοῖς
2977 4988 3365 5059 ἀσθενέστερον
3386 4988 3469 5042 ἐτι
3497 4989 3881 5061 διακειμένοις
3902 5007 3921 5023 ο

2220 5076 2297 5139 ὡς
2316 5079 2430 5141 τοῖς
2458 5093 2524 5145 γε
2546 5076 2858 5148 φιλοσοφεῖν
2883 5076 3129 5131 ἐθέλουσι
3151 5076 3251 5130 καὶ
3280 5076 3608 5150 σφόδραήδὺ
3636 5077 3703 5131 τὸ
3724 5079 3922 5148 πρᾶγ-

2224 5182 2301 5236 μα
2338 5165 2435 5220 καὶ
2469 5166 2737 5223 ποθεινόν.
2761 5167 2973 5239 Ὥσπερ
3004 5166 3121 5236 γάρ
3134 5166 3231 5220 τοῦ
3268 5166 3525 5238 σώματος
3545 5168 3920 5237 ὑγιαίνοντος,

2220 5255 2390 5327 πολλὴ
2431 5257 2466 5326 ή
2508 5254 2848 5326 εὐφροσύνηο
2885 5255 3028 5310 οὓτω
3063 5256 3163 5326 τῆς
3204 5255 3384 5328 ψυχῆς
3423 5252 3484 5311 εὖ
3527 5256 3915 5329 διακειμένης.

2224 5343 2424 5414 μείζων
2452 5344 2486 5414 ή
2515 5342 2698 5414 ήδονή.
2716 5342 2879 5397 Ἀλλά
2906 5343 3044 5417 πρὸς
3072 5342 3169 5415 τὴν
3198 5344 3459 5398 ὑπόνοιαν
3481 5343 3707 5399 ἐκείνων
3727 5344 3920 5399 ταῦτά

2222 5447 2407 5501 φησιν.
2443 5429 2599 5484 Οὕτω
2625 5431 2721 5484 καὶ
2760 5431 2985 5495 Ἡσαΐας
3005 5432 3134 5502 περὶ
3159 5431 3331 5502 αὐτῆς
3359 5431 3768 5503 διαλεγόμενος,
3808 5449 3915 5487 τα-

2224 5516 2480 5571 πείνωσιν
2512 5516 2690 5588 ψυχῆς
2712 5517 2883 5591 αὐτὴν
2915 5517 3091 5584 καλεῖ,
3129 5518 3226 5573 καὶ
3246 5519 3492 5590 Μωῦσῆς
3517 5519 3577 5573 δὲ
3603 5518 3844 5590 ὁμοίως.

1640 5622 1689 5695 ς]
1723 5624 1833 5697 τῆς
1860 5624 2096 5697 ποίμνης
2128 5626 2190 5682 Β.
2232 5626 2405 5697 αὐτῆς
2442 5641 2556 5697 qm.
2604 5626 2698 5697 F.7
2746 5627 2793 5659 “
2823 5628 2951 5691 τοὺς
2987 5628 3050 5683 τὸ
3095 5628 3194 5683 Εὐ.
3236 5628 3708 5697 καταγγέλλοντας
3730 5629 3811 5683 Α.
3842 5627 3909 5682 F.

881 5694 973 5756 τὸς
997 5694 1123 5748 Sav.
1151 5694 1284 5748 Ben'.
1357 5694 1402 5725 ⁵⁷
1433 5694 1633 5767 Πατρὶ]
1670 5694 1795 5749 idd.
1836 5711 1936 5765 μου
1961 5694 2097 5751 ΕθέΙ.

881 5770 896 5795 ³
941 5761 1114 5825 λέγειι
1142 5763 1486 5818 ἀποτείνεται
1514 5763 1582 5819 Α.
1680 5765 1726 5796 ⁸³
1755 5765 1942 5825 Τούτῳ
1968 5768 2036 5821 Α.
2079 5765 2127 5821 Β.

2258 5694 2486 5820 μᾶλλογι]
2510 5697 2637 5751 add.
2672 5696 2705 5768 ἢ
2747 5698 2808 5753 Ε.
2889 5697 2933 5731 ⁸³
2965 5697 3137 5825 αύτῷ]
3168 5700 3375 5754 τούτων
3394 5694 3548 5755 Ἐύιί.
3624 5700 3685 5732 ⁵⁸⁸
3704 5696 3914 5772 πάλιν]

2234 5807 2240 5821 .
2347 5767 2394 5798 ⁵³
2476 5768 2684 5825 οσούτω
2717 5768 2779 5823 Β.
2867 5768 2931 5800 ’⁸⁸
2961 5786 3072 5822 των
3141 5779 3260 5825 eest
3297 5772 3353 5825 in
3395 5769 3557 5825 codd.
3605 5778 3815 5825 praeter
3841 5767 3913 5823 F.

436 5759 613 5835 λέγων
847 5764 896 5835 f‘
941 5761 1114 5835 λέγὲι
1142 5763 1486 5835 ἀποτείνεται
1514 5759 1582 5819 Ᾰ.
1680 5765 1726 5796 ⁸³
1746 5759 1942 5835 Τούτῳ
1968 5768 2036 5821 Α.
2079 5765 2139 5822 Β.
2176 5766 2240 5822 Ε.
2258 5759 2271 5768 ’
2347 5767 2394 5798 ⁵³

2476 5767 2779 5839 οσούτῳΒ.
2867 5767 3260 5840 ’ὅςτῶνᾶθρει
3297 5772 3353 5825 in
3395 5769 3557 5825 codd.
3605 5778 3815 5840 prater
3841 5767 3913 5840 ΕΣ

435 5832 485 5912 ξ’
512 5828 798 5912 φανέντες]
841 5828 1025 5912 ’όντες
1048 5832 1154 5912 F._
1185 5833 1233 5912 ’ξ
1267 5834 1423 5912 φασὶ]
1457 5835 1591 5912 φησὶ
1621 5833 1682 5912 ξ’.
1716 5828 1863 5912 οὗτοι
1893 5828 2127 5912 lpum}.

2274 5837 2467 5912 igvilis
2495 5828 2737 5912 llulprbp.
2792 5840 2868 5912 _‘f'
2904 5838 3123 5912 ἄλειψον
3157 5828 3222 5912 Ι)ἐ
3252 5840 3443 5912 ἀλειψε
3478 5841 3540 5894 Ε.
3688 5838 3807 5901 ἕως
3838 5838 3919 5893 ἂν

433 5898 479 5982 ᾗ
493 5898 694 5982 νζ-ὶμελτς
729 5898 909 5956 αύτῶν
937 5904 1085 5956 ἐστιν
1112 5902 1236 5982 ΕΣ]
1271 5898 1689 5982 Μοειληέωςάν
1789 5908 1908 5975 μετ’
1922 5898 2120 5982 ἀὐτῶν

2240 5949 2253 5982 ἶ
2287 5908 2349 5982 Ε.
2424 5898 2708 5982 {itu-574,6
2741 5909 2868 5965 add.
2899 5898 3050 5982 αὐτῷ
3079 5911 3146 5982 Α.
3184 5898 3399 5982 Samo'
3427 5910 3739 5982 θοις-λόγος
3778 5898 3919 5967 ἔδεε.

437 5970 501 6025 Β.
537 5971 601 6025 ι).
640 5970 702 6030 F.
735 5987 790 6042 ι).
823 5988 879 6043 p.
916 5971 1309 6045 παραμυθῆται
1357 5970 1493 6031 Εῧύ.
1570 5975 1687 6008 ⁶⁰⁸⁶¹
1720 5970 1887 6046 φησιν
1922 5990 2031 6033 om.
2066 5977 2127 6036 A.

2239 5980 2257 6010 ³
2286 5970 2669 6051 ἐκκαλύπτων]
2712 5989 2769 6037 cl
2799 5997 2855 6052 p.
2886 5996 2939 6052 p.
2974 5970 3513 6056 ἐπιπληκτικώτερον
3541 5970 3678 6039 Edd'.
