4038 6364
311 353 416 409 δαῖε

312 485 339 522 a
367 468 737 524 communibus
764 469 1057 525 ratiociniis
1083 469 1202 524 illos
1228 468 1534 541 aggreditur
1562 470 1811 537 primum,
1843 474 1898 519 et

314 570 492 630 postea
517 575 548 614 a
576 560 886 631 Scripturis.
915 562 1047 617 Gum
1069 562 1292 616 dixisset
1318 561 1458 615 enim
1483 602 1497 625 ,
1533 559 1653 613 Non
1683 569 1753 614 est
1774 576 1902 629 opus

310 652 592 705 calentibus
632 655 855 706 medicus
879 694 893 716 ,
936 653 1023 705 sed
1054 653 1185 706 male
1209 652 1503 706 habentibus
1528 694 1542 718 ,
1581 660 1635 705 et
1661 651 1895 720 seipsum

309 756 427 796 esse
467 743 734 798 medicum
773 744 1101 798 subobscure
1130 743 1456 798 declarasset
1492 761 1504 796 :
1549 754 1673 797 tunc
1718 742 1894 810 dixit,

311 833 537 898 Eunles,
566 835 745 895 discite
783 835 906 903 quid
943 844 1049 899 est,
1089 835 1491 889 Misericordiam
1535 836 1676 903 volo,
1710 845 1757 889 et
1795 852 1896 889 non

306 926 634 994 sacriﬁcium.
658 926 770 981 Hoc
793 938 846 981 et
874 926 1067 981 Paulus
1090 926 1232 981 facit.
1257 926 1436 982 Primo
1454 928 1594 981 enim
1617 944 1645 981 a
1664 943 1896 981 commu-

307 1018 463 1071 nibus
506 1019 763 1087 exemplis
797 1020 873 1074 sic
898 1034 1091 1074 orsus:
1125 1020 1252 1084 Quis
1292 1020 1451 1089 pascit
1478 1035 1711 1089 gregem,
1752 1029 1797 1073 et
1832 1037 1895 1074 ex

304 1110 432 1163 lacte
455 1112 565 1181 ejus
594 1128 693 1164 non
719 1112 933 1165 comedit
965 1112 1039 1184 (1.
1067 1112 1186 1167 Cor.
1213 1111 1266 1166 9.
1299 1112 1391 1179 7)?
1422 1121 1545 1166 tunc
1587 1113 1892 1182 Scripturas

304 1201 540 1268 inducit,
573 1212 627 1256 et
649 1202 725 1257 ait
752 1220 767 1256 :
797 1201 863 1258 In
890 1206 998 1275 lege
1022 1221 1240 1275 namque
1277 1203 1471 1275 Moysis
1510 1206 1753 1272 scriptum
1780 1216 1851 1258 est
1872 1247 1886 1270 ,

304 1292 425 1349 Non
452 1296 686 1367 alligabis
710 1313 773 1371 os.
790 1297 900 1350 bovi
921 1298 1174 1351 trituranti
1199 1295 1358 1369 (Ibid.
1379 1298 1485 1352 v.9.
1512 1296 1666 1350 Deut.
1691 1296 1780 1352 25.
1808 1298 1885 1366 4).

298 1400 361 1439 ac
382 1401 595 1441 rursum
616 1428 633 1454 ,
663 1388 753 1442 Sic
786 1387 1037 1442 Dominus
1061 1390 1350 1457 constituit,
1380 1400 1434 1442 ut
1459 1390 1543 1458 qui
1576 1390 1888 1460 evangelium

298 1480 637 1546 annuntiant,
684 1496 747 1534 ea:
793 1466 1051 1561 euangelio
1096 1482 1263 1563 vivant
1310 1481 1525 1551 (LCor.
1567 1482 1620 1537 9.
1666 1483 1773 1553 14).
1803 1483 1885 1537 Ad

297 1571 588 1641 discipulos
615 1583 795 1629 autem
818 1554 924 1629 non
949 1574 1027 1629 sic
1051 1592 1065 1642 ;
1093 1575 1187 1630 sed
1209 1576 1358 1647 signa
1383 1592 1479 1631 sua
1499 1578 1550 1639 in
1575 1578 1886 1632 memoriam

299 1664 505 1719 reducit
532 1665 637 1721 hoc
663 1678 818 1736 pacto
846 1685 862 1723 :
894 1667 1018 1722 Non
1046 1658 1342 1723 meministis
1367 1660 1587 1740 quinque
1604 1686 1817 1739 panum,
1841 1682 1887 1725 et

296 1758 555 1811 hominum
588 1760 807 1830 quinque
835 1760 1053 1815 millium
1070 1803 1086 1829 ,
1117 1773 1163 1817 et
1190 1772 1310 1845 quot
1342 1764 1594 1833 cophinos
1614 1764 1885 1836 collegistis

295 1848 504 1919 (Jiatth.
538 1850 626 1905 is.
656 1852 755 1920 9)?
1170 1904 1173 1909 .

365 1941 422 1994 5.
464 1940 571 1995 Sed
620 1957 725 1997 non
776 1943 848 1997 ita
899 1959 979 1999 se;
1004 1945 1141 2014 gerit
1176 1959 1296 2001 cum
1334 1946 1485 2014 istis;
1518 1962 1703 2004 verum
1731 1964 1882 2005 com-

293 2048 509 2088 munem
532 2036 894 2091 infirmitatem
924 2048 1339 2106 commemorat,
1379 2041 1717 2111 ostenditque
1743 2042 1884 2113 ipsos

291 2126 449 2179 etiam
482 2143 545 2180 ex
578 2127 907 2182 infirmorum
931 2145 1153 2183 numero
1176 2145 1324 2198 esse,
1348 2132 1436 2200 qui
1467 2147 1564 2186 nec
1584 2131 1884 2203 Scripturas

290 2215 584 2283 sciebant,
630 2229 684 2272 et
738 2234 952 2273 omnem
990 2220 1238 2275 virtutem
1292 2223 1659 2293 negligentes,
1706 2226 1758 2279 in
1797 2241 1882 2281 sa-

290 2308 505 2363 crificiis
568 2319 737 2366 totum
804 2313 1200 2369 constituebant
1254 2332 1268 2368 :
1327 2316 1469 2385 quod
1536 2317 1883 2373 subindicans

291 2400 407 2469 ipse
429 2441 445 2465 ,
480 2396 549 2455 id
578 2403 717 2471 quod
760 2418 792 2457 a
837 2404 1110 2474 prophetis
1148 2407 1397 2463 omnibus
1428 2408 1624 2462 dictum
1671 2410 1879 2477 fuerat,

290 2492 475 2561 paucis
503 2493 669 2548 refert
698 2494 882 2549 dicens
914 2514 928 2550 :
955 2495 1148 2551 Discite
1170 2499 1293 2569 quid
1330 2510 1439 2563 est,
1481 2501 1882 2557 Misericordiam

292 2584 427 2652 volo,
457 2594 507 2639 et
531 2602 631 2640 non
653 2588 963 2657 sacri/icium
988 2588 1144 2658 (Osee
1166 2590 1219 2646 6.
1245 2591 1323 2660 6).
1344 2592 1437 2647 His
1458 2595 1600 2648 enim
1628 2596 1878 2661 ostendit,

290 2691 398 2732 non
428 2693 490 2733 se
517 2678 697 2750 inique
724 2696 907 2751 agere,
932 2682 1026 2737 sed
1052 2684 1226 2753 ipsos;
1250 2701 1312 2740 ac
1340 2690 1383 2740 si
1414 2688 1638 2755 diceret,
1657 2690 1768 2743 Cur
1794 2706 1883 2744 ac-

289 2771 491 2825 cusatis
518 2773 639 2827 me?
663 2788 729 2826 an
756 2774 880 2844 quia
906 2786 1217 2845 peccatores
1242 2781 1510 2835 emendo?
1534 2782 1676 2853 Ergo
1704 2793 1759 2838 et
1777 2784 1878 2838 Pa-

290 2872 425 2916 trem
476 2879 654 2917 meum
702 2865 803 2920 hac
847 2866 914 2921 de
956 2882 1015 2922 re
1058 2870 1397 2926 accusabitis.
1443 2872 1595 2940 Quod
1647 2884 1702 2929 et
1751 2876 1876 2930 alibi

288 2953 477 3009 eadem
506 2966 683 3012 mente
720 2958 931 3013 dicebat
955 2978 967 3013 :
996 2960 1152 3015 Pater
1178 2980 1317 3017 meus
1342 2982 1500 3037 usque
1524 2968 1673 3021 modo
1699 2985 1878 3039 apera-

293 3054 395 3110 tur,
440 3056 492 3100 et
544 3066 634 3117 ego
686 3067 868 3119 operor
913 3051 1098 3123 (Joan.
1149 3052 1205 3108 5.
1259 3057 1385 3128 l7);
1432 3068 1486 3112 et
1512 3058 1598 3113 hic
1624 3076 1876 3119 rursum:

293 3132 486 3189 Euntes
513 3138 688 3191 discite
710 3141 832 3207 quid
855 3152 964 3210 est,
995 3142 1051 3196 Μ
1057 3146 1397 3200 isericordiant
1425 3148 1537 3201 colo
1556 3190 1570 3215 ,
1599 3160 1645 3204 et
1672 3168 1773 3205 non
1797 3169 1881 3205 sa-

295 3226 565 3295 eri/icium.
599 3230 1059 3296 Quemadmodum
1089 3237 1232 3292 enim
1263 3239 1364 3294 hoc
1394 3240 1480 3295 ille
1511 3242 1657 3307 vult,
1706 3244 1783 3298 sic
1823 3255 1879 3298 et

293 3332 410 3387 ego.
447 3319 633 3375 Viden‘
663 3326 931 3393 quomodo
952 3328 1039 3382 illa
1067 3329 1280 3399 quidem
1308 3333 1574 3401 superﬂua
1611 3336 1739 3400 sint,
1763 3335 1880 3391 haec

292 3428 418 3467 vero
460 3418 801 3473 necessaria?
846 3419 1031 3490 Neque
1072 3423 1214 3477 enim
1259 3424 1425 3492 dixit,
1458 3426 1875 3484 Misericordiam

291 3508 411 3559 volo
433 3516 489 3561 et
508 3509 827 3565 sacrificium
852 3529 867 3578 ;
897 3513 994 3569 sed
1014 3554 1029 3579 ,
1062 3514 1467 3572 Jlisericordiam
1504 3521 1617 3574 volo
1640 3561 1656 3588 ,
1699 3531 1745 3575 et
1774 3539 1875 3577 non

290 3600 615 3666 sacriﬁcium.
660 3602 902 3658 Alterum
934 3606 1076 3660 enim
1109 3609 1509 3678 comprobavit,
1539 3611 1763 3667 alterum
1793 3630 1877 3669 re-

294 3692 574 3758 probavit;
624 3693 1116 3768 demonstravitque
1159 3699 1211 3753 id
1267 3701 1411 3771 quod
1458 3703 1877 3759 criminabantur

290 3796 394 3835 non
426 3782 587 3837 modo
617 3801 720 3839 non
761 3787 982 3843 vetitum
1009 3830 1025 3855 ,
1075 3790 1170 3846 sed
1218 3792 1376 3846 etiam
1408 3794 1524 3864 lege
1554 3807 1876 3867 prameptum

288 3889 425 3941 esse,
476 3878 644 3946 magis
693 3896 854 3948 quam
892 3884 1154 3939 sacrificia
1189 3902 1201 3938 :
1232 3886 1508 3957 ipsamque
1561 3889 1733 3961 legem
1779 3908 1875 3947 ve-

290 3975 454 4022 terem
499 3968 702 4025 inducit
733 3972 813 4026 his
848 3988 1085 4030 consona
1126 3978 1432 4047 loquentem
1464 3990 1519 4035 et
1562 3984 1877 4054 praecipien-

288 4067 415 4131 tem.
471 4059 597 4117 lllos
641 4063 819 4133 itaque
876 4069 1241 4140 perstringens
1284 4080 1337 4125 et
1386 4088 1449 4127 ex
1497 4077 1874 4132 communibus

290 4155 569 4223 exemplis,
601 4165 655 4211 et
685 4173 750 4212 ex
774 4159 1083 4229 Scripturis,
1108 4164 1289 4231 adjicit
1321 4182 1334 4218 :
1384 4166 1507 4221 Non
1548 4171 1658 4223 veni
1699 4187 1876 4227 vocare

286 4245 462 4313 iustos,
496 4250 586 4302 sed
614 4262 898 4319 peccatores
922 4255 990 4307 ad
1019 4257 1382 4324 ptenitcntiam.
1426 4260 1480 4314 Id
1521 4277 1647 4317 vero
1672 4263 1874 4320 ironice

287 4339 542 4408 loquitur,
588 4354 644 4396 ut
683 4359 804 4397 cum
850 4345 980 4399 dicit
1010 4366 1023 4401 :
1053 4346 1189 4402 Ecce
1231 4350 1394 4404 Adam
1427 4355 1590 4422 factus
1632 4365 1704 4409 est
1743 4357 1873 4411 sicut

286 4448 414 4487 unus
443 4450 508 4487 ea:
536 4435 676 4488 nobis
698 4435 852 4505 (Gen.
878 4439 929 4492 5.
957 4438 1072 4507 22);
1114 4456 1176 4495 ac
1213 4457 1421 4496 rursum
1444 4485 1460 4509 ,
1507 4444 1569 4499 Si
1616 4447 1869 4514 esuriera,

284 4540 385 4576 non
409 4525 577 4578 dicant
605 4527 692 4579 tibi
718 4527 889 4599 (Psal.
915 4530 1004 4585 49.
1036 4532 1148 4602 12).
1175 4533 1325 4599 Quod
1357 4536 1497 4590 enim
1529 4538 1707 4593 nullus
1732 4552 1875 4595 esset
1908 4575 1911 4579 -

281 4614 459 4685 justus
488 4619 539 4672 in
573 4627 709 4675 terra
730 4662 745 4687 ,
784 4623 979 4678 Paulus
1004 4624 1295 4682 declaravit
1327 4630 1407 4684 his
1438 4633 1615 4688 verbis
1643 4652 1657 4687 :
1687 4634 1872 4690 Omnes

284 4710 415 4763 enim
436 4723 800 4781 peccaverunt,
823 4726 870 4769 el
896 4727 1039 4787 egent
1067 4719 1231 4789 gloria
1258 4720 1352 4775 Dei
1379 4724 1553 4792 (Rom.
1584 4727 1637 4780 '5.
1669 4726 1783 4798 9.5).
1818 4728 1872 4782 Id

282 4804 441 4859 etiam
483 4805 563 4860 eis
602 4807 692 4875 qui
727 4807 898 4862 vocati
928 4819 1053 4864 sunt
1096 4814 1448 4868 consolationi
1478 4826 1613 4871 erat.
1642 4818 1870 4875 Tantum

283 4898 477 4964 abest,
511 4899 717 4969 inquit,
750 4910 805 4955 ut
835 4912 1146 4971 peccatores
1189 4906 1570 4965 abominationi
1601 4911 1826 4967 habeam
1853 4955 1869 4977 ,

284 4989 526 5044 utetiam
554 5002 773 5063 propter
798 4993 922 5049 illos
952 5005 1153 5051 tantum
1184 4998 1517 5055 advenerim.
1549 5004 1767 5070 Deinde,
1802 5023 1869 5062 ne

283 5082 402 5137 illos
449 5083 672 5153 supinos
711 5084 986 5148 redderet.
1025 5103 1147 5143 cum
1181 5099 1488 5159 peccatores
1515 5098 1870 5164 memoravit,

283 5190 386 5227 non
404 5174 515 5244 jam
540 5175 722 5242 tacuit,
751 5176 847 5233 sed
870 5179 1083 5248 adjecit,
1102 5181 1184 5235 Ad
1204 5184 1564 5251 paenitentiam.
1593 5187 1707 5243 Non
1725 5191 1867 5246 enim

284 5267 405 5323 ideo
438 5269 631 5325 adveni
668 5280 726 5327 ut
770 5274 844 5328 illi
873 5285 1182 5345 peccatores
1207 5290 1506 5344 manerent,
1541 5281 1633 5336 sed
1663 5292 1719 5336 ut
1747 5299 1870 5338 mu-

282 5369 522 5420 tarentur
546 5372 601 5417 et
635 5364 885 5421 meliores
914 5368 1221 5424 evaderent.
1253 5369 1385 5425 Cum
1429 5382 1606 5427 autem
1654 5374 1867 5431 illorum

280 5465 373 5506 ora
404 5469 624 5522 prorsus
651 5458 949 5526 clausisset,
965 5471 1075 5517 tum
1104 5479 1170 5520 ex
1194 5464 1630 5535 Scripturis,tum
1661 5483 1725 5523 ex
1754 5469 1869 5538 ipsa

280 5563 458 5603 rerum
481 5552 651 5618 serie,
683 5560 740 5607 et
768 5554 901 5609 nihil
937 5557 1071 5611 ultra
1099 5557 1280 5614 dicere
1304 5568 1559 5629 possent,
1586 5561 1727 5630 quod
1767 5563 1867 5633 ipsi

278 5646 343 5699 iis
353 5644 666 5701 criminibus
683 5649 895 5705 obnoxii
908 5651 1278 5721 probarentur,
1293 5671 1412 5726 qua:
1428 5656 1531 5726 ipsi
1544 5655 1866 5725 obtulerant,

279 5737 606 5808 insuperqne
635 5741 735 5811 legi
767 5754 933 5798 veteri
956 5745 1323 5812 adversantes,
1370 5747 1464 5801 illo
1489 5748 1675 5813 misso,
1707 5750 1759 5803 in
1786 5750 1870 5804 di-

284 5828 517 5899 scipulos
544 5832 746 5890 crimen
771 5835 1113 5893 transferunt.
1138 5837 1308 5894 Lucas
1325 5838 1476 5910 (Cap.
1498 5840 1548 5896 5.
1569 5856 1618 5895 υ.
1638 5841 1727 5913 55)
1746 5844 1861 5913 qui-

1293 352 1361 409 lN
1397 350 1808 408 MATTIUEUM
1850 348 2079 407 llOMlL.
2123 353 2290 411 XXX.
2333 359 2404 413 al.
2449 359 2639 416 XXXI.

3490 380 3595 436 366

2016 466 2138 522 dem
2168 470 2242 524 ait
2266 472 2562 530 Pharisreos
2586 476 2690 530 hoc
2711 476 2931 542 dixisse,
2954 479 3405 549 Blattlunus-vero.
3435 491 3595 547 diaet-

2013 559 2165 627 pulos
2188 560 2408 617 Joannis
2441 583 2452 617 :
2485 567 2773 622 verisimile
2825 580 3002 625 autem
3051 582 3134 628 est
3178 575 3291 632 lucc
3338 590 3593 653 utrosque

2008 651 2227 707 dixisse.
2258 656 2392 710 Cum
2432 659 2574 713 enim
2603 660 2677 714 illi
2721 662 2772 716 in
2799 663 2961 719 dubio
2989 680 3328 726 versarentur
3351 714 3365 736 ,
3399 651 3587 731 verisi-

2003 745 2199 798 militvr
2244 757 2296 801 et
2344 748 2463 803 illos
2511 765 2693 807 secum
2740 769 3165 825 assumpserunt,
3207 764 3347 831 quod
3388 778 3586 823 etcum

2003 835 2313 892 llerodianis
2343 850 2525 909 postea
2554 842 2810 900 fecerunt.
2860 848 3171 905 lnvidebant
3199 855 3341 909 enim
3370 873 3587 928 semper

1998 927 2212 983 Christo
2239 930 2459 987 Joannis
2476 934 2741 1006 discipuli,
2765 947 2819 993 et
2841 950 3025 995 contra
3050 943 3195 997 illum
3220 927 3586 1018 disputabant;

2000 1035 2125 1081 tunc
2154 1027 2370 1084 demum
2400 1030 2712 1088 humiliores
2739 1035 2937 1100 effecti,
2972 1054 3093 1093 cum
3121 1040 3356 1098 Joannes
3385 1046 3435 1099 in
3464 1062 3585 1101 car-

1996 1135 2173 1174 cerem
2207 1131 2386 1179 trusus
2426 1136 2529 1180 est.
2571 1126 2705 1182 Nam
2753 1137 2878 1184 tunc
2911 1132 2961 1186 id
2993 1145 3257 1191 venerunt
3285 1140 3583 1197 nuntiatum

1995 1210 2120 1265 Jesu
2154 1212 2369 1268 Christo
2404 1232 2419 1270 :
2451 1225 2637 1285 postea
2664 1234 2792 1274 vero
2823 1221 2875 1275 in
2907 1222 3139 1291 priorem
3183 1242 3393 1283 rursum
3442 1232 3577 1287 invi-

1994 1303 2136 1358 diam
2153 1316 2275 1359 snnt
2296 1309 2520 1363 reversi.
2545 1310 2679 1377 Quid
2709 1313 2866 1383 igitur
2883 1314 2934 1368 hi
2954 1316 3169 1371 dicunt?
3184 1321 3268 1374 M.
3298 1320 3471 1387 Quare
3490 1342 3582 1380 nos

1993 1404 2040 1449 et
2065 1393 2315 1452 Pharisazi
2344 1402 2560 1455 multum
2576 1403 2872 1473 jejunamus
2908 1422 2927 1460 :
2968 1407 3206 1478 discipuli
3235 1428 3348 1466 vero
3379 1415 3449 1467 tui
3482 1432 3584 1470 non

1982 1489 2261 1560 jejunant?
2283 1491 2380 1546 llic
2404 1493 2624 1549 morbus
2654 1506 2755 1561 est,
2772 1514 2931 1567 quem
2952 1499 3078 1554 olim
3102 1502 3403 1559 absciderat
3423 1504 3580 1561 Chri-

1990 1587 2104 1633 stus
2120 1594 2239 1634 cum
2252 1581 2355 1635 ait:
2372 1581 2494 1635 Cum
2497 1584 2828 1655 jejunaveris,
2845 1605 2975 1659 unge
2988 1601 3142 1661 caput
3155 1602 3314 1654 tuum,
3333 1606 3378 1648 et
3396 1598 3580 1666 faciem

1992 1678 2129 1723 tuam
2156 1672 2269 1724 lava
2298 1671 2511 1742 (Matth.
2544 1678 2596 1729 6.
2631 1678 2752 1747 17);
2783 1694 2902 1732 cum
2930 1684 3204 1748 praesciret
3227 1699 3287 1738 ea
3310 1701 3428 1755 qum
3455 1688 3578 1742 inde

1991 1763 2256 1831 nascitura
2281 1775 2435 1820 erant
2457 1768 2613 1820 mala.
2641 1768 2745 1821 Sed
2772 1769 2867 1823 hos
2888 1771 2972 1825 ille
2995 1788 3100 1827 non
3128 1774 3385 1844 increpat,
3407 1795 3581 1848 neque

1989 1854 2121 1909 dixit
2142 1855 2217 1912 :0
2233 1873 2381 1912 vana:
2395 1860 2578 1928 glorim
2595 1861 2793 1928 cupidi,
2816 1872 2865 1916 et
2883 1863 3055 1918 futiles
3070 1864 3330 1921 hormines!
3347 1871 3438 1924 sed
3457 1887 3577 1925 cum

1989 1949 2133 2002 omni
2149 1950 2558 2004 mansuetudine
2573 1952 2717 2021 ipsos
2731 1953 3011 2023 alloquitur
3024 1956 3227 2011 dicens.
3245 1959 3456 2014 lii.Non
3472 1950 3580 2031 pos.

1988 2051 2105 2094 sunt
2123 2043 2218 2110 lilii
2235 2044 2409 2112 sponsi
2414 2044 2672 2114 jejunarc,
2697 2046 2936 2114 quamdiu
2964 2064 3078 2100 cum
3099 2049 3200 2103 illis
3221 2061 3290 2103 est
3316 2069 3553 2120 sponsus.

1989 2132 2213 2199 Quando
2232 2136 2371 2188 enim
2386 2150 2481 2204 pro
2499 2137 2617 2190 aliis
2635 2137 2971 2207 loquebatur,
2995 2155 3090 2208 pro
3114 2142 3408 2209 publicanis
3431 2161 3577 2199 nem-

1989 2239 2075 2294 pe,
2129 2234 2190 2280 ut
2221 2242 2407 2281 eorum
2443 2229 2649 2283 animos
2699 2230 3008 2287 vulneratos
3060 2234 3344 2299 solaretur,
3378 2253 3574 2307 expro-

1988 2316 2204 2373 brantes
2252 2318 2624 2374 vehementius
2676 2321 3002 2392 increpavit:
3030 2339 3150 2378 cum
3193 2335 3371 2380 autem
3403 2329 3575 2397 ipsum

1987 2416 2042 2462 et
2064 2408 2353 2478 discipulos
2382 2409 2693 2478 carpebant,
2723 2427 2843 2465 cum
2872 2414 3015 2466 omni
3045 2417 3451 2471 mansuetudine
3479 2433 3578 2472 oc-

1987 2499 2150 2553 currit
2181 2499 2329 2568 ipsis.
2362 2500 2514 2566 Quod
2543 2509 2718 2556 autem
2759 2502 2943 2557 dicunt
2970 2503 3082 2570 illi,
3117 2504 3420 2574 hujusmodi
3448 2522 3529 2562 est
3559 2527 3572 2561 :

1988 2593 2137 2659 Esto,
2164 2604 2217 2649 tu
2247 2604 2427 2665 utpote
2453 2595 2688 2651 medicus
2719 2596 2820 2651 hoc
2850 2596 3013 2652 facias
3044 2613 3057 2649 :
3090 2598 3181 2653 sed
3204 2614 3299 2653 cur
3336 2599 3577 2670 discipuli

1988 2685 2085 2751 tui,
2138 2686 2306 2740 misso
2358 2685 2587 2756 jejunio,
2636 2686 2939 2756 hujusmodi
2986 2690 3184 2743 mensis
3221 2692 3579 2747 accumbunt?

1988 2775 2191 2831 Deinde
2214 2786 2270 2830 ut
2290 2777 2548 2846 majorem
2571 2780 2966 2835 accusationem
2995 2779 3264 2847 facerent,
3298 2798 3355 2837 se
3378 2785 3578 2853 primos

1986 2879 2209 2938 ponunt,
2234 2878 2525 2940 posteaque
2552 2870 2873 2936 Pliarismos,
2901 2877 3302 2942 comparatione
3332 2878 3573 2933 volentes

1985 2964 2188 3017 crimen
2219 2978 2454 3031 augere;
2497 2978 2617 3016 nam
2665 2962 2733 3016 Et
2781 2980 2891 3026 nos,
2928 2964 3188 3034 inquiunt,
3232 2977 3279 3020 et
3323 2966 3575 3024 leristei

1983 3054 2197 3108 multum
2241 3056 2555 3125 jejunamus.
2598 3053 2729 3107 Nam
2781 3055 3118 3125 jejunahaut,
3164 3057 3237 3111 illi
3295 3073 3323 3111 a
3370 3060 3576 3116 Joanne

1982 3145 2179 3212 edocti,
2203 3146 2394 3201 hivero
2420 3162 2449 3199 a
2476 3147 2624 3215 lege;
2649 3146 3096 3216 quemadmodqu
3128 3148 3252 3202 item
3273 3151 3576 3206 Pharisaeus

1982 3239 2195 3293 dicebat
2224 3255 2242 3293 :
2272 3240 2459 3309 Jejuno
2507 3240 2580 3293 bis
2629 3241 2681 3293 in
2725 3240 3059 3295 Itebdomada.
3093 3242 3228 3308 Quid
3259 3245 3418 3314 igitur
3444 3246 3573 3301 dicit

1982 3330 2179 3386 Jesus?
2208 3329 2353 3383 Nunt
2410 3341 2617 3401 possunt
2666 3331 2765 3400 ﬁlii
2813 3333 2988 3399 sponsi
3025 3334 3285 3402 jejunare,
3330 3339 3573 3405 quamdiu

1983 3442 2097 3478 cum
2123 3425 2226 3478 illis
2264 3433 2337 3477 est
2376 3441 2592 3494 sponsus
2618 3426 2635 3493 (
2666 3424 2796 3478 Luc.
2824 3426 2909 3480 18.
2942 3427 3011 3480 12
3037 3426 3095 3496 )?
3137 3427 3317 3482 Primo
3358 3431 3571 3498 quidem

1983 3532 2103 3573 sese
2130 3517 2396 3573 medicum
2418 3519 2643 3584 vocavit,
2670 3517 2755 3572 hic
2776 3534 2903 3573 vero
2924 3535 3200 3589 sponsum,
3224 3531 3428 3576 secreta
3459 3540 3572 3595 my-

1980 3615 2143 3671 steria
2172 3630 2268 3683 per
2296 3612 2413 3668 hare
2452 3614 2665 3667 nomina
2698 3613 2944 3668 revolans
2974 3629 3331 3684 :quamquam
3362 3626 3571 3685 poterat

1981 3708 2105 3763 illos
2127 3708 2304 3763 acrius
2332 3706 2577 3761 refellere
2609 3706 2794 3761 dicens
2824 3723 2839 3759 ε
2874 3706 2981 3762 Vos
3011 3723 3117 3761 non
3161 3708 3368 3764 habetis
3390 3720 3572 3764 aucto-

1980 3803 2193 3857 ritatem
2224 3798 2529 3873 hujusmodi
2556 3800 2702 3870 leges
2731 3800 2964 3870 ponendi
2995 3818 3009 3855 :
3035 3817 3155 3872 qua:
3191 3803 3334 3857 enim
3370 3804 3571 3858 utilitas

1979 3908 2046 3949 ex
2069 3892 2294 3963 jejunio,
2321 3890 2535 3962 quando
2559 3891 2735 3946 anima
2762 3891 3035 3962 iniquitate
3058 3893 3212 3962 plena
3230 3904 3331 3961 est,
3354 3909 3475 3949 cum
3504 3896 3572 3951 de

1980 3983 2100 4038 aliis
2128 3983 2477 4048 accusamini,
2506 3998 2627 4038 cum
2674 3978 2998 4038 damnainini
3018 4026 3033 4051 ,
3062 3999 3183 4038 cum
3215 3985 3391 4040 trabes
3419 3986 3571 4042 fertis

1978 4077 2032 4132 in
2056 4077 2248 4143 oculis,
2293 4085 2348 4131 et
2393 4076 2461 4131 ad
2509 4077 2927 4131 ostentationem
2972 4077 3150 4130 omnia
3196 4076 3570 4135 facitisiAnte

1979 4170 2097 4224 lucc
2122 4170 2263 4225 enim
2294 4168 2474 4224 omnia
2504 4183 2693 4222 vanam
2721 4168 2946 4237 gloriam
2995 4168 3189 4238 ejicere
3226 4178 3565 4239 oportuerat,

1978 4272 2140 4334 atque
2170 4264 2273 4318 alia
2304 4264 2483 4317 omnia
2504 4272 2650 4319 recte
2672 4263 2904 4332 operari,
2932 4264 3230 4328 caritatem,
3256 4276 3565 4321 mansuetu-

1981 4353 2185 4418 dinem,
2212 4353 2432 4408 fratrum
2464 4368 2723 4408 amorem.
2760 4353 2954 4408 Verum
2997 4354 3125 4408 nihil
3176 4355 3367 4410 horum
3414 4357 3565 4425 dicit,

1980 4447 2074 4502 sed
2095 4463 2215 4502 cum
2243 4448 2387 4500 omni
2418 4447 2827 4502 mansuetudine
2856 4464 2870 4499 :
2905 4446 3025 4500 Non
3053 4458 3259 4518 possunt
3272 4449 3369 4518 ﬁlii
3394 4453 3566 4519 sponsi

1968 4542 2225 4612 jejunare,
2250 4541 2493 4611 quamdiu
2518 4556 2634 4593 cum
2659 4541 2728 4594 eis
2754 4548 2825 4593 est
2850 4557 3067 4610 sponsus
3090 4540 3108 4613 (
3130 4542 3287 4597 Joan.
3320 4543 3373 4597 ὅ.
3405 4543 3510 4613 9.9)
3550 4563 3563 4597 :

1977 4634 2140 4690 verba
2167 4634 2388 4689 Joannis
2419 4647 2726 4688 memorans
2754 4632 2977 4687 isthmc:
3015 4633 3114 4699 Qui
3152 4634 3297 4689 habet
3328 4652 3566 4705 sponsam

1976 4742 2193 4794 sponsus
2212 4734 2286 4779 est
2317 4740 2336 4778 :
2362 4725 2556 4778 amicus
2581 4733 2747 4777 autem
2774 4725 2980 4792 sponsi,
3013 4734 3086 4778 est
3123 4726 3211 4795 qui
3235 4735 3337 4780 stat
3355 4743 3376 4780 :
3402 4738 3450 4780 et
3469 4744 3563 4781 au-

1978 4819 2119 4874 diens
2139 4835 2273 4884 eum,
2301 4817 2489 4889 gaudio
2536 4817 2723 4888 gaudet
2751 4825 2954 4886 propter
2983 4834 3153 4870 vacem
3190 4820 3384 4888 sponsi.
3412 4821 3564 4886 Quod

1978 4922 2155 4967 autem
2187 4911 2337 4977 dicit,
2370 4910 2673 4980 hujusmodi
2704 4919 2785 4966 est
2819 4927 2833 4964 :
2866 4911 3113 4967 Praesens
3143 4920 3357 4983 tempus
3385 4914 3563 4983 gaudii

1978 5017 2033 5063 et
2056 5007 2252 5062 laetitiae
2281 5014 2383 5062 est.
2412 5005 2489 5060 Ne
2509 5004 2688 5075 itaque
2715 5004 2881 5059 tristia
2900 5004 3142 5060 inducas.
3162 5005 3354 5061 Tristis
3369 5007 3564 5076 quippe

1979 5114 2067 5153 res
2093 5097 2478 5168 estjejunium,
2512 5112 2617 5151 non
2648 5107 2839 5151 natura
2864 5112 2980 5162 sua,
3003 5097 3097 5151 sed
3125 5096 3228 5152 illis
3245 5107 3448 5152 tantum
3471 5100 3559 5168 qui

1976 5190 2238 5246 infirmius
2257 5190 2430 5245 affecti
2466 5198 2623 5256 sunt;
2658 5198 2713 5244 at
2737 5190 2802 5244 iis
2830 5189 2919 5259 qui
2947 5189 3311 5258 philosophari
3337 5191 3558 5257 volunt,

1975 5301 2063 5340 res
2091 5283 2378 5340 admodum
2420 5282 2591 5339 dulcis
2630 5292 2713 5338 est
2750 5292 2807 5338 et
2847 5282 3236 5338 desiderabilis.
3282 5282 3560 5351 Quemad-

1974 5377 2192 5433 modum
2217 5377 2362 5433 cnim
2385 5390 2611 5445 corpore
2633 5375 2770 5431 bene
2791 5375 3020 5442 valente,
3051 5374 3215 5430 multa
3237 5375 3419 5431 laetitia
3444 5387 3557 5433 est:

1975 5470 2054 5526 sic
2077 5470 2254 5525 anima
2284 5468 2421 5523 bene
2442 5468 2629 5522 affecta
2650 5508 2664 5531 ,
2702 5467 2874 5536 major
2905 5475 2988 5522 est
3039 5467 3302 5536 voluptas.
3342 5468 3447 5525 Sed
3490 5470 3557 5525 ad

1976 5563 2186 5617 illorum
2215 5569 2449 5616 mentem
2481 5559 2596 5614 haec
2626 5560 2922 5629 respondit.
2956 5560 3045 5616 Sic
3065 5570 3119 5615 et
3140 5560 3300 5615 lsaias
3320 5561 3386 5617 de
3410 5562 3555 5632 jeju-

1975 5656 2066 5709 nio
2093 5656 2335 5723 loquens,
2366 5652 2722 5708 humilitatem
2754 5652 2916 5706 animi
2946 5660 3099 5707 vocat
3128 5652 3257 5710 illud
3287 5653 3439 5727 (lsai.
3462 5656 3552 5711 58.

1970 5740 2028 5815 3)
2060 5758 2076 5798 :
2102 5752 2155 5800 ct
2183 5742 2394 5816 Moyses
2419 5742 2666 5799 similiter
2691 5739 2879 5813 (Num.
2909 5740 2998 5799 50.
3023 5741 3134 5812 M).
