4038 6364
478 392 583 451 367

553 515 608 570 ιί,
649 512 830 582 Neque
851 509 979 564 hinc
1007 515 1212 564 tantum
1244 505 1362 559 illos
1388 501 1633 571 reprimit
1673 498 1951 560 Dominus,
1974 492 2067 548 sed

482 604 695 659 aliunde
719 603 882 658 etiam
910 601 994 654 his
1018 598 1196 654 verbis
1228 614 1242 652 :
1282 594 1489 649 Venient
1509 593 1649 658 dies,
1676 589 1878 659 quando
1928 589 2072 656 aufe-

479 710 618 752 retur
635 697 698 750 ab
722 695 794 748 eis
819 707 1056 764 sponsas,
1081 698 1128 743 et
1143 699 1261 742 tunc
1271 686 1594 756 jejunabunt.
1620 681 1712 735 llis
1723 679 1867 734 enim
1891 686 2072 730 osten-

480 793 560 846 dit
587 805 692 844 non
731 786 870 858 gulae
912 797 1070 840 causa
1105 795 1208 836 non
1241 778 1533 850 jejunasse,
1585 772 1680 828 sed
1739 787 1802 826 ex
1840 769 2068 841 quadam

481 881 881 952 dispensatione
920 875 1148 931 mirabili
1179 872 1373 929 :simul
1405 885 1530 924 vero
1559 867 1626 922 de
1677 866 1928 936 passione
1973 877 2067 915 sua

479 975 723 1044 quaedam
754 970 1066 1042 pra-mittit,
1120 976 1176 1024 et
1215 967 1320 1021 illis
1365 960 1737 1032 respondendo
1778 956 2068 1027 discipulos

482 1065 713 1121 instituit
732 1075 784 1119 et
813 1059 1073 1118 exercitat
1102 1061 1154 1114 in
1187 1055 1532 1112 meditatione
1558 1066 1737 1107 rerum
1778 1064 1898 1120 qua:
1934 1062 2067 1101 one-

483 1175 622 1214 rosa:
645 1167 700 1213 et
727 1157 908 1212 tristes
929 1169 1051 1210 eSse
1094 1152 1435 1206 videbantur.
1480 1145 1592 1202 Illis
1626 1143 1769 1200 enim
1817 1143 1919 1196 hoc
1956 1139 2067 1211 jam

479 1253 662 1307 dicere
691 1249 977 1306 molestum
1006 1245 1233 1309 fuisset,
1261 1237 1692 1312 quandoquidem
1722 1250 1844 1291 cum
1883 1241 2067 1302 postea

481 1343 682 1397 dictum
705 1341 810 1396 illis
838 1339 954 1404 fuit,
988 1338 1132 1408 ipsos
1171 1331 1509 1390 conturbavit
1539 1347 1553 1384 :
1583 1343 1704 1384 cum
1733 1335 1912 1381 autem
1949 1324 2069 1378 aliis

479 1436 767 1499 diceretur,
791 1432 970 1486 minus
995 1431 1096 1484 illis
1117 1441 1406 1484 onerosum
1430 1433 1564 1479 erat.
1581 1422 1714 1492 Quia
1740 1435 1902 1492 porro
1928 1417 2070 1474 veri-

481 1527 662 1583 simile
686 1536 804 1583 erat
827 1525 949 1580 illos
977 1524 1045 1579 de
1084 1521 1332 1593 passione
1373 1518 1600 1574 Joannis
1649 1515 1815 1570 altum
1853 1528 2064 1584 sapere,

481 1623 623 1677 hunc
649 1623 887 1692 ipsorum
934 1627 1204 1674 tumorem
1250 1612 1375 1668 inde
1415 1611 1569 1668 sedat
1597 1627 1610 1663 :
1637 1624 1736 1664 nec
1771 1617 1950 1663 tamen
1999 1605 2068 1660 dc

481 1713 878 1770 resurrectione
905 1723 1209 1765 sermonem
1236 1705 1465 1770 inducit;
1499 1701 1736 1756 nondum
1760 1700 1901 1755 enim
1935 1708 2068 1753 tem-

480 1823 579 1876 pus
603 1813 737 1860 erat.
774 1803 887 1858 iloc
915 1802 1111 1870 quippe
1133 1798 1424 1854 secundum
1452 1803 1695 1849 naturam
1730 1801 1880 1856 erat,
1922 1789 2066 1861 quod

479 1899 641 1952 homo
680 1912 800 1950 cum
847 1903 1142 1964 putaretur,
1193 1889 1484 1946 moriturus
1529 1897 1710 1952 esset;
1765 1883 1893 1940 illud
1938 1897 2067 1940 vero

476 2002 634 2057 Supra
662 1997 928 2040 naturam.
962 1982 1163 2038 Deinde
1191 1981 1246 2036 id
1272 1981 1412 2050 quod
1439 1991 1563 2032 ante
1591 1977 1810 2043 fecerat,
1835 1977 1920 2031 hic
1935 1990 2067 2046 quo-

474 2095 580 2148 que
607 2077 746 2131 facit.
779 2073 1239 2145 Quemadmodum
1256 2088 1400 2127 enim
1443 2086 1564 2124 cum
1592 2079 1917 2124 conarentur
1943 2082 2065 2122 eum

474 2167 686 2222 crimini
715 2165 1008 2221 obnoxium
1036 2163 1345 2227 ostendere,
1377 2161 1520 2231 quod
1546 2176 1669 2216 cum
1694 2158 2065 2230 peccatoribus

474 2257 801 2322 comederet,
829 2254 1157 2310 contrarium
1209 2253 1302 2308 ille
1343 2251 1608 2322 probavit,
1648 2251 1700 2305 id
1727 2264 1920 2319 nempe
1955 2265 2064 2304 non

472 2349 676 2404 crimen
704 2362 858 2414 esse,
889 2346 985 2402 sed
1021 2343 1341 2401 laudandum
1369 2361 1384 2398 :
1414 2343 1493 2398 sic
1531 2351 1588 2397 et
1636 2341 1740 2396 hoc
1782 2341 1900 2396 loco
1939 2354 2062 2395 cum

472 2444 662 2498 volunt
687 2441 936 2511 probare,
970 2441 1143 2508 ipsum
1166 2453 1274 2492 non
1303 2438 1378 2490 uti
1420 2450 1516 2506 par
1551 2445 1633 2490 est
1662 2434 1952 2503 discipulos
1979 2432 2064 2487 in-

472 2538 716 2601 stituere,
748 2533 984 2588 ostendit
1007 2548 1103 2588 eos
1121 2532 1213 2602 qui
1242 2531 1369 2586 illud
1393 2531 1653 2606 dicerent,
1687 2529 1934 2600 ignorare
1957 2544 2064 2600 quo

473 2635 630 2698 pacto
659 2624 1012 2680 sectatoribus
1042 2623 1296 2678 utendum
1326 2634 1506 2689 esset,
1552 2622 1645 2678 sed
1677 2631 1878 2676 temere
1902 2637 2062 2676 accu-

472 2736 593 2774 sare
624 2735 636 2770 :
674 2718 759 2773 16.
791 2715 984 2771 Nullus
1009 2718 1165 2783 enim,
1207 2716 1398 2786 inquit,
1432 2715 1654 2768 immittit
1682 2715 2064 2770 commissuram

473 2811 632 2879 panni
657 2809 773 2863 novi
799 2809 853 2862 in
872 2809 1214 2862 vestimentum
1232 2818 1388 2860 vetus.
1406 2806 1610 2860 Rursus
1635 2821 1665 2859 a
1691 2805 2064 2861 communibus

470 2900 732 2970 exemplis
752 2914 1058 2956 sermonem
1089 2898 1394 2953 concinnat.
1413 2899 1566 2963 Quod
1589 2906 1766 2951 autem
1788 2896 1938 2961 dicit,
1959 2896 2064 2951 hn-

471 2992 703 3064 jnsniodi
729 2999 853 3046 est:
885 2990 1132 3046 Nondqu
1173 2989 1341 3044 fortes
1383 2997 1510 3043 suiit
1546 2987 1814 3059 discipuli,
1844 2989 1937 3043 sed
1965 2989 2062 3043 ad-

471 3084 577 3139 iinc
627 3083 794 3138 multa
855 3092 1014 3153 egent
1080 3081 1406 3152 indulgentia
1439 3080 1715 3134 :nondum
1760 3081 1902 3135 enim
1965 3095 2063 3149 per

471 3177 727 3246 Spiritum
755 3174 994 3231 renovati
1015 3185 1159 3229 sunt.
1180 3174 1269 3229 Sic
1294 3183 1472 3227 autem
1495 3173 1700 3228 affectis
1721 3188 1825 3228 non
1850 3182 2062 3243 oportet

471 3268 651 3336 gravia
698 3275 1086 3336 prmceptorum
1141 3279 1306 3319 onera
1355 3265 1648 3334 imponere.
1704 3264 1833 3320 Haec
1880 3273 2060 3335 autem

471 3360 702 3424 dicebat,
733 3359 879 3428 leges
907 3367 962 3413 et
989 3357 1201 3428 regulas
1230 3357 1514 3427 imponens
1540 3355 1814 3426 discipulis
1843 3356 1976 3423 suis,
2005 3365 2062 3411 ut

471 3468 592 3506 cum
621 3452 698 3506 illi
746 3451 800 3506 iu
839 3450 1132 3521 discipulos
1165 3449 1470 3505 adscribent
1515 3465 1704 3506 omnes
1731 3451 1820 3521 qui
1849 3450 1900 3504 in
1929 3451 2061 3506 orbe

474 3552 734 3596 terrarum
775 3550 920 3606 sunt,
951 3557 1071 3597 cum
1103 3557 1294 3613 magna
1338 3541 1455 3596 illos
1491 3542 1899 3596 mansuetudine
1950 3551 2059 3596 tra-

470 3647 640 3694 ctent.
673 3637 759 3691 i7.
793 3636 972 3707 Neque
1011 3637 1286 3690 immittunt
1311 3637 1481 3690 vinum
1510 3651 1694 3689 novum
1720 3637 1773 3690 in
1802 3647 1940 3691 utres
1972 3651 2058 3689 ve—

473 3745 619 3787 tem.
650 3730 838 3786 Videu’
863 3730 1114 3802 exempla
1147 3730 1198 3784 in
1237 3731 1401 3785 veteri
1435 3731 1549 3800 lege
1579 3730 1871 3799 usurpata?
1900 3730 2061 3784 vesti-

473 3835 735 3889 mentum,
762 3822 949 3878 utres?
986 3823 1249 3877 .Ieremias
1277 3822 1529 3891 populum
1564 3833 1714 3873 vocat
1767 3821 2057 3889 periznma,

475 3919 710 3988 itemque
739 3924 886 3971 utres
917 3925 1186 3980 memorat
1223 3925 1385 3984 atque
1432 3915 1615 3969 viuum
1639 3917 1656 3984 (
1681 3914 1792 3968 Jer.
1847 3915 1933 3968 15.
1969 3915 2056 3968 10.

474 4012 584 4082 12).
613 4012 746 4080 Quia
767 4009 912 4066 enim
939 4009 1007 4064 de
1033 4022 1216 4064 mensa
1235 4016 1289 4064 et
1313 4007 1381 4062 de
1422 4008 1544 4078 gula
1591 4021 1774 4062 sermo
1818 4015 1968 4074 erat,
1993 4020 2063 4060 ex

477 4104 606 4172 ipsis
627 4103 873 4173 exempla
899 4102 1152 4158 desumit.
1185 4099 1356 4155 Lucas
1384 4097 1536 4171 (Cap.
1555 4099 1609 4155 5.
1627 4113 1674 4151 υ.
1695 4097 1787 4171 56)
1814 4113 1942 4154 vero
1967 4097 2064 4151 ali-

473 4195 599 4265 quid
627 4195 857 4265 amplius
883 4194 1033 4259 dicit,
1065 4207 1262 4248 novum
1289 4205 1484 4261 nempe
1513 4189 1706 4253 scindi,
1729 4189 1773 4244 si
1818 4187 1947 4244 illud
1971 4203 2064 4243 ve-

477 4290 574 4341 teri
593 4285 856 4357 junxeris.
891 4284 1078 4340 Viden’
1095 4299 1200 4340 non
1231 4283 1391 4339 modo
1418 4282 1614 4337 nullam
1641 4281 1947 4346 utilitatem,
1967 4281 2061 4337 sed

475 4378 647 4449 majus
671 4378 1052 4433 detrimentum
1073 4376 1200 4431 hinc
1219 4375 1393 4431 oriri?
1431 4373 1499 4429 Et
1526 4375 1810 4444 praesentia
1845 4373 2060 4444 quidem

479 4480 678 4533 narrat,
698 4470 873 4524 futura
900 4485 1028 4524 vero
1055 4467 1330 4538 praedicit;
1356 4481 1552 4537 nempe
1577 4465 1695 4519 illos
1722 4479 1890 4522 novos
1917 4474 2065 4534 post-

482 4578 546 4616 ea
589 4563 796 4617 futuros
835 4576 993 4616 esse:
1026 4569 1081 4616 et
1109 4571 1395 4629 antequam
1429 4557 1481 4612 id
1511 4557 1758 4624 eveniat,
1787 4555 1916 4611 nihil
1964 4571 2062 4611 au-

478 4666 681 4711 sterum
708 4663 763 4709 et
781 4670 942 4725 grave
979 4654 1108 4724 ipsis
1152 4660 1478 4724 prteceptum
1531 4650 1617 4704 iri.
1647 4648 1780 4704 Nam
1812 4649 1902 4719 qui
1941 4657 2066 4704 ante

479 4759 838 4819 opportunum
872 4755 1104 4817 tempus,
1133 4744 1325 4815 inquit,
1367 4742 1619 4798 sublimia
1640 4740 1892 4812 dogmata
1929 4754 2066 4796 con-

479 4843 700 4898 stituere
723 4841 935 4913 quaerit,
964 4853 1061 4894 suo
1085 4847 1270 4908 postea
1315 4845 1556 4906 tempore
1589 4849 1696 4888 non
1733 4832 1956 4888 idoneos
1981 4846 2068 4886 re-

480 4935 670 5004 periet,
721 4932 864 5003 quod
914 4930 1036 4986 illos
1077 4927 1245 4984 semel
1301 4926 1516 4982 inutiles
1568 4923 1878 4981 reddiderit.
1930 4921 2066 4976 Illud

481 5042 641 5096 porro
665 5040 772 5079 non
801 5034 866 5078 ex
899 5021 1022 5078 vino
1051 5019 1312 5091 procedit,
1344 5033 1518 5088 neque
1552 5033 1618 5072 ex
1645 5015 1853 5070 utribus
1882 5015 2066 5069 vinum

479 5117 868 5189 cxcipientibus
888 5156 905 5181 ,
935 5115 1030 5170 sed
1057 5129 1124 5170 ex
1166 5128 1355 5168 eorum
1382 5112 1472 5182 qui
1500 5109 1809 5166 infuderunt
1844 5107 2066 5164 festina-

482 5214 644 5267 tione.
674 5211 809 5266 Hinc
839 5209 994 5264 nobis
1021 5222 1236 5263 causam
1267 5204 1506 5275 extionit,
1524 5219 1622 5258 cur
1645 5202 1766 5256 illos
1786 5200 2070 5268 alloquens

481 5306 769 5362 humilibus
797 5303 976 5360 verbis
1021 5301 1331 5371 frequenter
1377 5307 1639 5353 uteretur.
1671 5295 1803 5349 Nam
1846 5302 2072 5364 propter

481 5402 718 5470 ipsorum
750 5397 1114 5452 inﬁrmitatem
1145 5394 1308 5448 multa
1339 5391 1548 5446 dicebat
1594 5389 1772 5443 minus
1821 5385 2068 5441 sublimia

480 5509 640 5563 quam
664 5505 761 5559 pro
792 5505 886 5543 sua
915 5489 1174 5559 dignitate
1203 5502 1216 5538 :
1241 5482 1382 5554 quod
1427 5482 1601 5552 ipsum
1628 5492 1841 5548 quoque
1867 5475 2071 5530 dixisse

481 5588 559 5640 sic
583 5585 746 5638 refert
767 5582 1001 5638 Joannes
1028 5599 1041 5635 :
1070 5579 1120 5632 Μ
1129 5580 1236 5632 ulta
1265 5577 1421 5631 habeo
1450 5573 1587 5629 vobis
1617 5573 1781 5626 dicere
1803 5613 1820 5638 ,
1858 5568 1946 5623 sed
1968 5583 2070 5620 non

482 5677 688 5747 potestis
719 5685 921 5744 portare
946 5673 1094 5727 modo
1115 5671 1295 5737 (Joan.
1317 5668 1401 5723 t6.
1424 5664 1536 5736 19.).
1559 5663 1639 5719 Ne
1660 5668 1906 5732 putarent
1923 5659 2068 5714 enim

485 5772 575 5827 illa
603 5770 773 5823 solum
805 5783 923 5823 esse
970 5781 1089 5836 qua:
1126 5765 1279 5831 dixit,
1321 5771 1485 5832 utque
1517 5759 1617 5813 alia
1661 5758 1814 5826 longe
1863 5752 2063 5822 majora

1186 387 1245 446 S.
1285 383 1565 443 JOAN‘NIS
1601 375 2079 440 οιιῐιγδοετωιι
2122 375 2434 434 ARCIIIEP.
2475 378 3015 437 CONSTANTINOP.

3650 385 3744 440 368

2181 499 2358 543 tuente
2385 492 2752 560 conciperent,
2801 492 3170 548 inﬁrmitatem
3213 508 3399 548 eorum
3431 493 3484 549 in
3524 495 3743 550 medium

2177 582 2416 646 adduxit,
2453 584 2720 653 pollicitus
2748 600 2811 639 ea
2838 599 2898 640 se
2918 585 3204 648 dicturum,
3230 601 3351 640 cum
3375 585 3618 642 fortiores
3638 587 3745 643 fue—

2177 675 2282 730 rint
2307 693 2322 730 :
2354 675 2407 730 id
2433 677 2575 747 quod
2597 676 2682 732 hic
2722 678 2882 732 etiam
2909 678 3038 734 dicit
3071 696 3085 732 :
3124 678 3330 733 Veniant
3354 679 3464 733 diu
3483 720 3500 746 ,
3523 695 3636 734 eum
3660 697 3742 734 au-

2175 772 2364 838 feretur
2387 766 2449 821 ab
2479 769 2549 823 eis
2574 786 2810 840 sponsus,
2861 779 2908 825 et
2948 780 3068 825 tunc
3101 771 3432 842 jejunabunt.
3473 769 3551 826 Ne
3581 773 3745 843 itaque

2175 874 2274 913 nos
2298 859 2475 914 omnia
2525 861 2593 913 ab
2621 861 2872 916 omnibus
2910 862 2960 915 in
2993 861 3259 932 principio
3303 862 3577 932 exigamus
3599 904 3614 928 ,
3658 864 3745 918 sed

2172 960 2368 1019 quanta
2397 963 2619 1024 possunt
2645 953 2780 1020 fieri,
2804 963 2860 1010 et
2882 955 2989 1008 cito
3015 954 3370 1024 procedemus
3392 955 3547 1009 ultra.
3570 955 3623 1010 Si
3658 971 3747 1010 au-

2175 1051 2281 1096 tem
2312 1045 2507 1112 premis
2529 1054 2582 1098 et
2610 1044 2860 1106 festinas.
2901 1044 3024 1100 ideo
3056 1061 3124 1100 ne
3149 1057 3363 1115 premas
3383 1086 3399 1109 ,
3431 1053 3490 1099 ut
3513 1045 3743 1101 festines.

2171 1133 2324 1202 Quod
2352 1135 2395 1190 si
2425 1134 2527 1190 hoc
2559 1135 2649 1190 tibi
2673 1137 2900 1206 :enigma
2929 1135 3138 1190 videtur
3157 1151 3298 1201 esse,
3328 1136 3398 1192 ab
3435 1137 3542 1206 ipsa
3576 1154 3744 1194 rerum

2172 1235 2358 1282 natura
2380 1227 2545 1292 disce,
2574 1238 2630 1283 et
2652 1238 2776 1284 tunc
2795 1229 2923 1284 dicti
2953 1231 3058 1282 vim
3081 1244 3298 1284 omnem
3329 1229 3590 1300 percipies
3613 1247 3626 1284 :
3654 1232 3750 1285 tn-c'

2172 1328 2222 1372 te
2253 1331 2501 1376 moveant
2539 1321 2575 1376 ii
2623 1322 2711 1392 qui
2765 1321 3068 1394 importune
3104 1330 3388 1386 accusant;
3415 1337 3538 1375 nam
3579 1322 3661 1377 hic
3696 1331 3747 1378 et

2171 1410 2425 1466 f‘liarisrei
2445 1414 2783 1476 accusabant,
2807 1423 2859 1467 et
2876 1412 3153 1482 discipulis
3181 1411 3600 1482 exprobrabant.

2243 1505 2296 1559 5.
2329 1503 2617 1560 Moderatio
2658 1505 2847 1560 Christi
2875 1507 2926 1559 in
2951 1507 3068 1562 aliis
3105 1515 3153 1559 et
3191 1505 3444 1576 praecipue
3485 1505 3748 1561 luxuriosis

2169 1596 2459 1651 mulieribus
2477 1597 2830 1661 emendandis,
2847 1595 3467 1652 imitanda.-—Attamen
3494 1598 3618 1652 nihil
3658 1598 3746 1652 lio-

2168 1706 2286 1744 rum
2316 1689 2589 1745 Christum
2615 1705 2644 1745 a
2670 1691 2934 1746 sententia
2961 1689 3225 1756 dimovit,
3255 1705 3433 1761 neque
3463 1690 3593 1745 dixit
3624 1691 3742 1746 ille:

2168 1782 2347 1838 Pudor
2370 1793 2455 1838 est
2497 1782 2594 1838 hos
2623 1782 2867 1853 jejuuare
2896 1792 2952 1838 et
2987 1782 3088 1839 hos
3123 1798 3230 1837 non
3268 1781 3536 1853 jejunare.
3567 1783 3664 1839 Sed
3695 1793 3746 1839 ut

2166 1877 2400 1947 optimus
2425 1878 2749 1946 gubernator
2787 1891 2891 1932 non
2932 1877 3215 1932 commotis
3239 1875 3512 1944 fluctibus,
3533 1876 3624 1931 sed
3653 1879 3744 1931 arti

2165 1985 2278 2025 sum
2306 1969 2538 2024 intentus
2565 1977 2648 2024 est
2677 1986 2690 2023 :
2720 1969 2791 2022 ita
2821 1977 2876 2022 et
2913 1967 3160 2023 Christus
3200 1977 3327 2023 tunc
3367 1967 3515 2024 fecit.
3545 1968 3743 2022 Etenim

2168 2061 2338 2131 pudor
2357 2070 2494 2127 erat,
2523 2076 2628 2116 non
2676 2060 2816 2130 quod
2861 2060 2936 2116 illi
2968 2077 3073 2115 non
3102 2060 3430 2131 jejunarent,
3475 2061 3568 2116 scd
3613 2062 3744 2131 quod

2166 2163 2384 2222 propter
2421 2153 2682 2222 jejunium
2711 2153 2889 2208 letalia
2932 2153 3150 2206 vulnera
3181 2153 3514 2222 acciperent,
3553 2153 3744 2208 discin-

2163 2244 2436 2310 derentur,
2465 2243 2918 2314 dirumpereutur.
2950 2245 3080 2311 Qua:
3110 2245 3272 2300 etiam
3317 2261 3416 2300 nos
3455 2246 3636 2314 animo
3667 2262 3745 2302 re-

2165 2345 2431 2406 putantes,
2463 2337 2542 2392 sic
2570 2352 2695 2408 erga
2735 2349 2951 2392 nostros
2993 2351 3091 2391 nos
3135 2352 3404 2408 geramus.
3433 2337 3495 2394 Si
3533 2353 3743 2393 uxorem

2163 2428 2381 2496 habeas,
2413 2428 2712 2492 ornatibus,
2753 2427 2876 2482 fuco
2903 2437 2958 2484 et
3003 2429 3287 2499 pigmentis
3312 2429 3554 2483 deditam
3589 2437 3643 2484 ct
3670 2430 3745 2483 bis

2162 2520 2477 2585 inhiantem,
2505 2519 2709 2576 deliciis
2741 2520 3051 2575 affluentem
3071 2561 3086 2581 ,
3120 2520 3422 2590 loquacem,
3458 2530 3515 2575 et
3539 2535 3747 2590 prorsus

2163 2613 2401 2667 inutilem
2427 2627 2442 2678 ;
2472 2626 2790 2682 quamquam
2812 2611 3029 2666 difficile
3056 2610 3212 2666 estin
3241 2626 3344 2666 una
3376 2611 3606 2666 muliere
3639 2611 3745 2668 hate

2159 2705 2338 2760 omnia
2365 2718 2720 2768 concurrere;
2764 2705 3025 2773 fingamus
3070 2710 3246 2758 tamen
3277 2717 3398 2760 esse
3428 2702 3615 2757 talem.
3645 2701 3743 2758 Sed

2159 2812 2278 2864 cur,
2312 2797 2540 2864 inquies,
2585 2795 2888 2858 mulierem,
2933 2808 3042 2848 non
3084 2793 3255 2848 virum
3293 2793 3584 2864 depingis?
3619 2795 3744 2850 Sunt

2158 2897 2304 2943 certe
2342 2887 2444 2942 viri
2489 2885 2794 2957 hujusmodi
2838 2885 3070 2941 muliere
3116 2885 3433 2941 deteriores.
3484 2885 3592 2947 Sed
3629 2886 3742 2956 quia

2158 2979 2489 3052 gubernandi
2525 2979 2758 3034 officium
2802 2979 2929 3033 viris
2980 2977 3232 3032 traditum
3271 2986 3376 3045 est,
3419 2977 3511 3032 hic
3539 2978 3741 3032 interim

2160 3072 2440 3128 mulierem
2478 3071 2846 3125 describamus
2876 3087 2889 3122 :
2919 3085 3024 3124 non
3054 3069 3196 3140 quod
3229 3069 3281 3123 in
3326 3067 3544 3134 feminis
3581 3070 3742 3136 major

2157 3166 2226 3218 sit
2255 3163 2517 3231 nequitia:
2549 3162 2713 3215 multa
2743 3161 2938 3231 quippe
2965 3169 3020 3215 et
3046 3160 3185 3230 apud
3213 3161 3356 3215 viros
3385 3161 3621 3232 reperire
3643 3172 3739 3220 est.

2159 3266 2282 3321 quae
2335 3251 2651 3306 mulieribus
2701 3266 2811 3306 non
2863 3265 3195 3324 competunt,
3252 3266 3311 3310 ut
3363 3257 3732 3319 homicidium,

2160 3341 2533 3410 sepulcrorum
2597 3341 2972 3409 efl‘ossionem,
3035 3361 3158 3400 cum
3194 3341 3392 3399 belluis
3423 3359 3655 3414 pugnam
3694 3347 3732 3412 ί,

2159 3441 2214 3487 et
2268 3433 2436 3488 multa
2504 3432 2590 3488 his
2658 3433 2876 3489 similia.
2927 3433 3006 3491 Ne
3061 3435 3264 3506 putetis
3328 3451 3465 3507 ergo
3527 3452 3627 3491 nos
3671 3451 3732 3490 ex

2159 3542 2324 3582 sexus
2385 3527 2693 3595 hujusmodi
2737 3538 3050 3600 contemptu
3099 3530 3215 3586 haec
3263 3530 3419 3585 effari
3471 3549 3486 3586 :
3532 3532 3671 3586 absit
3707 3548 3738 3583 a

2149 3633 2269 3683 me;
2299 3617 2392 3673 sed
2419 3617 2484 3672 ad
2510 3633 2625 3674 rem
2665 3633 2807 3673 nunc
2844 3617 2996 3688 juvat
3031 3618 3205 3688 imago
3238 3617 3568 3687 hujusmodi.
3607 3617 3734 3684 Snp~

2147 3720 2377 3783 ponatur
2403 3725 2534 3781 ergo
2575 3711 2731 3767 nobis
2773 3712 2966 3766 mulier
3010 3709 3162 3776 talis,
3207 3711 3398 3781 virque
3441 3711 3558 3780 ejus
3594 3710 3732 3764 omni

2145 3803 2306 3859 modo
2335 3802 2547 3858 Studeat
2571 3802 2738 3872 ipsam
2761 3801 3065 3856 emendare.
3085 3800 3367 3868 Quomodo
3394 3799 3734 3856 emendabili

2142 3894 2259 3950 Non
2287 3893 2468 3949 omnia
2497 3893 2656 3948 simul
2691 3891 3070 3963 praecipiendo,
3113 3893 3206 3946 sed
3248 3891 3453 3948 leviora
3487 3894 3728 3962 primum,

2144 3989 2335 4058 quibus
2363 3988 2452 4043 illa
2477 4002 2580 4041 non
2604 3986 2827 4042 multum
2845 3995 3087 4056 angatur.
3110 3983 3242 4039 Nam
3271 3985 3314 4040 si
3346 3994 3521 4039 totum
3543 4000 3571 4038 a
3597 3985 3734 4055 prin-

2143 4081 2284 4150 cipio
2306 4078 2595 4136 emendare
2632 4077 2873 4142 festines,
2905 4085 3072 4130 totum
3106 4075 3317 4145 perdes.
3359 4074 3442 4132 Ne
3471 4091 3601 4146 ergo
3625 4086 3732 4131 sta-

2145 4176 2237 4229 tim
2268 4173 2316 4229 ei
2347 4187 2510 4228 aurea
2535 4179 2844 4226 ornamenta
2874 4169 3116 4235 auferas;
3139 4167 3232 4222 sed
3262 4167 3378 4222 h:rc
3407 4170 3622 4224 interim
3646 4167 3736 4221 lia-

2143 4268 2285 4331 beat,
2320 4264 2490 4335 iisque
2515 4273 2696 4318 utatur
2737 4279 2750 4315 :
2782 4277 2904 4316 nam
2935 4261 3111 4316 minus
3141 4261 3338 4314 malum
3366 4260 3582 4316 videtur
3610 4259 3732 4315 illud

2142 4374 2282 4422 esse,
2314 4372 2473 4427 quam
2504 4355 2768 4426 pigmenta
2799 4361 2854 4407 et
2882 4351 3055 4406 fucus.
3096 4351 3188 4406 illa
3225 4351 3459 4421 primum
3493 4350 3731 4405 auferan-

2145 4460 2248 4514 tur,
2279 4463 2383 4502 non
2408 4462 2476 4503 ex
2499 4444 2910 4500 comminatione
2929 4443 3011 4497 vel
3038 4442 3248 4508 timore,
3279 4442 3372 4497 sed
3396 4458 3464 4497 ex
3487 4442 3736 4496 suasione

2143 4550 2198 4596 et
2227 4539 2466 4606 lenitate,
2496 4551 2562 4592 ex
2591 4533 2930 4590 accusatione
2971 4533 3024 4587 in
3058 4532 3191 4586 alias
3220 4532 3476 4587 mulieres
3521 4531 3732 4601 injecta,

2143 4651 2209 4690 ex
2241 4632 2452 4704 propria
2503 4640 2592 4687 tua
2638 4627 2902 4684 sententia
2950 4635 3110 4696 atque
3150 4636 3329 4697 gustu.
3361 4626 3460 4680 Die
3509 4625 3585 4679 illi
3627 4624 3732 4678 fre-

2143 4737 2368 4799 quenter
2401 4743 2414 4780 :
2455 4723 2642 4778 Facies
2667 4737 2786 4775 cum
2822 4720 2912 4774 tali
2951 4727 3144 4774 ornatu
3187 4734 3292 4772 non
3337 4717 3587 4772 amabilis
3631 4725 3729 4780 est,

2145 4824 2252 4877 imo
2281 4819 2562 4887 injucunda
2597 4835 2611 4872 :
2653 4815 2838 4884 illique
2882 4813 3068 4879 suade,
3114 4811 3236 4866 ideo
3275 4809 3514 4864 maxime
3543 4809 3593 4864 id
3643 4808 3730 4862 tibi

2143 4913 2448 4983 displicere.
2475 4910 2603 4964 Post
2634 4919 2776 4962 tuam
2803 4915 2978 4960 autem
3006 4903 3334 4975 opinionem,
3351 4901 3580 4956 aliorum
3609 4914 3734 4970 quo-

2144 5022 2248 5078 que
2276 5003 2593 5060 sententiam
2633 4999 2805 5054 adduc
2834 4998 2885 5051 in
2917 4995 3170 5060 medium,
3203 4994 3418 5064 dieque,
3455 4993 3510 5047 id
3541 4993 3731 5046 fonne-

2145 5117 2232 5155 sas
2255 5099 2558 5156 deformare
2601 5094 2794 5155 solere.
2837 5103 2896 5145 ut
2943 5088 3191 5144 morbum
3229 5087 3298 5142 de
3337 5086 3518 5140 medio
3563 5085 3730 5140 tollas.

2147 5194 2288 5250 Nihil
2307 5190 2480 5247 adhuc
2507 5189 2576 5244 de
2605 5187 2845 5258 gehenna
2885 5180 3141 5252 loquaris,
3177 5179 3263 5234 vel
3290 5178 3358 5233 de
3385 5193 3553 5246 regno
3577 5194 3590 5229 :
3616 5191 3730 5230 nam

2149 5287 2343 5342 frustra
2373 5283 2489 5336 haec
2520 5278 2740 5333 dixeris.
2767 5272 3038 5330 Persuade
3089 5270 3208 5339 ipsi,
3267 5269 3459 5338 majori
3509 5267 3600 5321 tibi
3647 5279 3736 5318 vo-

2150 5375 2332 5446 luptati
2360 5387 2503 5430 esse.
2528 5370 2573 5424 si
2605 5369 2716 5438 ipsa
2756 5367 2846 5420 Dei
2870 5377 3004 5434 opus
3030 5361 3229 5415 nudum
3265 5360 3518 5414 oSIendat
3547 5375 3562 5411 :
3590 5356 3729 5410 illam

2147 5468 2290 5524 enim
2329 5480 2450 5535 qua:
2480 5462 2668 5516 faciem
2705 5456 2976 5527 perfricat,
3021 5451 3214 5519 tendit,
3255 5451 3514 5520 depingit.
3558 5448 3731 5502 multis

2147 5578 2254 5618 non
2297 5561 2584 5614 formosam
2629 5552 2819 5607 videri.
2869 5549 3104 5604 Primum
3151 5543 3527 5602 communibus
3577 5541 3729 5595 ratio-

2147 5654 2302 5709 ciniis
2329 5660 2376 5705 et
2402 5648 2638 5703 omnium
2678 5641 2896 5697 calculis
2925 5638 3168 5694 morbum
3209 5635 3425 5703 abigere
3471 5640 3653 5695 tenta;
3683 5634 3731 5680 et

2241 5752 2256 5782 ι
2283 5752 2378 5799 tlir.
2409 5746 2579 5796 Adnot.
2609 5738 2851 5792 l’riderici
2881 5737 3024 5789 Field
3066 5737 3124 5786 ad
3145 5750 3256 5800 pag.
3281 5736 3387 5782 55L
