4038 6364
199 340 307 399 567

264 467 326 519 δ’.
347 464 426 520 οὑ
445 463 553 536 μὴν
570 461 818 517 ἐντεῦθεν
841 466 1039 531 αὑτοὺς
1061 468 1398 540 ἐπιστομίζει
1424 474 1604 543 μόνον,
1621 476 1756 530 ἀλλὰ
1782 477 1876 531 καὶ

196 553 488 624 ἑτέρωθεν,
517 551 721 620 λέγων·
766 554 1145 610 Ἐλεύσονται
1190 558 1423 626 ἡμέραι,
1456 561 1603 615 ὅταν
1632 564 1881 633 ἀπαρθῇ

192 641 292 692 ἀπ’
322 640 525 694 αὐτῶν
570 643 603 694 ὁ
649 642 929 710 νυμφίος,
964 644 1061 696 καὶ
1111 648 1246 699 τότε
1294 650 1726 714 νηστεύσουσι.
1775 654 1875 707 Διά

192 728 296 797 γάρ
345 726 552 781 τούτων
594 727 888 794 δείκνυσιν,
918 731 1001 784 ὅτι
1042 731 1104 784 οὑ
1152 737 1595 807 γαστριμαργίας
1644 739 1703 793 τὸ
1732 741 1875 807 γινό-

194 831 353 883 μενον
385 810 477 886 ἦν,
505 814 620 868 ἀλλ’
645 816 957 885 οἰκονομίας
984 819 1130 882 τινὸς
1161 818 1481 893 θαυμαστῆς
1501 841 1514 854 ·
1548 825 1663 896 ἅμα
1690 826 1748 880 δὲ
1777 829 1871 882 καὶ

189 903 278 955 τὸν
309 902 571 974 περὶτοῦ
620 904 827 967 πάθους
874 907 1383 976 προκαταϐάλλεται
1437 911 1612 981 λόγον,
1654 916 1711 968 ἐν
1754 918 1875 980 ταῖς

189 993 324 1063 πρὸς
358 994 583 1065 ἐτέρους
642 995 972 1064 ἀντιλογίαις
1005 999 1277 1053 παιδεύων
1309 1003 1437 1067 τοὺς
1483 1005 1748 1077 μαθητάς,
1780 1010 1874 1063 καὶ

188 1081 486 1149 γυμνάζων
527 1080 765 1153 μελετᾷν
806 1083 906 1153 ἥδη
934 1084 994 1138 ἐν
1025 1088 1136 1149 τοῖς
1161 1086 1408 1144 δοκοῦσιν
1445 1086 1585 1146 εἶναι
1634 1097 1874 1165 σκυθρω-

190 1169 329 1252 ποῖς.
364 1167 511 1237 Πρὸς
552 1167 652 1237 μὲν
686 1168 797 1240 γάρ
823 1171 1022 1234 αὐτοὺς
1051 1172 1150 1243 ἤδη
1194 1173 1354 1228 τοῦτο
1390 1178 1583 1237 εἰπεῖν.
1618 1183 1874 1252 φορτικὸν

190 1248 255 1322 ἦν
287 1254 386 1305 καὶ
417 1254 674 1324 ἐπαχθὲς,
700 1255 833 1309 ὅπου
860 1274 927 1325 γε
962 1259 1057 1312 καὶ
1087 1261 1225 1330 μετά
1250 1262 1424 1318 ταῦτα
1454 1248 1644 1336 λεχθὲν
1675 1248 1873 1333 αὐτοὺς

192 1340 526 1413 ἐθορύϐησε’
560 1341 697 1413 πρὸς
724 1343 781 1395 δὲ
808 1345 1029 1415 ἐτέρους
1062 1347 1372 1418 λεγόμενον,
1401 1353 1873 1426 ἀνεπαχθέστερον

194 1428 402 1492 τούτοις
447 1429 650 1499 μᾶλλον
679 1431 909 1499 ἐγίνετο.
951 1434 1167 1507 Ἐπειδὴ
1192 1436 1250 1489 δὲ
1278 1438 1425 1502 εἰκὸς
1461 1435 1531 1509 ἦν
1555 1442 1754 1505 αὑτοὺς
1783 1446 1874 1497 καὶ

194 1514 282 1567 ἐπὶ
317 1514 400 1584 τῷ
453 1515 616 1569 πάθει
664 1516 914 1571 Ἰωάννου
955 1520 1099 1590 μέγα
1153 1528 1391 1593 φρονεῖν,
1441 1526 1536 1579 καὶ
1580 1527 1741 1581 τοῦτο
1784 1531 1872 1582 ἐν-

194 1601 383 1654 τεῦθεν
416 1604 768 1658 καταστέλλει
813 1606 874 1659 τὸ
904 1606 1165 1678 φύσημα·
1215 1610 1307 1667 τὸν
1358 1612 1542 1682 μέντοι
1598 1617 1727 1686 περὶ
1772 1619 1874 1687 τῆς

194 1691 543 1754 ἀναστάσεως
586 1692 743 1761 λόγον
772 1693 925 1748 οῦπω
955 1698 1280 1769 προστίθησι
1302 1700 1346 1732 ⁵³
1365 1716 1380 1731 ο
1409 1702 1622 1756 οὐδέπω
1655 1704 1764 1776 γάρ
1802 1701 1871 1776 ἦν

191 1778 403 1849 καιρός.
432 1780 605 1835 Τοῦτο
636 1781 735 1851 μὲν
769 1782 879 1854 γάρ
911 1789 1053 1839 κατὰ
1079 1784 1241 1855 φύσιν
1269 1782 1358 1859 ἧν,
1384 1788 1444 1842 τὸ
1474 1790 1760 1863 ἄνθρωπον
1788 1812 1874 1847 νο-

196 1866 487 1937 μιζόμενον
519 1864 660 1922 εῖναι
698 1872 1012 1937 ἀποθανεῖν,
1045 1875 1219 1929 ἐκεῖνο
1251 1876 1308 1930 δέ
1343 1878 1482 1949 ὑπὲρ
1524 1879 1704 1948 φύσιν.
1743 1878 1874 1935 Εἶτα

190 1955 325 2025 ὅπερ
382 1954 693 2026 ἔμπροσθεν
748 1960 1011 2031 ἐποίησε,
1060 1963 1219 2017 τοῦτο
1270 1966 1366 2019 καὶ
1417 1966 1650 2021 ἐνταῦθα
1704 1973 1871 2024 ποιεῖ.

192 2041 409 2113 Ὠσπερ
460 2042 569 2115 γάρ
631 2046 1047 2118 ἐπιχειροῦντας
1097 2051 1260 2104 αὑτὸν
1312 2052 1479 2120 δεῖξαι
1535 2055 1875 2127 ἐγκλήμασιν

190 2129 316 2181 ὄντα
355 2130 658 2186 ὑπεύθυνον
702 2133 781 2205 τῷ
817 2134 957 2204 μετά
1013 2137 1358 2209 ἁμαρτωλῶν
1405 2142 1641 2206 ἐσθίειν,
1688 2144 1874 2199 ἐπεισε

191 2218 503 2271 τούναντίον
529 2258 545 2283 ,
588 2220 671 2273 ὅτι
728 2222 789 2274 ού
841 2222 1001 2292 μόνον
1044 2226 1143 2278 οὑκ
1173 2226 1219 2257 ⁸³
1262 2227 1549 2299 ἔγκλημα,
1597 2230 1735 2284 ἀλλά
1779 2233 1875 2285 καί

192 2304 412 2369 ἔπαινος
448 2306 508 2359 τὸ
545 2308 827 2378 γινόμενον
872 2306 969 2382 ἦν·
1015 2310 1158 2366 οὕτω
1196 2315 1290 2367 καὶ
1334 2316 1568 2370 ἐνταῦθα
1612 2318 1872 2390 βουλομέ-

190 2409 314 2455 νους
367 2395 568 2458 αὐτοὺς
611 2397 888 2467 ἀποφῆναι
927 2398 1111 2465 αὑτὸν,
1159 2401 1240 2454 ὅτι
1281 2402 1380 2455 οὑκ
1425 2400 1534 2456 οἶδε
1573 2407 1875 2476 κεχρῆσθαι

190 2483 301 2543 τοῖς
334 2482 626 2551 μαθηταῖς,
665 2484 934 2539 δείκνυσιν
962 2487 1044 2541 ὅτι
1078 2488 1138 2541 τὸ
1173 2488 1347 2542 ταῦτα
1373 2489 1527 2564 [555]
1558 2493 1736 2561 λέγειν
1774 2495 1874 2549 οὑκ

190 2569 411 2623 εἰδότων
448 2572 563 2623 ἐστί
605 2573 907 2643 κεχρῆσθαι
947 2578 1060 2638 τοῖς
1105 2577 1391 2646 ἑπομένοις
1413 2580 1457 2611 ⁸⁸
1479 2620 1496 2644 ,
1541 2581 1658 2635 ἀλλ’
1689 2582 1874 2647 ἁπλῶς

192 2656 589 2723 ἐγκαλούντων.
632 2660 843 2727 Οὐδεὶς
871 2663 978 2733 γὰρ
1004 2663 1331 2727 ἐπιϐάλλει,
1365 2668 1547 2736 φησὶν,
1576 2668 1875 2738 ἐπίϐλημα

187 2744 419 2812 ῥάχους
444 2746 718 2815 ἀγνάφου
753 2748 852 2801 ἐπὶ
895 2751 1102 2819 ίματίῳ
1130 2752 1383 2819 παλαιῷ.
1419 2754 1587 2808 Πάλιν
1622 2757 1731 2809 ἀπὸ
1767 2757 1875 2810 τῶν

191 2832 392 2886 κοινῶν
443 2834 854 2906 ὑποδειγμάτων
901 2839 1303 2903 κατασκευάζει
1352 2841 1443 2893 τὸν
1488 2842 1665 2911 λόγον.
1715 2846 1779 2896 Ὃ
1816 2844 1873 2897 δέ

190 2920 365 2988 λέγει,
411 2921 647 2975 τοιοῦτόν
680 2924 860 2976 ἐστιν·
895 2923 1061 2978 Οὔπω
1102 2926 1389 2994 γεγόνασιν
1431 2930 1641 3000 ἰσχυροὶ
1680 2933 1728 2984 οἱ
1771 2949 1876 3001 μα-

193 3007 379 3078 θηται,
410 3008 525 3061 ἀλλ’
550 3008 632 3062 ἔτι
662 3011 861 3081 πολλῆς
896 3011 1104 3066 δέονται
1134 3015 1589 3081 συγκαταϐάσεως
1611 3016 1657 3048 ⁸⁸
1676 3035 1690 3048 ·
1719 3016 1871 3071 οῦπω

192 3096 281 3150 διά
313 3097 413 3150 τοῦ
454 3096 767 3168 Πνεύματος
800 3099 1273 3171 ἀνεκαινίσθησαν.
1317 3101 1471 3154 Οὕτω
1499 3103 1555 3156 δὲ
1598 3102 1871 3176 διακειμέ-

193 3201 305 3247 νοις
348 3185 413 3237 οὐ
448 3184 554 3256 χρὴ
594 3184 759 3257 βάρος
799 3186 1094 3241 ἐπιτιθέναι
1139 3188 1544 3258 ἐπιταγμάτων.
1589 3190 1773 3245 Ταῦτα
1813 3192 1872 3246 δέ

192 3270 373 3340 ἔλεγε,
404 3271 602 3341 νόμους
651 3273 817 3335 τιθεὶς
844 3274 886 3304 ⁸⁷
912 3274 1006 3326 καὶ
1040 3274 1273 3339 κανόνας
1312 3279 1424 3340 τοῖς
1471 3277 1664 3330 ἐαυτοῦ
1701 3278 1874 3351 μαθη-

192 3361 335 3422 ταῖς,
380 3359 447 3410 Iv’
474 3359 603 3412 ὅταν
636 3360 871 3429 μέλλωσι
906 3360 1153 3431 μαθητὰς
1180 3361 1478 3432 λαμϐάνειν
1519 3365 1645 3429 τοὺς
1674 3366 1737 3419 ἐκ
1775 3366 1875 3435 τῆς

192 3445 523 3517 οἰκουμένης
547 3446 812 3513 ἅπαντας,
850 3447 988 3517 μετὰ
1016 3448 1215 3519 πολλῆς
1238 3450 1423 3514 αὑτοῖς
1455 3451 1873 3523 προσφέρωνται

193 3534 295 3602 τῆς
354 3533 715 3605 ἡμερότητος.
763 3534 917 3588 Οὐδὲ
967 3535 1319 3599 βάλλουσιν
1376 3533 1545 3592 οἶνον
1596 3538 1739 3593 νέον
1786 3544 1875 3608 εἰς

193 3621 431 3687 ἀσκοὺς
477 3623 789 3687 παλαιούς.
838 3621 994 3686 Εἶδες
1028 3624 1099 3677 τά
1139 3623 1514 3696 ὑποδείγματα
1559 3629 1626 3698 τῇ
1662 3627 1877 3698 Παλαιᾷ

192 3707 441 3774 tandm;
479 3709 540 3762 τὸ
572 3708 817 3779 ἰμάτιον;
848 3711 974 3774 τοὺς
1001 3710 1242 3777 ἀσκούς;
1273 3712 1384 3764 Καὶ
1413 3712 1522 3784 γάρ
1551 3714 1579 3766 ό
1610 3714 1877 3784 Ἱερεμίας

194 3794 486 3866 περίζωμα
528 3794 616 3850 τὸν
661 3795 788 3850 λαόν
821 3814 974 3867 φησι,
1023 3798 1118 3851 καὶ
1163 3799 1323 3853 πάλιν
1365 3799 1551 3853 ἀσκῶν
1604 3801 1877 3871 μέμνηται

195 3885 293 3935 καὶ
318 3882 484 3936 οῖνου.
526 3883 746 3955 Ἐπειδὴ
783 3885 891 3955 γάρ
927 3885 1057 3956 περὶ
1089 3886 1535 3957 γαστριμαργίας
1570 3882 1637 3958 ἦν
1664 3890 1692 3940 6
1721 3888 1878 3955 λόγος

195 3973 291 4023 καὶ
310 3972 609 4043 τραπέζης,
632 3973 740 4025 ἀπὸ
760 3971 869 4025 τῶν
893 3974 1072 4027 αὑτῶν
1094 3972 1364 4044 λαμϐάνει
1386 3975 1453 4027 τὰ
1485 3974 1875 4045 ὑποδείγματα.

204 4057 267 4109 '0
307 4059 365 4111 δὲ
398 4060 614 4122 Λουκᾶς
662 4060 755 4113 καὶ
800 4060 961 4113 πλέον
1001 4061 1055 4113 τί
1100 4078 1285 4131 φησιν,
1326 4063 1410 4116 ὅτι
1446 4063 1540 4116 καὶ
1583 4062 1644 4117 τὸ
1696 4064 1878 4118 καινὸν

199 4146 469 4215 σχίζεται,
516 4147 612 4199 ἐὰν
643 4148 907 4219 ἐπιϐάλῃς
939 4147 1069 4203 αὐτὸ
1109 4148 1187 4219 τῷ
1228 4148 1463 4220 παλαιῷ.
1501 4149 1664 4222 Ὁρᾷς
1692 4151 1774 4205 ὅτι
1815 4151 1877 4204 οὐ

202 4234 364 4302 μόνον
404 4234 557 4288 οὐδὲν
589 4236 797 4303 γίνεται
844 4236 1066 4305 ὄφελος,
1112 4236 1247 4290 ἀλλά
1276 4237 1369 4290 καὶ
1402 4237 1602 4291 πλείων
1625 4239 1669 4270 ⁸⁸
1700 4240 1734 4310 ὴ
1777 4238 1876 4309 ζη-

201 4323 331 4390 μία;
366 4324 477 4377 Καὶ
511 4323 657 4392 λέγει
698 4325 795 4395 μὲν
834 4324 895 4377 τὸ
930 4325 1123 4394 παρὸν,
1153 4328 1536 4396 προαναφωνεῖ
1562 4326 1618 4379 δὲ
1655 4326 1716 4379 τὸ
1748 4326 1877 4396 μέλ-

196 4410 315 4464 λον·
348 4406 461 4464 οἷον
490 4411 571 4464 ὅτι
602 4412 776 4464 καινοὶ
809 4411 948 4482 μετά
973 4412 1145 4465 ταῦτα
1170 4412 1381 4466 ἐσονται
1400 4429 1413 4443 ·
1437 4412 1541 4475 ἕως
1562 4412 1606 4465 δ’
1625 4414 1691 4467 ἂν
1716 4414 1877 4467 τοῦτο

197 4500 462 4568 γένηται,
510 4499 661 4552 οὐδὲν
715 4498 989 4570 αὐστηρὸν
1037 4500 1219 4563 αὑτοῖς
1280 4500 1590 4553 ἐπιτάττειν
1634 4501 1741 4571 χρὴ
1782 4500 1877 4553 καὶ

198 4580 358 4651 βαρύ.
400 4581 459 4635 ’0
491 4580 599 4651 γὰρ
629 4582 735 4653 πρὸ
764 4582 959 4652 καιροῦ
997 4582 1197 4652 ζητῶν,
1238 4583 1391 4653 φησὶ,
1432 4582 1527 4635 τοῦ
1566 4584 1876 4653 προσήκον-

194 4686 288 4732 τος
330 4668 403 4721 τά
443 4668 625 4739 ὑψηλά
664 4669 930 4723 ἐντιθέναι
964 4670 1008 4701 ⁸³
1043 4669 1320 4740 δόγματα,
1370 4670 1493 4722 οὑδέ
1535 4668 1630 4722 τοῦ
1679 4670 1873 4741 καιροῦ

196 4756 494 4819 καλοῦντος
518 4756 704 4809 λοιπὸν
739 4756 1079 4827 ἐπιτηδείους
1104 4759 1349 4828 εὑρήσει,
1381 4759 1687 4829 ἀχρήστους
1717 4760 1877 4829 ἐργα-

199 4844 436 4914 σάμενος
468 4843 633 4908 ἅπαξ.
679 4844 849 4898 Τοῦτο
886 4845 944 4898 δὲ
978 4846 1038 4897 οὑ
1070 4846 1221 4916 παρά
1262 4846 1352 4898 τὸν
1391 4842 1533 4899 οἶνον
1564 4845 1872 4917 συμϐαίνει,

194 4932 316 4985 οὐδὲ
345 4932 500 5000 παρά
529 4933 655 4995 τοὺς
686 4933 1119 5003 ὑποδεχομένους
1144 4934 1215 4997 ⁷ο,
1242 4933 1376 4986 ἀλλά
1410 4934 1562 5006 παρά
1598 4934 1695 5005 τὴν
1728 4934 1876 4987 ἀκαι-

199 5020 324 5090 ρίαν
360 5020 471 5074 τῶν
500 5020 896 5091 ἐμϐαλλόντων.
935 5021 1212 5075 Ἐντεῦθεν
1251 5024 1396 5093 ἡμᾶς
1427 5022 1523 5076 καὶ
1557 5022 1658 5091 τὴν
1692 5022 1870 5075 αἰτίαν

198 5109 408 5174 ἐδίδαξε
432 5109 544 5162 τῶν
580 5109 851 5163 ταπεινῶν
896 5109 1176 5180 ῥημάτων,
1207 5102 1282 5162 ὧν
1326 5109 1566 5179 συνεχῶς
1597 5109 1736 5181 πρὸς
1776 5111 1873 5162 αὑ-

196 5198 324 5260 τοὺς
370 5197 665 5265 διελέγετο.
706 5197 805 5251 Διά
846 5198 954 5269 γὰρ
1000 5197 1099 5267 τὴν
1144 5197 1428 5251 ἀσθένειαν
1476 5199 1655 5250 αὐτῶν
1702 5198 1875 5251 πολλά

197 5284 353 5354 ἔλεγε
396 5285 798 5356 καταδεέστερα
845 5287 943 5357 τῆς
988 5284 1146 5350 ἀξίας
1186 5286 1288 5357 τῆς
1330 5288 1561 5339 ἑαυτοῦ·
1602 5287 1739 5357 ὅπερ
1781 5282 1874 5339 οῦν

278 5464 319 5535 ιε
365 5464 669 5535 προτίθησι
688 5463 822 5518 ΕιΙά.
850 5480 903 5531 p.
934 5480 987 5534 p.
1014 5460 1083 5535 ἦν
1115 5479 1224 5519 om.
1260 5464 1325 5519 A.
1361 5464 1421 5519 C.

1241 346 1314 411 ἸΝ
1355 356 1771 414 ΜΑΤΤΗΛΞΓΜ
1815 361 2045 418 llUMIL.
2082 364 2250 419 XXX.
2286 365 2357 420 al.
2398 364 2584 418 XXXI.

1521 5466 1567 5498 “
1591 5470 1694 5539 οὑκ
1728 5485 1837 5521 om.
1892 5470 1953 5522 A.
1986 5468 2046 5524 F.
2078 5485 2131 5539 p.
2170 5483 2224 5537 p.
2261 5462 2329 5537 ἦν
2356 5466 2509 5520 deest
2541 5464 2773 5539 illdElld.

3549 363 3655 417 568

1981 481 2077 533 καὶ
2115 482 2143 533 ὁ
2181 482 2431 551 Ἰωάννης
2476 477 2879 550 ἐνδεικνύμενος
2928 478 3091 532 αὑτὸν
3139 478 3437 548 εἰρηκέναι,
3485 481 3653 548 φησί’

1977 566 2187 619 Πολλὰ
2212 567 2329 636 ἔχω
2355 568 2557 637 λέγειν
2579 564 2740 633 ὑμῖν,
2778 567 2916 618 ἀλλ’
2942 568 3013 620 οὐ
3046 566 3313 620 δύνασθε
3332 565 3659 629 ,ϐαστάζειν

1977 653 2127 721 ἄρτι.
2160 654 2277 707 Ἵνα
2314 654 2422 725 γὰρ
2470 656 2544 726 μὴ
2585 655 2848 725 νομίσωσι
2898 653 3070 707 ταῦτα
3120 650 3261 707 εἶναι
3305 654 3463 724 μόνον
3510 653 3657 723 άπερ

1976 736 2148 805 εἶπεν,
2184 742 2320 795 ἀλλά
2354 744 2447 796 κε)ιί⁵
2490 743 2652 813 ἕτερα
2700 740 2879 813 πολλῷ
2903 744 2945 773 ⁷¹
3000 740 3222 813 μείζονα
3259 740 3655 811 φαντάζωνται,

1975 828 2073 899 τὴν
2117 829 2401 882 ἀσθένειαν
2434 831 2610 883 αὑτῶν
2659 832 2740 893 εἰς
2785 831 2848 883 τὸ
2884 830 3049 899 μέσον
3092 830 3358 892 τέθεικεν,
3391 831 3655 896 ἐπαγγει-

1975 917 2225 988 λάμενος,
2256 920 2384 971 ὅταν
2410 919 2673 986 γένωνται
2703 919 2933 989 ἰσχυροὶ,
2966 919 3191 970 κάκεῖνα
3221 920 3366 988 ἐρεῖν
3400 918 3445 946 ⁷³
3465 932 3477 943 ⁸
3514 916 3652 987 ὅπερ

1974 1001 2067 1058 οῦν
2108 1007 2203 1058 καὶ
2255 1006 2488 1059 ἐνταῦθά
2521 1023 2684 1077 φησιν
2712 1022 2725 1035 ·
2775 1006 3161 1058 Ἐλεύσονται
3209 1005 3456 1073 ἡμέραι,
3513 1003 3660 1056 ὅταν

1974 1095 2213 1162 ἀπαρθῇ
2265 1097 2365 1149 ἀπ’
2415 1095 2614 1148 αὐτῶν
2668 1097 2700 1147 ὀ
2735 1095 3012 1163 νυμφίος,
3060 1094 3158 1147 καί
3211 1094 3347 1146 τότε
3398 1094 3658 1157 νηστεύ-

1975 1197 2179 1236 σουσι.
2214 1182 2259 1212 ⁷³
2289 1182 2379 1252 Μὴ
2418 1181 2594 1234 τοίνυν
2640 1180 2773 1250 μηδέ
2816 1184 2974 1251 ἡμεῖς
3007 1180 3188 1234 πάντα
3240 1180 3392 1249 παρά
3439 1180 3658 1230 πάντων

1974 1269 2295 1339 ἀπαιτῶμεν
2327 1271 2384 1321 ἐν
2412 1268 2739 1338 προοιμίοις,
2773 1268 2886 1320 ἀλλ’
2910 1268 3009 1319 ὅσα
3036 1266 3258 1320 δυνατόν
3280 1281 3295 1295 ⁸
3326 1266 3419 1318 καὶ
3449 1265 3658 1335 ταχέως

1974 1357 2069 1410 καὶ
2107 1358 2194 1409 ἐπ’
2222 1358 2406 1408 ἐκεῖνα
2446 1355 2670 1425 ἥξομεν.
2709 1357 2770 1407 Εἰ
2802 1355 2857 1407 δέ
2895 1354 3092 1439 ἐπείγῃ
3140 1355 3234 1406 καὶ
3282 1352 3554 1414 σπεύδεις,
3588 1353 3658 1403 δι’

1973 1446 2104 1498 αὐτὸ
2133 1444 2290 1498 τοῦτο
2332 1445 2406 1515 μὴ
2450 1444 2693 1512 ἐπείγου,
2722 1443 2908 1514 ἐπειδὴ
2945 1438 3214 1505 σπεύδεις.
3250 1442 3313 1493 Εί
3340 1441 3396 1494 δέ
3426 1438 3660 1509 αἴνιγμά

1973 1550 2057 1585 σοι
2094 1532 2155 1585 τὸ
2192 1533 2481 1603 εἰρημένον
2510 1532 2657 1584 δοκεῖ
2688 1527 2847 1595 εἶναι,
2872 1531 2966 1583 ἀπ’
2992 1530 3161 1599 αὐτῆς
3188 1529 3319 1583 αὑτὸ
3347 1528 3457 1580 τῶν
3483 1544 3660 1597 πραγ-

1979 1620 2164 1689 μάτων
2216 1618 2452 1688 μάνθανε
2496 1618 2594 1688 τῆς
2633 1616 2869 1686 φύσεως,
2912 1616 3007 1669 καὶ
3036 1616 3158 1668 τότε
3186 1614 3310 1683 ὕψει
3342 1614 3509 1667 αὑτοῦ
3553 1614 3655 1682 τὴν

1975 1706 2205 1776 δύναμιν
2254 1704 2494 1758 ἃπασαν.
2542 1704 2649 1756 Καὶ
2704 1703 2893 1773 μηδείς
2944 1720 3004 1754 σε
3056 1702 3163 1756 τῶν
3203 1701 3448 1773 ἀκαίρως
3486 1702 3656 1770 ἐγκα-

1975 1792 2210 1847 λούντων
2247 1793 2467 1849 κινείτω
2487 1809 2499 1822 ·
2530 1794 2654 1845 ἐπεὶ
2684 1792 2775 1844 καὶ
2804 1789 3038 1843 ἐνταῦθα
3075 1791 3362 1860 Φαρισαῖοι
3408 1789 3457 1841 οἰ
3492 1790 3658 1856 ἐγκα-

1975 1880 2191 1942 λοῦντες
2224 1876 2386 1950 ἦσαν,
2418 1880 2511 1933 καὶ
2546 1879 2785 1949 μαθηταὶ
2815 1880 2864 1930 οἰ
2895 1878 3299 1947 ὀνειδιζόμενοι.

2055 1967 2197 2020 Ἀλλ’
2239 1968 2390 2038 ὅμως
2431 1966 2583 2019 οὐδὲν
2616 1965 2820 2019 τούτων
2861 1963 3046 2017 ἔπεισε
3081 1965 3170 2017 τὸν
3212 1962 3448 2033 Χριστὸν
3487 1978 3656 2030 μετα⁴

1978 2054 2151 2108 θεῖναι
2193 2053 2292 2125 τὴν
2321 2053 2499 2117 δόξαν,
2544 2052 2665 2105 οὑδέ
2700 2048 2952 2105 εἶπεν⁷⁶⁶
2986 2050 3226 2120 Αἰσχύνη
3273 2051 3390 2102 ἐστί
3436 2051 3657 2111 τούτους

1976 2141 2256 2213 νηστεύειν
2285 2141 2433 2212 [554]
2461 2140 2551 2193 καὶ
2581 2140 2803 2202 τούτους
2841 2138 2915 2209 μὴ
2955 2138 3257 2207 νηςτεύειν.
3299 2136 3439 2189 Ἀλλ’
3467 2136 3658 2206 ῶσπερ

1974 2231 2003 2281 6
2045 2230 2263 2301 ἄριστος
2298 2229 2639 2299 κυϐερνήτης
2676 2227 2736 2279 οὐ
2769 2230 2883 2289 τοῖς
2920 2227 3347 2297 ταραττομένοις
3389 2224 3652 2293 κύμασιν,

1976 2318 2110 2371 ἀλλὰ
2160 2319 2224 2387 τῇ
2272 2317 2448 2387 οἰκείᾳ
2483 2316 2647 2387 τέχνῃ
2686 2314 2976 2385 προσέχει·
3031 2312 3175 2365 οῦτω
3226 2312 3322 2365 καὶ
3359 2313 3387 2363 6
3423 2308 3658 2381 Χριστὸς
3760 2374 3763 2377 _

1974 2404 2095 2457 τότε
2142 2404 2366 2473 ἐποίησε
2391 2404 2460 2457 ⁷³.
2508 2402 2619 2456 Καὶ
2668 2401 2778 2472 γὰρ
2829 2398 3058 2470 αἰσχύνη
3105 2399 3194 2469 ἦν,
3236 2398 3298 2451 οὑ
3346 2397 3408 2450 τὸ
3446 2397 3519 2465 μὴ
3557 2413 3655 2466 νη-

1977 2490 2190 2544 στεύειν
2221 2489 2441 2553 αὑτοὺς,
2475 2488 2614 2543 ἀλλὰ
2651 2491 2712 2542 τὸ
2743 2487 2831 2541 διά
2868 2488 2965 2557 τὴν
3004 2484 3257 2555 νηστείαν
3287 2485 3347 2536 ἐν
3378 2486 3490 2545 τοῖς
3528 2499 3655 2534 και-

1979 2578 2115 2649 ρίοις
2147 2577 2443 2649 πληγῆναι,
2478 2578 2572 2631 καὶ
2604 2574 3003 2645 ἀποσχισθῆναι
3026 2573 3097 2636 ⁷⁸,
3141 2572 3237 2624 καὶ
3266 2568 3654 2642 διαρραγῆναι.

1978 2669 2158 2739 "Am-:9
2222 2662 2316 2720 οὖν
2358 2667 2453 2721 καὶ
2488 2667 2650 2737 ἡμεῖς
2710 2662 3047 2725 ἐννοοῦντες,
3104 2659 3245 2713 οὑτω
3280 2660 3393 2721 τοῖς
3436 2657 3657 2720 οἰκείοις

1976 2754 2239 2827 χρώμεθα
2290 2757 2447 2807 πᾶσι.
2491 2752 2610 2807 Κάν
2660 2752 2895 2821 γυναῖκα
2945 2748 3272 2818 φιλόκοσμον
3312 2746 3473 2815 ἔχῃς,
3521 2744 3657 2815 πρὸς

1976 2842 2352 2914 ἐπιτρίμματα
2386 2841 2680 2911 κεχηνυῖαν
2716 2839 2813 2892 κα)⁸
2846 2834 3322 2907 ἀνεπτερωμένην.
3365 2834 3458 2885 καί⁵
3488 2831 3655 2902 πολλῇ

1975 2933 2154 3001 τρυφῇ
2183 2928 2559 2999 διαχεομένην,
2592 2928 2685 2980 καὶ
2715 2926 2897 2987 λάλον,
2929 2924 3025 2977 καὶ
3051 2923 3279 2993 ἀνόητον
3301 2922 3344 2953 ⁷⁷
3365 2937 3379 2952 ο
3414 2920 3656 2986 καίτοιγε

1973 3018 2073 3069 οὑκ
2115 3016 2194 3069 ἔνι
2240 3016 2411 3069 ταῦτα
2458 3016 2638 3069 πάντα
2680 3016 2760 3077 εἰς
2806 3014 3041 3080 γυναῖκα
3078 3009 3205 3081 μίαν
3251 3010 3611 3078 συνεμπεσεῖν
3637 3021 3653 3036 ·

1974 3102 2113 3173 πλὴν
2156 3103 2295 3157 ἀλλά
2333 3102 2719 3172 διαπλάσωμεν
2756 3098 2835 3170 τῷ
2866 3098 3008 3169 λόγῳ
3043 3100 3278 3166 γυναῖκα
3301 3096 3346 3127 ⁷⁸
3376 3094 3652 3163 τοιαύτην.

1974 3191 2040 3243 Τί
2077 3186 2170 3244 οὖν
2196 3192 2279 3243 ὅτι
2317 3192 2574 3259 γυναῖκα,
2608 3188 2761 3259 φησί,
2794 3185 2885 3240 καὶ
2914 3184 3035 3255 οὐχὶ
3073 3183 3241 3253 ἄνδρα
3271 3180 3651 3244 διαπλάττειςς

1975 3278 2097 3331 Εἰσί
2144 3278 2238 3331 καὶ
2283 3277 2475 3347 ἄνδρες
2515 3274 2722 3345 ταύτης
2774 3272 2989 3344 χείρους
3036 3269 3137 3339 τῆς
3192 3267 3471 3338 γυναικός.
3511 3266 3654 3317 Ἀλλ’

1976 3364 2164 3436 ἐπειδὴ
2192 3363 2452 3435 ἀνδράσιν
2489 3364 2524 3432 ἡ
2562 3359 2855 3415 ἐπιστασία
2886 3356 3321 3428 ἐγκεχείρισται,
3363 3354 3452 3407 διὰ
3497 3353 3655 3406 τοῦτο

1976 3456 2209 3522 γυναῖκα
2248 3451 2650 3522 διαπλάττομεν
2694 3449 2853 3513 τέως,
2896 3448 2995 3517 οὑχ
3037 3447 3109 3509 ὡς
3159 3446 3277 3497 ἐκεῖ
3315 3445 3414 3512 τῆς
3456 3445 3657 3505 κακίας

1978 3539 2403 3608 πλεοναζούσης.
2436 3538 2617 3591 Πολλά
2646 3537 2753 3608 γάρ
2785 3536 2881 3588 καὶ
2916 3533 3067 3605 παρά
3100 3532 3355 3602 ἀνδράσιν
3388 3530 3534 3582 ἐστιν
3573 3530 3660 3582 εὑ-

1980 3632 2112 3701 ρεῖν,
2142 3628 2179 3682 ἀ
2218 3627 2369 3698 παρά
2406 3626 2651 3697 γυναιξὶν
2699 3625 2800 3677 οὑκ
2839 3623 3010 3687 ἔστιν,
3053 3615 3167 3674 οἷον
3205 3619 3560 3689 ἀνδροφονίαν
3585 3620 3656 3684 ⁷⁸,

1976 3711 2388 3782 τυμϐωρυχίαν,
2454 3708 2842 3781 θηριομαχίαν,
2905 3706 3002 3759 καὶ
3054 3703 3223 3758 πολλά
3275 3702 3518 3756 τοιαῦτα.
3565 3702 3657 3775 Μὴ

1977 3796 2157 3848 τοίνυν
2203 3794 2462 3865 νομίσητε
2511 3794 2573 3847 τὸ
2618 3794 2773 3863 γένος
2819 3792 2967 3862 ἡμᾶς
3013 3785 3446 3853 ἐξευτελίζοντας
3486 3787 3659 3838 ταῦτα

1979 3881 2183 3931 ποιεῖν·
2215 3879 2315 3931 οὑκ
2345 3877 2460 3930 ἔστι
2493 3876 2652 3929 τοῦτο
2672 3877 2742 3939 ⁸ο,
2786 3876 2887 3928 οὑκ
2919 3872 3097 3926 ἔστιν’
3130 3870 3245 3922 ἀλλ’
3283 3869 3425 3921 οὕτω
3465 3870 3660 3939 χρήσι-

1982 3979 2081 4031 μον
2129 3961 2268 4025 τέως
2322 3960 2637 4033 ὑπογράψαι
2683 3958 2783 4030 τὴν
2830 3957 3033 4011 εἰκόνα,
3093 3952 3430 4007 ’Υποκείσθω
3478 3953 3657 4005 τοίνυν

1978 4048 2112 4115 ἡμῖν
2138 4046 2274 4116 γυνὴ
2305 4044 2549 4115 τοιαύτη,
2580 4044 2673 4097 καὶ
2698 4042 3044 4105 σπουδαζέτω
3074 4040 3235 4091 παντὶ
3265 4038 3456 4106 τρόπῳ
3486 4037 3658 4104 αὐτὴν

1978 4126 2319 4199 διορθοῦσθαι
2360 4130 2388 4182 6
2439 4129 2598 4195 ἀνήρ.
2633 4125 2757 4190 Πῶς
2799 4121 2892 4177 οῦν
2930 4122 3100 4192 αὐτὴν
3132 4118 3524 4189 διορθώσεται;
3562 4118 3655 4188 Μὴ

1980 4212 2157 4265 πάντα
2193 4210 2259 4265 ἀθ
2270 4212 2387 4282 ρόον
2415 4211 2741 4273 ἐπιτάττων,
2766 4207 2903 4261 ἀλλά
2932 4205 3001 4259 τὰ
3028 4204 3332 4274 κουφότερα
3366 4203 3651 4273 πρότερον,

1976 4294 2072 4347 καὶ
2111 4290 2193 4357 οἷς
2229 4294 2288 4347 οὑ
2319 4294 2524 4364 σφόδρα
2567 4292 2878 4362 κατέχεται.
2909 4291 3006 4343 Ἂν
3048 4288 3158 4357 γὰρ
3202 4287 3263 4339 τὸ
3293 4287 3400 4338 πᾶν
3431 4285 3654 4355 ἐπείξῃς

1977 4376 2148 4448 αὑτὴν
2197 4377 2540 4448 κατορθῶσαι
2591 4375 2651 4441 ἐξ
2689 4374 2899 4446 ἀρχῆς,
2942 4373 3004 4426 τὸ
3053 4373 3163 4425 πᾶν
3209 4371 3518 4433 ἀπώλεσας.
3564 4369 3657 4440 Μὴ

1975 4459 2158 4513 τοίνυν
2186 4460 2444 4531 περιέλῃς
2482 4459 2550 4512 τὰ
2580 4459 2779 4529 χρυσία
2808 4456 3030 4521 εὐθέως,
3074 4455 3191 4509 ἀλλ’
3217 4455 3353 4524 ἄφες
3383 4454 3527 4525 ἔχειν
3562 4454 3657 4506 καὶ

1978 4542 2323 4613 περικεῖσθαι
2350 4543 2485 4606 τέως
2504 4558 2518 4572 ⁸
2546 4542 2693 4594 δοκεῖ
2724 4540 2832 4610 γάρ
2865 4538 3023 4592 τοῦτο
3055 4539 3276 4593 ἔλαττον
3310 4533 3450 4590 εἶναι
3484 4537 3654 4589 κακὸν

1978 4626 2087 4679 τῶν
2124 4626 2544 4696 ἐπιτριμμάτων
2581 4625 2677 4677 καὶ
2707 4622 2817 4676 τῶν
2856 4622 3213 4693 ὑπογραφῶν.
3246 4620 3515 4691 Πρότερον
3546 4620 3649 4671 τοί·

1984 4726 2080 4762 νυν
2129 4710 2314 4762 ἐκεῖνα
2371 4707 2745 4779 ἀναιρείσθω·
2786 4706 2880 4759 καὶ
2933 4705 3070 4777 μηδὲ
3125 4706 3310 4758 ἐκεῖνα
3362 4703 3511 4773 φόϐῳ
3559 4704 3653 4755 καὶ

1982 4791 2199 4864 ἀπειλῇ,
2240 4790 2376 4844 ἀλλά
2404 4793 2581 4846 πειθοῖ
2611 4792 2707 4843 καὶ
2733 4789 3052 4861 προσηνεία,
3076 4788 3171 4842 καὶ
3203 4787 3291 4841 διὰ
3318 4786 3415 4855 τῆς
3451 4786 3652 4855 ἐτέρων

1982 4873 2347 4945 κατηγορίας,
2387 4877 2481 4929 καὶ
2523 4875 2612 4927 διὰ
2650 4875 2745 4944 τῆς
2779 4874 2877 4943 σῆς
2916 4873 3095 4943 ψήφου
3130 4872 3224 4924 καί
3261 4869 3505 4938 γνώμης.
3541 4868 3649 4921 Καὶ

1982 4957 2107 5025 λέγε
2138 4956 2275 5027 πρὸς
2307 4959 2477 5028 αὑτὴν
2517 4957 2775 5027 συνεχῶς,
2806 4957 2887 5008 ὅτι
2918 4955 3008 5006 Σοι
3040 4954 3140 5007 οὑκ
3178 4953 3324 5005 ἐστιν
3354 4952 3653 5021 ἐπέραστος

1983 5045 2015 5114 ή
2047 5043 2170 5114 ὑψις
2211 5041 2353 5096 οὕτω
2392 5040 2869 5111 καλλωπιζομένη,
2910 5037 3046 5090 ἀλλά
3082 5036 3177 5089 καὶ
3212 5034 3415 5102 σφόδρα
3450 5030 3650 5114 ἀηδής·

1980 5111 2098 5179 καὶ.
2123 5125 2276 5177 πεῖθε
2315 5124 2548 5195 μάλιστα
2590 5126 2671 5177 ὅτι
2712 5140 2773 5174 σε
2804 5121 2963 5174 τοῦτο
2995 5120 3173 5173 λυπεῖ,
3220 5118 3329 5169 Καὶ
3381 5113 3518 5183 μετά
3556 5111 3653 5181 τὴν

1982 5206 2080 5277 σὴν
2103 5207 2302 5277 ψῆφον,
2335 5207 2431 5259 καὶ
2454 5206 2551 5276 τὴν
2580 5206 2707 5275 παρ’
2736 5205 2937 5276 ἐτέρων
2963 5201 3119 5264 δόξαν
3151 5200 3357 5265 εἴσαγε,
3386 5198 3479 5248 καὶ
3505 5195 3651 5262 λέγε,

1980 5289 2064 5341 ὅτι
2099 5290 2192 5342 καὶ
2222 5290 2320 5351 τὰς
2351 5288 2658 5360 εὐμόρφους
2694 5286 2851 5340 τοῦτο
2879 5284 3164 5353 ἀφανίζειν
3214 5281 3422 5339 εἴωθεν,
3464 5279 3548 5331 ἵνα
3593 5278 3655 5331 τὸ

2871 5464 2915 5494 ⁸⁵
2948 5458 3259 5532 ἑπομένοις]
3291 5457 3533 5532 ἐπαίνοις
3584 5456 3650 5508 Α.

203 5529 480 5616 μαθηταῖς
528 5529 598 5589 Ε.’
630 5529 1097 5616 Vngauim:ma'le
1131 5546 1395 5616 θυρίδι-εισι
1443 5536 1539 5591 Ge.
1586 5538 1715 5616 va.
1750 5542 2052 5616 _\'0rlend0,
2077 5529 2854 5616 ξίφιοναέηε-δεδιακονὶίίιιεαιιί.
2880 5529 3075 5616 Begu;
3112 5531 3218 5616 adn
3239 5544 3458 5616 st-nusm’n
3496 5529 3648 5616 Arn-1:.

200 5606 316 5673 qui,
350 5604 478 5726 zuid
524 5622 842 5675 consequens
900 5606 1009 5668 sit,
1052 5623 1156 5659 non
1208 5607 1533 5677 intelligunt.

200 5677 251 5705 ⁶⁹
291 5678 346 5726 ἐν
386 5678 521 5726 εἶναι
556 5675 614 5726 F.
693 5677 739 5707 ⁷⁰
770 5676 1222 5726 ὑποδεγοιιένουε]
1257 5680 1380 5726 add.
1408 5679 1533 5726 ἀσκε

198 5677 251 5705 ⁶⁹
291 5675 521 5728 ἐνθεῖναι
556 5675 614 5728 F.

693 5622 842 5675 yuens
900 5609 1009 5668 sit,
1052 5623 1156 5659 non
1208 5609 1533 5677 intelligunt.
1630 5610 1675 5639 “
1716 5610 1815 5676 τῆς
1862 5627 1874 5661 ‹

693 5677 739 5707 ”¹⁰
770 5676 1222 5747 ὑποδεχομένους]
1257 5680 1380 5731 add.
1408 5679 1610 5737 ἀσκοὺς
1638 5680 1702 5733 Α.
1731 5678 1846 5732 Non

1986 5628 2018 5663 ι.
2076 5609 2138 5663 Ε.
2248 5610 2291 5639 ⁸⁸⁷
2332 5609 2595 5669 ἐπιτιθεὶς
2628 5609 2763 5659 ΕιίιΙ.
2879 5609 2923 5636 ⁵⁸
2952 5609 3133 5655 πλεῖον
3179 5609 3219 5653 Β
3274 5609 3334 5652 ιε’.
3383 5609 3437 5650 el
3470 5612 3553 5664 pr.
3590 5609 3649 5651 U.

1991 5688 2188 5735 uerunt
2217 5678 2314 5747 Ep.
2340 5677 2435 5732 Ge.
2460 5678 2611 5731 Arm.
2672 5677 2715 5708 “
2750 5675 2923 5747 πολλά
2952 5674 3017 5727 Α.
3055 5673 3153 5728 Ge.
3204 5672 3261 5747 7'7"
3290 5669 3481 5747 εὑρεῖν
3499 5666 3555 5745 [ι.
3588 5665 3649 5721 l“.

2248 5610 2291 5639 “7
2332 5608 2595 5669 ἐπιτιθεὶς
2628 5606 2763 5659 ΕιΙιΙ.
2879 5606 2923 5636 ⁸⁸
2952 5603 3133 5655 πλεῖον
3179 5600 3219 5653 Β
3274 5598 3334 5652 F.
3383 5607 3437 5650 el
3470 5612 3553 5669 py.

196 5744 251 5823 ’ξ
292 5746 575 5823 ΗῷΗςυΝ.
607 5747 730 5823 "Qu
759 5747 788 5797 6
814 5737 1135 5823 βουλόμενος
1160 5737 1403 5823 ἐνεγκεῖν
1436 5765 1557 5823 τινα
1584 5751 1662 5812 εἰς
1681 5750 1912 5823 ἀρετὴν,
1953 5752 2125 5823 μικρά
2156 5737 2276 5823 τινα
2300 5747 2504 5823 ὀφείλει
2532 5747 2748 5823 πρῶτον
2768 5746 2933 5823 ἀὑτῷ
2970 5746 3255 5823 παραινεῖν
3277 5737 3650 5823 κατ-ηροῶσαξ.

196 5814 296 5865 τὸν
316 5816 787 5889 αὑτὸν-δὴέτρόπον
810 5808 907 5869 καὶ
933 5808 1024 5889 ἐπὶ
1048 5808 1305 5885 γυναικδς
1329 5808 1657 5889 φιλοκόσμού
1676 5808 1755 5873 δεῖ
1787 5808 1874 5873 ποι

2014 5808 2078 5874 A'.
2142 5821 2187 5851 ⁷⁸
2220 5808 2395 5889 εἶπεν]
2423 5817 2514 5889 Sic
2631 5818 2729 5872 Ge.
2752 5808 2916 5871 Armf
2944 5808 3123 5870 αξιοι-ἱ
3153 5814 3346 5889 εἰπεῖν.
3378 5808 3500 5889 βίον
3532 5808 3644 5860 τού-

202 5901 313 5961 τρι·
352 5884 413 5938 F.
446 5879 630 5961 his
774 5888 945 5961 ἐποίει
970 5886 1029 5940 E.
1052 5879 1209 5961 ξιτοιεῖ
1234 5879 1368 5961 Ειίἆ.
1440 5891 1486 5921 ⁷⁸
1507 5879 1699 5961 ὑποσχ.
1734 5891 1791 5945 Β.
1827 5891 1874 5943 δι

1992 5932 2004 5945 .
2041 5890 2100 5945 F.
2169 5893 2211 5922 ⁷⁷
2246 5890 2337 5961 δίει
2363 5879 2423 5942 Ε.
2457 5888 2517 5961 Ε.
2551 5899 2604 5961 (ﬁt
2629 5905 2713 5961 pr.
2745 5892 2807 5941 A.
2835 5904 2959 5961 cum
2986 5881 3344 5961 Arlg._q;u£e[i
3370 5879 3645 5961 ἀνόνητον.

197 5954 653 6032 Μυτισυμπεσεῖν
675 5955 808 6032 βάιί.
830 5957 1175 6032 ρηίιδιιιιίδιιν.
1224 5960 1268 5990 ⁷⁸
1295 5962 1528 6032 γυναῖκα
1550 5949 1744 6016 οιιιίἈ.
1763 5978 1874 6014 τοια

1987 5981 2015 6015 ν
2038 5964 2269 6030 γυναῖκα
2298 5959 2433 6015 ΕιΙιΙ.
2493 5960 2537 5992 ⁷⁷
2561 5949 2928 6032 ἀνδροφονίαι.
2941 5968 3054 6032 Διδῑιι.
3077 5955 3211 6008 Edd.
3237 5952 3440 6032 ροίιιύιξ
3465 5949 3648 6032 θηρια-

203 6019 547 6094 μαχίανόιιι.
571 6025 634 6079 ι).
668 6027 729 6082 Ε.
761 6019 855 6083 εει]
881 6028 1068 6085 invitis
1099 6019 1334 6103 Interpp'.
1356 6029 1581 6104 Insuper
1603 6033 1869 6105 μονομαχί

1987 6073 1998 6086 .
2029 6019 2077 6090 ὁ.
2102 6032 2461 6098 gladiatorum
2487 6019 2821 6100 εοηςιοὲδδὰηι
2850 6027 2999 6086 addit
3030 6029 3182 6083 Anu.
3242 6020 3475 6081 δοταῦτα
3505 6019 3679 6086 καλὸν
