4038 6364
248 409 348 466 369

255 536 533 594 postquam
554 523 697 577 illam
726 520 1027 591 hujusmodi
1062 521 1238 575 verbis
1268 520 1611 583 cuiulliveris,
1637 518 1724 572 illa
1743 518 1843 571 alia

249 616 444 684 adjice.
477 614 533 669 Si
566 614 733 668 semel
763 614 990 676 dixeris,
1021 626 1119 666 nec
1145 612 1377 666 suaseris
1398 652 1413 676 ,
1450 610 1705 676 secundo,
1736 618 1846 665 ter-

249 710 344 770 tio,
392 718 450 763 et
483 708 680 775 szepius
706 707 881 770 dicas;
930 706 1041 759 lucc
1070 714 1314 774 repetere
1346 718 1412 758 ne
1442 703 1698 773 graveris,
1736 716 1841 755 non

246 801 435 856 odiosa
463 800 690 870 quadam
719 799 943 864 ratione,
974 797 1069 853 sed
1110 796 1339 866 placide,
1371 810 1514 851 nunc
1549 792 1842 849 avertendo

246 906 319 960 te,
345 910 493 949 nunc
521 892 789 948 adulando
818 900 875 947 et
912 890 1159 947 colendo.
1208 890 1399 944 Annon
1430 888 1580 944 vides
1610 888 1842 958 pictores

246 987 410 1041 modo
440 986 639 1043 delere.
678 984 837 1040 modo
878 984 1097 1054 pictura:
1126 972 1509 1052 superaddere,
1543 988 1602 1035 ut
1640 980 1843 1035 formo-

242 1094 357 1132 sam
390 1080 581 1134 faciem
603 1076 893 1146 depingunt
912 1077 935 1129 ?
956 1075 1032 1131 Ne
1053 1076 1129 1130 sis
1155 1090 1285 1145 ergo
1311 1074 1486 1129 minus
1510 1089 1672 1144 sagax
1709 1073 1834 1128 illis.

241 1169 377 1224 Nam
404 1169 449 1222 si
477 1169 549 1223 illi
574 1168 817 1239 corporis
847 1168 1130 1238 imaginem
1165 1167 1459 1237 pingentes,
1495 1174 1638 1219 tanta
1670 1174 1834 1219 utun-

245 1272 334 1316 tur
362 1262 637 1331 diligentia
664 1278 678 1314 :
704 1262 872 1316 multo
898 1261 1063 1331 magis
1088 1274 1187 1314 nos
1212 1260 1444 1314 animam
1471 1259 1831 1322 eﬂormautes,

238 1368 458 1407 omnem
488 1354 789 1408 machinam
818 1368 1034 1408 movere
1064 1367 1158 1422 par
1186 1360 1286 1407 est.
1316 1350 1447 1406 Nam
1468 1351 1511 1406 si
1540 1350 1696 1421 hujus
1721 1351 1837 1403 ani-

238 1462 342 1499 mze
369 1446 562 1500 faciem
598 1444 821 1514 pulchre
864 1443 1248 1510 eﬂ‘ormavcris,
1282 1458 1385 1497 non
1414 1442 1618 1496 videbis
1645 1456 1836 1510 corpo—

240 1539 314 1592 ris
353 1538 710 1593 deformatam
742 1536 957 1600 faciem,
1000 1552 1107 1591 non
1146 1536 1411 1591 rubricata
1446 1536 1607 1601 labia,
1642 1550 1746 1589 non
1772 1550 1834 1590 os

240 1646 380 1684 ursa:
413 1632 493 1686 ori
515 1638 794 1685 cruentato
827 1630 1020 1693 simile,
1055 1642 1161 1684 non
1194 1639 1309 1686 atra
1348 1630 1651 1699 supercilia,
1680 1631 1830 1699 quasi

239 1739 301 1777 ex
351 1723 475 1777 olla:
520 1723 759 1792 fuligine,
806 1737 916 1781 non
955 1722 1112 1776 illitas
1146 1736 1331 1792 genas,
1376 1730 1434 1776 ut
1465 1722 1828 1792 sepulcrorum

237 1817 493 1886 parietes.
532 1815 657 1870 Haec
694 1816 890 1885 quippe
916 1816 1092 1870 omnia
1138 1815 1340 1885 fuligo,
1384 1814 1554 1885 pulvis
1592 1823 1648 1869 et
1672 1815 1828 1880 cinis,

236 1910 571 1978 extremique
600 1909 806 1963 fmtoris
835 1908 1006 1978 signa.

306 2000 362 2054 6.
419 1999 612 2053 Verum
662 1998 845 2054 nescio
890 2013 998 2068 quo
1039 2005 1195 2068 pacto
1241 1996 1293 2051 in
1340 1995 1643 2066 linusmodi
1670 1996 1828 2051 verba

235 2090 487 2161 delapsus
518 2092 640 2155 sim,
672 2099 727 2145 et
746 2090 871 2144 dum
900 2090 1032 2144 alios
1069 2088 1253 2143 hortor
1282 2095 1338 2142 ut
1366 2103 1486 2143 cum
1523 2099 1831 2143 mansuetu-

235 2185 361 2240 dine
402 2191 694 2248 moneant,
742 2184 797 2238 in
840 2182 1170 2238 iracundiam
1218 2182 1332 2252 ipse
1373 2180 1654 2237 devolutus
1704 2181 1826 2234 sim.

239 2279 596 2333 Revertantur
650 2277 829 2347 itaque
889 2276 957 2330 ad
1026 2274 1293 2330 mitiorem
1354 2275 1825 2340 admonitionem,

232 2373 523 2441 omniaque
560 2370 793 2425 feramus
841 2370 1119 2424 mulierum
1165 2369 1291 2424 vitia
1317 2410 1333 2435 ,
1380 2379 1439 2424 ut
1483 2386 1603 2439 qua:
1644 2370 1693 2422 in
1728 2384 1827 2438 op-

232 2465 356 2516 tatis
405 2471 533 2516 sunt
574 2461 933 2532 perﬁciamus.
976 2464 1167 2516 Annon
1210 2462 1360 2516 vides
1394 2462 1661 2532 quomodo
1704 2461 1828 2515 feri-

230 2572 352 2610 mus
379 2555 610 2611 infantes
636 2556 908 2627 vagientes
934 2571 1054 2610 cum
1099 2570 1129 2609 a
1176 2570 1405 2609 mamma
1450 2566 1574 2609 sunt
1621 2555 1828 2608 abstra-

232 2647 397 2703 hendi
432 2667 444 2702 :
479 2648 762 2718 omniaque
803 2649 1122 2711 toleramus,
1168 2646 1235 2701 ad
1288 2646 1340 2701 id
1379 2646 1572 2713 solum,
1623 2655 1680 2701 ut
1721 2646 1824 2701 illis

226 2741 551 2795 suadeamus
576 2740 806 2810 priorem
828 2740 1104 2809 despicere
1121 2739 1397 2795 mensam?
1420 2738 1490 2792 Ita
1513 2748 1566 2794 et
1591 2753 1731 2793 nunc
1748 2737 1825 2792 fa-

227 2833 477 2887 ciamus:
510 2842 701 2886 czetcra
728 2832 906 2885 omnia
938 2832 1188 2896 feramus,
1231 2839 1288 2885 ut
1322 2830 1423 2885 hoc
1449 2845 1818 2901 assequamur.

224 2923 366 2978 Cum
398 2923 538 2978 enim
565 2922 693 2978 illud
714 2922 1052 2977 emendatum
1084 2921 1260 2985 fuerit,
1294 2922 1435 2976 aliud
1466 2931 1610 2977 recte
1635 2936 1822 2991 proce-

224 3016 360 3071 dere
388 3016 621 3079 videbis,
650 3024 808 3086 atque
837 3014 904 3069 ad
944 3030 1103 3069 aurea
1134 3023 1448 3069 ornamenta
1477 3015 1661 3069 venies
1682 3055 1697 3080 ,
1724 3029 1817 3069 eo-

180 3148 184 3151 .
224 3106 461 3176 (lemque
494 3105 655 3161 modo
679 3106 746 3162 de
773 3105 857 3160 his
892 3106 1052 3161 etiam
1079 3105 1345 3176 loqueris:
1370 3114 1424 3160 et
1448 3106 1525 3160 sic
1565 3107 1817 3176 paulatim

225 3214 453 3254 uxorem
486 3202 814 3256 concinnans
832 3239 848 3265 ,
878 3197 984 3253 eris
1009 3199 1181 3267 pictor
1204 3196 1433 3267 optimus
1457 3238 1473 3263 ,
1496 3198 1666 3252 fidelis
1704 3214 1821 3254 ser-

222 3300 361 3356 vus‘,
395 3290 622 3360 agricola
650 3300 918 3345 strenuus.
952 3290 1080 3343 Post
1108 3287 1224 3343 htec
1253 3299 1428 3343 autem
1454 3331 1470 3357 ,
1503 3291 1555 3342 in
1584 3301 1817 3346 mentem

222 3382 329 3453 ipsi
354 3396 542 3436 revoca
570 3382 815 3451 antiquas
838 3381 956 3434 illas
973 3380 1243 3446 mulieres,
1262 3381 1467 3444 Saram,
1492 3381 1813 3451 Rebeccam,

221 3474 490 3528 formosas
530 3483 585 3529 et
631 3472 937 3536 deformes,
985 3482 1040 3527 et
1081 3472 1301 3527 ostende
1347 3472 1419 3527 illi
1465 3488 1652 3528 omnes
1699 3475 1815 3530 illas

220 3566 389 3620 fuisse
417 3574 771 3634 temperantes
790 3574 843 3620 et
870 3564 1023 3635 frugi.
1041 3563 1170 3620 Nam
1194 3564 1286 3619 Lia
1317 3565 1630 3633 patriarcha:
1659 3581 1811 3632 uxor,

218 3671 343 3711 cum
379 3654 608 3711 formosa
640 3672 744 3710 non
770 3665 946 3723 esset,
992 3672 1262 3727 nunquam
1293 3658 1397 3711 tale
1424 3658 1692 3726 quidpiam
1720 3675 1814 3713 ex-

218 3747 495 3818 cogitavit,
520 3748 613 3804 sed
637 3746 895 3803 deformis
922 3764 1043 3803 cum
1072 3758 1249 3814 esset,
1282 3765 1381 3803 nec
1406 3750 1629 3804 multum
1661 3765 1811 3804 ama-

217 3852 367 3896 retur
395 3856 424 3894 a
455 3842 570 3895 viro
589 3881 603 3907 ,
627 3840 759 3895 nihil
791 3841 1094 3910 hujusmodi
1122 3840 1395 3908 adhibuit,
1421 3858 1595 3912 neque
1620 3841 1810 3898 faciem

216 3950 370 3988 suam
406 3935 649 3998 vitiavit,
682 3933 776 3987 sed
805 3935 1002 3988 mansit
1031 3934 1234 4004 integra
1279 3949 1601 3991 conservans
1644 3937 1811 3992 linea-

217 4036 396 4080 menta
424 4067 438 4090 ,
466 4025 674 4080 etiamsi
703 4024 891 4081 fuisset
914 4041 945 4080 a
975 4026 1261 4096 gentilibus
1286 4027 1529 4082 educata.
1562 4027 1641 4082 Tu
1679 4043 1810 4085 vero

215 4134 336 4188 qua:
366 4118 538 4173 ﬁdelis
566 4133 623 4171 es
641 4160 655 4182 ,
680 4117 831 4186 cujus
856 4120 1013 4187 caput
1041 4118 1304 4185 Christus,
1334 4120 1625 4175 satanicam
1653 4122 1808 4177 nobis

218 4210 521 4265 machinam
555 4210 805 4263 inducis?
836 4225 933 4264 nec
964 4211 1263 4267 recordaris
1295 4228 1447 4283 aqua:
1479 4215 1619 4268 illius
1640 4256 1656 4281 ,
1687 4230 1807 4286 quae

1208 404 1277 461 IN
1317 401 1723 459 ΜΑΤῚΊΙᾹῈΟΜ
1762 402 1994 459 IIOMIL.
2036 404 2225 462 XXXI.
2269 408 2340 463 al.
2381 405 2597 462 XXXII.

3435 406 3541 465 570

1953 519 2103 575 faciei
2131 532 2233 575 tua:
2257 522 2572 577 circumfusa
2614 520 2752 588 fuit,
2780 520 3025 577 sacrificii
3052 564 3066 586 ,
3098 521 3241 593 quod
3268 520 3404 577 labia
3449 535 3536 578 tua

1949 614 2188 678 ornavit,
2221 616 2523 684 sanguinis,
2554 616 2643 685 qui
2674 615 2906 686 linguam
2939 625 3080 670 tuam
3106 617 3448 670 cruentavit?
3478 616 3535 669 Si

1948 708 2091 763 enim
2124 707 2239 762 lucc
2266 709 2444 763 omnia
2475 717 2648 762 tecum
2683 718 2981 778 reputares,
3009 710 3346 778 quantumvis
3371 724 3536 763 orna-

1948 800 2089 853 tibus
2116 799 2415 869 hujusmodi
2450 799 2626 854 dedita
2653 815 2802 855 esses
2824 841 2840 865 ,
2872 815 2978 854 non
3008 799 3235 855 auderes
3264 800 3532 869 pulverem

1947 890 2095 945 illum
2123 892 2463 960 cineremque
2493 890 2767 946 adhibere.
2796 890 2951 946 Disce
2989 900 3040 946 te
3065 889 3279 945 Christo
3305 890 3537 960 despon-

1944 993 2115 1041 satam
2144 999 2284 1051 esse,
2312 992 2363 1038 et
2392 984 2495 1038 hoc
2514 984 2747 1038 dedecus
2773 997 3041 1037 aversare.
3066 981 3251 1052 Neque
3272 982 3414 1036 enim
3444 982 3535 1037 ille

1947 1078 2138 1132 talibus
2163 1076 2461 1133 delectatur
2483 1077 2739 1148 picturis;
2770 1076 2862 1131 sed
2888 1076 3047 1130 aliam
3087 1076 3277 1146 quaerit
3302 1075 3535 1144 pulchri-

1945 1169 2180 1224 tudinem
2207 1210 2221 1234 ,
2252 1185 2410 1239 quam
2454 1169 2801 1225 vehementer
2839 1177 3015 1233 amat,
3045 1169 3237 1223 anima:
3280 1169 3529 1223 decorem

1942 1261 2081 1316 dico.
2113 1262 2265 1317 Hunc
2291 1270 2345 1317 te
2372 1261 2632 1333 prepheta
2664 1276 2908 1330 quaircre
2936 1260 3090 1329 jubet
3118 1259 3200 1313 bis
3227 1261 3402 1313 verbis
3426 1278 3438 1316 :
3464 1258 3529 1312 Et

1940 1356 2256 1423 concupiscet
2279 1370 2369 1408 rea:
2393 1354 2622 1408 decorem
2642 1363 2781 1406 tuum
2810 1352 2978 1425 (Psal.
3004 1352 3092 1407 44.
3115 1352 3225 1419 12).
3251 1350 3328 1406 Ne
3354 1352 3530 1421 itaque

1939 1445 2205 1515 superflua
2246 1456 2300 1501 et
2337 1445 2587 1501 indecora
2626 1460 2929 1515 quaeramus
2954 1460 2967 1496 :
2992 1459 3166 1513 neque
3209 1444 3351 1498 enim
3394 1457 3529 1512 epos

1940 1537 2034 1591 Dei
2064 1536 2351 1607 quodpiam
2386 1536 2758 1606 imperfectum
2803 1544 2886 1590 est
2912 1577 2926 1601 ,
2955 1541 3013 1588 ut
3042 1544 3128 1589 tua
3156 1542 3310 1603 egeat
3347 1548 3529 1587 corre-

1938 1629 2133 1684 ctione.
2151 1628 2282 1683 Nam
2304 1630 2348 1683 si
2371 1629 2490 1697 quis
2510 1627 2866 1697 imperatoria:
2884 1626 3097 1695 imagini
3119 1635 3311 1679 erectae
3328 1623 3523 1693 aliquid

1935 1722 2004 1778 de
2030 1737 2129 1777 suo
2155 1723 2386 1793 adjicere
2413 1730 2658 1784 tentaret,
2688 1734 2792 1774 non
2825 1727 2969 1772 tutus
2995 1726 3138 1771 esset
3164 1726 3405 1779 conatus,
3432 1715 3525 1769 sed

1934 1825 2176 1871 extremo
2226 1816 2463 1885 periculo
2497 1814 2634 1868 foret
2671 1812 2950 1867 obnoxius.
2994 1812 3151 1880 Atqui
3196 1810 3356 1863 homo
3383 1810 3523 1863 illam

1935 1919 2185 1980 operatus
2210 1919 2312 1973 est,
2343 1918 2397 1963 et
2427 1908 2559 1963 nihil
2586 1907 2772 1977 adjicis
2805 1924 2818 1959 :
2854 1906 2940 1960 hic
2972 1921 3098 1959 \cro
3130 1906 3267 1959 Deus
3293 1914 3479 1958 auctor
3503 1942 3522 1969 ,

1935 2011 1988 2055 et
2012 2000 2308 2055 emendas?
2332 1999 2451 2054 Non
2477 1999 2679 2069 cogitas
2704 1997 2961 2067 gehennre
3004 1997 3218 2065 ignem?
3260 2010 3376 2050 non
3410 1996 3525 2047 aui-

1934 2108 2075 2147 mam
2104 2092 2448 2162 neglectam?
2479 2091 2601 2146 ldeo
2631 2104 2859 2159 namque
2891 2090 2979 2143 illa
3004 2088 3242 2158 neglecta
3273 2096 3375 2152 est,
3398 2086 3520 2157 quia

1936 2198 2043 2242 tota
2082 2203 2210 2242 cura
2261 2188 2311 2240 in
2355 2200 2571 2241 carnem
2611 2172 2802 2239 Collata
2848 2183 2962 2236 fuit.
2993 2182 3192 2252 Ecquid
3237 2180 3304 2235 de
3344 2180 3519 2233 anima

1934 2278 2316 2351 loquor?Nam
2345 2279 2443 2348 ipsi
2481 2292 2692 2347 quoque
2719 2275 2868 2331 carni
2904 2275 3165 2329 contraria
3209 2272 3521 2341 contingunt

1933 2376 1998 2430 iis
2021 2390 2137 2443 qua:
2162 2387 2258 2426 vos
2287 2372 2500 2443 optatis.
2528 2370 2622 2425 llic
2646 2384 2774 2425 vero
2799 2367 3033 2422 attende.
3058 2366 3151 2421 Vis
3179 2366 3409 2419 formosa
3435 2380 3522 2433 ap-

1932 2467 2155 2538 parere?
2178 2467 2289 2521 l‘ioc
2317 2476 2368 2520 te
2398 2465 2690 2520 deformem
2721 2462 2971 2517 ostendit.
3002 2460 3092 2514 Vis
3129 2461 3336 2528 placere
3363 2458 3519 2512 viro?

1930 2560 1985 2615 ld
2014 2560 2161 2613 illum
2193 2573 2425 2613 moerere
2454 2557 2612 2610 afficit
2640 2574 2653 2610 :
2678 2570 2741 2609 ac
2780 2568 2952 2622 neque
2991 2552 3139 2605 illum
3180 2550 3352 2604 ευιυηι
3377 2589 3393 2615 ,
3423 2548 3519 2603 sed

1928 2662 2182 2708 externos
2229 2665 2419 2706 omnes
2459 2649 2551 2703 tibi
2602 2656 2942 2702 accusatores
2987 2644 3172 2699 eflicit.
3214 2643 3305 2697 Vis
3338 2641 3519 2712 junior

1927 2744 2210 2815 apparere?
2225 2744 2336 2798 Hoc
2352 2753 2404 2799 te
2418 2743 2572 2797 citius
2594 2742 2647 2797 in
2667 2748 2994 2797 senectutem
3012 2735 3287 2792 ducet.Vis
3311 2734 3519 2790 ornari?

1928 2839 2039 2894 ΙΙορ
2056 2838 2149 2894 tibi
2164 2838 2409 2892 dedecori
2427 2845 2531 2889 est.
2550 2835 2681 2889 Nam
2700 2831 3001 2904 hujusmodi
3020 2831 3211 2886 mulier
3223 2844 3329 2883 non
3340 2842 3517 2898 mqua-

1927 2932 2004 2988 les
2027 2932 2204 2997 modo,
2232 2931 2325 2986 sed
2354 2929 2577 2984 ancillas
2601 2929 2844 2983 conscias
2873 2936 2928 2982 et
2944 2925 3266 2981 domesticos
3285 2923 3516 2977 scientes

1926 3025 2126 3094 pudore
2151 3024 2344 3088 afficit;
2381 3023 2654 3091 multoque
2682 3020 2849 3089 magis
2875 3021 3127 3087 seipsam.
3150 3014 3257 3071 Sed
3277 3030 3374 3069 cur
3401 3014 3514 3067 ha-c

1924 3116 2140 3170 dicam?
2164 3115 2296 3170 Nam
2322 3114 2463 3185 quod
2490 3113 2725 3167 omnium
2756 3111 3124 3181 gravissimum
3166 3118 3248 3161 est
3284 3115 3511 3177 praeter-

1923 3207 2077 3262 misi:
2099 3216 2151 3262 te
2172 3222 2363 3275 nempe
2391 3206 2556 3259 Deum
2583 3202 2873 3264 offendere,
2898 3201 3194 3255 eaStitatem
3222 3196 3509 3257 sull‘odere.

1922 3299 2200 3371 zelotypiae
2234 3298 2477 3352 ﬂammas
2515 3293 2829 3357 accendere,
2860 3293 3137 3363 prostituta
3164 3291 3264 3345 sub
3309 3288 3510 3343 fornice

1922 3404 2095 3447 scorta
2117 3390 2332 3447 imitari.
2358 3391 2483 3444 Haec
2502 3392 2676 3460 itaque
2695 3388 2873 3443 Omnia
2889 3386 3201 3456 cogitantes,
3219 3386 3508 3438 satanicam

1920 3500 2202 3555 pompam,
2230 3483 2653 3552 diabolicamque
2673 3489 2842 3535 artem
2871 3479 3225 3539 contemnite,
3256 3476 3507 3531 dimisso-

1919 3592 2023 3647 que
2056 3576 2148 3629 illo
2175 3585 2365 3630 ornatu
2386 3615 2400 3639 ,
2432 3575 2538 3628 imo
2567 3572 2853 3637 dedecore,
2887 3568 3335 3641 pulchritudinem
3366 3568 3506 3622 illam

1919 3668 1972 3722 in
2003 3666 2283 3721 animabus
2310 3667 2500 3720 vestris
2531 3674 2785 3734 apparate
2804 3705 2819 3729 ,
2844 3678 2963 3733 qua:
2992 3661 3195 3732 angelis
3222 3660 3465 3739 amabilis
3487 3700 3507 3727 ,

1920 3760 2032 3815 Deo
2057 3758 2306 3829 optabilis
2334 3764 2389 3811 et
2416 3756 2754 3812 consortibus
2783 3754 2960 3809 suavis
2982 3761 3084 3818 est,
3113 3762 3169 3807 ut
3195 3759 3249 3806 et
3274 3766 3513 3821 prasen-

1919 3860 2026 3906 tem
2055 3859 2110 3905 et
2134 3849 2365 3904 futuram
2399 3847 2622 3918 gloriam
2647 3845 3050 3916 consequamini
3076 3864 3089 3898 :
3115 3858 3274 3914 quam
3304 3843 3506 3897 utinam

1917 3958 2018 3998 nos
2046 3958 2237 3997 omnes
2265 3942 2641 4011 adipiscamur,
2668 3940 2837 4010 gratia
2865 3949 2919 3993 et
2946 3939 3271 4009 benignitate
3298 3938 3505 3992 Domini

1917 4038 2087 4093 nostri
2111 4036 2237 4092 Jesu
2263 4034 2483 4099 Christi,
2513 4034 2595 4089 cui
2626 4032 2792 4104 gloria
2820 4041 2875 4088 et
2902 4032 3204 4102 imperium,
3230 4031 3279 4084 in
3309 4030 3504 4084 saecula

1917 4131 2255 4186 surculorum.
2286 4130 2481 4185 Amen.

1313 4422 1660 4485 HOMILIA
1704 4425 1949 4487 XXXI.
1995 4425 2081 4487 al.
2128 4425 2407 4486 XXXII.

213 4568 346 4624 Car.
366 4568 418 4624 9.
448 4568 596 4623 v.18.
630 4567 754 4621 Ηαξε
784 4566 875 4620 illo
904 4566 1152 4632 loquente,
1174 4568 1530 4637 ecceprinceps
1550 4568 1805 4638 ingressus

289 4660 534 4712 adorabat
555 4675 671 4711 eam
697 4659 867 4712 dicens
887 4674 905 4711 :
934 4657 1071 4711 Filia
1114 4675 1225 4711 mea
1250 4659 1399 4712 modo
1418 4659 1657 4729 defuncta
1686 4670 1756 4714 est
1785 4675 1803 4722 ;

288 4752 377 4807 sed
395 4752 526 4818 veni,
556 4752 757 4820 impone
781 4768 988 4805 manum
1007 4760 1147 4805 tuam
1167 4768 1320 4821 super
1334 4770 1465 4819 eam,
1484 4763 1530 4808 et
1550 4756 1695 4808 vivet.
1718 4754 1804 4809 19.

290 4842 357 4897 Et
384 4860 595 4915 surgens
616 4842 771 4897 Iesus
799 4853 1038 4913 sequutus
1064 4852 1134 4897 est
1160 4860 1275 4897 eum
1300 4885 1313 4909 ,
1344 4854 1391 4897 et
1416 4844 1653 4914 discipuli
1673 4846 1800 4908 eius.

292 4939 345 4992 Ι.
377 4938 522 5007 Opus
549 4951 828 4993 sermones
859 4944 1141 5006 sequutum
1172 4946 1274 5002 est,
1303 4936 1376 4991 ita
1400 4947 1457 4991 ut
1476 4937 1646 5007 magis
1663 4937 1806 4991 Pha-

215 5031 499 5085 ris:eorum
527 5043 620 5083 ora
665 5032 1154 5098 comprimerentur
1205 5046 1219 5082 :
1271 5042 1393 5082 nam
1444 5028 1534 5098 qui
1576 5029 1805 5082 accessit

216 5136 506 5193 synagoga:
552 5120 799 5189 princeps
840 5127 1000 5185 erat,
1053 5118 1333 5189 luctusque
1389 5119 1565 5189 gravis
1602 5136 1616 5173 :
1651 5119 1809 5172 unica

218 5214 363 5269 enim
389 5213 561 5283 puella
582 5221 699 5268 erat
718 5253 733 5275 .
777 5226 1146 5283 annorumque
1173 5211 1455 5267 duodecim
1478 5253 1493 5278 ,
1538 5211 1681 5282 quod
1708 5212 1809 5267 ﬂos

218 5315 339 5359 erat
363 5305 574 5359 aetatis:
603 5312 659 5360 et
684 5306 862 5359 statim
891 5290 1036 5359 illam
1058 5305 1353 5360 suscitavit.
1377 5304 1529 5371 Quod
1565 5305 1611 5360 si
1638 5305 1810 5363 Lucas

220 5408 403 5453 narrat
431 5398 642 5453 venisse
671 5399 762 5469 qui
784 5398 1022 5454 dicerent
1054 5417 1066 5453 :
1103 5396 1230 5452 Noti
1258 5415 1443 5454 vexare
1479 5401 1809 5468 magistrum;

219 5498 422 5542 mortua
451 5489 584 5542 enim
609 5499 678 5543 est
705 5487 856 5559 (Luc.
878 5488 933 5544 8.
971 5487 1063 5560 49)
1096 5507 1109 5544 :
1152 5490 1393 5545 dicemus
1424 5490 1554 5545 illud
1585 5531 1601 5557 ,
1650 5490 1809 5546 Modo

218 5580 465 5649 defuncta
487 5589 580 5645 est,
600 5595 631 5634 a
661 5590 901 5649 tempore
930 5580 984 5635 in
1012 5582 1203 5637 itinere
1229 5582 1498 5652 insumpto
1521 5581 1808 5652 conjicien-

221 5673 291 5727 tis
319 5670 487 5727 fuisse
509 5712 525 5736 ,
559 5671 645 5727 vel
673 5671 1032 5727 calamitatem
1062 5673 1330 5742 augentis.
1362 5670 1478 5728 Mos
1504 5674 1648 5727 enim
1676 5687 1809 5742 sup-

218 5762 419 5835 piicum
450 5772 555 5830 est,
584 5763 723 5819 mala
752 5779 847 5819 sua
874 5766 1053 5821 verbis
1088 5765 1349 5821 extollere
1367 5805 1382 5830 ,
1413 5773 1468 5820 et
1505 5765 1623 5833 plus
1650 5779 1810 5834 quam

220 5875 350 5917 vere
377 5860 446 5915 sit
471 5860 683 5931 dicere,
710 5868 770 5916 ut
801 5858 1010 5917 [acilius
1038 5869 1250 5932 rogatos
1278 5867 1522 5916 exorent.
1556 5857 1683 5913 Vide
1710 5873 1804 5913 au-

1916 4578 2023 4623 tem
2050 4584 2208 4639 quam
2239 4568 2387 4623 rudis
2414 4568 2502 4622 sit.
2535 4566 2652 4622 Duo
2681 4569 2822 4621 enim
2853 4567 3089 4637 postulat
3114 4583 3141 4620 a
3169 4568 3382 4623 Christo
3405 4611 3419 4633 ,
3449 4577 3511 4623 ut

1916 4662 2114 4727 veniat,
2144 4670 2194 4714 et
2222 4676 2438 4713 manum
2469 4660 2707 4728 imponat
2737 4659 2910 4730 :quod
2941 4660 3152 4729 signum
3180 4670 3299 4714 crat
3328 4661 3501 4729 ipsum

1914 4766 2032 4807 eam
2062 4750 2237 4805 adhuc
2289 4751 2580 4820 spirantem
2615 4750 2919 4819 reliquisse.
2947 4750 3059 4805 Hoc
3102 4760 3157 4806 et
3205 4751 3373 4823 Syrus
3414 4753 3505 4807 ille

1912 4841 2147 4897 Neeman
2178 4857 2208 4895 a
2260 4842 2517 4911 prepheta
2561 4842 2775 4911 petebat
2826 4841 2910 4896 his
2936 4842 3111 4896 verbis
3142 4858 3158 4897 :
3189 4840 3364 4898 Exibit
3396 4884 3412 4910 _.
3460 4854 3506 4897 et

1914 4950 2121 4988 manum
2145 4950 2290 4988 suam
2310 4935 2531 5005 imponet
2559 4936 2637 5003 (4.
2662 4934 2790 5006 Reg.
2821 4935 2875 4990 5.
2905 4935 3016 5005 11).
3045 4934 3175 4990 Nam
3204 4935 3323 4991 visu
3346 4945 3399 4991 et
3420 4953 3507 4991 rc-

1913 5026 2012 5082 bus
2042 5025 2144 5082 sub
2177 5041 2396 5081 sensum
2425 5025 2737 5081 cadentibus
2767 5042 2901 5096 opus
2930 5026 3129 5082 habent
3158 5028 3191 5082 ii
3214 5029 3302 5098 qui
3325 5028 3505 5083 rudiu-

1912 5119 1988 5174 ris
2012 5117 2176 5173 animi
2202 5127 2346 5173 sunt.
2374 5118 2584 5173 Marcus
2610 5119 2764 5191 (Cap.
2792 5120 2845 5175 5.
2866 5120 2956 5192 ’57)
2986 5134 3144 5190 porro
3172 5121 3303 5177 dicit
3329 5121 3503 5192 ipsum

1914 5216 2025 5264 tres
2086 5209 2438 5281 assumpsisse
2494 5210 2822 5281 discipulos,
2878 5210 3156 5282 Lucasque
3229 5211 3395 5284 (Cap.
3446 5214 3500 5268 8.

1914 5300 2005 5372 51)
2049 5301 2327 5369 similiter;
2379 5300 2466 5357 hic
2508 5317 2639 5357 vero
2682 5301 2972 5373 discipulos
3018 5304 3350 5374 simpliciter.
3398 5305 3505 5360 Cur

1914 5409 2043 5464 ergo
2070 5392 2376 5449 Matthzeum
2409 5409 2516 5449 non
2547 5395 2755 5464 accepit
2784 5433 2800 5459 ,
2832 5395 2921 5465 qui
2951 5411 3121 5466 nuper
3158 5400 3503 5453 accesserat?

1914 5486 1985 5543 Ut
2011 5488 2158 5542 illum
2192 5488 2243 5542 in
2266 5489 2522 5557 majorem
2555 5487 2898 5559 cupiditatem
2934 5488 3218 5558 injiceret,
3265 5499 3320 5545 et
3361 5491 3502 5560 quod

1914 5578 2279 5649 imperfectior
2316 5579 2489 5634 adhuc
2517 5591 2681 5636 esset.
2732 5578 2860 5635 Ideo
2886 5580 3031 5635 enim
3077 5580 3197 5637 illos
3237 5581 3501 5651 honorat,

1913 5680 1973 5726 ut
2001 5670 2055 5726 hi
2084 5671 2204 5727 illos
2233 5671 2527 5727 imitentur.
2555 5670 2806 5726 Matthaao
2834 5681 3014 5727 autem
3040 5674 3169 5728 satis
3189 5682 3326 5740 erat,
3356 5675 3499 5745 quod

1914 5764 2187 5834 sanguinis
2217 5762 2360 5818 ﬂuxu
2390 5763 2722 5819 laborantem
2754 5762 2996 5835 vidisset,
3028 5772 3083 5818 et
3121 5765 3261 5833 quod
3313 5767 3501 5821 eadem

1918 5872 2102 5912 mensa
2131 5855 2378 5926 dignatus
2407 5856 2624 5923 fuisset,
2652 5853 2891 5927 ejusdem
2914 5858 3041 5915 satis
3072 5858 3502 5930 participatione.
