4038 6364
597 345 694 400 571

595 461 914 532 Surgentem
946 475 1108 530 porro
1132 461 1284 517 multi
1324 462 1536 533 sequuti
1563 470 1723 531 sunt,
1763 462 1915 535 quasi
1961 461 2029 518 ad
2077 476 2193 516 ma-

595 571 757 621 gnum
783 556 1119 623 miraculum,
1162 564 1218 612 et
1243 555 1314 612 ob
1360 555 1674 627 dignitatem
1703 555 2007 612 accedentis
2029 596 2046 623 ,
2075 564 2188 611 tum

594 651 757 704 etiam
788 650 914 721 quia
940 650 1093 705 multi
1123 649 1300 705 adhuc
1339 650 1584 706 rudiores
1610 666 1718 706 non
1744 658 1852 705 tam
1880 650 2073 705 anima:
2093 665 2188 705 cu-

517 801 524 810 ,
596 758 735 810 ram,
763 758 926 814 quam
953 743 1196 814 corporis
1217 743 1501 799 sanitatem
1525 743 1860 814 quaerebant:
1876 752 1930 799 et
1945 742 2186 798 conflue-

595 834 745 901 bant,
775 835 865 890 alii
884 835 996 890 suis
1015 835 1282 907 compulsi
1301 835 1617 902 morbis,alii
1637 836 1930 892 curationis
1953 836 2185 891 aliorum

592 935 922 998 spectatores
939 943 1058 985 esse
1069 928 1633 999 cupientes;doctrinae
1650 939 1829 984 autem
1846 944 2005 984 causa
2028 928 2186 999 pauci

593 1019 807 1074 interim
826 1020 892 1074 ad
915 1036 1038 1075 eum
1055 1020 1402 1076 accedebant.
1426 1020 1538 1076 Nec
1556 1021 1824 1076 concessit
1841 1035 1936 1076 eos
1963 1020 2182 1076 domum

591 1110 821 1180 ingredi,
843 1111 937 1167 sed
962 1111 1254 1184 discipulos
1278 1121 1504 1180 tantum,
1530 1129 1706 1184 neque
1741 1129 1954 1179 omnes,
1985 1115 2183 1187 ubique

596 1217 698 1260 nos
722 1205 1006 1260 instituens
1025 1205 1092 1261 ad
1109 1205 1249 1276 vulgi
1271 1207 1721 1262 existimationem
1748 1205 2142 1278 depellendam.

661 1296 858 1367 Agendi
889 1297 1021 1352 ratio
1046 1297 1272 1352 mulieris
1293 1299 1493 1369 ﬂuxum
1520 1299 1785 1371 sanguinis
1806 1299 2040 1368 patientis
2059 1341 2074 1365 ,
2098 1299 2179 1353 die

595 1388 830 1442 sentitur.
861 1387 1092 1444 Christus
1119 1389 1270 1444 homo
1293 1406 1394 1444 non
1423 1389 1641 1461 gloriam
1663 1390 1886 1445 nutabat.
1909 1421 1980 1432 —
1999 1390 2091 1446 20.
2111 1389 2181 1445 Et

589 1493 701 1534 ecce
726 1481 906 1534 mulier
933 1497 1048 1549 qua:
1075 1482 1336 1551 sanguinis
1374 1483 1573 1553 ﬂuxum
1602 1483 1886 1553 patiebatur
1909 1499 1941 1536 a
1986 1483 2180 1538 duode-

585 1573 686 1627 cim
714 1574 862 1627 annis
885 1615 899 1636 ,
926 1575 1134 1628 accessit
1155 1585 1329 1640 retro;
1355 1585 1401 1629 et
1425 1576 1587 1646 tetigit
1614 1577 1869 1644 ﬁmbriam
1898 1577 2179 1634 vestimenti

585 1663 718 1734 ejus.
746 1663 835 1719 21.
865 1662 1076 1719 Dicebat
1104 1666 1239 1718 enim
1281 1665 1417 1719 intra
1445 1683 1501 1720 se
1551 1681 1571 1720 :
1612 1667 1676 1722 Si
1724 1669 1932 1738 tetigero
1979 1678 2176 1723 tantum

582 1758 932 1813 vestimentum
958 1760 1088 1828 ejus,
1112 1759 1254 1812 salva
1281 1775 1386 1813 ero.
1408 1759 1520 1814 Cur
1541 1775 1647 1814 non
1674 1759 1901 1817 ﬁdenter
1927 1760 1995 1816 ad
2023 1761 2174 1817 illum

580 1849 854 1905 accessit?
880 1849 1030 1917 Quod
1057 1849 1283 1920 puderet
1310 1849 1380 1906 de
1409 1850 1636 1918 morbo;
1663 1867 1786 1908 sese
1808 1869 2040 1924 namque
2070 1855 2173 1909 im-

581 1941 834 1997 mundam
865 1943 1101 2013 putabat.
1154 1943 1286 1999 Nam
1323 1943 1372 2000 si
1435 1955 1768 2004 menstruam
1811 1962 1919 2002 non
1971 1948 2172 2004 munda

580 2034 888 2104 putabatur,
920 2037 1094 2091 multo
1124 2036 1294 2107 magis
1323 2036 1407 2090 illa
1425 2052 1544 2108 quae
1567 2038 1656 2092 tali
1683 2040 1873 2095 morbo
1894 2040 2173 2097 laborabat

579 2123 635 2180 id
679 2126 900 2182 credere
943 2136 1154 2197 poterat
1195 2145 1210 2182 :
1263 2126 1569 2198 huiusmodi
1615 2131 1760 2186 enim
1805 2131 2172 2189 immundities

578 2231 772 2288 magna
801 2219 1094 2274 secundum
1140 2219 1313 2290 legem
1357 2220 1640 2291 putabatur
1685 2238 1828 2279 esse.
1877 2223 2003 2280 ldeo
2048 2240 2170 2282 sese

574 2309 721 2365 abdit
748 2318 803 2366 et
826 2311 1080 2366 occultat.
1109 2312 1360 2382 Alioquin
1391 2327 1521 2368 vero
1559 2313 1796 2369 nondum
1825 2315 1913 2372 illa
1945 2331 2169 2374 consen-

576 2409 785 2457 taneam
807 2411 861 2456 et
886 2401 1179 2472 perfectam
1207 2403 1277 2459 de
1299 2403 1392 2458 illo
1417 2404 1726 2474 opinionem
1763 2407 1996 2464 habebat
2023 2425 2038 2462 :
2071 2424 2171 2465 ne-

572 2507 678 2563 que
701 2493 846 2548 enim
877 2502 1118 2563 putasset
1153 2508 1214 2550 se
1239 2495 1408 2561 latere
1438 2509 1620 2566 posse.
1651 2497 1832 2552 Prima
1880 2514 2012 2555 vero
2041 2499 2160 2557 haec

573 2585 766 2639 mulier
786 2585 1000 2656 publice
1021 2586 1232 2642 accedit
1260 2603 1274 2643 :
1306 2587 1509 2643 etenim
1535 2589 1756 2657 audivit,
1789 2591 1965 2660 ipsum
2001 2594 2166 2650 etiam

571 2677 826 2734 mulieres
855 2693 1047 2736 curare
1066 2721 1084 2746 ,
1113 2688 1170 2735 et
1209 2680 1441 2751 puellam
1466 2691 1732 2740 mortuam
1761 2685 1932 2742 adire.
1983 2684 2040 2742 ln
2067 2686 2165 2743 do-

570 2785 718 2825 mum
745 2779 928 2826 autem
954 2787 1149 2828 vocare
1177 2787 1286 2828 non
1311 2788 1442 2829 ausa
1481 2784 1604 2842 est,
1650 2777 1750 2832 etsi
1776 2778 1926 2835 dives
1969 2791 2117 2836 esset
2145 2797 2161 2836 :

572 2878 747 2934 neque
773 2864 986 2935 publice
1010 2867 1258 2932 accessit,
1290 2866 1386 2922 sed
1406 2867 1546 2923 clam
1571 2883 1695 2924 cum
1717 2868 1824 2925 ﬁde
1843 2873 2162 2931 vestimenta

569 2956 762 3026 tetigit.
793 2955 912 3012 Non
931 2945 1212 3023 dubitavit,
1243 2973 1417 3029 neque
1437 2959 1491 3014 in
1521 2961 1694 3030 seipsa
1720 2962 1855 3018 dixit
1882 2981 1897 3018 :
1925 2963 2064 3020 Num
2094 2966 2163 3021 li-

555 3048 804 3116 berabor
825 3065 857 3104 a
885 3050 1094 3116 morbo,
1120 3051 1325 3107 necne?
1341 3052 1436 3108 sed
1457 3052 1527 3108 de
1543 3055 1774 3111 sanitate
1794 3057 2162 3126 recuperanda

567 3141 844 3198 conﬁdens
873 3145 1101 3200 accessit
1131 3163 1145 3199 :
1175 3145 1384 3200 Dicebat
1408 3147 1562 3214 enim,
1594 3146 1787 3219 inquit,
1814 3150 1952 3205 intra
1980 3168 2034 3206 se
2058 3169 2078 3207 :
2097 3152 2162 3209 Si

563 3235 730 3289 solum
771 3235 978 3308 tetigero
1019 3238 1364 3292 vestimentum
1405 3241 1517 3310 ejus
1542 3281 1558 3306 ,
1599 3241 1741 3296 salva
1787 3259 1894 3298 ero.
1925 3243 2162 3304 Noverat

565 3326 710 3382 enim
723 3341 788 3382 ex
812 3342 916 3396 qua
937 3327 1286 3399 egrederetur
1301 3329 1485 3398 domo,
1505 3346 1700 3403 nempe
1723 3333 2154 3406 publicanorum,

567 3425 626 3473 et
645 3422 864 3489 quinam
907 3431 1286 3489 sequerentur,
1337 3422 1589 3477 nimirum
1637 3435 1948 3494 peccatores
1982 3437 2039 3484 et
2066 3445 2160 3501 pu-

563 3509 760 3565 blicani
789 3509 942 3566 :haec
971 3527 1100 3567 vero
1125 3512 1306 3568 omnia
1346 3513 1503 3570 ﬁdem
1542 3514 1644 3585 ipsi
1681 3517 1957 3574 indebant.
2009 3521 2150 3589 Quid

561 3603 723 3673 igitur
787 3602 1071 3660 Christus?
1121 3606 1238 3662 Non
1305 3609 1550 3676 permisit
1616 3624 1735 3664 eam
1800 3612 2005 3682 latere,
2057 3616 2154 3672 sed

559 3694 616 3750 in
657 3695 890 3750 medium
915 3696 1169 3764 adduxit,
1198 3706 1254 3753 et
1283 3699 1467 3755 multis
1513 3699 1582 3754 de
1622 3701 1800 3757 causis
1843 3703 1988 3759 illam
2035 3722 2152 3761 ma-

560 3785 810 3840 nifestam
835 3800 958 3842 esse
999 3787 1190 3841 voluit.
1218 3788 1554 3860 Quamquam
1585 3793 1802 3863 quidam
1845 3796 2025 3852 stolidi
2069 3798 2154 3854 di-

558 3891 703 3942 cant,
733 3875 835 3932 hoc
865 3878 1038 3947 ipsum
1073 3878 1195 3934 ideo
1227 3879 1418 3936 fecisse
1440 3921 1457 3948 ,
1490 3884 1632 3953 quod
1661 3884 1888 3954 gloriam
1915 3900 2148 3946 amaret.

557 3971 668 4028 Cur
690 3971 857 4038 enim,
885 3971 1164 4042 inquiunt,
1194 3987 1300 4028 nou
1325 3975 1566 4043 permisit
1601 3976 1745 4032 illam
1771 3980 1980 4036 latere?
2008 3983 2150 4050 Quid

556 4065 726 4132 dicis,
752 4063 1109 4120 exsecrande?
1135 4065 1225 4135 qui
1247 4065 1400 4134 jubet
1421 4075 1622 4133 tacere,
1651 4070 1741 4138 qui
1771 4082 2020 4127 sexcenta
2043 4075 2153 4130 mi-

557 4156 740 4211 racula
771 4155 1166 4224 prmtercurrit,
1211 4155 1434 4226 gloriam
1475 4159 1668 4213 amat?
1705 4159 1816 4215 Cur
1845 4177 1972 4233 ergo
2002 4164 2148 4222 illam

558 4247 614 4302 in
644 4246 880 4302 medium
909 4245 1151 4301 adducit?
1179 4246 1358 4301 Primo
1385 4248 1551 4303 solvit
1576 4250 1819 4306 mulieris
1856 4253 2104 4310 timorem
2123 4296 2142 4324 ,

557 4354 628 4394 ne
653 4338 1002 4395 conscientia:
1025 4339 1257 4394 stimulis
1276 4339 1472 4410 agitata
1495 4382 1514 4405 ,
1559 4350 1743 4411 utpote
1770 4357 1892 4414 quze
1915 4346 2146 4416 gratiam

554 4432 703 4488 illam
729 4431 987 4488 sutl'urata
1016 4441 1201 4497 esset,
1247 4433 1503 4504 scrupulo
1528 4434 1820 4492 laboraret.
1851 4436 2102 4496 Secundo
2122 4482 2141 4508 ,

554 4527 726 4596 ipsam
755 4525 997 4597 corrigit,
1026 4525 1172 4596 quod
1201 4541 1261 4581 se
1286 4525 1454 4582 latere
1480 4535 1714 4597 putaret.
1749 4528 1951 4598 Tertio,
1982 4532 2144 4589 ﬁdem

552 4617 672 4686 ejus
699 4617 952 4673 omnibus
970 4626 1156 4673 notam
1189 4617 1383 4685 reddit,
1414 4626 1472 4673 ut
1493 4619 1584 4674 alii
1613 4635 1731 4674 eam
1755 4619 2096 4680 imitarentur
2125 4641 2140 4679 :

553 4723 730 4780 neque
755 4713 937 4765 minus
961 4709 1170 4782 signum
1224 4709 1375 4777 edit,
1407 4725 1528 4765 cum
1573 4711 1808 4767 os1endit
1859 4728 1919 4770 se
1962 4716 2144 4772 omnia

550 4803 715 4869 scire,
744 4817 905 4873 quam
943 4817 1063 4858 cum
1093 4803 1296 4858 ﬂuxum
1343 4803 1618 4875 sanguinis
1664 4804 1897 4861 cohibet.
1939 4806 2144 4864 Deinde

550 4893 1053 4966 archisynagogum,
1077 4894 1230 4964 cujus
1251 4894 1383 4950 ﬁdes
1409 4894 1829 4965 periclitabatur,
1859 4912 1966 4967 quo
1987 4908 2143 4966 pacto

550 4985 730 5040 onmia
763 4985 1122 5057 perdidisset,
1155 5001 1252 5056 per
1277 4987 1556 5042 mulierem
1587 4987 1731 5042 illam
1757 4989 2137 5046 confirmabat.

548 5079 682 5134 Nam
700 5088 956 5136 venerant
970 5079 1060 5150 qui
1076 5078 1332 5135 dicerent:
1344 5079 1469 5134 Noli
1484 5097 1664 5136 vexare
1677 5082 2006 5152 magistrum;
2020 5100 2141 5140 nam

547 5183 748 5227 mortua
762 5182 834 5227 est
862 5171 1032 5241 puella
1052 5171 1206 5242 (Luc.
1230 5172 1703 5242 8.49).Quiautem
1731 5173 1785 5228 in
1806 5174 1968 5231 domo
1982 5185 2140 5233 erant

549 5263 843 5320 irridebant
861 5280 1006 5329 eum,
1026 5263 1170 5335 quod
1187 5265 1392 5320 diceret
1413 5265 1556 5319 illam
1583 5265 1843 5332 dormire;
1865 5268 2136 5324 verisimi-

545 5356 705 5426 leque
730 5365 846 5411 erat
871 5365 1079 5426 patrem
1096 5356 1255 5412 etiam
1275 5356 1545 5426 quidpiam
1561 5356 1734 5411 simile
1751 5371 1970 5427 passum
1987 5374 2131 5416 esse.

613 5447 669 5502 2.
696 5447 822 5504 Ideo
845 5447 992 5503 illam
1010 5447 1375 5504 inﬁrmitatem
1404 5449 1551 5517 prius
1576 5449 1891 5516 emendans,
1925 5450 2132 5507 mulier-

542 5540 721 5596 culam
747 5539 1035 5597 adducitin
1068 5540 1326 5596 medium.
1364 5538 1518 5606 Quod
1546 5540 1689 5594 enim
1721 5540 2012 5596 admodum
2043 5556 2105 5596 ru

541 5633 627 5690 dis
653 5635 742 5690 ille
771 5643 950 5699 esset,
989 5632 1111 5688 audi
1133 5632 1260 5703 quid
1289 5631 1388 5702 ipsi
1417 5630 1588 5686 dicat:
1615 5631 1699 5686 Ne
1724 5633 1922 5696 timeas,
1957 5640 2014 5686 tu
2041 5647 2116 5686 so-

543 5726 648 5780 lum
672 5727 835 5790 crede,
869 5735 916 5781 et
940 5726 1083 5781 salva
1126 5727 1221 5780 erit
1250 5724 1430 5796 (Ibid.
1462 5740 1511 5779 υ.
1539 5724 1673 5796 50).
1702 5723 1836 5780 Nam
1863 5725 1931 5780 de
1973 5723 2129 5779 indu-

545 5819 675 5877 stria
715 5821 1022 5876 morabatur
1048 5861 1066 5881 .
1098 5828 1156 5877 ut
1201 5827 1330 5876 tunc
1381 5817 1663 5875 accederet
1691 5859 1706 5884 ,
1759 5833 1880 5875 cum
1913 5825 2120 5874 mortua

1336 344 1392 401 S.
1431 343 1711 403 JOANNIS
1739 343 2212 402 CHRYSOSTOMI
2252 345 2572 404 ARCHIEP.
2613 347 3148 409 CONSTANTINOP.
3756 368 3839 424 τι,ῖὲ

2303 471 2493 530 esset,
2552 472 2611 519 ut
2653 465 2799 520 clara
2846 469 3174 525 resurrectio
3223 479 3390 528 esset.
3441 471 3630 532 Idcirco
3675 485 3840 541 tardius

2300 550 2542 620 incedit,
2601 565 2655 610 et
2728 557 2942 614 mulieri
3011 561 3181 617 multa
3249 561 3518 636 loquitur,
3569 579 3622 623 ut
3664 572 3838 631 interim

2300 643 2390 698 illa
2421 657 2748 715 moreretur,
2777 658 2834 704 et
2856 651 3179 708 accederent
3206 655 3298 724 qui
3337 657 3454 712 haec
3476 661 3770 731 nuntiarent,
3791 685 3833 724 at

2296 734 2542 792 dicerent
2565 756 2579 793 :
2615 738 2747 794 Noli
2772 757 2957 798 vexare
2977 745 3302 816 magistrum.
3348 748 3463 804 Hoc
3486 760 3539 806 et
3562 758 3839 826 evangelisut

2293 830 2598 888 subindicat
2636 833 2822 891 dicens
2852 853 2867 892 :
2905 837 3087 892 Adhuc
3116 856 3174 894 eo
3212 840 3486 913 loquente,
3526 860 3742 902 venerunt
3782 853 3834 906 de

2293 923 2444 979 domo
2477 926 2700 984 dicentes
2730 945 2750 984 :
2781 929 2990 986 Mortua
3021 943 3094 987 est
3117 934 3230 1002 ﬁlia
3271 945 3359 989 tua
3385 953 3406 990 :
3428 938 3534 992 noli
3563 955 3724 995 vexare
3752 961 3839 997 ma-

2289 1015 2524 1086 gistrum.
2553 1018 2778 1076 Volebat
2813 1022 2957 1076 enim
2988 1023 3224 1096 evulgari
3253 1033 3309 1081 ct
3335 1027 3483 1082 credi
3511 1039 3718 1086 mortem
3744 1075 3759 1101 ,
3784 1051 3838 1090 ne

2291 1111 2618 1166 resurrectio
2661 1122 2920 1182 suspecta
2949 1127 3116 1172 esset.
3158 1116 3229 1172 Et
3257 1116 3360 1174 hoc
3386 1120 3580 1192 ubique
3604 1121 3737 1180 facit.
3762 1127 3838 1184 Sic

2286 1197 2424 1253 etin
2453 1209 2629 1258 morte
2679 1203 2866 1260 Lazari
2895 1245 2912 1272 ,
2966 1216 3090 1278 post
3133 1207 3401 1278 primam,
3444 1215 3717 1270 secundam
3747 1227 3835 1274 ter-

2289 1289 2526 1362 tiamque
2564 1293 2706 1350 diem
2752 1299 3001 1354 accessit.
3060 1299 3297 1372 Ideoque
3343 1303 3495 1360 illam
3544 1305 3595 1362 in
3633 1309 3836 1367 medium

2283 1383 2500 1440 adducit
2527 1395 2583 1443 et
2605 1388 2682 1443 ait
2714 1403 2728 1442 :
2755 1389 2846 1444 ἓξ.
2879 1390 3111 1462 Con/ide,
3144 1394 3298 1472 ﬁliai;
3324 1395 3463 1452 sicut
3491 1406 3546 1452 et
3582 1401 3836 1472 paralytico

2283 1473 2518 1544 dicebat,
2540 1475 2775 1548 Con/ide,
2799 1482 2874 1552 {ili
2894 1481 3112 1552 (Matth.
3127 1484 3180 1539 9.
3201 1485 3652 1555 2).Formidolosa
3670 1495 3837 1565 quippe

2280 1569 2473 1624 tnulier
2497 1579 2615 1626 erat
2633 1613 2648 1638 ,
2680 1571 2910 1646 ideoque
2936 1576 3089 1644 dicit,
3122 1575 3356 1649 Con/ide,
3381 1589 3440 1637 et
3493 1581 3646 1639 ﬁliam
3673 1600 3832 1644 vocat:

2281 1673 2406 1716 nam
2437 1661 2569 1719 ﬁdes
2618 1664 2762 1720 illam
2816 1667 2980 1723 ﬁliam
3037 1669 3338 1740 effecerat;
3392 1673 3519 1730 hinc
3559 1676 3608 1730 in
3653 1678 3834 1734 laudem

2281 1753 2399 1821 ejus
2417 1753 2548 1810 dicit
2573 1773 2586 1810 :
2616 1755 2774 1813 Fides
2797 1769 2886 1815 tua
2909 1771 2956 1815 te
2974 1761 3171 1817 salvam
3196 1763 3336 1834 fecit.
3367 1765 3538 1824 Lucas
3560 1784 3678 1824 vero
3708 1772 3831 1840 plura

2279 1847 2380 1900 alia
2405 1849 2562 1905 nobis
2590 1850 2659 1907 de
2690 1853 2915 1909 muliere
2952 1865 3156 1911 narrat.
3185 1856 3322 1912 Cum
3349 1860 3500 1915 enim
3529 1865 3830 1932 accessisset,

2277 1937 2472 2010 inquit,
2505 1951 2560 1997 et
2577 1954 2760 1999 curata
2791 1944 3017 2015 fuisset,
3067 1963 3174 2004 non
3222 1952 3404 2007 statim
3430 1952 3574 2008 illam
3611 1956 3826 2011 Christus

2275 2031 2508 2098 vocavit,
2531 2033 2627 2090 sed
2654 2035 2801 2104 prius
2827 2036 2964 2093 dixit
2986 2055 3001 2094 :
3020 2039 3146 2106 Quis
3161 2057 3243 2097 me
3265 2043 3469 2114 tetigit?
3495 2045 3686 2101 Deinde
3700 2047 3835 2103 Petro

2275 2133 2331 2179 et
2357 2124 2478 2181 aliis
2501 2126 2810 2184 dicentibus
2840 2147 2854 2183 :
2895 2129 3211 2204 Praeceptor,
3250 2134 3410 2190 turbte
3436 2147 3488 2191 te
3525 2139 3834 2210 constringunt

2274 2225 2322 2270 et
2352 2217 2694 2288 comprimunt
2719 2261 2735 2284 ,
2768 2230 2817 2276 et
2841 2221 2990 2289 dicis,
3022 2223 3149 2291 Quis
3173 2241 3253 2280 me
3277 2227 3436 2298 tetigit
3469 2226 3618 2300 (Luc.
3645 2229 3694 2284 8.
3718 2231 3832 2300 45)?

2273 2306 2416 2375 quod
2467 2309 2760 2366 maximum
2809 2312 3022 2382 signum
3077 2324 3234 2382 erat,
3287 2315 3460 2387 ipsum
3527 2333 3679 2375 carne
3730 2335 3834 2376 vero

2270 2399 2656 2456 circumdatum
2707 2401 2905 2471 fuisse,
2961 2413 3018 2462 et
3075 2404 3274 2462 fastum
3316 2425 3536 2466 omnem
3581 2411 3831 2467 calcasse:

2271 2503 2445 2560 neque
2471 2492 2616 2546 enim
2644 2494 2830 2562 procul
2873 2496 3260 2567 sequebantur,
3310 2500 3407 2556 sed
3438 2501 3667 2573 undique
3706 2519 3832 2558 com-

2270 2581 2596 2651 primebant;
2630 2584 2720 2639 ille
2749 2601 2901 2650 vero.
2933 2588 3125 2660 inquit,
3154 2589 3335 2647 dicere
3364 2594 3598 2662 perstitit
3623 2612 3636 2649 :
3671 2595 3830 2668 Tetigit

2267 2687 2349 2726 me
2363 2673 2548 2744 aliquis
2573 2690 2592 2730 :
2616 2677 2733 2730 noui
2753 2678 2886 2732 enim
2907 2680 3143 2736 uirtutem
3168 2697 3231 2736 ea:
3264 2698 3343 2737 me
3370 2685 3584 2740 exivisse
3605 2684 3754 2750 (Ibid.
3788 2704 3826 2740 υ.

2268 2762 2397 2832 46);
2426 2765 2699 2823 rudiorem
2737 2770 3144 2839 responsionem
3173 2787 3269 2842 pro
3287 2774 3594 2832 auditorum
3624 2788 3764 2848 captu
3786 2789 3831 2832 et

2267 2857 2521 2928 opinione
2547 2861 2895 2918 concinnans.
2927 2863 3055 2921 Haec
3097 2875 3278 2922 autem
3307 2867 3527 2926 dicebat
3554 2911 3570 2937 ,
3620 2881 3675 2926 ut
3707 2873 3830 2926 illam

2265 2951 2333 3005 ad
2360 2952 2726 3010 conﬁtendum
2757 2955 3059 3014 induceret.
3091 2957 3322 3031 Ideoque
3347 2977 3461 3018 non
3483 2965 3656 3019 statim
3707 2966 3828 3020 illam

2265 3045 2574 3115 arguit,quo
2589 3047 2901 3117 ostendens,
2919 3052 3170 3107 seomnia
3189 3052 3426 3122 perfecte
3451 3056 3830 3122 scire,suaderet

2265 3132 2341 3188 illi
2371 3143 2429 3190 ut
2454 3137 2632 3193 omnia
2660 3153 2755 3193 sua
2797 3149 2990 3210 sponte
3028 3140 3367 3212 declararet,
3413 3154 3470 3201 et
3498 3147 3634 3217 quod
3660 3147 3829 3203 factum

2262 3235 2379 3282 erat
2397 3227 2805 3296 prmdicaretme
2821 3230 2865 3285 si
2889 3231 3004 3301 ipse
3019 3231 3552 3306 dixisset,suspectus
3567 3239 3829 3294 videretur.

2231 3340 2236 3344 ~
2336 3317 2495 3374 Fides
2523 3321 2750 3375 mulieris
2781 3323 3044 3393 sanguinis
3070 3325 3269 3395 ﬂuxum
3317 3328 3576 3398 patientis.
3599 3328 3830 3384 -—\‘iden‘

2262 3413 2543 3468 mulierem
2597 3415 3026 3488 archisynagogo
3066 3420 3682 3488 prtestantiorem?Non
3722 3423 3829 3478 rezi~

2265 3507 2399 3571 nuit,
2453 3522 2558 3562 non
2591 3509 2980 3578 apprehendit;
3013 3511 3108 3567 sed
3161 3513 3392 3570 summis
3444 3523 3646 3570 tantum
3671 3515 3829 3586 digitis

2265 3599 2460 3669 tetigit,
2484 3607 2539 3654 et
2568 3615 2688 3654 cum
2714 3601 2899 3657 ultima
2921 3603 3174 3669 venisset,
3206 3605 3353 3673 prior
3378 3616 3566 3662 sanata
3587 3608 3828 3664 discessit.

2260 3690 2354 3746 Ille
2383 3691 2646 3748 medicmn
2677 3693 2898 3748 adduxit
2923 3693 3176 3760 domum;
3206 3695 3329 3752 huic
3349 3705 3531 3753 tactus
3557 3700 3701 3754 solus
3717 3698 3830 3752 satis

2257 3781 2388 3837 fuit:
2417 3799 2538 3838 nam
2558 3783 2658 3839 etsi
2685 3784 2998 3854 aegritudine
3026 3785 3302 3856 ligaretur,
3328 3787 3435 3844 ﬁde
3457 3803 3557 3845 ceu
3572 3789 3666 3844 alis
3679 3788 3829 3844 adtol-

2260 3873 2491 3931 lebatur.
2522 3875 2800 3943 Perpende
2831 3883 3011 3932 autem
3041 3877 3314 3947 quomodo
3342 3879 3493 3934 illam
3540 3880 3822 3934 consoletur

2257 3965 2480 4022 dicens:
2514 3965 2672 4022 Fides
2697 3978 2786 4022 tua
2823 3977 2872 4024 te
2913 3969 3106 4024 salvam
3133 3971 3272 4041 fecit.
3318 3971 3482 4042 Atqui
3525 3973 3570 4028 si
3609 3980 3826 4027 ostenta-

2255 4060 2420 4117 tionis
2445 4075 2606 4116 causa
2638 4061 2690 4115 in
2722 4060 2955 4116 medium
3005 4062 3150 4118 illam
3198 4063 3586 4135 produxisset,
3644 4081 3826 4134 nequa-

2255 4168 2416 4224 quam
2447 4153 2579 4208 illud
2613 4153 2921 4223 adjecturus
2952 4163 3106 4221 erat;
3135 4155 3230 4210 sed
3263 4157 3381 4212 haec
3407 4157 3547 4214 dixit
3571 4167 3628 4213 ut
3665 4156 3827 4212 archi-

2253 4260 2586 4317 synagogum
2623 4245 2691 4301 ad
2719 4245 3048 4302 credendum
3093 4247 3438 4317 institueret,
3485 4261 3542 4306 et
3570 4250 3824 4306 mulierem

2252 4337 2692 4404 commendaret,
2723 4347 2884 4408 atque
2933 4337 3016 4393 his
3045 4339 3222 4395 verbis
3251 4341 3587 4411 voluptatem
3617 4342 3710 4412 ipsi
3734 4341 3824 4395 uti-

2252 4426 2565 4500 litatemque
2592 4427 2858 4498 prmberet
2873 4431 3114 4499 corporis
3131 4431 3410 4488 curatione
3432 4447 3539 4488 non
3563 4434 3822 4488 minorem.

2251 4520 2404 4589 Quod
2431 4529 2608 4576 autem
2653 4519 2720 4575 ad
2755 4521 3037 4577 mulierem
3079 4522 3464 4580 celebrandam
3512 4533 3825 4594 ceterosque

2249 4613 2614 4671 emendandos
2655 4613 2708 4669 id
2751 4612 2960 4675 fecerit,
3012 4629 3120 4669 non
3168 4623 3353 4670 autem
3403 4615 3493 4672 sui
3542 4613 3821 4672 ostentandi

2247 4722 2430 4774 causa,
2464 4708 2548 4763 vel
2564 4707 2688 4764 hinc
2710 4707 3061 4778 conspicuum
3082 4717 3185 4772 est,
3219 4708 3363 4778 quod
3394 4709 3535 4780 ipse,
3564 4709 3814 4766 hocetiam

2246 4798 2466 4868 dempto
2485 4799 2660 4870 signo,
2680 4799 2849 4854 nihilo
2870 4800 3045 4854 minus
3062 4797 3414 4856 admirandus
3439 4801 3650 4858 futurus
3673 4809 3818 4866 esset,

2252 4897 2378 4938 eum
2390 4883 2663 4940 crebriora
2684 4887 2954 4943 nivalibus
2977 4887 3244 4943 imbribus
3254 4889 3694 4946 circumfluerent
3713 4905 3819 4945 eum

2253 4977 2539 5045 miracula,
2563 4990 2616 5035 et
2635 4981 2792 5052 longe
2818 4983 3028 5053 majora
3053 4983 3275 5041 fecisset
3293 4984 3652 5059 facturusque
3665 4998 3818 5043 esset:

2254 5069 2614 5138 muliervero,
2649 5073 2756 5128 nis:
2771 5073 2822 5128 id
2845 5075 2917 5130 ita
2952 5073 3159 5131 factum
3196 5087 3366 5143 esset,
3391 5077 3573 5136 latens
3602 5089 3654 5135 et
3676 5077 3819 5148 tantis

2253 5163 2692 5222 vacualaudibus
2703 5167 3325 5239 abscessissetJdeoque
3339 5170 3518 5242 ipsam
3533 5173 3587 5227 in
3605 5173 3818 5227 medium

2254 5257 2546 5314 adductam
2567 5259 2882 5326 celebravit,
2903 5262 3133 5332 ejusque
3162 5264 3418 5320 timorem
3455 5266 3663 5336 dqiulit
3679 5282 3692 5318 :
3710 5275 3818 5317 nam

2261 5353 2502 5406 Tremens
2519 5351 2800 5420 accessit(1
2806 5353 2914 5409 bid.
2935 5371 2985 5409 υ.
3003 5355 3119 5426 47),
3137 5356 3339 5427 inquit,
3360 5359 3672 5429 ipseqneilli
3700 5356 3820 5410 ﬁdu-

2239 5445 2375 5500 ciam
2408 5444 2622 5513 indidit,
2652 5454 2710 5500 et
2752 5461 2876 5501 cum
2905 5448 3151 5516 corporis
3195 5449 3509 5507 valetudine
3535 5491 3554 5519 ,
3597 5450 3699 5506 alia
3729 5447 3816 5518 ipsi

2240 5539 2430 5594 viatica
2458 5537 2644 5604 dedit,
2676 5537 2887 5606 dicens,
2925 5538 3063 5595 Vade
3083 5541 3138 5595 in
3160 5557 3286 5612 pace
3318 5541 3484 5612 (Ibid.
3517 5560 3567 5598 υ.
3595 5541 3706 5611 48).
3731 5540 3810 5595 23.

2246 5629 2463 5685 Veniens
2494 5639 2673 5685 autem
2714 5632 2769 5685 iu
2806 5631 3013 5686 domum
3040 5634 3284 5703 principis
3307 5676 3324 5700 ,
3352 5635 3629 5706 vidensque
3665 5631 3810 5687 tibici-

2238 5736 2326 5777 nes
2354 5730 2401 5776 et
2441 5721 2640 5777 turbam
2682 5723 3072 5779 tumultuantem
3101 5765 3118 5792 ,
3168 5725 3261 5782 24.
3291 5726 3426 5781 dixit
3457 5741 3480 5781 :
3528 5727 3813 5782 Discedite:

2240 5830 2341 5871 non
2365 5825 2437 5872 est
2464 5815 2596 5870 enim
2617 5825 2815 5871 mortua
2843 5816 3013 5879 puella
3033 5856 3050 5875 .
3087 5817 3177 5874 sed
3205 5817 3418 5874 dormit.
3445 5818 3516 5874 Et
3537 5816 3811 5875 deridebanl
