4038 6364
211 357 311 416 371

215 473 522 546 παχύτητα.
553 475 657 530 Δύο
675 475 784 547 γὰρ
801 476 1023 530 ἀπαιτεῖ
1045 473 1197 546 παρὰ
1213 474 1309 528 τοῦ
1335 475 1589 546 Χριστοῦ,
1610 480 1702 530 καὶ
1722 495 1901 549 παρα·

214 553 470 622 γενέσθαι
518 555 702 620 αὐτὸν,
745 557 842 608 καὶ
895 555 996 624 τὴν
1043 556 1200 626 χεῖρα
1253 553 1556 609 ἐπιθεῖναι·
1613 557 1750 627 ὅπερ
1800 574 1898 627 ση-

214 633 366 700 μεῖον
396 628 465 702 ἦν
503 633 598 686 τοῦ
629 635 950 704 καταλιπεῖν
977 633 1147 703 αὐτὴν
1196 631 1539 703 ἐμπνέουσαν
1580 633 1681 688 ἔτι.
1731 631 1901 688 Τοῦτο

211 711 309 762 καὶ
354 711 386 762 6
430 709 600 782 Σύρος
636 713 841 775 ἐκεῖνος
883 714 912 766 ὁ
962 712 1184 780 Νεεμὰν
1230 711 1322 763 τὸν
1357 713 1644 784 προφήτην
1673 713 1896 783 ἀπῄτει.

214 789 478 856 Ἔλεγον
511 790 638 860 7&9,
667 791 851 860 φησὶν,
891 790 980 844 ὅτι
1005 791 1026 822 ⁵
1055 791 1154 844 καί
1189 789 1602 854 ἐξελεύσεται,
1637 790 1737 843 καὶ
1785 791 1901 858 τὴν

210 867 383 936 χεῷα
401 868 590 923 αὐτοῦ
626 871 922 939 ἐπιθήσει.
955 871 1062 924 Καὶ
1103 870 1212 939 γὰρ
1251 871 1343 922 καὶ
1370 868 1547 939 ὅψεως
1570 870 1779 924 δέονται
1806 872 1900 924 καὶ

212 947 494 1019 αἰσθητῶν
522 951 866 1022 πραγμάτων
915 952 964 1004 οἰ
1006 948 1314 1020 παχύτερον
1345 948 1700 1019 διακείμενοι.
1737 948 1840 1004 Καὶ
1869 951 1898 1002 6

215 1025 315 1095 μὲν
348 1029 579 1098 Μάρκος
614 1031 801 1100 φησὶν,
825 1030 907 1082 ὃτι
933 1031 1058 1092 τοὺς
1087 1031 1234 1098 τρεῖς
1261 1027 1418 1080 έλαϐε
1449 1027 1716 1098 μαθητὰς,
1745 1027 1839 1082 καὶ
1871 1028 1899 1080 6

211 1107 432 1169 Λουκᾶς
450 1125 464 1138 ο
489 1103 644 1171 οὗτος
669 1109 724 1162 δὲ
757 1109 945 1172 ἁπλῶς
991 1125 1120 1178 φησι
1161 1109 1287 1170 τοὺς
1315 1107 1584 1178 μαθητάς.
1624 1107 1782 1171 Τίνος
1804 1103 1898 1160 οὖν

211 1183 400 1239 ἕνεκεν
427 1186 516 1241 τὸν
546 1188 826 1242 Ματθαῖον
866 1189 927 1242 οὐ
963 1187 1264 1259 παρέλαϐε,
1305 1186 1544 1254 καίτοιγε
1576 1189 1700 1257 ἄρτι
1725 1203 1896 1256 προσ-

211 1264 471 1330 ελθόντα;
509 1268 606 1332 Εἰς
648 1268 869 1322 πλείονα
915 1268 1078 1320 αὐτὸν
1118 1265 1411 1336 ἐπιθυμίαν
1448 1264 1751 1335 ἐμδάλὶων,
1803 1265 1898 1316 καὶ

211 1344 301 1399 διὰ
323 1347 388 1400 τὸ
431 1348 784 1420 ἀτελέστερον
815 1349 894 1402 έτι
917 1346 1265 1401 διακεῖσθαι.
1297 1345 1395 1398 Διά
1422 1346 1534 1416 γὰρ
1566 1343 1725 1396 τοῦτο
1753 1343 1896 1397 ὲκεί-

209 1442 337 1488 νους
375 1429 536 1498 τιμᾷ,
565 1428 653 1482 ἶνα
681 1422 828 1481 οὗτοι
872 1429 989 1481 κατ’
1021 1428 1274 1490 ἐκείνους.
1300 1426 1586 1494 γένωνται.
1620 1425 1808 1495 Τούτῳ
1840 1423 1896 1478 δέ

212 1506 375 1576 ἢρκει
414 1507 552 1572 τέως
583 1509 652 1562 τὰ
676 1509 697 1540 ⁸
732 1508 875 1562 κατά
912 1508 1013 1578 τὴν
1063 1505 1464 1578 αἰμορῤοοῦσαν
1515 1506 1668 1572 ἰδεῖν,
1710 1505 1896 1558 καὶτὸ

211 1586 465 1660 τραπέζῃ
507 1588 830 1659 τιμηθῆναι,
886 1588 982 1640 καὶ
1031 1586 1325 1656 κοινωνίατ
1356 1585 1520 1639 ἀλῶν.
1576 1583 1894 1637 Ἀναστάντι

212 1664 270 1717 δὲ
293 1665 628 1734 ἠκολούθουν
661 1667 866 1728 πολλοὶ,
889 1667 965 1730 ὡς
988 1668 1081 1719 ἐπὶ
1107 1665 1345 1734 θαύματι
1389 1664 1630 1735 μεγάλῳ,
1671 1663 1766 1730 καὶ
1804 1663 1892 1717 διὰ

212 1743 272 1796 τὸ
307 1745 605 1816 πρόσωπον
645 1746 708 1798 τὸ
754 1746 1128 1816 παραγεγονὺς
1149 1786 1163 1806 ,
1198 1747 1292 1797 καὶ
1323 1745 1405 1797 ὅτι
1436 1746 1484 1797 οἱ
1534 1742 1750 1804 πλείους
1789 1759 1894 1794 πα-

213 1821 444 1893 χύτερον
492 1823 826 1894 διακείμενοι
880 1825 978 1894 οὐχ
1021 1823 1164 1878 οὕτω
1210 1823 1391 1893 ψυχῆς
1432 1821 1779 1892 ἐπιμέλειαν,
1816 1820 1893 1884 ὡς

215 1900 472 1971 σώματος
508 1905 750 1976 ἰατρείαν
781 1903 1007 1974 ἐζήτουν
1027 1921 1041 1934 ο
1090 1903 1187 1954 καὶ
1216 1902 1529 1970 συνέρρεον,
1573 1899 1623 1950 οἱ
1659 1899 1754 1968 μὲν
1787 1898 1894 1951 ὐπὸ

211 1980 318 2034 τῶν
349 1982 569 2036 οἰκείων
599 1983 994 2054 συνωθούμενοι
1028 1982 1238 2046 παθῶν,
1288 1983 1337 2034 οἱ
1369 1981 1426 2033 δέ
1459 1980 1560 2049 τῆς
1588 1978 1698 2032 τῶν
1737 1976 1894 2030 ἀλλο-

213 2061 381 2131 τρίων
421 2062 762 2132 διορθώσεως
811 2061 1136 2125 σπεύδοντες
1167 2061 1356 2114 θεαταὶ
1383 2059 1671 2126 γενέσθαι·
1717 2056 1894 2124 λόγων

211 2139 268 2193 δὲ
293 2141 484 2194 ἕνεκεν
511 2144 604 2195 καί
627 2142 972 2205 διδασκαλίας
1004 2144 1429 2212 προηγουμένως
1474 2137 1645 2205 ὀλίγοι
1688 2137 1737 2188 οἱ
1760 2134 1890 2205 παρ’

212 2219 416 2272 αύτὺν⁸
440 2221 732 2288 φοιτῶντες
756 2216 897 2291 ἦσαν
930 2220 1087 2284 τέως.
1116 2220 1188 2272 Οὐ
1222 2217 1328 2291 μὴν
1361 2219 1542 2270 εῖασεν
1580 2216 1779 2278 αὐτοὺς
1811 2214 1894 2276 εἰς

210 2298 309 2369 τὴν
351 2299 534 2353 οἰκίαν
577 2299 859 2362 εἰσελθεῖν,
910 2299 1048 2352 ἀλλά
1085 2300 1211 2362 τοὺς
1257 2298 1503 2367 μαθητὰς
1558 2294 1737 2365 μόνον,
1797 2292 1893 2346 καὶ

210 2381 330 2434 οὐδὲ
346 2380 573 2442 τούτους
601 2379 828 2441 πάντας.
854 2378 1131 2449 πανταχοῦ
1153 2377 1425 2431 παιδεύων
1445 2377 1592 2447 ἡμᾶς
1611 2375 1710 2445 τὴν
1742 2373 1893 2442 παρὰ

209 2461 319 2513 τῶν
347 2459 563 2513 πολλῶν
587 2459 1002 2532 διακρούεσθαι⁹
1034 2458 1211 2522 δόξαν.

279 2539 394 2594 Καὶ
413 2539 564 2601 ἰδοὺ,
598 2531 753 2610 φησί,
793 2538 948 2609 γυνὴ
974 2539 1045 2591 ὲν
1057 2539 1237 2605 ῥύσει
1264 2535 1514 2604 αἳματος
1535 2531 1766 2587 δώδεκα
1785 2532 1891 2602 ἐτη

211 2616 466 2685 ἔχουσα,
488 2618 838 2688 προσῆλθεν
861 2617 1132 2680 ὄπισθεν,
1161 2614 1261 2669 καὶ
1280 2614 1479 2682 ἥψατο
1499 2612 1607 2666 τοῦ
1630 2610 1893 2679 κρασπέ-

210 2695 320 2750 δου
359 2697 469 2752 τοῦ
497 2698 728 2768 ἱματίου
752 2696 958 2752 αὐτοῦ.
996 2697 1209 2765 Ἔλεγε
1238 2693 1345 2764 ¹Γὰρ
1380 2692 1450 2745 ἐν
1481 2688 1666 2759 ἑαυτῇ
1691 2707 1704 2720 ο
1751 2690 1893 2744 Ἐὰν

206 2777 401 2845 μόνον
422 2778 659 2846 ἅψωμαι
687 2777 794 2831 τοῦ
820 2775 1055 2844 ἱματίου
1082 2775 1124 2806 ¹⁰
1154 2771 1361 2836 αὐτοῦ,
1401 2771 1770 2838 σωθήσομαι.
1798 2768 1892 2846 Τί-

211 2872 298 2920 νος
325 2845 516 2910 ἕνεκεν
538 2845 598 2910 οὐ
627 2856 764 2928 μετά
788 2854 1106 2927 παρρησίας
1133 2851 1283 2921 αὐτῷ
1305 2848 1661 2928 ᾃπροσῆλθενς
1699 2845 1892 2928 ᾘσχύ-

210 2953 333 2990 νετο
403 2936 494 2990 διὰ
551 2926 1221 3006 τὸήπάθος,ίάκάθαρτος
1276 2926 1414 2984 εἶναι
1457 2929 1774 3006 νομίζουσα.
1824 2927 1890 2980 Εἰ

210 3016 319 3088 γὰρ
357 3017 394 3087 ἡ
430 3017 490 3068 ἐν
534 3016 894 3087 καταμηνίοις
941 3011 1077 3069 οὖσα
1101 3004 1208 3065 οὐκ
1239 3011 1412 3065 ἐδόκει
1445 3004 1586 3063 εἶναι
1635 3006 1885 3088 καθαρά,

210 3083 396 3165 πολλῷ
448 3083 714 3166 μᾶλλον
748 3083 1024 3166 τοιαύτην
1077 3090 1307 3146 νοσοῦσα
1351 3089 1506 3142 νόσον
1535 3090 1578 3119 ¹¹
1621 3086 1778 3166 τοῦτο
1822 3083 1889 3138 ἂν

210 3165 467 3245 ἐνόμισελ
501 3177 594 3229 καὶ
627 3165 737 3247 7&9
770 3175 939 3246 πολλὴ
980 3165 1140 3243 παρά
1190 3169 1268 3240 τῷ
1312 3171 1461 3241 νόμῳ
1507 3165 1816 3237 ἀκαθαρσία
1845 3166 1888 3247 ξ’

209 3243 496 3326 ἐνομίζετο
524 3252 664 3308 εἶναι
695 3243 756 3309 τὸ
801 3243 992 3318 πάθος.
1026 3252 1128 3306 Διά
1156 3250 1315 3305 τοῦτο
1339 3248 1588 3303 λανθάνει
1627 3248 1724 3299 καὶ
1757 3243 1890 3326 x96-

211 3325 430 3389 πτεται.
463 3335 687 3388 Οὐδέπω
732 3333 840 3405 7&9
863 3333 906 3366 “
936 3331 1057 3385 οὐδέ
1086 3329 1226 3400 αὐτὴ
1259 3329 1359 3399 τὴν
1387 3327 1769 3405 προσήκουσαν
1795 3325 1890 3405 καὶ

209 3415 634 3486 ἀπηρτισμένην
682 3403 819 3484 περῖ
863 3410 1029 3466 αὐτοῦ
1078 3410 1236 3477 δόξαν
1292 3405 1470 3486 εἶχεν·
1506 3405 1630 3457 ἐπεὶ⁴
1658 3403 1774 3486 ,οὐκ
1821 3403 1889 3486 ἀν

210 3479 435 3564 ἐνόμισε
464 3479 784 3547 λανθάνειν.
845 3491 955 3545 Καὶ
1005 3489 1197 3562 πρώτη
1239 3483 1601 3558 προσέρχεται
1653 3479 1890 3564 δημοσίᾳ

209 3563 354 3642 αὕτη
408 3574 443 3643 ἡ
473 3573 642 3643 γυνή’
684 3573 778 3625 καὶ
808 3571 916 3641 γὰρ
942 3571 1175 3640 ἤκουσεν
1206 3569 1289 3621 ὅτι
1317 3567 1410 3622 καὶ
1437 3565 1701 3633 γυναῖκας
1728 3563 1889 3632 θεραο

210 3653 392 3714 πεύει,
415 3654 511 3706 καὶ
536 3652 618 3704 ὅτι
648 3652 740 3704 ἐπὶ
762 3651 826 3704 τὸ
851 3650 1143 3720 θυγάτριον
1169 3648 1468 3718 ἀπέρχεται
1495 3644 1555 3698 τὸ
1576 3643 1890 3712 τετελευτη-

211 3734 328 3796 κός.
362 3734 478 3786 Καὶ
496 3733 578 3794 εἰς
593 3733 694 3799 τὴν
710 3730 887 3784 οἰκίαν
919 3729 1016 3798 μὲν
1042 3728 1204 3782 αὐτὸν
1224 3727 1452 3781 καλέσαι
1475 3725 1574 3778 οὐκ
1597 3723 1886 3792 ἐτόλμησε,

212 3814 463 3880 καίτοιγε
508 3811 738 3882 εὐπορος
789 3806 953 3865 οὖσα·
987 3809 1101 3862 ἀλλ’
1147 3806 1271 3860 οὐτε
1306 3805 1543 3876 δημοσίᾳ
1589 3801 1884 3874 προσῆλθε,

209 3893 390 3963 λάθρα
432 3892 491 3945 δὲ
525 3892 663 3963 μετὰ
693 3890 926 3952 πίστεως
974 3889 1079 3942 τῶν
1113 3887 1343 3963 ἱματίων
1382 3884 1586 3963 ἥψατο.
1613 3883 1749 3936 Οὐδέ
1781 3882 1890 3952 γὰρ

211 3961 564 4042 ἀμφέϐαλεν,
593 3969 714 4023 οὐδὲ
747 3964 901 4022 εἶπεν
933 3969 991 4021 ἐν
1017 3969 1182 4037 ἑαυτῇ
1201 3982 1216 3997 ⁶
1249 3961 1320 4018 *Α
1332 3982 1398 4036 ρα
1430 3962 1889 4042 ἀπαλλαγήσομαι

211 4039 319 4105 τοῦ
358 4051 697 4122 νοσήματος;
747 4043 859 4118 ἆρα
902 4046 1002 4100 οὐκ
1047 4039 1892 4122 ἀπαλλαγήσομαι-,ἀλλά-θαῤ-

214 4129 436 4200 ρήσασα
464 4117 592 4198 περὶ
621 4126 720 4196 τῆς
747 4117 958 4196 ὑγιείας
986 4123 1130 4177 οὕτω
1159 4121 1482 4194 προσῆλθεν.
1684 4120 1893 4200 Ἔλεγε

214 4199 346 4280 γὰρ,
371 4208 558 4279 φησὶν,
574 4207 645 4259 ἐν
663 4204 850 4274 ἑαυτῇ
867 4222 880 4234 ·
899 4205 1034 4258 Ἐὰν
1050 4204 1243 4280 μόνον
1265 4202 1502 4270 ἅψωμαι
1530 4199 1636 4280 τοῦ
1658 4199 1892 4280 ἱματίου

212 4278 814 4354 αὐτοῦ,σωθήσομαι.
870 4283 982 4336 Καὶ
1027 4280 1138 4353 γὰρ
1191 4279 1332 4335 εῖδεν
1382 4281 1447 4332 ἐκ
1481 4278 1641 4343 ποίας
1671 4278 1892 4350 ἐξῆλθεν

212 4367 413 4430 οἰκίας,
443 4365 544 4436 τῆς
586 4363 695 4418 τῶν
740 4361 1009 4429 τελωνῶν,
1038 4361 1134 4416 καὶ
1161 4362 1306 4425 τίνες
1334 4356 1474 4432 ἦσαν
1507 4360 1558 4413 οἰ
1596 4359 1854 4431 ἑπόμενοι
1873 4399 1888 4426 ,

214 4443 534 4517 ἁμαρτωλοὶ
550 4444 645 4498 καὶ
664 4441 924 4495 τελῶναι·
959 4441 1054 4495 καὶ
1075 4440 1246 4495 ταῦτα
1267 4440 1446 4493 πάντα
1469 4438 1724 4493 εὐέλπιδα
1737 4439 1782 4471 ⁸⁸
1801 4440 1894 4492 αὐ-

212 4528 311 4597 τὴν
333 4523 582 4594 ἐποίησε.
607 4520 672 4575 Τί
690 4517 782 4575 οῦν
800 4523 827 4574 6
845 4521 1078 4591 Χριστός
1097 4538 1112 4587 ;
1135 4520 1248 4573 Οὐκ
1264 4519 1474 4590 ἀφῆκεν
1492 4517 1660 4588 αὐτὴν
1685 4518 1890 4586 λαθεῖν,

213 4604 330 4659 ἀλλ’
357 4604 438 4665 εἰς
473 4601 636 4672 μέσον
658 4601 780 4669 ἄγει
803 4599 899 4652 καὶ
919 4599 1086 4670 δήλην
1110 4599 1422 4668 καθίστησι,
1451 4597 1661 4652 πολλῶν
1680 4597 1888 4654 ἕνεκεν.

214 4680 477 4749 Καίτοιγέ
525 4695 673 4742 τινες
719 4679 830 4732 τῶν
884 4677 1227 4749 ἀναισθήτων
1289 4675 1453 4745 φασὶ,
1504 4677 1662 4748 δόξης
1724 4677 1889 4731 αὐτὸν

215 4762 429 4833 ἐρῶντα
454 4758 612 4812 τοῦτο
647 4759 844 4812 ποιεῖν.
875 4757 1026 4833 ᾼιατί
1062 4757 1192 4828 7&9,
1219 4756 1403 4826 φησὶν,
1435 4756 1536 4809 οὐκ
1564 4757 1772 4827 ἀφῆκεν
1792 4757 1890 4810 αὐ-

213 4830 314 4912 τὴν
333 4837 549 4905 λαθεῖνς
570 4838 634 4890 Τί
653 4837 851 4906 λέγεις,
882 4830 926 4889 ὧ
945 4838 1105 4908 μιαρὲ
1133 4837 1228 4890 καὶ
1252 4837 1541 4907 παμμίαρε
1561 4854 1575 4901 ;
1603 4838 1631 4890 6
1653 4835 1890 4890 κελεύων

216 4921 401 4990 σιγᾷν,
430 4920 460 4970 6
493 4918 664 4988 μυρία
691 4917 1051 4988 παρατρέχων
1080 4915 1352 4988 θαύματα.
1394 4913 1546 4980 οὗτος
1565 4915 1728 4986 δόξης
1755 4917 1887 4985 ἐρᾷ;

215 5000 376 5061 Τίνος
418 4995 512 5052 οὖν
535 4998 720 5051 ἕνεκεν
749 5000 828 5060 εἰς
876 4996 1040 5066 μέσον
1090 4999 1248 5066 ἀγει;
1278 4999 1503 5070 Πρῶτον
1534 4997 1651 5050 λύει
1679 4997 1739 5049 τὸ
1771 4995 1891 5060 δέος

213 5078 315 5148 τῆς
361 5078 641 5146 γυναικὸς,
672 5076 760 5129 ἵνα
801 5076 875 5147 μὴ
922 5077 1026 5129 ὑπὸ
1052 5077 1148 5130 τοῦ
1183 5079 1483 5141 συνειδότος
1528 5076 1883 5146 κεντουμένη,

214 5157 468 5228 καθάπερ
512 5157 808 5226 κεκλοφυῖα
850 5157 948 5228 τὴν
979 5158 1205 5228 δωρεὰν,
1252 5159 1310 5211 ἐν
1359 5159 1567 5228 ἀγωνίᾳ
1616 5154 1888 5227 διατρίὸῃ.

215 5236 500 5306 Δεύτερον,
537 5237 709 5309 αὐτὴν
750 5236 1079 5306 διορθοῦται,
1118 5237 1305 5308 ἐπειδὴ
1338 5237 1555 5307 ἐνόμισε
1585 5235 1888 5290 λανθάνειν.

215 5316 434 5387 Τρίτον,
476 5317 608 5369 πᾶσι
647 5315 750 5384 τὴν
791 5315 972 5369 πίστιν
999 5317 1170 5389 αὐτῆς
1195 5316 1580 5383 ἐπιδείκνυται,
1623 5315 1765 5368 ὥστε
1796 5317 1891 5369 καὶ

213 5396 343 5459 τοὺς
370 5394 561 5458 ἄλλους
604 5394 880 5465 ζηλῶσαι·
933 5397 1030 5450 καὶ
1071 5395 1165 5449 τοῦ
1215 5397 1411 5468 στῆσαι
1439 5395 1540 5460 τὰς
1580 5397 1766 5466 πηγὰς
1795 5397 1888 5450 τοῦ

215 5475 451 5543 αἵματος
481 5476 583 5529 οὐκ
625 5474 844 5528 έλαττον
883 5477 1110 5546 σημεῖον
1137 5477 1458 5547 παρέχεται,
1503 5477 1568 5530 τὸ
1598 5477 1768 5544 δεῖξαι
1807 5479 1890 5532 ὅτι

286 5570 532 5646 μνελεῖε
565 5571 674 5646 τὰρ
699 5612 737 5646 ἶ-
761 5573 844 5646 ῥέει
1133 5572 1275 5646 ετά]
1314 5574 1375 5628 τὸ
1413 5574 1546 5628 Edd.

219 5709 356 5764 Edd.

293 5780 606 5858 εὔελπιν-Ρ.
637 5780 1098 5858 εὐελπίσειν-(εἰς)
1301 5787 1351 5858 7"
1382 5780 1887 5858 πεπονθέναιλύποε

2022 5807 2110 5844 σαι
2142 5789 2204 5845 F.

225 5851 411 5934 νει-ξε⁵
449 5892 453 5895 -
491 5853 533 5884 ³⁷
561 5851 1209 5934 παραλυτικῷ
1272 5857 1390 5934 ξωο
1422 5860 1596 5934 είπείν
1872 5861 1887 5891 ¹

2019 5861 2300 5934 τερωμένη
2323 5861 2466 5934 ᾼΕᾱό.
2489 5851 2559 5934 ἦν
2590 5876 2699 5918 om.

1297 357 1365 414 IN
1405 359 1822 418 MATTIIAEUM
1859 359 2096 418 IIOMIL.
2135 359 2330 416 XXXI.
2369 362 2440 416 al.
2481 356 2694 417 XXXII.

1645 5574 1669 5650 ξ
1699 5577 1983 5650 κοινωνίαν
2010 5579 2071 5633 F.
2105 5579 2435 5650 κοινωνῆσαι
2469 5581 2545 5650 Α.

217 5640 668 5717 [ἀποκρούεσθαι
701 5642 868 5717 Edd._
915 5644 965 5717 ‘°_
989 5640 1588 5717 _I9.a:c_£00]f::99073€600
1627 5643 1691 5698 F.
1719 5645 1949 5717 I_Mosq.

461 5713 502 5742 "
534 5712 868 5786 ἀκαθαρσία]
902 5711 1407 5786 αόᾱζτοιξτοἈίΟ.
1441 5714 1501 5769 Ε.
1543 5719 1695 5786 ἐνομ.
1725 5711 1864 5769 εἶναι

2019 5738 2066 5772 το
2096 5711 2177 5773 τὸ’
2203 5738 2262 5776 π.
2309 5719 2371 5774 D.

3568 363 3677 418 372

2010 479 2191 534 πάντα
2210 478 2515 532 ἐπίσταται.
2549 478 2799 540 Ἔπειτα,
2832 475 2921 528 τὸν
2944 476 3388 547 ἀρχισυνάγωγον
3416 477 3679 549 μέλλοντα

2006 557 2330 622 διαπιστεῖν,
2370 557 2660 626 καὶταύτῃ
2687 554 2750 608 τὸ
2782 555 2890 607 πᾶν
2916 554 3266 625 διαφθείρειν,
3299 557 3553 628 κατορθοῖ
3588 556 3676 610 διὰ

1999 637 2098 707 τῆς
2125 637 2402 705 γυναικός.
2440 636 2548 689 Καὶ
2576 636 2683 706 7&9
2711 635 2760 686 οί
2791 633 3034 695 ἐλθόντες
3060 634 3243 702 ἔλεγον
3266 649 3281 664 ο
3315 635 3411 703 Μὴ
3441 637 3678 690 σκύλλε

1999 715 2107 768 τὸν
2130 715 2528 777 Διδάσκαλον,
2558 714 2646 766 ὅτι
2687 713 2938 779 τέθνηκε
2971 713 3036 765 τὸ
3064 714 3382 782 κοράσιον·
3417 717 3511 768 καὶ
3538 715 3589 769 οἰ
3615 717 3678 768 ἐν

1998 798 2064 865 τῇ
2095 796 2243 867 οἰκίᾳ
2282 795 2590 861 κατεγέλων
2631 791 2794 847 αὐτοῦ
2828 792 3091 858 εἰπόντος,
3123 795 3204 847 ὅτι
3238 795 3542 849 Καθεύδει·
3581 795 3679 850 καὶ

1998 873 2142 937 εἰκὸς
2170 870 2238 944 ἦν
2273 873 2364 926 καὶ
2390 873 2480 925 τὸν
2511 872 2719 943 πατέρα
2749 871 2984 924 τοιοῦτόν
3013 889 3064 925 τι
3099 873 3429 928 πεπονθέναι
3462 875 3530 930 ¹⁸.
3577 876 3579 878 ’

2069 952 2133 1022 β’.
2176 951 2273 1005 Διά
2307 951 2463 1005 τοῦτο
2490 950 2974 1023 προδιορθούμενος
3001 950 3208 1022 ταύτην
3239 953 3338 1022 τὴν
3363 953 3674 1009 ἀσθένειαν.

1935 1034 1955 1055 ”
1996 1031 2121 1098 ἄγει
2153 1031 2216 1083 τὸ
2259 1030 2477 1098 γύναιον
2527 1032 2606 1094 εἰς
2660 1029 2842 1099 μέσον.
2877 1029 2999 1084 Ὀτι
3029 1031 3139 1103 γὰρ
3172 1031 3278 1084 τῶν
3313 1032 3522 1104 σφόδρα
3564 1051 3675 1087 πα-

1995 1112 2240 1180 χυτέρων
2279 1105 2346 1178 ἦν
2375 1110 2600 1172 ἐκεῖνος,
2637 1109 2866 1162 ἄκουσον
2898 1110 2951 1162 τί
2983 1127 3114 1179 φησι
3147 1110 3283 1180 πρὸς
3325 1111 3486 1164 αὐτόν
3509 1129 3522 1140 ·
3573 1110 3674 1180 Μὴ

1995 1188 2206 1256 φοϐοῦ,
2243 1187 2324 1240 σὺ
2355 1190 2550 1257 μόνον
2593 1189 2864 1252 πίστευε,
2896 1187 2992 1242 καὶ
3022 1187 3378 1253 σωθήσεται.
3417 1190 3528 1242 Καὶ
3565 1188 3674 1260 γὰρ

1994 1268 2084 1320 τὸν
2114 1267 2340 1320 θάνατον
2386 1266 2636 1336 επίτηδες
2661 1267 2851 1336 ἔμενεν
2885 1267 3152 1330 ἐπελθεῖν,
3196 1269 3288 1321 καὶ
3333 1269 3455 1322 τότε
3495 1285 3677 1338 παρα-

1993 1345 2270 1413 γενέσθαι,
2294 1344 2436 1398 ῶστε
2468 1345 2612 1414 σαφῆ
2643 1345 2896 1414 γενέσθαι
2923 1346 3024 1415 τῆς
3043 1347 3394 1410 ἀναστάσεως
3417 1346 3514 1418 τὴν
3537 1347 3675 1401 ἀπό-

1992 1425 2175 1490 δειξιν.
2218 1426 2317 1478 Διά
2347 1426 2506 1478 τοῦτο
2543 1427 2636 1479 καὶ
2670 1426 3045 1498 σχολαιότερον
3094 1426 3336 1496 βαδίζει,
3365 1425 3462 1479 καὶ
3493 1424 3674 1479 διαλέ-

1992 1519 2149 1571 γεται
2191 1506 2258 1576 τῇ
2291 1503 2512 1572 γυναικὶ
2552 1503 2805 1568 πλείονα,
2859 1504 2948 1558 ἶνα
2990 1507 3322 1576 συγχωρήσῃ
3354 1503 3675 1576 τελευτῆσαι

1991 1581 2228 1651 ἐκείνην,
2261 1584 2354 1635 καὶ
2404 1581 2810 1651 παραγενέσθαι
2847 1583 2975 1646 τοὺς
3013 1584 3188 1636 ταῦτα
3230 1583 3676 1651 ἀπαγγέλλοντας

1991 1660 2086 1712 καὶ
2134 1660 2423 1728 λέγοντας·
2475 1660 2571 1726 Μὴ
2622 1662 2860 1714 σκύλλε
2897 1661 3004 1716 τὸν
3049 1661 3451 1717 Διδάσκαλον.
3501 1661 3676 1716 Τοῦτο

1991 1738 2120 1804 γοῦν
2160 1741 2252 1792 καὶ
2284 1741 2312 1792 6
2345 1739 2738 1810 εὐαγγελιστὴς
2770 1740 2813 1771 ⁸⁸
2846 1740 3215 1811 αἰνιττόμενος
3254 1741 3673 1812 ἐπισημαίνεται

1992 1817 2185 1886 λέγων,
2215 1821 2298 1872 ὅτι
2333 1820 2462 1873 Ἔτι
2494 1819 2832 1886 λαλοῦντος
2871 1820 3080 1882 αὐτοῦ,
3117 1816 3310 1890 ἦλθον
3334 1825 3389 1875 οἱ
3417 1822 3536 1876 ἀπὸ
3563 1819 3677 1889 τῆς

1991 1899 2184 1964 οἰκίας
2198 1900 2500 1968 λέγοντες·
2525 1899 2818 1965 Τέθνηκεν
2833 1900 2872 1968 ἡ
2897 1898 3159 1969 θυγάτηρ
3177 1915 3317 1964 σου,
3334 1899 3421 1968 μὴ
3436 1901 3675 1954 σκύλλε

1993 1976 2101 2031 τὸν
2122 1977 2521 2032 Διδάσκαλον.
2563 1977 2846 2031 Ἐϐούλετο
2868 1978 2976 2048 γὰρ
3002 1978 3356 2049 πιστευθῆναι
3381 1979 3474 2033 τὸν
3506 1979 3673 2035 θάνα-

1992 2075 2104 2122 τον,
2149 2057 2235 2109 ἵνα
2279 2055 2354 2126 μὴ
2407 2057 2720 2129 ὐποπτευθῇ
2770 2058 2804 2128 ή
2853 2057 3168 2122 ἀνάστασις.
3207 2057 3318 2112 Καὶ
3347 2057 3506 2112 τοῦτο
3537 2076 3676 2113 παν-

1991 2135 2160 2207 ταχοῦ
2189 2139 2350 2192 ποιεῖ.
2402 2137 2556 2191 Οὕτω
2599 2139 2692 2190 καὶ
2722 2137 2816 2190 ἐπὶ
2849 2137 2941 2190 τοῦ
2978 2137 3253 2207 Λαζάρου,
3288 2137 3383 2192 καὶ
3410 2136 3540 2207 μίαν
3577 2137 3673 2190 καὶ⁹

1990 2215 2250 2286 δευτέραν
2273 2215 2366 2269 καὶ
2389 2215 2579 2288 τρίτην
2604 2217 2816 2288 ἡμέραν
2845 2214 3047 2287 ἔμεινε.
3085 2216 3186 2268 Διά
3212 2217 3276 2288 δὴ
3297 2216 3471 2271 ταῦτα
3493 2217 3674 2272 πάντα

1993 2293 2116 2362 ἄγει
2173 2294 2339 2365 αὐτὴν
2389 2297 2470 2359 εἰς
2522 2295 2706 2365 μέσον,
2757 2295 2850 2350 καί
2899 2313 3058 2366 φησι·
3095 2294 3333 2362 Θάρσει,
3380 2297 3671 2365 θύγατερ*

1992 2373 2179 2443 ὥσπερ
2226 2376 2320 2427 καὶ
2368 2374 2445 2445 τῷ
2503 2375 2795 2446 παραλύτῳ
2821 2375 2865 2406 ¹⁷
2908 2374 3059 2444 ἐλεγε
3082 2390 3096 2403 °
3141 2373 3388 2443 Θάρσει,
3435 2374 3672 2430 τέκνον.

1994 2451 2099 2505 Καὶ
2126 2452 2234 2524 γὰρ
2264 2454 2518 2523 περιδεὴς
2549 2449 2620 2525 ἦν
2649 2457 2682 2525 ή
2718 2455 2894 2525 γυνή’
2928 2453 3018 2507 διὰ
3047 2453 3206 2506 τοῦτό
3237 2469 3393 2524 φησι,
3430 2452 3672 2521 Θάρσει,

1994 2534 2087 2586 καὶ
2135 2533 2411 2600 θυγατέρα
2453 2534 2642 2586 καλεῖο
2694 2535 2727 2604 ή
2778 2533 2885 2603 γὰρ
2941 2533 3122 2594 πίστις
3181 2533 3352 2603 αὐτὴν
3397 2532 3673 2604 θυγατέρα

1992 2611 2268 2682 ἐποίησεν.
2319 2609 2454 2667 Εἶτα
2507 2614 2602 2666 καὶ
2628 2613 2689 2665 τὸ
2729 2611 3006 2682 ἐγκώμιον
3033 2628 3047 2643 ο
3095 2613 3157 2667 Ἡ
3182 2613 3387 2678 πίστις
3419 2627 3536 2666 σου
3571 2611 3676 2666 σέ-

1991 2689 2151 2745 σωκέ
2179 2705 2274 2744 σε.
2317 2690 2376 2745 Ὀ
2406 2691 2463 2745 δέ
2491 2692 2708 2756 Λουκᾶς
2740 2691 2836 2745 καὶ
2861 2691 3084 2744 πλείονα
3112 2691 3319 2745 τούτων
3352 2691 3482 2761 ἡμῖν
3509 2690 3675 2762 ἔτερα

1992 2769 2328 2840 ἀπαγγέλλει
2352 2771 2481 2839 περὶ
2505 2771 2604 2840 τῆς
2638 2770 2915 2840 γυναικός.
2961 2769 3179 2841 Ἐπειδὴ
3211 2770 3320 2841 7&9
3362 2768 3672 2841 προσῆλθε,

1994 2851 2147 2920 φησὶ,
2198 2849 2295 2902 καὶ
2347 2850 2448 2919 τὴν
2491 2849 2704 2917 ὑγίειαν
2757 2849 2969 2916 ἔλαϐεν,
3011 2851 3114 2902 οὐκ
3156 2849 3364 2912 εὐθέως
3411 2847 3676 2904 ἐκάλεσεν

1992 2928 2162 2999 αὐτὴν
2188 2928 2217 2980 6
2246 2928 2503 3000 Χριστὸς,
2535 2929 2669 2982 ἀλλά
2698 2928 2963 3000 πρότερόν
2999 2944 3163 2999 φησι·
3194 2926 3346 3001 [559]
3387 2929 3482 2994 Τίς
3502 2929 3676 2985 ἐστιν

1995 3013 2028 3064 ὁ
2056 3007 2364 3077 ἁψάμενός
2391 3025 2549 3075 μους
2574 3005 2707 3062 Εἶτα
2729 3008 2825 3062 τοῦ
2859 3009 3069 3080 Πέτρου
3095 3007 3193 3061 καὶ
3222 3008 3332 3060 τῶν
3360 3011 3476 3078 μετ’
3504 3006 3674 3063 αὐτοῦ

1996 3087 2295 3154 λεγόντωνο
2339 3086 2695 3153 Ἐπιστάτα,
2741 3090 2795 3141 οὶ
2843 3087 3017 3155 ὄχλοι
3061 3087 3402 3157 συνέχουσι
3452 3101 3529 3140 σε
3573 3085 3676 3142 καί

1995 3167 2414 3230 ἁποθλίϐουσι,
2463 3167 2561 3220 καὶ
2599 3167 2819 3238 λέγεις,
2857 3166 2953 3232 Τίς
2983 3171 3019 3222 ὁ
3064 3167 3376 3237 ἁψάμενός
3413 3182 3565 3236 μου;
3603 3165 3674 3230 (6

2000 3245 2255 3316 μέγιστον
2296 3241 2366 3315 ἦν
2404 3249 2628 3317 σημεῖον
2657 3246 2753 3300 τοῦ
2784 3247 2878 3301 καὶ
2912 3248 3090 3320 σάρκα
3127 3247 3291 3301 αὐτὸν
3312 3246 3485 3318 ἀληθῆ
3513 3265 3672 3318 περι-

1998 3325 2244 3389 κεῖσθαι,
2279 3325 2376 3380 καὶ⁵
2406 3327 2588 3380 πάντα
2629 3328 2799 3396 τύφον
2828 3330 3194 3382 καταπατεῖν·
3227 3327 3350 3382 οὐδέ
3385 3327 3494 3400 7&9
3535 3327 3675 3399 πάρ-

1998 3406 2171 3475 mea;
2197 3406 2414 3460 εῖποντο
2434 3444 2451 3470 ,
2488 3405 2626 3460 ἀλλά
2649 3408 2894 3477 συνεῖχον
2935 3406 3098 3462 αὐτὸν
3137 3406 3404 3463 πάντοθεν
3423 3406 3471 3477 ο)
3511 3405 3675 3471 αὐτὸς

1994 3487 2052 3540 δὲ
2076 3487 2330 3559 ἐπέμενε,
2355 3487 2512 3560 φησί,
2538 3485 2736 3557 λέγων,
2757 3488 2840 3542 ὃτι
2876 3488 3106 3557 Ἥψατό
3139 3488 3260 3558 μού
3287 3503 3399 3554 τιςο
3425 3485 3542 3556 ἐγὼ
3563 3485 3675 3554 γὰρ

1994 3565 2189 3637 ἔγνων
2219 3567 2478 3636 δύναμιν
2509 3565 2579 3631 ἐξ
2619 3565 2765 3636 ἐμοῦ
2793 3565 3174 3632 ἐξελθοῦσαν
3191 3582 3205 3596 ·
3238 3565 3376 3641 πρὸς
3409 3565 3508 3636 τὴν
3540 3564 3677 3618 ὑπό-

1995 3662 2145 3700 νοιαν
2172 3645 2283 3700 τῶν
2327 3646 2630 3701 ἀκουόντων
2657 3644 2964 3719 παχύτερον
3011 3646 3460 3718 ἀποκρινόμενος.
3485 3641 3675 3700 Ταῦτα

1995 3726 2072 3779 δὲ’
2087 3725 2294 3793 ἔλεγεν.
2320 3725 2409 3778 ἵνα
2431 3725 2526 3780 καὶ
2551 3725 2764 3795 ἐκείνην
2784 3726 2877 3794 ἀφ’
2905 3727 3104 3796 ἑαυτῆς
3131 3725 3465 3796 ὁμολογῆσαι
3485 3724 3673 3798 πείσῃ.

1996 3803 2096 3856 Διά
2136 3803 2244 3874 γὰρ
2282 3803 2440 3858 τοῦτο
2471 3804 2592 3857 οὐδέ
2635 3803 2838 3869 εὐθέως
2879 3804 3050 3876 αὐτὴν
3081 3805 3328 3876 ήλεγξεν,
3364 3806 3452 3859 ἴνα
3495 3803 3676 3871 δείξας

1996 3881 2078 3936 ὅτι
2109 3884 2286 3937 πάντα
2317 3877 2426 3936 οἵδε
2480 3881 2696 3951 σαφῶς,
2741 3881 3047 3953 αὐτόματον
3104 3884 3268 3957 πείσῃ
3319 3885 3499 3939 πάντα
3533 3882 3676 3949 ἐξει-

1997 3963 2118 4014 πεῖν
2146 3961 2284 4028 ¹¹¹⁶²⁰,
2320 3961 2414 4016 καὶ
2440 3960 2610 4032 αὐτὴν
2635 3959 2976 4034 ἀνακηρῦξαι
3009 3961 3070 4016 τὺ
3094 3963 3461 4034 γεγενημένον
3493 3979 3673 4035 παρα-

1997 4050 2242 4122 σκευάσῃ
2261 4092 2276 4115 ,
2309 4051 2399 4102 καὶ
2431 4048 2506 4121 μὴ
2528 4049 2702 4117 λέγων
2729 4047 2968 4115 Ξποπτος
2992 4045 3131 4104 εῖναι
3160 4050 3307 4123 δόξῃ.

2068 4127 2221 4192 Εἶδες
2258 4127 2353 4182 τοῦ
2387 4127 2840 4198 ἀρχισυναγώγου
2888 4127 3130 4198 βελτίονα
3156 4127 3254 4201 τὴν
3282 4129 3551 4198 γυναῖκα;
3595 4128 3673 4183 Οὐ

1997 4209 2281 4279 κατέσχεν,
2327 4208 2427 4262 οὐκ
2471 4208 2806 4280 ἐκράτησεν·
2835 4207 2951 4262 ἀλλ’
2997 4209 3189 4282 ἄκροις
3234 4210 3350 4274 τοῖς
3389 4208 3676 4274 δακτύλοις

1996 4289 2174 4360 ἥψατο
2213 4289 2394 4360 μόνον,
2439 4288 2536 4341 καὶ
2582 4286 2786 4358 ὑστέρα
2817 4286 3079 4353 ἐλθοῦσα,
3118 4287 3360 4358 προτέρα
3405 4289 3677 4361 θεραπευ-

1993 4367 2148 4422 θεῖσα
2174 4367 2401 4438 ἀπῆλθε.
2430 4367 2541 4421 Καὶ
2573 4367 2779 4430 ἐκεῖνος
2809 4366 2908 4436 μὲν
2945 4365 3066 4419 ὅλον
3095 4367 3189 4420 τὸν
3220 4367 3402 4439 ἰατρὸν
3429 4363 3566 4440 ἦγεν
3593 4367 3677 4431 εἰς

1991 4448 2088 4520 τὴν
2112 4447 2287 4500 οἰκίαν
2307 4460 2320 4474 ⁸
2346 4447 2520 4519 ταύτῃ
2538 4446 2597 4500 δὲ
2621 4445 2826 4518 ἢρκεσε
2857 4445 2953 4500 καὶ
2979 4447 3092 4519 ἁφὴ
3131 4448 3312 4519 μόνον.
3349 4448 3415 4502 Εἰ
3441 4448 3553 4519 7&9
3577 4447 3677 4502 καὶ

1991 4528 2069 4598 τῷ
2094 4528 2255 4580 πάθει
2282 4522 2351 4597 ἦν
2376 4524 2907 4597 συνδεδεμένη,ἀλλά
2943 4530 3010 4599 τῇ
3050 4529 3232 4583 πίστει
3256 4524 3327 4598 ἦν
3365 4530 3676 4600 ἀνεπτερω-

1995 4607 2131 4678 μένη
2149 4606 2216 4660 ²¹.
2257 4605 2457 4659 Σκόπει
2485 4604 2542 4658 δὲ
2570 4603 2689 4668 πῶς
2723 4603 2894 4674 αὐτὴν
2924 4607 3333 4678 παραμυθεῖται
3363 4607 3566 4678 λέγων·
3612 4606 3677 4664 Ἡ

1991 4686 2199 4751 πίστις
2236 4699 2354 4738 σου
2384 4681 2621 4738 σέσωκέ
2653 4697 2750 4740 σε.
2784 4682 3038 4754 Καίτοιγε
3071 4687 3122 4739 εἰ
3154 4687 3466 4752 ἐπιδείξεως
3489 4687 3675 4741 ἕνεκεν

1996 4763 2166 4834 αὐτὴν
2198 4763 2445 4817 εἵλκυσεν
2475 4763 2557 4826 είς
2585 4762 2649 4816 τὺ
2673 4762 2858 4832 μέσον,
2886 4764 2988 4818 οὐκ
3015 4765 3082 4820 ἂν
3107 4766 3268 4820 τοῦτο
3295 4766 3671 4839 προσέθηκενο

1995 4843 2111 4896 ἀλλ’
2157 4841 2292 4912 ὁμοῦ
2323 4843 2368 4873 ³³
2405 4841 2498 4894 τὸν
2543 4840 2993 4912 ἀρχισυνάγωγον
3039 4845 3311 4900 παιδεύων
3361 4843 3671 4909 πιστεῦσαι,

1995 4922 2169 4976 ταῦτά
2201 4937 2355 4992 φησι,
2395 4920 2491 4974 καὶ
2533 4920 2634 4992 τὴν
2679 4923 2915 4988 γυναῖκα
2959 4923 3373 4996 ἀνακηρύττων.
3423 4923 3521 4979 καὶ
3569 4923 3674 4978 οὐκ

1998 5003 2203 5056 ἐλάττω
2226 5001 2328 5070 τῆς
2353 5000 2448 5053 τοῦ
2474 4997 2731 5071 σώματος
2754 5001 2962 5069 ὑγιείας
2990 5002 3080 5057 διὰ
3107 5003 3216 5058 τῶν
3243 5005 3508 5076 ῥημάτων
3544 5002 3674 5057 τούο

1993 5101 2103 5138 των
2133 5081 2390 5152 παρέχων
2421 5082 2561 5151 αὐτῇ
2591 5079 2692 5152 τὴν
2723 5081 2918 5154 ἡδονὴν
2963 5085 3058 5137 καὶ
3088 5085 3187 5156 τὴν
3219 5083 3512 5156 ὠφέλειαν.
3548 5085 3671 5140 Ὀτι

1991 5164 2102 5234 γὰρ
2120 5161 2336 5232 ἐκείνην
2354 5160 2572 5226 δοξάσαι
2590 5160 2908 5233 βουλόμενος
2931 5164 3103 5218 ταῦτα
3124 5164 3320 5228 ἐποίει,
3339 5166 3434 5219 καὶ
3451 5165 3672 5237 ἐτέρους

1995 5239 2324 5313 διορθῶσαι,
2372 5241 2486 5294 ἀλλ’
2530 5241 2629 5310 οὐχ
2661 5241 2851 5295 ἐαυτὸν
2894 5243 3170 5314 ἀποφῆναι
3202 5244 3485 5315 λαμπρὸν,
3512 5243 3672 5315 δῆλον

1991 5319 2262 5375 ἐντεῦθεν.
2296 5321 2470 5385 Αὐτὸς
2502 5320 2602 5392 μὲν
2640 5321 2751 5392 γὰρ
2774 5321 2974 5393 ὁμοίως
3018 5324 3244 5394 ἔμελλεν
3272 5319 3412 5378 εἶναι
3456 5325 3670 5396 θαυμα-

1995 5401 2119 5467 στὸς
2144 5402 2240 5455 καὶ
2265 5402 2460 5456 τούτου
2497 5403 2665 5474 χωρὶς
2705 5404 2723 5473 (
2747 5402 2888 5474 ὑπὲρ
2925 5403 3034 5474 γὰρ
3061 5406 3162 5468 τὰς
3190 5404 3417 5474 νιφάδας
3442 5405 3606 5459 αὐτὸν
3620 5405 3669 5437 ⁸³

1993 5483 2276 5556 περιέρρει
2304 5481 2374 5537 τὰ
2400 5481 2672 5554 θαύματα,
2705 5485 2799 5538 καὶ
2824 5483 3003 5555 πολλῷ
3032 5484 3222 5538 τούτου
3250 5485 3296 5517 ²δ
3325 5484 3547 5556 μείζονα
3573 5485 3668 5540 καὶ

2757 5579 2780 5612 ⁸
2811 5580 3004 5662 αὐτῶν.
3109 5653 3122 5662 _
3140 5582 3190 5634 οί
3224 5580 3355 5662 περί
3383 5580 3665 5662 αὐτὸνηιῗ.

2061 5652 2100 5681 ⁸⁸
2134 5652 2177 5721 νή
2212 5668 2262 5705 τ.
2292 5649 2341 5721 ν..
2371 5649 2547 5721 νόσον]
2581 5649 2681 5721 δίο
2695 5649 2792 5720 Ep.
2825 5661 2880 5706 et
2904 5651 3063 5721 codd.
3098 5653 3132 5720 ἡ
3173 5649 3398 5706 τοιαῦτα
3436 5649 3668 5721 νοσοῦσα

2478 5719 2787 5802 ηΟὐδέπωῖ
2821 5720 2952 5802 7&9]
2979 5719 3192 5802 ;Λλλως
3246 5720 3555 5802 τεηούδέπω
3599 5719 3662 5775 Ε.

2303 5790 2346 5822 ³⁸
2375 5790 2788 5862 εὐαγγελιστὴς]
2837 5790 2949 5845 8ἰεί
2979 5790 3114 5847 Edd.
3157 5792 3372 5855 Λουκᾶς
3417 5791 3577 5846 codd.
3610 5802 3668 5846 et

2323 5861 2466 5934 AEdd.
2491 5859 2559 5934 ἦν
2590 5876 2699 5918 0m.
2742 5862 2813 5934 Ε.
2902 5862 3127 5934 νομοῦ]
3159 5863 3284 5934 ειιίιίζ
3317 5863 3411 5916 καὶ
3527 5860 3666 5934 ἀλλὰ

221 5921 498 6005 παιδεύων
526 5923 619 5978 τὸν
650 5921 750 6005 ἀρε
800 5921 917 6005 π.ιῴ
1119 5926 1520 6005 peindejerha
1568 5930 1662 6005 καῖ
1706 5930 1887 6005 τὴν-γι

2019 5948 2069 5983 ια
2085 5921 2481 6005 ᾗνᾶικηρύττέυν
2505 5921 2809 6005 ἐθευηιγίη-
2831 5921 3214 6005 οοιίιίδρτὲιει·
3246 5932 3310 5988 Ε.
3343 5930 3664 6005 1103;103:882

222 5993 438 6047 videtur
467 5993 626 6050 Arm.
698 5993 751 6026 ί²³
790 5994 975 6062 αὐτὸν]
1006 5995 1186 6048 αὐτῶν
1213 6012 1296 6064 pr.
1332 5996 1395 6053 B.
1431 5993 1863 6066 περιέρῤειὶὲἰό

2019 6009 2065 6056 ει
2083 5993 2470 6066 Bodl."2943.]
2504 6001 2677 6065 Vulgo
2711 6003 2956 6075 ὑπέρρει.
3020 5993 3080 6037 ’²⁴
3110 6003 3315 6059 τούτων
3352 6002 3490 6060 Edd.

604 6084 875 6146 ΡΑτιιοι.
922 6087 1040 6150 Gn.
1088 6085 1278 6149 LVII.

3103 6086 3179 6150 19
