4038 6364
436 328 557 406 ³375

451 464 744 536 εἰργάσατο
788 461 884 518 καὶ
927 462 1176 536 ποιήσειν
1226 463 1519 535 menm-
1571 466 1605 535 ή
1637 463 1694 517 δέ
1744 465 1899 537 γυνὴ,
1941 465 1990 518 εί
2047 465 2122 535 μὴ

386 574 391 581 ·
449 548 621 600 τοῦτο’
639 547 852 617 γέγονε,
884 546 1124 601 λαθοῦσα
1147 547 1213 601 ἂν
1244 548 1475 616 ἀπῆλθε,
1497 547 1606 602 τῶν
1640 547 1892 619 μεγάλων
1919 547 2122 602 τούτων

449 631 869 702 ἀπεστερημένη
897 630 1154 684 ἐπαίνων.
1184 630 1284 684 Διά
1303 630 1461 684 τοῦτο
1493 630 1667 702 αὐτὴν
1685 631 1766 691 εἰς
1794 630 1958 700 μέσον
1987 632 2124 699 ἀγα-

449 714 564 782 γὼν
591 714 917 786 ἀνεκήρυξε,
936 714 1031 768 καὶ
1052 714 1114 767 τὸ
1136 714 1255 779 δέος
1284 712 1506 780 ἐξέϐαλε
1541 713 1672 787 (καὶ
1695 713 1803 784 γὰρ
1821 714 2120 785 τρέμουσα,

450 798 612 870 φησὶ,
639 797 976 870 προσῆλθε),
1009 799 1103 853 καὶ
1132 798 1355 870 θαρρεῖν
1385 798 1555 867 αὐτὴν
1578 797 1961 869 παρεσκεύασε
1980 838 1997 861 ,
2026 799 2123 852 καὶ

452 878 595 951 μετά
620 879 721 951 τῆς
753 879 965 949 ὑγιείας
999 879 1094 932 τοῦ
1127 878 1377 950 σώματος
1418 880 1513 934 καὶ
1537 879 1699 951 ἕτερα
1725 878 1860 951 αὐτῇ
1891 880 2122 935 δέδωκεν

450 963 662 1032 ἐφόδια,
707 961 897 1027 εἰπὼν,
952 962 1219 1033 Πορεύου
1267 963 1338 1016 ἐν
1375 961 1604 1032 εἰρήνῃ.

524 1044 755 1100 Ἐλθὼν
778 1045 847 1098 δὲ
873 1047 960 1112 εἰς
983 1045 1100 1114 τὴν
1127 1045 1323 1099 οἰκίαν
1359 1044 1466 1100 τοῦ
1503 1044 1795 1114 ἄρχοντος
1813 1083 1829 1108 ,
1858 1043 1955 1097 καὶ
1981 1042 2123 1096 ἰδὼν

450 1129 596 1196 τοὺς
622 1129 908 1196 αὐλητὰς,
933 1129 1034 1183 καὶ
1057 1129 1163 1183 τὸν
1188 1129 1377 1196 ὄχλον
1403 1128 1862 1197 θορυϐούμενον,
1888 1128 2119 1197 ἐλεγενο

465 1212 863 1283 Ἀποχωρεῖτε·
900 1216 974 1268 οὐ
999 1215 1110 1283 γὰρ
1135 1212 1399 1267 ἀπέθανε
1422 1210 1488 1264 τὸ
1509 1210 1818 1278 κοράσιον,
1848 1211 2010 1265 ἀλλὰ
2025 1226 2124 1263 κα-

452 1295 667 1352 θεύδει.
699 1297 1162 1367 Καὶκατεγέλων
1187 1295 1375 1349 αὐτοῦ
1393 1294 1458 1348 ³⁸.
1480 1293 1638 1348 Καλά
1655 1310 1720 1361 γε
1736 1293 1846 1346 τῶν
1873 1295 2126 1364 ἀρχισυν-

453 1375 684 1445 αγώγων
706 1378 775 1432 τά
798 1381 1092 1450 τεκμήρια,
1111 1380 1169 1431 ἐν
1182 1375 1260 1446 τῷ
1273 1378 1319 1409 ³⁸
1330 1376 1622 1430 ἀποθανεῖν
1638 1375 1790 1428 αὐλοὶ
1805 1376 1901 1429 καὶ
1916 1375 1982 1428 κύ
1990 1375 2126 1447 μϐα-

453 1456 520 1510 λα
542 1459 736 1530 θρῆνον
763 1462 1090 1533 ἐγείροντες.
1116 1460 1181 1512 Τί
1202 1456 1340 1514 οὖνὸ
1356 1458 1610 1529 Χριστός
1641 1458 1780 1522 Τοὺς
1805 1459 1903 1530 μὲν
1929 1458 2124 1522 ἀλλους

451 1540 699 1608 ἅπαντας
716 1544 957 1608 ἐξέϐαλε,
978 1544 1103 1606 τοὺς
1125 1542 1182 1596 δέ
1209 1541 1605 1611 γεγεννηκότας
1629 1542 1942 1612 εισήγαγεν,
1981 1541 2122 1595 ὥστε

455 1624 529 1696 μὴ
551 1627 872 1695 ἐγγενέσθαι
902 1630 1096 1687 εἰπεῖν.
1125 1628 1208 1680 ὅτι
1231 1626 1404 1687 ἄλλως
1429 1626 1472 1657 ³⁷
1501 1624 1868 1697 ἐθεράπευσε·
1901 1625 1996 1678 καὶ
2016 1629 2123 1697 πρὸ

449 1710 549 1779 τῆς
574 1712 921 1776 ἀναστάσεως
944 1711 1001 1765 δὲ
1022 1711 1227 1780 ἐγείρει
1245 1708 1324 1779 τῷ
1351 1708 1516 1779 λόγῳ,
1533 1708 1705 1776 λέγων
1724 1724 1739 1737 ·
1766 1709 1849 1762 Οὐ
1872 1707 2123 1775 τέθνηκε

448 1792 517 1844 τὸ
548 1793 856 1861 κοράσιον,
894 1793 1057 1848 άλλά
1087 1792 1384 1847 καθεύδει.
1424 1792 1535 1846 Kal
1564 1791 1833 1863 πολλαχοῦ
1867 1793 1924 1846 δὲ
1966 1792 2123 1846 τοῦτο

450 1877 611 1928 ποιεῖ.
641 1875 852 1949 Ὠσπερ
881 1874 972 1931 οὖν
1000 1877 1045 1908 ⁸⁸
1072 1878 1167 1930 καὶ
1193 1876 1288 1929 ἐπὶ
1331 1877 1431 1945 τῆς
1456 1874 1724 1945 θαλάττης
1757 1876 1986 1946 ἐπιτιμᾷ
2011 1877 2122 1939 τοῖς

452 1957 718 2028 μαθηταῖς
752 1959 961 2030 πρῶτον
980 1976 994 1989 °
1019 1958 1161 2013 οὕτω
1186 1958 1251 2020 δὴ
1279 1958 1373 2012 καὶ
1402 1958 1635 2011 ἐνταῦθα
1658 1957 1748 2011 τὸν
1772 1956 1998 2027 θόρυϐον
2026 1959 2121 2012 ἐκ·

448 2038 633 2093 ϐάλλει
657 2041 756 2111 τῆς
783 2042 1022 2106 διανοίας
1050 2040 1159 2095 τῶν
1201 2040 1487 2112 παρόντων
1513 2078 1529 2104 ,
1562 2037 1698 2110 ὁμοῦ
1723 2039 1819 2093 καὶ
1839 2040 1886 2072 ¹⁹
1911 2038 2125 2103 δεικνὺς

448 2122 528 2175 ὅτι
564 2121 785 2177 εὔκολον
824 2125 973 2195 αὐτῷ
1021 2125 1150 2186 τοὺς
1189 2122 1521 2193 τεθνηκότας
1568 2123 1780 2194 ἐγεῖραι
1828 2120 1879 2193 (ὃ
1922 2122 1987 2191 δὴ
2029 2122 2125 2176 καὶ

449 2204 542 2257 ἐπὶ
571 2204 666 2258 τοῦ
711 2207 965 2280 Λαζάρου
999 2207 1289 2278 πεποίηκε,
1337 2204 1511 2274 λέγων
1538 2220 1552 2257 τ
1594 2203 1858 2274 Λάζαρος
1884 2207 1917 2259 ό
1944 2205 2124 2274 φίλος

446 2287 617 2355 ἡμῶν
645 2288 794 2361 [560]
819 2289 1206 2360 κεκοίμηται),
1231 2290 1326 2343 καὶ
1354 2287 1473 2359 ἀμα
1504 2286 1774 2341 παιδεύων
1799 2291 1871 2358 μὴ
1894 2287 2122 2342 δεδιέναι

445 2372 536 2424 τὸν
562 2371 810 2427 θάνατον’
840 2374 902 2428 ού
932 2374 1041 2446 γὰρ
1074 2370 1210 2427 εἶναι
1255 2372 1483 2427 θάνατον
1524 2370 1684 2424 αὐτὸν
1708 2370 1774 2434 ³ο,
1803 2369 1918 2424 ἀλλ’
1957 2369 2124 2427 ὕπνον

446 2454 630 2509 λοιπὸν
655 2457 1002 2528 γεγενῆσθαι.
1035 2455 1255 2527 Ἐπειδὴ
1290 2455 1400 2526 γὰρ
1428 2455 1524 2507 καὶ
1545 2452 1705 2517 αὐτὸς
1732 2452 1957 2525 ἔμελλεν
1983 2456 2122 2508 ἀπο-

447 2538 722 2609 θνήσκειν,
757 2542 814 2594 ἐν
842 2543 954 2603 τοῖς
980 2539 1182 2611 ἐτέρων
1204 2537 1421 2610 σώμασι
1450 2538 1967 2609 προπαρασκευάζει
1996 2539 2123 2602 τοὺς

450 2622 699 2693 μαθητὰς
735 2621 979 2695 θαρρεῖν,
1016 2623 1112 2676 καὶ
1147 2622 1339 2693 πράως
1365 2620 1551 2692 φέρειν
1575 2620 1675 2691 τὴν
1703 2620 1982 2691 τελευτήν.
2015 2619 2124 2675 Kal

447 2705 558 2775 γὰρ
581 2704 747 2759 αὑτοῦ
774 2705 1225 2776 παραγενομένου
1249 2704 1292 2735 ³⁸
1324 2702 1508 2756 λοιπὸν
1538 2701 1706 2766 ὕπνος
1731 2703 1759 2755 ό
1785 2702 2010 2766 θάνατος
2031 2698 2123 2774 ἦν.

459 2790 598 2843 Ἀλλ’
628 2791 778 2861 ὅμως
807 2789 1114 2858 κατεγέλων
1145 2784 1310 2841 αὑτοῦ
1328 2802 1341 2817 ’
1382 2785 1543 2850 αὐτὸς
1571 2785 1628 2838 δὲ
1665 2786 1766 2839 οὐκ
1810 2787 2125 2858 ήγανάκτηο

450 2887 544 2924 σεν
570 2871 968 2943 ἀπιστούμενος
1004 2870 1092 2941 ἐφ’
1134 2867 1216 2932 οἷς
1252 2869 1448 2940 μικρὸν
1498 2867 1722 2931 ὕστερον
1761 2868 1954 2940 ἐμελλε
2002 2870 2124 2927 θαυ·

453 2958 800 3028 ματουργεῖν·
824 2955 946 3009 οὐδὲ
986 2953 1289 3025 ἐπετίμησε
1326 2952 1407 3023 τῷ
1433 2951 1660 3021 γέλωτι,
1695 2951 1782 3005 ἵνα
1815 2953 1910 3006 καὶ
1937 2954 2120 3019 αὐτὸς,

450 3039 544 3091 καὶ
571 3040 620 3092 οί
649 3038 828 3102 αὐλοὶ,
865 3037 960 3092 καὶ
987 3038 1056 3091 τά
1091 3035 1370 3106 κύμϐαλα,
1397 3035 1494 3088 καὶ
1520 3032 1592 3088 τά
1613 3033 1750 3089 ἀλλα
1781 3035 1959 3091 πάντα
1989 3037 2124 3091 ἀπό-ι

445 3120 612 3186 δειξις
642 3122 870 3191 γένηται
890 3118 986 3173 τοῦ
1016 3119 1272 3173 θανάτου.

516 3210 590 3271 γ’.
657 3201 873 3273 Ἐπειδὴ
916 3200 1026 3272 γὰρ
1075 3201 1152 3263 ὠς
1191 3198 1263 3252 τά
1293 3196 1467 3252 πολλά
1495 3196 1636 3268 μετά
1667 3198 1730 3252 τὸ
1773 3198 2025 3268 γενέσθαι
2055 3199 2126 3254 τά

447 3283 699 3354 θαύματα
746 3281 1070 3337 ἀπιστοῦσιν
1113 3281 1410 3353 ἄνθρωποι,
1445 3280 1959 3352 προκαταλαμϐάνει
2007 3286 2126 3348 ταῖς

446 3365 674 3429 οἰκείαις
695 3365 1051 3439 ἀποκρίσεσιν
1090 3363 1305 3428 αὐτούς·
1332 3363 1362 3417 ὃ
1392 3362 1456 3434 δὴ
1490 3364 1586 3417 καὶ
1621 3365 1715 3417 ἐπὶ
1739 3364 1835 3418 τοῦ
1874 3365 2124 3438 Λαζάρου

444 3448 662 3519 γέγονε,
693 3449 790 3502 καὶ
829 3449 924 3502 ἐπὶ
968 3446 1064 3501 τοῦ
1096 3446 1398 3511 Μωῦσέως.
1432 3446 1543 3501 Kal
1585 3445 1694 3518 γὰρ
1728 3448 1935 3520 Μωῦσῇ
1969 3465 2122 3520 φησι*

450 3532 515 3586 Τί
532 3532 709 3586 τοῦτο
737 3531 803 3585 τὸ
832 3531 902 3584 ἐν
932 3529 1007 3598 τῇ
1040 3530 1194 3599 χειρί
1221 3546 1378 3595 σου;
1412 3531 1479 3584 ἶν’
1517 3531 1648 3586 ὅταν
1674 3531 1759 3605 ῖδῃ
1790 3532 1915 3601 ὅφιν
1964 3550 2128 3602 γεγε-

436 3615 701 3684 νημένον,
739 3613 812 3685 μὴ
842 3612 1163 3682 ἐπιλάθηται
1192 3613 1274 3667 ὅτι
1302 3612 1497 3684 ῥάϐδος
1520 3608 1590 3685 ἦν
1611 3615 1718 3686 πρὸ
1744 3614 1957 3682 τούτου,
1988 3616 2127 3673 ἀλλά

442 3697 545 3767 τῆς
572 3696 779 3760 οἰκείας
805 3695 1172 3766 ἀναμνησθεὶς
1191 3696 1374 3767 φωνῆς
1402 3697 1650 3768 ἐκπλαγῇ
1665 3696 1711 3730 ³¹
1730 3698 1792 3752 τὸ
1816 3688 2120 3770 γινόμενον.
2169 3709 2178 3718 ”

448 3780 557 3833 Kal
593 3780 685 3833 ἐπί
716 3779 810 3832 τοῦ
841 3779 1090 3850 Λαζάρου
1122 3779 1253 3849 φησί
1277 3795 1294 3811 ο
1324 3781 1450 3836 Ποῦ
1474 3785 1772 3838 τεθείκατε
1798 3785 2008 3851 αύτόν;
2038 3784 2125 3840 ῖνα

444 3865 494 3914 οἱ
524 3861 791 3927 εἰπόντες,
826 3862 1044 3931 Ἔρχου
1079 3864 1178 3916 καὶ
1209 3862 1321 3926 ἴδε,
1346 3866 1441 3918 καὶ
1469 3867 1552 3918 ὅτι
1581 3865 1756 3932 Ὀζει,
1787 3867 2126 3937 τεταρταῖος

447 3945 558 4014 γάρ
586 3945 750 4011 ἐστι,
789 3946 988 4016 μηκέτι
1023 3946 1273 4000 ἀπιστεῖν
1310 3945 1526 4017 ἔχωσιν,
1554 3949 1638 4002 ὅτι
1671 3951 1863 4021 νεκρὸν
1894 3952 2125 4023 ἀνέστη-

448 4045 562 4084 σεν.
601 4028 751 4083 Ἰδὼν
777 4029 957 4083 τοίνυν
980 4028 1049 4082 τὰ
1074 4027 1329 4100 κύμϐαλα
1353 4030 1594 4094 καὶτοὺς
1616 4032 1827 4104 ὄχλους,
1859 4033 2126 4106 ἐξήγαγεν

449 4112 696 4176 ἅπαντας
715 4151 730 4178 ,
763 4113 856 4168 καὶ
885 4112 1171 4185 παρόντων
1201 4113 1311 4167 τῶν
1337 4112 1539 4182 γονέων
1570 4113 1994 4187 θαυματουργεῖ,
2027 4118 2126 4188 οὐχ

448 4194 645 4267 ἑτέραν
684 4196 994 4266 ἐπεισάγων
1038 4196 1238 4268 ψυχὴν,
1286 4196 1403 4250 ἀλλ’
1451 4197 1620 4269 αὐτὴν
1660 4199 1759 4270 τὴν
1805 4198 2122 4263 ἐξελθοῦσαν

449 4279 759 4348 ἐπανάγων,
800 4278 894 4332 καὶ
929 4278 1117 4350 ὥσπερ
1149 4278 1210 4343 ἐξ
1253 4278 1423 4333 ὕπνου
1452 4278 1754 4351 διεγείρων.
1793 4280 2027 4351 Κατέχει
2064 4280 2123 4332 δὲ

449 4365 548 4433 τῆς
575 4361 774 4433 χειρὸς,
796 4362 902 4432 πλη
910 4361 1156 4434 ροφορῶν
1179 4362 1305 4426 τοὺς
1324 4362 1587 4434 ὁρῶντας,
1613 4362 1754 4416 ὥστε
1784 4362 2124 4433 προοδοποιῆο

453 4461 543 4499 σαι
570 4446 658 4499 διὰ
687 4447 786 4515 τῆς
818 4445 998 4514 ὄψεως
1043 4447 1112 4516 τῇ
1153 4446 1334 4499 πίστει
1369 4448 1469 4516 τῆς
1511 4446 1878 4510 ἀναστάσεως.
1919 4446 1979 4500 'O
2024 4446 2123 4518 μὲν

450 4529 560 4600 γάρ
592 4528 776 4599 πατὴρ
818 4528 1039 4597 ἔλεγεν,
1084 4531 1322 4594 Ἐπιθες
1363 4528 1479 4598 τὴν
1519 4528 1689 4598 χεῖρα
1720 4545 1734 4560 ⁸
1779 4529 1940 4592 αὐτὸς
1972 4528 2028 4582 δέ
2067 4546 2123 4583 τι

350 4646 353 4647 ν
452 4613 613 4666 πλέον
632 4613 677 4644 ³³
703 4614 872 4665 ποιεῖ·
889 4613 952 4664 οὐ
980 4612 1089 4682 γὰρ
1105 4613 1432 4682 ἐπιτίθησιν,
1450 4612 1696 4666 ἀλλὰκαὶ
1720 4612 2009 4683 κατασχὼν
2032 4612 2126 4665 ἀν-

455 4697 653 4766 ίστησι,
669 4694 884 4757 δεικνὺς
908 4695 991 4747 ὅτι
1014 4696 1190 4749 πάντα
1207 4695 1357 4767 αὐτῷ
1377 4696 1592 4766 ἕτοιμα.
1618 4695 1731 4750 Kal
1744 4697 1848 4749 οὐκ
1869 4696 2122 4764 ἀνίστησι

456 4781 638 4851 μόνον,
684 4777 820 4831 ἀλλά
859 4778 954 4831 καὶ
995 4778 1203 4849 τροφὴν
1238 4777 1451 4832 κελεύει
1486 4777 1668 4832 δοῦναι
1689 4819 1707 4844 ,
1762 4779 1850 4833 ἵνα
1884 4777 1959 4850 μὴ
1998 4777 2124 4851 δόξῃ

453 4861 747 4931 φάντασμα
772 4855 911 4913 εἶναι
938 4858 997 4912 τὸ
1024 4860 1409 4931 γεγενημένον.
1444 4860 1556 4914 Kal
1576 4861 1678 4915 οὐκ
1702 4861 1864 4925 αὐτὸς
1887 4861 2123 4927 δίδωσιν,

452 4944 566 4997 ἀλλ’
614 4943 842 5005 ἐκείνοις
886 4941 1098 4996 κελεύει
1130 4959 1146 4974 ο
1207 4943 1398 5015 ὥσπερ
1444 4946 1541 4998 καὶ
1586 4943 1680 4997 ἐπὶ
1722 4943 1816 4998 τοῦ
1868 4943 2123 5015 Λαζάρου

451 5022 573 5080 εἶπε
591 5028 637 5059 ³³
658 5045 673 5059 ·
709 5028 947 5085 Λύσατε
986 5026 1192 5092 αὐτὸν,
1219 5026 1318 5081 καί
1349 5027 1532 5097 ἄφετε
1554 5026 1834 5097 ὑπάγειν,
1854 5026 1950 5082 καὶ
1982 5027 2125 5099 μετά

452 5112 628 5166 ταῦτα
660 5109 912 5164 κοινωνὸν
942 5112 1086 5165 ποιεῖ
1116 5109 1216 5180 τῆς
1240 5109 1539 5181 τραπέζης.
1561 5111 1674 5165 Kal
1699 5112 1809 5183 γὰρ
1839 5111 2127 5184 ἀμφότερα

448 5193 541 5247 ἀεὶ
568 5191 998 5257 κατασκευάζειν
1020 5191 1176 5246 εἴωθε
1193 5234 1209 5260 ,
1238 5194 1336 5246 καὶ
1359 5193 1455 5248 τοῦ
1482 5193 1712 5248 θανάτου
1739 5194 1833 5247 καὶ
1864 5192 1966 5264 τῆς
1987 5194 2126 5248 ἀνα-

456 5275 698 5337 στάσεως
740 5272 879 5344 μετά
908 5271 1193 5346 ἀκριϐείας
1236 5273 1455 5344 ἀπάσης
1485 5273 1586 5345 τὴν
1626 5271 1901 5339 ἀπόδειξιν
1937 5273 2126 5328 ποιού-

459 5372 638 5427 μενος.
671 5356 744 5408 Σὺ
773 5354 830 5408 δέ
867 5371 957 5426 μοι
1000 5353 1077 5426 μὴ
1103 5353 1203 5426 τὴν
1228 5353 1528 5409 ἀνάστασιν
1571 5354 1764 5409 σκόπει
1798 5354 1980 5426 μόνον,
2007 5354 2126 5419 ἀλλ’

452 5446 537 5499 ὃτι
562 5445 657 5498 καὶ
677 5442 1020 5515 παρήγγειλε
1044 5443 1233 5516 μηδενὶ
1254 5444 1428 5498 είπεῖν
1441 5458 1461 5477 ο
1483 5440 1763 5497 καὶτοῦτο
1784 5441 2022 5515 μάλιστα
2037 5441 2128 5498 διὰ

532 5573 579 5605 ’³
615 5569 792 5627 Verba
821 5570 914 5626 καὶ
958 5586 1150 5638 κατεγ.
1188 5568 1354 5624 αὐτοῦ
1382 5569 1586 5625 desum
1633 5568 1688 5638 ig
1727 5567 1792 5624 B.
1824 5564 2072 5638 F._Arl_n.

460 5658 567 5695 non
605 5641 857 5711 ηιαηιίαιο
882 5640 1036 5711 AArm.
1068 5639 1246 5711 vulgo
1273 5639 1454 5711 ἀλλος.

1260 349 1322 407 S.
1360 347 1644 406 JOANNIS
1680 346 2173 406 CHRYSOSTOMI
2212 350 2534 411 ARCHIEP.
2572 348 3120 410 CONS'I'ANTINOP.
3656 366 3663 369 ‘
3745 351 3831 411 37$

2223 469 2441 523 πάντων
2483 469 2737 524 παιδεύου
2776 469 2822 501 ³⁵
2842 508 2858 534 ,
2897 466 2959 520 τὸ
3008 465 3212 535 ἄτυφον
3263 461 3356 516 καὶ
3403 460 3715 528 ἀκενόδοξον·
3757 469 3834 523 καὶ

2225 551 2364 621 μετά
2404 551 2595 605 τούτου
2642 552 2866 605 κάκεῖνο
2912 548 3186 621 μάνθανε,
3224 546 3307 599 ὅτι
3356 546 3494 608 τοὺς·
3518 549 3835 619 κοπτομένους

2223 633 2327 699 ἔξω
2352 635 2451 704 τῆς
2475 634 2650 698 οἰκίας
2673 632 2896 698 ἐξέϐαλε
2916 671 2931 696 ,
2960 633 3054 685 καί
3080 627 3334 696 ἀναξίους
3352 627 3448 698 τῆς
3471 630 3699 700 τοιαύτης
3726 630 3837 685 θεω-

2223 716 2347 787 ρίας
2374 716 2642 787 ἀπέφηνε·
2668 716 2763 768 καὶ
2786 715 2861 786 μὴ
2883 711 3104 786 ἐξέλθῃς
3124 712 3261 782 μετά
3275 710 3384 763 τῶν
3404 708 3704 777 αὐλούντων,
3725 712 3838 769 ἀλλὰ

2227 788 2353 869 μένε
2388 800 2526 870 μετά
2559 799 2765 869 Πέτρου
2798 799 2892 851 καὶ
2930 797 3176 850 Ἰωάννου
3214 793 3310 846 καὶ
3356 791 3619 847 Ἰακώϐου.
3662 796 3717 848 ΕΙ
3750 797 3837 870 γὰρ

2219 883 2342 935 τότε
2371 882 2623 947 ἐξέϐαλεν
2661 881 2901 944 ἐκείνους
2930 879 3056 946 ἔξω,
3099 877 3280 954 πολλῷ
3313 877 3509 948 μᾶλλον
3535 877 3622 933 νῦν
3646 880 3703 932 ³⁸.
3726 881 3839 935 Τότε

2226 966 2324 1037 μὲν
2355 965 2464 1037 γὰρ
2493 964 2647 1020 οὔπω
2668 965 2826 1034 δῆλος
2867 966 2896 1017 ό
2926 963 3153 1024 θάνατος
3192 957 3261 1032 ἦν
3296 960 3458 1024 ὕπνος
3489 963 3836 1032 γεγενημένος·

2222 1048 2316 1101 νῦν
2355 1048 2413 1101 δέ
2445 1048 2542 1103 καὶ
2573 1046 2736 1101 αὑτοῦ
2777 1046 2872 1100 τοῦ
2915 1045 3066 1116 ἡλίου
3104 1042 3266 1097 τοῦτο
3309 1042 3685 1115 φανερώτερον.
3724 1045 3840 1099 Ἀλλ’

2221 1132 2322 1185 οὐκ
2345 1131 2534 1204 ήγειρέ
2555 1148 2648 1184 σου
2680 1131 2742 1184 τὸ
2763 1130 3052 1201 θυγάτριον
3077 1128 3172 1182 νῦν
3194 1145 3209 1192 ;
3253 1126 3413 1180 ’Λλλά
3443 1127 3645 1191 πάντως
3669 1128 3839 1200 ἐγερεῖ,

2222 1215 2315 1269 καὶ
2341 1214 2480 1285 μετά
2509 1214 2756 1278 πλείονος
2782 1215 2881 1284 τῆς
2912 1214 3090 1284 δόξης.
3138 1213 3348 1265 Ἐκεῖνο
3382 1212 3479 1283 μὲν
3514 1211 3615 1282 γὰρ
3641 1210 3841 1265 ἀναστὰν

2223 1294 2384 1349 πάλιν
2423 1296 2662 1350 ἀπέθανε
2687 1311 2703 1328 ⁸
2738 1295 2801 1349 τὸ
2845 1295 2901 1348 δέ
2941 1295 3029 1349 σὸν
3076 1294 3171 1349 ἐὰν
3222 1295 3470 1365 ἀναστῇ,
3515 1294 3656 1364 μένει
3689 1292 3843 1346 λοιπὸν

2223 1378 2492 1432 ἀθάνατον
2518 1379 2561 1410 ³⁷
2593 1378 2673 1432 δν.
2704 1377 2749 1410 ³⁸
2775 1377 2981 1449 Μηδεὶς
3008 1376 3190 1431 τοίνυν
3216 1376 3497 1431 κοπτέσθω
3519 1375 3709 1437 λοιπὸν,
3733 1375 3843 1446 μηδι

2223 1459 2507 1532 θρηνείτω,
2551 1461 2687 1532 μηδέ
2716 1460 2869 1533 [561]
2903 1461 2964 1514 τὸ
2995 1460 3328 1532 κατόρθωμα
3371 1459 3467 1514 τοῦ
3497 1459 3716 1528 Χριστοῦ
3747 1460 3842 1513 bla-

2223 1544 2485 1598 ϐαλλέτω.
2517 1545 2624 1597 Kal
2661 1543 2771 1614 γάρ
2803 1544 3022 1614 ἐνίκησε
3064 1542 3157 1596 τὸν
3189 1542 3438 1597 θάνατον.
3486 1541 3548 1595 Τί
3573 1542 3733 1595 τοίνυν
3764 1557 3844 1592 πε-

2225 1627 2381 1698 ριττά
2408 1626 2658 1697 θρηνεῖς;
2682 1625 2890 1689 ’Ύπνος
2912 1626 2972 1679 τὸ
3000 1627 3233 1697 πρᾶγμα
3258 1625 3470 1695 γέγονε.
3502 1625 3565 1679 Τί
3598 1624 3745 1695 ὀδύρῃ
3768 1623 3845 1677 καὶ

2224 1709 2462 1774 κλαίεις;
2493 1709 2662 1762 Τοῦτο
2693 1708 2802 1781 γάρ
2830 1709 2880 1761 εί
2912 1709 3006 1763 xal
3037 1709 3298 1780 ’Έλληνες
3321 1708 3553 1774 ἐποίουν,
3582 1707 3845 1777 καταγελᾷν

2223 1792 2327 1845 ἐδει
2349 1810 2363 1824 ”
2397 1793 2524 1845 ὅταν
2556 1793 2612 1846 δὲ
2646 1793 2675 1845 ὁ
2709 1792 2895 1856 πιστὸς
2922 1793 2980 1845 ἐν
3010 1792 3220 1856 τούτοις
3249 1793 3552 1864 ἀσχημονῇ,
3584 1790 3702 1845 ποία
3727 1793 3844 1844 ἀπο-

2220 1874 2408 1944 λογία;
2439 1875 2525 1938 τίς
2565 1875 2717 1929 ἐσται
2749 1875 3047 1946 συγγνώμη
3093 1873 3321 1928 τοιαῦτα
3353 1874 3742 1945 ἀνοηταίνουσι,
3768 1872 3847 1925 καὶ

2221 1956 2393 2012 ταῦτα
2428 1958 2567 2029 μετά
2593 1957 2783 2028 χρόνον
2809 1958 3063 2011 τοσοῦτον
3092 1957 3187 2010 καὶ
3229 1956 3379 2027 σαφῆ
3408 1955 3506 2026 τῆς
3543 1954 3851 2018 ἀναστάσεως,

2221 2041 2523 2108 ἀπόδειξιν;
2559 2041 2632 2093 Σὺ
2665 2040 2722 2093 δέ
2763 2040 2953 2112 ὥσπερ
2994 2040 3228 2112 αὐξῆσαι
3251 2039 3314 2094 τὸ
3346 2039 3597 2110 ἔγκλημα
3621 2036 3844 2102 σπεύδων,

2222 2124 2316 2177 καὶ
2340 2123 2646 2194 θρηνῳδοὺς
2668 2124 2800 2193 ἡμῖν
2818 2122 2971 2191 ἄγεις
3000 2122 3311 2195 Ἑλληνίδας
3333 2123 3614 2191 γυναῖκας,
3638 2119 3848 2186 ἐξάπτων

2221 2208 2283 2261 τὸ
2310 2207 2482 2271 πάθος
2502 2208 2569 2272 ³⁸,
2591 2206 2688 2261 καὶ
2716 2209 2815 2280 τὴν
2836 2208 3066 2277 κάμινον
3091 2205 3397 2278 διεγείρων,
3428 2205 3522 2259 καὶ
3549 2204 3643 2257 οὐκ
3663 2200 3845 2262 ἀκούεις

2221 2291 2316 2345 τοῦ
2354 2291 2569 2346 Παύλου
2614 2292 2893 2362 λέγοντος·
2932 2291 3028 2357 Τίς
3059 2288 3457 2359 συμφώνησις
3485 2285 3699 2357 Χριστῷ
3726 2284 3847 2353 πρὸς

2222 2375 2474 2442 Βε.ιίαρ;
2503 2374 2541 2443 ἢ
2571 2376 2663 2442 τίς
2677 2375 2848 2444 μερὶς
2870 2372 3063 2439 πιστῷ
3087 2372 3236 2442 μετὰ
3256 2372 3549 2437 ἀπίστους
3573 2369 3672 2425 Kal
3694 2367 3846 2429 παῖδες

2226 2460 2324 2530 μὲν
2367 2457 2630 2530 Ἑλλήνων
2659 2460 2708 2512 οἱ
2743 2457 2913 2529 μηδὲν
2942 2457 3073 2528 περὶ
3099 2456 3452 2518 ἀναστάσεως
3476 2452 3696 2517 εἰδότες,
3725 2449 3846 2519 ὅμως

2221 2543 2534 2614 εὑρίσκουσι
2556 2542 2745 2611 λόγους
2768 2540 3139 2613 παραμυθίας,
3160 2538 3433 2608 λέγοντες·
3454 2535 3585 2606 Φέρε
3605 2533 3847 2601 γενναίως’

2224 2630 2317 2682 καὶ
2341 2627 2449 2698 γὰρ
2482 2626 2747 2680 ἀναλῦσαι
2776 2626 2837 2680 τὺ
2880 2623 3246 2695 γεγενημένον
3285 2621 3389 2675 οὐκ
3438 2619 3545 2686 ἔνι,
3577 2616 3688 2671 οὺδέ
3731 2614 3848 2698 διορ-

2224 2710 2397 2766 θῶσαι
2417 2709 2459 2741 ⁸ο
2475 2714 2588 2774 τοῖς
2608 2708 2827 2781 θρήνοις
2845 2725 2859 2739 ’
2894 2708 2959 2761 σὺ
2980 2706 3037 2760 δέ
3064 2708 3092 2760 ὁ
3109 2701 3519 2776 φιλοσοφώτερα
3544 2700 3632 2755 καὶ
3654 2697 3849 2781 χρηστός

2221 2811 2356 2864 τερα
2410 2780 2912 2856 τούτωνίάκούων,
2958 2789 3060 2842 οὑκ
3117 2785 3348 2857 αἰσχύνη
3403 2781 3616 2857 μείζονα
3662 2780 3849 2864 ἐκείνων

2222 2860 2546 2947 ἀσχημονῶν
2570 2891 2584 2939 ;
2616 2873 2753 2927 Οὐδὲ
2784 2872 2892 2943 γὰρ
2921 2871 3170 2942 λέγομεν*
3218 2868 3357 2938 Φέρε
3384 2865 3638 2937 γενναίως
3657 2904 3671 2929 ,
3694 2860 3849 2947 ἐπειδὴ

2222 2944 2507 3029 τδγεγενη
2517 2957 2675 3028 μένον
2707 2954 2971 3010 ἀναλῦσαι
2988 2955 3088 3007 οὐκ
3117 2953 3196 3008 ἔνι
3217 2969 3232 2983 ·
3255 2950 3417 3016 ἀλλά,
3444 2950 3579 3022 Φέρε
3604 2944 3846 3029 γενναίωςς

2223 3024 2453 3115 καῖγάρ
2485 3024 2853 3111 ἀναστήσεται
2885 3039 3125 3101 πάντωςο
3159 3035 3414 3091 καθεύδει
3444 3033 3504 3088 τὸ
3533 3030 3743 3115 παιδίον,
3774 3024 3853 3081 καὶ

2222 3126 2285 3178 οὐ
2324 3110 2586 3197 τέθνηκεν
2608 3138 2622 3153 ·
2660 3110 2943 3194 ἡσυχάζει,
2984 3120 3080 3174 xal
3124 3120 3226 3172 οὐκ
3271 3115 3571 3171 ἀπόλωλεν.
3630 3110 3853 3197 ’Λνάστα-

2226 3226 2307 3272 σις
2351 3194 2483 3278 γάρν
2505 3205 2637 3261 αὐτὸ
2684 3203 3006 3269 διαδέξεται,
3037 3202 3131 3256 καὶ
3163 3200 3277 3271 ζωὴ
3305 3199 3545 3264 αἰώνιος,
3578 3196 3666 3252 καὶ
3686 3194 3853 3278 ἀθανα-

2226 3292 2339 3354 σία,
2367 3275 2471 3345 Ἵκαὶ
2513 3287 2666 3359 λῆξις
2705 3286 2994 3359 ἀγγελική.
3027 3285 3142 3339 υύκ
3171 3284 3396 3349 ἀκούεις
3436 3282 3530 3336 τοῦ
3561 3276 3756 3351 ψαλμοῦ
3779 3275 3854 3359 λέ-

2224 3391 2434 3444 γοντος,
2469 3356 2891 3441 Ἐπίστροφον,
2914 3356 3084 3440 ψυχή
3112 3386 3250 3439 μου,
3281 3369 3373 3434 είς
3412 3365 3528 3435 τὴν
3548 3356 3856 3420 ἀνάπαυσιν

2225 3443 2363 3522 σου,
2384 3456 2476 3511 ὅτι
2511 3455 2725 3525 Κύριος
2751 3451 3110 3522 εὐεργέτησέ
3134 3467 3240 3517 σε;
3267 3449 3603 3522 Εὐεργεσίαν
3627 3449 3654 3500 ό
3671 3446 3785 3508 Θεὸς
3804 3443 3855 3497 τὸ

2225 3544 2460 3614 πρᾶγμα
2488 3538 2677 3605 καλεῖ,
2708 3537 2801 3591 καὶ
2834 3537 2898 3590 σὺ
2929 3535 3182 3607 θρηνεῖς;
3208 3536 3319 3589 Kal
3346 3535 3405 3587 τί
3439 3532 3597 3586 πλέον
3621 3526 3857 3614 aqua?

2227 3609 2324 3687 σας
2344 3609 2363 3685 ,ί
2387 3609 2445 3675 εί
2479 3620 2737 3691 πολέμιος
2763 3618 2858 3673 καὶ
2881 3617 3075 3689 ἐχθρὸς
3102 3617 3196 3671 τοῦ
3222 3615 3667 3687 τετελευτηκότος
3687 3609 3747 3683 ἧς
3767 3629 3782 3678 ;
3804 3611 3857 3665 El

2224 3703 2333 3775 γάρ
2358 3703 2440 3757 δεῖ
2477 3701 2716 3773 θρηνεῖν,
2750 3701 2843 3755 τὸν
2871 3700 3115 3754 διάϐολον
3145 3699 3227 3754 δεῖ
3255 3699 3500 3771 θρηνεῖν.
3537 3698 3755 3758 Ἐκεῖνος
3781 3712 3857 3748 κο-

2226 3786 2463 3850 πτέσθω,
2494 3787 2702 3849 ἐκεῖνος
2725 3783 3030 3854 όδυρέσθω,
3065 3784 3150 3837 ὅτι
3191 3783 3328 3854 πρὸς
3351 3782 3428 3837 τὰ
3467 3780 3679 3853 μείζονα
3708 3777 3858 3831 ὁδεύο·

2229 3887 2328 3941 μεν
2359 3869 2558 3938 ἀγαθά.
2590 3869 2705 3938 Τῆς
2731 3866 2941 3921 ἐκείνου
2973 3865 3244 3935 πονηρίας
3271 3864 3403 3930 ἀξία
3430 3864 3570 3933 αὕτη
3596 3865 3628 3934 ή
3654 3855 3855 3930 οἰμωγὴ,

2223 3952 2345 4023 οὐχὶ
2371 3952 2464 4005 σοῦ
2493 3949 2587 4005 τοῦ
2623 3948 3018 4020 στεφανοῦσθαι
3049 3948 3332 4018 μέλλοντος
3373 3948 3472 4003 καὶ
3501 3943 3854 4002 ἀναπαύεσθαι.

2225 4035 2337 4089 Kal
2364 4034 2473 4106 γὰρ
2509 4032 2681 4105 υλιμὴν
2716 4031 2892 4096 εὕδιος
2938 4033 2967 4086 ό
3011 4031 3265 4096 θάνατος.
3312 4031 3516 4085 Σκόπει
3555 4027 3679 4098 γοῦν
3706 4025 3857 4106 πόσων

2224 4119 2385 4187 γέμει
2430 4104 2617 4171 κακῶν
2640 4104 2695 4168 ⁷6
2751 4113 2940 4184 παρὼν
2993 4112 3124 4184 βίοςο
3160 4114 3419 4184 ἐννόησον
3463 4112 3683 4174 ποσάκις
3725 4104 3858 4166 αὐτὸς

2225 4201 2522 4270 κατηράσω
2548 4197 2645 4268 τὴν
2677 4197 2958 4269 παροῦσαν
2994 4197 3161 4268 ζωήν.
3206 4197 3316 4251 Kal
3345 4196 3459 4268 γὰρ
3492 4196 3584 4250 ἐπὶ
3614 4193 3673 4248 τὺ
3708 4193 3857 4263 χεῖρον

2226 4282 2298 4334 τά
2338 4282 2639 4353 πράγματα
2664 4281 2910 4352 πρόεισι,
2951 4280 3047 4333 καὶ
3078 4278 3141 4344 ἐξ
3166 4279 3343 4351 ἀρχῆς
3368 4279 3427 4333 δὲ
3463 4278 3525 4331 οὑ
3560 4275 3722 4348 μικρᾷ
3761 4287 3857 4325 συν-

2228 4361 2544 4434 εκληρὼθης
2557 4361 2840 4434 καταδίκῃ.
2860 4363 2962 4418 Ἐν
2979 4362 3088 4434 γάρ
3107 4362 3329 4427 λύπαις
3350 4360 3496 4429 τέξῃ
3521 4359 3705 4423 τέκνα,
3730 4353 3856 4426 φησί·

2229 4447 2342 4511 καὶ,
2409 4446 2512 4499 Ἐν
2548 4441 2743 4512 ἱδρῶτι
2772 4444 2877 4499 τοῦ
2904 4444 3227 4512 προσώπου
3256 4458 3376 4498 σου
3396 4443 3558 4513 φάγῃ
3588 4442 3690 4513 τὸν
3706 4440 3858 4506 ἄρτον

2228 4541 2366 4583 σου’
2398 4526 2515 4592 καὶ,
2556 4526 2654 4581 Ἐν
2672 4526 2755 4593 τῷ
2793 4528 3001 4596 κόσμῳ
3030 4526 3242 4595 θλῒψιν
3265 4526 3455 4591 ἕξετε.
3508 4523 3644 4579 Ἀλλ’
3674 4522 3729 4576 οὐ
3755 4516 3858 4587 περὶ

2227 4610 2337 4664 τῶν
2364 4611 2483 4664 ἐκεῖ
2504 4608 2744 4663 τοιοῦτον
2774 4609 2924 4663 οὐδὲν
2950 4610 3188 4680 εἴρηται,
3223 4608 3362 4663 ἀλλά
3387 4607 3686 4663 τούναντίον
3717 4605 3856 4665 ἅπαν,

2228 4696 2311 4749 δτι
2362 4694 2606 4762 Ἀπέδρα
2643 4693 2828 4760 ὀδύνη
2848 4735 2862 4757 ,
2907 4694 3106 4761 λύπη,
3149 4693 3249 4746 καί
3298 4691 3651 4762 στεναγμός·
3691 4687 3773 4742 καὶ
3792 4684 3857 4737 ὅτι

2243 4777 2386 4832 Ἀπὸ
2417 4775 2732 4831 ἀνατολῶν
2767 4775 2865 4830 καί
2894 4774 3144 4845 δυσμῶν
3172 4774 3419 4843 ἥξουσι,
3454 4774 3554 4829 καὶ
3580 4767 3858 4834 ἀνακ-ιιθτῖ’

2231 4876 2444 4914 σονται
2485 4862 2572 4926 είς
2612 4858 2755 4926 τοὺς
2782 4859 3055 4926 κόλπους
3093 4859 3372 4929 ᾎϐραὰμ,
3401 4857 3505 4914 καί
3544 4856 3755 4917 Ἰσαὰκ,
3779 4846 3859 4904 καὶ

2244 4941 2456 4998 Ἰακώϐ·
2507 4943 2604 4997 καὶ
2644 4943 2725 4996 ὅτι
2773 4941 3002 5013 νυμφὼν
3050 4941 3121 4997 τά
3175 4943 3295 4996 ἐκεῖ
3350 4938 3745 5013 πνευματικὸς,
3782 4929 3860 4988 καὶ

2232 5024 2458 5096 φαιδραὶ
2482 5023 2787 5097 λαμπάδες,
2813 5025 2909 5079 καὶ⁵
2940 5024 3270 5096 μετάστασις
3295 5024 3435 5097 πρὸς
3457 5023 3549 5079 τὸν
3580 5017 3803 5094 οὐρανόν.

2300 5104 2343 5159 δ’
2348 5106 2432 5160 ,Τί
2447 5106 2627 5161 τοίνυν
2639 5107 3020 5177 καταισχύνεις
3035 5106 3126 5161 τὸν
3142 5096 3470 5175 ἀπελθόντας
3485 5107 3539 5161 τί
3559 5096 3861 5177 παρασκευά·

2232 5186 2347 5252 ζεις
2380 5189 2507 5254 τοὺς
2531 5189 2727 5254 ἀλλους
2761 5189 3054 5245 δεδοικέναι
3099 5191 3193 5245 καὶ
3230 5192 3457 5263 τρέμειν
3501 5189 3590 5245 τὸν
3636 5188 3858 5245 θάνατονῖ

2230 5270 2286 5325 τί
2324 5275 2500 5336 ποιεῖς
2524 5272 2753 5337 πολλοὺς
2779 5276 3113 5345 κατηγορεῖν
3144 5275 3239 5329 τοῦ
3265 5275 3427 5341 Θεοῦ,
3453 5275 3530 5339 ὡς
3570 5270 3765 5344 μεγάλα
3784 5267 3859 5337 ἑρ-

2232 5354 2547 5428 γασαμένου
2590 5358 2768 5423 δεινά;
2812 5357 3012 5430 μᾶλλον
3064 5358 3123 5412 δέ
3165 5358 3222 5412 τί
3268 5359 3408 5430 μετά
3445 5358 3619 5415 ταῦτα
3655 5355 3857 5423 πένητας

2232 5439 2440 5504 καλεῖς,
2473 5441 2570 5495 καὶ
2599 5442 2939 5513 παρακαλεῖς
2967 5441 3149 5511 ἱερέας
3176 5441 3473 5510 εὖξασθαις
3506 5442 3625 5499 Ἵνα
3661 5440 3734 5502 τις
3753 5430 3856 5489 ἀνά⁸

1542 5579 1586 5622 ιι
1633 5568 1688 5622 in
1727 5568 1792 5624 B.
1824 5568 1889 5623 F.
1917 5568 2072 5622 Arm.

1542 5638 1589 5671 ιε
1627 5633 1720 5671 ..πυ
1752 5653 1840 5671 nun
1898 5636 1940 5671 ιι
1991 5636 2032 5671 Ω
2086 5637 2122 5671 ΙΊ

2240 5568 2299 5622 ἐν
2332 5568 2435 5640 τῷ]
2465 5569 2602 5636 μετὰ
2629 5569 2690 5624 τὸ
2724 5569 2861 5627 Edd.
2954 5572 3002 5605 ⁸⁷
3032 5570 3232 5655 ἄλλως]
3257 5573 3348 5628 Sic
3376 5571 3441 5628 Β.
3472 5570 3536 5629 C.
3564 5569 3624 5626 Ρ.
3644 5568 3798 5647 σίίιςτ,
3817 5570 3856 5616 ϐε

2226 5640 2228 5656 ι
2284 5640 2389 5671 ιιι-ι
2424 5638 2611 5671 3.-....
2654 5642 2742 5671 ιρι
2788 5641 2902 5671 υιυ
3002 5643 3048 5671 ιο
3085 5646 3219 5671 ιη-..
3261 5642 3349 5671 ..-ι
3388 5657 3480 5671 η...
3551 5641 3579 5671 Α
3635 5641 3756 5671 Amm
3782 5630 3854 5671 νηὶ

1627 5633 1720 5714 οὕν
1751 5653 1871 5714 οιῐιζ
1898 5636 1960 5714 Β.
2086 5637 2122 5714 l_]

2284 5630 2612 5714 Καῖῖἶίσπερ
2654 5642 2747 5694 ἐπὶ
2788 5641 2926 5714 Edd.
2998 5643 3048 5714 ξ’
3084 5630 3232 5714 ὁμοῦ
3261 5642 3356 5696 καὶ
3387 5630 3855 5714 ρηιηΑηὸμοῦυκαὶ

458 5710 694 5783 δεικνὺς]
717 5708 839 5783 εἶτα
858 5703 1207 5783 δείκνυσιᾲΕξ
1336 5709 1468 5783 αύςιὸ
1501 5705 1873 5783 Εᾱᾶηλοιπρν]
1901 5706 2122 5783 αύτὸνῂΕ

2226 5709 2279 5783 '._
2313 5710 2380 5783 βξ
2424 5703 2861 5783 παραγινομένου
2890 5713 2955 5783 Δ.
2981 5711 3047 5783 Ω.
3079 5703 3150 5783 DZ;
3173 5713 3237 5783 Ε.
3311 5713 3356 5745 ³⁸
3393 5712 3490 5769 Sic
3517 5703 3855 5783 Eddfgodiges

462 5775 787 5861 ἐκπλαγείη.
810 5849 837 5861 _
863 5779 910 5861 ξ’
936 5797 991 5834 τι
1007 5779 1206 5861 πλέον]
1383 5777 1678 5861 Εε-οξιιςνξ.
1694 5775 1981 5861 μειὶζόὶψς.
2055 5777 2122 5861 ul

2226 5777 2460 5861 *sLléyel
2488 5775 2624 5861 [iam]:

462 5851 600 5906 Edd.

2721 5782 2766 5853 ξ’
2792 5780 3074 5853 παιδεύων
3111 5781 3172 5838 F.
3205 5782 3331 5853 Sav,
3369 5798 3425 5853 p.
3478 5797 3533 5852 p.
3576 5778 3704 5853 μετά
3730 5771 3854 5828 τοῦτο

703 5846 898 5925 ³⁶’νῦν]
937 5846 1367 5925 κα¹ίιμνῦκίξὶι1ι1ἒ
1424 5849 1483 5925 ξ’
1522 5846 1630 5925 ὃν]Δ
1647 5846 1724 5925 ibi:
1761 5846 1924 5925 δν
1963 5849 2122 5925 9m._1

2226 5891 2240 5905 .
2270 5846 2408 5905 Ben}
2497 5849 2861 5925 F‘HGIKON.
2889 5853 3027 5925 _"Ou
3078 5854 3141 5907 οὐ
3186 5854 3269 5909 δεῖ
3308 5846 3529 5925 θρηνεῖν
3576 5846 3694 5913 τοὺς
3731 5856 3854 5925 τετε·

458 5919 812 5993 λεοτηκότας.
860 5907 930 5978 Ᾰ.
994 5919 1077 6013 3:
1111 5919 1304 5986 πένθος
1326 5917 1390 5977 C.
1424 5917 1490 5976 Ι).
1538 5907 1632 6013 M‘j’
1659 5915 2055 5991 διορθώσασθαι
2097 5918 2234 5979 Edd.
2270 5934 2327 5992 ι).
2370 5934 2427 5993 p.
2462 5921 2527 5977 σὺ
2548 5919 2604 5976 δὲ
2638 5919 3073 5991 φιλοσοφώτερος
3109 5907 3611 5995 καὶίχρήστότερος
3650 5907 3699 5975 τ’.
3724 5915 3772 5972 ἀ.
3798 5907 3850 5966 F-
