4038 6364
341 354 444 412 573

339 488 473 526 eum.
504 468 728 525 Pulchra
756 477 905 524 certe
950 466 1493 539 archisynagogorum
1538 469 1731 524 indicia
1753 511 1768 534 ,
1798 486 1919 526 cum

340 576 460 633 post
484 572 711 615 mortem
742 559 884 614 tibia:
912 568 966 613 et
1014 557 1254 629 cymbala
1285 558 1350 613 ad
1382 560 1563 613 ﬁctum
1617 572 1917 619 moverent.

335 654 470 721 Quid
502 653 664 723 igitur
687 650 977 706 Christus?
1009 650 1154 704 Alios
1183 665 1372 704 omnes
1397 650 1634 719 expulit,
1672 661 1920 720 parentes

336 753 515 798 autem
539 742 850 802 introduxit.
880 756 945 795 ne
975 740 1080 795 dici
1116 750 1297 810 posset
1322 742 1487 796 alium
1517 743 1792 798 curavisse
1822 761 1836 797 :
1866 750 1923 797 et

335 849 619 908 antequam
648 835 893 899 suscitet,
922 850 1055 889 voce
1078 834 1207 889 illud
1229 834 1416 899 efﬁcit,
1446 850 1568 890 cum
1591 836 1686 902 ait,
1706 834 1918 891 Nonest

334 939 532 983 mortua
552 929 746 998 puella,
781 926 870 980 sed
901 926 1108 979 dormit.
1135 925 1312 980 Multis
1331 941 1541 997 quoque
1566 926 1685 981 aliis
1707 928 1758 981 in
1785 927 1918 983 locis

334 1021 435 1075 hoc
464 1020 591 1074 facit
615 1038 627 1074 :
648 1034 712 1073 ac
740 1020 879 1073 sicut
923 1019 973 1072 in
1002 1018 1135 1072 mari
1167 1018 1396 1087 primum
1418 1018 1710 1089 discipulos
1742 1019 1920 1074 incre—

334 1114 477 1183 pavit
502 1134 515 1168 :
545 1113 624 1167 sic
652 1121 707 1166 et
750 1110 853 1164 hoc
882 1110 999 1164 loco
1032 1125 1100 1165 ex
1131 1110 1474 1180 praesentium
1498 1110 1765 1164 mentibus
1797 1124 1918 1177 per-

335 1205 697 1260 turbationem
728 1202 873 1272 ejicit
892 1243 908 1265 ,
952 1202 1112 1256 simul
1142 1201 1454 1266 ostendens,
1485 1200 1641 1256 facile
1669 1202 1768 1256 sibi
1795 1217 1917 1258 esse

331 1308 573 1353 mortuos
602 1297 863 1351 suscitare
893 1295 1053 1366 (quod
1076 1295 1234 1349 etiatn
1263 1295 1314 1349 in
1336 1294 1536 1349 Lazaro
1558 1295 1682 1348 fecit
1707 1294 1913 1350 dicens:

330 1391 559 1445 Lazarus
586 1390 777 1443 amicus
803 1398 972 1442 noster
995 1386 1179 1440 dormit
1196 1384 1376 1459 [ιΙοακ.
1405 1386 1491 1442 11.
1520 1384 1656 1457 11]),
1686 1401 1791 1441 una
1817 1385 1917 1440 do-

327 1498 456 1537 cens
485 1498 591 1535 non
635 1480 923 1536 timendam
965 1494 1087 1533 esse
1131 1488 1358 1535 mortem
1390 1495 1405 1532 :
1436 1492 1609 1548 neque
1632 1478 1776 1533 enim
1802 1477 1914 1546 jam

327 1590 448 1629 esse
479 1584 730 1635 mortem.
758 1571 855 1627 sed
883 1585 1153 1627 somnum.
1178 1569 1309 1624 Nam
1335 1570 1457 1640 quia
1484 1569 1600 1639 ipse
1618 1568 1915 1625 moriturus

326 1676 463 1727 erat,
493 1666 722 1720 aliorum
748 1678 975 1733 corpora
1020 1662 1331 1718 suscitando
1381 1662 1674 1732 discipulos
1700 1677 1911 1732 przepa-

328 1759 479 1814 rabat
504 1758 570 1811 ad
594 1755 840 1811 ﬁduciam
871 1754 1217 1819 sumendam,
1248 1764 1587 1824 mortemque
1606 1768 1757 1808 suam
1789 1754 1919 1809 leni-

327 1864 408 1907 ter
436 1850 732 1906 ferendam.
758 1848 1047 1918 Postquam
1074 1848 1215 1902 enim
1241 1847 1355 1918 ipse
1383 1846 1680 1902 advenerat
1705 1888 1721 1912 ,
1764 1861 1914 1903 mors

321 1947 431 2017 jam
459 1945 674 1999 nonnisi
701 1958 919 1998 somnus
948 1950 1085 1997 erat.
1127 1943 1378 1995 Attamen
1402 1940 1718 1995 deridebant
1745 1956 1869 1995 eum
1896 1959 1911 1996 :

326 2042 442 2111 ipse
467 2055 596 2093 vero
621 2053 727 2092 non
775 2037 991 2102 indigne
1022 2034 1184 2101 tulit,
1227 2050 1348 2089 cum
1397 2050 1501 2089 non
1535 2033 1819 2089 crederent
1848 2035 1913 2090 iis

321 2146 443 2200 quae
466 2144 592 2184 mox
624 2129 739 2197 ipse
788 2126 1103 2182 mirabiliter
1150 2133 1469 2195 operaturus
1512 2133 1631 2180 erat
1670 2141 1684 2180 :
1734 2139 1914 2194 neque

320 2222 625 2292 increpavit
652 2221 890 2276 ridentes
913 2261 929 2286 ,
958 2228 1017 2275 ut
1042 2228 1097 2274 et
1143 2220 1286 2275 risus
1314 2228 1371 2274 et
1391 2218 1537 2273 tibia:
1564 2226 1621 2274 et
1666 2218 1911 2291 cymbala

321 2316 535 2385 aliaque
554 2314 756 2380 omnia,
784 2312 977 2368 mortis
1005 2320 1188 2367 essent
1223 2310 1554 2366 testimonia.

392 2410 447 2463 3.
478 2408 709 2463 Christus
737 2405 987 2477 quomodo
1014 2403 1435 2458 resurrectionum
1458 2418 1585 2472 quas
1610 2402 1914 2472 operabatur

319 2502 578 2555 ueritatem
606 2500 870 2553 adstruere
893 2499 1093 2552 soleret.
1125 2497 1340 2551 Fastum
1386 2506 1433 2551 et
1477 2512 1658 2550 vanam
1697 2498 1912 2565 gloriam

319 2594 527 2648 omnino
549 2592 806 2646 vitandum
822 2602 913 2645 est.
934 2590 1076 2645 Mors
1091 2608 1190 2644 non
1209 2589 1493 2644 metuenda.
1511 2589 1638 2644 Vita:
1653 2592 1912 2661 prwsentis

317 2686 717 2754 malm—Quia
743 2687 883 2741 enim
929 2700 1073 2755 saepe
1116 2684 1367 2740 miracula
1415 2693 1617 2753 patrata
1663 2700 1768 2739 non
1796 2700 1913 2741 cre-

316 2781 453 2835 dunt
478 2779 747 2845 homines,
777 2793 871 2833 sua
903 2778 1137 2847 ipsorum
1168 2777 1519 2846 responsione
1556 2778 1675 2832 illos
1705 2792 1910 2847 praeve-

316 2872 417 2937 ttit,
450 2880 508 2925 ιιι
548 2880 603 2926 et
650 2871 704 2924 in
748 2870 950 2925 Lazaro
975 2879 1029 2923 et
1060 2869 1111 2922 in
1140 2869 1318 2939 Moyse
1364 2868 1559 2923 factum
1600 2877 1702 2924 est.
1743 2868 1909 2939 Moysi

317 2979 549 3033 namque
569 2963 738 3017 dixit:
767 2962 903 3029 Quid
928 2963 1023 3015 hoc
1048 2974 1120 3014 est
1146 2962 1196 3015 iu
1226 2978 1377 3014 manu
1404 2971 1488 3014 tua
1515 2960 1707 3033 (Exod.
1736 2962 1788 3015 -1.
1818 2960 1910 3032 9.)?

316 3073 375 3111 ut
403 3072 524 3111 cum
546 3057 764 3109 vidisset
792 3063 1093 3122 serpentem
1117 3053 1332 3118 factum,
1357 3069 1460 3108 non
1486 3054 1906 3118 oblivisceretur,

315 3150 521 3218 virgam
543 3148 691 3217 prius
719 3146 912 3208 fuisse;
942 3146 1034 3199 sed
1064 3145 1209 3197 vocis
1234 3145 1460 3213 propria:
1488 3144 1817 3206 recordatus,
1842 3144 1909 3199 de

315 3257 378 3297 re
399 3249 547 3312 gesta
576 3239 1001 3307 obstupesceret.
1041 3238 1106 3290 Et
1132 3237 1200 3290 de
1228 3235 1430 3290 Lazaro
1456 3236 1531 3290 ait
1561 3253 1574 3289 :
1606 3233 1703 3290 Ubi
1732 3236 1908 3305 posui-

313 3337 406 3391 stis
439 3335 593 3388 eum?
622 3343 678 3386 ut
703 3333 790 3403 qui
817 3331 1091 3395 dixerunt,
1133 3330 1276 3397 Veni,
1306 3340 1353 3384 et
1376 3329 1524 3393 vide;
1552 3338 1626 3395 et,
1656 3328 1777 3383 Jam
1807 3333 1906 3400 fa:-

315 3439 403 3495 tet,
432 3426 802 3498 quatriduanus
830 3424 962 3478 enim
991 3433 1061 3477 est
1093 3422 1273 3491 (Joan.
1304 3423 1391 3477 11.
1420 3423 1506 3478 54.
1540 3422 1654 3493 59),
1678 3436 1783 3476 non
1810 3421 1909 3475 du-

313 3522 486 3577 bitare
517 3528 755 3591 possent,
806 3518 933 3589 quin
988 3517 1157 3586 ipsum
1204 3524 1471 3570 mortuum
1519 3514 1905 3569 suscitavisset.

314 3612 519 3683 Vidcns
559 3611 720 3680 igitur
758 3607 997 3679 cymbala
1029 3617 1082 3661 et
1118 3606 1326 3671 turbas,
1359 3619 1547 3659 omnes
1581 3605 1746 3674 ejicit,
1776 3616 1824 3658 et
1854 3605 1905 3659 in

314 3706 601 3777 pnnscntia
642 3712 918 3772 parentum
948 3698 1259 3753 miraculum
1303 3708 1574 3767 operatur,
1600 3712 1705 3750 non
1749 3696 1904 3749 aliam

315 3799 574 3851 inducens
599 3796 854 3859 animam,
884 3792 975 3847 sed
1000 3792 1142 3845 illam
1172 3790 1337 3860 ipsam
1365 3804 1485 3859 qua:
1513 3790 1721 3843 exierat
1744 3789 1904 3843 redu-

311 3908 464 3957 cens,
496 3901 551 3945 et
577 3889 728 3960 quasi
757 3906 821 3943 ex
859 3902 1048 3940 somno
1073 3885 1333 3940 excitans.
1372 3882 1737 3952 Apprehendit
1777 3897 1904 3936 vero

315 4001 554 4050 manum,
575 3996 631 4037 ut
660 3990 990 4052 spectatores
1019 3979 1276 4033 certiores
1302 3977 1510 4042 ﬁerent,
1529 3975 1701 4031 ethoc
1720 3990 1903 4029 exem-

316 4079 403 4147 plo
429 4079 567 4130 viam
597 4083 809 4144 pararet
838 4072 902 4127 ad
932 4072 1089 4125 ﬁdem
1117 4069 1542 4124 resurrectionis.
1573 4067 1730 4122 Pater
1752 4083 1903 4120 nam-

312 4186 418 4239 que
447 4168 657 4223 diccbat
687 4184 699 4217 :
729 4164 943 4233 Impone
970 4179 1175 4216 manum
1206 4160 1416 4231 (Matth.
1451 4158 1635 4231 9.18);
1664 4158 1752 4213 ille
1778 4173 1905 4211 vero

316 4266 433 4333 plus
465 4264 621 4326 facit;
667 4276 774 4316 non
821 4259 1043 4329 imponit
1071 4258 1247 4319 enim,
1296 4256 1390 4309 sed
1436 4253 1809 4324 apprehendit,
1850 4261 1905 4306 et

312 4356 537 4410 suscitat
564 4363 852 4415 mortuam,
881 4349 1170 4406 ostendens
1199 4348 1377 4402 omnia
1406 4346 1503 4416 ipsi
1536 4357 1778 4415 prompta
1806 4360 1903 4414 pa-

314 4459 534 4519 rataque
575 4462 714 4502 esse.
765 4445 947 4515 Neque
996 4442 1156 4498 modo
1197 4441 1437 4504 suscitat,
1478 4440 1570 4494 sed
1600 4439 1776 4494 cibum
1804 4437 1905 4505 ipsi

313 4545 443 4597 dare
465 4541 634 4611 jubet,
682 4555 750 4593 ne
775 4537 1050 4592 videretur
1094 4550 1179 4589 res
1211 4548 1333 4589 esse
1359 4531 1689 4602 phantasma.
1724 4528 1905 4597 Neque

316 4636 429 4695 ipse
458 4633 570 4693 dat.
600 4630 693 4685 sed
720 4630 854 4683 alios
878 4628 1011 4682 dare
1047 4626 1200 4697 jubet
1232 4641 1246 4677 :
1276 4622 1723 4695 quemadmodum
1761 4632 1814 4674 et
1840 4621 1907 4673 de

314 4726 517 4780 Lazaro
542 4724 617 4777 ait
649 4740 662 4778 :
697 4722 889 4776 Solvite
928 4720 1093 4784 illum,
1140 4729 1186 4773 et
1224 4717 1373 4771 sinite
1411 4715 1548 4768 abire
1592 4712 1768 4784 (Joan.
1816 4712 1905 4765 11.

315 4818 431 4887 44),
462 4826 520 4871 et
546 4823 732 4885 postea
762 4827 960 4867 mensa:
987 4819 1291 4865 consortem
1320 4805 1501 4862 efﬁcit.
1528 4804 1739 4858 Etenim
1766 4818 1909 4857 sem-

318 4930 411 4982 per
438 4924 723 4980 utrumque
747 4905 1103 4975 comprobare
1122 4903 1278 4966 solet,
1311 4911 1364 4956 et
1396 4910 1620 4954 mortem
1651 4908 1704 4952 et
1730 4911 1910 4950 resur-

317 5005 607 5058 rectionem
649 4999 1047 5055 accuratissime
1074 5004 1356 5051 assertam.
1387 4991 1467 5048 Tu
1492 5006 1620 5046 vero
1649 5005 1716 5045 ne
1736 4989 1907 5043 solam

314 5101 758 5157 resurrectionem
783 5094 1082 5166 perpendas
1104 5092 1281 5157 velim,
1313 5089 1407 5144 sed
1432 5088 1591 5142 etiam
1612 5084 1752 5156 quod
1775 5099 1911 5154 prte-

311 5196 518 5264 ceperit
545 5203 601 5247 ιιι
634 5189 833 5246 nemini
861 5188 1133 5249 dicerent;
1175 5193 1229 5239 et
1256 5197 1351 5253 per
1392 5179 1572 5234 omnia
1600 5177 1799 5243 discas,
1830 5175 1908 5229 fa-

312 5298 453 5342 stum
484 5299 785 5354 vanamque
823 5282 1049 5352 gloriam
1079 5293 1204 5333 esse
1243 5274 1465 5329 omnino
1494 5271 1759 5326 vitandam
1787 5288 1799 5322 :
1847 5269 1911 5322 il-

313 5381 514 5449 ludque
542 5386 799 5448 prmterea
822 5374 1018 5437 discas,
1048 5370 1220 5439 ipsum
1243 5369 1485 5437 lugentes
1513 5374 1662 5420 extra
1689 5362 1907 5417 domum

313 5475 558 5541 eiecisse,
588 5478 749 5539 atque
774 5468 918 5522 velut
962 5463 1209 5534 indignos
1257 5459 1347 5513 tali
1390 5454 1700 5526 Spectaculo
1729 5453 1908 5508 decla-

316 5579 485 5619 rasse.
512 5563 594 5617 Tu
628 5576 757 5615 vero
796 5575 862 5613 ne
892 5571 1054 5612 exeas
1092 5569 1212 5610 cum
1263 5549 1597 5611 tibicinibus;
1627 5545 1721 5601 sed
1754 5560 1909 5597 mane

313 5673 433 5711 cum
464 5654 642 5719 Petro,
666 5652 875 5707 Joanne
905 5657 962 5705 et
983 5647 1204 5717 Jacobo.
1237 5644 1370 5699 Nam
1399 5643 1441 5697 si
1472 5653 1597 5695 tunc
1623 5640 1741 5694 illos
1768 5637 1909 5691 foras

313 5749 490 5819 eiecit,
519 5744 687 5799 multo
708 5742 877 5813 magis
903 5754 1042 5795 nunc
1070 5739 1120 5794 id
1146 5737 1320 5793 faciat.
1342 5734 1489 5789 Tunc
1511 5732 1653 5788 enim
1672 5730 1909 5784 nondum

316 5843 486 5913 palam
514 5848 632 5897 erat
669 5846 897 5895 mortem
935 5836 1042 5906 jam
1071 5847 1316 5890 somnum
1343 5843 1463 5886 esse
1508 5826 1697 5883 factam
1723 5841 1736 5880 :
1762 5836 1909 5879 nunc

1299 350 1366 409 IN
1403 351 1809 411 ΜᾹΤΤΗᾸΞΙΙΜ
1850 352 2078 413 HOMIL.
2121 356 2314 417 XXXI.
2352 363 2427 421 al.
2467 364 2684 423 XXXII.

3510 383 3616 442 3⁸14

2028 484 2207 531 autem
2235 478 2349 547 ipso
2373 481 2488 537 sole
2528 484 2725 540 clarius
2751 496 2853 542 est.
2882 488 2949 544 At
2978 505 3119 547 nunc
3152 507 3256 549 non
3280 495 3440 553 ﬁliam
3468 507 3611 557 tuam

2027 568 2341 661 suscitavit?
2375 571 2481 627 Sed
2521 577 2798 633 suscitabit
2835 579 2981 637 illam
3013 598 3135 638 cum
3178 586 3382 656 majore
3422 591 3611 661 gloria.

2028 655 2117 711 llla
2155 662 2296 715 enim
2327 680 2447 733 qua:
2471 671 2726 733 surrexit,
2759 672 2951 728 iterum
2982 687 3188 734 mortua
3218 655 3333 746 est;
3367 655 3452 738 tua
3484 701 3615 740 vero

2025 762 2147 845 cum
2192 758 2519 845 surrexerit,
2567 762 2802 818 manebit
2838 765 3176 825 immortalis.
3218 771 3390 829 Nemo
3431 776 3612 845 itaque

2026 839 2283 911 deinceps
2306 843 2504 915 lugeat,
2523 863 2696 915 neque
2712 852 3062 920 lamentetur,
3084 870 3242 909 nemo
3276 858 3480 913 Christi
3517 839 3604 915 vi-

2025 932 2254 1021 ctoriam
2269 937 2645 994 calumnietur.
2657 939 2792 996 Vicit
2805 944 2948 997 enim
2963 944 3049 999 ille
3059 956 3309 1002 mortem.
3329 948 3467 1016 Quid
3477 966 3607 1021 ergo

2026 1018 2231 1079 frustra
2249 1026 2467 1095 ploras?
2487 1030 2628 1086 Mors
2647 1047 2874 1089 somnus
2887 1036 3075 1090 euecta
3095 1048 3201 1093 est.
3226 1038 3367 1104 Quid
3393 1018 3606 1097 lamen-

2026 1115 2153 1167 taris
2190 1124 2244 1169 et
2273 1115 2465 1186 luges?
2510 1118 2640 1175 Illud
2665 1123 2807 1177 enim
2854 1126 2899 1179 si
2943 1128 3170 1195 gentiles
3204 1130 3457 1197 facerent,
3495 1133 3615 1189 irri—

2023 1201 2184 1258 dendi
2215 1217 2396 1262 essent
2431 1229 2444 1265 :
2473 1224 2596 1265 cum
2625 1223 2803 1270 autem
2835 1217 3005 1274 ﬁdelis
3028 1218 3127 1275 hoc
3154 1221 3378 1292 turpiter
3404 1223 3612 1295 fecerit,

2023 1310 2180 1364 quant
2204 1297 2419 1355 habebit
2441 1305 2880 1361 excusationem?
2905 1326 3023 1379 qua:
3051 1314 3201 1368 venia
3222 1316 3326 1370 erit
3347 1315 3462 1372 hate
3485 1319 3613 1375 insi-

2023 1387 2231 1457 pienter
2259 1395 2542 1462 agentibus
2565 1410 2684 1466 post
2706 1410 2907 1454 tantum
2937 1406 3192 1473 temporis
3217 1419 3273 1462 et
3295 1408 3495 1465 claram
3522 1426 3615 1468 re-

2022 1485 2367 1540 surrectionis
2392 1489 2801 1555 probationem?
2826 1495 2903 1549 Tu
2930 1512 3074 1561 vero,
3106 1513 3170 1553 ac
3201 1504 3245 1555 si
3271 1502 3487 1559 studeas
3510 1504 3613 1561 hoc

2022 1587 2296 1643 peccatum
2324 1580 2674 1652 ampliﬁcare,
2704 1586 2943 1654 pratﬁcas
2973 1591 3046 1657 (a)
3076 1591 3231 1646 nobis
3254 1594 3480 1663 gentiles
3515 1596 3612 1651 ad-

2021 1665 2192 1731 ducis,
2238 1669 2438 1725 luctum
2477 1674 2715 1730 excitans
2745 1687 2798 1731 et
2832 1677 3103 1735 fornacem
3147 1683 3438 1739 incendens
3469 1703 3484 1741 :
3513 1702 3613 1745 nec

2021 1760 2174 1813 audis
2221 1762 2443 1818 Paulum
2485 1764 2749 1823 dicentem
2782 1786 2795 1823 :
2834 1770 2963 1837 Qua:
3014 1775 3227 1829 societas
3268 1775 3459 1832 Christi
3495 1796 3611 1833 cum

2021 1850 2228 1906 Belial?
2252 1865 2340 1907 aut
2380 1873 2492 1925 quw
2517 1859 2680 1927 portio
2706 1861 2873 1927 ﬁdelis
2911 1879 3025 1917 cum
3063 1866 3259 1928 inﬁdeli
3298 1867 3375 1939 (2.
3403 1869 3519 1924 Cor.
3552 1871 3607 1926 6.

2024 1944 2155 2015 15)?
2183 1944 2342 2001 Certe
2361 1949 2607 2016 gentiles,
2636 1952 2724 2019 qui
2753 1951 2881 2007 nilnl
2903 1955 2970 2009 de
2999 1959 3393 2015 resurrectione
3411 1960 3607 2028 sciunt,

2019 2040 2335 2094 consolandi
2365 2051 2539 2096 tamen
2566 2043 2799 2099 rationes
2828 2045 3120 2113 inveniunt,
3165 2051 3405 2106 dicentes
3431 2070 3445 2107 :
3476 2052 3611 2107 For-

2021 2131 2146 2185 titer
2174 2130 2346 2198 feras;
2377 2147 2550 2201 neque
2592 2137 2793 2202 poteris
2823 2135 2874 2190 id
2913 2137 3054 2207 quod
3082 2139 3277 2194 factum
3307 2150 3409 2208 est,
3448 2143 3612 2198 infec-

2022 2235 2131 2280 tum
2161 2226 2409 2291 reddere,
2439 2227 2521 2281 vel
2564 2227 2809 2283 lamentis
2841 2245 2953 2285 rem
2982 2242 3225 2299 mutare;
3267 2245 3321 2287 tu
3350 2250 3478 2290 vero
3516 2238 3608 2307 qui

2019 2319 2345 2373 sublimioris
2385 2321 2719 2392 utiliorisque
2749 2322 3105 2393 philosophiae
3142 2336 3406 2397 praecepta
3432 2328 3605 2394 audis,

2019 2424 2124 2463 non
2159 2410 2427 2465 erubescis
2470 2414 2709 2482 turpiora
2734 2430 2889 2483 quam
2922 2416 2995 2470 illi
3023 2419 3221 2486 agens?
3246 2418 3429 2488 Neque
3457 2421 3599 2475 enim

2017 2503 2246 2558 dicimus
2275 2520 2374 2559 nos
2416 2523 2430 2558 :
2484 2506 2717 2561 Fortiter
2759 2507 2934 2573 feras;
2982 2524 3086 2563 non
3135 2526 3419 2580 possumus
3463 2514 3606 2568 enim

2016 2594 2158 2665 quod
2184 2594 2381 2650 factum
2411 2604 2495 2652 est
2519 2596 2769 2652 infectum
2807 2598 3063 2663 reddere;
3096 2601 3212 2665 sed,
3251 2601 3485 2657 Fortiter
3525 2601 3607 2658 fe-

2017 2702 2139 2749 ras;
2171 2702 2293 2742 nam
2321 2689 2539 2744 omnino
2567 2698 2843 2760 resurget;
2874 2690 3071 2745 dormit
3097 2693 3239 2746 enim
3270 2694 3467 2763 puella,
3498 2709 3608 2749 non

2017 2790 2223 2835 mortua
2252 2790 2335 2835 est
2364 2798 2377 2834 :
2408 2782 2651 2851 quiescit,
2681 2798 2782 2838 nec
2809 2784 2982 2852 periit.
3007 2782 3155 2838 Illam
3183 2786 3411 2856 excipiet
3438 2801 3608 2843 resur-

2015 2874 2214 2939 rectio,
2247 2872 2352 2926 vita
2396 2875 2739 2942 sempiterna,
2778 2874 3168 2943 immortalitas,
3200 2891 3317 2932 sors
3345 2879 3603 2948 angelica.

2015 2964 2130 3019 Non
2161 2965 2314 3020 audis
2339 2965 2605 3021 Psalmum
2635 2965 2922 3033 dicentem,
2951 2968 3264 3032 Convertere,
3284 2970 3456 3022 anima
3474 2987 3604 3036 mea,

2016 3056 2067 3109 in
2088 3056 2306 3126 requiem
2352 3066 2526 3122 tuam,
2572 3057 2690 3123 quia
2741 3056 2988 3111 Dominus
3035 3058 3276 3130 benefecit
3316 3058 3403 3113 tibi
3432 3058 3604 3129 (Psal.

2017 3150 2139 3203 114.
2170 3148 2267 3218 7)?
2293 3148 2431 3204 Deus
2454 3161 2682 3204 mortem
2710 3148 3024 3205 beneﬁcium
3061 3161 3233 3217 vocat,
3262 3162 3315 3207 et
3340 3160 3393 3206 tu
3424 3153 3607 3223 luges?

2019 3238 2084 3293 Et
2109 3238 2234 3309 quid
2264 3238 2491 3308 amplius
2511 3238 2717 3295 faceres
2745 3240 2790 3295 si
2820 3240 3052 3295 defuncti
3083 3242 3328 3297 inimicus
3356 3253 3410 3298 et
3434 3242 3607 3298 hostis

2015 3331 2197 3385 esses?
2217 3332 2272 3388 Si
2296 3332 2601 3401 lugendum,
2626 3332 2840 3388 diabolo
2861 3333 3146 3404 lugendum
3167 3343 3266 3390 est.
3292 3335 3383 3391 llle
3401 3335 3601 3406 lugeat,

2018 3425 2105 3479 ille
2127 3426 2466 3487 lamentetur,
2500 3425 2621 3495 quia
2651 3425 2718 3479 ad
2746 3427 2947 3495 majora
2972 3426 3109 3481 bona
3140 3428 3429 3498 pergimus.
3458 3427 3605 3485 lllius

2017 3516 2246 3587 nequitia
2277 3516 2433 3587 digna
2465 3526 2548 3571 est
2575 3516 2834 3587 ejusmodi
2862 3518 3203 3586 lamentatio;
3228 3534 3381 3575 secus
3407 3527 3483 3586 tu,
3510 3523 3601 3592 qui

2012 3609 2079 3665 ad
2108 3624 2359 3665 coronam
2388 3617 2440 3663 et
2460 3609 2697 3679 requiem
2726 3610 2953 3665 vocaris.
2980 3609 3113 3665 Nam
3136 3622 3320 3681 portus
3346 3612 3613 3683 tranquil-

2013 3701 2097 3756 lus
2141 3716 2288 3756 mors
2328 3709 2430 3756 est.
2472 3700 2750 3770 Perpende
2776 3700 2935 3771 igitur
2968 3710 3099 3773 quot
3145 3703 3300 3757 malis
3338 3703 3494 3773 plena
3532 3704 3605 3760 sit

2012 3793 2116 3847 vita
2147 3808 2384 3862 prmsens
2409 3809 2425 3850 :
2453 3794 2625 3864 cogita
2649 3793 2857 3863 quoties
2883 3795 2982 3862 ipsi
3005 3795 3365 3853 maledixeris.
3392 3797 3525 3852 Nam
3550 3798 3604 3854 in

2012 3884 2166 3955 pejus
2192 3900 2406 3955 semper
2442 3900 2529 3941 res
2569 3894 2881 3951 vertuntur,
2925 3894 3086 3958 atque
3127 3903 3155 3941 a
3186 3890 3448 3959 principio
3494 3906 3605 3946 non

2009 3978 2273 4032 modicam
2304 3978 2699 4033 damnationem
2745 3980 2966 4034 sortitus
2995 3994 3071 4034 es.
3113 3978 3177 4033 In
3203 3982 3481 4045 doloribus,
3523 3982 3605 4038 in-

2009 4070 2145 4139 quit,
2194 4072 2359 4139 paries
2399 4070 2535 4138 ﬁlios
2561 4069 2712 4139 (Gen.
2745 4071 2798 4125 3.
2836 4070 2924 4141 16)
2958 4086 2970 4123 :
3001 4081 3073 4134 et,
3111 4069 3177 4124 In
3220 4072 3403 4126 sudore
3438 4072 3603 4127 vultus

2012 4164 2083 4215 tui
2111 4163 2336 4217 comede:
2358 4180 2538 4233 panem
2563 4172 2706 4217 tuum
2731 4161 2833 4234 (Ib.
2867 4180 2915 4217 υ.
2946 4164 3033 4234 17)
3058 4182 3073 4219 :
3098 4175 3171 4231 et,
3208 4165 3271 4217 In
3298 4165 3488 4219 mundo
3513 4167 3606 4220 tri-

2009 4257 2315 4312 bulationem
2339 4256 2580 4312 habebitis
2605 4256 2781 4329 (Joan.
2804 4257 2892 4312 16.
2917 4257 3025 4328 '55).
3054 4258 3123 4311 At
3148 4257 3215 4312 de
3235 4258 3423 4313 futuris
3443 4257 3604 4314 rebus

2013 4348 2144 4404 nihil
2191 4348 2497 4417 hujusmodi
2537 4348 2754 4413 dicitur,
2800 4348 2911 4403 imo
2952 4349 3279 4402 contrarium
3328 4363 3549 4418 prorsus
3586 4367 3600 4404 :

2015 4440 2208 4512 E/fugit
2237 4440 2404 4505 dolor,
2428 4441 2632 4493 tristitia
2650 4448 2698 4494 et
2722 4440 2936 4510 gemitus
2965 4438 3120 4510 (lsai.
3146 4439 3237 4494 35.
3268 4438 3357 4508 10)
3384 4458 3399 4494 τ
3425 4450 3500 4504 et,
3527 4440 3601 4494 Ab

2012 4535 2201 4588 oriente
2224 4542 2271 4587 et
2305 4533 2561 4588 occidente
2585 4533 2798 4597 venient,
2830 4542 2878 4586 et
2902 4533 3186 4587 rerumbent
3207 4534 3261 4588 in
3290 4535 3407 4588 sinu
3436 4535 3604 4589 Abra-

2014 4629 2110 4692 Iue,
2157 4638 2204 4681 et
2234 4627 2406 4691 Isaac,
2447 4636 2494 4681 et
2521 4626 2683 4681 Jacob
2714 4625 2925 4698 (Matth.
2959 4626 3011 4682 8.
3058 4625 3147 4697 11)
3180 4645 3192 4680 :
3225 4635 3279 4682 et
3308 4628 3417 4684 illic
3442 4642 3605 4699 spon-

2013 4734 2105 4775 sus
2129 4720 2440 4790 spiritualis,
2471 4720 2703 4775 lucerna:
2743 4719 2979 4790 fulgidae,
3011 4721 3285 4776 translatio
3306 4722 3358 4777 itt
3388 4722 3600 4778 caelum.

2084 4814 2138 4868 4.
2167 4812 2274 4866 Cur
2300 4825 2429 4879 ergo
2457 4818 2722 4865 mortuum
2754 4809 3051 4881 deturpas?
3088 4827 3185 4867 cur
3207 4812 3327 4867 aliis
3357 4812 3603 4868 timorem

2016 4915 2408 4975 tremoremque
2432 4905 2620 4959 mortis
2644 4904 2913 4960 accersis?
2941 4920 3038 4959 cur
3058 4906 3395 4961 occasionem
3421 4906 3605 4961 multis

2017 4998 2222 5067 praebes
2244 4997 2518 5054 incusandi
2545 4999 2734 5063 Deum,
2758 5007 2943 5068 utpote
2961 5000 3052 5069 qui
3074 5014 3263 5070 magna
3284 4998 3473 5054 fecerit
3491 5014 3605 5054 ma.

2023 5092 2103 5149 1a?
2132 5091 2242 5145 lmo
2282 5104 2412 5146 vero
2445 5105 2542 5146 cur
2573 5100 2756 5160 postea
2796 5105 3060 5161 pauperes
3111 5105 3272 5146 vocas
3294 5132 3310 5160 ,
3341 5101 3397 5146 et
3420 5105 3603 5147 sacer-

2015 5185 2168 5241 dotes
2196 5198 2352 5255 rogas
2378 5184 2446 5240 ad
2477 5182 2838 5254 precandum?
2861 5183 2930 5240 Ut
2953 5184 3008 5239 in
3036 5184 3273 5256 requiem
3300 5184 3488 5252 abeat,
3516 5184 3604 5240 iit-

2015 5282 2165 5353 quies
2186 5322 2200 5344 ,
2232 5279 2279 5335 is
2306 5279 2396 5349 qui
2423 5287 2665 5333 mortuus
2689 5286 2774 5333 est
2794 5320 2810 5344 ,
2841 5288 2900 5332 ut
2930 5278 3216 5348 propitium
3246 5276 3441 5333 habeat
3464 5277 3607 5347 judi-

2014 5392 2154 5432 cem.
2184 5375 2259 5429 Ea
2302 5374 2461 5445 igitur
2486 5372 2554 5427 de
2584 5387 2743 5427 causa
2786 5371 2965 5440 ploras
2992 5380 3046 5426 et
3091 5370 3434 5441 ingemiscis?
3464 5370 3607 5442 Ergo

2018 5480 2191 5525 tecum
2217 5469 2332 5537 ipse
2364 5481 2565 5536 pugnas
2584 5507 2599 5527 .
2631 5480 2754 5520 cum
2777 5463 2853 5518 illi
2880 5472 3221 5533 tempestates
3246 5478 3402 5534 paras
3426 5463 3517 5534 qui
3538 5463 3607 5517 ad

2021 5572 2230 5632 portum
2250 5559 2397 5615 abiit.
2431 5558 2499 5613 Et
2523 5558 2650 5629 quid
2682 5557 2905 5611 faciam?
2933 5556 3174 5627 inquies:
3206 5556 3258 5611 id
3286 5564 3473 5611 natura
3495 5556 3609 5612 exi-

2016 5656 2112 5725 git.
2151 5652 2269 5709 Non
2297 5659 2382 5708 est
2418 5660 2625 5706 natura:
2660 5650 2814 5720 culpa
2854 5663 3029 5718 neque
3062 5663 3246 5704 rerum
3283 5647 3482 5716 seriei;
3513 5647 3609 5703 sed

2080 5767 2154 5830 (a)
2177 5765 2460 5830 Depraaﬁca
2482 5764 2598 5830 vide
2614 5763 2930 5830 Antiquitajr.
2952 5761 3171 5830 5.13.14,
3195 5770 3247 5815 et
3268 5763 3334 5816 de
3356 5761 3508 5815 forma
3527 5775 3609 5814 au-

2019 5825 2120 5883 tem
2136 5825 2345 5896 praeﬁcae
2367 5826 2763 5892 supplementum
2783 5832 2835 5876 τ.
2860 5825 2912 5889 5,
2931 5839 2979 5890 p.
3007 5826 3084 5877 14.
