4058 6356
313 366 428 436 επ

1124 376 1180 434 S.
1220 377 1503 437 JOANNIS
1541 377 2029 436 CHRYSOSTOMI
2064 381 2382 438 ARCHIEP.
2423 378 2962 438 CONSTANTINOP.

3635 375 3746 433 378

1896 566 2138 616 OMIAIA
2175 567 2297 618 AB’.

315 649 423 723 Καί
443 650 799 723 *παράγοντι
842 652 1072 723 ἐκεῖθεν
1121 652 1202 717 τῷ
1249 653 1444 719 Ἰησοῦ
1476 656 1902 723 ἠκολούθησαν
1935 657 1978 688 δ’

381 719 495 794 δύο
509 719 724 794 τύφλοὶ
741 722 1488 794 xpdi'mec,xal.1érmsc'
1511 719 1793 791 Ἐλέησον
1802 725 1981 794 ἡμᾶς,

258 820 272 832 -
382 789 478 844 υίὲ
501 789 698 862 Δαὺτδ.
745 789 852 846 Καὶ
888 793 1173 858 ἐλθόντος
1211 789 1396 846 αὐτοῦ
1426 793 1471 825 ⁸⁸
1507 797 1595 858 εἰς
1620 789 1734 862 τὴν
1765 789 1982 859 οἰκίαν,

385 859 742 932 προσῆλθον
785 863 945 927 αὐτῷ
999 865 1054 916 οἱ
1097 864 1336 931 τυφλοί,
1376 863 1476 916 καί
1511 859 1910 932 λέγειάῠτοῖς
1951 869 1985 921 ό

397 930 649 1004 Ἰησοῦς·
681 935 1028 1004 «Πιστεύετε
1049 932 1139 986 ὅτι
1164 930 1420 1004 δύναμαι
1443 930 1619 988 τοῦτο
1648 930 1935 1001 ποιῆσαις
1961 955 1979 986 ι

384 1000 686 1073 ᾼέγσυσιν
712 1003 892 1073 αὑτῷς
933 1019 953 1054 ι
988 1004 1123 1066 Ναί,
1163 1000 1359 1072 Κύριε.
1397 1024 1415 1055 ι
1454 1005 1591 1058 Τότε
1622 1000 1820 1073 ἥψατο
1867 1006 1988 1060 τῶν

386 1070 713 1146 ὀφθαλμῶν
737 1071 957 1146 αὐτῶν,
1223 1070 1428 1146 (Κατὰ
1454 1074 1570 1140 τὴν
1593 1070 1802 1146 πίστιν
1821 1075 1988 1146 ὑμῶν

385 1140 690 1266 Ἠγὲτω
720 1141 881 1213 ὑμῖν.
914 1160 932 1193 ι
975 1140 1083 1197 Καὶ
1113 1141 1508 1212 ἀνεῴχθησαν
1543 1145 1742 1200 αὐτῶν
1787 1140 1988 1216 σι’όφ·

506 1229 631 1280 μοι.

387 1313 532 1370 α’.Τί
548 1315 748 1388 δήποτε
767 1317 1030 1389 παρέλκει
1047 1317 1244 1382 αὐτοὺς
1259 1316 1562 1390 κράζοντας
1581 1334 1594 1382 ;
1615 1318 1780 1372 Πάλιν
1797 1318 1989 1372 ἐνταῦο

319 1397 392 1452 θα
422 1397 692 1452 παιδεύων
718 1400 866 1470 ἡμᾶς
891 1399 990 1470 τὴν
1024 1403 1176 1472 παρὰ
1203 1401 1309 1454 τῶν
1334 1400 1544 1455 πολλῶν
1576 1401 1880 1455 διωθεῖσθαι
1900 1403 1988 1456 δό-

320 1479 439 1546 ξαν.
482 1482 702 1553 Ἐπειδὴ
736 1483 846 1554 γάρ
876 1482 1101 1553 πλησίον
1124 1478 1192 1554 ἦν
1239 1485 1273 1554 ἡ
1295 1484 1463 1548 οἰκία,
1492 1485 1614 1551 ἄγει
1649 1485 1844 1548 αὐτοὺς
1875 1486 1994 1538 ἐκεῖ

319 1566 442 1619 κατ’
465 1566 602 1621 ίδίαν
631 1567 1006 1638 θεραπεύσων.
1037 1567 1148 1620 Καὶ
1175 1567 1331 1621 τοῦτο
1351 1567 1510 1638 δῆλον
1541 1566 1601 1630 ἐξ
1629 1561 1704 1620 ὧν
1721 1569 1815 1620 καὶ
1847 1585 1990 1639 παρ-

320 1649 541 1718 ήγγειλε
574 1650 761 1720 μηδθὶ
783 1651 978 1703 εἰπεῖν.
1019 1651 1092 1704 Οὐ
1123 1652 1295 1722 μικρά
1324 1650 1380 1704 δέ
1409 1651 1548 1722 αὐτη
1582 1651 1690 1704 τῶν
1725 1651 1993 1707 Ἰουδαίων

322 1731 650 1802 κατηγορία,
676 1731 804 1786 ὅταν
827 1727 974 1786 οῦτοι
1004 1732 1122 1802 μὲν,
1155 1732 1264 1786 τῶν
1283 1733 1579 1803 ὀφθαλμῶν
1612 1735 1796 1798 αὐτοῖς
1829 1736 1991 1789 ἐκκε-

321 1815 633 1885 κομμένων,
657 1814 716 1879 ἐξ
742 1815 910 1885 ἀκοῆς
951 1815 1121 1884 μόνης
1156 1815 1255 1886 τὴν
1279 1816 1461 1869 πίστιν
1480 1817 1760 1887 δέχωνταιο
1797 1819 1992 1869 ἐκεῖνοι

321 1895 380 1950 δὲ
405 1897 736 1968 Θεωροῦντες
759 1897 830 1950 τὰ
878 1896 1152 1967 θαύματα,
1201 1899 1295 1951 καὶ
1319 1897 1416 1968 τὴν
1454 1899 1574 1968 ὄψιν
1615 1898 1994 1969 μαρτυροῦσαν

321 1978 438 2042 τοῖς
471 1978 775 2048 γινομένοις
804 1977 1040 2049 ἔχοντες,
1066 1980 1324 2034 τάναντία
1365 1980 1543 2034 πάντα
1577 1981 1822 2035 ποιῶσιν.
1853 1981 1997 2050 Ὅρα

321 2059 382 2114 δὲ
403 2061 583 2115 αὐτῶν
607 2062 701 2115 καὶ
732 2061 831 2132 τὴν
873 2061 1313 2132 προθυμίαν,καὶ
1340 2063 1448 2115 ἀπὸ
1470 2063 1572 2132 τῆς
1609 2063 1877 2132 κραυγῆς,
1907 2062 1998 2116 καὶ

323 2143 421 2198 ἀπ’
471 2145 785 2215 αὐτῆςπῆς
831 2145 876 2176 θ’
929 2145 1241 2212 ἐντεύξεως.
1272 2146 1407 2198 Οὐδέ
1426 2145 1535 2216 γάρ
1555 2146 1742 2208 ἁπλῶς
1770 2145 2001 2214 προσῆλ-

321 2225 438 2291 θον,
475 2227 611 2282 ἀλλὰ
640 2227 848 2298 μεγάλα
868 2228 915 2259 ⁷⁸
948 2227 1196 2296 βοῶντες,
1241 2229 1336 2281 καὶ
1383 2229 1534 2281 οὐδὲν
1583 2229 1766 2300 ἕτερον
1811 2228 1925 2281 ἀλλ’
1962 2227 1998 2298 ἢ

323 2309 473 2364 ιλεον
500 2311 543 2344 ⁷³
579 2311 1026 2382 προϐαλλόμενοι.
1065 2312 1192 2365 Υίὸν
1223 2311 1280 2364 δὲ
1325 2311 1486 2365 Δαυῒδ
1515 2313 1764 2374 ἐκάλουν,
1812 2312 1999 2382 ἐπειδὴ

323 2394 385 2447 τὸ
403 2393 576 2465 ὄνομα
602 2394 770 2464 τιμῆς
795 2395 970 2447 ἐδόκει
1001 2390 1158 2448 εἶναι.
1203 2395 1475 2466 Πολλαχοῦ
1505 2396 1634 2464 γοῦν
1665 2397 1758 2450 καὶ
1777 2399 1826 2448 οί
1864 2414 1999 2466 προ-

324 2476 495 2548 φῆται
523 2478 648 2541 τοὺς
672 2476 944 2546 βασιλέας,
979 2475 1073 2540 οὓς
1099 2478 1377 2532 ἐϐούλοντο
1404 2481 1571 2550 τιμᾷν
1609 2480 1701 2532 καὶ
1733 2479 2000 2549 μεγάλους

325 2558 667 2627 ἀποφαίνειν,
683 2558 856 2622 οὕτως
878 2559 1127 2616 ἐκάλουν.
1156 2562 1265 2614 Καὶ
1284 2560 1509 2630 ἀγαγὼν
1529 2562 1726 2626 αὐτοὺς
1749 2559 1900 2632 [565]
1919 2563 2000 2624 είς

323 2642 424 2710 τὴν
445 2641 620 2693 οἰκίαν
643 2641 710 2700 ⁷⁸,
729 2640 986 2710 δευτέραν
1011 2640 1276 2711 ἐρώτησιν
1292 2643 1580 2714 προσάγει.
1598 2643 1871 2713 Πολλαχοῦ
1893 2642 2001 2713 γάρ

325 2722 658 2775 ἐσπούδακεν
679 2723 725 2753 ⁷³
755 2723 1132 2793 ίκετευόμενος
1157 2726 1361 2788 ίᾶσθαι,
1385 2725 1472 2778 ἵνα
1494 2727 1568 2798 μή
1590 2743 1672 2789 τις
1692 2727 1891 2800 νομίσῃ
1911 2727 2000 2780 διὰ

327 2805 638 2875 φιλοτιμίαν
682 2805 844 2859 αὐτὸν
888 2809 1000 2870 τοῖς
1042 2806 1284 2877 θαύμασι
1322 2808 1528 2872 τούτοις
1571 2810 1861 2879 ἐπιπηδᾷν·
1907 2811 2002 2861 καὶ

325 2887 388 2940 οὐ
415 2887 503 2941 διὰ
534 2887 690 2940 τοῦτο
719 2887 898 2957 μόνον,
934 2888 1049 2942 ἀλλ’
1078 2889 1166 2943 ῖνα
1189 2889 1239 2922 ⁷⁸
1265 2890 1433 2961 δείξῃ,
1454 2892 1537 2945 ὅτι
1567 2892 1662 2945 καὶ
1691 2890 1830 2956 άξιοι
1861 2888 2002 2962 ἦσαν

327 2969 627 3042 θεραπείας
655 2987 668 3002 ⁸
709 2973 804 3026 καὶ
861 2973 950 3026 ἵνα
990 2973 1063 3044 μή
1093 2990 1179 3037 τις
1207 2973 1361 3044 λέγῃ,
1388 2975 1468 3027 ὅτι
1499 2975 1560 3027 Εἰ
1595 2974 1730 3044 ἐλέῳ
1756 2976 1802 3006 ⁷⁸
1845 2974 2002 3044 μόνον

329 3053 520 3119 ἔσωζε,
554 3055 761 3118 πάντας
792 3055 1062 3119 σώζεσθαι
1087 3056 1215 3110 ἔδει.
1249 3057 1401 3126 Ἔχει
1424 3057 1532 3128 γάρ
1553 3074 1675 3110 τινα
1700 3057 1848 3128 καὶὴ
1877 3059 2000 3127 φιλ-

328 3137 613 3210 ανθρωπία
639 3137 813 3206 λόγον,
840 3139 934 3192 τὸν
973 3139 1082 3192 ἀπὸ
1117 3139 1218 3209 τῆς
1248 3140 1485 3202 πίστεως
1517 3139 1624 3193 τῶν
1656 3139 1996 3210 σωζομένων.

329 3221 406 3274 Οὐ
434 3221 524 3276 διὰ
555 3221 733 3274 ταῦτα
760 3221 819 3275 δὲ
844 3222 1002 3292 μόνον
1051 3223 1152 3292 τήν
1179 3223 1362 3275 πίστιν
1391 3223 1588 3286 αὐτοὺς
1613 3224 1850 3282 ἀπαιτεῖ,
1887 3224 2002 3276 ἀλλ’

328 3303 514 3374 ἐπειδὴ
549 3299 700 3357 εἷπον
728 3303 842 3356 υἱὸν
868 3305 915 3336 ⁷⁸
965 3304 1150 3368 Δαυῒδ,
1183 3305 1398 3373 ἀνάγων
1419 3305 1614 3368 αὐτοῦ..
1657 3304 1748 3357 ἐπὶ
1775 3305 1838 3358 τὸ
1869 3305 2007 3378 ὑψη-

328 3384 570 3458 λότερον,
605 3389 701 3441 καὶ
724 3387 1016 3454 παιδεύων,
1045 3388 1082 3443 ἃ
1107 3390 1236 3460 χρὴ,
1267 3388 1396 3456 περὶ
1421 3387 1589 3442 αὐτοῦ
1616 3387 2004 3457 φαντάζεσθαι,

331 3470 484 3540 φησί·
515 3472 835 3525 Πιστεύετε
859 3472 947 3525 ὅτι
969 3472 1226 3540 δύναμαι
1256 3471 1434 3526 τοῦτο
1474 3484 1723 3539 ποιησαι
1738 3486 1759 3534 ;
1787 3473 1899 3524 Οὐκ
1926 3469 2005 3525 εί-

330 3567 457 3618 πεν,
483 3553 566 3607 ὅτι
595 3555 892 3607 Πιστεύετε
925 3556 1008 3608 ὅτι
1037 3554 1272 3625 δύναμαι
1306 3553 1685 3623 παρακαλέσαι
1713 3556 1804 3609 τὸν
1838 3557 2008 3611 Πατέ-

335 3653 406 3706 ρα
443 3654 569 3707 μου,
595 3638 678 3690 ὅτι
710 3639 756 3670 ⁷⁷
780 3637 1016 3708 δύναμαι
1059 3636 1342 3704 εὐξασθαι,
1379 3636 1516 3702 ἀλλ’,
1553 3637 1676 3691 Ὀτι
1711 3639 1822 3706 ἐγὼ
1849 3638 2008 3692 δύνα-

333 3735 436 3789 μαι
468 3717 627 3771 τοῦτο
659 3718 904 3787 ποιῆσαι.
935 3718 1000 3771 Τί
1033 3714 1125 3772 οὖν
1155 3720 1384 3782 ἐκεῖνοι;
1430 3717 1564 3780 Ναί,
1589 3719 1784 3786 Κύριε.
1812 3720 2007 3774 Οὐκέτι

331 3799 497 3853 Δαυῒδ
535 3801 652 3854 υἱὸν
673 3801 836 3854 αὐτὸν
856 3800 1133 3866 καλοῦσιν,
1162 3801 1276 3855 ἀλλ’
1297 3800 1627 3871 ὑψηλότερον
1663 3801 2004 3867 ἀνίπτανται,

333 3881 429 3934 καὶ
464 3880 564 3951 τὴν
596 3880 911 3935 δεσποτείαν
949 3881 1292 3952 ὁμολογοῦσι.
1349 3882 1457 3934 Καὶ
1495 3882 1618 3934 τότε
1668 3883 1855 3935 λοιπὸν
1912 3885 2006 3937 καὶ

333 3964 496 4028 αὐτὸς
534 3965 810 4035 ἐπιτίθησι
837 3966 937 4035 τὴν
976 3967 1155 4036 χεῖρα,
1197 3964 1391 4032 λέγων’
1431 3965 1596 4018 Κατὰ
1639 3965 1756 4032 τὴν
1800 3966 2008 4021 πίστιν

331 4047 501 4115 ὑμῶν
529 4047 834 4118 γενηθήτω
880 4049 1042 4118 ὑμῖν.
1080 4049 1230 4101 Ποιεί
1261 4047 1318 4099 δέ
1345 4047 1520 4112 τοῦτο,
1563 4048 1661 4119 τὴν
1695 4049 1876 4102 πίστιν
1908 4051 2009 4103 αὐ-

333 4131 445 4184 τῶν
475 4132 705 4202 ῥωννὺς,
736 4131 831 4185 καὶ
863 4131 1078 4194 δεικνὺς
1123 4129 1382 4202 μεριστάς
1417 4130 1577 4194 δντας
1615 4132 1708 4184 τοῦ
1733 4133 2010 4202 κατορθώ-

337 4231 527 4284 ματος,
575 4216 670 4268 καὶ
721 4213 1013 4288 μαρτυρῶν
1042 4215 1124 4267 ὅτι
1152 4214 1214 4267 οὐ
1245 4213 1534 4276 κολακείας
1571 4214 1638 4267 τὰ
1661 4217 1883 4284 ῥήματα
1917 4211 2007 4286 ἦν.

335 4297 470 4351 Οὐδέ
499 4297 609 4368 γάρ
633 4293 806 4362 εἶπεν,
835 4296 1264 4366 Ἀνοιχθήτωσαν
1291 4295 1443 4366 ὐμῶν
1472 4297 1522 4348 οί
1547 4296 1832 4365 ὀφθαλμοὶ,
1852 4297 2008 4361 ἀλλά,

332 4381 499 4437 Κατὰ
526 4379 640 4448 τὴν
667 4382 876 4434 πίστιν
902 4380 1068 4450 ὒμῶν
1101 4380 1406 4449 γενηθήτω
1426 4380 1587 4450 ὑμῖν·
1616 4381 1644 4434 ὃ
1677 4381 1888 4445 πολλοῖς
1902 4381 2012 4436 τῶν

333 4463 740 4536 προσελθόντων
762 4463 929 4534 λέγει,
965 4463 1071 4537 πρὸ
1095 4465 1193 4535 τῆς
1217 4463 1326 4516 τῶν
1354 4464 1621 4534 σωμάτων
1649 4464 1887 4536 ἰατρείας
1908 4465 2006 4536 τὴν

335 4547 397 4600 ἐν
419 4549 488 4618 τῇ
514 4545 659 4616 ψυχῇ
711 4546 893 4598 πίστιν
929 4544 1375 4616 προανακηρῦξαι
1426 4545 1688 4611 σπεύδων,
1720 4545 1860 4600 ὥστε
1912 4547 2006 4601 καὶ

333 4631 577 4695 ἐκείνους
599 4631 1055 4700 εὐδοκιμωτέρους
1079 4632 1319 4699 ποιῆσαι,
1361 4629 1455 4682 καὶ
1477 4629 1695 4700 ἐτέρους
1730 4630 2007 4684 σπουδαιο·

332 4714 530 4785 τέρους
567 4712 990 4768 κατασκευάσαι.
1031 4713 1186 4766 Οὕτω
1215 4714 1306 4766 καὶ
1342 4713 1434 4764 ἐπὶ
1465 4712 1559 4765 τοῦ
1596 4713 2004 4784 παραλυτικοῦο

334 4796 432 4851 καὶ
464 4796 574 4868 γὰρ
608 4795 716 4864 πρὸ
741 4794 834 4847 τοῦ
861 4796 1079 4863 σφίγξαι
1114 4797 1175 4849 τὸ
1203 4797 1382 4866 σῶμα,
1412 4797 1512 4867 τὴν
1538 4797 1714 4867 ψυχὴν
1746 4797 2006 4867 κειμένην

334 4879 610 4951 ἀνίστησι,
645 4878 838 4947 λέγων·
893 4880 1129 4948 Θάρσει,
1180 4881 1419 4946 τέκνον,
1452 4873 1750 4950 ἀέρέωνται
1797 4899 1912 4936 σου
1948 4884 2008 4934 αἱ

333 4960 631 5030 ἁμαρτίαν
664 4962 758 5016 καὶ
795 4960 855 5015 τὸ
886 4961 1140 5030 κοράσιον
1178 4957 1235 5015 δὲ
1265 4963 1576 5032 ἀναστήσας
1618 4965 1870 5034 κατέσχε,
1915 4966 2010 5018 καὶ

334 5042 424 5096 διά
455 5045 556 5114 τῆς
589 5042 867 5115 τραπέζης
904 5044 1141 5108 ἐδίδαξεν
1186 5046 1356 5115 αὐτὴν
1406 5045 1498 5098 τὸν
1549 5047 1862 5116 εὐεργέτην·
1913 5049 2008 5100 καὶ

334 5128 432 5180 ἐπὶ
459 5125 554 5181 τοῦ
589 5128 986 5198 ἑκατοντάρχου
1014 5128 1072 5182 δὲ
1101 5129 1302 5199 ὁμοίως
1354 5129 1598 5198 ἐποίησε,
1624 5132 1690 5199 τῇ
1728 5129 1904 5183 πίστει
1948 5131 2008 5184 τὸ

335 5213 447 5266 πᾶν
469 5211 787 5282 ἐπιτρέψαςο
827 5213 921 5264 καὶ
970 5213 1095 5276 τοὺς
1135 5211 1384 5283 μαθητάς
1427 5213 1484 5265 δέ
1518 5213 1872 5266 ἀπαλλάττων
1911 5215 2005 5266 τοῦ

337 5295 613 5367 χειμῶνος
674 5296 774 5365 τῆς
836 5294 1111 5367 θαλάσσης
1137 5336 1151 5359 ,
1211 5296 1313 5364 τῆς
1373 5296 1740 5364 ὀλιγοπιστίας
1792 5297 2008 5368 πρῶτον

336 5378 699 5450 ἀπήλλαττεν.
727 5377 883 5432 Οῦτω
916 5378 980 5450 δὴ
1011 5379 1103 5432 καὶ
1142 5378 1395 5432 ἐνταῦθα’
1443 5379 1558 5450 ᾔδει
1613 5379 1712 5451 μὲν
1770 5380 1865 5433 καὶ
1901 5378 2008 5452 πρὸ

410 5509 458 5542 ιτ
477 5506 875 5578 ἠκολρῠθηᾳαν]
908 5507 1030 5562 add.
1063 5506 1212 5578 αὐτῷ
1235 5505 1300 5578 Α.
1331 5505 1368 5561 2
1400 5506 1611 5578 M050“:

1710 5507 1756 5538 ⁸⁸
1791 5507 2026 5560 Ἐλθόντι
2066 5506 2122 5560 δέ
2153 5508 2301 5576 αὐτῷ
2329 5516 2380 5561 el
2413 5523 2466 5576 β.

2084 658 2182 727 τῆς
2222 656 2446 709 ἐκείνων
2487 654 2671 724 φωνῆς
2717 652 2879 715 αὐτὸς
2925 650 2994 704 τὰ
3040 651 3330 722 ἀπόρρητα
3359 650 3459 720 τῆς
3487 647 3750 709 διανοίας·

2085 739 2171 792 ἵνα
2195 739 2252 792 δέ
2283 740 2377 791 καὶ
2400 738 2618 807 ἐτέρους
2640 737 2717 800 είς
2759 737 2850 789 τὸν
2895 735 3056 789 αὐτὸν
3081 733 3238 804 ζῆλον
3273 733 3477 804 ἀγάγῃ,
3500 731 3594 785 καὶ
3636 730 3752 792 τοῖς

2084 822 2264 886 ἄλλοις
2294 821 2622 892 καταδήλους
2645 820 2840 882 αὐτοὺς
2889 818 3051 879 ποιεῖ,
3084 816 3173 870 διὰ
3201 814 3295 868 τοῦ
3329 815 3512 876 τέλους
3538 812 3637 880 τῆς
3669 811 3755 864 ία-

2083 906 2272 978 τρείας
2289 906 2388 976 τὴν
2411 903 2792 976 κρυπτομένην
2821 901 3000 954 αὐτῶν
3024 899 3206 952 πίστιν
3227 896 3638 968 ἀνακηρύττων.

2157 988 2292 1044 Εἶτα
2319 987 2458 1058 μετά
2504 986 2602 1054 τὴν
2657 984 2896 1056 ἰατρείαν
2939 981 3148 1037 κελεύει
3184 980 3371 1052 μηδενὶ
3409 981 3600 1032 εἰπεῖν’
3658 977 3758 1031 καὶ

2086 1071 2184 1142 οὐχ
2229 1071 2415 1133 ἁπλῶς
2456 1068 2688 1132 κελεύει,
2719 1066 2854 1120 ἀλλά
2900 1064 3036 1137 μετὰ
3072 1063 3272 1134 πολλῆς
3313 1061 3414 1132 τῆς
3457 1059 3760 1142 σφοδρότη-

2085 1139 2196 1218 τος.
2239 1151 2698 1221 Ἐνεϐριμήσατο
2727 1149 2837 1220 γὰρ
2863 1147 3066 1212 αὐτοῖς
3110 1149 3143 1201 ό
3187 1146 3436 1214 Ἰησοῦς,
3470 1143 3625 1214 φησι,
3656 1139 3763 1195 λέ·-

2087 1254 2229 1304 των·
2267 1234 2492 1304 Ὀρᾶτε,
2541 1232 2752 1304 μηδείς
2780 1232 3137 1302 γινωσκέτω.
3175 1232 3237 1282 Ol
3291 1227 3360 1281 δὲ
3381 1227 3763 1291 ἐξελθόντες,

2089 1317 2453 1388 διεφήμισαν
2470 1316 2656 1371 αὐτὸν
2687 1316 2756 1369 ὲν
2785 1313 2896 1382 ὅλῃ
2937 1311 3011 1381 τῇ
3037 1310 3114 1382 τῇ
3143 1311 3368 1379 ἐκείνῃ.
3411 1309 3486 1362 Οὐ
3525 1309 3631 1378 μὴν
3662 1308 3765 1376 ὴν-

2091 1399 2311 1470 έσχοντο
2335 1400 2552 1464 ἐκεῖνοι,
2575 1398 2690 1452 ἀλλ’
2712 1397 2959 1465 ἐγένοντο
2985 1396 3223 1466 κήρυκες
3243 1393 3335 1447 καὶ
3356 1388 3762 1460 εὐαγγελισταί·

2091 1484 2187 1536 καὶ
2235 1481 2580 1552 κελευόμενοι
2638 1479 2903 1552 κρύπτειν
2963 1477 3024 1531 τὸ
3075 1476 3482 1546 γεγενημένον,
3523 1475 3623 1526 οὐκ
3666 1473 3769 1542 ἠν-

2093 1566 2334 1636 έσχοντο.
2357 1566 2421 1618 Εί
2447 1564 2508 1619 δέ
2546 1563 2780 1634 ἀλλαχοῦ
2813 1562 3060 1632 φαίνεται
3100 1561 3294 1629 λέγων·
3333 1561 3614 1620 Ἀπελθε,
3661 1556 3767 1611 καί

2092 1649 2302 1720 διηγοῦ
2331 1649 2446 1717 τὴν
2473 1649 2664 1713 δόξαν
2688 1647 2796 1703 τοῦ
2825 1646 2992 1701 Θεοῦ·
3016 1647 3116 1699 οὐκ
3152 1645 3298 1698 ἐστιν
3323 1642 3564 1696 ἐναντίον
3587 1643 3771 1694 ἐκεῖνο

2092 1734 2289 1805 τούτῳ,
2328 1732 2465 1786 ἀλλά
2486 1732 2582 1784 καὶ
2617 1730 2820 1802 σφόδρα
2861 1729 3176 1800 συμϐαῖνον.
3209 1723 3586 1796 Παιδεύειγάρ
3613 1726 3766 1794 ἡμᾶς

2095 1819 2289 1879 αὐτοὺς
2335 1815 2433 1887 μὲν
2466 1815 2593 1886 περὶ
2639 1815 2848 1868 ἐαυτῶν
2875 1813 3038 1885 μηδὲν
3092 1812 3295 1878 λέγειν,
3343 1809 3481 1864 ἀλλά
3517 1809 3610 1861 καὶ
3634 1808 3768 1870 τοὺς

2099 1899 2457 1972 βουλομένους
2482 1900 2629 1970 ἡμᾶς
2671 1898 3041 1968 ἐγκωμιάζειν
3087 1895 3338 1949 κωλύειν’
3385 1895 3434 1947 εἰ
3471 1893 3527 1945 δέ
3560 1893 3640 1954 είς
3672 1891 3770 1942 τὸν

2097 1983 2276 2054 Θεὸνή
2303 1983 2427 2046 δόξα
2449 1981 2790 2052 ἀναφέροιτο,
2815 1978 2965 2052 [566]
2983 1980 3056 2050 μὴ
3082 1978 3240 2048 μόνον
3265 1977 3337 2047 μὴ
3364 1974 3614 2033 κωλύειν,
3630 1973 3774 2026 ἀλλά

2100 2068 2195 2122 καὶ
2232 2067 2541 2121 ἐπιτάττειν
2579 2065 2740 2118 τοῦτο
2772 2067 2964 2117 ποιεῖν.
2987 2062 3193 2116 Αὐτῶν
3222 2061 3292 2113 δὲ
3336 2057 3770 2127 ἐξερχομένων,

2100 2148 2262 2220 φησὶν
2287 2187 2302 2211 ,
2358 2147 2488 2201 ἰδοὺ
2559 2147 2697 2179 ⁷⁸·θδ
2744 2145 3172 2214 προσήνεγκαν
3231 2140 3392 2206 αὺτῷ
3455 2141 3776 2220 ἄνθρωπον

2099 2218 2323 2301 κωφὸν,
2385 2229 2886 2301 δαιμονιζόμενον.
2934 2229 3008 2281 Οὐ
3037 2228 3147 2298 γάρ
3175 2227 3275 2296 τῆς
3334 2223 3549 2293 φύσεως
3597 2218 3666 2292 ἦν
3709 2220 3778 2274 τὸ

2100 2317 2290 2379 πάθος,
2318 2313 2454 2368 ἀλλά
2487 2314 2580 2367 τοῦ
2627 2313 2880 2384 δαίμονος
2923 2313 2957 2381 ἡ
3005 2310 3290 2380 ἐπιϐουλή’
3320 2308 3402 2360 διὸ
3440 2308 3533 2359 καὶ
3566 2305 3777 2374 ἐτέρων

2098 2400 2268 2454 δεῖται
2291 2399 2397 2451 τῶν
2421 2396 2830 2468 προσαγόντων.
2870 2394 3005 2448 Οὐδὲ
3046 2394 3154 2463 γάρ
3188 2393 3254 2444 δι’
3289 2387 3486 2443 ἐαυτοῦ
3515 2404 3776 2457 παρακα-

2100 2483 2252 2536 λέσαι
2295 2480 2544 2551 ἠδύνατο,
2573 2481 2783 2547 ἄφωνος
2813 2477 2908 2539 ὣν,
2951 2477 3070 2529 οὐδέ
3101 2477 3321 2545 ἐτέρους
3362 2468 3776 2534 ἱκετεῦσαι,τοῦ

2099 2565 2349 2635 δαίμονος
2379 2564 2638 2635 δήσαντος
2651 2561 2749 2632 τὴν
2773 2559 3035 2629 γλῶτταν,
3070 2559 3162 2611 καὶ
3175 2559 3272 2629 τὴν
3300 2556 3478 2627 ψυχὴν
3514 2552 3652 2624 μετά
3669 2553 3778 2622 τῆς

2099 2645 2347 2716 γλώττης
2375 2645 2724 2715 πεδήσαντος.
2743 2643 2843 2696 Διά
2885 2641 3044 2695 τοῦτο
3072 2640 3193 2693 οὐδὲ
3223 2641 3446 2692 ἀπαιτεῖ
3475 2637 3658 2690 πίστιν
3674 2635 3780 2688 αὐ-

2098 2729 2210 2792 τὸν,
2247 2728 2359 2782 ἀλλ’
2385 2728 2585 2791 εὐθέως
2622 2726 2928 2797 διορθοῦται
2967 2725 3027 2778 τὸ
3055 2725 3287 2793 νόσημα.
3349 2721 3781 2787 Ἐκϐληθέντος

2099 2810 2207 2880 γὰρ
2233 2810 2338 2864 τοῦ
2365 2810 2648 2878 δαίμονος
2676 2809 2742 2873 ⁸⁸,
2769 2808 2952 2878 φησὶν,
2986 2806 3291 2873 ἐλάλησεν
3318 2809 3350 2859 ὁ
3374 2805 3588 2870 κωφός.
3615 2805 3679 2854 Οἱ
3703 2799 3781 2852 δὲ

2102 2893 2268 2962 ὄχλοι
2300 2893 2670 2961 ἐθαύμασαν,
2701 2893 3002 2961 λέγοντες·
3035 2888 3330 2944 Οὐδέποτε
3365 2888 3556 2957 ἐφάνη
3585 2886 3777 2949 οὕτως

2100 2973 2171 3026 ὲν
2201 2974 2280 3040 τῷ
2321 2974 2580 3043 Ἰσραήλ.
2619 2976 2684 3027 Ὃ
2737 2975 2802 3044 δὴ
2853 2973 3087 3044 μάλιστα
3115 2973 3240 3043 ἠνία
3267 2973 3392 3036 τοὺς
3417 2969 3770 3042 Φαρισαίους,

2109 3056 2190 3109 ὅτι
2215 3057 2432 3110 πάντων
2463 3056 2625 3110 αὐτὸν
2648 3056 3028 3127 προύτίθεσαν,
3051 3057 3112 3109 οὐ
3136 3057 3243 3109 τῶν
3273 3057 3390 3108 τότε
3420 3055 3609 3116 ὄντων,
3636 3051 3777 3106 ἀλλὰ

2105 3140 2198 3192 καὶ
2222 3139 2330 3192 τῶν
2358 3138 2575 3192 πώποτε
2605 3139 2912 3209 γενομένων
2939 3139 2986 3170 ⁸⁸
3005 3154 3021 3169 ο
3050 3137 3411 3210 προύτίθεσαν
3447 3136 3523 3196 δέ,
3563 3135 3664 3203 οὐχ
3692 3133 3778 3185 ὅτι

2105 3223 2452 3294 ἐθεράπευεν,
2494 3223 2609 3275 ἀλλ’
2657 3224 2740 3275 ὅτι
2786 3222 3125 3293 ρᾳδίως,καὶ
3176 3219 3406 3289 ταχέως,
3453 3218 3546 3272 καὶ
3571 3217 3780 3285 ἄπειρα.

2107 3309 2408 3376 νοσήματα,
2447 3307 2542 3358 καὶ
2566 3305 2800 3367 ἀνιάτως
2828 3304 3038 3374 ἔχοντα.
3072 3304 3181 3356 Καὶ
3208 3305 3235 3356 ὁ
3258 3303 3356 3371 μὲν
3385 3301 3556 3370 δῆμος
3577 3297 3776 3359 οὕτως.

2179 3389 2242 3459 β’.
2269 3391 2330 3441 Οἱ
2357 3391 2639 3458 Φαρισαῖοι
2673 3389 2730 3440 δέ
2760 3387 3070 3440 τούναντίον
3099 3386 3246 3440 ἆπαν
3280 3387 3346 3437 ⁸⁷.
3380 3385 3454 3437 Οὐ
3482 3384 3592 3452 γὰρ
3614 3381 3780 3450 μόνον

2104 3473 2446 3526 διαϐάλλουσι
2479 3473 2546 3526 τὰ
2594 3471 2956 3542 γεγενημένα,
2981 3469 3117 3523 ἀλλά
3143 3471 3240 3523 καὶ
3279 3467 3495 3520 ἐναντία
3527 3465 3782 3532 λέγοντες

2107 3556 2318 3618 ἑαυτοῖς
2367 3556 2468 3609 οὐκ
2495 3553 2860 3624 αἰσχύνονται.
2897 3552 3151 3606 Τοιοῦτον
3200 3551 3308 3622 γὰρ
3340 3552 3373 3621 ὴ
3406 3547 3659 3618 πονηρία.
3709 3545 3780 3598 Τί

2106 3636 2215 3708 γάρ
2253 3654 2446 3706 φασιν;
2493 3637 2596 3691 Ἐν
2627 3636 2708 3702 τῷ
2745 3635 2986 3705 ἄρχοντι
3008 3634 3128 3688 τῶν
3156 3633 3477 3702 δαιμονίων
3496 3629 3780 3684 ἐκϐάλλει

2107 3721 2179 3774 τὰ
2205 3721 2498 3792 δαιμόνια·
2531 3714 2591 3775 οῦ
2645 3721 2698 3773 τί
2725 3721 2922 3788 γένοιτ’
2973 3718 3040 3772 ἂν
3084 3717 3465 3787 ἀνοητότερον;
3522 3713 3782 3767 Μάλιστα

2112 3803 2210 3873 μὲν
2234 3804 2363 3876 γάρ,
2391 3805 2421 3858 ὃ
2445 3805 2539 3858 καὶ
2568 3802 2774 3874 προϊών
2803 3814 2988 3872 φησιν,
3017 3801 3294 3871 ἀμήχανον
3322 3798 3551 3868 δαίμονα
3579 3796 3782 3850 ἐκϐάλ-

2109 3887 2165 3940 λε
2177 3906 2222 3940 ιν
2243 3889 2487 3958 δαίμονα·
2513 3887 2582 3940 τὰ
2594 3888 2702 3958 γὰρ
2726 3885 2921 3939 ἐαυτοῦ
2951 3887 3265 3955 συγκροτεῖν
3295 3881 3502 3945 είωθεν,
3529 3879 3589 3933 οὐ
3613 3896 3781 3933 κατα-

2110 3970 2256 4024 λύειν
2287 3972 2331 4002 ”
2357 3973 2580 4034 ἐκεῖνος.
2617 3970 2789 4033 Αὐτὸς
2823 3969 2879 4021 δέ
2907 3968 3029 4038 οὐχὶ
3051 3967 3312 4036 δαίμονας
3334 3963 3552 4030 ἐξέϐαλε
3588 3963 3776 4032 μόνον,

2110 4053 2246 4106 άλλά
2285 4054 2380 4105 καὶ
2430 4053 2667 4121 λεπροὺς
2717 4050 2972 4121 ἐκάθηρε,
3004 4049 3098 4102 καὶ
3135 4048 3359 4118 νεκροὺς
3418 4046 3623 4116 ῆγειρε,
3679 4045 3780 4098 καὶ

2111 4136 2380 4188 θάλατταν
2423 4134 2690 4203 ἐχαλίνου,
2742 4133 2836 4186 καὶ
2889 4131 3264 4202 ἁμαρτήματα
3292 4128 3431 4189 ἔλυε,
3479 4127 3574 4180 καὶ
3620 4126 3781 4194 βασι·

2110 4219 2255 4271 λείαν
2282 4218 2565 4289 ἐκήρυττε,
2606 4216 2702 4270 καὶ
2735 4215 2812 4285 τῷ
2847 4213 3022 4284 Πατρὶ
3066 4212 3358 4283 προσῆγεν·
3388 4211 3530 4278 ἀπερ
3561 4207 3674 4260 οὐτ’
3709 4206 3780 4262 ἂν

2109 4301 2282 4354 ἓλοιτό
2312 4319 2441 4354 ποτε
2461 4301 2692 4371 δαίμων,
2729 4297 2840 4351 οὐτ’
2869 4297 2936 4351 ἂν
2959 4295 3213 4364 δυνηθείη
3244 4293 3372 4345 ποτέ
3413 4289 3778 4362 ἐργάσασθαι.

2111 4386 2175 4439 Οἱ
2206 4385 2313 4456 γάρ
2353 4383 2604 4454 δαίμονες
2647 4380 2885 4444 εἰδώλοις
2933 4378 3308 4450 προσάγουσι,
3352 4375 3447 4428 καὶ
3486 4371 3621 4426 Θεοῦ
3668 4372 3781 4424 ἀπ-

2113 4469 2325 4538 άγουσι,
2356 4468 2452 4521 καὶ
2477 4470 2541 4538 τῇ
2572 4465 2840 4536 μελλούσῃ
2864 4465 2976 4534 ζωῇ
3007 4464 3255 4518 ἀπιστεῖν
3271 4459 3565 4513 πείθουσιν.
3582 4458 3641 4512 '0
3656 4457 3781 4510 δαί-

2113 4570 2230 4624 μων
2249 4551 2600 4622 ὐϐριζόμενος
2629 4549 2729 4603 οὐκ
2751 4549 3048 4618 εὐεργετεῖ,
3079 4548 3211 4600 ὅπου
3235 4563 3298 4614 γε
3331 4545 3426 4598 καὶ
3457 4543 3531 4614 μὴ
3559 4542 3782 4612 ὑϐριζό-

2113 4651 2272 4706 μενος
2311 4634 2538 4704 βλάπτει
2573 4634 2698 4696 τοὺς
2735 4631 3136 4703 θεραπεύοντας
3157 4629 3318 4682 αὐτὸν
3355 4627 3450 4680 καὶ
3479 4625 3777 4696 τιμῶντας.

2109 4717 2281 4780 Αὐτὸς
2318 4717 2377 4769 δὲ
2401 4715 2706 4770 τούναντίον
2731 4717 2892 4768 ποιεῖ’
2931 4714 3070 4785 μετά
3104 4715 3210 4784 γὰρ
3236 4713 3335 4776 τὰς
3366 4711 3548 4782 ὕϐρεις
3570 4709 3781 4772 ταύτας

2112 4800 2207 4852 καὶ
2228 4799 2326 4860 τὰς
2353 4798 2641 4870 λοιδορίας,
2671 4797 2944 4866 Περιῆγε,
2996 4797 3150 4865 φησὶ,
3177 4796 3284 4860 τὰς
3325 4795 3532 4857 πόλεις
3571 4791 3781 4858 πάσας

2113 4882 2210 4935 καὶ
2230 4882 2336 4947 τὰς
2356 4880 2574 4949 κώμας,
2599 4879 2903 4933 διδάσκων
2916 4880 2985 4933 ἐν
3010 4879 3140 4944 ταῖς
3158 4876 3534 4946 συναγωγαῖς
3553 4871 3780 4937 αὐτῶν,

2113 4965 2212 5018 καὶ
2264 4966 2588 5035 κηρύσσων
2627 4965 2694 5016 τὸ
2739 4963 3106 5032 Εὐαγγέλιον
3135 4961 3244 5029 τῆς
3288 4960 3632 5026 βασιλείας,
3674 4958 3780 5013 καί

2113 5049 2450 5115 θεραπεύων
2475 5046 2682 5102 πᾶσαν
2709 5047 2900 5098 νόσον
2940 5045 3039 5098 καὶ
3063 5041 3270 5099 πᾶσαν
3307 5042 3630 5112 μαλακίαν.
3665 5042 3782 5095 Καὶ

2110 5133 2170 5186 οὐ
2203 5132 2361 5202 μόνον
2390 5131 2589 5191 αὐτοὺς
2613 5131 2714 5183 οὐκ
2733 5129 2988 5182 ἐκόλασεν
3018 5128 3494 5197 ἀναισθητοῦντας,
3518 5125 3633 5180 ἀλλ’
3652 5125 3780 5178 οὐδὲ

2113 5214 2298 5278 ἁπλῶς
2320 5213 2670 5284 ἐπετίμησενο
2707 5212 2842 5284 ὁμοῦ
2873 5230 2933 5265 τε
2961 5213 3060 5283 τὴν
3087 5213 3369 5282 πραότητα
3398 5206 3780 5276 ἐπιδεικνύμε-

2112 5315 2221 5362 νος,
2252 5299 2346 5351 καὶ
2370 5297 2540 5368 ταύτῃ
2571 5298 2618 5330 ³³
2645 5297 2744 5369 τὴν
2772 5295 3109 5368 κακηγορίαν
3131 5295 3385 5364 ἐλέγχωψ
3402 5291 3536 5362 ὁμοῦ
3571 5310 3629 5345 τε
3653 5292 3778 5362 βου.

2112 5381 2340 5452 λόμενος
2362 5381 2451 5435 διὰ
2482 5380 2594 5434 τῶν
2619 5381 2746 5451 ἐξῆς
2795 5379 3037 5450 σημείων
3079 5378 3300 5432 πλείονα
3334 5378 3629 5449 παρασχεῖν
3675 5375 3781 5449 τὴν

2502 5523 2557 5577 p.
2597 5508 2647 5561 οἱ
2677 5508 2774 5560 δύο
2801 5506 2994 5576 τυφλοὶ
3033 5505 3167 5577 Edd.
3245 5505 3412 5577 °’_011‘
3447 5502 3615 5577 αὐτῆς
3651 5501 3782 5577 τῆς]

337 5579 449 5633 ἀπὸ
720 5561 780 5630 Ρ.
859 5561 906 5610 θ’
993 5561 1193 5645 εγά).α’
1273 5577 1375 5646 έγα
1400 5561 1552 5631 (3.ίυῖ
1577 5561 1646 5632 Ῥ.
1687 5577 1780 5630 καὶ
1824 5578 1964 5648 μέγα
1998 5577 2000 5629 ᾗ

339 5650 520 5701 οἰκίαν
543 5665 655 5701 mn.
688 5647 749 5701 B.
789 5646 849 5701 Ρ.
925 5576 1328 5701 τέιὲσπούὲαςεν
1355 5647 1488 5700 Edd.
1566 5648 1612 5679 "
1650 5647 1759 5701 ἴναὶ
1791 5647 1917 5701 add.
1959 5665 2000 5700 κι

2104 5579 2179 5664 Ἷτι
2209 5561 2690 5664 ελὲονγὲίοξεοειει.
2724 5587 2778 5660 ει
2805 5561 2902 5632 Ge'.
2946 5577 3007 5629 τδ
3032 5575 3251 5657 ἐλέησον
3267 5574 3420 5659 ειμι.
3498 5574 3543 5606 τι
3569 5561 3649 5636 είς
3681 5561 3784 5644 τῆὒ

2104 5660 2145 5700 ι.
2185 5664 2235 5701 D.
2274 5665 2328 5701 ι).
2359 5665 2444 5701 οτι
2465 5649 2527 5701 δη
2557 5647 2698 5701 ἄξιοι
2729 5649 2892 5701 Idem.
2968 5648 3012 5678 ⁷⁸
3052 5647 3214 5698 ἐλεων
3241 5645 3374 5699 ιιάιι.
3450 5643 3497 5675 ’⁸
3528 5645 3608 5698 υίέ
3639 5642 3777 5696 Edd.

339 5650 520 5703 οίκίαν
543 5646 655 5701 inn.
688 5647 749 5701 Β.
789 5646 849 5701 Ρ.
925 5646 972 5679 ⁷⁸
999 5647 1166 5702 ἐσπού

337 5720 386 5750 τ’
413 5719 520 5788 ὅτι]

342 5805 451 5840 των
474 5785 609 5840 Edd.
688 5788 734 5818 ⁸⁵
755 5787 1032 5856 δαιμονίου
1058 5788 1123 5840 Α.
1161 5787 1221 5840 Ρ.
1252 5789 1347 5855 Ep.
1376 5803 1501 5840 cum
1534 5788 1560 5840 ι
1590 5785 1738 5856 Mosq

924 5642 972 5729 ςη
999 5642 1488 5729 ἐσπούδαζενβόᾶιε
1566 5648 1621 5729 τι,
1650 5647 1759 5729 239]
1791 5642 1917 5701 and;

2104 5647 2145 5729 Ξ.
2183 5664 2328 5729 p._p.
2359 5642 2444 5729 ὅτι
2465 5647 2528 5729 δΙῆ
2557 5647 2909 5729 ἇξ-ιοιωίύριηι
2968 5648 3012 5678 ⁷⁸
3052 5642 3376 5729 ἐλεςςὺντιεὲίςιιΖ
3450 5643 3497 5675 ’⁸
3528 5642 3777 5729 γίέκῐξιξιί.

548 5719 580 5787 ἢ
605 5719 690 5771 ὅτι
714 5718 776 5770 Δ.
808 5727 864 5772 ει
892 5717 972 5772 sic
996 5719 1155 5772 [acim
1179 5720 1266 5772 cd.
1306 5717 1435 5771 Ben.
1462 5719 1542 5770 ὅτι
1568 5717 1637 5787 οὐ
1669 5717 1905 5787 δύναμαι
1944 5718 1996 5771 hi

2104 5727 2116 5772 ι
2141 5717 2300 5787 ροιιιο
2328 5728 2452 5773 ante
2485 5717 2544 5770 E.

2620 5720 2738 5749 "'3"
2763 5717 2970 5771 Αὐτῶν.
3003 5757 3016 5770 .
3049 5757 3063 5771 .
3109 5713 3492 5786 ἰδοὺῙίΤούῬων
3518 5713 3783 5786 ama—061‘

1745 5781 1954 5858 (ιξΜοκ
1989 5790 2000 5839 ἐ

2104 5781 2297 5858 ὅμαζον
2321 5789 2456 5858 ΕιΙό.
2528 5788 2574 5819 ⁸⁸
2587 5787 2980 5858 γεγενημένων
3007 5798 3060 5841 ει
3089 5804 3141 5858 p.
3173 5781 3612 5858 ρῖἐθεράπευσεν
3638 5781 3777 5858 Εᾴιί.

343 5859 386 5890 θ’
412 5859 554 5931 ᾆπαν
586 5856 738 5910 deest
761 5858 813 5931 i_n
847 5852 1014 5919 ineis;
1047 5859 1142 5931 50d
1177 5852 1356 5931 luelinr
1387 5856 1521 5931 Ep.“
1561 5857 1607 5889 ⁸⁸
1646 5852 1738 5911 Sid
1766 5852 1941 5931 Epp!
1970 5874 1998 5910 c

2113 5852 2262 5931 .ὀὺκ
2295 5857 2559 5931 ἀναλύειν
2583 5852 2716 5915 Edd.
2785 5852 2833 5891 ῖθ
2855 5857 3056 5931 ταύτην
3078 5852 3141 5916 C.
3178 5855 3239 5912 Ρ.
3273 5852 3404 5927 ιιι).
3447 5852 3782 5927 κατηγορίαν

322 5927 569 6002 ,οούίεεε
603 5941 727 5984 cum
757 5926 910 5981 Ann.
957 5935 1007 5980 et
1053 5928 1150 5982 hac
1198 5928 1402 5984 ratione
1461 5926 1674 5983 illorum
1709 5927 2127 5986 maledicentiam
2172 5929 2488 5994 redarqurns
2520 5927 2620 5986 Ge.
