4038 6364
1186 339 1251 397 ΙΝ
1291 332 1696 395 ΜΑΤΤΗᾹΞυΜ
1736 330 1963 388 llOMlL.
2006 328 2219 385 XXXII.
2261 330 2335 384 al.
2376 329 2611 387 XXXIII.

3476 330 3583 388 378’

1413 542 2081 610 HOMILIA.XXXII.
2128 542 2213 603 al.
2260 543 2555 606 XXXIII.

300 722 431 777 CAP.
478 716 535 773 9.
583 730 635 766 ν.
674 711 768 766 27.
811 706 879 762 Et
934 704 1281 776 proﬁciscente
1324 698 1443 751 inde
1496 693 1657 757 Jesu,
1700 686 1893 757 sequuti

374 819 495 865 sunt
538 821 649 859 eum
677 803 779 856 duo
808 800 923 855 αεςὶ
944 838 960 862 ,
990 796 1263 849 clamantes
1292 799 1337 843 et
1364 788 1579 841 dicentes
1610 798 1628 835 :
1656 781 1897 834 Miserere

377 899 559 963 nostri,
582 894 660 964 ﬁli
684 890 870 945 David.
894 888 984 943 28.
1016 884 1084 938 Et
1106 899 1218 937 cum
1242 880 1453 935 venisset
1476 876 1527 929 in
1558 875 1782 934 domum,
1805 884 1895 919 ac-

374 996 629 1047 cesserunt
650 985 717 1039 ad
745 998 859 1037 eum
879 980 980 1033 duo
997 976 1116 1031 caeci
1145 989 1164 1028 :
1188 982 1231 1026 et
1259 971 1379 1023 dicit
1401 968 1471 1022 eis
1494 965 1642 1019 Jesus
1674 978 1691 1016 :
1718 959 1894 1015 Credi-

380 1086 445 1139 tis
486 1083 608 1151 quia
634 1081 728 1133 hoc
755 1090 956 1146 possum
992 1066 1195 1142 facere?
1225 1065 1405 1118 Dicunt
1434 1061 1477 1114 ei
1497 1101 1511 1124 ,
1544 1056 1753 1126 Utique,
1794 1052 1899 1105 Do-

380 1178 538 1232 mine.
573 1172 665 1228 29.
710 1168 849 1223 Tunc
890 1164 1045 1233 tetigit
1075 1158 1246 1215 oculos
1271 1158 1440 1209 eorum
1468 1152 1640 1205 dicens
1660 1190 1672 1212 ,
1704 1148 1897 1202 Secun-

381 1270 508 1323 dum
530 1264 683 1335 ﬁdem
701 1270 915 1315 vestram
942 1256 1032 1326 ﬁat
1055 1251 1214 1306 vobis.
1240 1250 1328 1305 5t).
1357 1245 1425 1299 Et
1444 1242 1604 1314 aperti
1626 1249 1741 1295 sunt
1766 1237 1901 1293 oculi

382 1378 505 1416 ρογυ
512 1376 559 1410 m
568 1399 581 1412 .

387 1455 443 1507 l.
493 1450 603 1505 Cur
646 1445 762 1500 illos
800 1442 1090 1498 clamantes
1118 1428 1419 1504 protrahit?
1450 1428 1544 1481 llic
1564 1440 1772 1480 rursum
1806 1436 1903 1477 nos

316 1545 545 1603 instituit
572 1541 638 1595 ad
666 1552 853 1592 vanam
880 1534 1102 1604 gloriam
1132 1524 1453 1597 fugiendam.
1481 1520 1613 1588 Quia
1634 1519 1776 1574 enim
1804 1517 1903 1570 do-

318 1655 439 1696 mus
468 1655 497 1693 e
526 1637 699 1689 vicino
724 1639 858 1691 erat,
880 1628 1004 1680 illuc
1034 1624 1183 1678 duxit
1213 1614 1639 1682 eos,utseorsim
1670 1617 1901 1665 sanaret.

320 1735 483 1802 quue
531 1729 705 1799 palam
750 1731 832 1780 est
876 1737 940 1776 ex
978 1737 1043 1773 eo
1072 1713 1211 1784 quod
1244 1708 1595 1784 praeceperit,
1622 1714 1679 1760 ut
1707 1702 1905 1760 nemini

319 1782 582 1881 dicerentlt.
629 1819 813 1887 Neque
852 1827 1039 1885 parum
1074 1782 1395 1863 .ludzeivinde
1424 1800 1733 1868 culpantur,
1766 1782 1905 1866 quod

320 1920 374 1973 hi
396 1960 411 1984 ,
440 1916 633 1987 quibus
654 1910 831 1966 nullus
856 1906 1130 1959 oculorum
1160 1914 1288 1955 usus
1317 1904 1431 1953 erat
1454 1938 1469 1959 ,
1497 1910 1560 1947 ex
1589 1891 1767 1947 auditu
1792 1889 1908 1942 solo

322 2011 483 2064 fidem
526 2003 753 2074 amplexi
784 2001 894 2053 sint
922 2016 935 2051 :
970 1997 1042 2050 illi
1067 2003 1240 2047 autent
1267 1989 1517 2043 miracula
1549 1985 1817 2046 videntes,
1848 1996 1910 2035 ac

325 2114 491 2155 testes
540 2097 798 2151 habentes
843 2093 986 2161 ipsns
1030 2086 1250 2149 oculos,
1282 2091 1465 2137 contra
1496 2095 1651 2147 quam
1680 2076 1803 2128 ea-ci
1838 2073 1912 2126 fa-

323 2193 487 2247 ciant.
515 2188 651 2242 Vide
683 2196 859 2239 autem
902 2181 1111 2234 iflorum
1150 2174 1309 2228 animi
1342 2171 1585 2225 ardorem
1617 2177 1723 2221 tum
1751 2182 1778 2218 a
1804 2165 1913 2217 ela-

327 2301 477 2340 more
503 2325 517 2347 ,
559 2290 665 2335 tum
698 2279 766 2332 ab
800 2277 909 2345 ipsa
941 2270 1184 2342 precandi
1215 2267 1436 2321 ratione.
1466 2262 1582 2317 Non
1609 2260 1749 2313 enim
1781 2258 1912 2312 sim-

328 2380 538 2451 pliciter
575 2378 947 2433 accesserunt;
987 2365 1079 2421 sed
1111 2376 1295 2427 magna
1323 2374 1451 2412 voce
1476 2356 1765 2411 clamantes
1786 2393 1801 2417 ,
1837 2350 1916 2403 ni-

330 2473 402 2525 hil
442 2469 585 2524 aliud
627 2481 785 2536 quam
837 2461 1076 2514 Miserere
1116 2454 1467 2525 proferentes.
1511 2448 1703 2503 Filium
1736 2453 1915 2499 autem

329 2564 545 2620 Davidis
591 2556 966 2629 appellabant,
1011 2551 1130 2620 quia
1161 2546 1512 2602 honoriﬁcum
1544 2557 1735 2595 nomen
1769 2538 1917 2592 vide-

330 2658 488 2711 batur
516 2669 656 2708 csse.
691 2652 847 2718 Smpc
877 2660 1103 2715 namque
1130 2641 1401 2712 prephetze
1429 2651 1580 2707 reges
1605 2636 1721 2687 illos
1743 2673 1757 2697 ,
1786 2646 1918 2702 quos

330 2751 600 2805 honorate
649 2756 975 2815 magnosque
1002 2737 1293 2809 prmdicarc
1323 2732 1571 2785 volebant
1591 2772 1605 2794 ,
1635 2729 1712 2782 sic
1740 2725 1921 2795 appcl':

335 2842 517 2897 labant
564 2838 774 2911 (Επειδὴ.
817 2835 905 2888 54.
954 2832 1045 2886 25.
1098 2827 1256 2882 Zach.
1306 2826 1390 2878 η.
1422 2823 1482 2890 8)
1533 2823 1752 2876 Ιῐοῐηιιιη
1789 2831 1919 2871 vero

332 2937 614 2999 adductos,
641 2929 875 2985 secuiqu
898 2929 1205 2993 interrogat.
1240 2918 1304 2975 Ut
1332 2918 1610 2988 plurimum
1640 2912 1781 2966 enim
1804 2918 1920 2963 stu-

334 3031 497 3086 debat
541 3026 900 3095 supplicantes
927 3035 1149 3082 sanare,
1180 3031 1243 3069 ne
1274 3014 1393 3083 quis
1421 3018 1630 3081 putaret
1653 3009 1823 3078 ipsum
1853 3004 1918 3058 ad

336 3122 592 3180 miracula
620 3116 872 3189 patranda
906 3130 999 3183 per
1028 3109 1435 3165 Ostentationem
1468 3104 1672 3159 iusilire
1702 3118 1716 3150 :
1751 3116 1922 3169 neque

335 3231 399 3271 ea
444 3214 616 3269 solum
660 3210 728 3265 de
769 3221 927 3263 causa
950 3248 963 3261 .
1010 3202 1102 3257 Sed
1128 3202 1284 3256 etiam
1320 3208 1376 3252 ut
1400 3194 1706 3251 ostenderet
1735 3191 1923 3259 dignos

338 3311 459 3365 illos
504 3322 623 3360 esse
663 3303 750 3373 qui
793 3305 1145 3360 curarentur;
1189 3304 1241 3345 et
1276 3306 1341 3345 ne
1369 3292 1489 3357 quis
1517 3288 1754 3348 (liceret,
1783 3283 1824 3335 si
1858 3297 1923 3334 ex

340 3398 707 3458 misericordia
757 3404 956 3447 tantum
1007 3386 1260 3447 sanabat,
1300 3381 1599 3451 oportuisse
1625 3388 1811 3429 onmes
1841 3386 1926 3425 sa-

341 3510 513 3550 nare:
549 3490 707 3544 habet
748 3489 887 3540 euim
932 3476 1298 3536 misericordia
1342 3472 1622 3543 quamdam
1663 3469 1924 3522 rationem

341 3604 409 3643 ex
459 3585 562 3639 ﬁde
596 3580 890 3651 rogantium
921 3576 1154 3644 petitam.
1184 3570 1364 3639 Neque
1393 3566 1509 3619 ideo
1541 3571 1739 3616 tantum
1768 3560 1925 3612 ﬁdem

342 3681 412 3735 ab
439 3678 542 3733 illis
568 3650 765 3743 exigu;
794 3668 887 3724 sed
917 3669 1035 3736 quia
1060 3666 1338 3727 dixerant,
1365 3658 1471 3711 Fili
1496 3654 1696 3719 David,
1724 3660 1785 3705 ut
1809 3650 1929 3704 illos

344 3774 410 3827 ad
437 3771 563 3842 quid
587 3767 865 3824 sublimius
884 3765 1144 3831 erigeret,
1172 3766 1225 3811 et
1250 3754 1469 3809 doceret
1496 3749 1620 3819 quid
1642 3747 1709 3802 de
1730 3760 1788 3799 se
1813 3743 1929 3798 exi-

346 3865 671 3922 stimandum
702 3870 878 3925 esset,
902 3851 1247 3922 interrogavit
1280 3867 1294 3903 :
1326 3845 1537 3901 Creditis
1561 3842 1677 3913 quia
1702 3841 1797 3892 hoc
1816 3853 1931 3908 pos-

347 3979 457 4017 sum
503 3954 709 4029 facere?
732 3952 846 4008 Non
876 3949 1049 4011 dixit,
1082 3944 1310 3999 Creditis
1338 3941 1477 4010 quod
1515 3936 1710 4005 possim
1744 3945 1932 4001 rogare

349 4057 561 4111 Patrem
586 4064 760 4105 meum
780 4088 794 4110 ,
826 4043 908 4099 vel
934 4085 948 4107 ,
973 4038 1122 4109 Quod
1151 4037 1345 4108 possim
1374 4030 1578 4102 precari
1603 4046 1616 4093 ;
1652 4027 1763 4091 sed,
1787 4022 1934 4089 Quod

348 4166 451 4218 ego
490 4147 677 4217 possint
722 4142 816 4194 hoc
857 4138 1041 4208 facere.
1073 4130 1210 4199 Quid
1239 4138 1415 4181 autern
1443 4123 1561 4179 illi?
1592 4121 1804 4188 Utique,
1834 4117 1937 4170 Do-

349 4244 504 4297 mine.
546 4237 659 4292 Non
683 4234 792 4305 jam
824 4232 969 4286 illum
1001 4227 1163 4280 lilium
1194 4219 1358 4277 David
1386 4223 1603 4280 vocant,
1633 4212 1724 4267 sed
1754 4209 1820 4264 ad
1850 4224 1938 4263 su-

350 4333 598 4390 blimiora
641 4301 859 4389 volant,
900 4329 954 4375 et
990 4317 1271 4373 Dominum
1313 4312 1458 4365 illum
1487 4305 1826 4362 conﬁtentur.
1861 4301 1940 4354 Ac

353 4438 483 4483 tunc
522 4423 738 4479 demum
789 4429 1004 4471 manum
1035 4407 1285 4479 imposuit
1310 4405 1522 4467 dicens,
1551 4397 1841 4454 Secundum
1871 4395 1938 4462 ﬁ-

355 4520 470 4573 dem
514 4524 729 4568 vestram
757 4510 846 4579 ﬁat
870 4505 1022 4561 vobis.
1054 4502 1109 4557 ld
1133 4514 1259 4553 vero
1286 4497 1410 4550 facit
1432 4536 1447 4561 ,
1481 4502 1539 4546 ut
1568 4491 1724 4544 ﬁdem
1753 4501 1938 4542 eorum

357 4609 673 4669 confirmet,
727 4598 1077 4666 ostendatque
1125 4593 1269 4663 ipsos
1318 4590 1367 4642 in
1416 4597 1619 4656 partem
1654 4580 1831 4650 operis
1855 4595 1942 4630 ve-

360 4701 505 4756 nisse
534 4740 550 4763 ,
599 4710 661 4749 ac
710 4692 1043 4751 testiﬁcetur,
1094 4700 1199 4739 non
1252 4676 1570 4734 adulationis
1624 4673 1736 4726 ha-c
1783 4668 1941 4724 verba

361 4762 543 4847 fuisse.
591 4788 775 4856 Neque
820 4783 961 4838 enim
1010 4778 1169 4841 dixit,
1211 4772 1528 4842 Aperiantur
1578 4762 1944 4829 oculivcstri;

359 4886 477 4950 sed,
507 4854 797 4939 Secundum
825 4875 974 4946 ﬁdem
998 4879 1209 4926 vestram
1229 4867 1319 4935 ﬁat
1343 4862 1479 4917 vobis
1507 4860 1597 4915 :id
1618 4856 1757 4930 quod
1784 4854 1944 4911 etiam

364 4980 548 5036 multis
593 4970 970 5031 accedentibus
1014 4966 1173 5027 dicit,
1205 4970 1327 5015 ante
1356 4956 1595 5026 corporis
1616 4951 1945 5007 curationem

364 5073 524 5129 ﬁdem
553 5071 608 5124 in
635 5065 826 5120 animis
855 5070 1090 5116 statuere
1115 5055 1300 5110 Volens
1323 5093 1339 5118 ,
1372 5060 1428 5104 ut
1456 5058 1509 5103 et
1539 5047 1657 5101 illos
1683 5043 1947 5099 celebrio-

364 5180 484 5228 res,
528 5169 587 5217 et
622 5160 759 5214 alios
792 5151 1139 5209 studiosiores
1178 5146 1443 5201 redderet.
1474 5140 1546 5195 lla
1576 5148 1628 5192 et
1659 5139 1710 5191 in
1736 5132 1948 5205 paraly-

368 5258 470 5311 tico
515 5252 642 5309 facit
688 5268 702 5304 :
747 5256 1030 5315 antequam
1072 5254 1267 5309 corpus
1315 5236 1584 5296 lirmaret,
1616 5229 1847 5283 animam
1870 5225 1950 5295 ja-

364 5361 576 5408 eentem
625 5343 785 5414 erigit
823 5340 1009 5394 dicens
1040 5355 1054 5389 :
1087 5331 1329 5401 Con/ide,
1372 5327 1480 5396 ﬁli,
1518 5324 1841 5379 remittuntur
1867 5316 1953 5372 tibi

371 5450 577 5514 peccata
609 5446 697 5491 tua
717 5477 731 5500 ,
765 5430 994 5503 puellam
1023 5440 1149 5495 vero
1186 5423 1251 5476 ab
1278 5435 1335 5475 se
1364 5417 1730 5472 resuscitatam
1758 5424 1953 5480 appre-

373 5534 557 5590 hendit
581 5573 595 5596 ,
617 5538 672 5584 et
698 5543 790 5597 per
813 5525 988 5581 cibum
1016 5517 1196 5574 docuit
1216 5514 1335 5585 quis
1362 5511 1459 5581 ipsi
1488 5506 1798 5563 beneficium
1821 5517 1944 5557 con-
1978 5544 1999 5555 -

372 5627 612 5687 tulisset,
641 5623 693 5675 in
722 5615 1037 5673 centurione
1065 5608 1309 5665 similiter
1335 5604 1459 5659 fecit
1480 5644 1493 5665 ,
1528 5598 1648 5654 ﬁdei
1679 5606 1846 5650 totum
1872 5603 1955 5648 at-

370 5718 653 5778 tribuens;
684 5728 804 5767 cum
835 5719 1013 5763 autem
1036 5701 1324 5770 discipulos
1351 5712 1416 5751 ex
1448 5693 1608 5749 maris
1640 5696 1957 5758 tempestate

370 5815 512 5872 eruit
533 5851 551 5880 ,
572 5808 745 5882 primo
772 5806 890 5862 illos
924 5818 991 5859 ex
1031 5797 1149 5856 ﬁdei
1182 5792 1487 5851 inﬁnnitatc
1514 5786 1772 5844 liberavit.
1810 5782 1884 5837 Ita
1905 5789 1958 5836 et

2002 684 2087 740 hic
2127 686 2252 742 fecit
2300 705 2314 742 :
2354 690 2556 745 sciebat
2592 692 2733 747 enim
2778 703 2984 749 secreta
3014 693 3192 749 cordis
3221 710 3404 750 eorum
3432 707 3582 751 ante-

1999 796 2155 851 quam
2179 782 2274 851 ipsi
2302 782 2660 853 loquerentur;
2687 794 2741 839 ut
2767 794 2941 841 autem
2968 787 3103 841 alios
3129 804 3337 857 quoque
3358 802 3421 842 ao
3444 788 3582 843 idem

1999 876 2230 931 studium
2272 877 2612 940 incenderet,
2658 878 2786 947 ipsis
2834 879 2929 933 hos
2955 881 3271 949 conspicuos
3298 881 3500 945 reddit,
3533 884 3582 935 in

2002 968 2108 1023 ﬁne
2129 969 2418 1023 curationis
2448 970 2707 1024 occultam
2739 971 2894 1024 ﬁdem
2928 971 3135 1025 illorum
3162 974 3476 1043 prmdieans.

2076 1063 2129 1116 Μ
2136 1063 2323 1117 odestia
2344 1061 2795 1132 Christi;jactantia
2810 1063 3349 1135 {ugienda.—»Deindc
3372 1076 3491 1136 post
3507 1066 3586 1120 fa-

2005 1164 2143 1208 ctam
2167 1156 2495 1211 curationem
2529 1157 2787 1226 prIBCipil,
2812 1167 2870 1211 ut
2898 1159 3092 1211 uetnini
3117 1157 3315 1221 dicant,
3338 1174 3435 1213 nec
3456 1160 3588 1213 sim-

2007 1250 2211 1316 pliciter
2232 1248 2488 1317 prmcipit,
2511 1248 2603 1302 sed
2626 1248 3093 1303 vehementissime
3117 1258 3285 1302 vetat:
3310 1265 3431 1302 nam
3451 1250 3591 1307 Acri—

2006 1350 2078 1395 tcr
2098 1343 2201 1396 illis
2222 1343 2569 1395 interminatus
2589 1350 2679 1407 est,
2700 1342 2889 1411 inquit,
2908 1340 2944 1395 Ι
2946 1359 3082 1408 esus,
3101 1342 3296 1397 dicens:
3316 1342 3511 1404 Cavete,
3530 1360 3597 1396 ne

2005 1435 2115 1504 quis
2133 1435 2277 1488 sciat.
2297 1434 2384 1488 31.
2408 1431 2498 1487 Illi
2513 1450 2625 1488 vero
2643 1435 2846 1504 egressi,
2867 1436 3265 1504 pra'dicaveruut
3282 1453 3395 1488 eum
3423 1436 3591 1490 intota

2009 1534 2143 1578 terra
2183 1525 2293 1579 illa.
2335 1524 2450 1578 Non
2482 1538 2541 1579 se
2568 1525 2844 1578 continere
2875 1524 3284 1592 illivpotuerunt,
3321 1525 3414 1579 sed
3440 1526 3591 1581 fuere

2011 1630 2284 1685 pra-canes
2312 1624 2363 1670 et
2385 1616 2725 1685 evangelista
2749 1657 2762 1680 ,
2792 1615 3034 1685 jussique
3067 1626 3242 1671 tacere
3273 1618 3321 1669 id
3352 1615 3491 1686 quod
3518 1616 3595 1669 fa-

2010 1717 2151 1761 ctum
2203 1709 2403 1771 fuerat,
2452 1708 2674 1778 obsequi
2719 1724 2821 1761 non
2870 1714 3177 1778 potuerunt.
3221 1710 3371 1774 Quod
3399 1710 3440 1763 si
3470 1710 3592 1763 alibi

2011 1800 2189 1863 dicat,
2231 1799 2397 1865 Vade,
2449 1810 2496 1853 et
2530 1816 2684 1853 narra
2725 1800 2940 1870 gloriam
2987 1798 3115 1867 Dei,
3154 1801 3277 1854 illud
3304 1802 3413 1870 jam
3439 1801 3596 1857 dictis

2014 1908 2116 1945 non
2142 1902 2428 1961 repugnat,
2453 1890 2558 1944 imo
2585 1892 2686 1946 illis
2714 1891 3000 1946 admodum
3030 1902 3305 1947 Consonat.
3341 1894 3428 1947 llis
3453 1894 3594 1947 enim

2017 2000 2112 2037 nos
2168 1984 2427 2050 instituit,
2483 1994 2539 2038 ut
2593 2000 2658 2038 ne
2713 1984 3063 2055 pra'dicemns
3120 2002 3215 2038 nos
3269 1987 3441 2054 ipsos,
3491 1986 3598 2039 imo

2015 2093 2358 2137 coerceamus
2380 2093 2472 2133 eos
2495 2081 2584 2149 qui
2613 2096 2709 2132 nos
2735 2079 3006 2132 celebrare
3035 2079 3230 2132 vellent
3258 2097 3269 2131 :
3301 2080 3343 2132 si
3374 2093 3501 2132 vero
3532 2077 3597 2133 ad

2021 2172 2185 2229 Deum
2231 2176 2398 2246 gloria
2425 2176 2720 2243 referatur,
2752 2191 2855 2229 non
2887 2175 3044 2229 modo
3073 2190 3176 2227 non
3212 2173 3563 2241 impediamus
3583 2215 3597 2239 ,

2018 2269 2126 2323 imo
2149 2269 2197 2322 id
2229 2284 2385 2339 agere
2408 2269 2525 2323 aliis
2550 2269 2938 2338 praecipiamus.
2969 2266 3056 2321 '59..
3088 2264 3227 2334 Ipsis
3258 2275 3423 2317 autem
3439 2278 3603 2333 egres-

2018 2366 2107 2427 sis,
2134 2366 2417 2420 obtulerttnt
2450 2364 2495 2417 ei
2534 2364 2786 2415 hominem
2835 2368 3049 2423 mutum,
3080 2358 3385 2411 dwmonium
3419 2356 3604 2409 haben-

2020 2468 2137 2514 tem.
2178 2458 2293 2512 Non
2342 2456 2484 2510 enim
2511 2455 2727 2508 morbus
2767 2469 2833 2507 ex
2862 2461 3048 2505 natura
3092 2450 3393 2520 prodierat,
3417 2447 3510 2503 sed
3539 2461 3605 2501 ex

2021 2551 2281 2607 dmmouis
2312 2548 2536 2604 insidiis.
2566 2548 2901 2616 Quapropter
2924 2545 3043 2599 aliis
3070 2545 3158 2613 qui
3185 2545 3355 2613 ipsum
3379 2540 3607 2595 adduce-

2022 2654 2144 2699 rent
2187 2657 2320 2712 opus
2360 2642 2563 2695 habuit.
2610 2639 2790 2710 Neque
2818 2639 2959 2691 enim
3004 2638 3118 2707 ipse
3143 2650 3329 2704 rogare
3359 2641 3604 2702 poterat,

2024 2746 2202 2792 mutus
2248 2752 2369 2791 eum
2414 2744 2595 2799 esset,
2648 2748 2820 2803 neque
2849 2732 2968 2786 aliis
2995 2730 3325 2801 supplicare,
3355 2743 3475 2782 cum
3500 2725 3600 2781 dae-

2024 2844 2147 2883 mon
2175 2828 2405 2896 linguam
2432 2827 2546 2896 ejus
2575 2824 2842 2895 alligasset
2866 2864 2880 2887 ,
2913 2822 3251 2890 animamque
3277 2835 3396 2874 cum
3434 2819 3610 2888 lingua

2024 2924 2300 2977 vinxisset.
2338 2920 2565 2989 Ideoque
2596 2918 2738 2972 illius
2767 2916 2923 2970 ﬁdem
2956 2930 3059 2969 non
3087 2914 3282 2982 exigit,
3313 2912 3405 2966 sed
3432 2911 3612 2965 statim

2024 3014 2271 3070 morbum
2310 3020 2479 3069 curat.
2503 3012 2593 3064 55.
2623 3010 2802 3079 Ejecto
2830 3016 2995 3062 autem
3014 3006 3243 3060 daemone
3263 3045 3276 3068 ,
3308 3002 3512 3072 inquit,
3538 3003 3612 3056 lo-

2026 3120 2207 3181 quutus
2228 3118 2298 3160 est
2326 3116 2511 3158 mutus.
2536 3103 2722 3157 Turba:
2745 3112 2913 3154 autent
2938 3100 3202 3152 admiratw
3226 3106 3338 3151 sunt
3366 3096 3612 3148 dicentes:

2029 3201 2320 3271 Numquam
2363 3201 2523 3252 visum
2560 3206 2632 3251 est
2658 3196 2818 3249 simile
2836 3195 2891 3247 in
2916 3191 3100 3247 Israel.
3135 3190 3189 3244 ld
3215 3189 3353 3258 quod
3382 3187 3614 3241 maxime

2030 3296 2325 3350 Pharis-veos
2353 3291 2629 3347 murdebat
2647 3331 2662 3355 ,
2686 3288 2825 3360 quod
2854 3288 3024 3357 ipsum
3058 3282 3304 3339 omnibus
3326 3289 3616 3349 antepone-

2030 3399 2189 3455 rent,
2238 3403 2340 3442 non
2377 3386 2510 3440 vivis
2537 3385 2707 3439 solum
2727 3424 2740 3445 ,
2772 3380 2865 3435 sed
2894 3379 3053 3435 etiam
3078 3377 3165 3446 qui
3193 3383 3316 3429 ante
3348 3373 3572 3427 fuissent
3601 3388 3615 3424 :

2030 3481 2424 3551 anteponebant
2449 3492 2596 3540 vero,
2630 3492 2733 3530 non
2762 3473 2902 3544 quod
2929 3478 3141 3527 curaret
3164 3468 3343 3530 modo,
3365 3466 3458 3520 sed
3478 3464 3618 3535 quod

2031 3574 2225 3641 facile,
2274 3574 2410 3639 cito,
2459 3571 2871 3638 innumerasque
2908 3562 3249 3635 aegritudines
3276 3558 3618 3614 insanabiles.

2032 3668 2123 3724 Sic
2144 3666 2355 3737 quidem
2384 3665 2629 3734 populus.

2104 3762 2159 3815 2.
2193 3760 2340 3814 Nihil
2361 3758 2560 3813 Christo
2588 3765 2635 3810 et
2664 3752 2883 3808 dtemoni
2920 3763 3183 3804 commune
3222 3746 3375 3813 fuisse
3409 3742 3621 3796 demon—

2034 3866 2244 3914 stratur.
2274 3851 2550 3907 Maledicta
2571 3865 2674 3902 non
2712 3844 3021 3908 maledictis,
3063 3840 3151 3894 sed
3185 3835 3435 3903 beneﬁciis
3469 3832 3623 3904 refel—

2037 3951 2207 4007 lenda.
2241 3978 2312 3988 -—
2338 3943 2594 4001 Pharisaei
2642 3951 2830 3995 contra
2878 3950 2983 3991 non
3042 3932 3202 3988 modo
3246 3929 3378 3983 facta
3420 3925 3622 3980 calum-

2040 4045 2272 4108 niantur,
2328 4039 2420 4093 sed
2451 4036 2551 4091 sibi
2601 4033 2730 4103 ipsis
2752 4027 3019 4085 contraria
3053 4025 3289 4080 dicentes
3315 4061 3328 4082 ,
3366 4032 3469 4070 non
3497 4030 3624 4070 eru-

2040 4139 2280 4193 bescunt.
2315 4126 2624 4200 Huiusmodi
2662 4134 2745 4179 est
2788 4120 3040 4191 nequitia.
3075 4115 3210 4183 Quid
3236 4113 3376 4167 enim
3406 4110 3625 4165 dicunt?

2040 4228 2217 4285 54.1η
2246 4226 2472 4297 principe
2500 4217 2865 4274 dtemoniorum
2889 4210 3022 4282 ejicit
3051 4206 3320 4262 damzonia.
3353 4203 3468 4271 Quo
3502 4200 3625 4271 quid

2041 4322 2296 4379 stultius?
2317 4291 2471 4383 Nam,
2505 4324 2560 4369 ut
2592 4322 2774 4381 postea
2794 4307 2943 4371 dicit,
2973 4320 3078 4359 non
3101 4310 3273 4371 potest
3299 4298 3509 4353 daemon
3535 4291 3629 4363 eji-

2043 4431 2169 4473 cere
2189 4414 2484 4469 daemonem
2503 4405 2693 4479 (Marc.
2725 4404 2777 4459 ’5.
2812 4398 3072 4470 25):nam
3091 4394 3181 4448 ille
3195 4406 3287 4446 sua
3312 4401 3631 4443 conservare

2043 4523 2101 4565 ct
2128 4510 2337 4564 ﬁrmare
2367 4504 2527 4567 solet,
2562 4516 2667 4555 non
2717 4496 3016 4551 destruere.
3048 4490 3165 4560 Ipse
3190 4498 3317 4540 vero
3340 4498 3444 4538 non
3472 4478 3630 4534 modo

2045 4602 2320 4657 dremouas
2369 4593 2634 4665 ejiciebat,
2680 4587 2775 4643 sed
2830 4584 2990 4640 etiam
3031 4581 3272 4651 leprosos
3320 4572 3633 4634 mundabat,

2046 4703 2287 4750 mortuos
2306 4686 2617 4750 suscitabat,
2661 4695 2810 4736 mare
2839 4675 3107 4738 frenabat,
3156 4677 3371 4740 peccata
3400 4665 3634 4721 dimitte-

2049 4790 2158 4852 bat,
2206 4797 2427 4855 regnum
2477 4773 2820 4849 praadicabat,
2853 4770 2920 4825 ad
2969 4771 3181 4823 Patrem
3224 4757 3634 4818 adducebat:id

2049 4879 2192 4953 quod
2222 4888 2510 4945 numquam
2546 4870 2755 4925 dtemon
2810 4864 2987 4919 facere
3037 4859 3185 4919 velit.
3235 4870 3405 4927 neque
3448 4852 3631 4924 possit.

2049 4950 2181 5035 Nam
2234 4974 2506 5029 daamones
2541 4962 2607 5018 ad
2635 4960 2772 5017 idola
2816 4955 3112 5018 adducunt,
3142 4967 3173 5006 a
3205 4950 3315 5004 Deo
3352 4950 3635 5009 avertunt,

2052 5068 2382 5134 suadentque
2418 5074 2486 5115 ne
2515 5057 2705 5112 futura:
2734 5051 2854 5105 vitae
2881 5047 3150 5103 credatur.
3186 5044 3403 5097 Datnion
3453 5044 3639 5091 contu-

2054 5160 2209 5216 melia
2237 5155 2457 5210 allectus
2488 5164 2591 5204 non
2635 5142 2952 5200 beneﬁcium
3004 5145 3239 5207 prmstat,
3279 5133 3384 5185 imo
3423 5144 3492 5184 ne
3520 5127 3641 5197 qui-

2053 5256 2176 5312 dem
2204 5249 2426 5304 all‘ectus
2454 5241 2644 5313 injuria
2670 5246 2823 5294 nocet
2846 5234 2909 5288 iis
2931 5231 3019 5303 qui
3062 5230 3232 5297 ipsum
3262 5225 3443 5280 colunt
3468 5231 3523 5276 et
3542 5220 3641 5276 bo-

2058 5354 2267 5403 norant.
2304 5340 2397 5396 llle
2426 5343 2632 5395 contra,
2663 5340 2781 5401 post
2811 5336 2889 5382 tot
2916 5322 3137 5393 injurias
3162 5330 3215 5375 et
3253 5315 3641 5379 contumelias,

2059 5444 2147 5498 55.
2180 5435 2430 5495 Circuibat
2476 5429 2621 5485 urbes
2649 5438 2822 5478 onmes
2845 5431 2889 5473 et
2916 5418 3068 5481 vicos,
3101 5414 3285 5467 docens
3305 5411 3357 5463 in
3376 5407 3645 5479 synagogis

2061 5551 2255 5598 eorum,
2289 5540 2335 5585 et
2360 5524 2644 5599 praedicans
2670 5514 2978 5586 evangelium
3018 5508 3179 5579 regni,
3211 5518 3393 5558 curans
3447 5512 3647 5553 omnem

2061 5630 2287 5685 morbum
2305 5635 2350 5680 et
2376 5635 2574 5677 omnem
2601 5613 2944 5684 inﬁrmitatem
2973 5606 3014 5658 ⁸.
3046 5602 3156 5658 Nec
3190 5596 3350 5654 modo
3390 5593 3509 5649 illos
3539 5605 3643 5646 non

2129 5790 2145 5821 ¹
2182 5790 2289 5836 Post
2305 5779 2526 5837 verbum,
2547 5768 2895 5838 inﬁrmitatem,
2918 5761 3110 5829 quidam
3134 5756 3334 5819 addunt,
3351 5754 3401 5809 in
3424 5752 3620 5823 ponito.
