4038 6364
425 314 528 374 579

422 429 682 503 puniebat
705 430 963 500 ingratos.
992 430 1084 485 scd
1115 445 1182 484 ne
1218 430 1527 501 increpabat
1562 428 1778 499 quidem
1812 445 1825 482 :
1856 426 2017 480 simul

421 523 882 580 mansuetudinem
913 537 1064 578 suam
1093 521 1402 588 ostendens,
1430 531 1481 578 et
1520 519 1658 576 hanc
1689 519 2011 576 caiumniam

421 616 708 676 confutans
749 617 1118 688 :insnperque
1164 632 1262 686 per
1307 617 1583 688 sequentia
1625 615 1776 686 signa
1827 614 2014 670 volens

423 707 578 780 plura
605 707 850 778 praebere
897 719 1234 780 argumenta,
1263 722 1328 762 ac
1354 706 1548 761 deinde
1571 706 1746 762 verbis
1765 720 2010 776 arguere.

421 799 698 856 Circuibat
718 799 899 870 itaque
918 809 974 854 et
1003 814 1099 868 per
1119 799 1384 859 civitates.
1416 807 1470 851 et
1497 813 1593 868 per
1618 796 1785 862 vicos,
1812 810 2014 867 perque

422 905 723 962 synagogas
774 905 959 946 eorum
991 906 1007 947 :
1035 889 1236 946 docens
1280 906 1398 956 nos,
1445 889 1523 944 sic
1579 888 1859 944 maledicta
1905 902 2012 943 non

424 983 725 1039 maledictis
745 1024 762 1050 ,
790 984 886 1040 sed
928 983 1200 1040 beneﬁciis
1234 974 1525 1053 majoribus
1546 981 1840 1038 refellenda
1869 995 2011 1036 esse.

421 1076 557 1132 Nam
588 1076 770 1132 sinon
827 1088 1043 1148 propter
1090 1076 1358 1142 homines,
1404 1083 1627 1146 propter
1668 1073 1836 1129 Deum
1867 1081 2015 1128 certe

421 1168 699 1225 conservis
724 1167 984 1224 beneﬁcia
1011 1177 1256 1240 praestas,
1297 1166 1552 1240 quidquid
1595 1167 1672 1222 illi
1715 1174 1891 1237 agant,
1945 1179 2016 1220 ne

420 1275 606 1317 cesses
633 1261 773 1316 bene
810 1259 1007 1327 facere.
1036 1268 1094 1315 ut
1128 1260 1301 1329 major
1336 1259 1407 1313 sit
1447 1273 1694 1314 merces:
1725 1257 1798 1312 ita
1842 1255 2014 1326 utqui

423 1363 546 1426 post
571 1353 896 1410 calumniam
922 1353 1120 1409 illatam
1146 1352 1284 1409 bene
1314 1351 1489 1408 facere
1522 1350 1738 1416 desinit,
1767 1349 2016 1406 ostendat

423 1462 485 1505 se
509 1463 614 1504 non
651 1457 872 1520 propter
892 1447 1084 1515 Deum,
1115 1446 1213 1504 sed
1243 1454 1463 1518 pr0pter
1484 1445 1762 1501 hominum
1799 1443 2012 1501 laudem

425 1539 566 1595 hanc
590 1554 846 1594 exercere
880 1539 1150 1594 virtutem.
1182 1537 1310 1595 Ideo
1332 1537 1600 1605 Christus,
1631 1546 1692 1592 ut
1730 1551 1830 1592 nos
1847 1536 2011 1592 doce-

423 1640 526 1695 ret,
543 1645 602 1686 se
617 1645 684 1685 ex
706 1630 817 1686 sola
836 1628 1160 1700 benignitate
1181 1629 1232 1685 id
1248 1643 1427 1700 agere,
1449 1644 1555 1684 non
1583 1629 1756 1684 solum
1784 1643 1890 1684 non
1919 1644 2014 1684 ex-

423 1721 703 1793 spectabat
730 1735 902 1791 :rgros
923 1719 990 1775 ad
1031 1734 1092 1776 se
1115 1719 1319 1787 venire,
1350 1719 1444 1774 sed
1469 1719 1535 1774 ad
1565 1719 1683 1775 illos
1724 1717 2014 1774 contende-

423 1811 536 1879 bat,
569 1811 676 1867 duo
699 1811 929 1866 maxima
962 1809 1092 1881 ipsis
1139 1809 1278 1864 bona
1316 1808 1634 1876 conferens,
1673 1809 2011 1880 evangelium

423 1907 613 1976 regni,
652 1915 707 1960 et
752 1903 1061 1960 morborum
1104 1903 1345 1958 omnium
1389 1903 1741 1958 curationem.
1803 1901 2011 1956 Nullam

423 1999 610 2054 urbem
657 1997 1015 2068 despiciebat,
1063 1997 1266 2051 nullum
1312 1996 1488 2051 vicum
1531 1997 2007 2068 praetercurrebat,

422 2087 520 2144 sed
540 2102 755 2144 omnem
782 2086 964 2143 adibat
986 2087 1185 2142 locum.
1216 2085 1322 2143 Sed
1349 2101 1522 2158 neque
1558 2086 1644 2142 hic
1672 2085 1894 2158 gradum
1940 2086 2014 2142 si-

421 2181 538 2250 stit,
569 2196 754 2237 verum
789 2181 949 2236 aliam
985 2195 1199 2252 quoque
1229 2179 1620 2251 providentiam
1649 2179 1885 2236 exhibet.
1919 2179 2010 2235 56.

423 2275 552 2331 Cum
592 2274 778 2330 videret
823 2275 956 2330 enim
1004 2275 1210 2343 turbas,
1263 2275 1528 2329 miseratus
1574 2282 1648 2329 est
1695 2272 1812 2328 illos
1833 2314 1849 2340 ,
1893 2271 2013 2344 quia

420 2367 588 2423 vexati
615 2376 778 2431 erant,
799 2375 848 2420 et
872 2365 1054 2436 abjecti
1071 2368 1214 2438 quasi
1230 2382 1344 2421 oues
1357 2382 1462 2422 non
1485 2365 1719 2420 habentes
1739 2375 2011 2436 pastorem.

419 2459 514 2517 57.
539 2460 682 2515 Tunc
707 2460 836 2514 dixit
863 2456 1127 2529 discipulis
1157 2475 1177 2514 :
1223 2457 1408 2514 Messts
1436 2458 1640 2528 quidem
1673 2461 1855 2526 multa,
1887 2473 2011 2528 ape-

422 2554 554 2608 rarii
575 2562 742 2608 autem
770 2552 941 2624 pauci.
966 2553 1056 2608 58.
1087 2550 1286 2623 Rogata
1326 2567 1448 2623 ergo
1493 2549 1772 2607 Dominum
1815 2551 2010 2619 messis,

423 2657 482 2701 ut
508 2647 675 2700 mittat
694 2645 956 2713 operarios
980 2645 1033 2700 in
1056 2661 1264 2701 messem
1283 2661 1447 2701 suam.
1469 2643 1601 2700 Vide
1622 2659 1835 2700 rursum
1853 2660 2011 2716 quam

422 2738 494 2793 sit
521 2737 590 2791 ab
633 2736 776 2792 inani
824 2735 993 2806 gloria
1021 2735 1249 2791 alienus.
1289 2733 1370 2791 Ne
1416 2734 1561 2791 enim
1604 2749 1794 2791 omnes
1844 2735 1913 2790 ad
1954 2750 2015 2791 se

425 2829 780 2900 pertraheret,
815 2826 1106 2896 discipulos
1135 2825 1349 2882 emittit.
1395 2824 1580 2896 Neque
1615 2824 1718 2881 hac
1747 2825 1920 2881 solum
1947 2824 2016 2900 de

424 2899 608 2985 causa,
654 2916 753 2973 sed
802 2917 924 2972 illos
967 2915 1276 2984 instituens,
1303 2923 1363 2972 ut
1406 2916 1462 2974 in
1504 2915 1809 2981 Palaestina,
1834 2930 1932 2971 ceu
1961 2899 2013 2970 in

423 3011 655 3083 quadam
696 3009 945 3082 palaestra
988 3024 1108 3065 sese
1142 3015 1476 3074 exercentes,
1506 3009 1586 3064 sic
1613 3007 1681 3063 ad
1719 3008 2014 3063 certamina

425 3116 526 3174 per
543 3101 731 3158 orbem
767 3100 1105 3172 suscipienda
1135 3114 1194 3156 se
1221 3108 1607 3172 praepararent.
1648 3099 1853 3155 Idcirco
1897 3115 2015 3154 ma-

423 3195 541 3266 jora
585 3193 939 3250 certaminum
988 3192 1246 3248 exercitia
1291 3192 1461 3261 ponit,
1508 3198 1564 3247 et
1604 3201 1801 3261 quanta
1848 3191 2018 3246 virtus

429 3287 667 3356 ipsorum
688 3285 828 3342 ferre
854 3293 1084 3356 poterat,
1109 3293 1167 3338 ut
1193 3283 1402 3338 facilius
1422 3283 1696 3353 sequentia
1723 3283 2014 3338 certamina

428 3377 639 3434 adirent
680 3396 695 3434 :
736 3379 882 3447 ipsos
926 3377 1075 3448 quasi
1123 3385 1338 3432 teneras
1386 3375 1620 3432 aviculas
1666 3375 1732 3431 ad
1779 3375 2017 3431 volatum

429 3483 710 3525 exercens.
743 3467 1067 3537 lnterimque
1094 3467 1214 3523 illos
1242 3466 1482 3523 medicos
1501 3481 1788 3537 corporum
1819 3468 2021 3523 consti-

431 3561 551 3628 tuit,
583 3574 866 3616 reservans
895 3560 1024 3630 ipsis
1051 3559 1103 3614 in
1129 3567 1400 3629 posterum
1431 3559 1692 3614 medelam
1721 3559 2018 3613 animarum

422 3669 549 3721 qua:
585 3653 851 3722 praecipua
875 3660 980 3706 est.
1016 3651 1095 3706 Ac
1121 3650 1392 3721 perpende
1434 3650 1705 3721 quomodo
1743 3666 1855 3705 rem
1884 3649 2020 3705 hanc

428 3754 486 3800 ct
530 3743 734 3800 facilem
768 3752 824 3799 et
851 3742 1210 3798 necessariam
1253 3741 1519 3798 ostendat.
1547 3742 1686 3810 Quid
1714 3742 1858 3797 enim
1904 3741 2021 3796 ait?

432 3837 615 3894 Messis
642 3836 844 3909 quidem
871 3836 1057 3902 multa,
1087 3836 1310 3904 aperarii
1339 3844 1506 3890 autem
1532 3835 1703 3906 pauci.
1730 3833 1848 3907 Non
1875 3835 2018 3890 enim

432 3929 588 3984 mitto
608 3943 724 3991 vos,
744 3927 932 3998 inquit,
958 3925 1023 3981 ad
1047 3936 1367 3993 sementem,
1391 3925 1484 3982 sed
1506 3925 1574 3980 ad
1595 3941 1846 3982 messem.
1868 3925 2022 3994 Quod

431 4023 594 4075 etiam
623 4021 674 4075 in
716 4019 1010 4089 Evangelia
1053 4017 1274 4074 Joannis
1303 4019 1437 4075 dixit
1465 4037 1478 4071 :
1513 4019 1614 4072 Alii
1643 4020 2020 4088 laboraverunt,

433 4122 480 4166 et
512 4128 600 4167 vos
625 4112 677 4166 in
707 4111 928 4165 laborem
952 4127 1124 4165 eorum
1154 4110 1397 4167 introistis
1437 4109 1616 4179 (Joan.
1649 4111 1704 4164 4.
1736 4111 1850 4180 58).
1899 4111 2024 4167 llaec

432 4219 600 4276 porro
623 4203 854 4267 dicebat,
884 4213 938 4256 et
962 4217 1150 4257 eorum
1197 4201 1568 4255 sublimiorem
1599 4215 1815 4256 sensum
1847 4203 2024 4271 repri-

434 4311 614 4362 mens,
639 4305 693 4351 et
719 4295 786 4349 ad
828 4294 1075 4349 ﬁduciam
1127 4293 1443 4348 sumendam
1496 4293 1790 4360 instruens,
1836 4304 2024 4350 osten-

437 4387 676 4456 deusque
699 4385 956 4455 majorem
979 4385 1088 4456 jam
1114 4384 1454 4455 przecessisse
1477 4383 1734 4439 laborem.
1759 4384 1897 4440 Vide
1925 4401 2024 4440 au-

435 4489 548 4534 tem
576 4488 630 4533 et
657 4479 745 4533 hic
774 4478 923 4532 illum
955 4493 986 4532 a
1013 4475 1381 4532 misericordia
1423 4475 1683 4545 incipere,
1725 4490 1832 4531 non
1858 4491 1890 4531 a
1929 4492 2026 4548 spe

439 4569 724 4625 mercedis.
776 4567 1018 4622 Miserius
1065 4577 1138 4622 est
1176 4567 1342 4633 enim,
1372 4567 1507 4636 quod
1549 4575 1712 4620 essent
1753 4566 1937 4633 vexati,
1979 4576 2026 4621 et

436 4662 646 4734 proiecti
673 4661 820 4732 quasi
849 4676 962 4714 oves
996 4676 1097 4714 non
1126 4659 1360 4713 habentes
1399 4668 1672 4731 pastorem.
1715 4658 1844 4715 Haec
1871 4661 2024 4732 prin-

435 4750 617 4824 cipum
665 4753 972 4809 Judteorum
1024 4752 1296 4806 accusatio
1344 4763 1447 4816 εει,
1479 4751 1572 4822 qui
1611 4760 1856 4821 pastores
1903 4768 2025 4807 cum

438 4855 643 4914 essent,
666 4861 788 4902 sese
827 4845 982 4915 lupos
1005 4845 1352 4900 exhibebant.
1380 4845 1496 4900 Non
1527 4845 1686 4901 modo
1729 4847 1873 4902 enim
1911 4848 2026 4917 ple-

433 4938 560 4996 bem
600 4954 709 4995 non
734 4937 1114 5004 emendabant,
1146 4937 1241 4993 sed
1275 4952 1341 4992 ne
1378 4937 1703 5008 proﬁcerent
1753 4940 1806 4994 in
1835 4940 2028 4996 melius

434 5033 819 5105 impediebant.
853 5032 964 5087 lllis
1009 5032 1189 5101 itaque
1229 5031 1549 5088 mirantibus
1590 5047 1656 5087 ac
1701 5031 2025 5100 dicentibus,

437 5124 737 5196 Numquam
764 5124 928 5180 simile
959 5123 1119 5178 uisum
1141 5132 1214 5177 est
1242 5124 1294 5176 in
1335 5121 1542 5188 Israel;
1584 5123 1658 5177 illi
1681 5134 1868 5180 contra
1905 5143 1918 5181 :
1960 5125 2029 5180 In

437 5219 666 5288 principe
709 5217 1074 5272 dwmoniorum
1121 5217 1258 5285 ejicit
1298 5215 1571 5270 daemonia.
1619 5216 1724 5272 Sed
1764 5234 2026 5287 quosnam

435 5311 524 5366 hic
550 5312 826 5383 operarios
851 5309 1016 5364 dicit?
1060 5309 1349 5364 Duodecim
1380 5308 1693 5376 discipulos.
1735 5309 1872 5364 Num
1905 5327 2025 5364 cum

433 5403 654 5468 dixerit,
698 5402 935 5473 Operarii
986 5402 1157 5471 pauci,
1186 5401 1321 5454 alios
1365 5398 1598 5469 adjecit?
1648 5400 1900 5456 Minime:
1933 5402 2026 5456 sed

437 5495 561 5551 illos
587 5494 786 5551 emisit.
809 5493 917 5550 Cur
941 5509 1070 5564 ergo
1094 5493 1243 5556 dicit,
1276 5489 1474 5562 Rogate
1515 5489 1794 5545 Dominum
1831 5495 2025 5558 messis,

437 5597 490 5640 ut
519 5589 685 5641 mittat
732 5586 991 5656 operarios
1033 5585 1087 5638 in
1129 5600 1339 5638 messem
1367 5599 1533 5649 suam,
1563 5592 1620 5638 et
1647 5584 1852 5638 nullum
1898 5584 2029 5654 ipsis

437 5679 668 5747 adjicit?
697 5678 831 5746 Quia
869 5692 992 5732 cum
1037 5675 1320 5732 duodecim
1369 5684 1571 5739 essent,
1601 5675 1798 5730 multos
1847 5684 2026 5744 postea

442 5773 642 5844 elfecit,
667 5789 771 5829 non
801 5782 960 5830 aucto
989 5789 1236 5844 numero,
1270 5770 1364 5830 sed
1399 5773 1650 5829 virtutem
1675 5772 1914 5845 largitus.

1164 313 1221 369 S.
1261 311 1540 369 JOANNlS
1576 309 2049 380 CHRYSOSTOMJ
2090 309 2409 369 ARCHIEP.
2449 312 2980 372 CONSTANTINOP.

3593 323 3696 377 380

2196 427 2250 482 5.
2295 427 2498 484 Deinde
2541 429 2829 486 ostendens
2869 439 3128 501 quantum
3173 442 3319 489 esset
3358 431 3578 498 donum.
3603 450 3694 506 an,

2123 518 2318 588 Rogate
2353 536 2472 592 ergo
2503 519 2777 576 Dominum
2818 525 3014 588 messis,
3045 525 3327 581 obscurius
3365 526 3599 584 declarat
3641 547 3701 585 se

2119 609 2488 664 auctoritatem
2516 609 2736 666 habere.
2764 611 2895 667 Cum
2926 614 3057 668 dicit
3098 615 3264 682 enim,
3291 615 3484 688 Rogate
3518 617 3701 676 Domi-

2121 717 2243 754 num
2273 703 2466 768 messis,
2491 703 2636 774 ipsos
2659 705 2789 759 nihil
2818 715 3122 774 precantes,
3148 710 3228 764 vel
3251 721 3499 781 rogantes
3526 716 3701 769 statim

2119 793 2352 861 ordinat,
2381 795 2602 851 Joannis
2631 799 2791 853 verba
2840 799 2970 869 ipsis
3014 815 3469 870 commemorans,
3503 821 3699 874 aream,

2120 887 2496 952 ventilabrum,
2527 889 2756 960 paleam,
2782 891 3126 947 frumentum.
3159 893 3314 951 Unde
3341 906 3505 966 patet,
3535 893 3709 967 ipsum

2119 991 2243 1033 esse
2271 979 2583 1050 agricolam,
2613 982 2804 1037 messis
2832 982 3140 1048 Dominum,
3169 1001 3381 1042 necnon
3424 991 3695 1059 prOpheta-

2120 1085 2260 1125 rum.
2289 1071 2420 1126 Nam
2443 1072 2488 1126 si
2519 1073 2587 1127 ad
2618 1074 2928 1129 metendum
2953 1075 3120 1140 misit,
3143 1077 3319 1147 palam
3347 1089 3429 1134 est
3456 1095 3578 1134 eum
3603 1099 3697 1137 nar

2119 1163 2294 1218 aliena
2321 1176 2549 1232 metere,
2576 1166 2674 1221 sed
2705 1182 2768 1222 ea
2797 1183 2916 1237 quae
2960 1183 3058 1238 per
3088 1169 3380 1239 prophetas
3403 1172 3702 1230 seminavit.

2117 1255 2302 1326 Neque
2331 1257 2456 1314 hinc
2480 1259 2654 1314 solum
2684 1259 2929 1314 ﬁduciam
2969 1260 3074 1316 illis
3099 1261 3265 1327 dedit,
3292 1263 3434 1334 quod
3470 1267 3707 1324 ministe-

2119 1348 2260 1403 rium
2301 1365 2489 1405 eorum
2535 1366 2769 1406 messem
2802 1363 3040 1418 vocaret,
3071 1353 3168 1408 sed
3196 1354 3341 1422 quod
3381 1356 3487 1411 illis
3515 1358 3582 1412 ad
3609 1359 3705 1413 bu-

2115 1438 2350 1511 jusmodi
2401 1442 2759 1498 ministerium
2791 1453 3110 1514 potestatem
3150 1447 3422 1504 indiderit.
3453 1448 3607 1521 (Cap.
3636 1452 3705 1522 Χ)

2121 1531 2174 1586 1.
2215 1529 2284 1585 Ει
2321 1534 2628 1598 convocatis,
2658 1535 2754 1600 ait,
2789 1534 3057 1590 duodecim
3105 1537 3370 1609 discipulis
3417 1542 3547 1604 suis,
3573 1542 3707 1597 dedit

2117 1624 2188 1679 eis
2210 1633 2503 1693 potestatem
2528 1626 2798 1695 spirituum
2825 1627 3224 1696 immundorum,
3255 1639 3311 1683 ut
3341 1631 3581 1703 ejicerent
3603 1649 3703 1700 eos,

2118 1723 2166 1769 et
2193 1725 2430 1769 curarent
2457 1733 2655 1770 omnem
2697 1716 2993 1789 languorem
3019 1729 3067 1772 et
3105 1735 3305 1776 omnem
3342 1723 3703 1791 inﬁrmitatem.

2117 1805 2280 1876 Atqui
2311 1805 2546 1860 nondum
2594 1806 2826 1877 Spiritus
2875 1818 2993 1864 erat
3021 1809 3178 1866 datus
3213 1829 3227 1866 :
3281 1811 3533 1868 Nondum
3558 1818 3703 1882 enim,

2117 1897 2310 1968 inquit,
2345 1898 2571 1969 Spiritus
2615 1911 2722 1954 erat
2759 1901 2930 1967 datus,
2977 1903 3098 1972 quia
3142 1903 3294 1959 Jesus
3335 1907 3564 1960 nondum
3606 1920 3707 1963 erat

2117 1991 2429 2061 gloriﬁcatus
2477 1991 2657 2065 (Joan.
2704 1994 2757 2048 7.
2786 1994 2902 2066 59).
2931 1995 3214 2064 Quomodo
3256 2014 3386 2070 ergo
3427 2001 3708 2070 ejiciebant

2117 2081 2372 2152 spiritus?
2401 2084 2478 2140 Ex
2508 2085 2625 2155 ejus
2652 2098 2922 2158 praecepto
2941 2098 3103 2160 atque
3125 2100 3408 2161 potestate.
3434 2094 3707 2165 Perpende

2115 2185 2296 2230 autem
2328 2176 2457 2232 mihi
2488 2179 2822 2250 apostolatus
2860 2184 3336 2251 opportunitatem.
3368 2185 3488 2241 Non
3518 2189 3656 2244 enim
3677 2205 3706 2244 a

2118 2268 2383 2339 principio
2409 2270 2556 2326 misit
2584 2271 2727 2339 illos,
2749 2271 2843 2328 sed
2870 2287 2993 2330 cum
3023 2274 3132 2345 jam
3159 2277 3329 2346 ipsum
3359 2279 3707 2336 idoneo'tem-

2117 2376 2250 2432 pore
2278 2364 2492 2433 sequuti
2518 2373 2719 2429 essent,
2751 2381 2816 2421 ac
2860 2366 3122 2422 vidissent
3164 2381 3434 2425 mortuum
3485 2373 3705 2428 suscita-

2119 2463 2253 2521 tum,
2277 2469 2426 2510 mare
2455 2457 2809 2526 increpatum,
2839 2459 3018 2527 pulsos
3043 2458 3338 2527 daunonas,
3364 2463 3705 2535 paralyticum

2117 2553 2386 2611 sanatum,
2420 2555 2638 2616 peccata
2682 2548 2908 2603 remissa
2930 2591 2944 2616 ,
2975 2549 3250 2620 leprosum
3288 2553 3623 2622 mundatum,
3649 2569 3707 2611 ac

2117 2636 2436 2693 sufﬁcientia
2477 2641 2758 2709 potestatis
2799 2639 2941 2696 illius
2986 2652 3302 2713 argumenta
3347 2653 3402 2700 et
3433 2661 3532 2716 per
3555 2647 3707 2703 verba
3804 2666 3814 2694 ί

2121 2735 2178 2784 et
2201 2743 2298 2799 per
2325 2743 2491 2800 opera
2526 2730 2898 2800 accepissent:
2931 2739 3058 2788 tunc
3103 2732 3225 2788 illos
3268 2734 3471 2802 mittit;
3514 2735 3706 2792 nonad

2122 2833 2210 2874 res
2254 2819 2608 2890 periculosas,
2638 2821 2875 2876 nondum
2915 2823 3059 2878 enim
3089 2823 3143 2878 in
3175 2824 3462 2882 Palmstina
3505 2827 3707 2898 pericu-

2119 2909 2228 2965 lum
2258 2920 2407 2977 erat;
2438 2911 2533 2967 sed
2568 2921 2758 2967 contra
2795 2913 3092 2970 calumnias
3134 2924 3340 2972 tantum
3370 2919 3707 2990 pugnandum

2119 3010 2256 3058 erat.
2280 3003 2530 3060 Attamen
2559 3004 2798 3075 pericula
2827 3005 2933 3062 illis
2954 3006 3218 3078 przedicit,
3247 3019 3483 3082 anteque
3509 3021 3708 3084 tempus

2120 3093 2243 3150 illos
2270 3105 2558 3166 prmparat,
2584 3106 2639 3152 et
2668 3095 2933 3168 frequenti
2976 3099 3324 3171 praedictione
3349 3103 3477 3160 illos
3501 3105 3567 3160 ad
3593 3122 3707 3162 cer-

2123 3186 2321 3240 tamina
2347 3186 2602 3241 instituit.
2633 3188 2836 3245 Deinde
2877 3190 2998 3260 quia
3028 3190 3164 3248 duos
3210 3195 3487 3265 apostolos
3512 3196 3707 3252 dixerat

2123 3275 2299 3342 nobis,
2330 3276 2550 3332 Petrum
2578 3287 2633 3334 et
2679 3279 2964 3350 Joannem,
2989 3290 3046 3338 et
3088 3293 3212 3354 post
3236 3285 3361 3341 illos
3405 3287 3708 3343 Mattbtcum

2121 3374 2369 3422 vocatum
2411 3368 2741 3438 ostenderat,
2775 3380 2833 3426 et
2857 3371 2928 3427 de
2973 3373 3199 3429 aliorum
3229 3377 3592 3446 apostolorum
3620 3395 3708 3434 vo-

2122 3459 2334 3515 catione
2369 3474 2434 3514 ac
2468 3462 2685 3518 nomine
2724 3463 2858 3518 nihil
2887 3465 3137 3523 dixerat:
3170 3467 3256 3523 hic
3292 3471 3599 3526 nereSSario
3626 3487 3704 3527 eo-

2123 3565 2241 3606 rum
2271 3553 2591 3622 catalogum,
2623 3571 2904 3612 numerum
2951 3558 3276 3630 nominaque
3320 3563 3502 3630 ponit,
3530 3564 3604 3618 sic
3637 3563 3708 3618 di-

2123 3659 2297 3702 cens:
2339 3645 2393 3701 2.
2430 3645 2708 3702 Duodecim
2745 3658 2916 3704 autem
2960 3655 3307 3722 apostolorum
3354 3658 3560 3710 nomina
3602 3665 3710 3709 sunt

2125 3738 2272 3794 lucc:
2307 3739 2520 3810 primus,
2553 3741 2758 3808 Simon,
2789 3742 2876 3812 qui
2917 3743 3106 3797 dicitur
3152 3743 3361 3800 Petrus.
3403 3747 3540 3803 Nam
3585 3749 3710 3803 alius

2126 3828 2312 3886 Simon
2333 3841 2469 3896 erat,
2501 3832 2591 3902 qui
2614 3832 2911 3888 Caaanzeus
2930 3836 3244 3892 vocabatur.
3284 3839 3351 3892 Et
3373 3837 3541 3894 Judas
3580 3839 3710 3894 lsca-

2125 3921 2324 3987 riotes,
2352 3933 2407 3978 et
2429 3925 2595 3979 Judas
2622 3925 2827 3982 Jacobi.
2859 3927 2927 3981 Et
2958 3926 3192 3984 Jacobus
3217 3930 3451 4001 Alphtei,
3485 3942 3538 3988 et
3559 3933 3708 3989 Jaco-
3773 3941 3778 3946 '

2125 4017 2229 4073 bus
2256 4017 2519 4072 Zebedaai.
2547 4017 2757 4074 Marcus
2788 4035 2915 4075 vero
2945 4022 3242 4076 secundum
3282 4023 3596 4095 dignitatem
3622 4040 3710 4095 po-

2126 4107 2232 4163 suit
2272 4107 2433 4164 illos:
2468 4110 2666 4164 etenim
2713 4118 2834 4180 post
2869 4109 3007 4166 duos
3056 4113 3414 4183 coryplueos,
3452 4115 3706 4172 Andream

2128 4210 2371 4257 numerat
2398 4200 2588 4274 (Marc.
2619 4202 2674 4259 '5.
2711 4204 2818 4273 l8).
2843 4201 2941 4258 llic
2965 4219 3091 4259 vero
3121 4220 3227 4259 non
3254 4206 3352 4273 sic,
3383 4207 3478 4263 sed
3503 4209 3604 4263 alio
3628 4223 3709 4263 or-

2127 4289 2276 4358 dine,
2308 4292 2415 4346 imo
2440 4300 2495 4346 et
2518 4293 2780 4348 Thomam
2813 4308 2872 4349 se
2901 4295 3073 4349 multo
3111 4295 3421 4352 inferiorem
3452 4299 3550 4354 sibi
3571 4308 3709 4354 antc-

2129 4385 2298 4455 ponit.
2327 4385 2436 4442 Sed
2464 4401 2650 4442 eorum
2695 4389 2996 4459 catalogum
3041 4404 3072 4444 a
3112 4391 3376 4462 principio
3426 4392 3708 4448 videamus.

2130 4474 2338 4531 Primus
2366 4478 2545 4534 Simon
2573 4521 2588 4545 ,
2635 4481 2722 4551 qui
2760 4481 2944 4535 dicitur
2973 4481 3177 4548 Petrus,
3209 4493 3256 4538 et
3294 4484 3525 4539 Andreas
3564 4487 3710 4557 frater

2129 4571 2259 4640 ejus.
2279 4569 2463 4642 Neque
2489 4587 2650 4641 parva
2681 4574 2794 4628 laus
2821 4574 2936 4629 huic
2957 4584 3040 4630 est
3064 4593 3077 4629 :
3119 4575 3266 4630 illum
3288 4593 3317 4632 a
3340 4578 3554 4641 virtute,
3579 4578 3710 4632 hunc

2131 4678 2159 4717 a
2187 4664 2468 4720 nobilitate
2498 4680 2708 4721 morum
2749 4667 3006 4724 laudavit.
3039 4670 3092 4725 5.
3123 4669 3321 4725 Deinde
3355 4670 3578 4728 Jacobus
3615 4669 3708 4726 Ze-

2131 4754 2310 4821 bedwi,
2335 4765 2382 4808 et
2409 4755 2634 4810 Joannes
2661 4762 2820 4828 frater
2837 4761 2969 4823 eius.
2995 4760 3186 4816 Videu‘
3206 4762 3476 4832 quomodo
3503 4779 3604 4818 non
3632 4777 3708 4816 se-

2131 4846 2364 4901 cundum
2389 4847 2700 4918 dignitatem
2732 4852 2936 4919 ponat?
2964 4851 3086 4906 Mihi
3117 4869 3347 4923 namque
3371 4854 3596 4920 videtur,
3611 4868 3706 4908 non

2131 4939 2252 4993 aliis
2285 4938 2470 5006 modo,
2499 4942 2594 4996 sed
2627 4950 2682 4998 ct
2707 4942 2874 4998 fratre
2899 4959 3111 5014 quoque
3155 4961 3255 5000 suo
3297 4945 3558 5003 Joannem
3599 4959 3708 5002 esse

2133 5032 2415 5100 majorem.
2459 5033 2661 5088 Deinde
2684 5050 2808 5090 cum
2845 5035 3088 5101 dixisset,
3121 5034 3398 5105 Philippus
3424 5047 3473 5092 et
3497 5037 3706 5092 Bartho-

2134 5121 2364 5190 lenaeus,
2397 5124 2711 5194 subjunxit:
2746 5125 2969 5182 Thomas
3019 5137 3067 5182 et
3096 5127 3370 5183 Mattlueus
3402 5130 3705 5199 publicanus.

2136 5214 2330 5268 Verum
2377 5230 2482 5270 non
2515 5219 2593 5272 sic
2617 5217 2810 5283 Lucas,
2839 5219 2933 5274 sed
2975 5221 3189 5274 inverso
3228 5220 3439 5287 ordine,
3470 5220 3706 5291 ponitque

2135 5307 2282 5361 illum
2316 5317 2441 5364 ante
2473 5309 2733 5364 Thomam
2777 5311 2930 5382 (Luc.
2977 5313 3032 5366 6.
3081 5312 3170 5382 Η)
3241 5312 3442 5367 Deinde
3482 5312 3706 5380 sequitur

2133 5399 2362 5454 Jacobus
2385 5401 2614 5471 Alpha-i.
2639 5402 2767 5457 Erat
2795 5405 2960 5470 enim,
2985 5412 3044 5458 ut
3072 5404 3202 5468 dixi,
3232 5404 3366 5458 alius
3389 5403 3620 5459 Zebedazi
3646 5401 3705 5455 li-

2134 5491 2257 5546 lius.
2289 5491 2479 5548 Postea
2509 5510 2630 5549 cum
2659 5494 2881 5551 dixisset
2907 5485 3323 5567 Lebbrcum,qui
3351 5507 3405 5552 et
3423 5495 3706 5550 Tbaddams

2135 5583 2448 5652 vocabatur,
2477 5596 2532 5641 et
2581 5585 2854 5642 Simonem
2895 5587 3151 5654 Zelolen,
3191 5602 3352 5658 quem
3398 5587 3702 5642 Cananzcum

2134 5684 2308 5742 vocat,
2338 5676 2403 5730 ad
2435 5677 2762 5748 proditorem
2791 5680 2940 5735 venit
2971 5698 2985 5734 :
3035 5695 3208 5750 neque
3237 5690 3296 5735 ut
3342 5680 3585 5735 inimicus
3625 5673 3702 5729 vel

2138 5769 2327 5840 hostis,
2358 5769 2454 5828 sed
2484 5780 2542 5828 ut
2585 5772 2866 5832 historiam
2913 5772 3160 5832 scribens
3201 5773 3280 5831 sic
3321 5773 3546 5832 vocavit.
3595 5768 3699 5827 Non
