4038 6364
74 408 187 461 379

75 516 393 581 ἀπόδειξιν,
417 514 513 570 καὶ
540 513 662 567 τότε
689 514 895 568 καὶτὸν
916 514 1026 569 ἀπὸ
1063 516 1173 569 τῶν
1202 516 1377 584 λόγων
1415 514 1635 583 ἔλεγχον
1672 516 1773 566 ἐπ-

74 600 325 665 αγαγεῖν
345 596 413 650 ⁸⁸.
441 594 680 665 Περιῆγε
700 595 879 648 τοίνυν
902 598 996 649 καὶ
1021 597 1079 648 ἐν
1098 594 1309 658 πόλεσι,
1330 594 1425 648 καὶ
1456 596 1514 646 ἐν
1545 592 1771 663 χώραις,

74 676 172 727 καὶ
206 678 275 730 ἐν
301 676 421 737 ταῖς
469 675 814 742 συναγωγαῖς
853 674 1054 728 αὐτῶνθ
1092 673 1365 728 παιδεύων
1406 672 1553 742 ἡμᾶς
1598 670 1775 746 οὕτως

76 755 420 825 ἀμείϐεσθαι
464 754 593 817 τοὺς
626 754 991 825 κακηγόρους,
1036 754 1097 807 ού
1144 753 1504 824 κακηγορίαις
1540 752 1769 821 ἐτέραις,

74 838 195 890 ἀλλ’
245 834 597 907 εὐεργεσίαις
643 834 906 906 μείζοσιν.
937 836 999 889 Εἰ
1052 836 1161 905 γὰρ
1212 835 1287 905 μὴ
1332 834 1397 887 δι’
1430 832 1773 904 ἀνθρώπους,

76 916 219 969 ἀλλὰ
280 915 369 967 διά
400 913 491 966 τὸν
518 913 651 966 Θεὸν
698 915 1005 983 εὐεργετεῖς
1042 914 1169 976 τοὺς
1203 911 1545 983 ὁμοδούλους,
1578 912 1677 963 ὅσα
1709 910 1776 963 ἂν

76 995 315 1058 ποιῶσι,
348 993 423 1064 μὴ
464 994 709 1063 ἀποστῇς
741 992 1066 1063 εὐεργετῶν,
1104 992 1191 1046 ἵνα
1220 991 1419 1061 μείζων
1440 993 1468 1044 6
1497 990 1683 1061 μισθὸς

74 1076 151 1138 ὼς
178 1075 209 1127 ὃ
248 1090 321 1141 γε
358 1072 498 1142 μετά
528 1070 626 1142 τὴν
661 1071 1002 1143 κακηγορίαν
1039 1070 1408 1139 ἀφιστάμενος
1439 1068 1541 1138 τῆς
1562 1068 1777 1137 εὐεργε-

77 1156 229 1217 σίας,
250 1152 527 1206 δείκνυσιν
548 1151 630 1203 ὅτι
673 1150 763 1203 διά
794 1151 883 1203 τὸν
912 1148 1134 1203 ἐκείνων
1180 1149 1424 1214 ἔπαινον,
1454 1147 1569 1200 ἀλλ’
1599 1147 1661 1199 οὐ
1688 1146 1777 1200 διὰ

74 1234 169 1286 τὸν
211 1232 377 1289 Θεὸν.
408 1230 509 1298 τῆς
534 1227 791 1297 τοιαύτης
826 1227 1258 1298 ἐπιλαμϐάνεται
1292 1226 1511 1298 ἀρετῆς.
1532 1224 1632 1279 Διά
1652 1223 1776 1275 :06-

76 1331 137 1363 :0
154 1314 185 1364 6
208 1313 261 1363 Χ
274 1308 457 1381 ριστδς
472 1306 746 1361 παιδεύων
763 1308 930 1376 ἡμᾶς,
951 1309 1031 1360 ὃτι
1058 1306 1118 1371 ἐξ
1137 1305 1471 1375 ἀγαθότητος
1497 1304 1665 1375 μόνης
1683 1302 1777 1355 ἐπὶ

78 1390 245 1443 τοῦτο
260 1389 429 1459 ﬂat",
456 1388 517 1440 οὐ
539 1386 697 1456 μόνον
724 1386 822 1437 οὐκ
842 1388 1070 1456 ἀνέμενε
1100 1386 1232 1455 πρὸς
1253 1384 1407 1457 [⁵567]
1424 1384 1585 1436 αὐτὸν
1601 1381 1777 1435 ἐλθεῖν

79 1470 209 1530 τοὺς
255 1469 591 1536 κάμνοντας,
620 1464 755 1517 ἀλλά
777 1466 870 1516 καὶ
884 1466 1045 1529 αὐτὸς
1064 1465 1200 1536 πρὸς
1229 1464 1469 1527 ἐκείνους
1492 1463 1773 1532 ἠπείγετο,

80 1546 173 1598 δύο
214 1546 298 1598 τὰ
331 1546 560 1614 μέγιστα
592 1545 778 1606 αὐτοῖς
810 1545 1053 1612 κομίζων
1091 1544 1288 1611 ἀγαθά·
1324 1542 1381 1593 ἓν
1406 1542 1523 1611 μὲν,
1553 1542 1651 1610 τῆς
1681 1539 1775 1609 βα-

84 1626 306 1687 σιλείας
329 1626 389 1677 τὸ
421 1622 775 1691 Εὐαγγέλιοψ
803 1623 990 1693 ἓτερον
1014 1624 1092 1686 δέ,
1129 1624 1228 1694 τὴν
1250 1622 1469 1675 πάντων
1490 1620 1596 1673 τῶν
1616 1636 1775 1687 νοση-

88 1706 289 1771 μάτων
316 1702 621 1772 διόρθωσιν.
651 1700 763 1752 Καὶ
788 1700 910 1752 οὐδὲ
939 1700 1093 1754 πόλιν
1118 1699 1401 1769 παρεώρα,
1424 1699 1485 1749 οὐ
1509 1698 1556 1729 ⁹¹
1580 1695 1774 1765 κώμην

88 1782 464 1851 παρέτρεχεν,
516 1778 653 1832 ἀλλά
702 1781 879 1832 πάντα
912 1780 1070 1850 ἐπῄει
1102 1780 1284 1833 τόπον.
1320 1778 1430 1833 Καὶ
1447 1776 1567 1828 οὐδὲ
1613 1776 1775 1845 μέχρι

86 1862 288 1913 τούτου
317 1861 555 1920 ἵσταται,
589 1856 725 1910 ἀλλὰ
749 1860 843 1910 καὶ
872 1859 1069 1929 ἑτέραν
1098 1859 1354 1929 πρόνοιαν
1380 1854 1774 1907 ἐπιδείκνυται.

97 1940 267 1993 Ἰδὼν
290 1940 420 2009 γὰρ,
450 1938 607 2008 φησὶ,
646 1938 788 2004 τοὺς
820 1937 1066 2005 ὄχλους,
1124 1936 1587 2006 ἐσπλαγχνίσθη
1644 1933 1777 2000 περὶ

86 2018 297 2073 αὐτῶν
345 2017 437 2070 ὅτι
484 2013 649 2086 ἦσαν
699 2017 1064 2085 ἐσκυλμένοι
1138 2016 1235 2069 καί
1296 2010 1653 2082 ἐρριμμένοι,
1697 2012 1779 2077 ὡς

89 2100 362 2167 πρόϐατα
386 2096 471 2167 μὴ
504 2098 726 2165 ἔχοντα
772 2096 1046 2165 ποιμένα.
1085 2098 1223 2150 Τότε
1250 2098 1413 2163 λέγει
1442 2091 1567 2157 τοῖς
1587 2097 1780 2160 μαθη-

90 2178 218 2243 ταῖς
250 2175 445 2230 αὑτοῦ
475 2177 521 2207 ³³
547 2193 561 2207 ’
603 2176 665 2228 Ὅ
717 2175 835 2244 μέν
868 2174 1150 2243 θερισμὸς
1184 2173 1398 2237 πολὺς,
1435 2173 1489 2225 οί
1516 2171 1585 2223 δὲ
1608 2170 1780 2239 ἐργά-

91 2274 183 2309 ται
217 2258 440 2325 ὀλίγοι.
470 2254 728 2321 Δεήθητε
755 2250 870 2309 οὖν
900 2254 1006 2307 τοῦ
1037 2254 1261 2321 Κυρίου
1308 2252 1417 2305 τοῦ
1451 2249 1736 2319 θερισμοῦ
1763 2288 1777 2313 ,

91 2334 255 2399 ὅπως
276 2335 322 2365 ’³
338 2334 569 2401 ἐκϐάλῃ
590 2333 844 2402 ἐργάτας
864 2335 951 2398 είς
974 2334 1080 2385 τὸν
1096 2330 1380 2399 θερισμὸν
1398 2329 1606 2383 αὐτοῦ.
1638 2331 1781 2398 Ὅρα

91 2415 258 2467 πάλιν
291 2414 352 2466 τὸ
398 2413 730 2476 ἀκενόδοξον.
790 2413 908 2465 ’Ὶνα
937 2413 982 2443 ’⁵
1010 2411 1086 2482 μὴ
1124 2411 1373 2476 ἅπαντας
1416 2411 1549 2481 πρὸς
1586 2408 1780 2460 ἐαυτὸν

90 2494 450 2565 ἑπισύρηται,
492 2494 769 2562 ἐκπέμπει
806 2495 934 2554 τοὺς
987 2491 1253 2561 μαθητάς.
1283 2493 1357 2544 Οὐ
1391 2491 1478 2542 διὰ
1519 2488 1677 2542 τοῦτο
1722 2486 1779 2538 δὲ

96 2576 281 2643 μόνον,
322 2572 549 2626 ἀλλ’ἵνα
580 2573 780 2633 αὐτοὺς
823 2572 920 2624 καὶ
964 2570 1254 2642 παιδεύσῃ,
1296 2570 1550 2639 καθάπερ
1591 2567 1648 2618 ἐν
1673 2582 1780 2618 τινι

94 2654 412 2722 παλαίστρᾳ
431 2655 496 2720 τῇ
521 2652 854 2721 Παλαιστίνῃ
879 2649 1461 2719 μελετήσαντας,οὖτω
1487 2647 1622 2717 πρὸς
1652 2646 1781 2707 τοὺς

91 2734 314 2801 ἀγῶνας
344 2732 445 2801 τῆς
466 2730 793 2799 οἰκουμένης
827 2728 1219 2781 ἀποδύσασθαι.
1255 2730 1356 2780 Διά
1388 2729 1453 2798 δὴ
1478 2726 1637 2779 τοῦτο
1686 2725 1781 2778 καὶ

97 2811 324 2883 μείζονα
349 2810 420 2862 τὰ
446 2810 720 2880 γυμνάσια
740 2809 849 2861 τῶν
873 2808 1098 2876 ἀγώνων
1121 2807 1323 2878 τίθησι,
1350 2809 1472 2860 ὅσον
1502 2808 1547 2838 ⁸⁸
1574 2807 1654 2868 είς
1681 2806 1781 2874 τὴν

94 2892 279 2944 αὐτῶν
304 2885 443 2961 ἦκεν
494 2891 714 2960 ἀρετὴν,
761 2890 847 2941 ἵνα
874 2886 1255 2958 εὐκοπώτερον
1283 2888 1392 2939 τῶν
1435 2886 1574 2957 μετά
1611 2884 1783 2938 ταῦτα

95 2970 326 3037 ἀγώνων
353 2968 618 3036 ἅψωνται,
645 2968 898 3039 καθάπερ
916 2967 1067 3031 τινὰς
1096 2970 1351 3030 νεοσσοὺς
1380 2966 1621 3029 ἁπαλοὺς
1645 2965 1785 3036 πρὸς

94 3052 153 3100 τὸ
180 3050 391 3119 πτῆναι
441 3049 696 3117 προάγων
722 3048 843 3117 ἤδη.
876 3047 986 3098 Καὶ
1011 3047 1150 3109 τέως
1196 3046 1392 3109 αὐτοὺς
1426 3045 1642 3116 ἰατροὺς
1672 3061 1780 3096 σω-

97 3130 288 3195 μάτων
307 3129 475 3191 ποιεῖ,
504 3124 727 3196 ὕστερον
748 3125 1144 3196 ταμιευόμενος
1173 3126 1270 3195 τὴν
1296 3128 1392 3196 τῆς
1424 3124 1602 3194 ψυχῆς
1633 3123 1779 3195 διόρ-

97 3208 269 3258 θωσιν
296 3207 399 3277 τὴν
430 3205 869 3274 προηγουμένην.
905 3204 1015 3256 Καὶ
1075 3204 1266 3255 σκόπει
1305 3204 1421 3266 πῶς
1470 3202 1689 3254 εὔκολον
1721 3202 1782 3254 τὸ

98 3287 337 3354 πρᾶγμα
366 3284 603 3335 δείκνυσι
639 3286 734 3335 καὶ
758 3286 1072 3350 ἀναγκαῖον.
1103 3283 1167 3335 Τί
1204 3285 1313 3353 γάρ
1345 3299 1538 3353 φησιν;
1583 3282 1637 3333 '0
1665 3282 1783 3351 μὲν

97 3361 386 3429 θερισμὸς
410 3360 625 3425 πολὺς,
650 3365 701 3413 οί
726 3360 794 3414 δὲ
822 3360 1062 3429 ἐργάται
1101 3362 1311 3430 ὀλίγοι.
1346 3361 1421 3412 Οὐ
1450 3360 1556 3431 γὰρ
1575 3362 1667 3412 ἐπὶ¹
1691 3359 1781 3411 τὸν

99 3441 305 3511 σπόρον
335 3440 502 3509 ὑμᾶς,
537 3440 721 3508 φησὶν,
743 3439 858 3493 ἀλλ’
892 3441 985 3492 ἐπὶ
1008 3440 1099 3492 τὸν
1142 3440 1349 3510 ἀμητὸν
1365 3438 1782 3508 πέμπω.”οπερ

99 3518 251 3587 ἐντῴ
291 3519 512 3588 Ἰωάννῃ
551 3518 751 3586 ἐλεγενο
777 3518 981 3571 Ἄλλοι
1022 3517 1441 3581 κεκοπιάκασι,
1490 3518 1587 3571 καί
1616 3516 1783 3584 ὑμεῖς

98 3600 183 3663 είς
211 3598 325 3650 τὸν
357 3600 551 3651 κόπον
582 3596 781 3650 αὐτῶν
807 3598 1259 3665 εἰσεληλύθατε.
1288 3595 1475 3649 Ταῦτα
1513 3596 1569 3647 δέ
1605 3596 1780 3663 ἔλεγε,

101 3677 286 3729 καὶτὸ
323 3676 583 3747 φρόνημα
632 3675 812 3729 αὐτῶν
845 3676 1247 3741 καταστέλλων,
1281 3678 1378 3729 καὶ
1419 3678 1642 3745 θαρρεῖν
1681 3694 1785 3728 πα-

102 3760 483 3828 ρασκευάζων,
518 3756 615 3809 καὶ
653 3756 866 3819 δεικνὺς
901 3757 983 3808 ὅτι
1012 3757 1041 3807 ὁ
1072 3756 1273 3825 μείζων
1304 3755 1571 3825 προέλαϐε
1599 3753 1778 3816 πόνος.

101 3839 209 3889 θέα
234 3836 296 3887 δέ
337 3836 435 3889 καὶ
460 3835 697 3888 ἐνταῦθα
722 3836 833 3888 ἀπὸ
873 3835 1289 3906 φιλανθρωπίας
1330 3834 1651 3904 ἀρχόμενον,
1685 3834 1784 3886 οὐκ

102 3916 160 3981 ἐξ
208 3915 451 3985 ἀμοιϐῆς
490 3931 656 3977 τινος.
723 3914 1215 3983 Ἐσπλαγχνίσθη
1279 3912 1423 3981 γὰρ,
1483 3912 1572 3965 ὅτι
1621 3909 1787 3981 ἦσαν

100 3994 470 4063 ἐσκυλμένοι
498 3993 597 4045 καὶ
624 3994 985 4062 ἐρριμμένοι,
1012 3994 1094 4057 ὠς
1128 3993 1396 4059 πρόϐατα
1445 3990 1532 4059 μὴ
1565 3991 1786 4059 ἔχοντα

102 4074 383 4143 ποιμένα.
422 4072 572 4142 Αὓτη
594 4074 705 4125 τῶν
736 4073 1012 4142 ἀρχόντων
1038 4071 1149 4124 τῶν
1187 4070 1460 4125 Ἰουδαίων
1485 4072 1518 4141 ὴ
1556 4087 1787 4140 κατηγο-

106 4154 218 4223 ρία,
243 4154 326 4205 ὅτι
350 4152 610 4220 ποιμένες
656 4150 805 4214 ὄντες
830 4150 898 4202 τά
924 4150 1031 4203 τῶν
1065 4150 1245 4204 λύκων
1273 4150 1672 4203 ἐπεδείκνυντο.
1707 4151 1785 4202 Οὐ

103 4232 210 4301 7&9
245 4231 407 4300 μόνον
436 4230 496 4280 οὐ
521 4227 785 4299 διώρθουν
811 4228 855 4260 ³⁷
892 4229 955 4281 τὸ
985 4228 1206 4298 πλῆθος,
1249 4227 1386 4280 ἀλλά
1423 4228 1519 4279 καὶ
1557 4227 1785 4297 ἐλυμαί-

104 4327 259 4363 νοντο
281 4309 461 4363 αὐτῶν
484 4309 583 4380 τὴν
598 4308 905 4379 προκοπήν.
935 4308 1191 4361 Ἐκείνων
1215 4306 1345 4375 γοῦν
1374 4306 1782 4376 θαυμαζόντων,

103 4394 196 4443 καὶ
225 4391 517 4459 λεγόντων,
546 4388 846 4443 Οὐδέποτε
873 4388 1064 4457 ἐφάνη
1098 4388 1285 4453 οὕτως
1323 4387 1393 4439 ἐν
1429 4384 1509 4451 τῷ
1523 4386 1782 4454 Ἰσραήλ·

104 4465 252 4525 οὗτοι
272 4475 343 4524 τά
372 4470 591 4524 ἐναντία
638 4470 846 4539 ἔλεγον,
880 4470 962 4523 ὅτι
1010 4471 1112 4524 Ἐν
1139 4469 1219 4534 τῷ
1255 4468 1501 4536 ἄρχοντι
1524 4467 1641 4521 τῶν
1660 4469 1784 4523 δαι-

103 4552 332 4619 μονίων
380 4549 662 4603 ἐκϐάλλει
711 4550 786 4603 τὰ
822 4550 1119 4619 δαιμόνια.
1156 4548 1315 4601 Ἀλλά
1356 4547 1508 4611 τίνας
1543 4549 1784 4619 ἐργάτας

104 4629 348 4683 ενταῦθά
381 4645 551 4698 φησι;
593 4630 733 4692 T06;
767 4629 979 4684 δώδεκα
1020 4630 1289 4701 μαθητάς.
1326 4628 1391 4681 Τί
1420 4624 1546 4694 οὖν;
1588 4629 1783 4694 εἰπὼν,

109 4714 171 4763 Ol
208 4708 281 4763 δὲ
326 4708 565 4777 ἐργάται
615 4709 832 4779 ὀλίγοι,
880 4708 1218 4779 προσέθηκεν
1248 4707 1463 4775 αὐτοῖς;
1497 4708 1781 4778 Οὐδαμῶς·

105 4790 222 4843 ἀλλ’
266 4790 466 4852 αὐτοὺς
502 4789 739 4860 ἔπεμψε.
776 4790 933 4853 Τίνος
980 4786 1073 4844 οὖν
1104 4790 1289 4844 ’ἐνεκεν
1319 4788 1494 4857 ἔλεγε,
1526 4788 1787 4857 Δεήθητε

105 4872 212 4926 τοῦ
242 4869 467 4937 Κυρίου
496 4868 604 4923 τοῦ
633 4871 937 4941 θερισμοῦ,
983 4872 1084 4923 ἵνα
1136 4869 1364 4937 ἐκϐάλῃ
1393 4867 1645 4938 ἐργάτας
1701 4871 1786 4933 είς

108 4952 217 5004 τὸν
268 4949 556 5018 θερισμὸν
580 4950 790 5015 αὑτοῦ,
823 4951 918 5004 καὶ
946 4950 1139 5004 οὐδένα
1189 4950 1373 5013 αὐτοῖς
1403 4950 1784 5020 προσέθηκεν;

110 5032 231 5085 Ὅτι
255 5031 353 5083 καὶ
376 5029 586 5083 δώδεκα
609 5029 768 5093 ὄντας
801 5029 1029 5092 πολλοὺς
1056 5030 1279 5098 ἐποίησε
1309 5027 1515 5096 λοιπὸν,
1549 5028 1669 5101 οὐχὶ
1704 5028 1784 5101 τῷ

106 5110 327 5182 ἀριθμῷ
348 5109 626 5178 προσθεὶς,
651 5109 789 5163 ἀλλά
816 5108 1041 5179 δύναμιν
1062 5109 1448 5180 χαρισάμενος.

179 5197 250 5257 γ’.
266 5184 402 5242 Εῐτα
420 5189 634 5253 δεικνὺς
654 5190 842 5260 ἡλίκον
859 5189 920 5242 τὸ
939 5188 1109 5259 δῶρόν
1126 5190 1262 5252 ἐστι,
1290 5190 1445 5261 φησὶ,
1463 5188 1720 5257 Δεήθητε
1732 5188 1780 5221 ⁸⁸

107 5269 216 5322 τοῦ
251 5269 475 5336 Κυρίου
524 5270 631 5324 τοῦ
668 5269 953 5337 θερισμοῦ
978 5285 994 5300 ο
1031 5268 1126 5321 καὶ¹
1167 5269 1541 5332 λανθανόντως
1587 5268 1781 5322 ἐαυτὸν

108 5349 364 5417 ἐμφαίνει
394 5349 486 5402 τὸν
515 5348 576 5402 τὸ
606 5348 773 5420 κῦρος
806 5347 1217 5419 έχοντα.Είπὼν
1236 5349 1366 5421 7&9,
1396 5348 1652 5417 Δεήθητε
1674 5348 1783 5404 τοῦ

1148 402 1214 457 IN
1252 398 1673 457 MATTIIASUM
1705 398 1941 455 HOMIL.
1983 398 2197 452 XXXII.
2233 398 2303 452 aI.
2347 395 2586 451 XXXIII.

3453 396 3560 456 380

1882 514 2103 581 Κυρίου
2134 510 2242 565 τοῦ
2267 508 2573 578 θερισμοῦ,
2601 507 2752 561 οὐδὲν
2774 505 3071 577 δεηθέντων
3096 506 3295 572 αὐτῶν,
3327 508 3447 562 οὐδὲ
3469 510 3563 563 εὐο

1882 591 2154 663 ξαμένων,
2190 590 2343 662 [568]
2369 590 2533 653 αὐτὸς
2576 589 2774 651 αὐτοὺς
2820 587 3023 650 εὐθέως
3068 589 3386 657 χειροτονεῖ,
3427 589 3562 641 ἀνα-

1885 672 2209 743 μιμνήσκων
2235 672 2432 734 αὐτοὺς
2460 670 2556 723 καὶ
2595 668 2704 722 τῶν
2746 667 2991 721 Ἰωάννου
3020 666 3301 735 ῥημάτων,
3336 668 3431 719 καὶ
3465 668 3564 736 τῆς

1882 752 2015 813 ἀλω,
2043 752 2137 805 καὶ
2153 751 2245 804 τοῦ
2262 750 2565 821 λικμῶντος
2582 750 2650 813 ³³,
2667 746 2760 800 καὶ
2788 744 2883 798 τοῦ
2910 745 3137 816 ἀχύρου,
3159 746 3247 797 καὶ
3273 744 3366 797 :06
3390 746 3559 803 σίτου.

1882 831 2046 884 Ὅθεν
2075 832 2253 900 δῆλον,
2284 832 2365 883 ὄτι
2391 829 2551 891 αὐτός
2582 828 2729 879 ἐστιν
2758 827 2788 878 6
2812 826 3077 896 γεωργὸς,
3110 826 3269 888 αὐτὸς
3294 826 3321 877 6
3354 824 3447 877 :06
3474 825 3564 877 02-

1885 911 2078 980 ρισμοῦ
2109 910 2331 983 Κύριος,
2361 909 2520 971 αὐτὸς
2542 911 2570 961 6
2597 906 2705 959 τῶν
2735 906 3026 978 προφητῶν
3055 906 3336 974 δεσπότης.
3366 902 3429 983 Εί
3456 904 3565 974 γὰρ

1883 991 2118 1061 θερίζειν
2161 982 2394 1059 έπεμψε,
2427 988 2584 1058 δῆλον
2616 988 2696 1040 ὅτι
2728 988 2789 1039 οὐ
2822 986 2889 1038 τά
2927 985 3204 1055 ἀλλότρια,
3254 984 3368 1036 ἀλλ’
3392 982 3428 1037 ἃ
3473 984 3563 1035 διά

1881 1071 1988 1123 τῶν
2048 1070 2339 1140 προφητῶν
2386 1070 2661 1137 ἔσπειρεν.
2703 1066 2778 1118 Οὐ
2825 1063 2996 1134 ταύτῃ
3050 1064 3107 1116 δὲ
3156 1063 3352 1125 αὐτοὺς
3404 1063 3564 1131 μόνον

1882 1149 2284 1220 παρεθάρρυνε,
2318 1148 2428 1218 τῷ¹
2466 1145 2723 1217 θερισμὸν
2753 1143 2979 1197 καλέσαι
3019 1143 3120 1213 τὴν
3162 1143 3339 1195 αὐτῶν
3381 1142 3567 1194 διακο-

1881 1229 2024 1287 νίαν,
2057 1227 2194 1281 ἀλλά
2228 1228 2321 1279 καὶ
2349 1226 2427 1296 τῷ
2452 1226 2675 1294 ποιῆσαι
2703 1224 2960 1283 δυνατοὺς
2984 1222 3119 1291 πρὸς
3143 1223 3241 1290 τὴν
3264 1221 3559 1274 διακονίαν.

1881 1308 1988 1362 Καὶ
2028 1305 2619 1375 προσκαλεσάμενος,
2648 1302 2807 1373 φησὶ,
2834 1301 2978 1366 τοὺς
3025 1300 3254 1354 δώδεκα
3294 1299 3565 1370 μαθητὰς

1881 1386 2090 1449 αὑτοῦ,
2117 1386 2337 1440 ἔδωκεν
2365 1383 2572 1450 αὐτοῖς
2600 1382 2893 1447 ἐξουσίαν
2923 1380 3277 1449 πνευμάτων
3304 1378 3563 1446 ἀκαθάρ-

1882 1485 2018 1531 των,
2058 1466 2215 1520 ὥστε
2246 1466 2569 1520 ἐκϐάλλειν
2608 1463 2782 1528 αὐτὰ,
2806 1462 2904 1515 καὶ
2960 1462 3309 1528 θεραπεύειν
3356 1458 3566 1513 πᾶσαν

1881 1550 2073 1600 νόσον
2100 1547 2198 1599 καὶ
2244 1544 2451 1599 πᾶσαν
2476 1542 2799 1613 μαλακίαν.
2838 1540 3028 1594 Καίτοι
3057 1539 3208 1591 οὕπω
3245 1535 3313 1609 ἦν
3340 1539 3565 1607 Πνεῦμα

1881 1626 2162 1697 δεδομένον
2182 1644 2196 1656 ·
2237 1626 2411 1677 Οὔπω
2440 1624 2550 1692 γὰρ
2582 1618 2679 1691 ἦν,
2713 1621 2869 1691 φησὶ,
2901 1619 3200 1689 Πνεῦμα¹,
3230 1618 3437 1685 ἐπειδὴ
3455 1618 3566 1683 ’1η-

1882 1706 2036 1771 σοῦς
2060 1705 2292 1759 οὐδέπω
2320 1703 2643 1767 ἐδοξάσθη.
2677 1702 2801 1763 Πῶς
2832 1697 2925 1753 οὖν
2954 1699 3235 1764 ἐξέϐαλλον
3255 1700 3274 1729 ³
3302 1698 3371 1750 τά
3398 1697 3565 1749 πνεύ-

1884 1801 2064 1854 ματα;
2110 1783 2243 1836 ’Δπὸ
2275 1783 2373 1851 τῆς
2407 1783 2672 1846 ἐπιταγῆς
2694 1780 2794 1849 τῆς
2818 1776 3003 1841 αὐτοῦ,
3036 1778 3144 1830 ἀπὸ
3168 1777 3267 1845 τῆς
3292 1777 3561 1841 ἐξουσίας.

1878 1853 2081 1916 Σκόπει
2110 1862 2163 1915 δέ
2208 1878 2297 1930 μοι
2342 1860 2433 1912 καὶ
2468 1859 2527 1910 τὸ
2564 1856 2819 1927 εὔκαιρον
2846 1856 2945 1925 τῆς
2975 1855 3298 1923 ἀποστολῆς.
3333 1855 3407 1906 Οὐ
3454 1853 3565 1924 7&9

1880 1945 1944 1994 ἐκ
1982 1942 2283 2013 προοιμίων
2316 1938 2513 2000 αὐτοὺς
2541 1937 2808 2007 ἐπεμψεν,
2833 1936 2945 1988 ἀλλ’
2968 1936 3055 1987 ὅτε
3074 1932 3287 2013 λίκανῶς
3314 1932 3414 2001 τῆς
3435 1934 3566 1984 6x0-

1878 2008 2187 2091 λουθῆσεως
2219 2015 2360 2091 ἦσαν
2412 2015 2866 2079 ἀπολελαυκότες,
2914 2015 3007 2068 καὶ
3045 2008 3184 2066 εἶδον
3230 2012 3323 2065 καὶ
3372 2012 3565 2081 νεκρὸν

1879 2100 2189 2171 ἐγερθέντα,
2230 2098 2324 2151 καὶ
2372 2096 2643 2149 θάλατταν
2690 2094 3133 2163 ἐπιτιμηθεῖσαν,
3164 2092 3259 2144 καὶ
3304 2091 3565 2159 δαίμονας

1880 2180 2187 2241 ἐλαθέντας.
2206 2177 2300 2230 καὶ
2320 2174 2687 2247 παραλυτικὸν
2706 2172 3064 2241 σφιγένταΜ,
3082 2172 3175 2224 καὶ
3193 2172 3563 2242 ἁμαρτήματα

1878 2259 2129 2322 λυθέντα,
2164 2258 2256 2311 καὶ
2289 2256 2489 2327 λεπρδν
2541 2254 2902 2324 καθαρθέντα,
2934 2254 3026 2307 καὶ
3073 2253 3348 2323 ἀρκοῦσαν
3395 2250 3561 2304 αὐτοῦ

1879 2339 1980 2409 τῆς
2033 2338 2315 2406 δυνάμεως
2359 2336 2549 2389 ἔλαϐον
2598 2333 2889 2398 ἀπόδειξιν,
2923 2335 3015 2386 καὶ
3043 2334 3107 2387 δι’
3141 2333 3316 2403 ἔργων
3351 2335 3444 2385 καὶ
3474 2332 3563 2385 διὰ

1879 2418 2074 2486 λόγων,
2118 2417 2238 2469 τότε
2270 2417 2467 2478 αὐτοὺς
2519 2414 2828 2484 ἐκπέμπει·
2862 2414 2957 2467 καὶ
2998 2414 3097 2467 οὐκ
3129 2416 3209 2476 είς
3250 2413 3563 2465 ἐπικίνδυνα

1882 2500 2184 2569 πράγματα
2209 2497 2404 2566 (οὐδεὶς
2429 2495 2536 2567 γάρ
2564 2497 2622 2548 ἐν
2653 2494 2982 2563 Παλαιστίνῃ
3012 2494 3149 2555 τέως
3180 2492 3421 2555 κίνδυνος
3446 2488 3559 2562 ἦν),

1880 2578 2016 2631 ἀλλά
2073 2576 2208 2646 πρὸς
2256 2575 2597 2645 κακηγορίας
2639 2573 2745 2627 ἔδει
2795 2574 3046 2625 ἵστασθαι
3079 2572 3258 2643 μόνον.
3294 2572 3439 2643 Πλὴν
3471 2573 3565 2624 καὶ

1880 2657 2037 2711 τοῦτο
2069 2658 2251 2719 αὐτοῖς
2276 2655 2549 2726 προλέγει,
2581 2653 2642 2707 τὺ
2674 2653 2802 2722 περὶ
2830 2652 2937 2705 τῶν
2966 2652 3247 2711 κινδύνων,
3271 2669 3565 2723 προπαραε-

1884 2738 2163 2802 σκευάζων
2193 2736 2391 2799 αὐτοὺς
2420 2735 2515 2788 καὶ
2562 2734 2668 2805 πρὸ
2712 2732 2806 2786 :06
2856 2732 3073 2803 καιροῦ,
3112 2732 3206 2784 καὶ
3239 2733 3566 2800 ἐναγωνίους

1885 2818 2056 2872 ποιῶν
2088 2820 2153 2888 τῇ
2186 2818 2399 2886 συνεχεῖ
2426 2815 2552 2885 περὶ
2582 2813 2786 2868 τούτων
2817 2814 3140 2885 προρρήσει.
3176 2807 3331 2877 Εἶτα,
3377 2813 3565 2883 ἐπειδὴ

1882 2898 1975 2951 δύο
1997 2895 2252 2963 συζυγίας
2276 2891 2428 2947 εἶπεν
2454 2895 2586 2964 ἡμῖν
2609 2891 2944 2953 ἀποστόλων,
2970 2892 3066 2961 τὴν
3092 2892 3300 2963 Πέτρου
3324 2893 3417 2945 καὶ
3449 2893 3565 2945 Ἰω-

1884 2980 2062 3034 άννου.
2082 2976 2176 3030 καὶ
2208 2972 2549 3047 μετ’ἐκείνας
2582 2973 2650 3003 ⁶’⁷
2666 2972 2758 3025 τὸν
2786 2971 3060 3024 Ματθαῖον
3085 2972 3252 3037 ἔδειξε
3275 2970 3563 3040 κληθέντα,

1886 3059 2013 3127 περὶ
2044 3057 2100 3109 δέ
2127 3057 2228 3124 τῆς
2251 3057 2358 3107 τῶν
2391 3053 2567 3105 ἄλλων
2589 3051 2901 3104 ἀποστόλων
2928 3051 3025 3119 κλή
3035 3050 3170 3113 σεώς
3200 3067 3259 3103 τε
3282 3051 3375 3103 καὶ
3395 3067 3567 3121 προσ-

1884 3138 2114 3210 ηγορίας
2157 3134 2308 3187 οὐδὲν
2354 3135 2488 3202 ἡμῖν
2536 3130 2817 3210 διελέχθη,
2838 3129 3072 3210 ἐνταῦθα
3115 3129 3431 3210 ἀναγκαίως
3473 3129 3566 3182 τὸν

1884 3208 2183 3281 κατάλογον
2204 3210 2381 3265 αὐτῶν
2409 3211 2500 3263 καὶ
2522 3211 2610 3263 τὸν
2631 3208 2864 3281 ἀριθμὸν
2887 3208 3088 3279 τίθησι,
3122 3209 3215 3262 καὶ
3238 3208 3307 3260 τά
3326 3209 3566 3277 ὀνόματα

1882 3295 2021 3364 δῆλα
2068 3293 2231 3355 ποιεῖ,
2265 3290 2442 3357 λέγων
2493 3287 2667 3350 οὕτως
2691 3305 2704 3318 ·
2738 3285 2900 3340 Τῶνδ
2931 3287 3160 3341 δώδεκα
3205 3288 3568 3340 ἀποστόλων

1884 3378 1957 3431 τὰ
1982 3374 2245 3443 ὀνόματά
2286 3373 2419 3425 ἐστι
2456 3369 2676 3423 ταῦτα’
2724 3365 2983 3436 Πρῶτος,
3008 3368 3215 3443 ,Σίμων
3254 3370 3287 3419 ό
3322 3367 3568 3436 λεγόμε-

1884 3472 1991 3520 νος
2023 3441 2262 3519 Πέτρος.
2297 3451 2408 3503 Καὶ
2443 3448 2550 3518 7&9
2578 3448 2763 3518 ἐτερος
2789 3446 2972 3515 Σίμων
3001 3441 3090 3516 ἦν,
3125 3447 3153 3500 6
3184 3445 3527 3515 Κανανίτης⁹
3548 3462 3564 3477 θ

1885 3534 1982 3586 καὶ
2026 3531 2224 3592 Ἰούδας
2254 3531 2283 3582 6
2325 3526 2697 3597 Ἰσκαριώτης,
2732 3524 2827 3577 καὶ
2860 3523 3059 3586 Ἰούδας
3088 3526 3116 3576 6
3151 3522 3407 3576 Ἰακώϐου
3427 3539 3441 3553 ο
3472 3523 3569 3576 καὶ

1897 3610 2153 3673 Ἰάκωϐος
2184 3612 2212 3662 6
2236 3607 2331 3660 :06
2366 3605 2641 3673 Ἀλφαίου,
2665 3604 2765 3657 καὶ
2799 3602 3054 3665 Ἰάκωϐος
3086 3604 3114 3654 6
3140 3602 3232 3654 :06
3257 3602 3564 3656 Ζεϐεδαίου.

1898 3694 1956 3746 '0
1984 3690 2081 3761 μὲν
2113 3683 2206 3742 οὖν
2236 3686 2455 3756 Μάρκος
2478 3684 2573 3737 καὶ
2601 3682 2742 3737 κατὰ
2767 3681 2866 3753 τὴν
2886 3682 2928 3712 ¹⁰
2949 3680 3108 3761 ἀξίαν
3130 3681 3326 3761 αὐτοὺς
3349 3679 3562 3750 τίθησι·

1889 3759 2029 3841 μετά
2055 3768 2165 3838 7&9
2198 3767 2324 3827 τοὺς
2356 3764 2449 3815 δύο
2477 3763 2810 3831 κορυφαίους
2842 3762 2963 3814 τότε
2998 3760 3088 3813 τὸν
3128 3759 3383 3831 Ἀνδρέαν
3411 3761 3570 3831 ἀριθ-

1893 3853 2011 3870 -.-9-
2048 3840 2201 3870 -17.---
2237 3844 2289 3870 ελ
2327 3844 2421 3870 -3...
2460 3841 2631 3870 ...τ’...μιι
2703 3839 2816 3870 A‘A\‘
2851 3839 3213 3870 κπ.-,..,ι,...μιι
3277 3839 3473 3870 ..ἓἸἸι-..ι
3513 3839 3567 3870 ἒλ

1960 3853 2011 3893 ἶ·
2045 3840 2201 3893 οὗτος
2235 3844 2291 3893 δὲ
2325 3844 2421 3893 οὖν
2459 3841 2654 3893 οὕτως.
2702 3839 2816 3893 ἀλλ’
2849 3839 3157 3893 ἀδιαφόρως

1890 3839 2011 3919 μεῖ’
2045 3840 2201 3908 06:0;
2235 3844 2291 3896 δέ
2325 3844 2422 3912 οὐχ
2459 3841 2654 3905 οὕτως,
2702 3839 2816 3895 ἀλλ’
2849 3839 3237 3911 ἀδιαφόρως¹¹,
3274 3839 3473 3910 μᾶλλον
3512 3839 3569 3894 δέ

1887 3928 1980 3979 καὶ
2007 3925 2207 3995 Θωμᾶν
2235 3922 2326 3975 τὸν
2348 3922 2482 3973 πολύ
2510 3919 2928 3989 καταδεέστερον
2950 3917 3140 3971 ἐαυτοῦ
3161 3918 3203 3950 ¹²
3226 3918 3563 3990 προτίθησιν.

1899 4007 2038 4059 Ἀλλ’
2071 4005 2267 4075 ἴδωμεν
2324 4000 2504 4055 αὐτῶν
2556 3999 2761 4053 ἄνωθεν
2811 3998 2902 4051 τὸν
2952 3998 3270 4067 κατάλογον.
3308 3997 3566 4065 Πρῶτος,

1888 4086 2086 4153 Σίμων
2111 4086 2142 4135 ό
2163 4082 2486 4150 λεγόμενος
2523 4078 2765 4145 Πέτρος,
2792 4078 2888 4130 καὶ
2928 4076 3197 4145 Ἀνδρέας
3230 4080 3263 4131 ό
3303 4077 3567 4145 ἀδελφὸς

1886 4162 2093 4216 αὑτοῦ.
2124 4161 2199 4213 Οὐ
2248 4159 2442 4229 μικρὸν
2470 4159 2566 4210 καὶ
2594 4156 2750 4209 τοῦτο
2774 4157 2817 4187 ¹³
2848 4155 3148 4226 ἐγκώμιονο
3183 4156 3274 4210 τὸν
3321 4155 3419 4225 μὲν
3457 4157 3569 4227 7&9

1888 4239 1996 4295 ἀπὸ
2023 4240 2125 4307 τῆς
2154 4239 2377 4309 ἀρετῆς,
2412 4238 2503 4290 τὸν
2529 4236 2586 4290 δὲ
2620 4234 2730 4289 ἀπὸ
2763 4234 2865 4303 τῆς
2908 4234 3183 4302 εὐγενείας
3204 4234 3247 4265 ⁸⁸
3277 4234 3376 4304 τῆς
3425 4236 3567 4288 κατά

1889 4320 1978 4374 τὸν
2003 4321 2200 4390 τρόπον
2224 4318 2525 4387 ὠνόμασεν.
2551 4313 2698 4371 Εἶτα
2737 4314 3009 4380 Ἰάκωϐος
3037 4317 3069 4366 ό
3095 4314 3202 4368 τοῦ
3225 4314 3568 4377 Ζεϐεδαίου,

1890 4400 1987 4453 καί
2030 4398 2304 4463 Ἰωάννης
2333 4399 2365 4450 ό
2385 4394 2645 4463 ἀδελφὸς
2668 4393 2874 4447 αὐτοῦ.
2894 4393 3055 4463 Ὁρᾷς
3081 4392 3198 4455 πῶς
3225 4394 3285 4446 οὐ
3308 4394 3449 4447 κατὰ
3465 4394 3568 4463 τὴν

1889 4480 2045 4543 ἀξίαν
2095 4476 2339 4542 τίθησιν;
2387 4474 2540 4545 Ἐμοὶ
2589 4474 2697 4544 γὰρ
2750 4473 2895 4526 δοκεῖ
2937 4474 2965 4525 6
3002 4473 3253 4543 Ἰωάννης
3295 4474 3416 4542 οὐχὶ
3457 4474 3565 4525 τῶν

1890 4558 2063 4613 ἄλλων
2101 4556 2278 4625 μόνον,
2313 4553 2448 4607 ἀλλά
2494 4554 2587 4606 καὶ
2620 4552 2712 4605 :06
2746 4550 2976 4619 ἀδελφοῦ
3011 4551 3212 4622 μείζων
3244 4549 3403 4606 εἷναι.
3434 4549 3568 4606 Εἶτα

1891 4635 2080 4699 εἰπὼν,
2103 4636 2400 4698 Φίλιππος
2419 4633 2517 4686 καὶ
2537 4632 3000 4700 Βαρθολομαῖος,
3026 4634 3275 4701 ἐπήγαγε
3296 4650 3311 4662 ·
3339 4634 3564 4703 Θωμᾶς.

1893 4713 2044 4785 [569]
2071 4714 2167 4767 καὶ
2201 4712 2499 4777 Ματθαῖος
2522 4714 2553 4765 ὀ
2582 4711 2866 4778 τελώνης.
2888 4711 3024 4764 Ἀλλ’
3054 4712 3150 4783 οὐχ
3178 4714 3206 4765 6
3235 4713 3447 4777 Λουκᾶς
3478 4714 3570 4766 06-

1890 4811 2026 4857 τως·
2053 4794 2167 4847 ἀλλ’
2189 4792 2578 4863 ἀντιστρόφως,
2606 4791 2699 4844 καλ⁸
2724 4791 3045 4861 προτίθησιν
3073 4793 3236 4845 αὐτὸν
3255 4792 3349 4845 :06
3372 4793 3565 4862 Θωμᾶ.

1888 4871 2021 4928 Εἶτα
2066 4873 2321 4935 Ἰάκωϐος
2371 4874 2399 4925 6
2448 4871 2540 4923 :06
2588 4870 2979 4940 Ἀλφαίου.Ἦν
3020 4871 3147 4940 7&9,
3178 4872 3252 4935 ὼς
3284 4872 3454 4942 ἔφθην
3486 4875 3565 4925 εἰ·

1886 4952 2027 5017 πὼν,
2057 4953 2211 5006 καὶὸ
2241 4951 2335 5004 :06
2383 4951 2689 5004 Ζεϐεδαίου.
2741 4947 2874 5004 Εἶτα
2933 4950 3105 5003 εἰπὼν
3153 4952 3419 5004 Λεϐϐαῖον
3470 4951 3569 5003 τὸν

1885 5031 2245 5103 ἐπικληθέντα
2275 5029 2531 5083 Θαδδαῖον
2553 5030 2619 5091 ⁸⁸,
2655 5030 2750 5082 καὶ
2795 5029 3015 5098 Σίμωνα
3058 5029 3151 5081 τὸν
3198 5028 3468 5099 ζηλωτὴν,
3507 5029 3568 5081 ὃν

1884 5113 1978 5166 καὶ
2007 5111 2310 5180 Κανανίτην
2332 5110 2504 5174 καλεῖ,
2542 5109 2633 5162 ἐπὶ
2656 5109 2745 5162 τὸν
2768 5108 3028 5179 προδότην
3067 5107 3286 5179 ἔρχεται
3304 5124 3318 5138 ·
3355 5108 3448 5160 καὶ
3466 5108 3566 5178 οὐχ

1884 5192 1961 5252 ὡς
2007 5190 2198 5262 ἐχθρός
2229 5208 2312 5253 τις
2345 5192 2439 5242 καὶ
2472 5188 2752 5259 πολέμιος,
2795 5188 2906 5241 ἀλλ’
2933 5190 3008 5252 ὡς
3057 5187 3297 5258 ἱστορίαν
3338 5187 3565 5257 γράφων

1886 5271 2028 5324 οὐτω
2068 5270 2385 5340 διηγήσατο.
2420 5270 2533 5322 Οὐκ
2581 5265 2829 5334 εἷπεν,⁹0
2863 5267 3057 5338 μιαρὸς
3086 5266 3179 5319 καὶ
3222 5265 3564 5335 παμμίαρος,

1888 5350 2003 5403 ἀλλ’
2029 5349 2138 5403 ἀπὸ
2184 5349 2285 5419 τῆς
2314 5348 2524 5411 πόλεως
2558 5348 2720 5401 αὐτὸν
2754 5346 3032 5412 ἐκάλεσεν,
3050 5344 3273 5411 Ἰούδας
3304 5348 3337 5399 ό
3381 5345 3567 5399 Ἰσκα-

190 5494 240 5525 ’θ
268 5494 496 5562 ἐπάγειν
525 5494 662 5551 Edd.
736 5495 783 5527 ⁹¹
813 5493 923 5619 ﬁsi]
958 5494 1045 5566 εἴη
1080 5494 1141 5548 Β.
1173 5496 1235 5549 Ι).
1262 5501 1315 5551 ει
1343 5510 1431 5566 pr.
1465 5492 1528 5549 C.
1558 5492 1739 5549 calari
1766 5494 1779 5546 ἦ

195 5564 248 5617 d.
339 5565 385 5595 ”
412 5565 553 5619 ’⁷1ναῖ
596 5567 720 5619 add.
745 5567 855 5619 γὰο
913 5600 940 5619 ο.
1018 5567 1064 5598 ⁸⁸
1084 5564 1230 5619 ὅσον]
1262 5567 1356 5619 καὶ
1385 5567 1511 5618 ὅσον
1537 5564 1602 5619 Ε.
1677 5565 1719 5597 ’τ
1744 5563 1772 5616 δ

1899 5533 1914 5548 .
1992 5495 2038 5531 ³³
2070 5494 2189 5546 οὐδὲ
2221 5491 2357 5547 Edd.
2433 5493 2480 5525 ⁹³
2509 5492 2673 5546 αὐτοῦ
2706 5494 2858 5548 deest
2898 5493 2951 5547 in
2988 5492 3127 5548 Edd.
3203 5493 3249 5525 “
3277 5493 3450 5565 ὅπως]
3480 5494 3566 5547 ἵνα

1894 5562 2072 5617 λοῦντο
2107 5564 2241 5619 Edd.
2318 5564 2364 5595 "‘
2389 5563 2638 5619 δεήθητε]
2671 5564 2798 5619 add.
2824 5562 2919 5617 οὖν
2949 5564 3087 5619 Edd.
3164 5563 3210 5595 ”
3234 5564 3565 5619 λικμῶντοςί

112 5564 261 5637 πίω.
339 5565 391 5637 ’ξ
412 5565 553 5637 Ἵνα]
596 5567 720 5621 add.
745 5564 855 5635 7&9
878 5564 940 5620 ιε.

114 5634 207 5688 Sic
240 5634 417 5706 A._C.
452 5636 513 5690 Ε.
541 5632 606 5692 ἐι
654 5632 800 5691 cori'.
826 5632 911 5691 'D.
948 5632 1278 5706 quibuscu'm
1320 5636 1594 5691 consentit
1630 5632 1784 5706 ᾼιιιη.

116 5709 131 5734 ¹
174 5703 587 5777 παρεθάρρυνεν
618 5707 783 5777 ἐντῷ
831 5702 1047 5761 codiées
1093 5719 1290 5777 praeter
1327 5706 1390 5760 E.
1445 5706 1489 5777 _’
1520 5702 1764 5777 Πνεῦμα]

1813 5705 1937 5776 add.
1974 5706 2128 5773 ἆγιον
2171 5704 2311 5762 Edd.
2348 5704 2560 5776 ἐπειδὴ]

1018 5562 1064 5598 θ’
1084 5564 1230 5636 ὅσον]
1262 5562 1358 5619 καῖ
1385 5567 1511 5618 ὅσον
1537 5564 1602 5619 Ε.
1646 5632 1655 5636 _
1677 5565 1719 5597 "
1744 5563 1772 5616 6

1894 5562 2080 5636 )06v:0_
2107 5564 2241 5619 Edd.
2318 5564 2364 5595 ³⁸
2389 5563 2638 5636 δεήθητε]
2671 5564 2798 5636 add_.
2824 5562 2919 5617 οὖν
2949 5564 3087 5619 Edd.
3164 5563 3210 5595 ”
3234 5562 3565 5636 λικμῶντος)

2402 5633 2705 5703 (υεηιὶίαίπί
2747 5633 2845 5688 Ge.
2867 5636 2887 5703 )

1892 5635 2018 5705 ulgo
2070 5634 2343 5705 λικμῶνος
2402 5634 2705 5703 (υεηιίίαίπὶ
2747 5634 2887 5703 Ge.)
2930 5650 3053 5703 quae
3109 5648 3213 5688 vox
3260 5636 3407 5688 nulla
3455 5634 3561 5689 est;

1892 5707 1937 5759 LI.
1974 5706 2128 5759 ἆγιον
2176 5707 2311 5759 Edd.
2348 5704 2560 5759 ἐπειδὴ]
2598 5707 2680 5759 ὅτι
2730 5705 2867 5759 Edd.
2944 5705 2965 5734 ³
2995 5704 3087 5759 Sic
3118 5704 3184 5757 A.
3214 5703 3275 5757 Ε.
3303 5705 3363 5758 F.
3396 5704 3561 5759 Eulh.

2930 5650 3053 5703 quae
3109 5648 3213 5688 vox
3260 5636 3407 5688 nulla
3455 5644 3561 5689 est.

114 5760 293 5828 απιοῆ
327 5760 603 5846 ἐίξὲϐαλον.
678 5760 1177 5846 δ’δ’σφιγγένταῬ.
1213 5760 1307 5808 ⁷⁸Ῑ⁷
1337 5775 1580 5838 ἐκείνους
1618 5760 1683 5846 ᾼξ
1752 5760 1779 5807 '3

1894 5774 1935 5844 ν]
1961 5760 2087 5830 ιιιίιΙ.
2111 5777 2167 5828 δέ
2200 5760 2355 5832 Αγίίῖ.
2412 5776 2455 5846 λ’
2477 5777 2504 5827 6
2524 5760 2821 5844 ⁵λεγόμενος
2867 5776 3003 5828 Καν.
3046 5774 3184 5846 Edd.
3266 5776 3309 5846 ξ’
3338 5777 3437 5846 τὴν
3466 5776 3567 5846 ἁφή

117 5854 209 5916 (ζειΔ
237 5845 289 5916 i‘n
324 5844 458 5901 Edd.
540 5848 580 5878 "
612 5847 727 5902 ἀλλ’
765 5844 978 5916 ἀδιαφλ
1018 5846 1109 5901 Sic
1138 5863 1222 5916 pr.
1261 5848 1326 5901 A.
1354 5856 1410 5901 et
1437 5862 1580 5899 corr.
1621 5844 1683 5897 Β.
1719 5860 1779 5913 pr

1894 5851 2067 5914 algam
2099 5847 2237 5899 ἀλλά
2263 5844 2557 5915 διαφόρως.
2593 5846 2683 5899 scd
2717 5846 3083 5913 indifferenter
3121 5844 3219 5916 Ge.
3260 5844 3413 5900 Arm.
3447 5844 3565 5916 ἀλλξ

122 5914 475 5988 ἁπλῶς-κατά
495 5918 556 5971 τὸ
588 5914 913 5988 παραπέσον
934 5914 1178 5987 Τιιροριί.
1211 5918 1283 5972 De
1311 5919 1583 5988 scripun‘a
1621 5916 1779 5988 ςοόά.

1907 5916 1961 5969 Ρ.
2002 5933 2203 5988 διιιιρρδ
2230 5914 2497 5988 judicium
2521 5927 2624 5988 cst.
2699 5918 2741 5947 ¹²
2763 5917 2994 5988 Codiccs
3024 5915 3213 5988 αὐτοῦ.

116 5983 244 6039 hdd.
275 5985 335 6040 τὸ
364 5987 498 6045 Edd.

3308 5918 3361 5987 ¹³ν
3378 5913 3564 5987 τοῦτο]

578 5990 622 6023 ³⁸
652 5983 969 6058 συγγενείας
992 5983 1131 6046 MOI‘.
1154 5989 1303 6046 Arm.
1338 5983 1649 6060 ὠνόμασεν]
1679 5987 1768 6043 Sic

1894 5989 1953 6043 .d.
1978 5997 2032 6043 ct
2059 5983 2245 6044 Vci'ss.
2281 5987 2556 6043 Edcbazur
2579 5987 2861 6054 ἐπῄνεσεν.
2941 5987 2984 6019 ’⁵
3017 5987 3107 6041 τὸν
3142 5989 3237 6043 καὶ
3266 5986 3395 6043 Θαδ.
3422 5983 3559 6045 Edd.
