4038 6364
184 402 284 461 581

182 522 359 590 dixit,
404 520 775 576 Essecrandus
818 520 903 577 vel
946 519 1379 585 scelestissimus,
1409 517 1501 572 sed
1544 534 1612 572 ex
1644 516 1774 570 urbe

185 620 375 687 ipsum
400 615 818 686 cngnominavit,
851 616 904 669 Δ.
933 613 1101 668 Iudas
1137 611 1424 667 Iscariotes.
1459 610 1589 664 Erat
1633 610 1775 662 enim

182 710 337 761 alius
358 707 524 762 Judas
544 707 823 771 Lebbzeus,
842 706 931 775 qui
953 704 1430 775 cognominabatur
1455 700 1776 760 Thadda‘us,

180 814 358 867 quem
395 798 576 854 Jacobi
610 813 730 852 esse
761 797 925 851 filium
956 797 1029 851 ait
1065 796 1233 850 Lucas
1260 795 1464 857 dicens,
1490 792 1657 845 Judas
1683 789 1778 842 Ja-

180 890 306 943 cobi
334 888 487 957 (Luc.
519 892 572 944 6.
607 889 719 957 16).
754 890 834 943 Ab
881 888 983 943 hoc
1029 888 1188 958 igitur
1234 887 1380 939 illum
1424 884 1775 953 distinguens,

180 984 265 1036 ait
294 1001 311 1035 :
340 983 506 1037 ludas
528 982 817 1044 lscariotes,
849 982 936 1050 qui
970 980 1178 1033 tradidit
1208 996 1338 1032 eum.
1387 976 1570 1046 Neque
1619 974 1780 1044 pudet

182 1075 371 1143 ipsum
411 1074 613 1136 dicere,
642 1072 740 1141 Qui
770 1071 1003 1141 prodidit
1041 1072 1231 1141 ipsum.
1273 1068 1346 1123 Ita
1378 1082 1664 1135 numquam
1691 1081 1776 1129 ea,

182 1182 315 1234 qua:
356 1164 723 1235 vituperabilia
753 1163 1068 1217 videbantur
1110 1176 1253 1224 esse,
1298 1159 1775 1231 praztermiserunt.

186 1256 413 1309 Primus
457 1256 694 1309 omnium
724 1264 805 1310 est
836 1253 1153 1324 coryphreus
1185 1252 1466 1306 illiteratus
1494 1259 1549 1304 et
1592 1249 1777 1303 idiota.

189 1346 303 1402 Sed
331 1347 608 1401 videamus
632 1361 739 1416 quo
765 1354 821 1401 et
852 1344 917 1399 ad
944 1360 1204 1414 quosnam
1236 1336 1413 1396 mittat
1447 1342 1565 1395 illus
1601 1340 1779 1395 Jesus.

191 1441 247 1495 5.
290 1439 397 1493 Hos
426 1440 711 1502 duodecim,
741 1438 932 1506 inquit,
965 1436 1096 1489 misit
1136 1434 1307 1489 Jesns.
1339 1434 1609 1501 Quosnam
1645 1447 1779 1501 qua-

194 1532 381 1585 lesve?
428 1531 745 1592 Piscatores,
795 1530 1151 1598 publicanos:
1194 1542 1314 1581 nam
1361 1535 1588 1596 quatuor
1629 1532 1783 1579 erant

194 1625 520 1692 piscatores,
551 1632 607 1677 et
650 1623 759 1677 duo
803 1622 1092 1692 publicani,
1123 1620 1406 1674 Mattlueus
1427 1628 1484 1674 et
1511 1617 1780 1683 Jacobus;

192 1730 443 1785 mitisque
475 1714 733 1783 proditor.
768 1715 833 1768 Et
862 1714 988 1783 quid
1025 1713 1128 1767 illis
1167 1713 1283 1766 ait?
1312 1712 1503 1768 Statim
1546 1712 1786 1782 prurcipit

196 1806 283 1860 bis
312 1806 492 1861 verbis
524 1825 538 1860 :
571 1804 637 1858 In
666 1806 796 1859 viam
838 1806 1060 1875 gentium
1096 1821 1158 1858 ne
1182 1803 1435 1868 abieritis,’
1452 1813 1499 1857 et
1523 1804 1577 1857 in
1602 1804 1781 1857 civita-

194 1908 298 1950 tem
325 1897 770 1952 Samaritanorum
812 1913 873 1949 ne
903 1896 1205 1950 intraveritis
1236 1911 1254 1949 :
1295 1896 1348 1950 6.
1389 1896 1479 1949 sed
1527 1896 1692 1963 potius
1719 1895 1787 1949 ite

195 1991 266 2041 ad
306 2005 421 2042 oves
463 2004 579 2058 quia
621 1992 876 2057 perierunt
904 1991 1081 2041 donius
1126 1986 1311 2041 Israel.
1342 1986 1420 2041 Ne
1450 1987 1666 2056 putetis,
1700 1987 1785 2040 in-

195 2080 333 2148 quit,
374 2079 496 2148 quia
549 2078 677 2132 mihi
727 2080 1117 2145 conviciantur,
1159 2087 1214 2132 et
1258 2078 1644 2132 dzemoniacum
1691 2092 1788 2131 v0-

196 2180 344 2234 cant,
377 2185 463 2223 me
492 2168 611 2223 ideo
638 2168 762 2223 illos
787 2168 911 2222 odio
942 2168 1141 2224 habere
1169 2176 1224 2223 et
1256 2169 1492 2223 aversari
1524 2169 1623 2239 (α).
1655 2168 1786 2222 Nam

199 2264 411 2319 priores
436 2263 554 2317 illos
583 2262 871 2317 emendare
893 2261 1094 2327 studui,
1115 2271 1168 2316 et
1188 2277 1283 2316 vos
1308 2262 1376 2316 ab
1402 2262 1521 2316 aliis
1541 2262 1788 2316 omnibus

196 2356 419 2408 abactos
449 2355 516 2409 ad
560 2355 681 2408 illos
720 2356 872 2408 mitto
913 2355 1163 2408 doctores
1200 2369 1264 2409 ac
1307 2355 1563 2409 medicos.
1606 2353 1789 2424 Neque

196 2446 362 2501 modo
390 2456 511 2499 veto
539 2462 606 2500 ne
626 2446 744 2499 aliis
765 2456 890 2500 ante
916 2445 1037 2499 illos
1068 2445 1407 2514 przedicetur,
1428 2445 1523 2499 sed
1555 2460 1624 2499 ne
1649 2446 1787 2497 viam

199 2540 418 2608 quidem
466 2540 733 2607 attingere
777 2554 894 2605 quae
939 2538 1046 2591 alio
1082 2537 1265 2602 ducat,
1294 2552 1393 2593 nec
1436 2538 1487 2591 in
1519 2538 1788 2592 civitatem

206 2632 353 2686 illam
372 2632 388 2662 ¹
418 2631 618 2685 intrare
648 2630 919 2699 permitto.

270 2726 324 2777 4.
356 2723 674 2777 Samaritani
723 2722 866 2777 enim
908 2721 1214 2777 Judaaorum
1263 2731 1417 2776 erant
1454 2721 1744 2777 adversarii
1776 2739 1788 2775 :

199 2826 436 2869 attamen
468 2815 671 2868 facilior
708 2824 825 2868 erat
869 2815 935 2868 ibi
970 2814 1310 2882 prmdicatio;
1357 2814 1526 2867 multo
1553 2815 1693 2867 enim
1726 2814 1790 2868 ad

204 2907 363 2960 fidem
392 2905 787 2975 suscipiendam
820 2907 1111 2973 paratiores
1140 2914 1294 2959 erant
1322 2923 1335 2959 :
1368 2906 1418 2958 hi
1450 2920 1578 2960 vero
1606 2905 1790 2959 durio-

203 3016 327 3066 res;
357 3012 726 3054 vermntamen
754 2998 819 3052 ad
848 2998 1144 3053 difficiliora
1176 2999 1333 3052 mittit
1358 2999 1507 3062 illos,
1538 3000 1614 3051 sic
1644 3014 1791 3053 suam

200 3107 327 3163 erga
358 3091 477 3145 illos
508 3091 893 3161 providentiam
920 3090 1209 3149 ostendens
1234 3131 1249 3154 ,
1280 3104 1342 3143 ac
1364 3089 1669 3143 Judazorum
1702 3104 1794 3141 ora

200 3181 459 3238 claudens
480 3223 496 3247 ,
522 3191 687 3251 atque
708 3181 772 3235 ad
809 3181 1169 3250 apostolorum
1195 3182 1628 3251 praedicationem
1658 3182 1793 3234 viam

203 3293 400 3347 parans
426 3318 442 3339 ,
472 3293 539 3331 ne
563 3292 747 3331 rursus
778 3287 1092 3332 accusarent
1114 3318 1128 3341 ,
1162 3276 1303 3345 quod
1348 3277 1412 3328 ad
1441 3276 1691 3346 Assyrios
1720 3276 1797 3328 in-

200 3373 550 3428 circumcisus
580 3372 804 3441 ingressi
836 3382 1016 3425 essent
1037 3412 1052 3436 ,
1082 3380 1134 3425 et
1157 3372 1353 3439 justam
1378 3370 1685 3424 viderentur
1708 3370 1799 3421 ha-

203 3465 331 3519 bere
369 3477 588 3519 causam
639 3463 782 3531 ipsos
819 3461 1050 3531 fugiendi
1097 3471 1152 3516 et
1180 3461 1479 3515 aversandi.
1516 3462 1662 3530 Ipsos
1701 3476 1798 3514 au-

204 3565 309 3610 tem
338 3569 469 3608 oves
491 3552 725 3623 perditas
754 3563 940 3617 vocat,
965 3568 1071 3607 non
1097 3568 1217 3623 qua:
1247 3551 1420 3622 fugam
1443 3552 1795 3622 susceperint,

204 3649 447 3717 undique
475 3648 580 3702 illis
609 3647 777 3701 venia:
815 3646 1035 3701 modum
1076 3646 1421 3714 exeogitaus,
1458 3645 1801 3715 ipsorumque

205 3740 417 3793 animos
448 3739 762 3809 pertrahens
783 3778 798 3804 ,
828 3753 892 3792 ac
926 3738 1109 3792 dicens
1137 3756 1148 3791 :
1175 3739 1225 3791 7.
1260 3737 1453 3791 Euntes
1492 3740 1795 3807 prwdicate,

206 3834 446 3904 quoniam
473 3831 897 3901 appmpinquavit
944 3846 1154 3901 regnum
1185 3831 1443 3884 cwlorum.
1484 3830 1669 3883 Vidcn’
1696 3831 1797 3883 Ini-

207 3926 415 3980 uisterii
468 3924 921 3995 magnitudinem?
951 3923 1124 3977 viden‘
1170 3923 1530 3992 apostolorum
1568 3922 1798 3992 dignita-

208 4016 360 4071 tem?
388 4014 533 4070 Nihil
567 4016 765 4070 sensile
790 4016 1045 4083 jubeutur
1068 4014 1275 4080 dicere;
1304 4030 1403 4069 nec
1428 4016 1564 4069 sicut
1591 4015 1799 4086 Moyses

207 4123 260 4166 et
286 4109 563 4179 prephetze
586 4110 825 4179 priores;
852 4109 945 4163 sed
998 4122 1135 4162 nova
1178 4107 1421 4177 qua‘dam
1451 4117 1504 4161 et
1551 4108 1799 4177 incx~pe-

207 4211 368 4255 ctata.
392 4199 577 4269 Neque
601 4200 742 4253 enim
768 4199 888 4252 talia
920 4198 1017 4268 ipsi
1042 4199 1427 4267 praedicabant,
1458 4198 1551 4252 sed
1580 4210 1796 4262 terram,

210 4302 265 4347 et
291 4303 506 4346 terrena
536 4291 671 4345 bona
706 4308 719 4344 :
755 4291 806 4345 hi
836 4300 1014 4345 autem
1038 4306 1256 4361 regnum
1290 4292 1542 4345 mulorum
1562 4333 1578 4356 ,
1607 4301 1657 4346 et
1683 4306 1802 4361 qua:

212 4384 281 4437 ibi
302 4392 431 4436 sunt
458 4383 658 4437 omnia.
696 4382 879 4451 Neque
924 4381 1047 4436 inde
1076 4382 1251 4436 solum
1285 4382 1334 4435 hi
1384 4383 1615 4452 majores
1640 4392 1798 4450 sunt,

211 4473 307 4529 sed
334 4474 496 4529 etiam
526 4488 593 4529 ex
635 4473 957 4530 obedientia.
988 4472 1172 4544 Neque
1210 4473 1350 4528 enim
1391 4484 1674 4541 recusant,
1705 4491 1799 4529 ne-

210 4581 317 4637 que
343 4574 663 4622 cunctantur
704 4566 845 4620 sicut
873 4574 1081 4621 veteres
1107 4565 1179 4620 illi
1205 4567 1225 4597 ²
1253 4584 1267 4621 :
1297 4565 1390 4621 sed
1420 4566 1626 4621 etiamsi
1658 4568 1800 4637 peri-

212 4659 329 4713 cula
355 4700 371 4725 ,
413 4658 554 4714 bella
583 4668 638 4713 et
666 4657 1018 4713 intolerabilia
1052 4657 1188 4712 mala
1214 4658 1462 4723 audiant,
1488 4673 1609 4713 cum
1640 4659 1800 4714 obse-

212 4753 431 4823 quentia
458 4753 624 4808 multa
668 4754 925 4822 imperata
966 4752 1296 4821 suscipiunt,
1322 4762 1505 4822 utpote
1532 4752 1621 4822 qui
1651 4753 1796 4823 regni

213 4845 320 4899 sint
347 4858 646 4914 praecones.
681 4843 747 4897 Et
776 4843 902 4913 quid
936 4843 1127 4897 mirum
1148 4885 1164 4910 ,
1198 4843 1436 4913 inquies,
1469 4845 1512 4898 si
1544 4844 1673 4897 nihil
1703 4844 1801 4897 du-

213 4953 331 4993 rum
363 4946 421 4993 et
445 4951 694 5006 asperum
720 4936 1052 5005 pra'dicaturi
1075 4978 1090 5001 ,
1115 4936 1292 4991 subito
1313 4937 1639 5006 paruerunt?
1661 4936 1798 5003 Quid

214 5027 388 5083 dicis?
421 5026 553 5082 nihil
584 5028 775 5081 durum
810 5026 1100 5097 przedicarc
1128 5026 1263 5096 jussi
1311 5028 1470 5082 sunt?
1498 5043 1601 5081 non
1650 5028 1801 5083 audis

214 5134 463 5175 carceres
485 5160 503 5182 ,
530 5117 877 5173 abductioucs
897 5118 965 5172 ad
994 5128 1222 5172 mortem
1242 5160 1259 5185 ,
1288 5118 1423 5173 bella
1443 5119 1620 5173 civilia
1641 5158 1656 5185 ,
1686 5118 1803 5173 uni-

213 5225 496 5266 versorum
517 5209 720 5275 odium,
743 5225 862 5280 qua:
891 5209 1068 5263 omnia
1083 5206 1211 5279 ipsis
1230 5209 1387 5280 paulo
1410 5217 1530 5278 post
1547 5220 1801 5265 eventura

215 5317 338 5358 esse
365 5302 618 5358 dicebat?
656 5301 786 5356 illos
810 5316 1041 5372 namque
1071 5301 1231 5355 mittit
1268 5316 1573 5370 praecones,
1604 5313 1658 5358 ut
1684 5303 1802 5360 aliis

218 5396 498 5450 innumera
548 5396 683 5449 bona
733 5394 1058 5459 concilient;
1102 5394 1221 5449 illos
1267 5410 1396 5449 vero
1449 5396 1800 5453 intolerabilia

218 5477 357 5533 mala
392 5491 646 5547 passuros
674 5494 794 5537 esse
819 5482 947 5537 dicit
974 5489 1030 5535 et
1058 5484 1398 5549 praenuntiat.
1433 5485 1630 5540 Deinde
1657 5495 1711 5538 ut
1740 5481 1799 5537 il-

276 5572 294 5603 ι
332 5571 435 5626 Alii,
462 5569 514 5620 in
531 5568 769 5620 civitatem
790 5567 1216 5620 Samaritanorum.

278 5633 300 5665 ²
333 5632 517 5691 March,
534 5631 660 5683 sicut
678 5630 860 5681 atteri.

274 5696 348 5761 (ᾳ)
383 5694 521 5761 Apin}
546 5693 1077 5761 atorel._verbatextus
1098 5692 1243 5761 graeci
1268 5706 1378 5756 quae
1408 5694 1707 5761 respondeat
1723 5696 1801 5748 his

212 5758 413 5807 vocibus
430 5753 615 5816 latinis,
639 5754 753 5816 quia
785 5753 906 5805 mihi
928 5753 1351 5816 consideranti...
1393 5753 1508 5805 odio
1543 5755 1720 5808 habere
1751 5765 1798 5808 et

212 5818 447 5885 auersari,
470 5815 609 5880 lapsu
632 5815 863 5885 graphico
884 5815 1186 5885 exciderant.
1212 5817 1302 5865 Sed
1326 5819 1375 5867 in
1414 5817 1522 5871 aliis
1543 5819 1798 5885 exempla-

214 5883 349 5932 ribus
371 5878 712 5943 habentur-{ct
731 5878 792 5929 ad
812 5879 996 5930 seriem
1014 5879 1345 5943 requiruntur.

1144 399 1211 456 IN
1247 396 1656 457 MATTHEUM
1697 395 1927 454 "OMIL.
1969 396 2183 455 XXXII.
2224 402 2295 457 al.
2337 403 2575 460 XXXIII.

3355 410 3461 466 582

1885 508 1965 561 los
1983 509 2084 563 fide
2103 509 2291 579 dignos
2310 514 2513 575 reddat,
2535 514 2609 569 ait
2633 531 2646 568 :
2671 513 2723 570 8.
2759 513 3000 582 Inﬁrmus
3019 531 3209 589 curate,
3240 524 3464 593 leprosos

1883 601 2117 654 mandate
2137 602 2176 665 ',
2197 602 2447 657 dtemouia
2464 608 2626 677 rjicite
2642 624 2660 661 :
2677 610 2833 679 gratis
2849 613 3131 680 accepistis,
3150 618 3305 683 gratis
3324 618 3458 669 date.

1882 690 2012 744 Vide
2037 695 2303 761 quomodo
2336 713 2541 750 morum
2573 714 2754 753 curam
2786 700 3016 767 habeat,
3058 706 3279 773 perinde
3301 716 3463 776 atque

1878 782 2150 851 signorum
2178 826 2191 849 ,
2224 788 2511 842 ostendens
2538 790 2685 859 signa
2712 792 2829 846 sine
2874 795 3110 848 moribus
3138 796 3267 850 nihil
3320 815 3461 853 esse.

1878 873 2009 927 Nam
2063 891 2131 930 ne
2184 878 2345 930 altum
2422 882 2673 949 sapiant,
2729 885 2873 953 ipsos
2921 888 3166 953 reprimit
3229 889 3461 944 dicens:

1880 964 2049 1019 Gratis
2077 970 2339 1036 accepistis
2362 1011 2377 1036 ,
2404 974 2561 1041 gratis
2588 973 2736 1038 date;
2764 983 2817 1029 et
2845 984 2901 1029 ut
2925 978 2991 1029 ab
3012 992 3195 1033 amore
3224 983 3464 1049 pecunia:

1877 1057 2201 1124 abstineant,
2232 1063 2492 1129 providet.
2520 1064 2723 1120 Deinde
2750 1083 2816 1121 ne
2846 1078 3158 1137 putarentur
3176 1071 3294 1127 inre
3317 1084 3459 1129 tanta

1877 1164 2038 1220 opera
2064 1153 2132 1203 ab
2158 1153 2264 1207 illis
2294 1156 2590 1222 proficisci,
2624 1174 2757 1213 neve
2789 1160 2856 1215 de
2897 1161 3060 1229 signis
3088 1168 3461 1233 superbirent,

1876 1243 1950 1295 ait
1977 1258 1990 1294 :
2021 1241 2189 1298 Gratis
2226 1248 2507 1316 accepistis.
2535 1249 2673 1304 Nihil
2702 1252 2962 1320 largimini
2996 1254 3059 1309 iis
3085 1259 3174 1324 qui
3202 1274 3296 1313 vos
3323 1262 3465 1315 reci-

1878 1334 2029 1405 piunt
2058 1355 2071 1390 :
2103 1353 2276 1407 neque
2330 1340 2470 1393 enim
2526 1342 2577 1395 in
2612 1345 2913 1399 mercedem
2944 1348 3024 1400 vel
3075 1363 3169 1415 pro
3192 1350 3465 1407 laboribus

1878 1427 1964 1481 illa
1995 1429 2276 1498 accepistis
2306 1449 2319 1483 :
2349 1447 2463 1484 mea
2491 1434 2687 1503 quippe
2715 1444 2797 1489 est
2824 1438 3013 1506 gratia.
3048 1439 3247 1495 Eodem
3287 1444 3464 1511 itaque

1878 1522 2038 1577 modo
2085 1524 2188 1577 illis
2231 1525 2393 1579 date:
2422 1542 2593 1595 neque
2621 1529 2763 1582 enim
2817 1531 3135 1600 condignum
3188 1535 3317 1601 ipsis
3346 1552 3465 1604 prc-

1879 1615 2009 1669 tium
2042 1618 2278 1685 reperire
2305 1629 2407 1673 est.
2454 1620 2657 1675 Deinde
2703 1622 2964 1677 malorum
3019 1627 3250 1682 radicem
3281 1630 3461 1683 statim

1877 1709 2145 1777 cvellens,
2182 1712 2257 1765 ait
2284 1732 2298 1767 :
2327 1713 2380 1767 9.
2414 1712 2586 1769 Nolite
2616 1716 2871 1785 possidere
2912 1735 3092 1771 aurum
3115 1762 3129 1783 ,
3183 1738 3339 1788 neque
3378 1740 3464 1775 ar-

1876 1810 2081 1871 gentum
2114 1843 2128 1867 ,
2173 1819 2331 1871 neque
2370 1807 2631 1871 pecuniam
2680 1809 2732 1860 in
2780 1824 2921 1862 soms
2963 1813 3170 1873 vestris,
3218 1814 3304 1868 10.
3362 1832 3464 1869 non

1879 1910 2050 1963 peram
2079 1894 2146 1947 ad
2178 1896 2331 1961 viam,
2362 1913 2518 1965 neque
2537 1898 2664 1950 duas
2692 1900 2905 1963 (imicus,
2930 1918 3083 1967 neque
3103 1905 3462 1969 calceamenta,

1878 2001 2038 2053 neque
2064 1986 2273 2055 virgam.
2298 1987 2410 2040 Non
2437 1989 2590 2053 dixit,
2618 1989 2731 2043 Non
2755 1992 3028 2057 accipiatis
3054 1994 3349 2059 vobiscum;
3370 1998 3463 2051 sed

1878 2077 2088 2133 etiamsi
2115 2079 2330 2133 aliunde
2357 2081 2528 2149 possis
2554 2081 2815 2151 accipere,
2837 2082 2955 2152 fuge
2977 2084 3170 2137 malum
3195 2087 3455 2143 morbum.

1878 2167 1992 2222 lloe
2015 2170 2155 2222 enim
2187 2182 2454 2239 praecepto
2483 2172 2645 2225 multa
2689 2174 2965 2227 commoda
3007 2176 3278 2230 obtinebat
3306 2193 3319 2230 :
3350 2180 3463 2248 pri-

1880 2274 1990 2322 mo,
2025 2269 2081 2313 ut
2105 2262 2246 2314 nulla
2277 2262 2346 2316 sit
2371 2264 2437 2317 de
2462 2264 2737 2332 discipulis
2766 2266 3029 2334 suspicio;
3058 2268 3295 2323 secundo
3315 2311 3331 2334 ,
3360 2271 3464 2327 illis

1885 2364 2072 2404 curam
2094 2363 2308 2403 omnem
2332 2349 2541 2413 adimit,
2562 2350 2633 2403 ita
2651 2359 2709 2405 ut
2735 2350 2904 2405 otium
2919 2366 3081 2410 omne
3096 2355 3148 2408 in
3163 2359 3460 2426 prsedican-

1886 2440 1955 2491 do
1994 2439 2161 2493 verbo
2204 2449 2559 2503 coxisumant;
2597 2440 2774 2503 tertio,
2800 2455 2951 2493 suam
2990 2442 3108 2497 illos
3136 2454 3456 2513 potestatem

1880 2534 2057 2588 docet.
2091 2536 2201 2590 lloc
2226 2536 2386 2590 etiam
2419 2550 2604 2607 postea
2637 2537 2763 2591 dicit
2807 2540 2910 2593 illis
2941 2558 2951 2590 :
2988 2540 3119 2593 Num
3148 2540 3274 2610 quid
3300 2541 3467 2597 defuit

1884 2626 2058 2690 vobis,
2086 2629 2300 2697 quando
2326 2646 2421 2683 vos
2456 2632 2574 2685 misi
2626 2633 2797 2685 nudos
2840 2643 2893 2686 et
2938 2634 3055 2687 sine
3093 2636 3331 2689 calceis?
3358 2636 3468 2691 Ne-

1881 2734 1987 2788 que
2014 2722 2191 2773 statim
2247 2723 2414 2788 dicit,
2472 2722 2647 2776 Nolite
2712 2725 3006 2792 possidcre;
3048 2727 3140 2779 sed
3189 2737 3468 2797 postquam

1883 2813 2057 2868 dixit:
2100 2813 2352 2883 Leprosos
2383 2818 2653 2883 mandate,
2682 2820 2932 2872 dwmonia
2979 2821 3174 2891 ejirite,
3228 2832 3353 2877 tunc
3396 2824 3470 2877 ita

1884 2905 2119 2974 loquitur
2143 2947 2157 2967 ,
2202 2906 2379 2961 Nolite
2415 2910 2709 2976 possidere;
2741 2920 2899 2979 atque
2931 2913 3149 2980 adjicit,
3181 2910 3352 2966 Gratis
3380 2932 3469 2967 ac-

1885 2998 2086 3066 cepistis
2112 3039 2127 3061 ,
2156 3000 2313 3067 gratis
2339 3000 2492 3064 date;
2525 3000 2758 3069 ipsisque
2788 3003 3002 3072 etquod
3049 3014 3467 3059 Consentaneum

1884 3092 2185 3162 decensque
2210 3102 2415 3158 erat,ct
2447 3094 2586 3163 quod
2620 3095 2869 3163 possibile
2914 3097 3086 3165 rcipsa
3121 3099 3320 3152 tribuit.
3365 3099 3469 3154 Sed

1884 3183 2077 3238 dixerit
2110 3185 2245 3239 forte
2274 3186 2568 3254 quispiam,
2603 3196 2795 3241 crctera
2826 3189 3039 3257 quidem
3090 3192 3282 3246 rationi
3330 3208 3463 3247 con-

1884 3286 2137 3331 sentanea
2183 3292 2342 3340 csse,
2371 3278 2463 3331 sed
2516 3294 2620 3332 non
2665 3294 2846 3348 peram
2892 3280 3054 3335 invia
3107 3281 3334 3345 habere,
3364 3300 3469 3338 non

1884 3369 2015 3421 duas
2045 3369 2268 3432 tunicas,
2300 3384 2403 3422 non
2432 3370 2653 3439 virgam,
2686 3386 2789 3425 non
2815 3372 3172 3427 calceamcnta
3203 3390 3300 3429 cur
3332 3393 3473 3444 pne—

1884 3461 2067 3530 cepit‘!
2106 3461 2174 3517 Ut
2204 3462 2323 3515 illos
2352 3462 2418 3515 ad
2452 3474 2757 3518 accuratam
2806 3465 2927 3519 vita:
2968 3469 3225 3522 rationem
3252 3470 3472 3524 oumino

1885 3564 2167 3609 exerceret
2194 3572 2206 3607 :
2241 3555 2501 3625 siquidem
2528 3557 2773 3624 superius
2799 3573 2866 3611 ne
2891 3557 2958 3613 dc
2984 3561 3224 3628 sequenti
3253 3561 3469 3630 quidem

1885 3644 1973 3699 die
1998 3661 2185 3700 curare
2212 3645 2472 3715 permisit.
2496 3644 2626 3700 Nam
2649 3647 2764 3701 orbi
2787 3648 3032 3703 doctores
3055 3650 3313 3704 missurus
3334 3662 3470 3714 erat,

1887 3738 2116 3808 ideoque
2142 3756 2203 3793 ex
2235 3739 2539 3792 hominibus
2566 3740 2783 3809 angelos
2804 3782 2821 3808 ,
2855 3750 2912 3795 ut
2939 3744 3008 3797 ita
3040 3744 3212 3797 dicam
3240 3786 3253 3809 ,
3287 3745 3468 3810 efficit,

1886 3830 1953 3884 ab
1969 3831 2113 3884 omni
2132 3831 2253 3885 vita:
2268 3845 2393 3883 cura
2415 3831 2646 3894 solvens,
2668 3842 2723 3885 ut
2747 3848 2904 3886 unam
2926 3834 2995 3887 illi
3014 3834 3308 3889 doctrinam
3332 3852 3477 3890 cura-

1887 3932 2043 3978 rcnt:
2075 3922 2181 3975 imo
2208 3930 2262 3975 et
2309 3922 2407 3976 hac
2450 3922 2568 3975 illos
2608 3937 2735 3976 cura
2787 3923 3012 3989 liberat,
3050 3926 3235 3981 dicens
3262 3946 3275 3981 :
3302 3926 3475 3983 Nolite

1889 4013 2106 4083 cogitare
2129 4015 2377 4081 quomodo
2406 4024 2492 4067 aut
2536 4014 2658 4085 quid
2696 4013 2974 4083 loquamini
3005 4015 3325 4084 (Matt/1.10.
3360 4020 3471 4089 l9).

1890 4103 1964 4158 Ita
1994 4114 2049 4157 ut
2077 4105 2219 4174 quod
2250 4104 2459 4159 videtur
2483 4105 2676 4160 durmn
2703 4122 3099 4177 onerosumque
3125 4124 3265 4172 esse,
3291 4110 3339 4162 id
3368 4110 3475 4163 illis

1889 4196 2044 4253 facile
2085 4198 2498 4268 expeditumqne
2544 4198 2632 4252 sit.
2679 4198 2817 4252 Nihil
2849 4200 2990 4252 enim
3040 4199 3474 4267 tranquillitatem

1888 4291 2052 4346 animi
2099 4292 2265 4361 magis
2307 4293 2482 4359 mrit,
2515 4306 2674 4360 quam
2721 4306 2750 4344 a
2796 4306 2921 4345 cura
2969 4290 3216 4356 liberari;
3249 4294 3480 4349 maxime

1888 4399 2009 4439 cum
2034 4383 2131 4439 hac
2155 4385 2382 4448 liberati,
2406 4392 2623 4452 possent
2644 4383 2790 4436 nullo
2810 4399 2945 4452 opus
2970 4382 3183 4449 habere,
3211 4383 3321 4437 Deo
3343 4399 3478 4451 prre-
3528 4418 3535 4423 ο

1891 4486 2043 4531 scute
2066 4517 2082 4542 ,
2114 4476 2201 4544 qui
2234 4477 2471 4528 omnimn
2499 4476 2613 4528 vice
2650 4475 2779 4544 ipsis
2805 4490 2924 4529 esse
2967 4476 3153 4542 possit.
3186 4475 3385 4529 Deinde
3412 4491 3480 4531 ne

1892 4567 2104 4631 dicent,
2140 4566 2289 4621 Unde
2319 4581 2447 4636 ergo
2479 4566 2785 4620 necessario
2814 4564 2936 4619 cibo
2967 4565 3243 4619 fruemur?
3272 4583 3377 4620 non
3398 4567 3482 4621 di-

1891 4660 1963 4713 cit
1991 4666 2097 4713 Illts
2128 4676 2142 4712 :
2167 4659 2400 4712 Audistis
2428 4660 2548 4723 quia
2570 4658 2679 4712 dixi
2708 4658 2859 4711 vobis
2892 4658 3033 4727 prius
3064 4674 3078 4711 :
3116 4658 3365 4727 Respicite
3391 4678 3482 4714 ro-

1894 4755 2055 4809 latilia
2079 4754 2188 4807 ctcli
2216 4751 2425 4821 (Matth.
2456 4753 2507 4806 6.
2532 4752 2623 4820 26)
2678 4751 2912 4806 nondum
2935 4754 3075 4807 enim
3104 4762 3350 4823 poterant
3380 4756 3484 4809 tale

1895 4857 2217 4917 praceptum
2248 4846 2501 4913 operibus
2530 4845 2820 4911 exhibere,
2866 4845 2958 4899 sed
2992 4846 3093 4899 hoc
3123 4848 3277 4917 longe
3305 4847 3483 4901 minus

1898 4940 2102 4996 induxit
2148 4958 2162 4995 :
2210 4939 2407 5009 Dignus
2444 4950 2515 4993 est
2565 4938 2829 5010 aperarius
2874 4939 2985 4993 cibo
3027 4956 3120 4993 suo
3157 4957 3174 4992 :
3204 4940 3484 4995 declarans

1898 5033 2041 5103 ipsos
2070 5048 2098 5086 a
2131 5034 2404 5102 discipulis
2430 5048 2551 5088 esse
2598 5032 2854 5098 alendus,
2886 5043 2944 5087 ut
2989 5049 3055 5088 ne
3086 5034 3181 5102 ipsi
3222 5033 3484 5088 adversus

1897 5125 2185 5195 discipulos
2226 5125 2390 5179 altum
2418 5135 2704 5194 saperent,
2745 5125 2898 5195 quasi
2941 5125 3118 5179 omnia
3148 5124 3482 5193 prmbcntes,

1900 5217 2135 5287 nihilque
2172 5217 2499 5286 accipientes
2528 5217 2594 5271 ab
2625 5217 2761 5283 illis;
2792 5232 2965 5287 neque
3013 5216 3260 5286 discipuli
3301 5216 3479 5270 disce-

1897 5310 2084 5366 derent
2108 5310 2175 5365 ab
2207 5311 2308 5364 illis
2334 5309 2595 5380 despecti.

1968 5407 2023 5460 5.
2054 5402 2256 5459 Deinde
2281 5445 2297 5469 ,
2326 5419 2393 5457 ne
2421 5404 2666 5458 dicerent
2698 5419 2713 5456 :
2744 5402 2884 5472 Ergo
2915 5416 3014 5455 nos
3044 5415 3140 5469 pro
3168 5400 3306 5453 victu
3336 5414 3485 5453 num-

1900 5498 2079 5556 dicare
2102 5496 2301 5567 iubes?
2329 5497 2525 5565 illaque
2571 5511 2660 5550 res
2700 5494 2829 5565 ipsis
2859 5493 3048 5564 pudori
3094 5501 3277 5547 esset:
3324 5507 3477 5545 Inou-

1901 5600 2034 5648 strat
2068 5590 2118 5644 id
2141 5606 2170 5644 a
2203 5589 2477 5658 discipulis
2506 5587 2713 5653 deberi,
2745 5587 2872 5641 dum
2903 5586 3058 5652 illos,
3090 5583 3398 5655 operarios,
3427 5594 3485 5640 et

1964 5701 1982 5733 ι
2018 5695 2255 5766 Nonnulli.
2280 5696 2387 5757 post
2418 5697 2523 5746 lucc
2554 5695 2722 5755 verba,
2757 5692 2968 5756 leprosos
2992 5689 3234 5749 mandate,
3272 5691 3477 5752 habent,

1903 5769 2106 5817 mortuos
2126 5765 2273 5810 susctt
2276 5766 2366 5806 ate.
2523 5821 2530 5822 ί
2549 5821 2554 5822 7
2662 5819 2674 5822 Α
2817 5818 2842 5822 -_
3068 5816 3075 5822 ,

1958 5831 1980 5862 ³
2000 5831 2065 5879 In
2088 5840 2323 5878 Αυυιειωο
2343 5826 2485 5875 verba
2518 5819 2685 5869 Montf.
2735 5825 2787 5868 et
2812 5818 3015 5877 (iamne,
3040 5814 3280 5877 singulari
3308 5814 3467 5876 lapsu.

1900 5890 2041 5944 Εοιτ.
