4038 6364
634 386 759 446 383'

633 505 777 576 quod
819 504 976 559 datur
996 545 1011 570 ,
1038 503 1338 557 mercedem
1369 543 1384 567 ,
1412 510 1584 554 vocat.
1631 499 1708 555 Ne
1744 502 1938 569 putetis
1961 544 1974 566 ,
2003 498 2213 570 inquit,

633 597 754 666 quia
781 611 942 666 opera
975 595 1060 648 illa
1093 605 1197 648 to-ta
1229 595 1278 647 in
1303 594 1478 648 verbis
1499 595 1783 658 consistit,
1809 609 2026 661 parvum
2057 608 2089 646 a
2118 606 2218 646 vo-

632 688 1042 742 bisbenclicium
1074 687 1318 756 pra-beri;
1348 685 1497 741 multi
1522 700 1750 756 namque
1773 686 1966 740 laboris
1994 699 2080 739 res
2106 692 2210 739 est:

634 782 886 852 qttodque
916 781 1046 835 dant
1080 781 1114 835 ii
1142 781 1230 850 qui
1263 780 1543 844 docentur,
1569 794 1674 832 non
1706 779 1871 849 gratis
1902 777 2215 848 largiuntur,

631 872 726 928 sed
759 872 810 926 id
837 872 1098 928 mercedis
1125 872 1244 926 loco
1270 869 1592 935 habendum;
1617 869 1813 940 Dignus
1841 878 1912 924 est
1936 869 2069 923 enim
2097 883 2221 937 ope-

639 965 807 1018 rarius
834 964 1058 1017 mercede
1082 980 1194 1017 sua.
1229 962 1344 1016 Hoc
1383 972 1561 1016 autem
1595 961 1753 1026 dicit,
1786 975 1892 1014 non
1921 958 2062 1029 quod
2091 957 2218 1011 tanti

634 1055 808 1108 solum
858 1054 1136 1124 apostolici
1198 1053 1410 1109 labores
1455 1051 1684 1108 habendi
1725 1052 1867 1117 sint,
1918 1051 2092 1114 absit;
2123 1048 2220 1104 sed

632 1147 774 1216 quod
806 1147 908 1201 illis
923 1148 1229 1211 constituat,
1255 1162 1322 1201 ne
1347 1147 1468 1216 plus
1494 1145 1689 1216 aliquid
1719 1153 1977 1216 quaerant,
2003 1152 2057 1198 et
2084 1156 2221 1212 prae-

639 1239 890 1293 bentibus
917 1239 1159 1300 suadeat.
1193 1254 1254 1293 se
1283 1252 1386 1292 non
1409 1253 1476 1292 ex
1507 1237 1828 1292 liberalitate
1854 1235 1984 1290 illud
2013 1249 2214 1303 suppe-

632 1331 826 1397 ditare,
856 1332 948 1386 sed
979 1347 1046 1386 ex
1071 1331 1272 1386 debito.
1300 1332 1386 1386 11.
1414 1329 1482 1384 In
1502 1345 1865 1400 quamcumque
1881 1329 2129 1382 civitatem
2144 1326 2221 1381 vel

631 1426 795 1477 vicum
820 1424 1146 1489 intraveritis,
1173 1425 1480 1494 interrogate
1503 1423 1615 1493 quis
1645 1422 1830 1493 dignus
1858 1422 1911 1474 in
1927 1421 2022 1474 illa
2050 1421 2138 1484 sit,
2170 1429 2218 1474 et

629 1516 736 1570 illic
765 1526 960 1569 manete
985 1515 1144 1570 donec
1191 1516 1429 1570 exieritis.
1452 1515 1636 1585 Neque
1664 1515 1835 1580 enim,
1865 1514 2068 1582 inquit,
2095 1512 2218 1582 quia

629 1605 772 1668 dixi,
801 1603 1000 1673 Dignus
1025 1614 1097 1659 est
1127 1605 1392 1675 aperarius
1478 1603 1587 1657 cibo
1643 1620 1737 1658 suo
1791 1604 1809 1636 ¹
1831 1645 1847 1670 ,
1875 1603 2112 1659 omnium
2129 1602 2218 1671 ja-

630 1711 765 1752 nuas
785 1697 934 1752 vobis
963 1697 1177 1767 aperui;
1209 1696 1303 1752 sed
1332 1695 1419 1751 hic
1447 1711 1658 1766 quoque
1677 1695 1899 1750 multam
1924 1693 2224 1750 accuratiod

630 1803 753 1842 nem
785 1796 1000 1858 expeto.
1043 1787 1177 1842 Illud
1221 1787 1365 1842 enim
1406 1787 1560 1842 vobis
1598 1787 1741 1841 laudi
1775 1786 2070 1857 honorique
2092 1785 2216 1851 erit,

633 1879 794 1933 etiam
826 1878 880 1932 in
908 1879 1082 1934 victus
1110 1879 1342 1934 ratione.
1365 1877 1422 1933 Si
1466 1877 1611 1933 enim
1645 1877 1835 1948 dignus
1861 1877 1952 1932 ille
1980 1877 2072 1942 sit,
2101 1891 2217 1932 om-

629 1971 758 2025 nino
783 1971 960 2027 cibum
999 1971 1400 2042 suppeditabit;
1431 1970 1770 2041 maximeque
1802 1971 1847 2024 si
1878 1970 2087 2024 nonnisi
2118 1983 2218 2024 ne-

626 2062 855 2117 cessaria
888 2063 1100 2132 petatis.
1151 2062 1268 2117 Non
1319 2061 1481 2117 modo
1523 2070 1703 2120 autem
1739 2061 1931 2132 dignos
1976 2076 2217 2131 quaerere

628 2155 887 2224 pra-cipit,
904 2155 998 2211 sed
1021 2157 1335 2211 vetatetiam
1363 2172 1430 2211 ne
1457 2155 1525 2211 de
1543 2157 1704 2211 domo
1730 2157 1780 2210 in
1805 2156 2022 2211 domum
2053 2166 2216 2210 trans-

631 2255 779 2311 eant,
810 2263 880 2301 ne
905 2262 964 2301 se
987 2249 1341 2318 excipientem
1369 2247 1658 2314 oII'cndant,
1692 2265 1824 2304 neve
1853 2249 1950 2319 ipsi
1984 2249 2133 2303 leves
2164 2257 2217 2303 et

625 2338 797 2392 ventri
827 2338 990 2392 dediti
1023 2339 1340 2395 habeantur.
1373 2339 1425 2393 Id
1448 2341 1588 2394 enim
1611 2340 1900 2395 declaravit
1920 2340 2001 2395 his
2017 2338 2214 2405 verbis,

626 2429 652 2484 Ι
662 2431 710 2484 bi
738 2441 934 2486 manete
961 2433 1119 2486 donec
1148 2433 1388 2487 exieritis.
1415 2432 1566 2500 Quod
1598 2433 1756 2487 etiam
1797 2449 1862 2487 ex
1892 2433 2012 2487 aliis
2050 2449 2216 2487 evan-

624 2525 830 2593 gelistis
856 2525 877 2597 (
896 2524 1062 2580 Marc.
1091 2526 1144 2582 6.
1175 2526 1302 2580 Luc.
1351 2527 1453 2596 10)
1485 2525 1620 2581 disci
1667 2535 1861 2596 potest.
1893 2525 2083 2582 Viden’
2109 2541 2215 2596 quo

627 2625 783 2686 pacto
807 2617 927 2673 illos
955 2619 1356 2687 honoratiores,
1387 2627 1443 2675 et
1465 2633 1560 2674 eos
1580 2619 1671 2689 qui
1699 2619 1930 2689 hospitio
1954 2620 2218 2690 recipiunt

624 2711 994 2781 diligentiores
1019 2711 1212 2779 faciat,
1247 2712 1540 2768 ostendens
1568 2712 1687 2767 illos
1711 2713 1947 2768 maxime
1986 2713 2212 2780 lucrari,

623 2815 679 2860 et
708 2805 773 2860 ad
800 2806 1049 2876 gloriam,
1086 2813 1140 2860 et
1177 2805 1242 2860 ad
1273 2805 1589 2860 utilitatem?
1635 2805 1838 2861 Deinde
1863 2805 1930 2861 de
1972 2805 2072 2860 hac
2099 2805 2214 2876 ipsa

625 2911 685 2950 re
728 2897 806 2950 sic
848 2896 1189 2965 prosequitur
1223 2913 1236 2948 :
1276 2895 1364 2950 I2.
1396 2895 1658 2950 latrantes
1703 2906 1870 2950 autem
1895 2898 1949 2950 in
1973 2900 2212 2964 domum,

621 2987 836 3041 salutate
876 2987 1041 3041 illam.
1075 2989 1160 3042 13.
1193 2987 1260 3041 Et
1299 2990 1346 3042 si
1381 2988 1584 3058 quidem
1621 2989 1773 3060 fuerit
1803 2988 1983 3044 domus
2025 2989 2210 3059 digna,

623 3080 786 3134 reniat
811 3095 914 3148 pax
939 3088 1102 3133 vestra
1129 3095 1286 3148 super
1314 3080 1457 3133 illam
1484 3096 1503 3134 :
1531 3081 1574 3133 si
1613 3090 1784 3134 autem
1826 3097 1926 3134 non
1953 3081 2107 3149 fuerit
2133 3081 2215 3134 di-

622 3187 724 3239 gna
747 3211 761 3233 ,
792 3187 896 3237 pax
923 3181 1088 3224 uestra
1114 3171 1182 3226 ad
1206 3187 1292 3226 vos
1311 3181 1608 3226 revertatur.
1641 3172 1825 3228 Viden‘
1849 3189 2007 3243 quam
2033 3174 2214 3230 minu-

623 3263 771 3316 tatim
827 3262 940 3317 hrec
988 3263 1310 3332 praecipiat?
1377 3263 1446 3318 Et
1493 3263 1616 3333 jure
1669 3264 1904 3333 quidem.
1970 3265 2214 3323 Athletas

622 3355 816 3423 quippe
847 3354 1119 3424 religionis
1157 3363 1211 3410 et
1247 3370 1520 3424 prmomnes
1546 3355 1693 3411 orbis
1741 3355 1988 3421 instruit,
2017 3365 2072 3412 et
2112 3356 2216 3414 hac

622 3447 831 3501 ratione
862 3445 986 3500 illos
1013 3456 1066 3501 et
1095 3445 1482 3502 moderatiores
1513 3446 1688 3501 reddit
1725 3457 1780 3502 et
1823 3449 2208 3517 optabiliores,

621 3538 911 3609 adjicitque
945 3557 960 3594 :
993 3539 1081 3593 14.
1119 3537 1188 3592 Et
1215 3540 1514 3609 quicumque
1543 3555 1644 3592 non
1673 3541 1946 3609 susceperit
1971 3556 2084 3606 vos,
2117 3556 2211 3595 ne-

621 3647 720 3701 que
761 3632 979 3685 audierit
1020 3648 1273 3686 sermones
1317 3641 1546 3700 vestros,
1587 3642 1820 3687 exeuntes
1867 3649 1931 3687 ea:
1959 3633 2110 3688 domo
2132 3633 2211 3688 vel

621 3724 822 3776 civitate
859 3724 986 3789 illa,
1019 3724 1235 3777 excutite
1273 3724 1527 3794 pulverem
1571 3735 1756 3794 pedum
1783 3734 2079 3780 vestrorum.
2121 3724 2210 3781 15.

624 3815 784 3868 Amen
812 3813 925 3868 dico
952 3813 1088 3868 vobis
1110 3856 1125 3879 ,
1154 3813 1466 3868 tolerabilius
1495 3817 1588 3867 erit
1617 3824 1764 3869 terra:
1792 3814 2134 3870 Sodomorum
2167 3825 2215 3870 et

620 3906 922 3963 Gomorth
972 3906 1026 3960 in
1067 3907 1150 3960 die
1168 3906 1390 3976 judicii,
1432 3923 1586 3979 quam
1631 3907 1822 3960 civitati
1861 3907 1957 3962 illi.
1989 3907 2066 3963 Ne
2091 3907 2214 3978 quia

622 4000 857 4062 docetis,
891 3999 1061 4070 inquit
1081 4041 1094 4061 ,
1119 3999 1239 4055 ideo
1262 4001 1592 4071 exspectetis
1617 4001 1843 4056 salutem
1870 4002 1937 4057 ab
1963 4003 2083 4057 aliis
2109 4003 2212 4058 dici

623 4093 809 4153 vobis,
855 4092 949 4147 sed
994 4090 1151 4162 primi
1201 4091 1342 4146 lmnc
1402 4092 1658 4147 honorem
1700 4092 1966 4148 exhibete.
2015 4094 2214 4151 Deinde

623 4185 916 4242 ostendens
944 4201 1062 4242 eam
1093 4201 1198 4242 non
1224 4202 1343 4241 esse
1367 4187 1664 4257 simplicem
1694 4187 2087 4250 salutationem,
2117 4188 2213 4243 sed

627 4279 1056 4336 benedictionem
1081 4320 1096 4342 ,
1129 4279 1241 4344 ait,
1291 4278 1346 4334 Si
1391 4277 1549 4349 digna
1581 4278 1742 4333 fuerit
1784 4279 2008 4346 domus,
2037 4281 2217 4335 veniet

625 4387 790 4441 super
815 4371 958 4426 illam
991 4373 1110 4426 :sin
1142 4370 1551 4426 contumeliosa‘
1575 4369 1640 4425 sit
1671 4412 1686 4436 ,
1717 4371 1884 4440 prima
1915 4386 2074 4442 poma
2113 4373 2217 4427 erit

627 4463 769 4534 quod
812 4478 944 4534 pace
985 4479 1090 4518 non
1143 4461 1386 4527 fruatur;
1437 4461 1705 4525 secunda,
1736 4462 1876 4531 quod
1925 4462 2216 4518 Sodomitis

628 4557 773 4628 paria
805 4557 1052 4626 patiatur.
1084 4555 1151 4609 Et
1174 4555 1300 4625 quid
1331 4555 1398 4610 ad
1425 4569 1543 4617 nos,
1569 4537 2064 4625 inquientdillorum
2091 4571 2222 4626 sup-

630 4648 824 4719 plicia?
853 4648 1048 4702 Domos
1071 4647 1348 4717 dignorum
1376 4647 1659 4702 habebitis.
1691 4645 1826 4712 Quid
1855 4662 1982 4701 vero
2009 4647 2215 4717 signiti-

628 4749 714 4796 cat
742 4739 903 4806 illud,
938 4738 1172 4792 Excutite
1197 4739 1450 4810 puluerem
1480 4738 1663 4809 pedum
1689 4740 2007 4793 vestrorum?
2042 4739 2133 4793 Vel
2162 4749 2218 4793 ut

632 4831 984 4886 testiticentur
1018 4845 1078 4887 se
1107 4830 1237 4886 nihil
1267 4831 1334 4886 ab
1365 4831 1493 4900 ipsis
1536 4830 1836 4900 recepisse;
1870 4831 1954 4885 vel
1980 4830 2033 4884 in
2065 4830 2218 4885 testi-

629 4928 870 4980 monium
919 4924 1060 4993 longi
1113 4923 1345 4992 suscepti
1393 4923 1600 4978 itineris
1639 4922 1690 4976 in
1731 4922 1940 4976 illorum
1968 4922 2214 4991 gratiam.

629 5017 711 5072 Tu
755 5031 884 5072 vero
931 5016 1060 5070 mihi
1087 5015 1368 5070 considera
1411 5017 1583 5084 ipsum
1630 5030 1736 5069 non
1762 5023 1934 5070 totum
1969 5015 2079 5085 jam
2111 5015 2218 5072 illis

629 5109 781 5162 dare.
814 5107 1000 5177 Neque
1041 5106 1185 5160 enim
1231 5107 1406 5161 adhuc
1462 5107 1565 5161 illis
1611 5107 1997 5175 prtescientiam
2047 5107 2215 5172 indit,

630 5217 732 5270 qua
778 5215 938 5254 nosse
987 5200 1191 5270 possint
1229 5200 1319 5268 qui
1351 5199 1525 5268 dtgui,
1554 5199 1642 5268 qui
1688 5198 1890 5268 indigni
1935 5199 2074 5265 sint;
2123 5198 2218 5254 sed

633 5291 916 5362 explorare
939 5300 995 5346 et
1019 5290 1446 5360 experimentum
1475 5305 1689 5344 sumere
1713 5289 1884 5359 jubet.
1913 5289 2021 5345 Cur
2061 5304 2219 5359 porro

630 5383 721 5438 ille
748 5383 888 5453 apud
934 5380 1270 5451 publicanum
1320 5380 1607 5435 manebat?
1634 5379 1767 5449 Quia
1802 5380 1894 5436 ille
1936 5395 2002 5435 ex
2042 5389 2216 5434 muta-

632 5478 778 5532 tione
808 5475 999 5546 dignus
1037 5482 1302 5529 evaserat.
1339 5473 1420 5528 Tu
1459 5487 1587 5527 vero
1634 5471 1903 5542 perpende
1947 5470 2218 5542 quomodo

632 5567 884 5622 erunibus
928 5565 1141 5620 nudatis
1184 5567 1364 5620 omnia
1408 5565 1696 5635 largiatur,
1725 5565 1854 5620 dum
1882 5563 2124 5635 praecipit
2162 5572 2220 5620 ut

634 5660 689 5715 in
719 5658 1100 5730 discipulorum
1128 5657 1375 5714 domibus
1404 5667 1691 5726 maneant,
1720 5666 1776 5715 et
1805 5657 1934 5714 nihil
1963 5657 2223 5716 habentes

698 5831 719 5868 ⁸
754 5840 875 5890 Edd.
901 5875 917 5902 ,
992 5835 1214 5886 mercede
1233 5847 1338 5885 sua.

1367 386 1423 442 S.
1464 382 1740 442 JOANNIS
1775 380 2248 438 CIIRYSOSTOMI
2285 379 2605 440 ARCIIIEP.
2643 383 3184 445 CONSTANTINOP.
3777 403 3864 460 εει

2328 497 2711 595 ingrediantur.
2744 503 2857 560 Hoc
2875 507 3015 562 enim
3048 519 3203 577 parto
3222 513 3366 568 omni
3391 529 3520 571 cura
3545 517 3688 575 liberi
3713 538 3862 595 erant,

2325 590 2538 663 illisque
2582 596 2914 664 suadebant,
2965 614 3024 656 se
3065 602 3133 657 ad
3179 605 3414 675 ipsorum
3443 620 3638 668 tantum
3668 590 3861 676 salutem
3923 657 3928 664 -

2324 680 2416 778 illo
2438 683 2667 752 venisse,
2693 695 2806 742 tum
2835 690 2960 759 quia
2986 692 3118 748 nihil
3144 697 3462 766 attulerant,
3487 711 3592 758 tum
3617 711 3728 778 quia
3754 715 3863 771 nihil

2325 776 2446 844 plus
2469 793 2626 847 quam
2657 783 2957 838 necessaria
2989 794 3268 855 peterent,
3301 799 3411 846 tum
3435 796 3589 852 etiam
3621 776 3749 869 quod
3774 823 3862 863 non

2323 869 2463 968 apud
2505 886 2696 968 omnes
2741 875 3203 936 indiscriminatint
3253 885 3667 955 ingrederentur.
3707 893 3864 968 Neque

2325 961 2465 1058 enim
2497 967 2759 1058 exgsignis
2785 979 2990 1027 tantum
3015 973 3228 1032 volebat
3267 979 3388 1034 illos
3415 982 3710 1051 splendidos
3733 961 3860 1058 esse,

2325 1052 2418 1107 sed
2447 1069 2514 1109 ex
2539 1056 2732 1113 virtute
2758 1062 2956 1132 magis,
2986 1081 3146 1135 quam
3173 1083 3240 1123 ex
3279 1072 3462 1138 signis.
3485 1073 3619 1130 Nihil
3657 1079 3780 1134 enim
3805 1052 3865 1138 ita

2324 1144 2714 1216 philosOphiarn
2735 1153 3008 1222 exprimit,
3030 1168 3089 1212 ut
3115 1160 3159 1213 si
3190 1161 3321 1216 nihil
3340 1167 3656 1234 superﬂuum
3679 1170 3862 1236 habeas,

2325 1245 2380 1290 et
2406 1237 2450 1291 si
2490 1241 2664 1310 quoad
2711 1242 2835 1298 licet
2863 1246 3004 1301 nulla
3042 1264 3103 1304 re
3133 1250 3391 1323 indigeas.
3437 1256 3561 1313 Illud
3588 1277 3708 1315 vero
3732 1280 3866 1318 nore-

2325 1336 2446 1382 rant
2471 1338 2527 1384 et
2555 1331 2652 1400 ipsi
2684 1334 3137 1407 pseudoapostoli.
3169 1341 3295 1399 Ideo
3320 1346 3514 1404 Paulus
3542 1349 3735 1407 dicebat
3765 1371 3776 1406 :
3809 1355 3866 1410 lit

2323 1420 2376 1516 in
2399 1437 2498 1516 quo
2533 1421 2838 1516 gloriantur,
2875 1428 3200 1487 inveniantur
3223 1446 3278 1489 ut
3303 1453 3396 1492 nos
3427 1438 3500 1510 (2.
3525 1438 3639 1496 Cor.
3665 1445 3744 1498 11.
3769 1445 3862 1516 I2).

2322 1510 2475 1578 Quod
2503 1515 2693 1608 sicum
2722 1518 2774 1572 in
2801 1523 3077 1589 peregrina
3101 1527 3320 1596 regione
3347 1544 3560 1600 smnus,
3581 1545 3635 1590 et
3656 1538 3714 1590 ad
3743 1510 3866 1608 igno-

2323 1611 2408 1659 tos
2446 1605 2870 1699 proﬁciscimur,
2921 1613 3052 1670 nihil
3101 1618 3219 1687 plus
3261 1624 3604 1690 quaerendum
3629 1638 3707 1682 est
3732 1605 3864 1699 quam

2323 1697 2664 1788 quotidianus
2709 1702 2900 1773 cibus,
2945 1707 3114 1763 multo
3157 1713 3326 1783 magis
3373 1715 3452 1771 sic
3480 1721 3728 1788 agendum
3751 1697 3864 1780 cum

2322 1786 2466 1844 domi
2507 1806 2806 1850 manemus.

2394 1882 2447 1938 6.
2489 1883 2608 1940 Pax
2630 1886 2729 1943 Dei
2752 1906 2852 1944 non
2872 1892 2970 1948 nisi
2996 1893 3141 1950 bonae
3162 1899 3412 1954 uoluntati
3438 1901 3621 1970 datur;
3645 1905 3729 1961 illa
3746 1911 3865 1978 frau-

2321 1975 2454 2042 dari,
2498 1989 2746 2048 quantum
2772 1983 2984 2040 malum.
3017 1985 3312 2046 Reverentia
3347 1993 3402 2047 in
3425 1996 3628 2052 ecclesia
3652 1975 3865 2054 cantaren-

2322 2067 2511 2133 datur;
2556 2070 2856 2128 describitur
2883 2077 3102 2134 ecclesiae
3129 2084 3393 2139 sanctitas.
3426 2114 3498 2127 —
3527 2087 3646 2146 Haec
3668 2106 3763 2146 non
3785 2108 3863 2146 au-

2321 2157 2528 2214 diamus
2561 2172 2784 2232 tantum,
2815 2167 2907 2222 sed
2937 2169 3097 2224 etiam
3129 2172 3421 2229 imitemur.
3460 2176 3574 2232 Non
3600 2181 3732 2236 enim
3756 2183 3864 2239 solis

2321 2253 2576 2321 apostolis
2612 2255 2752 2311 dicta
2779 2267 2922 2327 sunt,
2963 2261 3058 2316 sed
3100 2267 3299 2320 sanctis
3326 2269 3578 2325 omnibus
3613 2281 3778 2341 postea
3801 2273 3866 2327 fu-

2323 2344 2472 2398 turis.
2511 2345 2690 2402 Simus
2716 2363 2845 2420 ergo
2872 2367 2969 2408 nos
2994 2353 3084 2409 illa
3113 2359 3460 2416 successione
3487 2361 3646 2432 digni.
3671 2363 3786 2418 Nam
3811 2382 3863 2420 ex

2319 2435 2721 2506 suscipientium
2765 2443 3033 2500 voluntate
3076 2461 3178 2515 pax
3209 2448 3308 2504 ista
3338 2451 3506 2508 modo
3531 2455 3682 2518 venit,
3733 2458 3869 2512 modo

2318 2527 2513 2582 avolat.
2542 2528 2724 2601 Neque
2752 2535 2895 2590 enim
2921 2551 2986 2592 ex
3016 2537 3318 2598 docentium
3341 2542 3536 2602 ﬁducia
3566 2555 3617 2601 et
3645 2558 3865 2617 potestate

2321 2627 2549 2689 tantum,
2579 2623 2674 2678 sed
2700 2626 2860 2681 etiam
2885 2643 2949 2684 ex
2981 2632 3355 2703 accipientium
3387 2636 3641 2709 dignitate
3665 2641 3777 2696 illud
3799 2641 3862 2696 ei-

2319 2709 2513 2768 Iicitur.
2542 2714 2727 2786 Neque
2754 2727 3002 2788 putemus
3028 2722 3152 2778 inde
3177 2740 3364 2794 parum
3390 2728 3571 2785 damni
3597 2747 3864 2803 emergere,

2317 2811 2362 2865 si
2390 2811 2690 2883 hujusmodi
2725 2831 2858 2888 pace
2882 2833 2986 2873 non
3017 2817 3273 2877 fruamur.
3305 2822 3458 2880 Hanc
3479 2827 3618 2881 enim
3646 2829 3864 2900 propheta

2316 2900 2443 2956 olim
2476 2907 2863 2972 prmnuntiabat
2886 2908 3067 2966 dicens
3097 2929 3111 2966 :
3147 2912 3312 2980 Quam
3345 2919 3560 2985 speciosi
3599 2931 3706 2972 sunt
3741 2921 3865 2988 pedes
3896 2938 3901 2943 ·

2317 2997 2766 3067 ευαησειὶωηιὶωη
2811 3018 2984 3071 pacem
3013 3003 3249 3076 (Naltum
3280 3009 3333 3061 I.
3363 3009 3474 3080 15).
3513 3011 3700 3066 Deinde
3726 3013 3863 3082 ipsius

2318 3087 2628 3158 dignitatem
2709 3093 3065 3156 interpretans
3134 3099 3351 3169 adjicit,
3438 3102 3864 3174 Evangelisantium

2319 3181 2448 3236 bona
2504 3183 2697 3251 (Rom.
2734 3187 2823 3241 1ο.
2858 3189 2981 3260 15).
3028 3189 3177 3246 [Iane
3212 3208 3461 3262 magnam
3503 3209 3622 3251 es-e
3657 3196 3866 3252 Christus

2317 3273 2677 3342 pronuntiavit
2729 3275 2914 3334 dicens
2949 3297 2964 3334 :
3006 3279 3202 3335 Pacem
3233 3283 3466 3355 relinquo
3513 3286 3671 3351 vobis,
3716 3303 3864 3356 pacem

2317 3379 2480 3416 meam
2505 3364 2572 3418 do
2601 3365 2738 3420 vobis
2761 3368 2939 3438 (Joan.
2967 3371 3056 3426 14.
3087 3370 3203 3442 27).
3230 3372 3484 3445 Nihilque
3509 3392 3610 3430 non
3639 3376 3863 3446 agendum

2315 3463 2401 3507 est
2439 3463 2500 3508 ut
2544 3455 2630 3510 illa
2673 3456 2932 3526 fruamur,
2963 3471 3019 3515 et
3045 3461 3187 3517 domi
3223 3473 3278 3519 et
3308 3466 3360 3520 in
3394 3469 3636 3522 ecclesia.
3675 3467 3790 3522 Nam
3821 3478 3864 3522 et

2317 3544 2372 3599 in
2421 3548 2644 3602 ecclesia
2695 3550 2786 3619 qui
2833 3552 3100 3620 praesidet,
3148 3570 3334 3624 pacem
3365 3558 3480 3613 dat.
3510 3559 3619 3615 Iloc
3648 3559 3772 3613 illius
3798 3567 3865 3614 est

2319 3649 2475 3710 typus
2505 3641 2582 3714 (η)
2611 3650 2666 3698 et
2690 3653 2912 3712 tessera,
2937 3655 3094 3717 atque
3122 3657 3335 3718 oportet
3359 3665 3556 3722 magno
3581 3667 3694 3707 cum
3717 3652 3864 3706 studio

2323 3745 2503 3812 ipsum
2543 3748 2821 3815 suscipere
2842 3785 2858 3811 ,
2887 3761 3215 3818 propensum
3243 3750 3487 3802 animmn
3524 3748 3694 3817 potius
3726 3759 3862 3816 quam

2322 3857 2564 3896 mensam
2581 3842 2795 3912 praeben
2808 3853 2908 3899 tes.
2926 3841 3060 3897 Nam
3089 3844 3133 3898 si
3159 3858 3186 3897 a
3205 3859 3392 3898 mensa
3417 3860 3521 3897 non
3551 3858 3664 3898 sese
3678 3838 3866 3911 partici-

2322 3943 2441 3997 pem
2462 3929 2658 3982 oti‘erre
2676 3944 2967 3985 onerosum
2986 3939 3296 4000 est,quanto
3311 3933 3596 3986 onerosius
3618 3929 3858 3985 estdicen-

2326 4025 2430 4070 tem
2473 4018 2732 4086 repellere
2752 4018 2776 4072 ?
2795 4017 3022 4089 Propter
3046 4029 3098 4073 te
3112 4019 3261 4073 sedet
3282 4021 3583 4090 presbyter,
3611 4026 3860 4089 propterle

2324 4117 2431 4160 stat
2451 4109 2710 4176 magister
2730 4111 2884 4170 ‘,non
2903 4111 3022 4165 sine
3036 4110 3221 4165 labore
3233 4111 3694 4182 etdel‘atigatione.
3712 4106 3858 4174 Quam

2323 4197 2486 4267 igitur
2503 4201 2907 4253 excusationem
2931 4200 3177 4265 habebis,
3199 4201 3288 4268 qui
3308 4216 3377 4256 ne
3397 4202 3614 4271 quidem
3630 4200 3764 4254 illum
3780 4212 3861 4250 au-

2321 4286 2439 4339 dire
2458 4287 2720 4342 sustines?
2739 4288 3057 4345 Communis
3075 4300 3219 4346 certe
3235 4290 3359 4344 dom
3369 4308 3434 4346 us
3449 4291 3671 4346 ecclesia
3687 4299 3860 4352 cst,vo-

2322 4370 2512 4443 bisque
2543 4374 2977 4443 praecedentibus
3015 4391 3114 4431 nos
3144 4377 3500 4447 ingrediatur,
3539 4378 3740 4431 illorum
3774 4375 3861 4429 ior—

2323 4475 2465 4515 mam
2482 4471 2537 4516 et
2551 4463 2859 4532 exemplum
2879 4476 3180 4521 servantes.
3205 4466 3443 4535 Ideoque
3457 4468 3636 4521 Statim
3659 4461 3857 4535 ingressi

2322 4563 2508 4618 pacem
2529 4550 2785 4605 omnibus
2801 4551 2962 4606 simul
2976 4553 3205 4606 dicimus
3223 4555 3519 4608 secundum
3540 4556 3698 4624 legem
3717 4551 3855 4604 illaut.

2321 4639 2492 4695 Nemo
2515 4643 2681 4711 igitur
2697 4643 2971 4716 negligens
2987 4646 3072 4699 vel
3087 4647 3325 4700 oscitans
3339 4648 3429 4711 sit,
3449 4648 3576 4701 dum
3591 4645 3858 4701 sacerdotes

2323 4731 2552 4800 ingressi
2571 4732 2702 4786 illud
2717 4734 2936 4787 dicunt:
2956 4750 3064 4789 non
3081 4751 3304 4804 parvum
3336 4739 3483 4791 enim
3499 4738 3611 4791 hwc
3627 4735 3859 4805 negligen-

2327 4823 2470 4877 tibus
2491 4823 2740 4878 imminet
2753 4825 3104 4896 supplicium.
3123 4827 3336 4883 Mallem
3358 4828 3503 4883 enim
3525 4826 3766 4882 millicsiu
3781 4823 3860 4877 do-

2324 4931 2474 4971 mum
2495 4915 2579 4985 cuj
2590 4916 2796 4985 uspiam
2812 4927 3052 4974 vestrum
3070 4919 3356 4990 ingressus
3375 4918 3610 4990 despici,
3627 4931 3773 4988 quam
3792 4911 3862 4967 hic

2324 5006 2554 5074 loquens
2586 5023 2693 5061 non
2731 5008 2929 5062 audiri.
2968 5007 3084 5065 I-Ioe
3109 5010 3243 5064 mihi
3266 5011 3556 5066 onerosius
3589 5009 3676 5064 illo
3707 5012 3857 5062 esset:

2321 5117 2748 5190 quandoquidem
2791 5115 3002 5187 dignior
3037 5115 3153 5170 htec
3195 5116 3387 5171 domus
3431 5125 3536 5171 est.
3581 5115 3772 5170 Etenim
3799 5111 3866 5162 hic

2323 5208 2554 5281 majores
2587 5217 2782 5263 nostrm
2808 5207 3175 5277 possessiones
3203 5206 3469 5276 depositae.
3488 5215 3639 5272 sunt,
3669 5205 3745 5258 bic
3765 5214 3866 5268 spes

2325 5309 2506 5356 nostra
2530 5299 2726 5355 omnis.
2751 5297 2889 5367 Quid
2917 5298 3060 5354 enim
3089 5297 3179 5352 hic
3215 5313 3320 5353 non
3362 5312 3632 5368 magnum,
3662 5310 3756 5350 non
3783 5303 3866 5345 tre-

2325 5393 2575 5448 mendum
2613 5393 2742 5447 est?
2785 5387 3064 5461 Siquidem
3092 5387 3210 5445 haec
3233 5404 3418 5445 mensa
3443 5390 3599 5459 longe
3623 5381 3865 5442 honorabi-

2383 5576 2399 5607 ί
2425 5570 2524 5623 Alii
2545 5569 2750 5629 habent,
2771 5567 3022 5619 diaconus.

2391 5641 2466 5705 (α)
2497 5641 2550 5690 Id
2571 5646 2682 5689 est:
2710 5637 2909 5705 ἱρωωᾴ
2931 5636 3032 5700 agit
3057 5651 3244 5705 praeses,
3274 5634 3322 5705 in
3347 5639 3588 5705 φρειεειειι
3609 5645 3711 5686 cum
3730 5637 3871 5705 WE?

2325 5671 2692 5771 stratus;
2713 5671 2908 5771 esse
2922 5671 3334 5771 suamet.
3347 5671 3866 5771 ῖξέῑιξξῂεῑῖςίέιῇηερρ

2328 5755 2447 5831 pus,
2472 5755 2559 5828 pio
2590 5763 2802 5824 imagine
2820 5755 3072 5831 Vacci-pitur
3098 5764 3172 5810 rei
3211 5764 3416 5831 agcndze
3450 5755 3520 5813 ct"
3533 5755 3768 5822 aliquando
3791 5755 3866 5813 1³³⁵³

2331 5827 2589 5887 acuetlr.
2617 5831 2792 5884 Atlttot.
2817 5827 2979 5889 I’ield,
3015 5827 3073 5878 ad
3107 5841 3218 5891 pag.
3244 5827 3349 5876 575.
