4074 6358
106 358 190 415 383
1062 354 1129 410 IN
1168 356 1588 415 MATTIIEUM
1628 358 1865 417 IIOMIL.
1904 359 2125 417 XXXII.
2160 362 2231 417 aI.
2273 361 2514 418 XXXIII.

106 472 309 535 κελεύεις
340 471 477 543 Em;
513 470 608 526 καί⁵
631 470 995 543 αἰσχύνωνται
1024 472 1203 526 τοῦτο·
1228 473 1465 528 δείκνυσι
1488 475 1549 527 τὸ
1579 478 1753 545 πρᾶγ-

107 581 164 634 μα
197 560 404 630 ὀφειλὴν
446 559 535 623 δν,
564 561 799 631 ἐργάτας
829 577 891 613 τε
926 561 1125 625 αὐτοὺς
1157 561 1360 625 καλῶν,
1403 563 1497 615 καὶ
1524 563 1586 616 τὸ
1613 564 1751 616 διδό-

107 666 236 721 μενον
261 646 454 720 μισθὸν
478 647 785 719 ὀνομάζων.
814 647 908 720 Μὴ
933 648 1042 721 γὰρ
1071 648 1260 720 ἐπειδὴ
1288 651 1345 703 ἐν
1370 650 1550 719 λόγοις
1584 653 1619 722 ὴ
1658 653 1752 723 ἐρ-

103 738 254 805 γασία,
286 736 443 804 φησὶ,
478 736 744 806 νομίσητε
777 735 979 807 μικρὰν
1006 732 1266 807 εἶναιτὴν
1299 737 1621 808 εὐεργεσίαν
1651 738 1753 809 τὴν

101 823 399 895 παρ¹ὗμῶν⁸
444 824 545 877 καὶ
588 823 697 894 γὰρ
730 824 925 887 πόνους
964 824 1079 895 ἔχει
1107 825 1169 878 τὸ
1205 827 1437 896 πρᾶγμα
1484 824 1711 889 πολλούς
1733 841 1750 858 ⁸

101 915 172 964 καὶ
200 913 327 981 ὅπερ
353 910 421 963 ἂν
445 910 615 964 δῶσιν
644 913 692 963 οἰ
718 910 1117 981 διδασκόμενοι,
1142 912 1203 965 οὐ
1234 912 1582 982 χαριζόμενοι
1608 929 1752 982 παρ-

102 1002 299 1069 έχουσιν,
334 998 456 1052 ἀλλ’
494 998 731 1068 ἀμοιϐὴν
773 998 1150 1063 ἀποδιδόντες’
1192 999 1387 1064 Ἄξιος
1443 999 1553 1069 γὰρ
1595 1002 1628 1053 ό
1657 1000 1753 1068 ἐρ-

98 1089 249 1153 γάτης
273 1084 384 1153 τῆς
408 1082 641 1153 τροφῆς
658 1086 704 1116 ⁸⁸
736 1086 925 1140 αὐτοῦ
953 1086 1106 1139 ἐστι.
1135 1085 1307 1139 Τοῦτο
1333 1086 1391 1139 δὲ
1426 1086 1668 1157 εἴρηκεν,
1691 1088 1751 1141 οὐ

98 1172 311 1227 τοσούτου
344 1173 477 1235 τοὺς
513 1171 909 1235 ἀποστολικοὺς
940 1172 1262 1241 ἀποφαίνων
1289 1173 1488 1236 πόνους
1528 1173 1714 1237 ἀξίους
1734 1190 1748 1204 ⁸

100 1263 266 1329 ἄπαγε,
297 1259 372 1330 μὴ
398 1260 645 1327 γένοιτο·
672 1259 810 1313 ἀλλὰ
850 1259 946 1313 καὶ
988 1260 1219 1322 ἐκείνοις
1247 1260 1554 1331 νομοθετῶν
1583 1261 1752 1331 μηδὲν

100 1349 229 1401 πλέον
254 1346 458 1417 ζητεῖν,
488 1347 737 1410 καὶτοὺς
766 1347 1109 1418 παρέχοντας
1141 1347 1366 1412 πείθων,
1398 1348 1480 1401 ὅτι
1510 1348 1574 1401 οὐ
1602 1349 1753 1418 φιλο-

100 1436 223 1505 τιμία
247 1434 306 1488 τὸ
337 1434 627 1503 γινόμενον
665 1434 795 1505 παρ’
822 1433 1005 1487 αὐτῶν
1037 1434 1206 1496 ἐστιν,
1249 1433 1364 1488 ἀλλ’
1401 1435 1611 1506 όφειλὴ.
1647 1438 1752 1502 Εἰς

100 1524 161 1587 ἦν
181 1523 225 1575 δ’
248 1522 321 1576 ἂν
362 1524 554 1576 πόλιν
577 1521 615 1589 ἢ
643 1521 849 1590 κώμην
882 1521 1217 1589 εἰσέλθητε,
1245 1521 1572 1586 ἐξετάσατε
1588 1524 1631 1553 θ’
1661 1524 1755 1591 τίς

102 1612 235 1674 ἄξιος
259 1610 326 1662 ἐν
353 1608 517 1677 αὐταῇ
547 1609 700 1675 ἐστι,
735 1608 910 1663 κάκεῖ
932 1610 1179 1679 μείνατε
1208 1609 1320 1676 ἓως
1344 1608 1422 1663 ἂν
1444 1608 1749 1677 ἐξέλθητε.

100 1700 203 1751 Οὐδὲ
230 1699 328 1770 γὰρ
360 1699 556 1769 ἐπειδὴ
590 1694 763 1763 εἷπον,
795 1698 959 1768 φησὶν
981 1737 997 1761 ,
1039 1696 1238 1763 Ἄξιος
1274 1700 1307 1751 ό
1348 1696 1602 1765 ἐργάτης
1640 1695 1754 1765 τῆς

100 1789 285 1858 τροφῆς
312 1789 357 1820 ⁵³
384 1787 581 1841 αὐτοῦ
608 1788 758 1849 ἐστι,
782 1787 883 1849 τὰς
915 1785 1134 1840 πάντων
1164 1786 1292 1856 ὑμῖν
1314 1785 1485 1855 θύρας
1511 1785 1743 1856 ἀνέῳξα·

237 1878 326 1930 καὶ
357 1875 599 1929 ἐνταῦθα
650 1873 852 1943 πολλὴν
896 1873 1105 1927 κελεύω
1148 1873 1419 1927 ποιεῖσθαι
1458 1873 1554 1946 τὴν
1583 1874 1745 1945 ἀκρί-

100 1966 236 2018 ϐειαν.
268 1963 436 2016 Τοῦτο
466 1963 581 2034 γὰρ
608 1963 701 2016 καὶ
728 1963 807 2025 εἰς
833 1962 991 2028 δόξαν
1026 1963 1169 2032 ὑμᾶς
1208 1961 1505 2032 ὠφελήσει,
1536 1962 1630 2015 καὶ
1665 1963 1747 2026 εἰς

101 2055 201 2106 αὐτὸ
230 2052 284 2105 τὸ
315 2052 637 2123 τρέφεσθαι.
686 2051 750 2104 Εἰ
789 2051 895 2122 7&9
933 2051 1083 2115 ἄξιός
1119 2052 1274 2116 ἐστι,
1329 2051 1547 2112 πάντως
1585 2049 1745 2103 δώσει

100 2142 295 2211 τροφήν·
354 2141 449 2193 καὶ
516 2140 755 2211 μάλιστα
810 2142 938 2193 ὅταν
1002 2138 1169 2210 μηδὲν
1229 2138 1389 2191 πλέον
1434 2139 1543 2192 τῶν
1580 2140 1747 2207 ἀναγ-

102 2231 236 2283 καίων
282 2230 471 2299 αἰτῆτε
495 2229 565 2283 ⁸⁸.
606 2229 680 2282 Ού
725 2228 885 2299 μόνον
922 2227 979 2281 δὲ
1016 2227 1198 2292 ἀξίους
1255 2227 1465 2281 κελεύει
1519 2226 1741 2299 ζητεῖν,

100 2318 205 2370 ἀλλὰ
257 2319 384 2389 μηδὲ
439 2319 624 2372 οἰκίαν
682 2314 741 2382 ἐξ
792 2316 968 2379 οἰκίας
1023 2315 1307 2386 ἀμείϐειν,
1353 2315 1493 2368 ὥστε
1537 2319 1672 2387 μήτε
1698 2317 1744 2349 ⁸⁵

101 2408 167 2458 τὸν
198 2406 467 2477 δεχόμενον
508 2407 734 2469 λυπεῖν,
778 2407 915 2476 μήτε
954 2404 1151 2466 αὐτοὺς
1205 2402 1362 2481 δόξαν
1416 2403 1602 2456 λαϐεῖν
1644 2421 1745 2472 γα-

102 2495 423 2566 στριμαργίας
454 2496 554 2549 καὶ
588 2494 860 2556 εὐκολίας.
904 2491 1073 2545 Τοῦτο
1101 2492 1210 2563 γάρ
1240 2491 1509 2561 ἐδήλωσεν
1543 2492 1738 2559 εἰπὼν,

111 2583 233 2636 Ἐκεῖ
244 2584 446 2653 μένετε
464 2583 580 2649 ἓως
600 2583 676 2637 ἂν
686 2581 992 2649 ἐξέλθητε.
1025 2582 1137 2633 Kal
1156 2580 1312 2633 τοῦτο
1333 2580 1427 2632 καὶ
1443 2582 1506 2633 ἐκ
1524 2580 1632 2634 τῶν
1652 2583 1744 2636 ἄλ-

102 2667 183 2721 λων
198 2670 589 2738 εὐαγγελιστῶν
610 2668 724 2722 ἐστι
742 2684 878 2721 κατα
888 2666 1102 2737 μαθεῖν.
1127 2662 1282 2729 Εἶδες
1302 2666 1418 2728 πῶς
1438 2668 1633 2729 αὐτοὺς
1650 2668 1746 2721 καὶ

101 2757 239 2828 ταύτῃ
256 2758 480 2829 σεμνοὺς
505 2756 750 2827 ἐποίησε,
771 2757 863 2808 καὶ
896 2755 1022 2817 τοὺς
1038 2753 1358 2823 δεχομένους
1394 2754 1740 2821 ἐναγωνίους,

103 2845 245 2910 δείξας
268 2849 345 2900 ὅτι
370 2846 531 2900 αὐτοὶ
553 2844 751 2916 μᾶλλόν
774 2845 912 2897 εἰσιν
935 2845 985 2897 οἰ
1019 2843 1415 2914 κερδαίνοντες,
1438 2843 1536 2896 καὶ
1563 2844 1643 2907 εἰς
1658 2843 1745 2896 δό-

107 2932 178 2997 ξαν
206 2938 293 2988 καὶ
313 2937 390 2999 εἰς
419 2935 690 3005 ὡφελείας
716 2933 870 3001 λόγον
894 2948 909 2997 ;
946 2927 1081 2984 Εἶτα
1109 2930 1241 2983 αὐτὸ
1264 2930 1422 2983 τοῦτο
1455 2930 1619 2985 πάλιν
1646 2933 1745 2984 ἐπ-

106 3022 231 3087 εξιών
252 3041 427 3095 φησιν·
453 3021 882 3091 Εἰσερχόμενοι
895 3020 965 3072 δὲ
978 3021 1067 3085 εἰς
1094 3017 1210 3086 τὴν
1226 3019 1443 3081 οἰκίαν,
1463 3017 1744 3073 ἀσπάσα-

105 3112 190 3163 σθε
203 3112 399 3177 αὑτήν.
426 3112 541 3167 Kal
563 3110 671 3165 ἐὰν
685 3109 803 3179 μὲν
821 3102 864 3179 ᾖ
888 3109 928 3175 ἡ
950 3108 1107 3161 οἰκία
1118 3106 1279 3171 ἀξία,
1305 3106 1575 3174 ἐλθέτωή
1596 3105 1747 3174 εἰρή·

106 3197 321 3265 νηύμῶν
336 3198 429 3252 ἐπ’
454 3197 655 3267 αὐτήν
676 3214 689 3227 ·
721 3196 831 3250 ἐὰν
854 3194 1008 3267 [372]
1027 3192 1191 3263 δὲμὴ
1212 3188 1254 3264 ᾗ
1278 3192 1437 3257 ἀξία,
1469 3194 1508 3261 ἡ
1534 3193 1744 3261 εἰρήνη

104 3282 238 3351 ὑμῶν
272 3287 358 3355 ἐφ’
406 3284 567 3356 ὑμᾶς
619 3283 1062 3352 ἐπιστραφήτω.
1108 3282 1272 3353 Ὁρᾷς
1312 3283 1477 3352 μέχρι
1500 3281 1644 3344 τίνος
1682 3280 1743 3333 οὐ

108 3376 408 3441 παραιτεῖται
437 3372 822 3428 διατάττεσθαι
852 3371 936 3436 “;
976 3370 1086 3423 Kal
1108 3369 1255 3440 μάλα
1274 3369 1520 3432 εἰκότως.
1556 3367 1746 3440 Ἀθλη-

107 3458 182 3520 1i;
206 3460 302 3531 7&9
325 3459 607 3523 εὐσεϐείας
633 3459 731 3512 καὶ
759 3460 1008 3530 κήρυκας
1041 3455 1411 3520 κατεσκεύαζε
1436 3456 1535 3527 τῆς
1572 3458 1747 3510 οἰκου-

111 3546 244 3617 μένης
264 3565 278 3579 ·
311 3549 402 3601 καὶ
434 3548 610 3617 ταύτῃ
634 3548 676 3579 ⁸⁷
713 3545 1026 3619 μετριάζειν
1053 3546 1249 3608 αὐτοὺς
1283 3545 1742 3616 παρασκευάζων,

109 3634 179 3686 καὶ
199 3637 520 3707 ἐπεράστους
571 3636 765 3702 ποιῶν,
812 3635 943 3708 φησί
972 3652 984 3665 ·
1025 3634 1135 3688 Καὶ
1191 3634 1259 3699 ὃς
1285 3632 1362 3686 ἂν
1381 3631 1467 3703 μὴ
1498 3632 1745 3701 δέξηται

109 3720 249 3788 ὑμᾶς,
271 3724 418 3792 μηδὲ
454 3725 697 3791 ἀκούσῃ
743 3722 861 3777 τῶν
894 3724 1092 3793 λόγων
1130 3720 1317 3791 ὑμῶν,
1360 3722 1743 3790 ἐξερχόμενοι

108 3807 194 3874 τῆς
230 3812 407 3877 οἰκίας
430 3813 469 3881 ἢ
527 3810 633 3879 τῆς
667 3812 901 3877 πόλεως
955 3810 1212 3875 ἐκείνης,
1249 3808 1600 3887 ἐκτινάξατε
1635 3807 1744 3861 τὸν

109 3899 375 3966 κονιορτὸν
425 3900 549 3953 τῶν
620 3897 824 3953 ποδῶν
885 3897 1071 3968 ὑμῶν.
1145 3895 1333 3965 Ἀμὴν
1368 3893 1523 3965 λέγω
1576 3895 1740 3964 ὑμῖν,

108 3984 450 4059 ἀνεκτότερον
502 3990 674 4044 ἐσται
714 3986 793 4057 γῇ
834 3988 1119 4057 Σοδόμων
1163 3986 1261 4039 καὶ
1318 3984 1628 4052 Γομόρρας
1673 3985 1744 4038 ἐν

108 4070 262 4141 ἡμέρᾳ
279 4078 551 4144 κρίσεως,
582 4077 622 4145 ἢ
666 4074 742 4143 τῇ
792 4072 967 4128 πόλει
1012 4073 1237 4140 ἐκείνη.
1281 4070 1373 4140 Μὴ
1410 4070 1519 4141 γὰρ
1553 4069 1742 4143 ἐπειδὴ

109 4157 362 4230 διδάσκετε,
420 4165 580 4237 φησὶ,
632 4163 723 4217 διά
767 4161 925 4216 τοῦτο
980 4158 1305 4231 περιμένετε
1355 4158 1487 4229 παρ’
1539 4156 1742 4229 ἑτέρων

108 4246 424 4318 ἀσπάζεσθαι,
453 4251 592 4307 ἀλλὰ
642 4248 973 4322 προηγεῖσθε
1000 4249 1066 4319 τῇ
1094 4248 1227 4317 τιμῇ
1267 4245 1335 4299 ⁸⁸.
1365 4240 1501 4299 Εἶτα
1529 4244 1743 4309 δεικνὺς

109 4331 171 4387 δτι
197 4336 284 4391 οὐκ
326 4340 617 4413 ἀσπασμὸς
656 4338 815 4392 τοῦτό
841 4340 957 4390 ἐστι
984 4335 1156 4405 ψιλὸς,
1187 4334 1302 4388 ἀλλ’
1334 4333 1574 4402 εὐλογία,
1613 4333 1740 4387 Ἑάν

108 4413 151 4490 ᾗ,
174 4427 337 4493 φησὶν,
368 4429 495 4495 ἀξία
529 4431 563 4499 ἡ
600 4427 766 4490 οἰκία,
792 4425 912 4496 ἥξει
941 4425 1027 4475 ἐπ’
1056 4424 1253 4493 αὐτήν·
1303 4422 1398 4475 ἐὰν
1432 4421 1490 4475 δὲ
1518 4420 1737 4492 ὑϐρίζῃ,

110 4509 261 4583 πρώτη
309 4517 401 4585 μὲν
433 4516 673 4579 κόλασις,
702 4516 766 4567 τὸ
815 4512 889 4583 μὴ
932 4510 1232 4565 ἀπόνασθαι
1261 4508 1306 4542 "9
1346 4511 1447 4580 τῆς
1476 4511 1702 4580 εἰρήνης
1722 4524 1736 4536 ·

107 4593 294 4671 δευτέρα
317 4604 391 4670 δὲ,
413 4606 497 4659 ὃτι
521 4604 589 4658 τὰ
618 4604 865 4673 Σοδόμων
890 4602 1158 4654 πείσεται.
1177 4599 1289 4652 Kal
1308 4599 1360 4652 τί
1395 4598 1532 4670 πρὸς
1566 4599 1735 4667 ἡμᾶς,

109 4686 258 4752 φησιν,
284 4693 315 4760 ἡ
338 4693 560 4746 ἐκείνων
580 4692 831 4756 κόλασις;
856 4688 1045 4753 ’Έξετε
1078 4688 1177 4751 τάς
1196 4687 1306 4740 τῶν
1343 4683 1508 4751 ἀξίων
1536 4684 1733 4749 οἰκίας.

107 4769 155 4821 Τί
183 4774 231 4827 δὲ
256 4777 493 4847 βούλεται
520 4781 581 4833 τὸ
618 4776 993 4841 Ἑκτινάξατε
1021 4775 1130 4829 τὸν
1160 4773 1473 4843 κονιορτόν
1498 4771 1618 4826 τῶν
1641 4788 1743 4826 πο-

107 4854 202 4911 δῶνν
218 4865 403 4932 ὑμῶν;
435 4871 508 4921 ’Ἢ
536 4867 678 4920 ὥστε
699 4866 868 4931 δεῖξαι
891 4866 973 4917 ὅτι
988 4863 1141 4917 οὐδὲν
1169 4862 1360 4915 ἔλαϐον
1385 4863 1516 4931 παρ’
1537 4860 1738 4928 αὐτῶν,

112 4943 270 5014 ἧῶστε
299 4957 372 5019 εἰς
408 4956 707 5028 μαρτύριον
734 4953 916 5016 αὐτοῖς
940 4952 1194 5022 γενέσθαι
1222 4951 1321 5020 τῆς
1359 4951 1575 5021 μακρᾶς
1605 4949 1741 5002 ὁδοι-

3430 365 3535 421 584

1862 478 1985 529 Ὀτι
2004 476 2153 544 ἄξιος
2186 478 2409 546 γέγονεν
2447 480 2511 532 ἐκ
2545 478 2643 550 τῆς
2672 476 2997 550 μεταϐολῆς.
3030 480 3104 534 Σὺ
3138 474 3195 533 δέ
3228 497 3317 551 μοι
3346 482 3541 536 σκόπει

1853 563 1973 627 πῶς
2011 566 2229 619 πάντων
2256 567 2454 631 αὐτοὺς
2502 566 2819 637 γυμνώσας,
2868 568 3048 623 πάντα
3089 568 3275 633 αὐτοῖς
3313 568 3536 633 ἔδωκεν,

1854 653 2156 723 ἐπιτρέψας
2181 656 2238 705 ἐν
2265 656 2383 718 ταῖς
2433 654 2545 707 τῶν
2590 654 3049 726 μαθητευομένων
3093 657 3275 726 μένειν
3315 658 3534 722 οἰκίαις,

1854 741 1948 792 καὶ
1978 740 2132 794 οὐδὲν
2154 740 2375 810 ἔχοντας
2412 742 2659 796 εἰσιέναι.
2684 743 2842 796 Ούτω
2863 744 2971 814 γὰρ
3006 744 3226 815 καὶτῆς
3256 746 3539 815 φροντίδος

1852 826 2278 897 ἀπηλλάττοντο,
2343 829 2628 893 κάκείνους
2688 828 2926 894 ἔπειθον,
2976 832 3059 885 ὅτι
3098 832 3189 885 διὰ
3219 832 3317 903 τὴν
3357 834 3537 889 αὐτῶν

1853 913 2263 982 παραγεγόνασι
2311 914 2584 985 σωτηρίαν
2624 914 2812 984 μόνην.
2848 916 2941 969 καὶ
2970 915 3048 987 τῷ
3081 917 3246 987 μηδὲν
3281 920 3537 991 ἐπιφέρε-

1855 1000 2002 1063 σθαι,
2035 1001 2130 1053 καί¹
2166 1000 2245 1071 τῷ
2286 1000 2450 1071 μηδὲν
2492 1001 2653 1056 πλέον
2686 1004 2882 1066 αὐτοὺς
2935 1004 3189 1058 ἀπαιτεῖν
3215 1005 3324 1059 τῶν
3362 1008 3536 1076 ἀναγ-

1853 1083 2045 1150 καίων,
2089 1084 2184 1137 καὶ
2212 1084 2289 1155 τῷ
2327 1086 2402 1157 μὴ
2458 1087 2594 1158 πρὸς
2638 1089 2846 1152 πάντας
2878 1090 3067 1154 ἁπλῶς
3106 1093 3353 1147 εἰσιέναι.
3400 1094 3536 1148 Οὐδὲ

1853 1170 1964 1241 γὰρ
1989 1171 2096 1224 ἀπὸ
2124 1170 2234 1225 τῶν
2259 1172 2504 1243 σημείων
2552 1174 2747 1238 αὐτοὺς
2776 1176 3028 1229 ἐϐούλετο
3069 1178 3358 1246 φαίνεσθαι
3397 1180 3536 1251 λαμ-

1854 1258 2027 1329 προὺς
2053 1258 2234 1327 μόνον,
2263 1259 2400 1313 ἀλλὰ
2427 1260 2518 1313 καὶ
2541 1261 2646 1331 πρὸ
2674 1262 2782 1315 τῶν
2803 1263 3043 1333 σημείων
3068 1265 3176 1318 ἀπὸ
3203 1266 3303 1337 τῆς
3329 1268 3537 1332 οἰκείας

1853 1345 2076 1415 ἀρετῆς.
2114 1346 2280 1400 Οὐδὲν
2308 1348 2417 1418 7&9
2460 1347 2603 1401 οὐτω
2640 1352 3039 1421 χαρακτηρίζει
3088 1353 3425 1423 φιλοσοφίαν,
3458 1355 3536 1420 ώς

1852 1433 1913 1485 τὸ
1952 1434 2267 1503 ἀπέριττον,
2331 1436 2427 1488 καί⁵
2469 1436 2613 1490 κατὰ
2648 1436 2710 1489 τὸ
2740 1438 3021 1508 ἐγχωροῦν
3058 1440 3326 1505 ἀνενδεές.
3363 1441 3537 1496 Τοῦτο

1853 1522 1949 1575 καὶ
1975 1523 2024 1575 οἰ
2048 1521 2469 1591 ψευδαπόστολοι
2486 1526 2705 1595 ᾔδεσαν.
2742 1527 2843 1581 Διά
2872 1526 3031 1581 τοῦτο
3055 1529 3148 1581 καὶ
3172 1529 3384 1595 Παῦλος
3415 1530 3534 1584 ἐλε-

1853 1627 1948 1677 γεν
1971 1626 1985 1639 ο
2015 1611 2152 1663 Ἵνα
2181 1610 2251 1663 ἐν
2268 1604 2317 1676 ᾧ
2354 1611 2719 1680 καυχῶνται,
2741 1614 3067 1681 εὑρεθῶσιν
3089 1616 3172 1681 ὡς
3198 1616 3295 1670 καί
3338 1616 3532 1687 ἡμεῖς.

1853 1698 1918 1749 Εἰ
1945 1697 2003 1750 δὲ
2034 1697 2127 1750 ἐπὶ
2159 1697 2317 1768 ξένης
2348 1698 2507 1763 ὄντας
2532 1701 2627 1754 καί
2660 1699 2797 1771 πρὸς
2821 1702 3075 1770 ἀγνῶτας
3091 1704 3351 1768 ἀπιόντας
3380 1705 3535 1758 οὐδὲν

1854 1783 1935 1837 δεῖ
1966 1783 2128 1837 πλέον
2189 1784 2374 1855 ζητεῖν
2400 1788 2502 1859 τῆς
2544 1786 2823 1858 ἐφημέρου
2864 1788 3095 1859 τροφῆς,
3123 1788 3304 1861 πολλῷ
3331 1790 3536 1861 μᾶλλον

1853 1871 1991 1925 οἴκοι
2027 1871 2306 1942 μένοντας.

1926 1966 1999 2024 ς’.
2031 1960 2075 1991 ⁸¹
2100 1959 2287 2013 Ταῦτα
2311 1959 2385 2030 μὴ
2416 1959 2702 2031 ἀκούωμεν
2728 1960 2907 2032 μόνον,
2934 1962 3070 2016 ἀλλά
3096 1963 3189 2017 καὶ
3212 1963 3531 2036 μιμώμεθα.

1854 2048 1930 2100 Οὐ
1952 2047 2061 2119 7&9
2102 2048 2230 2120 περὶ
2273 2048 2384 2101 τῶν
2433 2049 2746 2103 ἀποστόλων
2789 2051 3004 2121 εἴρηται
3051 2052 3230 2120 μόνον,
3261 2053 3397 2107 ἀλλά
3438 2054 3534 2107 καὶ

1853 2135 2119 2206 περὶτῶν
2150 2136 2288 2207 μετά
2341 2135 2516 2189 ταῦτα
2564 2136 2751 2205 ἀγίων.
2790 2138 2829 2189 Γ
2832 2136 3082 2207 ενώμεθα
3122 2138 3304 2193 τοίνυν
3351 2141 3533 2195 αὐτῶν

1852 2224 1991 2290 ἄξιοι
2025 2224 2123 2294 τῆς
2165 2223 2451 2295 ὑποδοχῆς.
2499 2223 2630 2277 Ἀπὸ
2670 2225 2778 2295 γὰρ
2818 2224 2918 2294 τῆς
2944 2224 3168 2297 γνώμης
3212 2227 3321 2280 τῶν
3348 2229 3534 2283 ὑποδε-

1852 2312 2097 2383 χομένων
2122 2312 2216 2365 καὶ
2241 2314 2273 2383 ή
2320 2313 2510 2383 εἰρήνη
2546 2312 2764 2383 ἔρχεται
2794 2312 2955 2383 αὐτη,
2978 2316 3073 2367 καὶ
3097 2314 3394 2384 ἀφίπταται
3424 2319 3534 2372 πά-

1852 2399 1954 2453 λιν.
2003 2400 2135 2453 Οὐδὲ
2176 2400 2284 2470 γὰρ
2322 2400 2482 2470 μόνον
2509 2398 2661 2472 [5⁸75]
2709 2398 2817 2452 ἀπὸ
2872 2401 2972 2470 τῆς
3021 2402 3129 2454 τῶν
3171 2403 3533 2460 διδασκόντων

1852 2487 2188 2559 παρρησίας,
2225 2487 2361 2541 ἀλλά
2396 2488 2490 2540 καὶ
2524 2487 2634 2540 ἀπὸ
2674 2487 2774 2557 τῆς
2811 2487 2921 2541 τῶν
2958 2488 3342 2560 λαμϐανόντων
3374 2491 3535 2559 ἀξίας

1851 2575 2009 2627 τοῦτο
2042 2574 2273 2643 γίνεται.
2319 2568 2470 2646 Μηδὲ
2509 2574 2711 2645 μικρὰν
2738 2575 3047 2646 νομίζωμεν
3078 2572 3219 2631 εἶναι
3240 2578 3445 2649 ζημίαν
3471 2582 3535 2635 τὸ

1856 2664 1929 2734 μὴ
1949 2663 2252 2717 ἀπολαῦσαι
2271 2663 2529 2733 τοιαύτης
2573 2664 2817 2734 εἰρήνης.
2844 2663 3062 2735 Ταύτην
3093 2664 3201 2735 γὰρ
3222 2666 3315 2719 καὶ
3347 2669 3374 2718 6
3396 2684 3533 2738 προ-

1856 2752 2031 2820 φήτης
2081 2750 2287 2804 ἀνωθεν
2312 2751 2357 2781 ⁵³
2388 2753 2773 2820 προαναφωνεῖ
2834 2749 3044 2819 λέγων’
3082 2752 3179 2817 Ὠς
3233 2752 3432 2821 ὡραῖοι
3479 2758 3534 2809 οἰ

1850 2838 2034 2903 πόδες
2070 2836 2190 2891 τῶν
2253 2835 2791 2907 εὐαγγελιζομένων
2849 2838 3138 2907 εἰρήνην.ί
3178 2834 3311 2893 Εἶτα
3362 2841 3535 2913 αὐτῆς

1850 2927 1912 2980 τὸ
1944 2924 2163 2995 ἀξίωμα
2205 2925 2524 2996 ἑρμηνεύων
2552 2928 2824 2997 ἐπήγαγε,
2857 2926 2977 2980 τῶν
2999 2929 3537 2999 εὐαγγελιζομένων

1851 3015 1922 3067 τὰ
1947 3014 2158 3082 ἀγαθά.
2208 3014 2426 3083 Ταύτην
2468 3013 2562 3066 καὶ
2599 3014 2629 3065 6
2679 3014 2917 3085 Χριστὸς
2959 3016 3201 3087 μεγάλην
3229 3013 3395 3070 οὖσαν
3424 3019 3533 3072 ἀπ-

1848 3102 2048 3171 έφηνεν
2078 3100 2261 3155 εἰπών
2285 3118 2297 3131 ·
2360 3100 2628 3169 Εἰρήνην
2674 3102 2887 3170 ἀφίημι
2919 3102 3081 3171 ὑμῖν,
3121 3104 3369 3172 εἰρήνην
3416 3106 3534 3175 τὴν

1845 3191 2001 3260 ἐμὴν
2047 3191 2254 3261 δίδωμι
2284 3191 2448 3260 ὑμῖν.
2476 3192 2587 3245 Kal
2632 3192 2715 3245 δεῖ
2746 3193 2925 3245 πάντα
2959 3195 3152 3255 ποιεῖν.
3187 3194 3327 3249 ὥστε
3359 3196 3532 3268 αὐτῆς

1845 3277 2162 3341 ἀπολαύειν,
2199 3278 2296 3332 καὶ
2340 3280 2399 3332 ἐν
2440 3279 2587 3350 οἰκίᾳ
2614 3282 2710 3332 καὶ
2749 3280 2808 3333 ἐν
2844 3279 3127 3352 ἐκκλησία.
3157 3283 3271 3335 Kal
3302 3282 3412 3355 7&9
3438 3287 3532 3339 xal

1846 3368 1904 3420 ἐν
1923 3369 1991 3437 τῇ
2031 3366 2299 3439 ἐκκλησίᾳ.
2320 3366 2350 3418 6
2378 3367 2661 3437 προεστὼς
2687 3365 2903 3421 δίδωσιν
2937 3369 3183 3439 εἰρήνην.
3223 3371 3336 3424 Kal
3371 3370 3533 3425 τοῦτο

1845 3454 2055 3508 ἐκείνου
2084 3438 2263 3517 τύπος
2285 3455 2422 3516 ἐστὶ,
2465 3455 2561 3509 καὶ
2586 3454 2667 3507 δεῖ
2700 3455 2839 3525 μετά
2866 3438 3055 3527 πάσης
3077 3456 3240 3510 αὐτὸν
3279 3457 3530 3528 δέχεσθαι

1846 3542 2157 3614 προθυμίας
2174 3543 2244 3606 ⁸³,
2285 3544 2354 3613 τῇ
2388 3542 2582 3616 γνώμη
2610 3543 2717 3613 πρὸ
2754 3542 2856 3614 τῆς
2893 3543 3194 3615 τραπέζης.
3232 3547 3298 3599 Εἰ
3326 3547 3436 3618 γὰρ
3467 3548 3530 3601 τὸ

1846 3630 1954 3683 ἀπὸ
1982 3632 2081 3701 τῆς
2097 3629 2376 3700 τραπέζης
2402 3630 2477 3700 μὴ
2511 3630 2834 3700 μεταδοῦναι
2858 3631 2906 3663 ⁸⁵
2928 3632 3203 3702 φορτικὸν,
3229 3632 3293 3686 τὸ
3323 3634 3415 3688 τὸν
3450 3634 3531 3688 λέ-

1845 3735 2009 3785 γοντα
2030 3716 2415 3787 διακρούεσθαι
2441 3717 2592 3788 πόσῳ
2631 3718 2829 3786 μᾶλλον
2865 3718 2931 3772 ἂν
2961 3719 3363 3792 φορτικώτερον
3388 3739 3406 3789 ;
3428 3724 3529 3778 Διά

1847 3806 1906 3859 σέ
1933 3806 2165 3876 κάθηται
2179 3807 2206 3859 6
2227 3804 2619 3876 πρεσϐύτερος,
2637 3806 2725 3860 διὰ
2749 3806 2807 3858 σὲ
2824 3805 3052 3874 ἕστηκεν
3073 3810 3101 3859 6
3120 3807 3440 3874 διδάσκαλος
3456 3812 3525 3877 ⁵⁸,

1845 3893 2024 3945 πονῶν
2054 3893 2146 3946 καὶ
2174 3892 2710 3963 ταλαιπωρούμενος.
2743 3892 2878 3946 Τίνα
2909 3889 3001 3947 οὖν
3037 3894 3181 3961 ἔξεις
3204 3896 3526 3966 ἀπολογίαν,

1847 3977 1985 4049 μηδὲ
2007 3979 2106 4048 τὴν
2140 3979 2208 4031 ἐκ
2267 3979 2369 4049 τῆς
2396 3978 2713 4050 ἀκροάσεως
2744 3979 2895 4050 αὐτῷ
2924 3980 3180 4051 παρέχων
3218 3983 3526 4056 ύποδοχήν;

1843 4066 1955 4119 Kal
1993 4066 2101 4137 7&9
2130 4065 2277 4120 οἰκία
2306 4068 2459 4136 κοινὴ
2485 4066 2704 4121 πάντων
2726 4067 2926 4138 ἐστὶνή
2952 4068 3237 4140 ἐκκλησία,
3268 4072 3362 4124 καὶ
3390 4089 3528 4144 προ-

1843 4151 2120 4207 λαϐόντων
2144 4153 2299 4224 ὐμῶν
2324 4156 2535 4225 εἰσιμεν
2573 4156 2755 4226 ἡμεῖς,
2794 4154 2888 4208 τὸν
2913 4156 3138 4209 ἐκείνων
3152 4158 3321 4212 τύπον
3341 4159 3527 4233 διατη-

1846 4239 2083 4313 ροῦντες.
2106 4240 2204 4295 Διά
2230 4241 2387 4295 τοῦτο
2417 4243 2511 4295 καὶ
2536 4245 2689 4314 κοινῇ
2720 4244 2858 4296 πᾶσι
2889 4242 2985 4315 τὴν
3014 4245 3239 4318 εἰρήνην
3267 4247 3524 4317 ἐπιλέγο-

1848 4346 1947 4399 μεν
1977 4330 2238 4394 εἰσιόντες
2282 4332 2505 4398 εὐθέως,
2549 4334 2690 4387 κατά
2721 4333 2812 4387 τὸν
2848 4334 3012 4405 νόμον
3046 4336 3272 4390 ἐκεῖνον.
3314 4339 3525 4410 Μηδεὶς

1843 4416 2022 4470 τοίνυν
2080 4416 2221 4471 ἔστω
2283 4418 2546 4489 ῥᾴθυμος,
2594 4420 2784 4490 μηδεὶς
2833 4421 3129 4493 μετέωρος,
3173 4424 3524 4481 εἰσελθόντων

1842 4503 1952 4557 τῶν
2016 4505 2205 4575 ἰερέων
2251 4507 2345 4559 καὶ
2395 4507 2754 4561 διδασκόντων
2783 4508 2830 4539 ⁵⁸
2859 4526 2873 4541 ·
2907 4509 3027 4562 οὐδὲ
3076 4511 3184 4580 7&9
3228 4513 3401 4584 μικρά
3426 4514 3523 4569 ἐπὶ

1843 4591 2018 4663 τούτῳ
2046 4595 2222 4646 κεῖται
2248 4594 2489 4658 κόλασις.
2518 4596 2629 4649 Kal
2658 4596 2769 4667 7&9
2807 4595 3099 4668 βουλοίμην
3124 4597 3190 4651 ἂν
3216 4599 3390 4668 ἔγωγε
3424 4619 3525 4673 μυ-

1844 4678 2026 4751 ριάκις
2052 4682 2131 4742 εἰς
2162 4681 2340 4733 οἰκίαν
2374 4681 2519 4744 τινὸς
2551 4681 2704 4751 ὑμῶν
2735 4682 2992 4736 εἰσελθὼν
3027 4684 3452 4757 ἐξαπορηθῆναι,
3483 4688 3518 4760 ἢ

1838 4766 2073 4822 ἐνταῦθα
2095 4766 2268 4834 λέγων
2297 4769 2370 4838 μὴ
2394 4768 2751 4835 ἀκουσθῆναι.
2784 4770 2955 4824 Τοῦτο
2978 4772 3100 4843 ἐμοὶ
3119 4774 3520 4847 φορτικώτερον

1836 4854 2068 4920 ἐκείνου,
2092 4855 2282 4925 ἐπειδὴ
2305 4857 2398 4908 καὶ
2424 4857 2733 4928 κυριωτέρα
2758 4857 2895 4929 αὐτη
2928 4861 2962 4930 ἡ
2982 4860 3147 4915 οἰκία.
3182 4862 3294 4915 Kal
3323 4863 3433 4936 7&9
3450 4864 3517 4917 τὰ

1838 4942 2051 5013 μεγάλα
2086 4943 2242 5013 ήμῶν
2272 4942 2505 4997 ἐνταῦθα
2545 4948 2722 5000 κεῖται
2769 4947 3029 5017 κτήματα
3052 4965 3066 4979 °
3094 4949 3329 5005 ἐνταῦθα
3359 4951 3520 5022 ήμῶν

108 5037 366 5113 πορίας,ἥν
390 5043 698 5098 ἐστείλαντο
741 5043 813 5095 δι”
842 5040 1061 5103 αὐτούς.
1106 5040 1180 5091 Σὺ
1199 5040 1256 5092 δέ
1286 5054 1377 5110 μοι
1405 5038 1598 5091 σκόπει
1619 5035 1738 5100 πῶς
1834 5032 1890 5084 αἰ
1925 5030 2136 5093 ἐλπίδες
2168 5032 2362 5085 πᾶσαι.
2399 5030 2464 5083 Τί
2494 5030 2604 5105 γὰρ
2651 5034 2773 5104 οὐχὶ
2809 5034 3048 5090 ἐνταῦθα
3086 5037 3228 5107 μέγα
3265 5040 3359 5092 καὶ
3390 5050 3520 5112 φρί-

108 5118 284 5180 οὐδέπω
305 5131 363 5183 τὸ
389 5134 499 5185 πᾶν
525 5133 710 5193 αὐτοῖς
731 5129 966 5183 δίδωσιν.
989 5128 1123 5182 Οὐδὲ
1139 5127 1248 5198 γὰρ
1268 5125 1577 5197 πρόγνωσιν
1596 5124 1733 5186 τέως

107 5208 255 5277 αὐτοῖς
305 5210 602 5291 χαρίζεται,
651 5219 792 5273 ὥστε
853 5216 1041 5287 μαθεῖν
1078 5216 1165 5277 τίς
1218 5212 1388 5278 ἄξιος,
1424 5213 1517 5266 καὶ
1556 5211 1638 5274 τίς
1671 5212 1733 5264 οὐ

108 5298 304 5367 τοιοῦτος
325 5324 339 5338 ι
369 5310 501 5363 ἀλλὰ
554 5304 1016 5379 περιεργάζεσθαι
1050 5305 1145 5358 καὶ⁴
1180 5303 1279 5374 τὴν
1307 5304 1500 5372 πεῖραν
1526 5298 1733 5369 ἀναμέ-

108 5397 197 5440 νειν
232 5394 445 5453 κελεύει,
490 5398 616 5462 Πῶς
648 5392 740 5452 οὖν
769 5395 932 5458 αὐτὸς
977 5392 1131 5464 παρά
1177 5389 1384 5462 τελώνῃ
1423 5389 1614 5460 ἔμενεν
1647 5387 1732 5453 ⁵⁰;

1840 5118 2046 5185 κῶδες;
2096 5118 2202 5172 Kal
2231 5118 2340 5190 7&9
2366 5121 2400 5190 ἡ
2440 5120 2689 5191 τράπεζα
2714 5121 2853 5194 αὕτη
2915 5124 3098 5195 πολλῷ
3139 5128 3439 5199 τιμιωτέρα
3467 5129 3516 5160 "

1840 5208 1937 5260 καὶ
1972 5207 2157 5278 ἡδίων,
2211 5208 2305 5263 καὶ
2336 5209 2370 5278 ἡ
2399 5208 2589 5279 λυχνία
2626 5210 2728 5280 τῆς
2753 5210 2997 5281 λυχνίας.
3038 5213 3149 5267 Kal
3178 5214 3357 5269 ίσασιν
3398 5216 3516 5270 ὅσοι

1844 5294 1984 5365 μετά
2040 5295 2274 5359 πίστεως
2318 5297 2413 5349 καὶ
2464 5298 2735 5371 εὐκαίρως
2774 5301 2940 5373 ἐλαίῳ
2988 5302 3309 5372 χρισάμενοι
3358 5306 3518 5376 νοσή-

1844 5401 1992 5457 ματα
2026 5383 2240 5438 ἔλυσαν.
2272 5385 2381 5438 Kal
2399 5386 2462 5441 τὸ
2494 5386 2748 5442 κιϐώτιον
2787 5388 2844 5442 δὲ
2873 5389 3029 5443 τοῦτο
3057 5390 3268 5444 ἐκείνου
3298 5391 3393 5444 τοῦ
3423 5408 3512 5445 κι-

169 5502 203 5535 ⁵¹
236 5510 320 5564 τοῦ
348 5513 533 5582 μισθοῦ
577 5511 639 5568 Ε.
674 5509 793 5566 Mox
834 5510 946 5563 Kal
989 5506 1221 5562 τοῦτοδὲ
1248 5504 1384 5559 Edd.
1463 5504 1509 5536 "'
1533 5502 1744 5574 ἐρωτήσ

169 5578 360 5630 η.ἐστιὶ
393 5584 526 5630 Edd-
601 5582 647 5616 δι
669 5583 870 5630 αἰτεῖτε
896 5580 958 5630 Β.
997 5580 1057 5630 F.
1100 5578 1317 5630 ζητεῖτε
1364 5574 1427 5628 Ι).
1469 5575 1744 5628 ἀπαιτεῖτε

1874 5499 2012 5554 Edd.
2047 5509 2238 5554 contra
2285 5515 2438 5555 meos
2468 5510 2521 5555 et
2561 5501 2776 5573 Mosqq.
2825 5518 3037 5558 omnes.
3106 5504 3154 5536 “
3185 5503 3281 5558 τοῦ
3360 5505 3512 5559 ισθοῦ

1850 5586 1909 5630 ηπ).
1950 5572 2185 5625 αἰτεῖται
2233 5569 2373 5624 Mor.
2420 5571 2552 5626 Ben.
2584 5574 2771 5628 invitis
2818 5574 3057 5630 Intern".
3130 5575 3180 5607 “
3208 5575 3281 5630 wh
3406 5575 3507 5630 En.

112 5566 217 5657 (οτι
239 5566 360 5657 Em}
393 5566 581 5657 ma;
601 5566 647 5616 ιι
668 5583 870 5657 suam
896 5580 958 5632 Β-
997 5580 1057 5634 F-
1100 5578 1339 5657 ςητρῑτε.
1364 5574 1446 5657 D.-.
1469 5566 1744 5657 ᾲπάιτεῖέο

1850 5586 1909 5657 ηρ.
1950 5572 2185 5657 αἰτεῖται
2233 5566 2771 5657 ξιοελΒςιικὶιινίἰξε
2818 5574 3057 5657 Ιηιεςρυ.
3083 5575 3180 5657 ηδ’
3207 5575 3281 5657 μῂ

3364 5616 3377 5630 .
3406 5575 3507 5646 Ep.

114 5644 225 5718 μηέ
249 5640 372 5707 Ειίιί.
455 5655 501 5686 ’⁵⁸
531 5652 625 5708 Sic
668 5652 729 5706 Ρ.
767 5654 919 5705 Arm.
970 5640 1722 5718 οιιηιίΕάόηδιαλλάττεσθαι

1853 5642 1914 5696 C.
1949 5640 2332 5718 6La).a11aaf)ag
2364 5640 2424 5718 ΒΑ.
2466 5643 2811 5718 διαλέγεσθαι
2849 5640 3048 5718 0.-Εζᾉ
3081 5645 3127 5677 ⁸⁷
3156 5640 3353 5718 ταύτῃ]
3380 5640 3508 5702 adii.

114 5704 371 5794 {mnu}:
392 5725 455 5794 ,⁸⁸
602 5704 775 5794 τιμῆς
811 5721 948 5775 Edd.
961 5793 967 5794 γ
981 5704 1173 5794 οοιιιτιι
1192 5717 1445 5794 Δ(ιοιίιίηςιι
1467 5717 1577 5794 Ερ.¹
1595 5711 1721 5794 _Vid:

1850 5728 1912 5794 ῃ.
1945 5728 2054 5794 x1_|._
2076 5712 2162 5766 10.
2239 5710 2283 5742 ’δ’
2310 5704 2642 5794 ἀπόνασθαιῙ
2672 5717 2797 5794 add:
2835 5731 2887 5766 τι
2920 5715 2980 5768 Ε.
3016 5716 3146 5794 δον.
3220 5717 3267 5748 ⁸⁸
3295 5704 3513 5794 ἔμεινεν

113 5779 240 5862 τοίηθ,
266 5789 321 5846 F,
387 5793 429 5826 ἰ
464 5779 896 5848 ΗόῘΚόΝΪὌτι
920 5793 1019 5862 τὴν
1040 5789 1152 5862 τῶν
1181 5786 1492 5862 ἀποστόλων
1512 5779 1685 5862 τάξιν
1696 5784 2008 5862 ἀποπληροῖ
2034 5782 2063 5833 6
2099 5779 2383 5862 προεστώς
2416 5784 2487 5862 fy
2512 5779 2640 5862 16k:
2675 5784 3152 5862 ἐκκληριαστικοῖς
3178 5779 3466 5862 συμϐόλοις
3492 5802 3510 5816 ·

116 5852 192 5938 ἓὲι
220 5864 333 5938 περὶ
352 5863 443 5938 τεῦ
459 5866 584 5938 ίδεν
603 5864 704 5938 τῆς
725 5863 926 5938 ἀρετῆς
959 5850 1424 5938 μᾶλλονέκεεθαιν
1456 5850 2045 5938 ἢλσηιιεῖαηέῑτιξήέιῖν
2071 5850 2257 5938 μείξεγ
2279 5852 2529 5938 τάξεων
2553 5854 2808 5938 έιέιρεῑογ
2834 5850 3006 5938 ἔχεινε

119 5923 221 5995 δεῖν,
251 5923 303 5986 Αἰ
374 5935 416 5967 ιι
449 5923 828 5990 ἄνωθενᾘεέει
852 5923 1095 5987 ίίιίίιθίε,
1170 5923 1344 5997 ³³”τῆς
1378 5923 1688 5998 προθυμίας
1719 5925 1854 5980 Edd.
1899 5923 1976 5954 ⁷⁸⁵
2002 5923 2510 6047 ἵταδιδόναιῖΕὼί.
2588 5923 3022 6054 ⁵⁵’διδάσκαλοςᾶ
3055 5923 3242 5983 δίεπ’Β.
3271 5928 3335 5983 C.
3368 5927 3401 5981 ι]

120 5999 324 6071 '“lﬂarg.
361 6006 422 6059 Α.
454 6008 637 6060 doctor
678 6004 776 6061 Ge.
812 6004 967 6061 Arm.
1004 5999 1185 6059 (εἱειειί
1214 5998 1485 6061 διάκονος.
1578 5997 1625 6045 9⁸
1656 5993 1749 6051 Sic
1787 5993 1974 6051 γωδ.
2041 5993 2275 6062 ’γόντων
2320 5990 2382 6048 ι..
2458 5994 2503 6027 ⁸⁷
2544 5995 2872 6071 τιμιωτέρα]
2918 5997 2985 6053 ad
3030 6035 3045 6051 .
3078 5999 3295 6070 ἐκείνης
3331 5997 3401 6055 Ε.

120 5982 159 6041 in
178 5982 324 6071 marg.
361 6006 422 6059 Α.
450 5982 646 6060 ἷιὸῖιοῖ
678 5982 1185 6061 ὀὶῗᾉῖηἰῖὲέεὶειὶ
1214 5982 1485 6061 διάκονός.

3102 5859 3307 5928 σημεῖα
3328 5858 3511 5928 ἐπιτε-

2073 5921 2510 5977 ταδιδόναιΕιΙιί.
2588 5926 2634 5957 ⁵⁵
2653 5921 3017 5986 ’διδάσκαλοςί
3055 5921 3242 5983 ΞὶεἘ.
3271 5928 3335 5983 C.
3368 5927 3432 5985 Ι).
3451 5934 3511 5986 οι

2588 5926 2634 5957 ⁵⁸
2654 5925 3017 5987 διδάσκαλος]
3055 5925 3149 5983 Sic
