4074 6358
204 397 315 455 ’585

203 525 310 580 lior
335 533 392 579 et
415 521 630 578 suavior
654 529 759 581 est,
793 533 949 588 quam
981 526 1089 579 tua,
1131 524 1185 567 et
1231 513 1469 570 lucerna.
1509 525 1667 578 quam
1712 508 1796 561 ln-

205 630 382 678 cern;
408 625 520 669 tua.
568 613 623 666 Id
665 626 794 667 vero
823 609 1000 664 sciunt
1024 615 1286 677 quotquot
1314 618 1434 657 cum
1465 601 1568 655 fide
1599 611 1796 667 tempe-

203 709 345 762 stive
370 709 492 760 oleo
514 703 655 758 uncti
679 718 710 756 a
740 699 943 755 morbis
971 695 1176 752 liberati
1200 703 1325 748 sunt
1355 691 1449 764 (η).
1479 693 1614 744 Area
1641 690 1800 742 etiam

207 801 323 874 haec
355 798 513 867 longe
536 795 726 849 melior
755 804 836 848 est
855 806 1012 862 quam
1038 788 1150 853 illa,
1177 797 1231 842 et
1261 790 1426 856 magis
1459 781 1757 838 necessaria
1783 797 1798 836 :

201 905 328 959 qua:
355 904 462 942 non
498 896 695 949 vestes,
739 883 832 940 sed
868 882 1268 954 eleemosynam
1299 877 1554 932 inclusam
1600 883 1800 938 servat,

201 981 420 1034 etiamsi
460 978 616 1050 pauci
653 977 760 1030 sint
805 974 915 1040 hic,
967 973 1057 1044 qui
1112 974 1470 1041 electuosyine
1519 966 1803 1034 erogandae

204 1075 459 1126 virtutem
484 1068 785 1139 possideant
815 1066 908 1137 (b).
933 1066 1129 1121 Lectus
1161 1067 1286 1118 item
1313 1074 1402 1116 tuo
1433 1062 1798 1130 prmstautior:

204 1182 331 1222 nam
363 1165 667 1219 divinarum
719 1161 876 1217 lectio
921 1159 1314 1228 Scripturarum
1352 1156 1489 1211 lecto
1533 1154 1677 1208 omni
1720 1153 1804 1222 ju-

203 1258 439 1314 cundior
473 1265 573 1310 est.
627 1257 705 1309 Ac
740 1254 785 1310 si
811 1251 1097 1306 concordia
1125 1250 1262 1320 apud
1296 1264 1393 1302 nos
1420 1248 1646 1316 vigeret,
1695 1261 1799 1298 non

205 1352 367 1404 aliam
398 1348 718 1402 haberemus
745 1345 984 1397 domum.
1027 1342 1179 1410 Quod
1210 1349 1388 1394 autem
1431 1338 1480 1392 id
1513 1337 1653 1408 quod
1681 1337 1803 1391 dico

205 1455 498 1496 onerosum
527 1455 635 1493 non
665 1438 753 1504 sit,
783 1437 1137 1490 testilicantur
1163 1433 1238 1487 illi
1271 1442 1350 1488 ter
1377 1431 1542 1496 mille,
1571 1441 1624 1484 et
1651 1431 1803 1500 quin-

207 1535 362 1604 quies
385 1532 530 1586 mille
549 1530 790 1584 homines
821 1529 914 1598 (c),
948 1527 1034 1596 qui
1067 1541 1224 1579 unam
1254 1533 1308 1579 et
1332 1523 1550 1577 domum
1573 1533 1626 1576 ct.
1655 1537 1804 1574 tuen-

205 1643 342 1688 sam,
376 1634 429 1678 et
449 1624 682 1677 animam
707 1621 974 1673 habuere:
1009 1635 1128 1672 nam
1159 1618 1252 1679 ait,
1319 1615 1659 1669 Multitudinis
1697 1631 1804 1666 cre—

207 1718 437 1771 dentium
469 1725 574 1769 erat
620 1730 707 1767 cor
753 1729 909 1764 unum
961 1720 1007 1764 et
1057 1710 1228 1764 animo
1278 1725 1378 1760 una
1431 1707 1568 1776 (Act.
1601 1707 1654 1760 4.
1689 1703 1799 1775 5'2).

207 1812 345 1876 Quia
378 1823 508 1862 vero
549 1808 704 1876 longe
750 1805 818 1858 ab
864 1804 1092 1857 illorum'
1124 1803 1320 1855 virtute
1366 1800 1642 1863 absumus,
1669 1811 1723 1853 et
1752 1802 1800 1852 in

210 1905 391 1957 varias
419 1901 610 1956 domos
638 1898 873 1953 distracti
902 1912 1106 1960 sumus,
1135 1897 1321 1951 saltem
1350 1911 1471 1950 cum
1498 1895 1584 1949 hic
1609 1910 1804 1948 conve-

209 1997 410 2060 nimus,
454 1991 584 2047 illud
612 1990 850 2046 studiose
878 1987 1152 2044 faciamus.
1183 1987 1314 2042 Nam
1338 1987 1382 2040 si
1415 1987 1466 2040 in
1498 1987 1615 2040 aliis
1649 1999 1801 2040 mcu-

207 2089 315 2142 dici
345 2095 403 2142 et
426 2100 688 2157 pauperes
713 2099 897 2140 sumus
917 2123 932 2148 ,
965 2084 1018 2137 in
1054 2083 1138 2137 his
1177 2091 1324 2138 certe
1354 2078 1565 2134 divites.
1608 2077 1804 2146 Quam-

207 2179 398 2234 obrem
444 2176 551 2231 huc
597 2175 787 2230 saltem
831 2190 930 2228 nos
971 2175 1230 2228 intrantes
1271 2187 1391 2227 cum
1434 2185 1618 2225 amore
1660 2169 1800 2224 exei-

209 2271 336 2339 pite.
376 2269 443 2322 Et
479 2282 600 2322 cum
639 2266 835 2331 dicam,
882 2266 988 2320 Pax
1027 2265 1198 2327 vobis,
1241 2263 1450 2326 dicatis,
1484 2262 1551 2316 Et
1592 2261 1802 2332 spiritui

209 2372 328 2416 tuo:
362 2377 470 2416 non
501 2375 632 2415 voce
663 2368 890 2424 tantum,
921 2357 1013 2412 sed
1045 2357 1258 2422 animo;
1305 2371 1410 2409 non
1455 2371 1550 2408 ore
1575 2363 1800 2416 tantum,

207 2455 301 2510 sed
347 2463 404 2509 et
453 2461 654 2509 mente.
683 2451 739 2507 Si
765 2467 893 2506 vero
914 2449 1003 2504 hic
1024 2449 1245 2512 dixeris,
1281 2450 1383 2502 Pax
1403 2448 1564 2503 etiam
1591 2447 1803 2516 Spiritui

208 2561 338 2613 tuo;
371 2548 501 2604 foris
531 2562 656 2602 vero
689 2561 774 2601 me
803 2545 1104 2614 impugnes,
1135 2556 1418 2610 conspuas,
1464 2557 1548 2595 me
1580 2539 1802 2593 maledi-

205 2645 310 2696 ctis
342 2640 746 2709 innumerisque
794 2639 1021 2708 impetas
1065 2635 1385 2705 Opprobriis,
1434 2649 1676 2702 quamam
1718 2631 1802 2684 illa

209 2734 359 2803 pax?
398 2733 514 2802 Ego
545 2731 688 2786 enim
709 2770 726 2795 ,
754 2729 855 2784 etsi
884 2727 1186 2783 sexcenties
1213 2724 1518 2786 maledicas,
1551 2737 1681 2791 puro
1711 2721 1802 2774 tibi

206 2827 373 2882 corde
401 2839 586 2895 pacem
613 2823 756 2887 dico,
784 2822 1103 2890 sinceraque
1133 2829 1330 2883 mente,
1377 2831 1475 2870 nec
1508 2815 1634 2885 quid
1678 2813 1801 2866 mali

207 2923 280 2976 de
324 2930 379 2974 te
420 2933 634 2988 possum
679 2916 859 2971 dicere
893 2933 905 2968 :
938 2925 1157 2984 paterna
1190 2912 1385 2981 quippe
1415 2925 1544 2979 gero
1575 2909 1798 2960 viscera.

207 3016 268 3070 Si
294 3023 349 3069 te
374 3012 694 3083 quandoque
729 3025 968 3080 carpam,
997 3023 1127 3062 cura
1157 3007 1230 3060 tui
1261 3015 1536 3074 permetus
1562 3001 1612 3055 id
1643 2999 1800 3055 facio.

205 3107 290 3162 Tu
324 3122 457 3160 vero
501 3107 801 3160 clanculum
842 3101 1080 3164 mordes,
1113 3109 1168 3154 et
1197 3113 1317 3153 cum
1349 3112 1434 3151 me
1460 3097 1513 3150 in
1535 3094 1801 3150 dominica

205 3199 376 3254 domo
419 3211 526 3252 non
576 3196 833 3264 excipias,
885 3209 1077 3248 vereor
1119 3207 1186 3246 ne
1231 3190 1360 3245 mihi
1393 3202 1679 3244 maerorem
1708 3201 1804 3240 au—

205 3305 340 3360 geas
366 3307 380 3343 :
417 3305 522 3342 non
547 3291 669 3357 quia
689 3285 1010 3341 contumelia
1034 3283 1279 3348 aifecisti,
1302 3297 1407 3335 non
1429 3280 1551 3351 quia
1573 3277 1800 3349 eiecisti,

206 3381 306 3436 sed
337 3381 462 3450 quia
495 3394 677 3449 pacem
702 3377 962 3446 repulisti,
1010 3386 1065 3430 et
1104 3390 1270 3445 grave
1310 3373 1436 3428 illud
1478 3373 1568 3428 tibi
1596 3372 1804 3442 suppli-

206 3475 354 3528 cium
396 3471 680 3526 attraxisti.
733 3470 950 3524 Etiamsi
999 3471 1141 3524 enim
1189 3467 1457 3536 pulverem
1489 3481 1594 3520 non
1636 3480 1802 3519 excu-

210 3567 366 3632 tiam,
411 3563 622 3618 ctiamsi
665 3576 770 3615 non
814 3568 1046 3622 averL-ir,
1092 3558 1438 3614 comminatio
1485 3568 1659 3612 tamen
1700 3557 1804 3611 iiii-

208 3669 358 3713 niota
389 3667 586 3710 manet.
635 3653 747 3721 Ego
777 3668 1004 3721 namque
1035 3666 1216 3720 pacem
1247 3650 1398 3729 vobis
1425 3664 1569 3719 sarpe
1597 3656 1802 3716 repeto,

209 3764 390 3819 neque
417 3747 626 3803 dicendi
653 3747 814 3800 tinem
841 3744 1067 3809 faciam;
1105 3742 1247 3813 quod
1276 3741 1320 3797 si
1352 3757 1438 3796 me
1463 3757 1582 3796 cum
1615 3749 1806 3795 contu-

211 3843 389 3898 meliis
439 3841 716 3910 excipiatis
748 3841 762 3871 ¹
789 3879 804 3902 ,
859 3853 1031 3907 neque
1071 3837 1148 3892 sic
1187 3838 1463 3906 pulverem
1491 3836 1799 3890 excutiam:

212 3952 322 3990 non
349 3933 493 4005 quod
523 3933 750 3988 Domino
779 3948 882 3986 non
914 3945 1148 4001 paream,
1173 3929 1266 3984 sed
1295 3928 1417 3999 quia
1439 3943 1620 3982 :unore
1641 3927 1804 3981 vestri

215 4182 234 4225 ι
278 4115 297 4146 ί
334 4111 524 4174 Aliqui,
544 4109 670 4174 quod
691 4108 832 4160 sime
849 4105 1144 4159 contumeliis
1166 4103 1386 4171 efﬁciatis
1408 4112 1567 4156 etnon
1589 4105 1808 4165 excipia-

233 4188 294 4225 ts.

233 4188 294 4225 ιδ.

278 4257 356 4320 (a)
389 4255 741 4320 singulareest
761 4253 896 4320 quodq
915 4253 991 4302 hic
1013 4253 1188 4320 dicitur
1211 4251 1276 4320 de
1298 4253 1360 4300 iis
1389 4253 1472 4314 qui
1497 4264 1559 4300 ex
1583 4251 1696 4301 oleo
1730 4251 1805 4302 lu-

213 4314 384 4369 ceru'ze
408 4320 458 4366 in
474 4314 688 4367 'eeclesia
711 4314 928 4365 ardentis
949 4317 1081 4364 uncti
1103 4314 1465 4364 convaluerant.

283 4403 357 4467 (b)
391 4410 583 4450 Graecus
605 4409 770 4451 textus
791 4401 862 4449 sic
880 4399 1025 4449 effert
1047 4399 1175 4448 hunc
1190 4398 1366 4457 locum,
1387 4411 1427 4448 οὗ
1451 4411 1518 4462 γάρ
1540 4409 1666 4458 ἱμάτια
1681 4439 1693 4457 ,
1723 4411 1808 4449 ἀλλ’

217 4477 471 4527 ἃιημοσῦνηγ
487 4475 559 4527 ips
581 4475 892 4527 συτιιιλιισμινηγ
907 4502 922 4527 ,
954 4475 986 4512 ιι
1006 4475 1066 4511 καὶ
1086 4474 1200 4524 iniret.
1223 4472 1310 4527 ιὶβὶγ
1342 4471 1377 4510 οἱ
1407 4474 1613 4520 ιατημινοι
1645 4473 1808 4527 ιγταῇο..

215 4521 333 4587 Qua:
377 4521 437 4575 ad
462 4521 671 4587 litieram
699 4527 768 4587 sic
789 4521 1082 4581 redduntur,
1110 4521 1203 4572 neu
1227 4523 1355 4587 enim
1383 4527 1550 4587 uestes,
1581 4521 1667 4571 sed
1685 4524 1810 4587 elec-

216 4582 468 4649 titosynam
487 4586 626 4636 Iutbet
643 4585 895 4644 inclusam,
907 4598 1197 4649 quamquam
1211 4582 1356 4645 pauci
1369 4582 1462 4634 sint
1473 4583 1551 4633 ltic
1568 4583 1812 4649 possiden-

217 4659 307 4702 tes.
321 4645 412 4699 De
432 4651 566 4712 cujus
588 4658 753 4698 autem
775 4649 850 4696 rei
885 4645 1193 4712 possessione
1230 4653 1529 4712 agaturhnon
1566 4647 1627 4694 ita
1669 4645 1810 4695 facile

221 4721 298 4762 est
320 4707 615 4760 decernere.
651 4718 749 4759 Non
783 4707 912 4758 enim
944 4709 1008 4759 de
1042 4707 1352 4772 possessione
1385 4707 1672 4762 divitiarum,
1700 4722 1811 4772 eum

217 4774 476 4825 Antiochia
497 4772 684 4830 civitas,
721 4773 770 4820 in
790 4784 888 4834 qua
920 4768 1248 4834 hac'homilia
1281 4770 1568 4834 habebatur.
1604 4768 1810 4834 opulen-

219 4838 409 4886 tissima
435 4842 568 4884 esset
591 4841 706 4883 tunc
723 4831 971 4895 temporis.
990 4841 1121 4881 Hune
1140 4832 1294 4895 locum
1315 4833 1384 4880 sic
1401 4845 1459 4879 ex
1470 4831 1686 4895 1.licat_in_
1699 4840 1812 4881 nota

218 4895 617 4947 Montefaleonius
652 4909 664 4943 :
706 4913 728 4941 ε
765 4890 982 4944 Auctoris
1017 4901 1221 4943 mentem
1261 4893 1384 4942 hanc
1415 4890 1517 4942 ess-e
1540 4890 1765 4942 existimo
1793 4906 1810 4943 :

219 4972 352 5008 arca
364 4957 452 5009 illa
473 4955 688 5020 ecclosite
710 4956 938 5020 pecmtias
959 4955 1131 5006 obtinet
1153 4955 1219 5020 ad
1231 4955 1586 5020 elemosynam
1607 4967 1812 5020 erogan-

219 5021 360 5079 dam,
384 5033 528 5085 quam
545 5015 783 5085 virtutem,
817 5018 1129 5085 eteemosyna:
1151 5015 1341 5085 scilicet
1355 5021 1630 5085 erogandaz,
1653 5015 1715 5066 ei
1739 5016 1814 5085 Itis

222 5079 538 5147 prtesentibus
560 5081 702 5144 pauci
733 5079 990 5147 possident.
1017 5079 1038 5125 ii
1079 5089 1190 5138 Quae
1229 5079 1426 5142 quidem
1458 5080 1811 5147 interpretatio,

222 5139 265 5194 si
289 5147 483 5202 rationi,
509 5139 604 5193 non
627 5139 952 5206 grammaticae
993 5147 1226 5206 consonat
1247 5139 1270 5206 Ξῖ
1293 5154 1382 5189 vox
1419 5142 1549 5206 enim
1569 5175 1583 5198 ,
1617 5139 1815 5206 eleetno-

222 5220 367 5270 syna,
383 5207 539 5270 semel
563 5202 789 5270 usurpata
808 5205 868 5254 ad
892 5205 1147 5270 pecuniam
1167 5202 1534 5270 designandam,
1548 5215 1641 5250 non
1661 5202 1814 5251 debet

224 5264 528 5330 subintelligi
552 5268 609 5315 ad
631 5264 992 5330 significandam
1016 5264 1344 5330 eleemosynte
1367 5265 1614 5330 virtutem.
1648 5270 1814 5330 Nostra

225 5339 395 5379 autem
411 5323 833 5385 seu'tentiaCmens
853 5328 1078 5376 Auctoris
1098 5327 1169 5374 sic
1194 5323 1370 5375 melius
1393 5325 1815 5387 explicaturzArca

229 5392 315 5440 illa
334 5389 554 5441 ecclesia
577 5390 806 5452 pecunias
824 5389 1013 5452 obtinet
1034 5388 1093 5436 ad
1118 5387 1480 5449 eloemosynam
1521 5387 1815 5452 erogandam

229 5453 309 5513 (et
329 5453 452 5501 hanc
473 5449 632 5501 arcam
654 5452 782 5500 inter
798 5451 1133 5512 possessiones
1152 5456 1339 5498 nostras
1355 5449 1635 5510 recenseo),
1653 5462 1817 5512 quani-

227 5512 379 5574 quam
402 5516 538 5576 pauci
560 5514 658 5563 sint
673 5512 752 5561 hic
766 5513 930 5576 (hujus
944 5513 1090 5576 arcte)
1111 5523 1438 5576 possessores.
1451 5517 1549 5576 tice
1566 5517 1659 5576 est,
1681 5513 1816 5572 pauci

228 5571 561 5639 eleemosynis
575 5576 676 5639 suis
688 5571 990 5639 areamillam
1002 5571 1220 5639 ditantes
1244 5586 1256 5621 :
1282 5571 1370 5620 soli
1388 5573 1518 5620 enim
1534 5571 1817 5632 httjus’arcte

231 5633 544 5707 possessa-es
560 5637 652 5686 dici
672 5643 876 5745 lpossunt
897 5637 980 5698 qui
1001 5637 1045 5684 in
1069 5633 1151 5684 illa
1175 5634 1513 5697 eleemosynas
1535 5646 1648 5681 suas
1670 5648 1818 5696 repo-

231 5706 351 5745 sitas
372 5697 572 5745 habent.
604 5698 672 5745 Ca
687 5698 850 5745 culum
871 5696 1031 5745 ferant
1061 5697 1319 5745 doctiores.

229 5696 351 5750 sitas
372 5697 572 5749 habent.
604 5696 850 5749 Calcatum
871 5696 1031 5746 ferant
1061 5697 1319 5746 doctiores.

299 5785 370 5845 (ε)
397 5779 473 5831 11ιί
493 5777 686 5829 scilicet
721 5783 780 5845 ad
805 5778 950 5832 tidem
981 5782 1204 5835 conversi
1246 5780 1312 5831 de
1344 5780 1524 5844 quibus
1557 5781 1606 5830 in
1629 5780 1821 5830 Actibus

235 5842 577 5908 apostolorum,
601 5852 655 5896 ut
677 5842 798 5896 infra
819 5845 1012 5895 indicat.

1206 393 1270 448 IN
1311 387 1719 448 MATTIM‘IUM
1761 383 1986 441 llOillL.
2021 385 2232 441 XXXII.
2274 385 2344 440 al.
2388 383 2623 441 XXXIII.

3395 373 3499 430 386

1921 505 2287 557 vehementius
2314 503 2498 557 ardeo.
2525 504 2770 573 Alioquin
2793 512 2972 556 autem
3001 501 3128 555 nihil
3157 509 3372 570 propter
3400 514 3499 554 vos

1917 593 2068 646 ardui
2127 594 2260 660 feci,
2310 611 2416 648 non
2459 597 2668 664 longam
2715 593 3200 664 peregrinationem
3250 594 3496 657 suscepi,

1909 699 2080 752 neque
2126 699 2245 738 cum
2274 683 2364 738 illo
2391 684 2572 740 habitu
2602 685 2684 739 vel
2715 695 3027 754 paupertate
3058 683 3176 736 veni
3207 682 3225 750 (
3243 681 3364 736 ideo
3385 695 3502 734 nos-

1909 774 2051 844 ipsos
2081 775 2226 842 prius
2253 777 2602 846 accusemus)
2629 818 2644 842 ,
2695 791 2869 846 neque
2900 776 3017 830 sine
3041 773 3418 828 calceatueutis
3447 781 3501 825 et

1907 865 2101 931 duplici
2131 867 2305 919 tunica
2337 867 2619 930 venimus;
2671 865 2898 934 ideoque
2939 865 3165 919 fortasse
3201 880 3294 918 vos
3326 873 3500 916 vestra

1909 956 2238 1025 neglexistis.
2295 959 2546 1012 Attamen
2580 957 2695 1012 hzrc
2724 958 2874 1012 vobis
2901 958 2965 1011 ad
2997 957 3360 1026 purgationem
3395 970 3499 1007 noti

1907 1045 2210 1111 sufficiunt;
2264 1047 2356 1101 sed
2405 1049 2608 1102 crimen
2657 1058 2896 1103 nostrum
2939 1049 3111 1117 majus
3153 1056 3269 1113 est,
3329 1059 3504 1114 neque

1907 1147 2084 1191 tamen
2116 1139 2270 1192 venia
2301 1139 2451 1192 vobis
2479 1140 2825 1194 concedetur.

1979 1229 2031 1283 7.
2079 1230 2290 1284 Moralis
2339 1233 2622 1285 exhortatio
2651 1233 2720 1285 ad
2746 1234 3073 1286 reverentiam
3119 1235 3172 1289 in
3211 1239 3419 1292 ecclesia
3455 1248 3504 1292 et

1907 1323 2166 1375 caritatem
2191 1335 2437 1376 mutuam.
2490 1324 2593 1378 Cur
2613 1326 2756 1395 signa
2785 1327 2929 1380 edere
2955 1330 3219 1381 cessaverit
3249 1330 3400 1384 Deus.
3431 1362 3502 1372 —

1908 1415 2056 1469 Tunc
2097 1415 2288 1469 domus
2337 1417 2581 1471 eeclesim
2622 1427 2811 1482 erant;
2862 1434 3005 1473 nunc
3047 1422 3270 1474 ecclesia
3312 1422 3504 1479 domn!

1909 1508 2043 1560 facta
2085 1517 2185 1560 est.
2241 1507 2378 1561 Nihil
2425 1518 2550 1563 tunc
2597 1509 2649 1563 in
2693 1509 2854 1563 domo
2898 1511 3155 1566 smeulare
3190 1514 3500 1572 dicebatur:

1910 1599 2127 1652 nuncin
2157 1600 2381 1653 ecclesia
2415 1599 2544 1654 nihil
2576 1602 2854 1669 spiritualc
2899 1603 3112 1667 dicitur,
3157 1606 3251 1658 sed
3297 1615 3348 1660 et
3399 1606 3504 1660 huc

1907 1693 2065 1745 etiam
2113 1691 2210 1744 fori
2238 1692 2446 1760 negotia
2491 1691 2742 1746 inducitis
2788 1710 2802 1746 :
2851 1694 3066 1763 Deoque
3095 1695 3365 1764 loquente,
3397 1713 3502 1750 non

1909 1785 2066 1838 modo
2111 1786 2283 1854 ipsum
2330 1787 2547 1839 silentio
2597 1803 2700 1839 non
2750 1786 2965 1848 auditis,
3004 1789 3096 1842 sed
3137 1792 3401 1844 contraria
3446 1791 3502 1845 in

1909 1875 2139 1930 medium
2171 1876 2396 1930 adducta
2427 1877 2636 1946 negotia
2662 1877 2941 1946 loquimini
2974 1894 2992 1931 :
3020 1891 3182 1948 atque
3211 1879 3407 1934 utinam
3439 1898 3502 1938 ea

1907 1983 2026 2037 qua:
2068 1968 2134 2022 ad
2184 1983 2278 2023 vos
2323 1971 2594 2039 pertinent
2628 1982 2872 2035 tautttm;
2919 1987 3059 2026 nunc
3085 1983 3262 2027 autem
3293 1989 3354 2027 ea
3386 1991 3505 2042 qua:

1909 2061 2036 2115 nihil
2063 2061 2128 2114 ad
2159 2077 2254 2114 vos
2283 2074 2525 2131 Spectaut
2548 2073 2601 2118 et
2628 2065 2806 2119 dicitis
2826 2075 2879 2119 et
2903 2064 3119 2120 auditis.
3171 2067 3295 2121 ldeo
3322 2069 3502 2138 lugeo,

1907 2162 1962 2208 et
2002 2154 2212 2224 lugemli
2238 2158 2393 2208 linem
2428 2173 2530 2209 non
2563 2156 2770 2210 faciam.
2811 2157 2998 2227 Neque
3022 2159 3166 2213 enim
3198 2175 3411 2229 possum
3437 2177 3502 2216 ex

1910 2244 2010 2298 hac
2035 2245 2196 2299 domo
2231 2246 2517 2315 proficisci,
2556 2248 2648 2301 sed
2675 2249 2758 2302 hic
2788 2264 3006 2304 manere
3037 2264 3255 2305 necesse
3278 2265 3378 2315 ρει,
3404 2252 3503 2306 do-

1910 2350 2008 2389 nec
2043 2351 2108 2390 ex
2145 2339 2395 2406 pra'setui
2425 2354 2678 2393 exeamus
2717 2340 2846 2393 vita.
2903 2339 3168 2409 Suscipite
3208 2358 3339 2412 ergo
3383 2358 3502 2409 nos,

1908 2427 2045 2482 sicut.
2069 2427 2266 2482 Paulus
2293 2427 2368 2500 (2.
2401 2429 2516 2483 Cor.
2549 2431 2600 2483 7.
2627 2429 2686 2499 9.)
2717 2432 2986 2500 pneccpit.
3030 2431 3210 2500 Neque
3255 2433 3398 2487 enim
3434 2432 3505 2488 de

1908 2535 2091 2573 mensa
2141 2519 2455 2590 loquebatur
2503 2521 2616 2586 ille,
2668 2521 2761 2575 sed
2806 2521 2872 2576 de
2925 2522 3195 2577 voluntate
3219 2533 3272 2578 et
3303 2524 3504 2578 animo.

1911 2610 2021 2664 Hoc
2049 2619 2100 2664 et
2125 2627 2222 2664 nos
2251 2626 2279 2664 a
2311 2613 2462 2665 vobis
2494 2613 2846 2680 postulamus,
2895 2613 3196 2677 caritatem,
3249 2623 3304 2668 et
3357 2629 3507 2668 amo-

1908 2719 2019 2756 rem
2052 2704 2198 2756 illum
2242 2705 2517 2758 ardentem
2546 2715 2599 2759 et
2637 2707 2928 2760 sincerum.
2984 2707 3138 2774 Quod
3185 2708 3229 2761 si
3271 2709 3373 2763 hoc
3400 2725 3506 2765 non

1911 2793 2078 2858 fertis,
2123 2795 2311 2848 saltem
2356 2810 2449 2848 vos
2499 2806 2688 2850 mutuo
2729 2806 2925 2862 amate,
2973 2810 3291 2868 praiscntem
3335 2799 3506 2870 depo-

1909 2896 2098 2940 nentes
2123 2887 2524 2956 negligentiam.
2540 2887 2650 2942 lloc
2673 2889 2826 2942 nobis
2851 2888 2916 2942 ad
2939 2890 3360 2945 consolationem
3379 2892 3509 2948 satis

1906 2987 2008 3042 est,
2033 2978 2076 3031 si
2101 2978 2372 3032 videamus
2395 2994 2488 3031 vos
2508 2989 2654 3034 recte
2675 2989 2895 3048 agentes
2919 2989 2974 3034 et
2995 2981 3248 3035 meliores
3264 2981 3504 3038 effectos.

1906 3068 1995 3124 Sic
2042 3069 2298 3139 majorem
2330 3085 2434 3142 ego
2466 3071 2740 3124 caritatem
2788 3070 3084 3138 exhibebo,
3125 3070 3168 3126 si
3218 3070 3508 3126 ferventius

1907 3162 2292 3223 amans,minus
2310 3177 2460 3215 auter
2475 3177 2504 3214 a
2528 3161 2864 3215 vobis.Multa
2880 3161 3021 3216 enim
3042 3177 3140 3217 nos
3153 3162 3502 3232 conjuugunt:

1910 3270 2008 3308 una
2039 3270 2221 3308 mensa
2249 3254 2496 3308 omnibus
2530 3255 2832 3324 proposita,
2867 3268 3004 3308 unus
3036 3255 3188 3309 nobis
3218 3265 3369 3323 pater
3397 3264 3500 3321 est,

1907 3348 2096 3400 eodem
2127 3354 2279 3416 partu
2310 3361 2498 3401 onmes
2529 3346 2846 3414 prodiitnus,
2902 3345 3042 3400 idem
3074 3355 3226 3415 potus
3253 3347 3504 3402 omnibus

1908 3437 2062 3491 datus
2092 3447 2204 3502 est;
2246 3437 2354 3491 imo
2381 3453 2485 3491 non
2514 3437 2688 3492 solum
2721 3437 2861 3492 idem
2891 3446 3067 3506 potus,
3098 3435 3194 3494 sed
3222 3452 3284 3490 ex
3313 3437 3503 3492 eodem

1907 3531 2075 3587 calice
2103 3531 2415 3586 sumendus.
2441 3531 2603 3586 Pater
2633 3531 2776 3585 enim
2806 3537 3010 3594 noster,
3061 3545 3182 3586 cum
3221 3545 3318 3584 nos
3346 3529 3506 3585 vellet

1910 3624 1961 3677 in
2010 3634 2250 3676 nnuuum
2282 3638 2518 3677 amorem
2569 3622 2842 3685 inducere,
2873 3622 3000 3677 illud
3029 3621 3359 3677 machinatus
3389 3631 3505 3688 est,

1909 3725 1970 3770 ut
2015 3731 2079 3770 ex
2115 3732 2219 3769 uno
2245 3714 2410 3770 calice
2439 3715 2746 3770 biberemus
2770 3731 2786 3778 ;
2826 3714 2967 3785 quod
2995 3715 3240 3769 maxima?
3261 3723 3343 3768 est
3367 3713 3508 3768 cari-

1910 3806 2057 3861 tatis.
2105 3805 2209 3861 Sed
2235 3806 2516 3876 apostolis,
2567 3806 2797 3875 inquies,
2848 3805 2992 3876 digni
3036 3819 3150 3859 non
3189 3819 3394 3860 sumus.
3445 3803 3505 3860 Id

1909 3912 2011 3967 ego
2037 3899 2225 3960 fateor,
2277 3911 2376 3951 nec
2423 3912 2672 3966 umquam
2712 3897 3040 3968 negaverim.
3088 3896 3206 3951 Non
3230 3897 3372 3974 enim
3398 3896 3502 3950 illis

1911 3989 2073 4044 modo
2103 4030 2116 4052 ,
2148 3987 2242 4043 sed
2290 4003 2358 4043 ne
2407 3987 2610 4042 umbra:
2646 3986 2862 4057 quidem
2905 3987 3118 4042 illorum
3157 3986 3505 4056 comparandi

1913 4097 2119 4137 sumus.
2163 4084 2410 4135 Attamen
2438 4095 2533 4135 vos
2559 4080 2791 4134 officium
2825 4091 3058 4136 vestrum
3095 4081 3334 4150 implete.
3386 4079 3501 4135 Non

1911 4177 2052 4230 enim
2077 4175 2207 4229 illud
2238 4174 2392 4229 vobis
2421 4189 2674 4245 umquam
2707 4173 2894 4244 pudori
2925 4174 3048 4238 erit,
3097 4173 3189 4229 sed
3236 4188 3329 4228 vos
3372 4187 3499 4226 ma-

1911 4271 2053 4324 xime
2094 4268 2319 4339 juvabit.
2361 4267 2493 4321 Cum
2525 4268 2669 4322 enim
2715 4266 2878 4321 etiam
2904 4281 3032 4336 erga
3069 4264 3317 4335 indignos
3343 4263 3504 4319 talem

1912 4359 2233 4415 exhibebitis
2269 4374 2530 4422 amorem,
2577 4358 2737 4413 talem
2783 4356 3208 4427 obsequentiam,
3239 4367 3364 4412 tunc
3384 4373 3501 4412 ma-

1909 4453 2082 4524 jorem
2115 4454 2384 4522 recipietis
2417 4451 2745 4507 mercedem.
2775 4449 2890 4505 Non
2928 4458 3106 4504 nostra
3139 4450 3336 4520 quippe
3372 4449 3506 4505 dici-

1914 4563 2032 4601 mus
2056 4563 2070 4611 ;
2109 4547 2229 4616 quia
2275 4547 2449 4600 nullus
2475 4553 2558 4599 est
2587 4545 2739 4599 nobis
2770 4544 2959 4598 doctor
2987 4544 3037 4597 in
3066 4554 3200 4597 terra
3225 4561 3238 4609 ;
3267 4543 3358 4598 sed
3382 4558 3502 4614 qua:

1915 4641 2237 4708 accepimus,
2279 4639 2490 4702 damus,
2541 4646 2597 4692 et
2643 4652 2740 4707 pro
2767 4641 2889 4691 dato
2922 4637 3049 4690 nihil
3075 4652 3106 4690 a
3147 4637 3295 4689 vobis
3326 4637 3506 4706 requi-

1916 4735 2102 4798 rimus,
2154 4731 2252 4784 uisi
2305 4740 2362 4782 ut
2404 4729 2743 4784 redamemur
2790 4739 3017 4782 tantum.
3063 4727 3213 4796 Quod
3255 4729 3297 4782 si
3341 4729 3500 4783 etiam

1916 4840 2099 4878 amore
2139 4823 2336 4892 indigni
2387 4835 2573 4876 sumus
2600 4862 2615 4885 ,
2657 4819 2741 4874 vel
2789 4818 2912 4874 hinc
2957 4819 3062 4873 cito
3091 4820 3290 4874 erimus
3334 4817 3502 4886 digiti,

1916 4916 2055 4986 quod
2104 4929 2198 4968 vos
2241 4929 2366 4968 vere
2412 4926 2676 4966 amemus.
2719 4909 3163 4980 Quandoquidem
3193 4909 3498 4965 mandatum

1919 5008 2072 5062 nobis
2115 5015 2215 5070 est,
2262 5021 2367 5058 non
2397 5003 2572 5058 solum
2593 5017 2688 5056 eos
2712 5001 2802 5072 qui
2837 5016 2935 5054 nos
2959 5011 3139 5054 amant
3164 5016 3364 5064 amare,
3407 4998 3504 5054 sed

1919 5101 2080 5153 etiam
2122 5096 2366 5151 inimicos
2417 5093 2660 5164 diligere.
2712 5092 2938 5160 Quisita
2988 5092 3254 5155 immanis,
3288 5092 3406 5161 quis
3432 5091 3504 5146 ita

1923 5189 2086 5250 ferus,
2118 5187 2210 5257 qui
2239 5185 2324 5240 tali
2353 5195 2569 5254 accepta
2602 5183 2717 5253 lege
2741 5225 2757 5250 ,
2785 5184 2944 5237 etiam
2975 5188 3055 5237 sui
3083 5193 3326 5236 amantes
3359 5196 3514 5237 aver-

1920 5289 2070 5334 setur
2119 5287 2172 5333 et
2198 5278 2320 5332 odio
2363 5276 2577 5340 haheat,
2611 5275 2820 5330 etiamsi
2848 5274 2992 5329 mille
3016 5274 3084 5328 sit
3108 5273 3248 5327 vitiis
3274 5273 3462 5343 plenus
3489 5278 3510 5333 ρ

1920 5372 2115 5426 Mensa:
2141 5369 2431 5439 Spiritualis
2456 5374 2734 5421 consortes
2755 5364 2953 5419 fuimus
2987 5382 3000 5416 :
3028 5363 3318 5433 spiritualis
3339 5363 3500 5417 etiam

1923 5463 2157 5520 Caritatis
2179 5469 2458 5516 consortes
2490 5460 2678 5512 simus.
2706 5457 2835 5511 Nam
2866 5457 2910 5512 si
2942 5455 3194 5519 latrones,
3226 5456 3315 5524 qui
3347 5455 3505 5510 simul

1925 5563 2231 5614 vescuntur,
2264 5550 2430 5605 muris
2457 5550 2537 5604 sui
2571 5559 2755 5602 mutuo
2784 5547 3192 5611 obliviscuntur,
3220 5560 3377 5616 quam
3412 5559 3502 5602 nos

1925 5649 2322 5702 excusationem
2373 5641 2706 5704 habebimus,
2739 5640 2824 5708 qui
2857 5636 3107 5692 dominici
3137 5637 3378 5705 corporis
3411 5650 3506 5690 su-

1926 5753 2042 5792 mus
2069 5743 2367 5798 consortes,
2414 5746 2513 5786 nec
2537 5731 2750 5784 illorum
2777 5727 3234 5784 mansuetudinem
3268 5737 3504 5781 mutuam

1929 5830 2231 5886 imitamur?
2273 5825 2431 5897 Atqui
2458 5824 2638 5881 multis
2664 5838 2770 5879 non
2797 5837 2997 5880 mensa:
3021 5830 3244 5888 tantum,
3271 5820 3362 5876 sed
3392 5815 3515 5872 civi-
