4074 6358
619 348 723 403 587

619 473 747 528 tatis
775 470 934 526 etiam
962 461 1190 522 societas
1220 463 1351 518 satis
1389 463 1484 517 fuit
1509 460 1574 515 ad
1601 459 1889 514 amicitiam
1915 475 1929 510 :
1962 472 2060 512 nos
2086 470 2212 510 vero

617 565 708 636 qui
734 562 981 620 eamdem
1006 561 1262 613 habemus
1287 556 1575 620 civitatem,
1610 553 1854 619 domum,
1894 551 2056 616 viam,
2086 565 2212 621 por-

620 670 750 724 tam,
801 654 1057 716 radicem,
1101 652 1284 712 vitam,
1333 649 1468 703 idem
1515 655 1697 716 caput,
1736 644 1984 700 eumdem
2029 651 2212 713 pasto-

618 764 755 810 rem,
807 761 1017 816 regem,
1069 742 1376 804 doctorem,
1418 738 1692 808 judicem,
1739 743 2075 798 creatorem,
2115 747 2212 803 pa-

621 849 781 904 trem,
819 836 1102 902 omniaque
1139 831 1462 894 communia,
1495 843 1599 900 qua
1625 828 1825 882 erimus
1857 826 2010 882 venia
2043 825 2211 894 digni,

618 934 664 986 si
692 931 919 985 invicem
946 925 1338 982 dissideaums?
1371 923 1565 976 Verum
1594 921 1744 990 signa
1789 917 2050 989 quaeritis,
2093 931 2214 986 qua:

619 1025 694 1079 illi
735 1021 960 1092 ingressi
1005 1018 1289 1083 faciebant,
1335 1016 1576 1083 leprosos
1623 1010 1970 1075 mundabant,
2015 1007 2218 1061 dmmo-

620 1130 716 1168 nas
745 1111 1048 1182 ejiciebaut,
1102 1116 1342 1162 mortuos
1366 1102 1731 1158 suscitabant?
1775 1099 1882 1155 Sed
1907 1109 1962 1153 et
1989 1098 2088 1152 hoc
2119 1113 2217 1152 no-

620 1205 834 1260 bilitatis
855 1213 1046 1259 vestra:
1070 1202 1358 1254 maximum
1388 1197 1642 1251 indicium
1671 1202 1772 1257 est,
1799 1193 2103 1261 amorisque
2127 1206 2219 1242 ve-

621 1297 740 1361 stri,
781 1277 922 1366 quod
972 1295 1088 1348 sine
1135 1290 1442 1361 pignoribus
1478 1285 1783 1357 bujusmodi
1815 1269 1923 1339 Deo
1962 1281 2213 1338 credatis.

623 1388 698 1442 Ea
727 1388 867 1441 enim
898 1385 967 1439 de
995 1398 1152 1439 causa
1199 1380 1428 1436 cessavit
1455 1379 1595 1433 Deus
1620 1377 1770 1447 signa
1795 1375 1954 1431 edere
1973 1415 1986 1439 ,
2031 1373 2218 1426 aliam-

622 1496 728 1552 que
757 1492 976 1534 causam
1007 1475 1240 1546 profero.
1276 1472 1408 1528 Nam
1443 1471 1510 1540 si,
1537 1469 1869 1525 cessantibus
1896 1467 2084 1539 signis,
2129 1463 2219 1534 qui

622 1571 743 1626 aliis
792 1568 1005 1624 dotibus
1040 1574 1163 1621 sunt
1204 1564 1472 1628 instructi,
1526 1569 1583 1615 ut
1627 1560 1774 1614 verbi
1821 1557 2101 1630 sapientia,
2133 1557 2219 1612 vel

626 1664 836 1732 pietatis
870 1659 1199 1730 praestantia,
1231 1671 1380 1710 vanae
1408 1655 1593 1724 gloriae
1625 1661 1750 1708 sunt
1774 1651 1965 1715 dediti,
1995 1665 2114 1705 sese
2143 1649 2222 1704 ef-

629 1755 826 1818 ferunt,
873 1764 1100 1820 seseque
1145 1748 1212 1800 ab
1259 1747 1378 1800 aliis
1420 1745 1706 1816 sejungunt
1744 1761 1758 1798 :
1803 1743 1848 1796 si
1877 1741 2037 1797 etiam
2069 1741 2220 1810 signa

626 1847 896 1906 adessent,
940 1856 1046 1911 quo
1075 1855 1179 1895 non
1207 1845 1560 1908 erumperent
1587 1831 1914 1889 schismata?
1950 1831 2101 1898 Quod
2129 1847 2224 1884 au-

631 1945 734 1990 tem
782 1935 896 1987 hzuc
938 1947 1042 1986 non
1091 1947 1155 1987 ex
1208 1928 1515 1998 conjectura
1546 1926 1814 1988 dicantur,
1871 1923 2222 1977 testilicantur

625 2026 909 2089 Corinthii,
955 2027 1042 2096 qui
1095 2023 1218 2078 inde
1261 2022 1458 2076 multas
1502 2021 1554 2074 in
1601 2028 1785 2088 partes
1811 2016 2051 2069 distracti
2096 2023 2222 2069 sunt

629 2121 706 2188 (1.
735 2117 853 2173 Cor.
890 2118 964 2186 l).
1019 2113 1097 2168 Ne
1136 2115 1285 2184 signa
1311 2126 1540 2182 quaeras,
1583 2109 1677 2164 sed
1717 2108 1910 2160 animze
1937 2105 2221 2161 incolumi-

632 2221 818 2265 tatem.
864 2208 943 2264 Ne
984 2221 1195 2278 quaeras
1223 2216 1492 2260 mortuum
1521 2203 1836 2258 suscitatum
1864 2199 2067 2262 videre,
2099 2212 2223 2252 cum

626 2303 877 2358 didiceris
905 2310 1070 2356 totum
1107 2299 1292 2354 orbem
1325 2305 1751 2352 resurrecturum
1781 2307 1923 2348 esse.
1970 2291 2047 2346 Ne
2073 2305 2223 2360 qua:-

627 2410 717 2450 ras
759 2409 959 2448 carcum
1001 2401 1247 2448 sanatum
1284 2389 1504 2454 videre;
1554 2387 1648 2442 sed
1679 2385 1801 2440 vide
1825 2398 1969 2439 nunc
1997 2396 2221 2448 omnes,

628 2485 849 2541 meliore
897 2493 955 2540 et
1003 2482 1214 2538 utiliore
1259 2481 1450 2536 intuitu
1514 2479 1863 2550 respicientes
1912 2495 1926 2532 :
1981 2490 2044 2529 ac
2077 2474 2225 2529 disce

629 2585 992 2646 temperanter
1037 2573 1348 2644 reSpicere,
1413 2579 1470 2625 et
1518 2570 1734 2624 oculum
1786 2578 1933 2622 tuum
1991 2565 2219 2634 corrige.

631 2667 764 2723 Nam
819 2667 863 2721 si
905 2667 1144 2721 omnium
1194 2673 1434 2719 nostrum
1489 2663 1594 2716 vita
1650 2661 1766 2715 talis
1802 2668 1965 2725 esset,
2011 2657 2223 2728 qualem

633 2774 755 2814 esse
785 2766 1080 2828 oporteret,
1109 2756 1335 2825 gentiles
1383 2755 1503 2825 plus
1551 2767 1647 2808 nos
1689 2753 2032 2815 mirarentur,
2064 2763 2222 2819 quam

634 2850 681 2904 si
709 2849 965 2904 miracula
995 2859 1348 2919 patraremus.
1397 2846 1557 2915 Signa
1587 2843 1783 2914 quippe
1809 2841 1988 2912 Specie
2017 2849 2222 2895 tantum

632 2944 756 2998 talia
809 2957 928 2999 esse
976 2951 1247 3011 putantur,
1295 2953 1468 3008 neque
1516 2946 1643 2998 sunt
1672 2950 1894 3005 aprava
1920 2933 2225 3003 suspicione

635 3037 823 3102 libera,
889 3035 1096 3089 etiamsi
1140 3033 1288 3104 signa
1336 3040 1517 3086 nostra
1562 3045 1668 3084 non
1717 3027 2024 3098 hujusmodi
2069 3028 2221 3083 sint:

634 3129 740 3184 vita
778 3136 955 3183 autem
997 3141 1129 3198 pura
1161 3125 1254 3180 tali
1283 3123 1574 3195 suspicioni
1602 3123 1833 3179 obnoxia
1861 3137 1980 3178 esse
2007 3123 2223 3192 nequit;

634 3223 725 3278 scd
768 3220 975 3275 virtutis
1004 3218 1269 3292 possessio
1300 3217 1538 3271 omnium
1567 3215 1794 3271 obstruit
1825 3231 1939 3270 ora.

701 3316 756 3369 8.
794 3313 1009 3368 Virtutis
1036 3310 1346 3381 prteslanlia.
1373 3339 1445 3348 ——
1471 3307 1666 3363 Virtuti
1698 3322 1827 3378 ergo
1856 3305 2168 3364 studeamus
2197 3323 2213 3362 :

638 3407 820 3461 multa:
847 3404 1043 3475 quippe
1069 3411 1194 3456 sunt
1219 3401 1360 3456 illius
1388 3400 1608 3463 divitiae,
1641 3414 1958 3468 magnaeque
1987 3399 2226 3454 admira-

637 3497 764 3551 tinni
815 3496 1095 3550 habentur.
1126 3493 1216 3548 Illa
1249 3507 1432 3547 veram
1473 3491 1674 3561 praebet
1705 3491 2034 3558 libertatem,
2069 3491 2140 3546 ita
2171 3501 2230 3546 ut

639 3588 801 3644 etiam
833 3587 888 3639 iu
918 3587 1175 3641 servitute
1199 3583 1506 3654 spectaculo
1534 3584 1604 3637 sit
1633 3601 1646 3637 :
1677 3597 1785 3638 non
1813 3582 1953 3652 quod
1992 3598 2022 3637 a
2054 3583 2226 3638 servi-

641 3690 752 3736 tute
780 3680 988 3746 liberet,
1020 3678 1115 3734 sed
1142 3678 1284 3748 quod
1315 3692 1504 3732 servos
1535 3677 1721 3731 reddat
1753 3676 1934 3732 liberis
1967 3685 2226 3746 praestan-

639 3777 823 3839 tiores,
855 3772 906 3827 id
937 3771 1079 3841 quod
1109 3771 1357 3827 libertate
1385 3771 1552 3824 mtdto
1574 3769 1747 3840 majus
1775 3780 1859 3824 est
1892 3786 1908 3823 :
1941 3785 2230 3841 pauperem

639 3880 744 3922 non
792 3862 970 3917 reddit
1008 3861 1251 3926 divitem,
1287 3861 1382 3916 sed
1424 3861 1526 3915 etsi
1567 3876 1768 3929 pauper
1814 3870 2045 3924 maneat,
2079 3861 2226 3915 illum

638 3955 802 4013 divite
828 3952 954 4008 facit
981 3952 1391 4022 opulentiorem.
1418 3951 1569 4019 Quod
1611 3952 1653 4004 si
1686 3951 1819 4005 velis
1849 3953 1999 4022 signa
2029 3951 2227 4019 facere,

641 4065 672 4104 a
692 4044 920 4113 peccatis
946 4053 998 4099 te
1022 4042 1234 4113 expedi,
1262 4051 1317 4098 et
1334 4049 1502 4096 totmn
1527 4040 1816 4110 perfecisti.
1845 4042 1977 4097 Nam
2007 4059 2231 4114 magnus

637 4136 849 4192 daemon
893 4145 978 4193 est
1013 4143 1324 4206 peccatum,
1357 4133 1594 4199 dilecte;
1625 4141 1680 4188 et
1722 4133 1766 4187 si
1807 4133 1936 4188 illud
1979 4134 2227 4203 ejeceris,

1349 346 1406 400 S.
1447 342 1727 400 JOANNIS
1761 336 2242 398 CIIRYSOSTOMI
2271 335 2588 394 ARCHIEP.
2626 331 3159 393 CONSTANTINOP.
3766 333 3853 391 3S8

2317 453 2490 522 majus
2531 451 2803 523 quidpiam
2850 450 3064 516 fecisti,
3103 461 3265 518 quam
3308 445 3397 517 qui
3448 445 3586 502 mille
3620 446 3856 504 daemonas

2316 543 2599 612 expulerit.
2633 541 2770 596 Audi
2804 539 3023 595 Paulum
3055 539 3322 592 dicentem
3343 577 3358 600 ,
3384 544 3436 591 et
3458 537 3694 590 virtutem
3719 539 3858 592 mira-

2315 635 2450 688 culis
2470 642 2881 704 anteponentem
2913 649 2926 686 :
2957 628 3302 684 zEmulamini
3325 636 3520 694 autem,
3554 629 3736 698 inquit,
3758 630 3859 683 cha-

2314 727 2525 780 rismata
2553 726 2842 796 spiritualia
2871 739 2890 777 :
2915 733 2963 777 et
2989 723 3157 775 adhuc
3185 719 3581 775 excellentiorem
3605 721 3725 774 viam
3746 721 3860 775 vobis

2316 818 2523 872 ostendo
2555 816 2630 887 (1.
2656 816 2774 870 Cor.
2808 813 2894 868 19..
2924 811 3016 884 51)
3044 831 3058 876 ;
3087 821 3142 869 et
3179 811 3316 864 hanc
3343 812 3478 863 viam
3513 821 3685 879 postea
3723 825 3860 880 expo-

2317 922 2484 970 nens,
2533 923 2639 961 non
2689 914 2930 959 mortuos
2980 903 3266 959 suscitatos
3321 901 3467 967 dicit,
3510 917 3609 955 non
3656 901 3862 970 leprnsos

2317 997 2636 1060 mundatos,
2668 1011 2772 1050 non
2809 993 2954 1049 aliud
2997 993 3171 1047 simile
3199 990 3507 1062 quidpiam;
3549 991 3639 1045 sed
3676 996 3763 1061 pro
3796 992 3863 1046 bis

2318 1091 2566 1145 omnibus
2592 1089 2869 1143 caritatem
2900 1087 3095 1156 posuit.
3121 1084 3260 1140 Audi
3286 1099 3494 1154 quoque
3521 1082 3770 1138 Christum
3793 1084 3864 1139 (Ii-

2321 1191 2531 1236 cenlem
2563 1199 2577 1235 :
2609 1179 2786 1235 Nolite
2811 1179 2992 1242 lwtari,
3029 1177 3269 1248 quoniam
3296 1175 3542 1230 daemonia
3567 1175 3694 1228 vobis
3725 1175 3864 1246 subji-

2320 1275 2546 1338 ciuntur,
2587 1271 2677 1326 sed
2704 1271 2824 1340 quia
2863 1269 3068 1324 nomina
3097 1277 3262 1322 vestra
3297 1267 3485 1335 scripta
3523 1274 3633 1320 sunt
3672 1265 3720 1319 in
3754 1267 3866 1321 caelis

2323 1363 2476 1437 (an.
2511 1363 2596 1418 10.
2626 1361 2740 1434 20).
2770 1363 2837 1417 Ει
2859 1369 3013 1416 antea
3038 1359 3247 1415 dixerat
3275 1374 3289 1410 τ
3321 1357 3475 1410 Multi
3505 1357 3661 1410 dicent
3686 1358 3796 1410 mihi
3822 1359 3865 1410 in

2321 1456 2402 1510 aie
2426 1455 2518 1508 illa
2548 1470 2567 1508 :
2594 1453 2782 1508 Nonne
2803 1455 2856 1507 in
2884 1451 3086 1505 nomine
3124 1460 3210 1504 tuo
3258 1448 3686 1519 praphetavimus,
3715 1457 3755 1502 et
3777 1448 3868 1502 da:-

2321 1548 2491 1600 monia
2528 1545 2824 1616 ejecimus‘,
2851 1544 3123 1597 etvirtutes
3167 1541 3353 1594 multas
3399 1538 3641 1610 fecimus?
3669 1538 3731 1593 Et
3772 1547 3869 1592 tunc

2322 1640 2596 1707 conﬁtebor
2621 1638 2728 1704 eis,
2767 1635 2954 1690 Nescio
3002 1650 3089 1689 vos
3136 1631 3368 1703 (Matth.
3419 1633 3468 1684 7.
3517 1630 3603 1684 2‘2.
3648 1630 3761 1701 23).
3802 1631 3868 1684 Ad

2322 1747 2536 1787 crucem
2560 1731 2719 1785 etiam
2745 1730 2918 1784 iturus
2940 1770 2956 1795 ,
2985 1726 3189 1782 vocatis
3219 1723 3495 1794 discipulis
3521 1722 3650 1777 dixit
3675 1740 3686 1775 :
3712 1721 3771 1776 In
3793 1722 3870 1776 hoc

2322 1830 2622 1893 cognoscent
2643 1837 2813 1875 omnes
2835 1820 2954 1890 quia
2969 1819 3066 1872 mei
3083 1816 3321 1885 discipuli
3341 1816 3480 1881 estis,
3509 1829 3612 1869 non
3637 1814 3676 1869 si
3705 1814 3871 1868 daemo-

2325 1917 2411 1969 nia
2463 1913 2711 1984 ejiciatis,
2751 1911 2846 1967 sed
2887 1911 2949 1966 Si
2975 1910 3291 1963 dilectionem
3317 1906 3588 1960 habueritis
3610 1905 3674 1958 ad
3697 1907 3871 1960 inuicem

2326 2003 2504 2077 (Joan.
2529 2005 2616 2058 I3.
2639 2001 2753 2074 '55).
2780 2003 2858 2056 Ac
2883 2015 3094 2074 rursum
3130 2017 3144 2052 :
3176 1996 3243 2051 In
3272 1998 3366 2051 hoc
3397 2006 3683 2067 cognoscent
3709 2011 3870 2062 omnes,

2323 2096 2442 2167 quia
2479 2105 2534 2148 tu
2573 2111 2653 2147 me
2691 2093 2905 2156 misisti;
2945 2107 3052 2145 non
3083 2091 3126 2145 si
3159 2097 3400 2143 mortuos
3431 2087 3483 2140 hi
3512 2086 3871 2148 suscitaveriut,

2325 2186 2419 2240 sed
2447 2184 2508 2240 Si
2537 2201 2694 2239 unum
2720 2183 2910 2254 fuerint
2935 2180 3116 2252 (Joan.
3143 2181 3232 2234 17.
3258 2179 3374 2251 (ξε).
3418 2178 3547 2233 Nam
3587 2193 3718 2248 saepe
3751 2177 3874 2246 signa

2325 2277 2551 2332 alterum
2586 2273 2800 2345 quidem
2826 2275 3086 2342 juvaruut
3114 2287 3128 2324 :
3157 2270 3206 2326 ei
3251 2285 3380 2324 vero
3420 2268 3510 2339 qui
3552 2269 3745 2338 signum
3777 2267 3876 2322 fecit

2327 2379 2647 2434 nocuerunt,
2669 2365 2797 2420 dum
2825 2365 2876 2419 in
2901 2372 3167 2418 tumorem
3189 2362 3511 2430 inanemque
3527 2359 3730 2430 gloriam
3756 2357 3873 2411 illum

2326 2459 2674 2529 conjecerunt
2696 2497 2712 2523 ,
2759 2456 2844 2510 vel
2881 2454 2986 2508 alio
3027 2454 3188 2508 modo
3233 2452 3493 2505 laeserunt
3524 2468 3537 2503 :
3571 2450 3620 2503 in
3657 2447 3874 2519 operibus

2327 2568 2455 2608 vero
2495 2551 2625 2606 nihil
2665 2549 2770 2603 tale
2818 2547 3078 2617 suspicari
3133 2546 3276 2610 licet,
3320 2544 3418 2598 sed
3463 2550 3518 2598 et
3555 2556 3662 2606 eos,
3691 2540 3770 2610 qui
3806 2540 3874 2593 illa

2326 2653 2611 2708 exercent,
2657 2651 2710 2696 et
2749 2641 2881 2696 alios
2928 2640 3125 2694 multos
3168 2638 3381 2708 juvant.
3425 2636 3548 2691 Hinc
3579 2635 3742 2704 itaque
3774 2648 3870 2688 eum

2328 2749 2518 2805 magna
2566 2732 2843 2802 diligentia
2887 2731 3131 2787 edamus.
3173 2728 3305 2784 Nam
3350 2727 3398 2782 si
3441 2742 3506 2782 ex
3535 2725 3876 2780 inhumanitate

2328 2827 2395 2881 ad
2425 2827 2824 2897 elcemosynam
2851 2823 3079 2879 dandam
3107 2831 3158 2876 te
3184 2821 3538 2883 converteris,
3565 2833 3760 2874 manum
3778 2826 3878 2870 ante

2329 2917 2532 2972 aridam
2560 2916 2869 2971 extendisti.
2895 2914 2952 2970 Si
2984 2931 3012 2967 a
3044 2915 3255 2968 theatro
3271 2912 3540 2968 absistens
3564 2912 3614 2965 in
3635 2908 3875 2965 ecclesiam

2331 3009 2614 3064 intraveris
2636 3050 2651 3074 ,
2676 3007 3063 3062 claudicantem
3092 3004 3280 3074 pedem
3307 3002 3606 3058 restituisti.
3629 3002 3682 3057 Si
3704 3010 3879 3056 avertas

2331 3102 2516 3156 oculos
2556 3111 2674 3155 tuos
2720 3114 2751 3153 a
2798 3098 3082 3154 meretrice
3118 3107 3173 3151 et
3215 3113 3245 3148 a
3293 3095 3681 3166 pulchritudine
3717 3095 3877 3159 aliena,

2331 3192 2452 3246 illos
2486 3201 2642 3245 antea
2679 3205 2854 3246 caecos
2892 3189 3166 3259 aperuisti.
3199 3187 3254 3243 Si
3301 3203 3400 3258 pro
3426 3187 3670 3241 satanieis
3697 3185 3884 3240 canticis

2332 3283 2569 3355 psalmos
2599 3281 2870 3353 spiritales
2893 3279 3166 3343 didiceris,
3191 3293 3313 3333 cum
3342 3289 3529 3332 mutus
3555 3287 3672 3332 ante
3698 3275 3878 3336 fuisses,

2333 3376 2582 3446 loquutus
2613 3389 2692 3429 es.
2737 3373 2861 3428 Hmc
2889 3373 3119 3426 maxima
3163 3371 3425 3426 miracula
3453 3379 3606 3434 sunt;
3635 3369 3740 3424 hac
3762 3367 3882 3436 signa

2334 3469 2549 3523 eximia.
2591 3466 2647 3522 Si
2695 3465 2811 3520 haec
2839 3467 2987 3535 signa
3031 3464 3255 3519 edentes
3283 3457 3882 3535 perseveremus,magni

2335 3571 2390 3614 et
2432 3557 2728 3613 admirandi
2774 3572 2866 3626 per
2909 3556 3025 3610 haec
3054 3557 3288 3618 erimus,
3324 3555 3602 3624 malosque
3629 3565 3796 3606 omnes
3831 3546 3884 3602 ad

2336 3650 2585 3703 virtutem
2611 3647 2967 3713 attrahemus,
2985 3661 3048 3700 ac
3076 3645 3248 3700 futura
3267 3645 3439 3715 gloria
3467 3643 3730 3699 fruemur:
3756 3655 3884 3711 quam

2336 3742 2538 3796 utinam
2588 3754 2687 3794 nos
2725 3752 2912 3794 omnes
2956 3751 3370 3807 consequamur,
3419 3737 3587 3807 gratia
3626 3745 3678 3790 et
3714 3729 3885 3788 miseri-

2336 3832 2522 3888 cordia
2549 3831 2762 3886 Domini
2795 3831 2962 3885 nostri
2991 3829 3120 3885 Jesu
3156 3829 3354 3885 Christi
3376 3871 3392 3894 ,
3423 3829 3513 3884 cui
3540 3827 3700 3898 gloria
3728 3835 3777 3881 et
3804 3824 3885 3879 im-

2338 3925 2568 3994 perium,
2599 3923 2650 3977 in
2680 3920 2887 3976 infinita
2908 3921 3102 3976 smcula
3132 3920 3477 3976 saeculorum.
3507 3921 3692 3973 Amen.

2404 4083 2422 4116 ί
2461 4083 2533 4131 sic
2551 4079 2875 4141 Manuscripti.
2894 4076 3036 4128 savii.
3059 4084 3223 4126 autem
3247 4083 3299 4141 et
3320 4074 3514 4141 March,
3538 4081 3653 4124 Ecce
3669 4071 3716 4122 in
3735 4065 3887 4119 nomine

2350 4151 2431 4195 tuo
2451 4141 2693 4194 daemonia
2709 4137 2956 4204 ejecimus,
2981 4142 3172 4189 omissis
3193 4137 3503 4202 quibusdam.

649 4251 3882 4287 Μ

1718 4341 2065 4404 HOMILIA
2110 4344 2417 4406 XXXIII.
2463 4344 2550 4406 al.
2595 4342 2898 4404 XXXIV.

648 4494 777 4552 Cap.
808 4491 895 4548 10.
926 4505 980 4544 v.
1009 4488 1097 4544 16.
1125 4487 1256 4543 Ecce
1284 4503 1374 4559 ego
1403 4487 1545 4541 mitto
1570 4502 1657 4541 vos
1698 4487 1827 4541 sicut
1853 4503 1966 4543 oves
1993 4489 2048 4542 in
2071 4489 2236 4543 medio

721 4584 979 4652 luporum.
1023 4579 1196 4635 Estote
1233 4597 1351 4650 ergo
1385 4577 1660 4650 prudentes
1701 4579 1833 4634 sicut
1874 4590 2159 4650 serpentes,
2190 4590 2238 4636 et

719 4672 970 4742 simplices
995 4673 1122 4726 sicut
1147 4669 1411 4724 columbae.

721 4766 775 4820 1.
807 4764 1096 4833 Postquam
1122 4761 1243 4817 illos
1272 4777 1338 4817 eo
1368 4761 1663 4816 deduxerat
1683 4801 1699 4824 ,
1732 4769 1791 4816 ut
1814 4761 1884 4817 de
1916 4764 2236 4818 necessariis

653 4857 719 4913 ad
740 4856 936 4911 victum
963 4854 1063 4908 sibi
1091 4852 1494 4924 suppeditandis
1520 4852 1894 4919 conﬁderent,
1922 4861 1978 4908 et
2001 4853 2238 4907 omnium

650 4951 842 5008 domos
880 4948 1010 5020 ipsis
1035 4956 1345 5018 aperuerat,
1387 4946 1930 5016 honestissimamque
1969 4948 2240 5016 ingressus

652 5042 877 5098 formam
901 5039 1144 5103 dederat,
1171 5053 1278 5092 non
1302 5047 1357 5092 ut
1381 5052 1604 5093 errones
1631 5047 1686 5092 et
1709 5037 1985 5092 mendicos
2011 5053 2132 5094 esse
2155 5039 2244 5108 ju-

654 5136 823 5201 bens,
861 5131 954 5188 sed
999 5139 1056 5184 ut
1090 5144 1149 5184 se
1193 5128 1606 5198 suscipientibus
1649 5127 1805 5198 longe
1846 5129 2244 5198 praestantiores

654 5225 784 5294 (hoc
802 5223 944 5279 enim
975 5220 1428 5292 significavitcum
1448 5219 1584 5273 dixit
1610 5237 1623 5273 :
1651 5217 1851 5290 Dignus
1875 5227 1949 5273 est
1978 5219 2246 5289 operarius

656 5313 882 5369 mercede
907 5327 1032 5375 sua;
1058 5318 1113 5365 et
1148 5324 1270 5365 cum
1299 5309 1553 5378 przecepit
1575 5308 1878 5378 explorare,
1905 5309 2026 5378 quis
2053 5307 2247 5380 dignus

656 5415 839 5472 esset,
881 5403 1060 5472 ibique
1102 5415 1359 5460 manere,
1399 5407 1561 5470 atque
1605 5399 1932 5468 excipientes
1981 5400 2236 5462 salutare,

658 5509 886 5565 cumque
919 5508 1025 5547 non
1061 5489 1477 5560 suscipientibus
1506 5487 1854 5544 intolerabilia
1895 5489 2249 5544 comminatus

661 5596 806 5643 esset
841 5582 1014 5654 mala)
1045 5600 1059 5636 :
1091 5590 1368 5652 postquam
1413 5581 1571 5652 igitur
1597 5579 1675 5635 sic
1707 5595 1924 5634 omnem
1957 5594 2141 5634 curam
2181 5581 2250 5635 ab

654 5679 794 5748 ipsis
833 5675 1085 5744 ejeccrat,
1121 5687 1186 5727 ac
1210 5673 1484 5742 signorum
1524 5671 1831 5741 spectaculo
1857 5670 2163 5737 munierat,
2196 5680 2252 5726 et

663 5769 814 5842 quasi
845 5768 1050 5822 ferreos
1071 5763 1544 5836 adamantinosque
1559 5761 1883 5846 reddiderat,
1907 5761 2254 5820 saecularibus

2341 4487 2592 4542 omnibus
2621 4487 2929 4554 superiores
2951 4525 2966 4550 ,
2991 4493 3046 4539 et
3071 4483 3138 4538 ab
3177 4481 3323 4537 omni
3366 4491 3707 4549 temporauea
3729 4471 3891 4531 sollici-

2350 4577 2539 4632 tudine
2589 4576 2886 4630 liberatos:
2920 4574 3136 4630 demum
3164 4574 3254 4628 illa
3305 4573 3551 4642 praedicit
3595 4570 3755 4633 mala,
3799 4578 3891 4633 qua

2345 4669 2492 4738 ipsos
2532 4669 2776 4722 invasura
2809 4678 3006 4722 erant:
3043 4682 3148 4721 non
3184 4667 3355 4720 solum
3403 4681 3468 4721 ea
3511 4679 3628 4734 qua:
3655 4662 3889 4732 paulopost

2345 4759 2547 4824 futura,
2599 4758 2692 4813 sed
2747 4758 2908 4812 etiam
2961 4773 3022 4813 ea
3073 4772 3193 4827 qua:
3245 4765 3366 4826 post
3413 4756 3638 4810 multum
3681 4747 3894 4818 temporis

2347 4860 2503 4906 erant
2529 4859 2786 4905 eventura
2809 4888 2822 4912 ,
2859 4849 2950 4903 diu
2980 4858 3106 4903 ante
3145 4848 3264 4902 illos
3303 4846 3368 4902 ad
3408 4847 3605 4901 bellum
3635 4849 3894 4913 prmparans

2347 4950 2534 4995 contra
2557 4940 2823 4995 diabolum
2851 4939 3274 5009 suscipiendum.
3305 4938 3466 4992 Multa
3494 4936 3633 4992 enim
3659 4934 3769 4987 hinc
3785 4929 3896 4984 bona

2350 5030 2702 5100 emergebant
2742 5045 2756 5083 ε
2805 5029 2998 5097 primo,
3050 5029 3193 5098 quod
3246 5027 3413 5099 ipsius
3453 5022 3782 5096 praescientia:
3813 5015 3896 5068 vim

2351 5129 2703 5191 agnoscerent
2734 5136 2750 5185 ;
2792 5119 3061 5186 secundo,
3093 5119 3238 5190 quod
3270 5134 3427 5174 nemo
3457 5115 3705 5188 suspicari
3733 5117 3897 5182 possel.

2353 5212 2471 5268 hate
2495 5213 2632 5266 mala
2665 5211 2734 5265 ob
2760 5211 2997 5266 doctoris
3024 5211 3445 5266 imbecillitatem
3472 5207 3717 5270 evenire;
3748 5199 3894 5260 Ierlio.

2357 5322 2426 5361 ne
2470 5306 2504 5359 ii
2545 5306 2636 5375 qui
2675 5304 2790 5358 haec
2841 5304 3046 5372 passuri
3073 5312 3256 5368 erant,
3290 5301 3721 5373 percellerentur,
3745 5292 3785 5349 si
3811 5290 3900 5342 lure

2359 5397 2721 5466 inexspectata
2743 5404 2798 5450 et
2819 5404 3014 5464 prazter
3051 5409 3202 5464 Spem
3230 5393 3590 5456 accidissent;
3629 5394 3826 5460 quarto.
3849 5392 3902 5433 ne

2364 5490 2478 5543 hinc
2497 5487 2675 5544 crucis
2692 5497 2935 5556 tempore
2959 5486 3240 5542 audientes
3269 5485 3645 5548 turbarentur;
3675 5492 3782 5534 nam
3803 5480 3902 5527 tunc

2363 5579 2555 5634 turbati
2585 5586 2730 5644 sunt,
2757 5593 2877 5632 cum
2899 5578 3230 5647 exprobrans
3252 5576 3381 5646 ipsis
3407 5575 3646 5631 diceret:
3672 5567 3791 5638 Quia
3812 5565 3896 5616 Ιυει

2365 5672 2604 5742 loquutus
2644 5687 2758 5726 sum
2800 5669 2971 5735 vobis,
3000 5670 3208 5724 tristitia
3236 5668 3463 5740 impleuit
3502 5683 3590 5722 cor
3612 5658 3902 5742 oestrth

2363 5736 2509 5818 nemo
2532 5778 2594 5818 ea:
2612 5762 2748 5818 vobis
2767 5761 3047 5831 interrogat
3071 5775 3170 5829 me,
3193 5736 3465 5828 Qno'vadis
3483 5755 3656 5825 (Joan.
3681 5748 3756 5805 l6.
3777 5740 3820 5796 6.
3841 5736 3902 5806 5}?
