4074 6358
459 387 563 440 589

457 503 517 556 ού
556 500 843 572 προϐάτων
869 497 1181 569 ἡμερότητα
1219 496 1377 566 μόνον
1413 495 1556 564 ἔχειν
1591 490 1822 555 κελεύει,
1867 490 2002 545 ἀλλά
2042 491 2136 544 καὶ

456 591 554 661 τῆς
589 587 922 660 περιστερᾶς
964 585 1025 638 τὸ
1071 584 1349 654 ἀκέραιον.
1411 581 1568 634 Οὕτω
1611 580 1721 652 γὰρ
1756 579 1994 650 μάλιστα
2034 577 2134 648 τὴν

457 676 595 746 ἐμὴν
628 673 930 743 ἐνδείξομαι
966 673 1139 744 ίσχὺν,
1169 672 1299 724 ὅταν
1331 669 1584 742 πρόϐατα
1616 668 1795 721 λύκων
1840 665 2132 746 περιγένη-

455 781 568 828 ται,
591 764 686 817 κα¹ι
711 765 768 816 ἐν
799 762 949 832 μέσῳ
981 761 1090 813 τῶν
1111 759 1289 812 λύκων
1306 759 1456 823 ὄντα,
1477 757 1570 810 καὶ
1599 755 1768 828 μυρία
1787 743 2134 826 λαμϐάνοντα

456 853 730 924 δήγματα,
785 851 859 921 μὴ
905 849 1062 919 μόνον
1114 847 1188 918 μὴ
1235 848 1283 881 ’⁸
1329 845 1813 914 καταναλίσκηται,
1857 842 1996 896 ἀλλά
2040 843 2136 894 καὶ

458 945 698 1006 ἐκείνους
726 941 1067 1012 μεταϐάλλῃ·
1108 939 1137 992 ὃ
1173 937 1350 1008 πολλῴ
1389 934 1833 1006 θαυμαστότερόν
1875 936 1992 986 ἐστι
2038 933 2134 986 καὶ¹

462 1033 645 1102 μεῖζον
674 1029 765 1083 τοῦ
799 1027 1030 1092 ἀνελεῖν,
1061 1026 1123 1079 τὸ
1155 1025 1465 1097 μεταθεῖναι
1493 1023 1591 1096 τὴν
1624 1022 1872 1092 γνώμην,
1908 1023 2003 1074 καὶ
2039 1039 2134 1092 με-

456 1119 825 1193 ταῤῥυθμίσαι
853 1117 951 1189 τήν
996 1117 1266 1170 διάνοιαν·
1305 1115 1400 1167 καὶ
1433 1111 1604 1166 ταῦτα
1654 1111 1862 1166 δώδεκα
1900 1111 2052 1174 ὄντες
2086 1112 2133 1143 ⁸³

461 1211 640 1279 μόνον,
681 1208 778 1278 τῆς
802 1205 1126 1276 οἰκουμένης
1150 1203 1260 1256 τῶν
1279 1201 1456 1254 λύκων
1483 1199 1967 1270 ἐμπεπλησμένης.

528 1295 920 1367 Αἰσχυνώμεθα
935 1293 1112 1348 τοίνυν
1136 1292 1186 1343 οί
1213 1289 1466 1344 τάναντία
1495 1287 1793 1350 ποιοῦντες,
1817 1289 1864 1340 οί
1885 1289 1960 1351 ὡς
1979 1286 2135 1343 λύκοι

455 1390 568 1450 τοῖς
603 1385 814 1454 ἐχθροῖς
854 1379 1236 1450 ἐπιτιθέμενοι.
1272 1379 1416 1440 Ἕως
1439 1377 1549 1446 γὰρ
1575 1375 1640 1430 ἂν
1672 1369 1822 1444 ῶμεν
1862 1375 2130 1446 πρόϐατα,

459 1473 727 1544 νικῶμεν·
773 1470 876 1524 κᾶν
921 1468 1102 1539 μυρίοι
1139 1464 1648 1536 περιστοιχίσωνται
1696 1463 1872 1523 λύκοι,
1923 1479 2136 1532 περιγι-

457 1560 659 1631 νόμεθα
703 1560 796 1612 καὶ
825 1556 1166 1629 κρατοῦμεν·
1210 1554 1275 1608 ἂν
1323 1553 1379 1606 δὲ
1413 1551 1699 1623 γενώμεθα
1737 1550 1912 1611 λύκοι,
1961 1550 2136 1622 ἡττώ-

463 1647 600 1718 μεθα
622 1663 636 1676 ·
674 1645 964 1714 ἀφίσταται
991 1642 1101 1712 γὰρ
1123 1640 1280 1710 ήμῶν
1309 1640 1342 1710 ή
1371 1636 1465 1692 τοῦ
1499 1639 1754 1708 ποιμένος
1783 1637 2022 1709 βοήθεια.
2054 1635 2131 1692 Οὑ

457 1735 567 1805 γὰρ
593 1733 809 1794 λύκους,
851 1730 984 1783 ἀλλά
1029 1728 1278 1799 πρόϐατα
1313 1725 1613 1797 ποιμαίνει,
1667 1725 1762 1778 καὶ
1794 1726 1809 1756 ¹
1864 1724 2133 1795 καταλιμ-

460 1823 620 1876 πάνει
669 1837 729 1872 σε
772 1819 867 1872 καὶ
906 1818 1222 1887 ἀναχωρεῖ·
1279 1814 1400 1867 ούδέ
1450 1813 1559 1884 γὰρ
1616 1815 1916 1884 συγχωρεῖς
1965 1812 2130 1866 αὑτοῦ

458 1911 734 1982 δειχθῆναι
781 1910 880 1980 τὴν
924 1908 1174 1976 δύναμιν.
1217 1906 1315 1957 “Av
1356 1904 1452 1974 μὲν
1503 1904 1612 1973 γὰρ
1669 1903 1894 1974 πάσχων
1947 1901 2132 1966 κακῶς

454 1999 770 2070 ἡμερότητα
805 1995 1062 2065 ἐπιδείξῃ,
1098 1991 1248 2062 αύτῷ
1276 1990 1547 2059 λογίζεται
1579 1990 1722 2043 ἅπαν
1745 1991 1806 2042 τὺ
1834 1989 2094 2060 τρόπαιον
2116 2004 2130 2020 ⁸

457 2088 524 2143 ἂν
552 2087 608 2141 δὲ
632 2071 853 2157 ἐπεξίῃς
877 2084 974 2138 καὶ
1000 2081 1297 2155 πυκτεύῃς,
1334 2080 1672 2142 ἐπισκιάζεις
1701 2081 1766 2149 τῇ
1803 2079 1948 2152 νίκῃ.
1981 2080 2053 2130 Συ
2075 2079 2132 2132 δέ

458 2193 550 2249 ιοοι
583 2175 774 2228 σκόπει
823 2173 968 2236 τίνες
1016 2171 1154 2224 εἰσιν
1193 2172 1243 2223 οἱ
1291 2169 1399 2221 τῶν
1449 2169 1886 2239 προσταγμάτων
1927 2166 2132 2220 τούτων

454 2265 744 2326 ἀκούοντες
785 2260 894 2314 τῶν
937 2257 1188 2329 σκληρῶν
1215 2257 1312 2310 καὶ
1364 2255 1670 2308 ἐπιπόνων·
1726 2256 1775 2307 oi
1819 2253 1983 2307 δειλοὶ
2035 2255 2131 2307 καὶ

458 2351 694 2405 ἰδιῶται·
743 2351 792 2402 οἱ
841 2347 1198 2419 ἀγράμματοι
1244 2345 1337 2397 καὶ
1383 2343 1615 2413 ἀμαθεῖς
1642 2359 1656 2374 ·
1702 2343 1750 2394 οἱ
1795 2341 2060 2394 πάντοθεν
2110 2343 2130 2372 ⁸

453 2441 688 2510 ἄσημοι·
729 2437 779 2490 οἱ
813 2434 1082 2506 μηδέποτε
1121 2435 1233 2496 τοῖς
1278 2430 1477 2494 ἔξωθεν
1521 2428 1878 2499 ἐντραφέντες
1907 2429 2126 2499 νόμοις·

453 2529 502 2581 οἱ
523 2529 598 2598 μή
619 2523 827 2595 ταχέως
852 2523 931 2585 είς
951 2518 1155 2589 ἀγορὰς
1179 2515 1536 2588 ἐμϐάλλοντες
1564 2513 1792 2577 ἑαυτούς
1811 2531 1824 2542 ο
1859 2516 1907 2568 οἱ
1937 2514 2127 2577 ἀλιεῖς,

447 2619 504 2670 οἱ
536 2614 783 2678 τελῶναι,
814 2613 863 2665 οἱ
903 2609 1110 2682 μυρίων
1138 2607 1400 2676 γέμοντες
1423 2604 1837 2674 ἐλαττωμάτων.
1863 2603 1924 2655 Εἰ
1954 2602 2010 2655 δὲ
2034 2605 2130 2655 καὶ

446 2705 578 2768 ’τοὺς
607 2701 845 2773 ὑψηλούς
873 2699 968 2752 καὶ
1002 2695 1271 2767 μεγάλους
1307 2693 1466 2746 ἱκανά
1511 2690 1683 2744 ταῦτα
1710 2689 2005 2761 θορυϐῆσαι
2036 2685 2125 2760 ἦν,

454 2792 579 2854 τοὺς
603 2787 864 2842 πάντοθεν
887 2786 1147 2854 ἀπείρους
1169 2781 1264 2835 καὶ
1279 2781 1430 2834 οὐδὲν
1451 2779 1704 2833 οὐδέποτε
1728 2779 2129 2847 φαντασθέντας

447 2880 697 2948 γενναῖον
731 2876 844 2938 πῶς
875 2874 975 2926 ούκ
1020 2868 1088 2942 ἦν
1133 2869 1295 2923 ίκανά
1326 2861 1658 2922 καταϐαλεῖν
1691 2869 1784 2919 καὶ
1823 2866 2124 2937 ἐκπλῆξαι;

453 2965 602 3018 ”Αλλ’
630 2963 690 3016 ού
721 2959 1006 3014 κατέϐαλε.
1042 2959 1148 3011 Καὶ
1176 2955 1320 3027 μάλα
1355 2955 1598 3018 εἰκότως,
1639 2953 1767 3017 ἴσως
1799 2953 1819 2984 ³
1860 2954 2002 3006 εἴποι
2045 2971 2126 3017 τις

449 3054 517 3108 ἂν
537 3068 554 3085 ο
581 3051 747 3106 ἔδωκε
770 3049 878 3120 γὰρ
915 3048 1102 3110 αὐτοῖς
1136 3044 1384 3112 ἐξουσίαν
1414 3043 1648 3113 λεπροὺς
1678 3041 1984 3113 καθαίρειν,
2011 3041 2126 3094 δαί-

445 3156 621 3211 μονας
669 3135 932 3190 ἐλαύνειν.
990 3131 1131 3202 Ἐγὼ
1164 3133 1221 3185 δέ
1255 3133 1431 3185 ἐκεῖνο
1475 3129 1542 3183 ἂν
1575 3129 1807 3199 εἴποιμι,
1859 3130 1942 3183 ὅτι
1993 3129 2124 3183 αὐτὸ

453 3226 553 3297 μὲν
603 3221 694 3278 οὖν
747 3222 906 3276 τοῦτο
947 3221 1178 3291 μάλιστα
1231 3219 1428 3281 αύτούς
1469 3217 1649 3270 ἱκανὸν
1699 3213 1764 3289 ἦν
1801 3215 2119 3287 θορυϐῆσαι,

441 3315 532 3368 ὅτι
560 3314 582 3345 ⁸
605 3315 694 3368 καὶ
725 3312 950 3382 νεκροὺς
976 3310 1276 3378 ἐγείροντες
1298 3307 1366 3360 τὰ
1393 3307 1667 3376 ἀνήκεστα
1701 3304 1876 3357 ταῦτα
1901 3303 2124 3374 ἔμελ).ον

451 3403 765 3470 ὑπομένειν,
809 3401 901 3454 καὶ
938 3399 1286 3468 δικαστήρια,
1326 3397 1421 3448 καὶ
1476 3392 1800 3460 ἀπαγωγὰς,
1858 3392 1952 3444 καὶ
1997 3394 2123 3456 τοὺς

450 3490 602 3560 παρά
623 3489 838 3542 πάντων
873 3487 1162 3556 πολέμους,
1205 3484 1300 3536 καὶ
1341 3483 1402 3536 τὸ
1447 3479 1624 3533 κοινὸν
1661 3481 1760 3548 τῆς
1800 3481 2122 3549 οἰκουμένης

451 3582 627 3646 μῖσος,
657 3577 748 3629 καὶ
773 3574 996 3628 τοιαῦτα
1023 3575 1218 3634 αὐτοὺς
1244 3567 1790 3641 θαυματουργοῦντας
1831 3567 2122 3636 ἀναμένειν

440 3666 616 3719 δεινά.
654 3664 750 3726 Τίς
774 3658 865 3716 οὖν
898 3664 931 3733 ή
961 3662 1162 3714 τούτων
1215 3660 1431 3713 πάντων
1479 3657 1864 3728 παράκλησις;
1921 3656 1986 3708 Ἦ
2027 3655 2120 3708 τοῦ

449 3753 756 3822 πέμποντος
783 3749 1032 3820 δύναμις.
1066 3748 1156 3800 Διὸ
1182 3749 1274 3800 καὶ
1305 3745 1460 3798 τοῦτο
1495 3745 1600 3815 πρὸ
1633 3744 1848 3796 πάντων
1882 3742 2118 3807 τέθεικε,

447 3832 653 3907 λέγων·
697 3836 850 3892 Ἰδοὺ
879 3836 992 3905 ἐγὼ
1025 3833 1381 3889 ἀποστέλλω
1415 3829 1588 3900 ὑμᾶς.
1642 3832 1827 3900 Ἀρκεῖ
1859 3828 2016 3882 τοῦτο
2041 3833 2122 3893 εἰς

449 3925 802 3998 παραμυθίαν
858 3925 1014 3995 ὑμῖν·
1072 3923 1232 3990 ἀρκεῖ
1275 3919 1434 3973 τοῦτο
1481 3921 1559 3981 εἰς
1598 3918 1660 3970 τὸ
1716 3918 1971 3990 θαρρεῖν,
2027 3918 2121 3971 καὶ

451 4015 654 4087 μηδένα
683 4016 704 4046 ⁸
740 4013 1035 4068 δεδοικέναι
1056 4010 1164 4063 τῶν
1192 4009 1475 4062 ἐπιόντων.

521 4101 586 4172 β’.
627 4098 779 4165 Εἶδες
822 4098 1142 4164 αὑθεντίαν;
1191 4091 1334 4160 εἶδες
1385 4095 1672 4160 ἐξουσίανς
1713 4091 1852 4158 εἶδες
1889 4094 2120 4164 δύναμιν

435 4191 694 4262 -ἄμαχονς
735 4189 803 4244 ’Ὀ
833 4190 890 4243 δὲ
919 4188 1088 4255 λέγει,
1139 4186 1378 4240 τοιοῦτόν
1429 4187 1545 4238 ἐστι
1568 4200 1584 4216 ·
1633 4185 1723 4254 Μή
1758 4184 2116 4256 θορυϐηθῆτε,

447 4284 633 4350 φησιν,
659 4281 740 4332 ὅτι
763 4276 966 4347 μεταξὺ
991 4275 1169 4328 λύκων
1211 4275 1464 4344 πέμπων,
1515 4272 1590 4337 ὡς
1632 4274 1878 4344 πρόϐατα
1915 4274 2012 4328 καὶ
2043 4274 2118 4339 ὡς

446 4367 774 4439 περιστεράς
811 4361 949 4418 εἶναι
985 4364 1212 4417 κελεύω.
1259 4363 1564 4433 Ἦδυνάμην
1608 4362 1704 4433 μὲν
1741 4362 1850 4434 γὰρ
1898 4366 2119 4434 ποιῆσαι

445 4453 774 4516 τούναντίον,
804 4453 898 4507 καὶ
917 4451 1084 4522 μηδὲν
1113 4449 1261 4523 [579]
1297 4450 1442 4520 ὑμᾶς
1469 4451 1683 4518 ἀφεῖναι
1712 4450 1882 4504 δεινὸν
1915 4451 2120 4521 ὑπομέ-

447 4558 578 4600 νειν,
615 4539 748 4610 μηδέ
763 4540 839 4603 ὡς
860 4539 1107 4610 πρόϐατα
1137 4537 1466 4606 ύποτεθῆναι
1492 4537 1697 4600 λύκοις,
1720 4537 1857 4590 άλλά
1887 4537 2118 4590 λεόντων

447 4625 784 4698 ἐργάσασθαι
815 4626 1251 4697 φοϐερωτέρους·
1299 4624 1414 4679 ἀλλ’
1452 4623 1594 4678 οὕτω
1641 4625 1910 4696 συμφέρει
1962 4625 2117 4693 γενέ-

447 4714 591 4770 σθαι.
611 4714 781 4767 Τοῦτο
801 4715 895 4767 καὶ
924 4714 1066 4784 ὑμᾶς
1097 4712 1509 4784 λαμπροτέρους
1534 4715 1678 4765 ποιεῖ
1697 4727 1711 4740 ⁸
1735 4713 1890 4766 τοῦτο
1910 4713 2000 4766 καὶ
2017 4713 2117 4784 τὴν

446 4803 583 4874 ἐμὴν
632 4802 997 4872 ἀνακηρύττει
1059 4801 1303 4869 δύναμιν.
1357 4800 1528 4854 Τοῦτο
1580 4802 1674 4853 καὶ
1716 4801 1853 4871 πρὸς
1905 4801 2116 4855 Παῦλον

445 4891 628 4959 ἔλεγεν
649 4906 663 4919 ·
704 4888 892 4958 Ἀρκεῖ
921 4903 1020 4941 σοι
1053 4887 1090 4953 ἡ
1125 4885 1295 4957 χάρις
1315 4905 1433 4956 μου
1454 4905 1466 4917 ·
1499 4888 1538 4955 ἡ
1575 4887 1684 4956 γὰρ
1719 4887 1972 4957 δύναμίς
1995 4906 2114 4955 μου

443 4979 514 5030 ἑν
559 4976 842 5041 ἀσθενείᾳ
895 4975 1244 5028 τελειοῦται.
1323 4973 1464 5043 Ἐγὼ
1517 4975 1695 5027 τοίνυν
1758 4973 1930 5037 οὕτως
1970 4976 2115 5046 ὑμᾶς

446 5065 676 5135 ἐποίησα
707 5062 868 5118 εἶναι.
901 5064 1073 5115 Ὅταν
1103 5065 1210 5133 γὰρ
1234 5062 1385 5134 εἴπῃ,
1427 5063 1569 5132 Ἐγὼ
1588 5064 1940 5117 ἀποστέλλω
1960 5063 2115 5133 ὑμᾶς

442 5155 524 5220 ὡς
545 5155 826 5222 πρόϐατα,
854 5150 1010 5206 τοῦτο
1041 5151 1335 5205 αἰνίττεται
1355 5169 1368 5182 ·
1399 5151 1490 5222 Μὴ
1515 5151 1694 5204 τοίνυν
1725 5152 2071 5223 καταπέσητε
2095 5171 2110 5186 ·

441 5239 558 5296 οἶδα
589 5241 716 5312 γάρ,
745 5237 863 5294 οἶδα
887 5229 1093 5309 σαφῶς,
1122 5240 1202 5292 ὅτι
1234 5239 1405 5310 ταύτῃ
1433 5239 1666 5308 μάλιστα
1692 5240 1856 5292 πᾶσιν
1886 5241 2114 5312 ἀχείρω-

439 5349 524 5386 τοι
561 5330 770 5384 ἐσεσθε.
804 5325 958 5391 Εἶτα,
1013 5329 1101 5382 ἵνα
1136 5346 1189 5381 τι
1223 5329 1316 5380 καὶ
1356 5328 1486 5398 παρ’
1533 5327 1741 5380 ἐαυτῶν
1791 5329 2108 5399 εἰσφέρωσι,

441 5422 532 5474 καὶ
566 5419 639 5490 μὴ
681 5417 858 5471 πάντα
904 5418 1001 5486 τῆς
1033 5416 1255 5487 χάριτος
1303 5411 1440 5468 εἶναι
1488 5415 1636 5485 δοκῇ,
1689 5414 1822 5485 μηδὲ
1869 5418 1988 5488 είκῆ
2019 5419 2114 5470 καὶ

445 5511 619 5580 μάτην
657 5503 1047 5577 στεφανοῦσθαι
1093 5504 1441 5572 νομίζωνται,
1487 5505 1656 5575 φησί·
1709 5505 1965 5558 Γίνεσθε
1999 5501 2113 5560 οὖν

1291 379 1346 432 S.
1388 376 1675 432 JOANMS
1713 372 2205 429 CIIIWSOSTOII
2243 372 2564 430 ARCIIILP.
2597 371 3146 442 CONSTANTINOP.
3784 385 3875 441 ξ’,θο

2236 490 2508 558 φρόνιμοι
2540 491 2620 554 ὡς
2649 493 2703 545 οἱ
2737 491 2924 560 ὄφεις,
2954 491 3053 544 καὶ
3081 489 3341 559 ἀκέραιοι
3367 493 3444 560 ὡς
3463 498 3522 549 αἱ
3546 512 3872 573 περιστεμιι.

2237 577 2347 628 Καὶ
2378 576 2429 629 τί
2457 577 2656 630 δύναιτ’
2687 578 2751 633 ἂν
2782 581 2814 648 ή
2851 578 3095 650 ἡμετέρα
3118 579 3395 649 φρόνησις,
3430 584 3610 653 φησὶν,
3631 589 3685 640 ἐν
3714 597 3874 648 τοσού-

2233 680 2349 728 τοις
2383 663 2684 733 κινδύνοις;
2723 665 2836 729 πῶς
2851 665 2905 718 δέ
2935 667 3071 729 ὅλως
3095 667 3434 737 δυνησόμεθα
3464 673 3713 744 φρόνησιν
3732 679 3874 749 ἐχειν,

2236 753 2341 808 ὑπὸ
2377 755 2646 808 τοσούτων
2691 755 3170 826 περιαντλούμενοι
3211 757 3500 826 κυμάτωνς
3551 762 3704 816 Ὅσον
3857 774 3875 804 ⁶

2236 841 2304 894 ἂν
2345 841 2571 913 γένηται
2612 842 2872 913 φρόνιμον
2919 843 3187 914 πρόϐατον
3239 845 3440 913 μεταξὺ
3487 846 3659 902 λύκων
3694 853 3766 913 δν,
3796 859 3876 911 καὶ

2234 928 2414 982 λύκων
2453 929 2740 996 τοσούτων,
2773 930 2826 983 τί
2863 931 3150 998 δυνήσεται
3178 931 3338 984 πλέον
3385 933 3578 988 ἀνύσαι
3605 953 3618 1001 ;
3641 939 3754 992 ὅσον
3780 945 3794 972 ⁷
3819 945 3875 998 ἂν

2236 1017 2461 1088 γένηται
2491 1019 2748 1090 ἀκέραιος
2790 1020 2823 1089 ή
2853 1020 3174 1090 περιστερὰ,
3219 1020 3274 1072 τί
3307 1019 3599 1093 ὠφελήσει,
3636 1030 3876 1084 τοσούτων

2234 1107 2596 1175 ἐπικειμένων
2623 1106 2890 1177 ίεράκων;
2935 1106 3054 1159 Ἐπὶ
3090 1108 3187 1176 μὲν
3219 1109 3243 1138 ⁸
3287 1109 3395 1161 τῶν
3435 1111 3661 1178 ἀλόγων,
3709 1117 3873 1169 ούδέν·

2235 1193 2328 1246 ἐπὶ
2352 1193 2408 1246 δὲ
2435 1193 2608 1263 ὑμῶν,
2644 1193 2712 1246 τά
2740 1194 2991 1264 μέγιστα.
3037 1195 3176 1247 Ἀλλ’
3224 1195 3422 1267 ἴδωμεν
3458 1200 3614 1251 ποίαν
3646 1205 3877 1275 φρόνησιν

2233 1280 2465 1334 ἐνταῦθα
2501 1283 2739 1336 ἀπαιτεῖ.
2793 1283 2903 1350 Τὴν
2942 1283 3033 1336 τοῦ
3065 1284 3261 1354 ὖφεως,
3304 1287 3458 1356 φησί.
3511 1289 3760 1363 Καθάπερ
3785 1295 3877 1364 γὰρ

2234 1372 2442 1432 ἐκεῖνος
2487 1371 2554 1424 τὰ
2607 1373 2782 1424 πάντα
2819 1372 3085 1442 προΐεται,
3147 1373 3249 1426 κᾶν
3298 1374 3432 1426 αὐτὸ
3489 1375 3581 1446 δέῃ
3628 1379 3686 1430 τὸ
3737 1380 3877 1451 σῶμα

2236 1458 2640 1527 ἀποτμηθῆναι,
2699 1459 2760 1511 ού
2813 1459 3015 1530 σφόδρα
3054 1461 3337 1531 ἀντέχεται
3385 1462 3574 1526 αὐτοῦ,
3621 1464 3752 1520 ὥστε
3791 1470 3876 1539 τὴν

2235 1546 2475 1616 κεφαλὴν
2525 1546 2884 1616 διατηρῆσαι·
2943 1546 3085 1600 οῦτω
3129 1548 3226 1601 καὶ⁹
3277 1549 3365 1611 σὺ,
3424 1549 3578 1619 φησὶ,
3633 1553 3760 1624 πλὴν
3794 1557 3874 1623 τῆς

2236 1634 2470 1696 πίστεως
2508 1633 2682 1686 πάντα
2730 1634 2958 1699 ἐκδίδου,
3007 1635 3112 1688 κᾶν
3158 1637 3436 1706 χρήματα,
3479 1637 3579 1690 κᾶν
3617 1640 3675 1692 τὸ
3717 1642 3872 1712 σῶμα.

2237 1721 2339 1774 κᾶν
2395 1721 2563 1792 αὐτὴν
2613 1722 2712 1793 τὴν
2749 1722 2925 1792 ψυχὴν
2964 1721 3212 1776 ἐκδοῦναι
3267 1723 3383 1796 δέῃ.
3427 1725 3666 1780 Ἐκεῖνο⁹
3706 1729 3802 1800 γάρ
3846 1733 3874 1799 ή

2236 1808 2444 1880 κεφαλὴ
2473 1811 2568 1863 καὶ
2594 1812 2626 1882 ή
2658 1811 2780 1882 ῥίζα
2805 1829 2819 1844 ·
2850 1811 3109 1881 κάκείνης
3129 1810 3579 1884 διατηρουμένης,
3608 1815 3701 1868 κᾶν
3723 1818 3875 1870 πάντα

2236 1898 2526 1970 ἀπολέσῃς,
2572 1899 2786 1952 ἅπαντα
2827 1899 3106 1970 ἀνακτήσῃ
3150 1899 3489 1970 πάλιν-μετά
3532 1902 3762 1965 πλείονος
3790 1905 3874 1972 τῆς

2237 1987 2614 2056 περιφανείας.
2651 1987 2750 2040 Διά
2778 1987 2840 2056 δὴ
2873 1986 3031 2040 τοῦτο
3059 1985 3182 2039 οὔτε
3214 1987 3418 2040 ἁπλοῦν
3469 2006 3590 2042 τινα
3633 1985 3761 2042 εἶναι
3795 1994 3875 2044 καὶ

2235 2073 2406 2144 ἀφελῆ
2436 2073 2803 2145 προσέταξεν,
2827 2072 2950 2126 οὔτε
2981 2074 3242 2144 φρόνιμον
3285 2075 3467 2143 μόνον,
3519 2076 3632 2129 ἀλλ’
3671 2079 3872 2148 ἐκέρασε

2232 2162 2404 2215 ταῦτα
2437 2163 2742 2233 ἀμφότερα,
2777 2161 2918 2214 ῶστε
2950 2162 3201 2229 γενέσθαι
3231 2163 3368 2216 αύτά
3397 2165 3598 2236 ἀρετήν
3621 2184 3632 2197 ·
3675 2167 3762 2235 τὴν
3791 2167 3872 2235 μὲν

2233 2249 2493 2320 φρόνησιν
2525 2249 2618 2302 τοῦ
2649 2249 2825 2318 ὄφεως
2857 2251 2936 2312 εἰς
2977 2249 3037 2302 τὸ
3079 2250 3152 2321 μὴ
3185 2250 3518 2322 πλήττεσθαι
3559 2257 3614 2306 ἐν
3641 2258 3744 2316 τοῖς
3773 2273 3872 2308 και-

2233 2340 2370 2408 ρίοις
2404 2337 2763 2407 παραλαϐών·
2817 2337 2875 2389 τὸ
2915 2337 2971 2390 δὲ
3017 2337 3272 2408 ἀκέραιον
3299 2338 3398 2410 τῆς
3431 2344 3764 2411 περιστερᾶς,
3805 2345 3869 2404 είς

2230 2428 2291 2480 τὸ
2326 2426 2402 2498 μὴ
2431 2427 2732 2496 ἀμύνεσθαι
2764 2427 2805 2458 ¹⁰
2839 2427 2966 2488 τοὺς
2994 2425 3334 2488 ἀδικοῦντας.
3381 2428 3520 2498 μηδέ
3549 2430 3870 2499 τιμωρεῖσθαι

2230 2515 2354 2579 τοὺς
2381 2514 2826 2577 ἐπιϐουλεύοντας
2849 2531 2863 2545 ·
2901 2514 3022 2566 ἐπεὶ
3050 2513 3210 2566 πάλιν
3235 2514 3388 2568 οὐδὲν
3429 2515 3617 2584 ὄφελος
3637 2517 3727 2585 τῆς
3755 2533 3866 2586 φρο-

2229 2603 2456 2673 νήσεως,
2490 2603 2555 2655 ἂν
2591 2602 2663 2674 μὴ
2695 2601 2852 2655 τοῦτο
2882 2604 3078 2672 προσῇ.
3115 2603 3180 2655 Τί
3211 2603 3391 2655 τοίνυν
3431 2603 3634 2657 τούτων
3675 2604 3872 2658 εὐτονώ-

2229 2710 2384 2764 τερον
2427 2693 2620 2762 γένοιτ’
2653 2692 2719 2746 ἂν
2758 2692 2865 2745 τῶν
2913 2693 3340 2763 ἐπιταγμάτων;
3394 2694 3469 2747 Οὐ
3507 2695 3614 2766 γάρ
3639 2695 3782 2765 ἤρκει
3820 2695 3871 2746 τὸ

2230 2781 2422 2834 παθεῖν
2456 2780 2677 2845 κακῶς;
2721 2780 2875 2851 Οὐχὶ.
2905 2780 3100 2850 φησίν·
3137 2781 3253 2835 ἀλλ’
3297 2782 3420 2835 ούδέ
3461 2783 3766 2852 ἀγανακτεῖν
3801 2799 3870 2836 σοι

2231 2869 2518 2940 συγχωρῶ.
2555 2869 2726 2922 Τοῦτο
2749 2869 2856 2939 γάρ
2879 2869 3022 2922 ἐστιν
3046 2870 3079 2938 ἡ
3106 2869 3425 2940 περιστερά.
3461 2869 3666 2941 Ὠσπερ
3686 2869 3744 2923 ἂν
3767 2872 3810 2922 εἰ
3832 2870 3866 2901 ¹¹

2227 2977 2310 3023 τις
2335 2961 2576 3030 κάλαμον
2609 2962 2686 3024 είς
2717 2959 2827 3032 πῦρ
2857 2960 3127 3031 ἐμϐαλὼν,
3158 2961 3370 3015 κελεύοι
3415 2961 3491 3034 μή
3521 2963 3754 3016 καίεσθαι
3782 2961 3870 3015 ὑπὸ

2230 3050 2323 3102 τού
2351 3051 2540 3122 πυρὸς,
2569 3050 2704 3104 ἀλλά
2727 3051 3007 3104 σϐεννύναι
3057 3051 3115 3104 τὸ
3155 3051 3283 3122 πῦρ.
3343 3051 3507 3106 Ἀλλά
3545 3054 3616 3124 μή
3657 3053 3867 3123 θορυϐώο

2235 3138 2406 3207 μεθα·
2468 3140 2562 3191 καὶ
2608 3139 2716 3208 γὰρ
2755 3140 2796 3170 ¹²
2829 3137 2988 3209 ἐξέϐη
3036 3137 3230 3203 ταῦτα,
3271 3141 3367 3193 καὶ
3397 3141 3550 3204 τέλος
3600 3140 3763 3202 ἔλαϐε,
3792 3139 3870 3192 καὶ

2232 3226 2317 3278 ἐπ’
2343 3225 2520 3278 αὐτῶν
2551 3225 2762 3296 ἐδείχθη
2795 3226 2902 3279 τῶν
2930 3225 3127 3297 ἔργων,
3179 3229 3276 3280 καὶ
3318 3229 3576 3300 φρόνιμοι
3616 3229 3868 3298 γεγόνασιν

2229 3311 2303 3374 ῶς
2327 3313 2376 3363 οί
2412 3311 2584 3379 ὄφεις,
2621 3312 2715 3364 καὶ
2734 3311 2982 3382 ἀκέραιοι
3020 3311 3094 3375 ὡς
3123 3313 3177 3365 αἱ
3219 3315 3581 3384 περιστεραί·
3610 3315 3701 3366 ούκ
3727 3311 3868 3380 ἄλλης

2229 3401 2378 3464 ὄντες
2413 3400 2644 3470 φύσεως,
2677 3400 2813 3453 ἀλλὰ
2839 3403 2936 3471 τῆς
2966 3403 3134 3471 αὐτῆς
3163 3405 3313 3471 ἡμῖν.
3344 3404 3437 3473 Μὴ
3465 3403 3638 3456 τοίνυν
3667 3403 3868 3456 ἀδύνατα

2228 3489 2493 3559 νομιζέτω
2525 3506 2608 3550 τις
2648 3483 2784 3541 εἴναι
2812 3490 2880 3540 τά
2906 3490 3274 3558 ἐπιτάγματα.
3307 3491 3422 3558 Πρὸ
3452 3492 3559 3561 γάρ
3597 3492 3699 3543 τῶν
3721 3491 3867 3545 ἀλλων

2229 3577 2485 3630 ἀπάντων
2524 3578 2684 3640 αὐτὸς
2727 3572 2833 3630 οἶδε
2873 3579 2971 3647 τὴν
3011 3579 3118 3630 τῶν
3153 3580 3500 3648 πραγμάτων
3531 3581 3708 3649 φύσιν·
3751 3577 3866 3634 οἶδεν

2228 3667 2308 3719 ὅτι
2343 3665 2617 3737 θρασύτης
2648 3667 2707 3719 ού
2740 3665 3039 3738 θρασύτητι
3075 3666 3248 3739 [58Ο],
3289 3668 3409 3722 ἀλλ’
3448 3670 3706 3741 ἐπιεικείᾳ
3737 3670 3860 3721 σϐέν·

2230 3771 2403 3807 νυται.
2455 3755 2518 3806 Et
2555 3755 2611 3806 δὲ
2643 3755 2734 3808 καὶ
2777 3755 2868 3808 ἐπὶ
2899 3754 3008 3807 τῶν
3035 3755 3377 3826 πραγμάτιον
3423 3757 3580 3811 τοῦτο
3621 3756 3864 3827 γινόμενον

2231 3841 2356 3893 ἰδεῖν
2377 3841 2600 3906 ἐθέλοις,
2639 3843 2912 3909 ἀνάγνωθι
2935 3841 3043 3895 τῶν
3078 3843 3338 3914 Πράξεων
3361 3844 3473 3897 τῶν
3502 3845 3792 3897 ἀποστόλων
3814 3842 3865 3895 τὸ

2229 3929 2449 4000 βιϐλίον,
2509 3931 2604 3983 και
2647 3930 2768 3999 δψει
2819 3919 3053 3994 ποσάκις
3102 3931 3196 3985 τοῦ
3239 3932 3413 4003 δήμου
3461 3933 3570 3987 τῶν
3633 3933 3865 3987 Ἰουδαίων

2227 4017 2724 4082 κατεξαναστάντος
2751 4020 2846 4071 καὶ
2883 4019 3008 4082 τοὺς
3047 4019 3267 4082 ὀδόντας
3300 4021 3578 4090 θήγοντος,
3614 4023 3703 4090 τὴν
3735 4037 3864 4091 περι-

2227 4103 2424 4173 στερὰν
2446 4098 2586 4157 οὗτοι
2617 4103 2961 4174 μιμούμενοι,
2993 4105 3086 4158 καὶ
3109 4105 3247 4174 μετὰ
3261 4105 3360 4174 τῆς
3391 4105 3696 4177 πρεπούσης
3718 4107 3861 4158 ἐπιει-

2225 4191 2380 4254 κείας
2436 4191 2877 4260 ἀποκρινόμενοι,
2935 4191 3235 4244 κατέλυσαν
3293 4193 3388 4244 τὸν
3440 4194 3658 4246 ἐκείνων
3696 4191 3858 4261 θυμὸν,

2223 4277 2454 4332 ἔσϐεσαν
2475 4279 2574 4350 τὴν
2609 4278 2824 4349 μανίαν,
2860 4277 3118 4343 ἐξέλυσαν
3166 4278 3265 4350 τὴν
3293 4280 3497 4352 ὁρμήν.
3543 4279 3745 4350 Ἐπειδὴ
3769 4277 3858 4348 γὰρ

2221 4365 2405 4433 ἔλεγον
2428 4383 2441 4396 ·
2475 4369 2557 4420 Οὐ
2587 4367 2956 4435 παραγγελία
2991 4369 3480 4437 παρηγγείλαμεν
3507 4369 3646 4436 ὑμῖν
3665 4366 3742 4436 μὴ
3766 4369 3859 4420 ,ιιι-

2219 4452 2352 4506 λεῖν
2387 4453 2458 4506 ἐν
2491 4451 2572 4518 τῷ
2609 4454 2851 4522 ὀνόματι
2897 4454 3120 4518 τούτῳ;
3165 4451 3341 4507 καίτοι
3405 4455 3573 4526 μυρία
3606 4453 3856 4522 δυνάμενοι

2220 4538 2670 4610 θαυματουργεῖν,
2693 4541 2866 4610 τραχὺ
2900 4539 2998 4610 μὲν
3019 4539 3172 4593 οὐδὲν
3201 4539 3322 4593 οὗτε
3350 4537 3528 4604 εἷπον,
3561 4541 3678 4595 οὔτε
3705 4539 3856 4607 ἐποίηο

2220 4644 2338 4693 σαν,
2376 4627 2511 4698 μετά
2540 4627 2844 4698 πραότητος
2875 4627 2933 4680 δὲ
2981 4629 3161 4699 πάσης
3200 4627 3568 4696 ἀπελογοῦντο
3605 4628 3852 4694 λέγοντες·

2217 4718 2287 4768 El
2306 4715 2542 4768 δίκαιόν
2567 4715 2738 4768 ἐστιν
2764 4713 2932 4783 ὑμῶν
2963 4715 3209 4769 ἀκούειν
3227 4714 3474 4783 μᾶλλον
3501 4715 3538 4783 ἢ
3574 4715 3674 4768 τοῦ
3709 4709 3850 4774 Θεοῦ,

2217 4804 2478 4870 κρίνατε.
2509 4799 2660 4863 Εἶδες
2685 4802 2746 4856 τὸ
2772 4802 3029 4873 ἀκέραιον
3073 4803 3170 4871 τῆς
3202 4805 3564 4874 περιστερᾶς;
3619 4802 3766 4872 βλέπε
3801 4799 3853 4851 τὺ

2217 4891 2480 4960 φρόνιμον
2534 4889 2627 4941 τοῦ
2694 4889 2902 4958 ὄφεως·
2973 4888 3161 4958 Ἡμεῖς
3199 4891 3321 4959 γὰρ
3373 4893 3446 4943 οὐ
3491 4889 3770 4956 δυνάμεθα
3819 4885 3850 4938 ἀ

2215 4979 2462 5046 οἴδαμεν
2475 4977 2518 5008 ¹³
2538 4977 2634 5030 καὶ
2657 4978 3006 5045 ἠκούσαμεν
3025 4977 3110 5046 μὴ
3127 4978 3357 5030 λαλεῖν.
3385 4975 3539 5038 Εἶδες
3551 4977 3662 5038 πῶς
3676 4991 3850 5027 παντα-

2215 5065 2370 5135 χόθεν
2413 5064 2826 5135 ἠκριϐωμένους
2867 5060 3006 5116 εἶναι
3051 5064 3180 5134 χρὴ,
3221 5063 3359 5116 ὥστε
3413 5063 3489 5135 μὴ
3521 5067 3566 5095 ¹¹⁵
3619 5063 3713 5116 ὑπὸ
3755 5078 3848 5112 κιν-

2216 5153 2386 5205 δύνων
2431 5151 2841 5217 ταπεινοῦσθαι,
2899 5151 3032 5222 μηδέ
3077 5151 3182 5203 ὑπὸ
3231 5151 3404 5221 θυμοῦ
3445 5147 3842 5220 παροξύνεσθαι;

2215 5241 2312 5294 Διά
2335 5241 2488 5295 τοῦτο
2522 5240 2618 5294 καὶ
2661 5241 2841 5308 ἔλεγε·
2879 5240 3210 5308 Προσέχετε
3241 5241 3356 5293 ἀπὸ
3387 5240 3506 5294 τῶν
3527 5240 3842 5307 ἀνθρώπων·

2215 5329 2640 5397 παραδώσουσι
2684 5330 2793 5397 γὰρ
2831 5326 2986 5396 ὑμᾶς
3026 5329 3113 5392 εις
3154 5327 3461 5396 συνέδρια,
3506 5327 3599 5380 καὶ
3636 5328 3699 5378 ἐν
3736 5321 3843 5384 ταῖς

2213 5417 2590 5486 συναγωγαῖς
2625 5415 2823 5469 αὐτῶν
2857 5413 3346 5484 μαστιγώσουσιν
3399 5414 3588 5484 ὑμᾶς·
3627 5413 3713 5466 καί
3759 5407 3839 5461 ἐπὶ

2212 5504 2512 5574 ἡγεμόνας
2536 5504 2633 5558 καὶ
2656 5501 2932 5568 βασιλεῖς
2960 5500 3302 5569 ἀχθήσεσθε
3337 5500 3548 5555 ἕνεκεν
3584 5497 3738 5569 ἐμοῦ,
3769 5495 3840 5557 εις

533 5641 554 5672 ⁸
585 5640 657 5708 μή
695 5654 805 5712 onl.
833 5637 896 5712 1},
922 5637 984 5690 F.
1062 5637 1297 5712 "ﬁnd;
1324 5633 1458 5689 Edd.
1536 5637 1672 5712 {ua}
1702 5651 1817 5712 on]1
1838 5634 1898 5689 B.
1929 5635 2018 5712 Ε.Δ
2067 5639 2087 5712 ξ
2119 5658 2124 5671 ι

2228 5635 2401 5712 τόθεν]
2425 5636 2548 5712 add.
2579 5633 2815 5712 ϐυτ-ες-Ὲ.
2895 5637 2915 5668 ³
2948 5637 3099 5712 ἴσως]
3131 5639 3226 5691 καὶ
3259 5634 3474 5712 ἴσως-Ε.
3643 5626 3833 5712 ξτωςΡΡ.

439 5704 717 5773 ί-σωςόἰιι.
755 5707 814 5762 Β.
841 5706 1092 5760 Nostram
1121 5707 1404 5777 lectionum
1445 5707 1603 5777 verljl
1629 5706 1723 5760 Ge.
1772 5704 1903 5777 Mox_
1937 5708 2030 5759 καὶ
2063 5707 2124 5760 δα

2228 5725 2321 5764 νας
2350 5704 2412 5759 Ε..

1127 5779 1145 5807 ⁷
1172 5774 1401 5847 650x118;
1428 5777 1522 5830 ἐάν
1553 5775 1612 5828 Β.
1651 5777 1721 5838 ὡς
1750 5777 1843 5829 ἐάν
1865 5775 1926 5829 F.
1961 5774 2165 5831 Deinclé
2195 5777 2452 5847 ἀκέραιος
2479 5776 2555 5840 ὡς
2585 5779 2618 5847 ἡ
2651 5774 2777 5847 περ.
2811 5777 2876 5828 Α.
2906 5777 2964 5830 Β.

435 5845 504 5921 τά
540 5845 751 5921 μεγάλα
770 5847 906 5900 Edd.
935 5916 947 5921 _
980 5849 1022 5921 ’_
1047 5847 1256 5921 Ἐκείνη
1376 5855 1430 5900 et.
1463 5847 1812 5921 §ic_e4l_._S:_:v.
1874 5848 1933 5921 _f°
1957 5847 2124 5915 ἀμύνσ

2228 5866 2282 5921 u_
2299 5845 2512 5921 Eddaet
2545 5845 2628 5921 pr}
2671 5845 2735 5898 1).
2756 5847 3096 5921 κη’-’Ὠσπερ
3125 5845 3243 5921 ’γὰρ

439 5919 504 5972 ἂν
532 5915 582 5972 εί
613 5919 670 5972 F.
705 5934 756 5985 p.
787 5916 1080 5988 pr._xsla'5u
1109 5920 1170 5969 A.
1215 5915 1600 5988 αξξ-κελεύῃ
1629 5917 1690 5971 C.
1729 5918 1787 5969 υ.
1870 5917 1910 5949 ¹⁹
1953 5924 2060 5988 γάρ
2094 5933 2124 5973 0

2241 5916 2304 5973 Ε.

439 5783 458 5811 ⁸
482 5783 589 5848 γάρ
609 5779 759 5848 rlecsl
783 5779 847 5848 jn
884 5777 1014 5830 Edd.

439 5991 486 6021 ιδ
520 5991 665 6064 μὴ...
699 5985 858 6053 μηδέι
888 5991 1092 6053 μήτεηο
1130 5988 1264 6056 μήτε
1287 5985 1344 6040 Ρο
1377 5985 1474 6056 ΕΡ-

2525 5709 2546 5738 δ
2576 5706 2679 5778 ὅτιΙ
2715 5697 2851 5759 ⁷ὅταν
2890 5697 3107 5765 ροιίὶεὲἓ
3154 5717 3344 5776 printer
3368 5697 3439 5764 Ε.
3515 5710 3536 5738 ⁵
3565 5703 3718 5773 μηδέν
3753 5697 3833 5766 Ep.

2530 5794 2555 5812 ρ
2585 5779 2618 5812 ᾇ
2651 5793 2756 5812 men
2818 5777 2848 5812 Δ
2907 5777 2944 5812 Π
3067 5781 3088 5812 8
3126 5776 3247 5812 ηέυῖ
3277 5777 3374 5812 (ιε-ΙΙΙ
3437 5775 3544 5812 vr'rn
3573 5774 3672 5812 ΙιῖιΙμΙ
3717 5786 3759 5812 n-
3790 5783 3832 5812 Ιὶ.

3124 5775 3247 5850 μέν]
3277 5777 3396 5828 add.
3437 5775 3544 5846 γάρ
3570 5775 3692 5826 Ειιιί.
3717 5786 3760 5838 p.
3785 5783 3832 5852 ρ.

3135 5850 3243 5909 γάρ
3284 5847 3330 5898 εί
3368 5845 3436 5900 Α.
3478 5843 3834 5909 Καθάπεργαρ

2417 5919 2458 5948 ¹³
2500 5908 2709 5987 εἴδομεν
2756 5916 2817 5971 ιτ.
2858 5917 3022 5974 Paulo
3055 5908 3179 5975 iml'c
3211 5908 3374 5987 βλέπε
3417 5915 3510 5970 καὶ
3547 5912 3605 5966 τό
3641 5908 3827 5967 [πέδω.
