4074 6358
296 390 401 446 339

294 512 543 559 Attamen
578 504 645 559 de
687 518 748 559 se
784 504 912 560 nihil
958 507 1131 562 adhuc
1166 510 1333 575 dicit,
1364 526 1554 582 nempe
1584 516 1725 583 quod
1760 517 1872 571 vin-

292 596 516 653 ciendus
539 606 711 664 esset,
741 597 1087 668 ﬂagellandus
1113 642 1125 662 .
1158 602 1482 659 occidendus
1503 644 1519 668 ,
1563 622 1630 661 ne
1670 606 1747 661 sic
1781 624 1874 663 eo-

290 708 411 744 rum
438 690 773 759 perturbaret
797 693 1023 755 animos,
1052 692 1144 747 scd
1175 695 1382 749 interim
1406 712 1524 767 quae
1554 700 1683 767 ipsis
1709 716 1873 757 even-

294 792 408 835 tura
443 783 553 836 sint
592 783 931 851 praenuntiat.
966 784 1163 838 Deinde
1191 796 1248 839 ut
1278 788 1505 851 discant,
1535 805 1724 843 novam
1756 806 1877 847 esse

290 872 427 925 hanc
455 873 682 928 bellandi
708 874 900 945 legem,
926 883 978 929 et
1006 876 1298 930 inauditum
1327 879 1458 932 aciei
1488 880 1723 939 modum.
1751 898 1875 938 cum

289 966 464 1019 nudos
492 966 697 1032 mittat,
728 982 829 1021 una
859 966 1073 1022 indutos
1101 970 1276 1025 tunica
1301 1010 1316 1034 ,
1352 970 1469 1025 sine
1499 973 1693 1028 calceis
1713 1015 1728 1039 ,
1760 974 1877 1029 sine

291 1061 455 1127 virga,
502 1060 619 1114 sine
658 1061 871 1129 cingulo
901 1060 981 1116 vel
1014 1075 1168 1129 pera,
1203 1077 1334 1132 quos
1367 1063 1434 1117 ali
1460 1064 1609 1134 jubet
1635 1066 1702 1118 ab
1734 1069 1875 1121 exci-

289 1150 589 1219 pientibus,
620 1167 723 1204 non
749 1150 834 1205 hic
857 1151 1015 1206 linem
1044 1152 1254 1207 dicendi
1290 1153 1448 1219 facit,
1481 1156 1572 1209 sed
1604 1168 1752 1210 Suam
1783 1173 1873 1212 os-

288 1244 517 1298 tendens
554 1244 873 1299 inelfabilem
917 1246 1207 1314 potentiam
1254 1247 1380 1300 dicit
1424 1266 1435 1301 :
1481 1248 1567 1303 Sic
1616 1250 1874 1305 abeuntes

284 1338 464 1390 ovium
502 1337 962 1393 mansuetudinem
1012 1339 1278 1404 exhibete,
1309 1343 1519 1396 etiamsi
1555 1354 1738 1398 contra
1790 1347 1871 1398 lu-

287 1446 382 1495 pos
414 1431 571 1494 ituri;
602 1446 699 1486 nec
716 1433 875 1484 modo
896 1442 1079 1486 contra
1112 1433 1285 1504 lupos,
1316 1435 1409 1490 sed
1437 1436 1596 1491 etiam
1625 1436 1690 1492 In
1711 1442 1872 1493 medio

283 1522 538 1590 luporum.
572 1523 755 1593 Neque
794 1533 995 1578 tantum
1032 1525 1208 1580 ovium
1243 1530 1699 1585 mansuetudinem
1723 1532 1872 1600 jubet

284 1614 516 1678 habere,
549 1617 643 1670 sed
674 1618 835 1672 etiam
865 1618 1259 1686 simplicitatem
1296 1622 1577 1678 columbre.
1615 1623 1703 1679 Sic
1739 1642 1872 1695 prae-

280 1707 466 1758 sertim
508 1723 679 1759 meam
722 1709 998 1761 ostendam
1020 1710 1410 1775 fortitudinem.
1433 1729 1551 1769 cum
1574 1732 1702 1772 oves
1720 1717 1872 1787 lupos

280 1798 524 1858 vicerint.
560 1798 768 1852 etiamsi
799 1801 851 1852 in
878 1801 1053 1855 medio
1083 1802 1327 1872 luporum
1351 1806 1478 1871 sint,
1500 1815 1554 1861 et
1579 1808 1871 1865 innumeris

274 1888 554 1955 morsibus
596 1888 917 1954 lacerentur,
952 1907 1051 1946 nec
1097 1893 1256 1947 modo
1297 1911 1402 1950 non
1441 1896 1739 1961 deleantur,
1772 1900 1867 1954 sed

279 1980 439 2031 etiam
474 1980 631 2048 lupos
672 1991 1016 2046 convertant;
1050 1986 1189 2054 quod
1224 1987 1381 2057 longe
1420 1990 1716 2045 mirabilius
1760 2003 1865 2058 est,

279 2080 335 2122 et
367 2071 539 2138 majus
568 2088 725 2140 quam
767 2073 811 2126 si
842 2075 1173 2140 occiderent,
1202 2078 1245 2131 si
1276 2094 1467 2146 nempe
1507 2080 1714 2135 illorum
1747 2098 1865 2136 mu-

279 2170 395 2215 lcnt
425 2163 751 2218 voluntatem
778 2204 793 2229 ,
824 2166 1165 2237 animumque
1207 2169 1590 2225 transformcnt
1618 2191 1631 2227 :
1663 2182 1716 2227 et
1738 2174 1868 2249 .ha'c

276 2269 399 2306 cum
426 2254 498 2307 illi
526 2254 807 2311 duodecim
837 2267 1018 2312 essent
1045 2268 1246 2314 tantum
1272 2304 1287 2324 ,
1316 2272 1369 2316 et
1393 2272 1533 2317 totus
1556 2264 1701 2319 orbis
1729 2267 1867 2335 lupis

275 2356 421 2400 esset
450 2349 657 2415 plenus.

353 2438 482 2492 Oves
523 2439 711 2494 €Itristi
742 2442 979 2506 vincunt,
1026 2445 1135 2513 lupi
1164 2448 1447 2500 uincuntur.
1475 2478 1545 2487 —
1571 2448 1864 2503 Erubesca-

275 2543 396 2581 nms
428 2530 608 2599 igitur,
636 2532 723 2601 qui
758 2543 940 2587 contra
971 2534 1259 2601 facientes,
1293 2540 1440 2607 quasi
1475 2540 1580 2609 lupi
1616 2540 1861 2596 inimicus

275 2614 596 2668 invadimus.
652 2616 917 2683 Quamdiu
969 2620 1109 2673 enim
1140 2636 1270 2675 oves
1309 2636 1532 2688 sumus,
1578 2624 1860 2689 vincimus,

271 2715 434 2776 atque
476 2707 574 2761 etsi
599 2708 891 2764 innumeris
914 2712 1226 2768 circumdati
1272 2714 1407 2782 lupis
1432 2730 1784 2785 superamus;
1818 2719 1859 2771 si

272 2812 403 2876 vero
428 2798 539 2867 lupi
560 2797 876 2863 efﬁciamur,
901 2802 1162 2858 vincimur
1187 2823 1199 2858 :
1232 2805 1456 2873 pastoris
1484 2808 1681 2876 quippe
1710 2810 1859 2862 auxi-

271 2873 345 2939 lio
374 2887 735 2943 destituimur.
756 2889 868 2946 Non
893 2892 1036 2946 enim
1068 2893 1154 2948 ille
1180 2894 1352 2964 lupos,
1380 2895 1473 2950 sed
1503 2912 1629 2952 oves
1651 2909 1819 2968 pascit
1845 2917 1857 2964 ;

271 2987 399 3057 tunc
439 2988 615 3034 autem
662 2992 715 3036 te
763 2983 1017 3054 relinquit
1041 2999 1106 3039 ac
1143 2985 1407 3041 discedit:
1437 2989 1562 3057 quia
1595 3006 1699 3043 non
1730 2993 1861 3047 sinis

271 3055 420 3123 illum
448 3071 696 3127 virtutem
723 3089 871 3128 suam
898 3076 1199 3132 ostendere.
1224 3078 1278 3132 Si
1306 3078 1446 3133 enim
1473 3092 1691 3137 vexatus
1709 3101 1859 3138 man-

268 3164 610 3219 suctudincm
639 3166 916 3234 exhibeas,
940 3168 1037 3238 ipsi
1062 3179 1227 3225 totum
1254 3172 1557 3228 attribuitur
1579 3185 1857 3245 troprum;

270 3255 354 3308 sin
383 3256 578 3311 exieris
621 3260 1075 3331 pugnaverisque,
1128 3262 1407 3318 victoriam
1456 3263 1730 3320 obscuras.
1782 3268 1857 3321 Tu

269 3360 400 3400 vero
441 3346 570 3401 mihi
615 3349 893 3405 considera
939 3353 1151 3421 quinam
1200 3353 1306 3405 sint
1351 3353 1406 3417 ii,
1448 3356 1536 3423 qui
1582 3355 1695 3409 haec
1721 3355 1853 3412 dura

270 3423 285 3491 l
308 3438 643 3509 iboriosaque
666 3442 927 3511 prmcepla
947 3443 1165 3497 audiunt
1189 3462 1200 3497 :
1228 3444 1555 3499 formidolosi
1588 3446 1852 3510 homines,

272 3532 490 3596 idiota};
542 3520 774 3587 illiterati
795 3576 810 3601 ,
841 3542 897 3589 et
936 3535 1131 3590 indocti
1165 3552 1181 3602 ;
1229 3550 1445 3605 prorsus
1476 3537 1687 3592 obscuri
1715 3558 1729 3604 ;
1758 3541 1846 3608 qui

272 3634 588 3678 cxterorum
637 3625 781 3695 leges
820 3626 1168 3695 ignorabant.
1200 3627 1288 3696 qui
1319 3643 1422 3681 non
1465 3629 1516 3682 in
1556 3628 1729 3683 forum
1763 3631 1856 3684 de-

268 3714 630 3779 scenderant;
663 3717 976 3784 piscatores,
1008 3718 1293 3785 publicani,
1334 3719 1384 3772 in
1414 3719 1661 3773 omnibus
1690 3721 1854 3772 imbe-

266 3806 441 3860 cilles.
470 3794 620 3873 Quod
662 3809 703 3860 si
753 3808 865 3862 haec
909 3809 990 3863 vel
1035 3824 1227 3880 magno
1259 3809 1510 3879 praeditos
1553 3811 1764 3881 ingenio
1800 3823 1855 3867 et

266 3897 447 3949 animo
470 3896 614 3952 viros
635 3898 847 3953 turbare
868 3907 1109 3968 possunt,
1134 3900 1404 3968 quomodo
1427 3916 1530 3955 non
1556 3902 1851 3970 pctuissent

266 3976 546 4059 imperitos
574 3989 940 4062 bomines,qui
972 3991 1101 4044 nihil
1124 3993 1369 4062 generosi
1398 4008 1647 4062 umquam
1675 3995 1853 4048 animo

264 4088 642 4151 conceperant,
665 4072 901 4150 dejicere
928 4092 1087 4153 atque
1115 4083 1407 4152 percellere
1427 4082 1451 4135 ?
1475 4083 1545 4137 At
1570 4098 1675 4138 non
1700 4083 1851 4152 deje-

264 4188 410 4229 cere.
439 4172 604 4239 quue
624 4174 745 4242 jure
776 4173 1001 4240 merito,
1027 4170 1169 4229 dicet
1198 4174 1335 4230 forte
1363 4176 1624 4246 quispiam
1655 4195 1671 4231 :
1703 4177 1854 4232 dedit

265 4265 405 4318 enim
434 4264 539 4318 illis
566 4274 878 4334 potesmtem
912 4265 1185 4320 daemonas
1205 4265 1483 4335 ejiciendi,
1515 4281 1578 4321 ac
1608 4268 1852 4336 leprOSus

264 4356 578 4411 umndandi.
615 4357 727 4428 Ego
754 4368 930 4413 autem
974 4357 1236 4423 dixerim,
1276 4357 1377 4412 huc
1415 4358 1587 4428 ipsum
1615 4359 1851 4414 maxime

264 4448 382 4501 illos
411 4445 629 4502 turbare
658 4448 917 4517 potuisse,
941 4448 1081 4517 quod
1111 4449 1209 4502 etsi
1235 4457 1475 4502 mortuos
1504 4448 1847 4515 suscitarent,

262 4536 380 4593 ha-c
429 4549 610 4593 tamen
657 4537 1007 4592 intolerabilia
1055 4539 1263 4607 passuri
1310 4546 1504 4603 erant;
1546 4537 1847 4603 tribunalia,

261 4630 612 4685 abductiones
632 4628 698 4684 ad
728 4644 936 4694 necem,
961 4629 1156 4684 bellum
1184 4629 1439 4685 adversus
1459 4644 1668 4695 omnes,
1701 4646 1847 4685 com-

262 4738 423 4777 mune
454 4722 618 4776 totius
645 4721 793 4777 orbis
831 4722 1012 4775 odium
1034 4762 1048 4786 ,
1072 4731 1127 4776 et
1157 4721 1269 4776 hazc
1307 4721 1431 4776 dum
1464 4722 1715 4776 miracula
1759 4737 1851 4792 pa-

263 4823 488 4868 trarent.
521 4813 650 4880 Qua:
691 4814 990 4868 consolatio
1039 4814 1177 4868 inter
1229 4822 1307 4867 tot
1357 4824 1609 4883 tantaque
1664 4814 1849 4867 mala?

264 4906 521 4959 alittenlis
555 4907 806 4974 potentia.
840 4905 1042 4960 Idcirco
1072 4905 1186 4959 hate
1212 4905 1471 4973 prtemisit
1499 4905 1616 4958 aliis
1637 4904 1843 4967 dicens,

265 4997 397 5052 Ecce
417 5015 508 5067 ego
537 4996 679 5051 mitto
705 5013 812 5053 vos.
847 4997 959 5051 Hoc
988 4996 1138 5052 vobis
1167 4996 1233 5051 ad
1262 4996 1686 5051 consolationem
1715 4997 1848 5052 satis

264 5100 346 5146 est
368 5132 383 5154 ,
422 5086 724 5159 snflicitque
749 5088 816 5143 ad
844 5088 1091 5144 ﬁduciam
1117 5088 1430 5144 sumendam
1474 5089 1848 5157 neminemque

262 5183 691 5237 adversariorum
722 5180 1114 5235 formidandum
1132 5181 1171 5234 ¹.

332 5274 390 5328 2.
411 5273 580 5339 Quare
590 5272 815 5326 Christus
832 5264 1074 5342 apostolis
1087 5273 1251 5325 ovium
1263 5270 1605 5339 inﬁrmitatem
1624 5271 1841 5340 reliquit.

264 5363 549 5419 Prudentia
573 5363 816 5430 serpentis
836 5379 966 5433 qute.
988 5391 1061 5403 --
1079 5358 1241 5417 Vides
1268 5362 1675 5416 auctoritatem?
1701 5363 1849 5417 vides

266 5454 600 5524 potentiam?
647 5454 794 5509 vides
832 5452 1082 5508 virtutem
1133 5452 1644 5524 inexpugnabilem?
1695 5452 1847 5519 Quod

261 5557 440 5601 autem
487 5545 643 5610 dicit,
680 5545 983 5613 hujusmodi
1026 5553 1150 5600 est:
1182 5544 1260 5599 Ne
1296 5543 1619 5608 turbemini,
1652 5544 1843 5614 inquit,

262 5638 402 5707 quod
425 5653 543 5691 cum
563 5654 657 5690 vos
678 5638 816 5691 inter
839 5639 988 5707 lupos
1014 5638 1242 5699 mittam,
1262 5645 1462 5690 utoves
1489 5646 1543 5690 et
1563 5644 1620 5689 ut
1640 5635 1847 5689 culum-

265 5732 357 5787 bas
382 5746 500 5785 esse
518 5732 754 5799 jubeam.
784 5731 1123 5786 Contrarium
1155 5740 1407 5800 priestare
1431 5737 1690 5799 poteram,
1720 5742 1844 5782 vos-

328 5889 344 5921 ι
376 5887 573 5946 quidam
592 5887 792 5947 habent,
808 5885 1020 5950 nihilque
1043 5888 1350 5938 adversorum
1370 5884 1749 5951 formidandum.

1172 393 1236 450 IN
1275 395 1678 455 MATTll/Elibl
1719 402 1944 463 llUMll..
1993 397 2225 461 XXXIII.
2268 410 2335 463 al.
2382 410 2621 466 XXXIV.

3468 422 3567 471 ξίἶῗυ

1990 536 2091 587 quc
2128 524 2336 579 mittere
2375 526 2504 580 nihil
2550 542 2801 596 passuros
2839 533 3003 597 mali,
3035 548 3133 591 nec
3172 544 3228 591 ut
3265 550 3392 594 oves
3435 541 3571 611 lupis

1984 613 2247 683 subjicere
2268 658 2283 683 ,
2312 618 2407 672 sed
2442 620 2681 675 leonibus
2710 621 3160 683 l‘ormidahiliores
3187 628 3446 698 reddere;
3474 636 3568 689 sed

1956 704 2054 759 ‘ita
2084 709 2196 761 tieri
2240 724 2332 777 par
2360 720 2441 764 est
2473 730 2485 764 :
2521 711 2621 766 hoc
2649 722 2702 769 et
2733 730 2827 770 vos
2861 718 3254 786 splendidiores
3280 722 3445 779 efﬁcit
3465 769 3478 788 .
3512 740 3567 782 et

1983 798 2272 863 potentiam
2319 814 2490 854 meam
2532 804 2802 871 praedicat.
2852 806 2962 861 lloc
3003 820 3055 862 et
3100 810 3263 866 Paulo
3309 814 3565 874 diccbat:

1983 888 2176 958 Sit/ﬁcit
2207 892 2293 944 tibi
2317 896 2480 962 gratia
2504 912 2653 961 utea;
2682 915 2798 950 naut
2834 900 2988 954 virtus
3032 919 3142 956 mea
3184 905 3236 959 in
3277 907 3570 973 inﬁrmitate

1982 982 2333 1053 per/icitur(2.
2363 984 2481 1041 Cor.
2518 987 2600 1042 l2.
2623 988 2700 1060 9).
2730 990 2838 1061 Ego
2866 994 3044 1062 itaque
3072 996 3148 1050 sic
3174 1012 3270 1053 vos
3290 1003 3565 1057 constitui.

1980 1070 2111 1125 Cum
2142 1074 2281 1127 enim
2312 1076 2460 1142 dicit,
2499 1077 2605 1149 Ego
2638 1082 2780 1134 mitto
2808 1099 2893 1136 vos
2919 1084 3048 1138 sicut
3075 1102 3206 1152 oves,
3244 1087 3345 1144 hoc
3371 1093 3563 1146 subiu-

1979 1161 2121 1216 dicat
2151 1182 2164 1218 :
2207 1163 2283 1218 Nc
2332 1167 2507 1236 itaque
2537 1170 2717 1225 animo
2743 1171 3040 1228 deliciatis-z
3074 1178 3192 1231 novi
3228 1180 3369 1234 enim
3394 1222 3411 1248 ,
3444 1186 3565 1238 novi

1980 1257 2182 1324 utique,
2218 1265 2312 1309 vos
2337 1259 2414 1312 sic
2447 1262 2692 1316 onmibus
2722 1263 3157 1335 inexpugnabiles
3176 1269 3307 1325 fore.
3344 1273 3565 1343 Deinde,

1980 1354 2036 1398 ut
2064 1345 2330 1415 quidpiam
2363 1349 2459 1419 ipsi
2484 1365 2547 1405 ex
2580 1367 2639 1406 se
2665 1353 2984 1421 proferrent,
3016 1374 3117 1412 nec.
3141 1364 3318 1417 omnia
3341 1380 3408 1418 ex
3438 1377 3561 1435 gra-

1979 1438 2048 1490 tia
2080 1440 2339 1506 prolicisci
2372 1442 2714 1510 viderentur,
2750 1462 2920 1517 neque
2963 1451 3080 1504 sine
3107 1466 3266 1507 causa
3313 1460 3561 1513 coronati

1977 1540 2306 1597 putarentur,
2338 1534 2412 1588 ait
2436 1557 2448 1589 :
2474 1534 2648 1593 Estote
2676 1554 2795 1608 ergo
2822 1542 3091 1608 prudentes
3116 1545 3245 1599 sicut
3273 1558 3525 1617 serpentes
3545 1594 3563 1616 ,

1976 1631 2022 1673 et
2061 1622 2314 1693 simplices
2340 1626 2471 1679 sicut
2502 1627 2765 1684 columbis.
2796 1632 2863 1685 Et
2894 1634 3021 1702 quid
3058 1636 3337 1705 prudentia
3379 1652 3561 1696 nostra

1977 1713 2176 1779 possit,
2210 1714 2492 1784 inquiunt,
2523 1718 2574 1773 in
2607 1730 2681 1775 tot
2721 1723 3009 1790 periculis?
3033 1730 3301 1797 quomodo
3328 1734 3563 1801 pruden-

1977 1804 2100 1858 tiam
2126 1804 2323 1863 habere
2351 1810 2662 1877 poterimus,
2689 1822 2767 1868 tot
2794 1816 2974 1884 agitati
3007 1818 3255 1876 fluetibus
3278 1824 3301 1875 ?
3327 1824 3567 1892 Quanta-

1974 1913 2203 1968 cumque
2241 1901 2517 1968 prudentia
2560 1905 2629 1958 sit
2673 1907 2892 1975 praedita
2914 1910 3030 1964 ovis
3049 1951 3065 1976 ,
3095 1926 3216 1966 cum
3244 1913 3384 1970 inter
3408 1918 3563 1987 lupus

1973 1990 2061 2053 sil,
2090 2000 2144 2045 et
2174 2001 2373 2047 tantum
2406 1994 2651 2063 luporum
2688 2014 2997 2062 numerum,
3025 2003 3151 2072 quid
3182 2007 3373 2073 poterit
3400 2011 3560 2077 perli-

1973 2084 2132 2136 cere?
2171 2093 2599 2157 quantacumque
2640 2090 2711 2142 sit
2750 2090 3012 2145 columba:
3050 2094 3365 2165 simplicitas
3388 2138 3404 2164 ,
3432 2101 3558 2169 quid

1972 2172 2046 2226 illi
2068 2174 2309 2243 juvabit,
2346 2185 2422 2232 tot
2458 2179 2777 2235 instantibus
2814 2183 3198 2253 accipitribus?
3226 2186 3280 2241 lu
3312 2188 3392 2243 his
3415 2202 3562 2246 certe

1973 2263 2426 2324 irrationabilibus
2452 2270 2606 2337 nihil,
2638 2272 2688 2326 in
2711 2273 2861 2329 vobis
2888 2284 3064 2331 autem
3094 2279 3555 2350 multumjuvabit.

1970 2354 2074 2409 Sed
2097 2356 2373 2414 videamus
2401 2376 2558 2429 quam
2587 2362 2671 2417 hic
2690 2364 3023 2434 prudentiam
3042 2368 3237 2440 exigat.
3260 2370 3548 2443 Serpentis,

1971 2447 2158 2517 inquit.
2185 2448 2643 2516 Quemadmodum
2676 2454 2765 2509 ille
2791 2457 2967 2510 omnia
3000 2459 3178 2522 tradit,
3206 2463 3412 2518 etiamsi
3434 2478 3559 2519 cor-

1972 2554 2069 2608 pus
2113 2541 2270 2595 incidi
2315 2553 2595 2612 oporteat,
2647 2560 2752 2599 non
2795 2546 3081 2604 admodum
3111 2556 3556 2623 repugnat,dum

1968 2640 2127 2701 caput
2151 2643 2401 2704 servetur
2432 2653 2445 2688 :
2476 2635 2555 2690 sic
2576 2645 2629 2690 et
2660 2645 2738 2703 tu,
2770 2638 2957 2708 inquit,
2989 2651 3207 2711 excepta
3233 2644 3354 2706 lide,
3379 2650 3554 2703 omnia

1971 2727 2119 2781 trade
2142 2768 2155 2789 ,
2204 2729 2491 2796 pecunias,
2535 2744 2727 2799 corpus
2749 2770 2763 2796 ,
2791 2730 2896 2783 imo
2920 2731 3085 2801 ipsam
3112 2734 3363 2790 animam.
3400 2737 3557 2794 Fides

1967 2818 2109 2871 enim
2154 2829 2313 2888 caput
2360 2829 2442 2873 est
2485 2829 2539 2874 et
2584 2821 2774 2875 radix:
2806 2822 2999 2893 illaque
3043 2836 3288 2893 servata,-
3338 2829 3546 2886 etiamsi

1967 2910 2143 2962 omnia
2187 2910 2433 2964 amiseris
2457 2951 2471 2976 ,
2518 2912 2695 2965 omnia
2726 2923 2909 2983 postea
2941 2915 3295 2974 abundantius
3324 2936 3551 2993 recupe-

1967 3001 2128 3053 rabis.
2180 2999 2303 3055 Ideo
2334 3019 2437 3055 non
2468 3002 2760 3071 simplicem
2812 3016 3054 3073 tantum,
3088 3024 3189 3065 nec
3234 3013 3548 3081 prudentem

1966 3091 2139 3145 solum
2168 3106 2287 3146 esse
2317 3094 2569 3163 prmcepit
2591 3136 2606 3159 ,
2653 3094 2746 3149 sed
2779 3095 2891 3151 hinc
2922 3098 3077 3152 ambo
3105 3101 3357 3169 miscuit;
3390 3106 3460 3161 ita
3494 3117 3553 3164 ut

1966 3182 2080 3237 haec
2131 3183 2297 3237 virtus
2366 3199 2493 3238 vere
2561 3185 2720 3250 sint;
2786 3188 3228 3262 prudentiamque
3289 3200 3547 3265 serpentis

1963 3277 2270 3347 assumpsit,
2305 3288 2359 3331 ut
2390 3293 2457 3331 ne
2484 3278 2658 3332 letalia
2690 3280 2910 3336 vulnera
2936 3284 3205 3352 accipias;
3238 3286 3551 3358 simplicita-

1964 3377 2069 3423 tem
2100 3384 2230 3424 vero
2255 3370 2535 3436 columbae,
2572 3380 2627 3424 ut
2658 3386 2724 3426 ne
2753 3372 3005 3427 ltedcnlcs
3029 3383 3079 3430 te
3101 3375 3390 3445 ulciscaris,
3415 3396 3550 3437 neve

1962 3459 2274 3514 insidiantes
2298 3475 2392 3530 per
2422 3460 2706 3515 vindictam
2734 3477 2982 3518 amoveas
3015 3486 3026 3518 :
3056 3466 3188 3520 nihil
3217 3467 3358 3523 enim
3387 3472 3547 3539 prod-

1959 3561 2042 3607 est
2067 3552 2364 3621 prudentia,
2390 3554 2488 3607 nisi
2513 3552 2613 3607 hoc
2634 3553 2790 3607 adsit.
2816 3553 2950 3621 Quid
2978 3571 3103 3626 ergo
3129 3559 3297 3628 magis
3321 3561 3545 3615 arduum

1960 3642 2044 3697 his
2093 3642 2410 3712 praeceptis?
2461 3642 2577 3697 Non
2628 3644 2773 3699 enim
2825 3646 2955 3699 satis
2997 3656 3112 3701 erat
3156 3649 3294 3703 mala
3322 3651 3547 3707 subire?

1959 3739 2074 3794 Non
2094 3780 2112 3806 ,
2141 3740 2311 3810 inquit
2332 3739 2458 3806 ille;
2498 3739 2594 3795 sed
2624 3740 2782 3795 etiam
2814 3756 2881 3795 ne
2908 3741 3196 3812 indigneris
3238 3751 3380 3799 veto.
3432 3745 3546 3801 Hoc

1959 3833 2103 3887 enim
2134 3832 2200 3886 ad
2229 3832 2529 3887 columbam
2559 3834 2811 3901 pertinet.
2857 3834 2935 3889 Ac
2979 3834 3026 3889 si
3054 3836 3174 3904 quis
3199 3837 3460 3892 calamum
3489 3840 3543 3894 in

1959 3930 2133 3996 ignem
2172 3926 2392 3980 mittens
2416 3965 2433 3992 ,
2474 3926 2685 3997 juberet
2730 3942 2832 3981 non
2861 3927 2943 3981 uri
2969 3927 3037 3982 ab
3065 3929 3206 3997 igne,
3239 3929 3332 3984 sed
3363 3931 3537 4000 ignem

1956 4016 2314 4087 exstinguere.
2345 4015 2541 4071 Verum
2568 4032 2636 4071 ne
2666 4016 2941 4072 turbemur
2969 4034 2980 4070 :
3013 4017 3126 4072 ha-c
3151 4027 3202 4073 et
3231 4032 3543 4087 evenerunt,

1958 4120 2010 4164 et
2033 4110 2192 4163 finem
2217 4118 2559 4179 acceperunt,
2589 4109 2823 4178 ipsisque
2843 4110 3093 4179 operibus
3117 4110 3357 4166 exhibita
3379 4125 3501 4167 sunt
3531 4137 3543 4170 :

1960 4200 2250 4269 prudentes
2276 4201 2419 4255 enim
2442 4199 2659 4255 fuerunt
2686 4202 2826 4256 sicut
2854 4216 3132 4271 serpentes
3157 4243 3171 4264 ,
3204 4210 3258 4257 et
3277 4204 3549 4274 simplices

1957 4297 2095 4352 sicut
2120 4298 2379 4353 columba:
2410 4316 2423 4351 :
2456 4313 2561 4351 non
2589 4298 2729 4367 quod
2758 4314 2822 4353 ex
2849 4299 2949 4352 alia
2978 4308 3165 4352 natura
3197 4311 3377 4355 essent
3398 4342 3413 4365 ,
3445 4306 3540 4358 sed

1956 4406 2023 4444 ex
2068 4391 2253 4448 eadem
2308 4404 2411 4461 qua
2453 4406 2552 4447 nos
2596 4401 2768 4448 erant.
2808 4392 2887 4447 Ne
2934 4394 3054 4462 quis
3097 4408 3225 4463 ergo
3253 4405 3401 4464 putet
3431 4397 3546 4453 haec

1956 4492 2219 4551 pra'cepta
2248 4481 2454 4550 impleri
2482 4496 2585 4534 non
2614 4496 2789 4550 posse.
2820 4481 2936 4536 Prae
2961 4483 3209 4536 omnibus
3237 4484 3380 4538 enim
3424 4488 3544 4541 aliis

1957 4575 2071 4644 ipse
2097 4573 2242 4627 novit
2270 4588 2447 4628 rerum
2479 4582 2722 4627 naturam
2755 4591 2769 4627 :
2809 4573 2955 4627 novit
2980 4573 3234 4628 ferociam
3270 4590 3377 4629 non
3409 4577 3549 4631 feru-

1956 4666 2059 4729 cia,
2109 4663 2205 4719 sed
2251 4663 2616 4719 moderatione
2669 4663 2944 4734 restingui.
2996 4664 3148 4730 Quod
3193 4666 3236 4720 si
3280 4667 3454 4736 reipsa
3496 4680 3551 4723 et

1955 4777 2119 4830 opere
2164 4760 2214 4814 id
2242 4760 2423 4815 videre
2452 4761 2604 4823 velis,
2634 4760 2750 4830 lege
2793 4761 2986 4816 librum
3017 4764 3244 4819 Aetuum
3274 4768 3550 4836 apostolo.

1954 4868 2107 4917 rum,
2161 4852 2469 4921 videbisque
2517 4852 2728 4922 quoties
2777 4852 2976 4908 Judzcis
3025 4854 3448 4926 insurgentibus,
3496 4871 3548 4912 et

1954 4943 2142 4998 dentes
2186 4946 2500 4998 acuentibus
2523 4978 2539 5009 ,
2582 4942 2635 4997 hi
2673 4943 2972 4998 columbam
3006 4945 3306 5012 imitantes,
3340 4958 3395 5002 et
3425 4963 3544 5003 cum

1955 5036 2322 5090 moderatione
2363 5035 2543 5091 debita
2584 5036 2885 5104 loquentes,
2919 5036 3133 5091 illorum
3164 5037 3395 5093 furorem
3443 5055 3541 5095 cx-

1954 5130 2257 5194 stinxerint,
2306 5130 2439 5184 iram
2483 5129 2781 5198 placarint,
2832 5128 3086 5200 impetum
3117 5128 3374 5186 sedarint.
3406 5132 3540 5187 Nam

1953 5238 2073 5275 cum
2100 5222 2341 5277 dicereut
2365 5238 2377 5273 :
2410 5220 2596 5275 Nonne
2624 5222 2953 5291 prtecepimus
2976 5224 3112 5277 vobis
3137 5240 3199 5276 ne
3219 5224 3546 5292 loqueremini

1953 5317 2004 5368 in
2052 5314 2251 5366 nomine
2288 5313 2385 5366 isto
2416 5314 2552 5383 (Act.
2600 5311 2656 5367 5.
2684 5311 2955 5383 28)?etsi
2987 5314 3237 5367 miracula
3265 5314 3541 5369 innumera

1956 5417 2168 5477 patrare
2196 5411 2432 5474 possent,
2468 5403 2598 5457 nihil
2623 5417 2872 5473 asperum
2899 5403 2979 5457 vel
3006 5402 3253 5457 dixerunt
3280 5403 3362 5458 vel
3391 5403 3541 5458 fece-

1953 5507 2098 5564 runt,
2127 5496 2219 5552 sed
2244 5511 2365 5551 cum
2393 5495 2536 5549 omni
2569 5508 2689 5549 sese
2715 5493 3123 5548 mansuetudine
3148 5504 3442 5564 purgarunt
3462 5494 3540 5548 di-

1954 5600 2138 5644 centes
2174 5606 2188 5642 :
2222 5588 2282 5642 Si
2314 5587 2511 5655 justum
2537 5595 2606 5640 est
2643 5601 2728 5639 vos
2757 5584 2934 5639 audire
2963 5595 3130 5655 potius
3161 5601 3311 5653 quam
3342 5584 3505 5639 Deum
3527 5626 3541 5647 .

1946 5682 2172 5753 jttdicute
2200 5678 2360 5749 (Ibid.
2381 5678 2431 5734 4.
2456 5677 2568 5744 l9).
2596 5675 2785 5729 Vidisti
2808 5676 3206 5745 simplicitatem
3228 5676 3491 5730 columba:
3516 5677 3540 5729 Ἰ

1960 5773 2087 5827 Vide
2119 5769 2447 5841 prudentiain
2488 5767 2777 5838 serpentis.
2821 5765 2942 5821 Non
2963 5767 3094 5821 enim
3120 5783 3423 5840 possumus,
3457 5768 3541 5821 iu-

1958 5866 2161 5936 quiunt,
2182 5878 2290 5932 qutt’
2312 5862 2521 5915 vitliunts
2539 5871 2581 5913 et
2599 5861 2879 5914 audivimus
2898 5877 2997 5915 non
3014 5861 3151 5930 loqui
3171 5859 3331 5931 (Ibid.
3356 5875 3401 5913 r.
3421 5861 3540 5932 9.0).
