4074 6358
492 393 591 448 391

500 484 684 542 Videu'
707 483 980 557 quomodo
1009 498 1106 540 nos
1138 483 1372 555 ttndique
1397 493 1646 538 accurate
1679 481 1889 536 munire
1917 495 2078 550 opor-

496 589 625 644 teat,
657 589 708 632 ut
740 594 808 633 ne
835 577 918 632 vel
951 577 1200 647 periculis
1220 577 1534 646 dejiciamur
1556 615 1572 637 ,
1601 573 1683 628 vel
1713 573 1791 628 ira
1823 569 2077 626 incenda-

495 671 652 724 ntur?
673 670 872 724 Idcirco
892 668 1100 724 dicebat
1121 687 1132 721 :
1156 669 1240 722 l7.
1261 667 1438 722 Cavete
1460 665 1522 719 ab
1544 665 1827 719 hominibus
1845 680 1864 716 :
1885 663 2081 716 tradent

495 763 628 832 enim
657 779 742 814 vos
769 762 821 814 in
851 761 1077 814 conciliis
1101 801 1116 821 ,
1147 770 1193 814 et
1222 760 1273 812 in
1303 758 1574 829 synagogis
1607 757 1712 810 suis
1749 753 2081 826 ﬂagellabant

497 872 581 908 vos
615 871 633 910 :
666 857 751 910 l8.
784 865 830 909 et
859 853 928 907 ad
958 853 1196 924 prwsides
1223 862 1270 905 et
1308 869 1448 922 reges
1476 851 1726 903 dacemini
1763 851 1816 902 in
1857 848 2079 902 testimo-

497 965 637 1000 mum
683 946 788 999 illis
837 954 884 998 et
927 944 1172 1014 gentibus.
1225 943 1426 996 Rursus
1479 943 1596 995 illos
1643 940 1709 994 ad
1757 937 2078 1010 vigilandum

501 1047 780 1108 pra-parat,
807 1037 998 1104 ubique
1017 1035 1276 1096 indicens,
1297 1043 1354 1088 ut
1376 1034 1511 1087 mala
1535 1033 1823 1104 patiantur,
1844 1032 2080 1101 aliosque

498 1132 634 1185 mala
683 1129 880 1184 inferre
931 1130 1134 1192 sinetis,
1182 1135 1242 1181 ut
1266 1125 1486 1191 discas,
1516 1125 1656 1180 male
1705 1123 1952 1194 patiendo
1997 1124 2079 1177 vi-

495 1220 718 1276 ctoriam
768 1219 1030 1288 reportari
1055 1260 1070 1281 ,
1120 1218 1348 1286 hincque
1379 1230 1576 1286 tropaea
1607 1217 1760 1285 erigi.
1793 1214 1908 1269 Non
1937 1215 2079 1268 enim

497 1311 651 1376 dixit,
680 1311 917 1380 Pugnate
947 1327 1063 1376 vos,
1095 1321 1148 1364 et
1175 1309 1407 1363 resistite
1437 1308 1502 1363 iis
1524 1309 1608 1377 qtti
1643 1322 1734 1360 vos
1764 1307 1961 1361 laedere
1983 1322 2082 1361 vo-

498 1404 653 1470 lunt;
681 1403 776 1458 sed
804 1402 907 1458 hoc
933 1411 1157 1466 tantum,
1189 1402 1438 1456 Extrema
1472 1401 1678 1470 passuri
1705 1399 1855 1454 estis.

567 1497 622 1551 5.
663 1496 856 1564 Papae!
885 1503 1079 1564 quanta
1102 1493 1368 1564 loquentis
1393 1492 1508 1546 vis!
1537 1500 1730 1562 quanta
1753 1490 2079 1545 audientium

499 1590 869 1662 philosophia!
902 1589 1059 1646 Certe
1085 1587 1237 1644 valde
1263 1586 1562 1642 mirandum
1587 1593 1670 1641 est
1698 1585 1818 1640 illos
1844 1584 1967 1638 talia
1989 1599 2083 1637 au-

498 1683 726 1746 dientes,
755 1697 862 1736 non
892 1681 1071 1735 statim
1111 1678 1400 1750 aufugisse,
1423 1678 1568 1732 viros
1597 1675 1961 1740 meticulosos,
1991 1675 2081 1746 qui

499 1792 604 1832 non
631 1777 768 1831 ultra
798 1785 1068 1844 stagnum,
1096 1774 1147 1828 in
1177 1788 1285 1844 quo
1320 1771 1513 1842 piscari
1536 1769 1801 1836 solebant,
1829 1783 2084 1840 peragra-

497 1877 701 1926 verant.
739 1867 1019 1936 Quomodo
1048 1880 1152 1920 non
1193 1865 1514 1935 cogitarunt,
1555 1877 1654 1917 nec
1681 1863 1821 1916 intra
1847 1875 1905 1916 se
1933 1861 2084 1916 dixe-

499 1970 623 2016 runt
656 1979 668 2013 :
697 1959 813 2026 Quo
843 1957 1057 2014 tandem
1096 1956 1395 2026 fugiemus?
1428 1953 1734 2009 Tribunalia
1762 1961 1947 2009 contra
1985 1967 2083 2007 nos

498 2061 661 2120 stant,
708 2065 883 2122 reges,
917 2048 1194 2119 praesides,
1227 2061 1511 2118 synagoga:
1534 2045 1863 2110 Judzeorum,
1901 2043 2081 2113 genti-

499 2146 628 2200 lium
663 2143 838 2209 turba,
871 2142 1136 2213 principes
1164 2149 1217 2195 et
1261 2139 1480 2194 subditi.
1507 2137 1640 2193 Nam
1690 2152 1795 2192 non
1841 2136 2082 2192 Palaesti-

498 2253 624 2292 nam
667 2236 851 2303 modo,
901 2248 1000 2290 nec
1030 2233 1187 2292 mala.
1229 2247 1349 2301 quae
1388 2231 1461 2286 ibi
1493 2230 1697 2301 passuri
1743 2239 1915 2295 erant,
1947 2244 2086 2298 prte—

498 2328 786 2394 nuntiavit,
829 2324 925 2380 sed
952 2323 1087 2380 bella
1121 2339 1215 2392 per
1256 2323 1441 2377 orbem
1482 2321 1655 2377 futura
1682 2319 1929 2390 praedixit
1959 2337 1971 2372 :
2005 2319 2084 2373 Ad

497 2437 660 2493 reges,
701 2419 891 2489 inquit,
941 2427 988 2472 et
1019 2414 1258 2487 praesides
1293 2414 1582 2482 ducetnini;
1626 2412 1918 2470 ostendens
1964 2413 2084 2468 illos

498 2515 566 2571 ad
593 2519 782 2584 gentes
819 2509 1015 2566 deinde
1050 2525 1170 2565 esse
1194 2508 1503 2564 mittendos.
1533 2508 1731 2564 Orbem
1758 2517 1942 2564 contra
1983 2521 2083 2564 nos

486 2603 742 2670 .armasti,
778 2602 926 2658 orbis
951 2612 1110 2656 terra:
1134 2600 1462 2654 habitatores
1485 2613 1675 2655 omnes
1699 2599 1864 2654 armis
1895 2609 2080 2680 contra

500 2710 600 2750 nos
625 2694 919 2759 munivisti,
949 2693 1189 2762 populos,
1216 2701 1490 2762 tyrannos,
1513 2683 1695 2761 =reges.
1727 2690 1877 2758 Quod
1906 2691 2086 2757 sequi-

501 2801 587 2844 tur
609 2804 736 2843 vero
755 2787 920 2856 longe
947 2785 1254 2840 horribilius
1292 2793 1394 2847 est,
1425 2784 1639 2854 quando
1677 2782 1902 2838 fratrum
1949 2784 2083 2839 lilio-

498 2897 726 2952 rumque
756 2878 1126 2934 interfectores
1167 2888 1221 2931 et
1248 2877 1524 2944 parricida:
1550 2885 1769 2946 propter
1791 2891 1888 2931 nos
1920 2875 2084 2932 futuri

497 2985 623 3030 sunt
649 2974 912 3030 homines.
967 2971 1097 3027 Nam
1123 2971 1212 3025 ξι.
1242 2970 1430 3024 Tradet
1459 2972 1618 3041 frater
1641 2974 1851 3042 fratrem
1874 2971 1927 3024 in
1949 2987 2084 3025 mor-

499 3077 618 3130 tem,
649 3075 790 3134 pater
812 3062 995 3133 ﬁlium,
1019 3072 1064 3115 et
1089 3063 1349 3133 insurgent
1374 3061 1468 3129 ﬁlii
1494 3061 1548 3115 in
1574 3071 1826 3132 parentes,
1857 3072 1903 3115 et
1927 3072 2085 3118 morte

495 3172 582 3210 eos
610 3155 840 3226 ofﬁcient.
866 3152 1166 3220 Quomodo,
1197 3152 1421 3222 inquies,
1466 3151 1658 3222 reliqui
1688 3153 1927 3218 credent,
1959 3168 2080 3208 cum

498 3247 731 3302 viderint
759 3246 896 3301 ﬁlios
927 3255 1140 3315 propter
1168 3261 1268 3298 nos
1287 3261 1317 3299 a
1346 3245 1585 3314 patribus
1610 3246 1838 3312 occisos,
1867 3245 2084 3303 fratres-

496 3354 601 3408 que
627 3354 657 3396 a
685 3338 953 3400 fratribus,
984 3338 1292 3406 sceleraque
1315 3337 1492 3390 omnia
1525 3337 1765 3404 patrata?
1793 3340 1984 3391 Annon
2025 3347 2083 3393 ut

496 3429 853 3500 nequissimos
879 3429 1170 3495 daemonas,
1197 3445 1374 3482 annon
1399 3438 1455 3482 ut
1481 3427 1836 3483 exsecrandos
1864 3437 1918 3483 et
1937 3429 2081 3484 orbis

495 3531 857 3592 corruptores,
884 3535 980 3574 nos
1003 3520 1234 3589 undique
1260 3519 1550 3588 expellant,
1579 3529 1926 3590 cognatorum
1953 3536 2078 3575 san-

494 3614 652 3685 guine
676 3620 730 3666 et
755 3612 1012 3680 ejusmodi
1035 3611 1274 3665 caadibus
1304 3620 1498 3665 terram
1526 3611 1780 3681 repletam
1808 3611 2080 3668 videntes?

495 3706 754 3770 Equidem
793 3703 1055 3769 (nonne?)
1097 3717 1286 3771 pacem
1319 3702 1375 3755 in
1399 3703 1592 3756 domos
1641 3705 2064 3764 introducemus,

494 3804 573 3848 tot
603 3794 723 3848 illas
752 3791 990 3848 caedibus
1022 3792 1327 3862 implentes.
1357 3791 1491 3847 Nam
1517 3793 1562 3847 si
1593 3809 1787 3863 magno
1823 3809 2070 3847 essemus

494 3898 747 3950 numero,
796 3899 899 3940 nec
952 3883 1239 3940 duodecim
1281 3894 1518 3951 tantum,
1557 3885 1603 3940 si
1646 3901 1752 3940 non
1807 3885 1984 3938 idiota:
2017 3895 2072 3937 et

495 3976 737 4032 illiterati
769 4016 786 4044 ,
843 3975 940 4033 sed
977 3976 1252 4046 sapientes
1299 3977 1545 4031 rhetores
1573 4019 1588 4042 ,
1635 3987 1919 4041 oratores;
1955 3976 2065 4030 imo

491 4072 656 4126 etiam
705 4085 862 4140 reges
902 4069 1176 4125 exercitus
1225 4069 1484 4125 habentes
1513 4080 1570 4124 et
1597 4069 1840 4140 pecu-niis
1867 4069 2073 4122 instru-

494 4159 588 4224 cti,
627 4160 898 4232 quomodo
937 4158 1567 4231 quidpiam-persuadere
1597 4160 1910 4229 poterimus,
1949 4159 2076 4216 dum

499 4251 636 4306 bella
665 4252 839 4308 civilia
865 4261 916 4306 et
959 4252 1203 4308 civilibus
1235 4252 1476 4322 graviora
1506 4252 1916 4308 succendimus?
1943 4251 2076 4308 Nam

499 4336 600 4390 etsi
622 4337 848 4392 salutem
869 4349 1110 4395 nostram
1139 4355 1332 4412 parum
1359 4357 1637 4407 curemus,
1662 4344 1786 4415 quis
1817 4346 1975 4401 nobis
2006 4361 2073 4402 ex

498 4425 618 4481 aliis
645 4438 884 4482 mentem
913 4430 1226 4486 adhibebit?
1256 4431 1363 4487 Sed
1384 4433 1523 4487 nihil
1547 4433 1740 4488 horum
1762 4436 1848 4491 vel
1875 4437 2073 4507 cogita-

499 4528 629 4574 runt
652 4521 737 4574 vel
755 4522 1026 4589 dixerunt,
1057 4539 1162 4579 nec
1183 4534 1576 4594 praeceptorum
1599 4528 1861 4582 rationem
1881 4545 2073 4601 exege-

497 4619 657 4676 runt;
691 4612 785 4666 sed
807 4625 1092 4669 cesserunt
1119 4625 1174 4669 et
1199 4616 1646 4685 obtemperarunt
1673 4636 1686 4671 :
1719 4619 1768 4672 id
1791 4621 1932 4689 quod
1961 4637 2070 4675 non

496 4715 560 4754 ex
589 4702 829 4772 ipsorum
876 4706 1076 4760 virtute
1108 4715 1343 4769 tantum,
1389 4708 1481 4761 sed
1517 4709 1678 4762 etiam
1729 4725 1790 4762 ex
1833 4712 2073 4767 Doctor-is

495 4793 758 4861 sapientia
780 4794 1241 4863 proficiscebatur.
1262 4797 1394 4852 Vide
1421 4799 1563 4851 enim
1585 4801 1855 4868 quomodo
1883 4817 2073 4856 terunt-

494 4883 580 4938 nis
619 4885 843 4955 singulis
885 4889 1306 4944 consolationem
1343 4890 1587 4958 adiunxit
1617 4908 1630 4942 :
1662 4892 1729 4945 de
1762 4909 1870 4947 non
1899 4895 2072 4949 susci-

493 4976 767 5044 pientibus
797 4978 915 5032 illos
947 4980 1100 5043 dixit,
1141 4981 1479 5035 Tolerabilius
1508 4984 1606 5036 erit
1644 4993 1796 5038 terra:
1817 4985 2071 5040 Sodomo-

492 5083 610 5121 rum
651 5079 698 5122 et
735 5069 1036 5125 Gomorrlta:
1068 5071 1121 5125 in
1159 5073 1244 5126 die
1277 5072 1489 5142 judicii,
1531 5091 1693 5144 quam
1742 5077 1941 5130 civitati
1990 5079 2070 5133 illi

494 5157 702 5228 (Matth.
738 5160 825 5215 10.
849 5161 935 5230 15)
961 5179 974 5227 ;
1001 5171 1055 5217 et
1079 5159 1168 5218 hic
1190 5177 1407 5217 rursum
1432 5178 1556 5218 cum
1575 5163 1731 5230 dixit,
1761 5165 1827 5220 Et
1848 5167 1918 5220 ad
1937 5183 2072 5237 pra:-

488 5253 625 5305 sides
648 5263 694 5304 et
716 5269 857 5324 reges
872 5255 1155 5317 ducemini,
1174 5255 1400 5321 addidit,
1417 5255 1641 5325 Propter
1657 5273 1740 5312 me
1766 5259 1822 5312 in
1836 5261 2069 5314 testimo-

492 5344 638 5396 nium
658 5343 763 5399 illis
783 5354 831 5398 et
846 5347 1101 5416 gentibus.
1117 5345 1244 5402 Haec
1263 5355 1444 5402 autem
1463 5363 1572 5403 non
1588 5363 1752 5419 parva
1771 5351 2070 5408 consolatio

489 5447 594 5501 est,
640 5437 745 5494 hoc
787 5450 1005 5510 propter
1047 5441 1325 5498 Christum
1367 5441 1497 5512 pati,
1529 5452 1588 5499 et
1626 5444 1695 5500 ad
1729 5443 1848 5499 illos
1882 5446 2068 5501 redar-

489 5531 734 5604 guendos
764 5533 1011 5588 conduci.
1055 5531 1200 5589 Deus
1230 5535 1396 5600 enim,
1439 5535 1544 5591 etsi
1590 5536 1773 5591 nullus
1803 5538 2065 5602 attendat,

489 5623 691 5694 ubique
709 5638 771 5678 ea
793 5641 913 5695 qua:
929 5641 1025 5680 sua
1042 5635 1172 5681 sunt
1190 5637 1468 5698 cperatur.
1490 5628 1582 5684 Sic
1598 5638 1778 5684 autem
1801 5630 1919 5685 illos
1937 5646 2068 5686 con-

489 5713 783 5778 solabatur,
831 5731 939 5769 non
981 5717 1124 5786 quod
1169 5718 1271 5788 ipsi
1317 5719 1385 5774 de
1418 5720 1622 5776 ultione
1650 5730 1921 5786 curarent,
1971 5725 2066 5779 sed

489 5804 614 5874 quia
637 5803 763 5861 hinc
795 5806 1166 5876 confidebant,
1202 5810 1380 5881 ipsum
1407 5811 1508 5869 sibi
1547 5813 1743 5883 ubique
1768 5813 2064 5870 allaturum

1235 392 1291 447 S.
1332 387 1612 448 JOANNIS
1647 384 2122 444 CIIRYSOSTOMI
2162 383 2478 440 ARCHIEP.
2520 382 3052 440 CONSTAN'HNOP.

3663 389 3779 445 392

2190 492 2331 541 esse,
2361 478 2448 548 qui
2481 475 2595 533 htec
2617 485 2671 531 et
2691 477 3010 546 praedixerat
3038 487 3091 532 et
3116 477 3453 548 praeviderat,
3481 488 3534 536 et
3561 493 3624 538 se
3662 496 3784 538 non

2189 576 2249 622 ut.
2275 569 2444 623 malos
2476 579 2530 624 et
2561 578 2902 638 corruptores
2931 569 3045 624 haec
3071 583 3190 625 esse
3217 584 3487 640 passuros.
3534 574 3614 626 Ad
3653 571 3779 628 haec

2189 673 2318 713 vero
2355 673 2458 713 non
2501 673 2714 729 parvam
2755 659 2913 714 aliam
2948 660 3365 715 consolationem
3398 663 3600 729 adjicit,
3640 664 3775 719 dum

2187 751 2259 803 ait
2289 767 2301 802 :
2339 749 2422 804 19.
2451 748 2577 803 Cum
2613 760 2776 803 autent
2820 751 3016 804 tradent
3061 766 3166 815 vos,
3199 753 3356 806 nolite
3391 756 3610 824 cogitare
3643 772 3779 825 quo-

2187 842 2338 895 modo
2375 852 2463 894 aut
2503 842 2624 911 quid
2663 843 2985 909 loquamini:
3010 843 3210 896 dabitur
3247 845 3379 898 enim
3421 847 3556 899 vobis
3599 848 3648 898 in
3679 847 3778 900 illa

2189 933 2314 985 liora
2341 933 2462 1001 quid
2481 932 2774 1001 loquamini.
2811 932 2901 987 20.
2935 932 3054 987 Non
3079 935 3210 987 enim
3248 951 3334 988 vos
3361 937 3478 990 estis
3497 939 3583 1006 qui
3609 940 3776 1006 loqui-

2188 1025 2333 1088 mini,
2358 1025 2445 1077 sed
2471 1024 2692 1094 Spiritus
2718 1023 2890 1080 Patris
2918 1026 3067 1079 uestri
3087 1027 3172 1095 qui
3193 1025 3414 1096 loquitur
3433 1028 3484 1081 in
3510 1031 3667 1081 vobis.
3693 1029 3778 1084 Ne

2188 1115 2429 1169 dicerent
2479 1116 2640 1179 enim,
2699 1115 2978 1181 Quomodo
3014 1117 3338 1185 persuadere
3378 1120 3672 1188 poterimus
3717 1121 3776 1175 in

2192 1211 2351 1261 tantis
2391 1208 2583 1262 rebus?
2606 1207 2759 1277 jubet
2803 1210 3073 1264 conlidere
3120 1211 3186 1266 de
3229 1213 3558 1282 suggerenda
3585 1213 3780 1269 defen-

2188 1301 2358 1354 sioue.
2395 1302 2530 1356 Alibi
2559 1317 2769 1371 quoque
2794 1303 2861 1356 ait
2893 1320 2907 1356 :
2941 1303 3051 1374 Ego
3083 1304 3212 1358 dabo
3242 1306 3378 1359 vobis
3407 1322 3463 1360 os
3487 1317 3534 1360 et
3561 1307 3774 1376 sapien-

2189 1397 2311 1447 tiam
2339 1392 2489 1465 (Luc.
2532 1395 2622 1448 21.
2659 1395 2785 1465 15);
2837 1395 2920 1449 hic
2949 1411 3096 1460 vero,
3141 1396 3370 1467 Spiritus
3403 1396 3576 1452 Patris
3624 1399 3779 1452 vestri

2187 1488 2377 1558 estqui
2406 1487 2628 1556 loquitur
2654 1489 2707 1541 itt
2733 1487 2887 1552 vobis,
2934 1489 3000 1544 ad
3046 1490 3424 1560 prophetarum
3457 1491 3774 1562 dignitatem

2187 1579 2333 1648 ipsos
2382 1580 2672 1638 adducens.
2728 1582 3081 1652 QuaprOpter,
3130 1599 3250 1639 cum
3296 1585 3472 1640 datam
3518 1587 3778 1643 virtutem

2188 1672 2426 1740 exponit,
2457 1681 2583 1727 tunc
2610 1683 2664 1728 et
2690 1674 2825 1727 mala
2862 1674 3120 1745 adjungit.
3153 1676 3330 1731 caedes
3354 1689 3408 1732 et
3435 1678 3720 1734 homicidia
3755 1698 3774 1736 :

2186 1761 2278 1816 21.
2309 1761 2496 1816 Tradet
2521 1764 2652 1818 enim
2682 1764 2840 1832 frater
2868 1768 3076 1836 fratrem
3111 1767 3165 1820 in
3198 1777 3428 1832 mortem,
3464 1779 3510 1822 et
3541 1782 3682 1839 pater
3709 1771 3778 1839 ﬁ-

2189 1856 2332 1921 lium,
2352 1866 2397 1909 et
2422 1857 2680 1928 insurgent
2705 1859 2797 1927 ﬁlii
2821 1858 2875 1911 in
2900 1870 3149 1929 parentes,
3178 1871 3223 1914 et
3244 1872 3402 1915 morte
3425 1863 3639 1933 aﬁirient
3664 1880 3774 1920 eos.

2187 1947 2370 2019 Neque
2397 1949 2483 2005 hic
2512 1952 2677 2016 stetit,
2709 1951 2802 2006 sed
2829 1951 2984 2022 longe
3026 1951 3362 2008 horribiliora
3391 1957 3608 2025 adjecit,
3650 1973 3776 2027 qua:

2191 2042 2396 2109 possint
2416 2042 2498 2096 vel
2519 2052 2722 2111 petram
2742 2059 3098 2101 commovere.
3117 2045 3207 2100 9.2.
3232 2046 3293 2100 Et
3315 2049 3451 2102 eritis
3470 2051 3587 2102 odio
3608 2052 3778 2103 οιηηὶ.

2187 2132 2299 2213 ὑιιδ³
2344 2134 2438 2189 Hic
2465 2136 2624 2189 etiam
2651 2138 2947 2192 consolatio
2973 2139 3277 2209 adjungitur
3301 2157 3316 2205 ;
3348 2140 3568 2211 Propter
3591 2161 3778 2198 nomen

2189 2244 2376 2294 nteant,
2406 2230 2595 2299 inquit,
2627 2231 2741 2285 hmc
2763 2231 3067 2299 patiemini;
3098 2243 3149 2286 et
3171 2249 3357 2287 rursus
3381 2234 3480 2287 alia
3513 2251 3524 2287 :
3555 2234 3658 2299 Qui
3679 2254 3778 2288 au-

2189 2330 2286 2374 tem
2314 2324 2696 2390 perseveraverit
2722 2341 2877 2396 usque
2909 2326 2960 2379 in
2989 2327 3161 2394 liuent,
3195 2328 3276 2380 hic
3300 2328 3470 2382 salvus
3497 2331 3609 2382 erit.
3647 2330 3774 2386 Ila-c

2187 2413 2349 2467 etiam
2390 2413 2498 2469 alio
2538 2415 2699 2468 modo
2735 2432 2916 2470 eorum
2965 2419 3171 2472 animos
3210 2419 3417 2488 erigere
3457 2423 3694 2489 pbssent,
3729 2422 3776 2476 si

2190 2514 2333 2561 tanta
2373 2507 2544 2561 futura
2602 2518 2719 2562 erat
2766 2508 3157 2578 praedicationis
3200 2521 3455 2578 potestas,
3496 2522 3548 2566 ut
3581 2526 3774 2567 natura

2188 2597 2622 2667 inhonoraretur,
2670 2601 2920 2672 cognatio
2964 2610 3018 2656 et
3057 2599 3293 2655 affinitas
3334 2602 3675 2672 abjiceretur,
3720 2615 3777 2660 et

2187 2691 2408 2747 verbum
2453 2693 2548 2748 Dei
2591 2693 2839 2749 omnibus
2887 2703 3326 2764 anteponeretur,
3371 2697 3513 2767 quod
3560 2696 3777 2752 fortiter

2187 2784 2365 2838 omnia
2393 2784 2722 2854 dispelleret.
2750 2783 2881 2839 Nam
2908 2786 2953 2839 si
2975 2795 3177 2840 natura:
3203 2787 3284 2841 vis
3311 2802 3416 2842 non
3446 2796 3624 2859 potest
3649 2786 3776 2846 huic

2185 2877 2421 2931 sermoni
2452 2877 2725 2944 resistere,
2757 2876 2852 2932 sed
2881 2875 2967 2932 illa
2994 2878 3302 2934 dissolvitur
3325 2890 3379 2935 et
3403 2881 3771 2947 conculcatur,

2186 2967 2313 3037 quid
2353 2967 2495 3022 aliud
2532 2984 2629 3023 vos
2675 2983 2930 3038 superare
2969 2969 3201 3038 poterit?
3244 2969 3358 3026 Non
3407 2978 3607 3038 tamen,
3647 2975 3772 3044 quia

2188 3057 2304 3114 haec
2332 3059 2402 3114 ita
2441 3075 2502 3115 se
2545 3059 2836 3128 habebunt,
2880 3074 2975 3116 vos
3005 3061 3058 3116 in
3099 3063 3386 3118 Securitatc
3424 3064 3636 3126 vivetis,
3675 3065 3771 3120 scd

2187 3165 2501 3207 communes
2533 3152 2796 3208 habebitis
2841 3152 3082 3210 inimicos
3125 3164 3180 3210 ct
3213 3155 3396 3210 hostes
3421 3171 3516 3210 eos
3544 3158 3632 3226 qui
3667 3170 3774 3213 ter-

2187 3256 2366 3297 rarum
2391 3243 2576 3300 orbem
2607 3243 2866 3300 habitant.

2250 3328 2305 3383 4.
2341 3328 2648 3398 Philosophi
2679 3343 2867 3388 veteres
2922 3333 3101 3406 quales
3154 3341 3362 3410 fuerint.
3391 3373 3464 3383 —
3486 3341 3586 3399 Ubi
3621 3364 3769 3406 nunc

2179 3423 2370 3479 Plato?
2398 3426 2488 3480 ubi
2515 3426 2888 3499 Pythagoras?
2919 3431 3006 3484 ubi
3041 3433 3351 3490 Stoicorum
3385 3438 3536 3492 turba
3565 3440 3588 3493 ?
3618 3441 3772 3497 Plato

2178 3529 2344 3580 certe,
2379 3517 2500 3573 licet
2529 3534 2778 3589 magnum
2807 3537 3171 3593 consequutus
3227 3526 3507 3593 honorem,
3539 3547 3605 3584 eo
3648 3534 3773 3588 red-

2185 3617 2336 3662 actus
2362 3607 2454 3660 fttit
2479 3611 2704 3663 utetiam
2729 3612 3052 3669 venderetur
3083 3619 3179 3685 (a),
3203 3617 3333 3672 nihil
3361 3634 3546 3674 eorum
3571 3639 3692 3691 quae
3715 3623 3773 3678 in

2180 3709 2360 3754 mente
2380 3701 2611 3756 habebat
2631 3703 2849 3758 effici-rc
2867 3717 3064 3773 posset,
3086 3709 3321 3778 nihilque
3338 3725 3525 3766 eorum
3544 3731 3664 3782 qum
3682 3731 3772 3770 vo.

2183 3792 2324 3847 lebat
2345 3796 2431 3847 uni
2463 3805 2688 3865 tyranno
2715 3800 2940 3854 suadere
2972 3803 3236 3869 potuerit;
3270 3803 3357 3859 hic
3374 3819 3552 3860 autem
3579 3809 3770 3877 prodi-

2184 3887 2249 3939 tis
2270 3887 2562 3957 discipulis,
2586 3891 2963 3947 miserabiliter
2981 3896 3140 3948 vitam
3167 3897 3378 3952 clausit.
3408 3899 3608 3971 Cynica
3638 3918 3771 3958 vero

2180 3979 2297 4034 lues
2325 3983 2474 4051 quasi
2505 3984 2772 4038 somnium
2801 3995 2856 4039 et
2878 3987 3062 4042 umbra
3097 3991 3370 4057 praeteriit.
3403 3991 3628 4047 Etiamsi
3660 3994 3774 4050 illis

2179 4073 2313 4128 nihil
2336 4075 2512 4130 simile
2538 4077 2814 4145 acciderit,
2842 4081 2948 4136 imo
2974 4095 3071 4150 per
3100 4095 3378 4140 externam
3407 4087 3552 4140 illam
3586 4088 3771 4158 philo-

2179 4167 2421 4236 sOphiam
2452 4167 2582 4222 clari
2616 4170 2939 4235 riderentur,
2963 4175 3171 4229 etiamsi
3191 4177 3548 4233 Athenienses
3568 4181 3775 4249 episto-

2182 4258 2259 4312 las
2284 4259 2518 4314 Platonis
2548 4276 2644 4329 per
2675 4263 2895 4319 Dionem
2925 4266 3118 4319 missas
3146 4269 3356 4336 publice
3383 4273 3773 4342 exposueriut:

2178 4363 2411 4408 attamen
2455 4363 2566 4408 toto
2596 4367 2836 4429 tetnpore
2881 4358 2932 4412 in
2959 4363 3341 4431 tranquillitate
3383 4365 3684 4437 degebant,
3716 4379 3776 4424 et

2179 4445 2370 4512 opibus
2417 4462 2522 4500 non
2565 4450 2748 4516 paucis
2799 4450 3111 4506 afﬂuebant.
3145 4455 3234 4510 Sic
3270 4457 3415 4511 enim
3461 4460 3775 4531 Aristippus

2179 4551 2373 4606 magno
2392 4539 2565 4606 pretio
2595 4549 2770 4595 scorta
2801 4544 3054 4599 conduxit
3085 4546 3188 4619 (b);
3219 4549 3352 4603 alius
3386 4560 3773 4612 testamentum

2179 4629 2434 4697 scripsit,
2465 4646 2568 4685 non
2601 4648 2816 4700 parvam
2867 4638 3177 4707 relinquens
3209 4639 3561 4698 hereditatem
3588 4663 3602 4710 ;
3634 4648 3778 4703 alius

2181 4735 2340 4788 supra
2372 4722 2661 4792 discipulos
2689 4727 2865 4795 pontis
2897 4729 3065 4782 instar
3089 4733 3393 4788 substratos
3418 4739 3729 4804 pertransiit
3755 4759 3771 4806 ;

2179 4811 2535 4882 Sinopensem
2556 4824 2731 4870 autem
2749 4817 2892 4871 illum
2910 4819 3084 4875 ferunt
3114 4822 3163 4876 in
3180 4821 3298 4878 foro
3319 4828 3544 4895 turpiter
3565 4833 3769 4898 egisse.

2180 4905 2307 4961 llaec
2331 4919 2456 4964 sunt
2485 4910 2698 4965 illorum
2749 4915 3003 4982 prmclara
3033 4915 3294 4974 facinora.
3322 4925 3392 4976 At
3411 4923 3542 4979 nihil
3575 4928 3774 4981 horum

2190 4995 2282 5053 hic
2309 4998 2650 5065 observatur,
2683 5003 2778 5060 sed
2813 5005 3165 5076 temperantia
3187 5023 3555 5083 perseverans,
3582 5018 3775 5074 mode-

2174 5091 2275 5146 stia
2301 5092 2561 5163 exquisita
2581 5133 2596 5156 ,
2629 5091 2825 5147 bellum
2855 5101 3038 5147 contra
3071 5100 3239 5149 totum
3269 5094 3455 5150 orbem
3494 5110 3592 5163 pro
3624 5100 3768 5151 teri-

2175 5191 2281 5238 tate
2305 5198 2367 5239 ac
2389 5198 2484 5254 pro
2505 5183 2782 5254 religione.
2814 5185 2936 5240 hinc
2957 5185 3196 5254 ipsorum
3216 5187 3541 5257 quotidiana:
3559 5189 3760 5255 czedes,

2171 5285 2226 5329 et
2253 5285 2372 5345 post
2398 5276 2513 5330 haec
2541 5275 2821 5346 splendida
2844 5287 3064 5348 tropaea.
3095 5280 3164 5332 At
3183 5291 3330 5345 sunt,
3356 5279 3618 5349 inquiunt,
3642 5282 3766 5350 qni-

2171 5365 2294 5421 dam
2325 5367 2464 5438 apud
2491 5367 2609 5423 illos
2634 5367 2798 5423 duces
2825 5368 3091 5438 praeclari,
3125 5378 3181 5423 ut
3208 5368 3630 5438 Themistocles,
3660 5371 3766 5427 Pe-

2230 5505 2304 5569 (a)
2335 5505 2467 5564 quod
2487 5506 2566 5555 hic
2577 5504 2758 5569 dicitur
2775 5505 2840 5554 de
2873 5504 3085 5569 Platone,
3117 5505 3358 5569 quomodo
3377 5517 3409 5554 ι
3429 5503 3661 5569 Dionysio
3684 5513 3764 5569 ty-

2165 5566 2549 5630 rann’oitraditus
2569 5566 2736 5630 fuerit,
2759 5576 2815 5616 ut
2830 5566 3234 5630 venundaretur,
3253 5568 3430 5630 deque
3439 5566 3762 5630 ejusepistb-

2245 5630 2305 5703 ad
2328 5629 2556 5703 Dionem,
2582 5629 2692 5679 vide
2713 5629 2840 5693 apud
2862 5628 3139 5694 Diogenem
3160 5627 3398 5679 Laertitim
3419 5627 3502 5678 liii.
3516 5629 3569 5690 5,
3587 5627 3638 5677 iit
3659 5631 3761 5681 vita

2163 5692 2409 5818 r'ii‘inii}:
2432 5755 2652 5818 Aristippi
2675 5753 2866 5818 luxuria
2889 5753 3001 5806 vide
3033 5753 3157 5818 apud
3195 5751 3475 5818 Diogenem
3508 5753 3761 5809 [statim

2158 5814 2196 5866 ι.
2214 5814 2265 5878 2',
2279 5814 2332 5866 in
2352 5819 2450 5868 vita
2472 5814 2710 5880 aristippi.
