4074 6358
310 367 415 423 595

314 484 496 538 rietes.
528 480 720 533 Verum
748 477 864 531 haec
893 486 1179 545 puerorum
1206 470 1369 538 inepti
1393 468 1504 522 ludi
1531 476 1677 531 sunt,
1707 464 1751 519 si
1771 477 1893 517 eum

316 576 641 644 piscatorum
682 567 844 639 gestis
883 572 1279 633 comparentur.
1322 559 1459 627 Quid
1487 559 1628 614 enim
1656 556 1725 612 de
1755 555 1896 610 The-

315 664 564 718 mistocle
590 658 826 714 dixeris?
864 654 1017 723 Quod
1056 651 1468 706 Atheniensibus
1494 656 1552 703 ut
1580 661 1743 702 naves
1770 661 1900 701 eon-

317 752 644 806 srenderent
674 746 932 807 suaserit,
968 759 1090 799 cum
1120 742 1327 795 Xerxes
1354 739 1611 795 Grzeciam
1638 737 1779 792 bello
1805 740 1904 789 im-

268 836 277 849 ¹
317 842 566 912 peteret?
598 837 693 893 Hic
718 851 876 906 porro
902 848 1005 887 non
1030 832 1207 886 Xerxe
1236 831 1544 898 impotente,
1571 826 1664 881 sed
1693 825 1904 880 diabolo

318 947 443 986 cum
480 929 613 984 orbe
657 936 769 982 toto
802 933 856 979 et
894 922 1046 977 turba
1086 921 1387 975 daemonum
1414 918 1691 971 innumera
1719 924 1906 969 contra

318 1023 611 1079 duodecim
643 1020 762 1074 illos
789 1019 1058 1078 irruente;
1087 1029 1192 1066 non
1219 1010 1364 1066 brevi
1391 1020 1627 1077 tempore
1646 1049 1661 1074 ,
1694 1006 1787 1062 sed
1816 1021 1908 1075 per

325 1126 500 1169 totum
524 1114 645 1167 vita:
668 1111 893 1180 spatium
915 1106 1157 1161 vicerunt
1183 1103 1259 1157 illi
1283 1112 1336 1159 et
1355 1109 1673 1170 superarunt
1702 1116 1714 1150 :
1742 1098 1910 1168 quod—

323 1224 431 1277 que
482 1207 676 1259 mirum
714 1210 817 1266 est,
845 1214 951 1253 non
989 1199 1143 1252 caasis
1181 1194 1443 1255 hostibus,
1479 1191 1574 1245 sed
1618 1190 1835 1244 mutatis
1858 1196 1913 1243 et

326 1296 631 1351 conversis.
676 1292 808 1347 Illud
851 1291 993 1345 enim
1036 1287 1266 1343 maxime
1302 1286 1494 1355 ubique
1523 1281 1912 1337 observandum

327 1401 445 1456 est,
498 1389 644 1458 ipsos
688 1400 786 1440 nec
828 1382 1087 1438 occidisse
1131 1394 1229 1433 nec
1272 1376 1535 1432 delevisse
1580 1374 1916 1429 insidiatores

328 1498 459 1540 suos
478 1526 496 1551 ,
528 1481 621 1536 sed
650 1495 770 1535 eum
801 1479 921 1532 illos
944 1474 1275 1531 daemonibus
1308 1485 1461 1536 pares
1490 1469 1788 1537 cepissent,
1822 1482 1917 1519 an-

331 1579 469 1649 gelis
496 1576 728 1645 tequales
754 1572 962 1634 fecisse,
984 1569 1271 1623 humanam
1294 1573 1534 1619 naturam
1559 1562 1657 1615 hac
1681 1559 1919 1629 improba

335 1667 623 1738 tyrannide
653 1665 963 1727 liberantes,
994 1660 1113 1713 illos
1139 1666 1314 1711 autem
1346 1656 1600 1710 scelestos
1626 1651 1917 1716 daemones,

334 1760 427 1828 qui
454 1758 637 1813 omnia
668 1753 1087 1815 conturbabant,
1115 1766 1144 1803 a
1171 1748 1347 1802 medio
1376 1747 1492 1799 foro
1515 1754 1569 1800 et
1588 1759 1617 1797 a
1643 1741 1920 1804 domibus,

337 1852 453 1905 imo
488 1851 651 1905 etiam
696 1863 724 1901 a
772 1847 987 1901 deserto
1026 1843 1363 1912 expulerunt.
1392 1836 1769 1892 Testificantur
1796 1830 1925 1886 illud

340 1942 501 1995 chori
531 1937 939 1999 monachorum,
967 1935 1057 2005 qui
1086 1932 1279 2001 ubique
1309 1928 1526 2000 plantati
1552 1940 1707 1991 sunt,
1742 1936 1795 1978 et
1820 1938 1925 1977 non

342 2033 506 2087 modo
533 2032 820 2086 babitatam
851 2038 1068 2091 terram,
1099 2026 1191 2081 sed
1213 2035 1265 2081 et
1289 2040 1395 2079 non
1423 2021 1709 2075 habitatum
1732 2032 1929 2086 expur-

339 2134 559 2195 garunt.
602 2124 861 2194 Quodque
906 2120 1199 2175 mirabilius
1236 2125 1339 2181 est,
1371 2130 1477 2170 non
1519 2115 1773 2168 instructa
1817 2109 1931 2165 acie

347 2218 452 2271 hoc
478 2217 766 2280 faciebant,
794 2214 888 2269 sed
921 2212 1061 2267 male
1084 2210 1248 2265 habiti
1280 2206 1570 2277 implebant
1597 2203 1795 2258 omnia.
1828 2200 1932 2255 Ea—

347 2309 553 2363 bebant
576 2309 717 2361 enim
750 2307 801 2359 in
827 2302 1005 2358 medio
1035 2302 1235 2371 positos
1259 2300 1375 2353 illos
1396 2298 1590 2352 infirme
1611 2289 1931 2348 conditionis

348 2403 519 2465 viros,
544 2416 677 2471 quos
701 2398 952 2469 ligabant,
969 2393 1338 2458 verberabant,
1363 2387 1815 2458 eircumagebant,
1834 2396 1935 2437 nec

352 2504 602 2564 poterant
628 2508 810 2546 eorum
833 2505 924 2544 ora
953 2486 1203 2543 claudere
1229 2502 1242 2537 :
1274 2483 1366 2538 sed
1394 2483 1532 2537 sicut
1559 2479 1766 2534 radium
1806 2474 1936 2530 solis

353 2589 560 2643 vincire
601 2600 758 2641 nemo
802 2592 1009 2653 potest,
1048 2582 1124 2635 sic
1152 2594 1256 2633 non
1289 2584 1529 2646 poterant
1568 2575 1801 2643 ipsorum
1832 2569 1939 2623 lin-

354 2695 515 2750 guam
541 2677 780 2745 alligare.
821 2674 984 2743 Cujus
1015 2672 1089 2726 rei
1118 2683 1276 2724 causa
1309 2676 1423 2723 erat
1447 2706 1461 2729 ,
1485 2680 1590 2720 non
1622 2663 1697 2716 illi
1723 2659 1938 2731 quidem

356 2770 449 2839 qui
495 2767 883 2837 loquebantur,
930 2762 1026 2818 sed
1069 2760 1297 2829 Spiritus
1338 2758 1527 2810 virtus.
1572 2753 1660 2809 Sic
1697 2752 1857 2820 igitur
1886 2758 1941 2805 et

360 2862 559 2916 Paulus
590 2860 715 2913 vicit
737 2858 1022 2927 Agrippam
1045 2895 1059 2917 ,
1084 2861 1139 2908 et
1162 2852 1251 2922 qui
1275 2849 1475 2905 scelere
1501 2845 1744 2901 vincebat
1772 2840 1945 2896 homi-

360 2969 459 3007 nes
484 2965 670 3007 omnes
696 2949 960 3004 Neronem
993 2964 1005 3000 :
1033 2944 1285 2998 Dominus
1307 2941 1440 2995 enim
1469 2937 1591 2992 mihi
1614 2935 1828 2999 adstitit,
1857 2932 1941 2986 in-

362 3046 518 3113 quit,
560 3054 605 3096 et
650 3040 948 3110 confortavit
1002 3055 1118 3103 me,
1166 3044 1213 3088 et
1256 3034 1387 3088 eruit
1430 3047 1508 3085 me
1550 3030 1612 3083 de
1652 3043 1738 3082 ore
1788 3024 1944 3079 leonis

367 3139 446 3207 (‘2.
480 3137 616 3191 Tim.
644 3137 697 3191 ὁ.
724 3135 836 3204 l7).
862 3133 941 3186 Tu
966 3145 1092 3185 vero
1121 3128 1335 3189 mirare,
1358 3121 1625 3195 quomodo
1646 3118 1942 3182 audientes,

368 3230 550 3284 Nolite
575 3227 779 3282 solliciti
805 3240 927 3287 esse,
953 3231 1007 3277 et
1030 3218 1392 3297 crediderunt,
1418 3222 1471 3269 et
1491 3214 1941 3280 obtemperarunt,

368 3323 611 3391 nihilque
638 3335 708 3375 ex
742 3314 1064 3372 terribilibus
1086 3319 1345 3387 terrorem
1376 3306 1505 3375 ipsis
1528 3302 1767 3359 incussit.
1796 3297 1947 3365 Quod

369 3418 417 3472 si
445 3417 595 3471 dicas
619 3456 633 3479 ,
670 3413 915 3467 idoneam
945 3406 1073 3476 ipsis
1094 3399 1511 3459 consolationem
1547 3396 1758 3450 dedisse
1780 3390 1948 3473 Chri-

372 3519 514 3564 stum
536 3521 657 3561 cum
679 3503 831 3567 dixit,
857 3499 1082 3570 Spiritus
1104 3494 1277 3548 Patris
1299 3491 1444 3546 vestri
1465 3490 1557 3543 erit
1585 3488 1668 3557 qui
1690 3487 1916 3556 loquetur
1932 3499 1951 3537 :

372 3609 431 3656 et
457 3599 580 3654 ideo
607 3592 838 3650 maxime
865 3599 1054 3658 stupeo
1078 3627 1094 3653 ,
1135 3583 1274 3655 quod
1304 3596 1403 3638 nec
1430 3578 1821 3641 dubitaverint,
1854 3589 1953 3629 nec

375 3689 590 3749 liberari
616 3705 647 3743 a
670 3687 822 3741 malis
848 3680 1150 3753 rogaverint
1180 3695 1192 3731 :
1220 3685 1273 3731 et
1293 3676 1427 3737 haec,
1460 3688 1563 3726 non
1595 3669 1801 3724 duobus
1824 3708 1838 3731 ,
1865 3665 1953 3722 vel

377 3786 550 3842 triLus
573 3784 727 3837 annis
752 3783 850 3834 ista
880 3776 1106 3848 passuri,
1149 3772 1241 3828 sed
1282 3786 1374 3839 per
1415 3777 1573 3821 totam
1599 3766 1778 3819 vitam.
1822 3760 1956 3815 Illud

378 3879 521 3932 enim
548 3875 770 3934 dictum,
800 3870 899 3936 Qui
923 3876 1089 3920 autem
1115 3859 1497 3934 perseveraverit
1522 3872 1677 3922 usque
1702 3854 1753 3910 in
1781 3852 1953 3920 ﬁnem,

379 3971 461 4022 hic
504 3966 671 4021 salvus
713 3962 838 4026 erit,
879 3958 980 4012 boc
1023 3953 1341 4010 subindicat.
1373 3949 1495 4003 Vult
1518 3947 1657 4001 enim
1692 3946 1829 3999 Deus
1850 3957 1958 3997 non

380 4076 476 4114 sua
507 4064 706 4111 mutum
736 4067 868 4121 ope,
913 4048 1011 4104 sed
1048 4049 1279 4115 ipsorum
1317 4039 1587 4112 proposito
1626 4051 1786 4107 opera
1820 4034 1959 4088 bona

383 4151 519 4205 ﬁeri.
552 4144 829 4215 Perpende
857 4143 1031 4210 itaque
1061 4140 1112 4193 in
1133 4132 1498 4207 superioribus
1519 4172 1533 4196 ,
1566 4128 1831 4199 quomodo
1857 4127 1960 4181 alia

386 4246 514 4305 Dei,
544 4240 647 4295 alia
674 4236 1056 4305 discipulorum
1084 4231 1206 4285 sint.
1241 4228 1372 4283 Nam
1402 4226 1550 4295 signa
1577 4222 1754 4276 facere
1773 4261 1789 4286 ,
1820 4218 1962 4275 illius
1998 4282 1999 4285 η

385 4348 538 4402 sunt;
572 4334 705 4390 nihil
731 4330 1021 4402 possidere,
1045 4325 1446 4395 discipulorum.
1481 4322 1707 4374 Rursum
1730 4360 1745 4385 ,
1773 4317 1963 4371 domos

388 4444 575 4485 omnes
602 4425 842 4494 aperire,
870 4424 1113 4490 superum
1139 4416 1322 4487 gratite
1350 4422 1462 4478 est;
1494 4412 1622 4465 nihil
1650 4417 1841 4479 praeter
1871 4421 1965 4462 ne-

389 4518 620 4576 cessaria
645 4526 842 4586 petere,
860 4510 1236 4580 discipulorum
1265 4502 1644 4577 philosophiae;
1674 4501 1867 4569 Dignus
1896 4506 1966 4553 est

392 4614 526 4667 enim
554 4609 813 4681 operarius
837 4605 1063 4659 mercede
1081 4618 1196 4656 sua.
1228 4600 1417 4657 Pacem
1444 4597 1571 4652 dare
1590 4637 1605 4661 ,
1650 4594 1740 4649 Dei
1768 4592 1964 4648 donum

392 4713 505 4766 est;
533 4701 721 4769 dignos
745 4710 1016 4768 quzerere,
1048 4708 1147 4747 nec
1170 4705 1357 4746 omnes
1388 4685 1846 4743 indiscrimiuatim
1874 4682 1968 4736 ad-

395 4795 493 4859 ire,
518 4792 751 4859 ipsorum
781 4785 1143 4856 temperantia:
1164 4792 1265 4838 est.
1297 4781 1419 4835 lllos
1440 4779 1528 4849 qui
1548 4778 1834 4845 discipulos
1860 4791 1965 4830 non

396 4884 659 4953 recipiunt
695 4877 911 4942 ulcisci,
945 4877 1039 4932 Dei
1066 4885 1145 4931 est
1179 4892 1192 4928 :
1224 4890 1341 4929 cum
1373 4872 1628 4927 modestia
1654 4869 1927 4923 discedere
1950 4909 1965 4932 ,

399 4976 545 5032 nullo
572 4973 766 5043 injecto
792 4970 1005 5039 probro,
1028 4968 1110 5021 vel
1136 4965 1475 5038 contumelia,
1498 4963 1801 5031 apostolicze
1824 4975 1973 5019 man-

399 5066 715 5127 suetudinis.
746 5062 998 5131 Spiritum
1027 5060 1174 5125 dare,
1206 5068 1260 5113 et
1284 5055 1693 5112 sollicitudinem
1716 5053 1970 5117 adimere,

402 5160 657 5216 mittentis
693 5163 809 5211 erat
836 5172 850 5209 :
879 5167 1006 5209 oves
1035 5162 1087 5206 et
1128 5149 1400 5205 columbas
1438 5146 1665 5209 imitari,
1706 5154 1760 5199 et
1798 5144 1972 5199 omnia

405 5253 608 5307 fortiter
640 5247 776 5302 ferre
796 5288 812 5311 ,
849 5245 914 5297 ad
956 5244 1164 5297 illorum
1189 5241 1539 5295 constantiam
1561 5246 1614 5291 et
1644 5235 1974 5306 prudentiam

406 5340 723 5412 pertinebat.
771 5336 906 5391 0dio
948 5333 1161 5397 haberi,
1206 5346 1303 5386 nec
1329 5330 1506 5384 animo
1533 5327 1815 5383 concidere
1838 5368 1851 5392 ,
1883 5326 1977 5381 sed

410 5445 769 5503 perseverare,
800 5428 1035 5497 ipsorum
1064 5432 1209 5488 erat;
1240 5429 1644 5493 perseverantes
1682 5418 1857 5472 salvos
1895 5416 1977 5472 fa-

409 5541 549 5591 cere,
578 5524 855 5577 mittentis.
881 5518 1003 5572 Ideo
1030 5515 1257 5577 diccbat,
1293 5512 1393 5580 Qui
1413 5520 1578 5565 autem
1599 5510 1981 5581 perseveraverit

410 5633 562 5688 usque
580 5616 632 5668 in
661 5615 830 5681 finem,
855 5610 935 5664 Itic
959 5608 1127 5662 salvus
1148 5607 1261 5661 erit.

478 5710 530 5765 5.
566 5702 686 5761 Non
708 5708 873 5778 fervor
898 5701 1155 5772 fugitivus,
1184 5698 1271 5751 sed
1300 5695 1664 5768 perseverantia
1690 5693 1984 5764 prodest.—

414 5802 546 5859 Nam
585 5795 706 5866 quia
747 5794 918 5851 solent
946 5791 1097 5847 multi
1130 5790 1277 5845 initio
1309 5788 1571 5845 ferventes
1612 5802 1729 5844 esse
1752 5826 1766 5852 ,
1796 5794 1983 5857 postea

1273 354 1335 409 IN
1376 349 1781 408 ΜΑΤἸἮᾸΞΠΜ
1821 347 2052 403 HOMIL.
2094 346 2334 402 XXXIII.
2377 362 2448 399 ai.
2492 344 2728 401 XXXIV.

3487 344 3594 401 594

2019 471 2147 515 vero
2176 460 2367 515 resolvi
2412 473 2474 513 ac
2507 458 2683 527 dejici,
2714 458 2833 512 ideo
2862 457 2967 522 ait,
3002 456 3190 513 Finem
3216 474 3416 528 qumro.
3458 462 3594 528 Quid

2011 553 2154 605 enim
2191 565 2324 620 Opus
2363 560 2446 604 est
2483 551 2773 604 seminibus
2803 549 2951 604 initio
2977 549 3213 616 ﬂoridis,
3239 552 3382 606 brevi
3408 567 3587 610 autem

2014 650 2197 707 postea
2226 639 2621 695 arescentibus?
2649 639 2771 694 ldco
2795 650 3221 708 perseverantem
3250 642 3319 695 ab
3345 643 3473 712 ipsis
3499 660 3590 712 pa-

2017 733 2255 787 tientiam
2284 732 2462 800 exigit.
2494 731 2571 786 Ne
2598 732 2717 800 quis
2743 731 2884 785 enim
2914 731 3153 795 diceret,
3180 732 3247 785 ab
3281 732 3395 801 ipso
3428 743 3595 788 totum

2016 826 2209 878 factum
2236 840 2388 890 esse,
2420 823 2655 894 nihilque
2681 824 2873 877 mirum
2898 838 3049 889 esse,
3082 822 3212 877 tales
3242 824 3403 879 fuisse
3435 826 3592 891 illos,

2018 919 2104 985 qui
2134 916 2263 970 nihil
2289 916 2498 970 onerosi
2522 914 2663 984 passi
2690 914 2815 978 sint,
2848 914 3043 968 idcirco
3071 913 3198 968 dicit
3224 914 3349 979 illis,
3375 915 3588 971 Patien-

2022 1009 2090 1061 tia
2119 1007 2267 1060 vobis
2303 1021 2435 1075 opus
2464 1014 2564 1060 est.
2606 1006 2825 1059 Etiamsi
2856 1006 2997 1059 enim
3027 1020 3119 1058 vos
3147 1022 3176 1058 a
3208 1006 3473 1074 prioribus
3505 1024 3595 1075 pc-

2022 1098 2203 1153 riculis
2228 1113 2431 1159 eruam,
2454 1096 2787 1166 gravioribus
2817 1111 2909 1150 vos
2935 1112 3171 1159 reservo,
3198 1113 3315 1165 qua:
3341 1099 3500 1150 etiam
3528 1099 3598 1151 ab

2022 1191 2140 1246 aliis
2173 1191 2541 1260 excipientur:
2572 1205 2669 1243 nec
2706 1190 2823 1243 linis
2860 1191 2961 1244 erit
2999 1190 3304 1244 insidiarum
3337 1208 3502 1261 usque
3530 1193 3597 1245 ad
3660 1186 3661 1191 “

2023 1296 2319 1337 extremum
2343 1283 2581 1337 halitum.
2606 1282 2715 1337 lloc
2730 1283 2869 1337 enim
2896 1282 3264 1349 subindicavit,
3284 1299 3404 1337 cuni
3428 1284 3560 1337 dixit
3585 1300 3597 1336 :

2027 1375 2126 1440 Qui
2145 1385 2311 1428 autem
2337 1375 2714 1444 perseveraverit
2744 1390 2898 1444 usque
2922 1376 2974 1427 in
2994 1376 3166 1443 ﬁnem,
3192 1376 3270 1427 hic
3296 1376 3465 1428 salvus
3487 1379 3598 1429 erit.

2027 1466 2147 1521 Ideo
2178 1466 2267 1535 qui
2298 1466 2444 1526 dicit,
2478 1464 2561 1518 Ne
2601 1464 2805 1519 solliciti
2848 1466 2955 1518 sitis
2993 1466 3113 1533 quid
3151 1466 3445 1534 loquamini,
3474 1467 3603 1521 alibi

2026 1559 2100 1611 ait
2130 1577 2144 1612 :
2175 1556 2355 1610 Parati
2384 1566 2534 1611 estote
2558 1558 2623 1610 ad
2648 1558 3213 1626 respondendumomui
3244 1559 3429 1625 petenti
3456 1576 3487 1611 a
3513 1575 3603 1611 vo-

2030 1653 2102 1706 bis
2126 1652 2371 1705 rationem
2397 1651 2459 1703 de
2481 1668 2569 1720 spe
2592 1662 2752 1705 vestra
2782 1651 2803 1722 (
2824 1653 2874 1706 1.
2904 1651 3044 1705 Petr.
3069 1654 3121 1706 5.
3157 1654 3223 1708 15
3246 1651 3283 1707 1.
3314 1654 3446 1708 Nam
3481 1669 3604 1709 cunt

2031 1756 2201 1811 pugna
2230 1743 2368 1796 inter
2394 1744 2593 1796 amicos
2617 1752 2718 1806 est,
2743 1759 2838 1795 nos
2858 1742 3009 1811 jubet
3031 1744 3285 1798 sollicitos
3310 1760 3457 1809 esse;
3482 1761 3601 1800 cum

2032 1843 2208 1887 autem
2234 1835 2482 1899 tribunal,
2505 1834 2739 1887 furentes
2766 1836 2967 1904 populi,
2994 1835 3151 1889 timor
3172 1835 3424 1907 undique,
3453 1853 3604 1892 suam

2035 1924 2236 1993 prtebet
2262 1926 2508 1993 gratiam,
2525 1935 2582 1978 ut
2605 1925 2826 1980 ﬁdenter
2847 1927 3143 1996 loquamur,
3167 1942 3267 1982 nec
3292 1937 3603 1993 terreamur,

2034 2014 2116 2067 vel
2159 2013 2415 2082 juSIitiam
2460 2016 2765 2084 prodamus.
2810 2015 2916 2071 Res
2958 2018 3137 2086 utique
3183 2033 3390 2087 magna,
3436 2021 3608 2074 vit-nm

2035 2107 2176 2159 circa
2216 2114 2401 2174 stagna
2430 2107 2631 2159 versari
2675 2107 2886 2160 solitum
2911 2146 2927 2171 ,
2963 2108 3102 2162 circa
3141 2109 3313 2178 pelles
3339 2120 3393 2163 et
3426 2110 3609 2164 telonii

2038 2214 2297 2262 mensam,
2326 2198 2630 2253 sedentibus
2657 2200 2910 2269 tyrannis,
2942 2209 2997 2254 et
3030 2202 3254 2271 satrapis
3279 2202 3612 2257 adstantibus-

2038 2298 2093 2344 et
2119 2290 2435 2345 satellitibus
2459 2331 2473 2355 ,
2505 2292 2701 2345 strictis
2737 2292 2924 2360 gladiis
2946 2333 2961 2358 ,
2990 2293 3469 2365 assistentibusque
3494 2298 3614 2350 aliis

2038 2382 2285 2437 omnibus
2310 2398 2431 2436 cum
2458 2382 2583 2447 illis,
2608 2385 2777 2437 solum
2809 2384 3124 2455 ingressum,
3158 2387 3414 2456 ligatum,
3446 2405 3615 2457 prono

2041 2477 2234 2544 capite,
2266 2477 2501 2544 potuisse
2532 2476 2617 2530 vel
2643 2492 2701 2530 os
2728 2478 2956 2545 aperire.
2983 2478 3192 2531 Etenim
3215 2478 3472 2533 doctrinm
3501 2496 3614 2534 sua:

2042 2582 2200 2621 causa
2231 2582 2298 2621 ne
2326 2566 2621 2622 defensioni
2652 2568 2865 2636 quidem
2899 2568 3072 2622 locum
3101 2569 3318 2635 dabant,
3351 2570 3444 2625 sed
3474 2573 3616 2641 ipsos

2044 2658 2191 2727 quasi
2218 2674 2529 2713 communes
2555 2660 2699 2713 orbis
2725 2674 3065 2728 corruptores
3090 2663 3366 2717 tormentis
3395 2662 3616 2733 deputa-

2044 2750 2189 2805 bant.
2213 2750 2363 2805 Nunc
2393 2751 2493 2817 Qui
2513 2754 2680 2804 orbem
2705 2761 2947 2805 terrarum
2969 2752 3275 2821 perturbant,
3309 2754 3363 2808 Iu'
3381 2764 3515 2821 sunt,
3541 2756 3619 2811 itt-

2045 2843 2177 2912 quit,
2202 2852 2248 2896 et
2277 2842 2357 2896 hic
2380 2843 2564 2895 adsunt
2587 2852 2680 2917 {et
2718 2858 2921 2906 rursus,
2947 2844 3197 2898 Adversus
3217 2845 3379 2899 edicta
3406 2846 3619 2900 Caesaris

2047 2934 2100 2987 hi
2129 2934 2425 3003 praedicant,
2448 2935 2664 2987 dicentes
2686 2933 2942 2988 Christum
2965 2934 3145 2989 Jesum
3168 2953 3272 2992 esse
3295 2953 3463 3007 regem
3482 2938 3616 3009 (Act.

2051 3025 2135 3078 17.
2168 3024 2219 3077 6.
2243 3024 2312 3093 7).
2355 3024 2558 3093 Ubique
2604 3024 2885 3079 tribunalia
2933 3024 3238 3094 bujusmodi
3282 3029 3621 3096 opinionibus

2052 3122 2416 3183 przeoccupata
2459 3121 2630 3178 erant,
2659 3124 2707 3169 et
2740 3115 2938 3170 auxilio
2972 3131 3203 3185 superno
3230 3119 3455 3171 multum
3485 3135 3624 3189 ege-

2051 3204 2198 3270 bant,
2227 3212 2286 3259 ut
2334 3204 2434 3259 hoc
2474 3215 2759 3276 utrumque
2796 3206 3103 3276 probarent,
3144 3217 3197 3262 et
3233 3208 3449 3278 dogma,
3484 3211 3624 3280 quod

2054 3298 2427 3368 praedicabant,
2449 3314 2631 3352 verum
2658 3313 2797 3362 esse,
2823 3306 2877 3354 et
2899 3299 3267 3355 communibus
3291 3300 3497 3371 legibus
3520 3317 3624 3356 non

2056 3391 2345 3455 adversari,
2364 3400 2526 3460 utque
2545 3391 2668 3445 dum
2689 3392 3029 3461 loquerentur
3043 3391 3109 3446 de
3121 3391 3383 3463 dogmate,
3399 3408 3467 3448 ne
3482 3394 3630 3448 vide-

2056 3492 2241 3540 rentur
2268 3484 2409 3553 leges
2434 3484 2744 3538 subvertere
2767 3525 2783 3550 ,
2816 3499 2878 3538 ac
2906 3499 3089 3538 rursus
3114 3484 3237 3540 dtnn
3264 3485 3630 3543 demonstrare

2057 3583 2380 3630 conarentur:
2403 3614 2416 3636 ,
2460 3586 2517 3626 se
2559 3568 2862 3628 communia
2908 3581 3105 3629 statuta
3136 3591 3240 3629 non
3270 3575 3502 3642 violare,
3533 3577 3631 3632 do-

2058 3676 2290 3735 gmatuni
2322 3666 2605 3734 puritatem
2638 3680 2703 3720 ne
2726 3676 3123 3734 corrumperent
3155 3684 3168 3722 :
3201 3683 3318 3737 qua:
3346 3667 3522 3727 omnia
3551 3670 3632 3722 vi-

2060 3756 2213 3812 debis
2247 3765 2306 3811 et
2339 3773 2369 3811 a
2409 3757 2587 3823 Petro,
2619 3766 2672 3811 et
2712 3772 2744 3812 a
2790 3758 2986 3825 Paulo,
3011 3768 3066 3814 et
3091 3775 3119 3812 a
3151 3760 3635 3819 caeterisomnibus

2061 3850 2349 3919 prudenter
2369 3850 2637 3905 observari
2658 3860 2711 3906 et
2730 3848 2891 3905 effici.
2922 3850 3132 3905 Etenim
3153 3860 3213 3906 ut
3236 3853 3439 3908 factiosi
3460 3862 3514 3908 et
3534 3869 3636 3907 no-

2064 3949 2273 3994 vatores
2297 3939 2491 4010 ubique
2512 3949 2797 3996 terrrarum
2814 3940 3197 3995 accusabantur
3215 3959 3228 3995 :
3247 3950 3477 3997 attamen
3500 3942 3638 3997 hanc

2064 4031 2139 4086 illi
2166 4031 2520 4101 suspicionem
2550 4031 2876 4101 repulerunt,
2899 4040 2953 4086 et
2980 4033 3300 4087 contrariam
3329 4033 3429 4088 sibi
3454 4034 3637 4092 conci-

2067 4123 2262 4178 liarunt
2284 4164 2300 4189 ,
2328 4123 2479 4193 quasi
2506 4132 2806 4178 servatores
2831 4163 2847 4187 ,
2875 4132 3150 4179 curatores
3168 4137 3231 4178 ac
3255 4122 3475 4178 benefici
3494 4125 3638 4195 apud
3686 4178 3701 4195 τ

2067 4234 2253 4274 omnes
2283 4217 2551 4272 celebrati.
2583 4216 2707 4271 lltec
2734 4225 2909 4270 autem
2930 4216 3107 4271 omnia
3134 4232 3197 4270 ex
3227 4216 3421 4287 ingenti
3446 4219 3642 4286 patien-

2068 4312 2138 4365 tia
2174 4307 2549 4379 operabantur.
2582 4306 2934 4374 Quamobrem
2962 4305 3169 4361 dicebat
3197 4305 3392 4361 Paulus
3416 4324 3429 4360 :
3457 4307 3639 4373 Quoti-

2070 4403 2151 4455 die
2175 4401 2362 4455 morior
2390 4399 2466 4471 (1.
2494 4397 2613 4453 Cor.
2648 4399 2735 4453 15.
2764 4398 2883 4467 51);
2912 4407 2968 4453 et
2995 4413 3163 4468 usque
3188 4398 3240 4454 in
3269 4398 3431 4455 finem
3460 4401 3511 4455 in
3543 4417 3633 4471 pet

2071 4494 2251 4548 riculis
2291 4490 2666 4562 perseveravit.
2708 4490 2818 4557 Qua
2864 4490 3021 4560 igitur
3048 4491 3202 4545 venia
3239 4491 3385 4563 digni
3434 4511 3645 4557 sumus.

2071 4589 2160 4659 qui
2188 4594 2265 4641 tot
2287 4585 2527 4653 exempla
2558 4583 2814 4637 habentes
2832 4584 2990 4638 etiam
3018 4584 3069 4638 in
3100 4599 3231 4654 pace
3250 4568 3481 4657 molliter
3507 4590 3641 4643 vivi-
3731 4603 3739 4610 ·

2073 4654 2190 4733 mus
2215 4692 2277 4730 ac
2300 4674 2611 4744 dejicimur?
2638 4672 2858 4728 Nemine
2873 4673 3068 4743 quippe
3083 4672 3313 4732 bellante
3329 4654 3643 4746 occidimur,

2074 4771 2284 4826 nemine
2302 4775 2651 4838 persequente
2667 4766 3004 4823 dissolvimur
3018 4784 3034 4823 :
3049 4767 3103 4821 in
3119 4783 3248 4837 pace
3267 4770 3421 4824 saluti
3439 4771 3503 4825 ad
3512 4773 3647 4842 vigi-

2077 4861 2444 4929 larejubemur
2456 4866 2509 4913 et
2521 4857 2820 4928 nequimus.
2838 4857 2940 4923 Illi,
2955 4858 3173 4916 incenso
3188 4860 3337 4924 orbe,
3350 4870 3403 4916 et
3415 4877 3542 4932 rogo
3556 4879 3650 4934 per

2077 4964 2239 5010 totam
2268 4962 2464 5007 terram
2492 4950 2708 5005 ardente
2727 4989 2744 5017 ,
2773 4949 2825 5003 in
2856 4948 3121 5009 flammam
3152 4952 3409 5021 ingressi,
3437 4970 3529 5009 cos
3554 4956 3648 5026 qui

2077 5041 2526 5100 comburebantur
2546 5039 2669 5095 inde
2692 5038 3070 5106 extraliebant;
3104 5048 3157 5094 tu
3174 5057 3302 5096 vero
3326 5058 3395 5097 ne
3422 5044 3649 5111 teipsum

2077 5137 2293 5210 quidem
2322 5148 2537 5190 servare
2563 5141 2731 5202 potes.
2766 5132 2893 5197 Quae
2933 5131 3089 5201 igitur
3115 5132 3267 5187 nobis
3294 5135 3397 5190 erit
3422 5135 3654 5191 ﬁducia?

2080 5245 2198 5302 qua)
2223 5228 2419 5283 venia?
2469 5226 2586 5281 Non
2625 5224 2845 5281 verbera
2886 5223 3181 5288 imminent,
3222 5240 3327 5280 non
3367 5240 3652 5291 carceres,

2082 5338 2187 5378 non
2233 5319 2519 5389 principes,
2561 5332 2666 5369 non
2708 5329 3009 5385 synagogae,
3056 5330 3158 5369 non
3199 5316 3344 5370 aliud
3380 5318 3654 5388 quidpiam

2086 5410 2388 5484 huiusmodi
2410 5448 2426 5476 ,
2467 5407 2559 5463 sed
2590 5416 2776 5460 contra
2808 5420 3024 5474 prorsus
3048 5446 3063 5470 ,
3106 5421 3204 5461 nos
3241 5406 3577 5463 dominamur
3605 5419 3658 5466 et

2084 5506 2425 5575 imperamus.
2472 5501 2825 5570 Imperatores
2861 5498 3002 5552 enim
3045 5497 3184 5566 piam
3219 5499 3401 5554 colunt
3444 5502 3660 5570 religio-

2084 5613 2228 5661 nem,
2253 5592 2534 5650 Christiani
2564 5590 2741 5645 multis
2766 5588 3011 5643 fruuntur
3040 5588 3352 5657 honoribus,
3382 5592 3660 5661 pra-fectu-

2088 5691 2183 5755 ris,
2223 5688 2388 5759 gloria
2415 5726 2431 5751 ,
2479 5683 2855 5754 tranquillitate
2884 5700 2898 5736 :
2928 5697 3101 5753 neque
3129 5683 3206 5737 sic
3232 5692 3408 5739 tamen
3441 5701 3662 5756 supera-

2090 5797 2232 5838 mus.
2258 5778 2364 5837 Sed
2394 5778 2468 5835 illi
2492 5778 2704 5850 quidem
2728 5792 2846 5832 cum
2868 5775 2932 5831 ad
2954 5775 3245 5833 cruciatum
3269 5793 3389 5834 cum
3412 5780 3520 5837 reis
3534 5795 3670 5852 quo-
