4074 6358
496 323 603 381 395

489 438 628 494 .tidie
652 435 994 498 ducerentur,
1019 441 1125 487 tam
1149 431 1421 496 doctores,
1449 444 1607 501 quam
1637 427 1908 497 discipuli,
1934 423 2087 483 mille

498 532 762 586 vibicibus
788 537 842 584 et
871 527 1054 584 multis
1077 527 1256 583 onusti
1283 524 1616 589 vulneribus,
1638 522 1840 591 majore
1858 533 2019 590 quam
2053 517 2086 572 ii

499 626 588 698 qui
623 628 674 679 in
705 622 956 695 paradiso
996 629 1122 677 sunt
1146 621 1419 692 voluptate
1455 617 1766 673 fruebantur
1795 637 1808 672 :
1835 628 1934 670 nos
1962 626 2091 667 vero

497 718 588 787 qui
619 733 686 772 ne
707 717 760 770 in
791 715 996 770 somnis
1021 713 1237 785 quidem
1272 713 1378 766 tale
1407 710 1678 782 quidpiam
1703 706 2088 770 sustinuimus,

499 828 626 869 cera
655 811 929 867 molliores
959 823 1164 865 sumus.
1208 809 1276 862 At
1317 805 1414 871 illi,
1443 803 1675 873 inquies,
1707 799 1964 855 miracula
1994 811 2090 867 pa-

503 904 738 960 trabaut.
785 903 863 957 Au
907 901 1028 955 ideo
1063 915 1168 954 non
1206 895 1664 953 verberabantur?
1690 909 1757 947 an
1786 907 1892 947 non
1922 890 2092 961 pelle-

499 995 732 1052 bantur?
763 992 970 1048 Etenim
999 1001 1054 1047 et
1079 990 1204 1046 illud
1231 1004 1442 1061 quoque
1473 985 1793 1056 stupendum
1814 993 1917 1048 est,
1949 981 2090 1052 quod

501 1103 646 1157 smpe
674 1086 740 1139 ah
767 1087 833 1138 iis
857 1100 993 1155 quos
1023 1083 1283 1138 beneficio
1304 1081 1592 1135 affecerant
1612 1078 1734 1132 talia
1761 1086 2088 1146 paterentur,

500 1193 602 1232 nec
627 1179 704 1232 sic
733 1187 906 1231 tamen
935 1175 1294 1240 turbarentur,
1322 1173 1449 1226 dum
1475 1171 1612 1225 mala
1647 1184 1741 1240 pro
1767 1167 1922 1223 bonis
1947 1166 2089 1221 reci-

500 1280 688 1340 perent
720 1287 732 1322 :
768 1279 822 1324 tu
855 1284 1002 1336 vero,
1037 1269 1080 1322 si
1102 1282 1259 1338 quem
1293 1263 1502 1319 modico
1533 1262 1796 1318 benelicio
1821 1259 2088 1322 alieceris,

500 1361 802 1432 deindeque
831 1360 1092 1416 molestia:
1113 1357 1388 1428 quidpiam
1425 1354 1493 1410 ab
1522 1354 1612 1408 illo
1642 1351 1914 1422 acceperis
1934 1393 1949 1417 ,
1981 1361 2086 1402 tur-

500 1453 670 1520 baris,
699 1469 764 1509 ac
791 1463 843 1508 te
871 1451 1052 1508 collati
1084 1448 1326 1506 beneﬁcii
1354 1447 1595 1518 poenitet.

573 1545 626 1600 ϐ.
667 1544 721 1600 Si
767 1543 944 1613 itaque
988 1541 1260 1604 acciderit,
1310 1538 1453 1609 quod
1509 1552 1576 1591 ne
1619 1534 1828 1589 accidat
1879 1547 2087 1602 precor,

501 1637 699 1694 bellum
731 1637 785 1691 in
817 1633 1070 1690 Ecclesiis
1098 1630 1301 1686 moveri
1329 1637 1384 1684 et
1406 1626 1892 1699 persequutionem,
1919 1624 2089 1692 cogita

502 1729 620 1800 quis
648 1728 856 1782 futurus
875 1726 944 1781 sit
981 1725 1143 1791 risus,
1170 1737 1289 1794 qua:
1320 1719 1626 1791 Opprobria.
1654 1718 1722 1772 Et
1748 1717 1941 1771 merito
1975 1714 2094 1785 qui-

502 1824 626 1880 dem
665 1836 830 1877 :cum
858 1820 998 1874 enim
1018 1819 1071 1872 in
1106 1817 1350 1887 palaestra
1393 1828 1552 1869 nemo
1571 1821 1906 1877 exerceatur,
1953 1822 2092 1879 quo-

503 1914 664 1970 modo
699 1912 900 1982 aliquis
943 1911 1003 1965 in
1058 1905 1438 1964 certaminibus
1486 1902 1590 1959 erit
1643 1900 1910 1970 insignis?
1960 1898 2092 1966 Quis

502 2006 645 2062 enim
693 2003 924 2069 athleta,
982 2001 1072 2070 qui
1124 1997 1473 2068 paedotribam
1524 1993 1729 2050 nullum
1775 1989 2008 2057 noverit,
2035 1989 2089 2044 in

501 2094 886 2153 certaminibus
931 2090 1231 2162 Olympicis
1303 2085 1498 2158 poterit
1553 2084 1811 2139 adversus
1868 2081 2092 2136 alterum

503 2189 774 2262 quidpiam
829 2201 1078 2257 maguum
1121 2183 1208 2238 vel
1249 2190 1524 2237 strenuum
1565 2177 1862 2234 exhibere?
1901 2177 2091 2231 Annon

505 2291 778 2354 oporteret
809 2296 909 2335 nos
957 2276 1194 2349 quotidie
1241 2289 1478 2346 pugnare
1498 2313 1513 2339 ,
1556 2281 1765 2329 certare
1789 2310 1805 2337 ,
1834 2269 2095 2325 currere?

500 2374 691 2430 Nonne
717 2371 913 2426 videtis
934 2370 985 2423 in
1017 2369 1252 2438 quinque
1277 2363 1661 2421 certaminibus
1688 2361 1766 2433 (a)
1784 2401 1798 2425 ,
1825 2375 1951 2416 cum
1970 2358 2094 2414 nul.

503 2467 614 2521 lum
642 2463 801 2518 habet
827 2465 946 2532 quis
970 2458 1335 2514 adversarium
1363 2497 1377 2522 ,
1405 2453 1673 2526 quomodo
1693 2467 1906 2508 saccum
1932 2467 2094 2507 arena

506 2557 673 2614 multa
709 2555 969 2626 repletum
1025 2549 1387 2620 suspendant,
1433 2548 1647 2616 illicque
1695 2545 1861 2601 robur
1923 2552 2094 2600 totum

505 2654 793 2704 exerceant
821 2664 832 2698 :
853 2644 1091 2714 juniores
1115 2651 1292 2695 autem
1313 2653 1435 2694 cum
1462 2636 1764 2706 junioribus
1789 2650 1910 2691 sese
1933 2651 2093 2691 exer-

509 2747 670 2797 ceant
714 2736 780 2792 ad
827 2750 1054 2807 pugnam
1083 2748 1204 2788 cum
1252 2731 1571 2786 adversariis
1621 2728 2097 2784 committendam?

507 2832 621 2888 llos
648 2838 706 2886 et
743 2839 798 2885 tu
828 2829 1052 2894 imitare,
1083 2834 1138 2882 et
1168 2827 1220 2880 in
1258 2823 1608 2895 philosophia:
1643 2821 2022 2878 certaminibus
2043 2830 2097 2878 te

507 2938 721 2983 exerce.
745 2921 895 2978 Multi
935 2928 1081 2976 certe
1105 2917 1169 2973 ad
1202 2918 1335 2971 iram
1360 2916 1659 2979 concitant,
1681 2914 1832 2968 multi
1877 2913 1944 2968 ad
1970 2928 2098 2968 con-

505 3016 887 3090 cupiscentiam
913 3012 1178 3085 injiciunt,
1213 3024 1565 3082 magnamque
1587 3006 1917 3063 succendunt
1944 3007 2095 3062 ﬂam-

507 3127 674 3168 mam.
705 3109 799 3166 Sta
826 3108 988 3180 igitur
1026 3115 1211 3162 contra
1241 3091 1544 3168 aerumnas",
1577 3100 1656 3156 fer
1685 3110 1903 3156 strenue
1931 3101 2094 3156 animi

508 3204 746 3270 dolores,
769 3209 828 3256 ut
850 3200 1090 3270 corporis
1115 3212 1327 3268 quoque
1350 3195 1561 3250 labores
1583 3193 1724 3249 ferre
1746 3194 1937 3264 possis.
1955 3193 2093 3248 Bea-

506 3305 593 3352 tus
617 3295 813 3366 quippe
826 3292 948 3359 Job,
980 3291 1080 3345 nisi
1103 3289 1269 3360 probe
1291 3299 1418 3343 ante
1441 3286 1732 3342 certamina
1762 3288 2093 3341 exercitatus

508 3387 716 3454 fuisset,
765 3399 872 3440 non
917 3393 1024 3437 tam
1055 3379 1413 3452 splenduisset
1448 3379 1499 3433 in
1539 3377 1918 3434 certaminibus
1949 3393 1962 3430 :
1993 3376 2097 3431 nisi

507 3481 797 3536 meditatus
851 3477 1038 3530 fuisset
1076 3490 1180 3543 qua
1216 3473 1424 3528 ratione
1467 3486 1756 3527 mterorcm
1804 3485 2020 3526 omnem
2074 3470 2092 3502 ί

509 3572 764 3643 abigeret,
781 3569 955 3624 audita
978 3567 1203 3620 filiorum
1226 3543 1416 3629 morte,
1437 3562 1636 3633 aliquid
1659 3561 1910 3617 audacter
1934 3561 2098 3618 dixis-

511 3677 594 3721 set
618 3685 630 3720 :
659 3664 753 3720 sed
776 3663 840 3717 ad
869 3661 1048 3716 omnia
1072 3659 1362 3714 certamina
1386 3657 1534 3712 stetit
1581 3656 1807 3721 fortiter,
1834 3655 1902 3710 ad
1936 3670 2098 3725 pecu-

517 3758 722 3812 niarum
749 3763 1122 3820 tantorumque
1151 3749 1414 3804 bonorum
1439 3747 1700 3818 jacturam
1727 3788 1744 3814 ,
1773 3747 1837 3802 ad
1866 3746 2099 3802 ﬁliorum

529 3850 824 3913 interitum,
865 3846 930 3900 ad
976 3846 1156 3898 uxoris
1194 3842 1442 3896 allectum
1490 3856 1734 3910 pravum,
1766 3841 1832 3895 ad
1861 3842 2099 3912 corporis

511 3945 754 4008 vulnera,
797 3939 862 3994 ad
885 3938 1175 3992 amicorum
1203 3934 1487 4004 opprobria
1509 3975 1524 4000 ,
1555 3934 1620 3988 ad
1647 3934 1884 3989 convicia
1908 3934 2096 3990 dome-

513 4038 790 4094 sticorum.
835 4032 890 4088 Si
924 4046 1082 4101 porro
1128 4028 1256 4082 velis
1294 4026 1701 4081 exercitationes
1729 4026 1845 4096 ejus
1878 4027 2096 4098 conspi-

513 4146 656 4194 cere,
676 4127 799 4183 audi
827 4128 998 4196 ipsum
1024 4123 1310 4183 dicentem,
1335 4129 1590 4189 quantum
1608 4121 1884 4190 pecuniam
1912 4121 2095 4191 despi-

507 4229 656 4276 seret
683 4237 696 4271 :
730 4217 792 4273 Si
827 4217 978 4271 etiam
1010 4215 1212 4266 [tutatus
1243 4226 1354 4264 sum
1373 4251 1389 4276 ,
1421 4210 1590 4264 multis
1619 4211 1742 4264 mild
1784 4211 2097 4282 aﬂlueutibus

510 4313 698 4368 divitiis
726 4311 801 4365 :si
823 4325 922 4363 non
939 4306 1108 4376 putavi
1129 4317 1310 4358 aurum
1330 4302 1606 4371 pulverem,
1633 4304 1748 4357 siin
1779 4305 1948 4374 lapide
1974 4322 2093 4377 pre—

507 4406 634 4460 tioso
661 4401 901 4471 ﬁduciam
944 4399 1096 4453 habui
1149 4396 1268 4467 (Job
1305 4395 1394 4449 ³51.
1422 4394 1513 4449 25.
1541 4393 1668 4466 24).
1717 4394 1840 4450 [deo
1869 4412 1936 4452 ne
1965 4398 2095 4467 ipsis

509 4495 724 4567 quidem
763 4494 998 4562 abreptis
1023 4492 1337 4548 turbabatur
1358 4533 1374 4556 ,
1403 4492 1492 4562 qui
1525 4491 1864 4560 praisentium
1890 4492 2096 4562 cupidi-

510 4599 619 4644 tate
657 4603 762 4642 nou
794 4585 1092 4641 tenebatur.
1140 4585 1277 4640 Audi
1319 4585 1478 4640 etiam
1506 4583 1772 4652 quomodo
1796 4597 1858 4637 ea
1884 4599 2004 4651 qua:
2027 4583 2094 4638 ad

507 4681 652 4735 ﬁlios
673 4677 983 4746 Spectabant
1007 4685 1276 4744 tractaret,
1306 4691 1413 4730 non
1442 4675 1669 4730 molliter
1686 4675 1801 4745 plus
1826 4691 1983 4746 quam
2013 4676 2094 4732 fas

507 4774 580 4828 sit
600 4786 783 4842 agens,
815 4779 874 4823 ut
897 4783 1014 4835 nos,
1047 4767 1141 4824 sed
1167 4783 1379 4823 omnem
1399 4767 1465 4821 ab
1491 4767 1596 4822 illis
1619 4767 1949 4837 diligentiam
1978 4769 2092 4823 cxi~

506 4879 660 4936 gens.
693 4861 828 4918 Nam
857 4862 945 4931 qui
968 4875 1067 4932 pro
1094 4859 1321 4915 occultis
1345 4859 1662 4914 sacrificium
1695 4857 1974 4926 oﬂ‘erebat,
2001 4875 2092 4915 co-

503 4957 611 5028 gita
656 4968 815 5026 quam
865 4959 1057 5007 exacte
1097 4950 1165 5006 de
1203 4949 1501 5005 manifestis
1535 4949 1819 5020 judicaret.
1865 4949 2017 5016 Quod
2046 4950 2093 5006 si

504 5048 642 5104 velis
667 5045 784 5118 ejus
811 5044 880 5100 de
909 5043 1152 5098 castitate
1189 5055 1464 5096 sermones
1489 5039 1677 5096 audire
1701 5081 1716 5107 ,
1766 5039 1889 5094 audi
1938 5040 2089 5096 illum
2125 5072 2128 5074 ~

505 5143 773 5199 dicentem
799 5158 812 5193 :
836 5137 1020 5210 Pepigi
1048 5136 1211 5205 [tedas
1237 5152 1353 5188 cum
1372 5133 1532 5189 oculis
1567 5135 1710 5202 meis,
1742 5142 1798 5187 ut
1821 5149 1882 5188 ne
1902 5135 2091 5205 cogita-

499 5249 609 5289 rem
645 5231 850 5303 quidem
877 5230 940 5284 de
963 5229 1154 5299 virgine
1179 5226 1338 5296 (Ibid.
1368 5241 1414 5282 υ.
1447 5223 1537 5298 1).
1567 5225 1769 5282 Idcirco
1804 5226 1952 5281 illum
1982 5242 2087 5282 non

501 5324 662 5396 fregit
687 5338 824 5378 uxor
854 5339 868 5375 :
895 5319 1041 5375 illam
1065 5319 1263 5390 quippe
1285 5327 1438 5372 antea
1469 5317 1702 5384 amabat,
1730 5324 1787 5372 et
1815 5331 1920 5372 non
1947 5317 2085 5373 ultra

502 5418 745 5484 modum,
767 5415 860 5472 sed
883 5412 1204 5470 utcouvcuit
1222 5427 1440 5466 uxorem
1464 5411 1706 5480 diligere.
1729 5411 2086 5478 Quamobrem

501 5509 634 5569 mihi
658 5507 840 5564 mirari
879 5506 1042 5572 subit,
1075 5521 1168 5560 cur
1199 5505 1249 5558 in
1281 5519 1515 5556 amntium
1550 5502 1815 5557 induxerit
1841 5501 2087 5559 diabolus

563 5653 578 5683 ι
611 5649 730 5708 Alii.
753 5646 1064 5712 cupiditatem
1085 5660 1289 5712 mrem.

561 5713 633 5772 (a)
681 5706 754 5763 De
791 5706 1557 5775 pentathlo‘sive(quinquertio
1603 5714 1764 5760 actum
1812 5712 1894 5760 est
1933 5706 2075 5759 Anti-

501 5769 705 5838 quitatis
744 5769 1020 5838 eiplauatte
1045 5771 1099 5824 T.
1125 5771 1186 5835 ν,
1214 5769 1269 5823 11'
1282 5772 1330 5836 5,
1357 5769 1405 5835 p.
1441 5769 1548 5826 29L

1773 5912 1801 5920 η.
1821 5917 1874 5925 μ,,

1243 314 1301 370 S.
1338 309 1618 370 JOANNIS
1643 302 2119 368 CIIRYSOSTOMI
2169 302 2488 368 ARCHIEP.
2522 305 3062 368 CONSTANTINOP.

3673 318 3772 377 396

2193 426 2492 486 certamina
2521 437 2706 486 contra
2732 429 2904 493 ipsum
2925 445 3166 493 movere.
3189 431 3278 501 qui
3304 431 3422 501 ejus
3447 435 3775 493 exercitatio-

2189 533 2294 574 nes
2329 529 2574 578 noverat.
2617 521 2726 576 Cur
2749 537 2880 591 ergo
2908 522 2957 576 id
2996 523 3068 577 illi
3101 523 3152 576 in
3182 533 3414 580 mentem
3440 527 3775 584 venitHlala

2194 620 2279 667 est
2322 611 2492 668 bestia
2537 629 2636 669 nec
2662 629 2916 685 umquam
2953 615 3243 685 deSperat;
3275 616 3326 671 id
3354 619 3493 689 quod
3518 633 3663 675 certe
3685 637 3777 678 nos

2198 705 2430 760 maxime
2455 706 2674 762 damnat
2696 749 2713 772 ,
2759 707 2902 777 quod
2928 722 3052 764 cum
3099 709 3188 766 ille
3221 725 3506 780 numquam
3535 712 3776 779 desperet

2198 799 2264 853 de
2288 800 2520 869 pernicie
2543 799 2704 855 nobis
2743 801 3016 856 inferenda
3042 844 3058 870 ,
3086 817 3184 857 nos
3209 804 3564 873 desperemus
3590 805 3657 860 de
3675 823 3770 860 no-

2197 902 2307 946 stra
2331 892 2520 946 salute.
2551 891 2657 948 Sed
2681 893 2802 965 vide
2830 894 2992 948 etiam
3035 895 3303 965 quomodo
3333 898 3573 966 corporis
3613 898 3774 954 labem

2197 993 2252 1036 ot
2276 985 2478 1037 saniem
2501 993 2623 1040 ante
2645 984 2932 1041 meditatus
2951 987 3042 1042 sit.
3061 987 3200 1054 Quia
3223 989 3364 1042 enim
3387 989 3517 1043 nihil
3533 1003 3773 1060 umquam

2201 1074 2304 1129 tale
2328 1089 2517 1144 passus
2543 1075 2737 1141 fuerat,
2780 1075 2873 1130 sed
2900 1077 2951 1130 iu
2980 1077 3198 1141 divitiis,
3230 1078 3498 1146 voluptate
3525 1095 3588 1134 ac
3605 1081 3778 1149 spieu-

2196 1166 2328 1221 dore
2365 1167 2525 1220 vitam
2555 1176 2906 1236 transegerat,
2961 1169 3164 1223 alienas
3193 1171 3525 1225 calamitates
3548 1171 3776 1240 quotidie

2195 1259 2376 1312 animo
2407 1260 2670 1312 versabat.
2722 1260 2789 1314 Et
2818 1260 2921 1314 hoc
2939 1260 3224 1316 declarans
3253 1262 3462 1317 dicebat
3496 1281 3510 1316 :
3541 1261 3678 1316 Nam
3720 1265 3778 1316 ti-

2197 1367 2328 1412 mor,
2356 1367 2504 1418 quem
2554 1350 2807 1418 timcbam,
2838 1355 2998 1405 creuit
3034 1353 3175 1414 milii.
3206 1363 3252 1407 ct
3278 1371 3424 1424 quem
3443 1355 3774 1424 trepidabant,

2196 1447 2414 1498 occurrit
2435 1445 2558 1498 mihi
2595 1444 2712 1512 (Job
2742 1446 2791 1499 5.
2823 1447 2894 1501 25
2915 1448 2953 1512 ).
2986 1447 3051 1500 Et
3077 1462 3262 1501 rursus
3295 1468 3307 1500 :
3334 1447 3446 1518 Ego
3478 1465 3592 1502 vero
3634 1467 3778 1519 super

2197 1537 2335 1592 omni
2362 1537 2612 1592 imbecillo
2649 1539 2845 1607 ploraai
2864 1579 2877 1596 .
2906 1549 2953 1592 et
2978 1539 3199 1609 iugemui
3234 1539 3408 1593 videns
3437 1541 3596 1594 virum
3615 1541 3668 1592 in
3697 1558 3778 1594 ne-

2197 1630 2509 1686 cessitatibus
2553 1631 2570 1701 (
2594 1629 2679 1684 Id.
2715 1630 2801 1686 50.
2829 1630 2900 1685 25
2919 1629 2960 1701 ).
2997 1631 3121 1685 Ideo
3147 1632 3288 1686 nulla
3313 1648 3379 1686 ex
3407 1632 3513 1686 illis
3541 1632 3779 1686 intolera-

2197 1723 2398 1778 bilibus
2422 1722 2814 1779 calamitatibus
2866 1723 3014 1777 illum
3041 1723 3407 1790 perturbabat.
3438 1722 3518 1776 Ne
3542 1722 3669 1777 mihi
3696 1738 3777 1776 re-

2197 1817 2394 1887 spicias
2443 1817 2786 1886 pecuniarum
2833 1818 3092 1884 jacturam
3124 1858 3138 1879 ,
3189 1815 3422 1870 filiorum
3489 1816 3775 1882 interitum,

2199 1911 2408 1982 plagam
2458 1910 2603 1964 illam
2634 1909 2977 1964 incurabilem
2999 1950 3012 1972 ,
3049 1908 3232 1970 uxoris
3272 1907 3539 1972 insidias;
3572 1908 3662 1963 sed
3705 1908 3778 1962 his

2199 2003 2356 2074 longe
2377 2002 2642 2073 graviora.
2671 2001 2739 2055 Et
2759 2001 2882 2070 quid
2901 2000 3141 2069 gravius,
3171 1999 3400 2070 inquies,
3423 1999 3528 2055 Job
3549 2000 3780 2068 accepit?

2204 2095 2275 2149 ab
2303 2093 2524 2149 historia
2551 2102 2700 2148 certe
2726 2093 2855 2148 nihil
2886 2092 3030 2147 aliud
3056 2093 3334 2146 discimus.
3367 2091 3501 2158 Quia
3526 2092 3774 2146 dormita-

2201 2200 2321 2240 mus
2349 2225 2364 2250 ,
2395 2199 2498 2240 non
2527 2183 2782 2240 discimus
2833 2200 2846 2236 :
2878 2185 2970 2238 sed
3017 2184 3108 2253 qui
3138 2184 3422 2254 diligenter
3451 2183 3711 2254 explorat,
3733 2192 3781 2238 et

2201 2279 2539 2348 margaritam
2562 2278 2728 2349 probe
2753 2276 2963 2346 quierit,
2999 2277 3164 2329 multo
3181 2275 3330 2345 plura
3349 2275 3505 2331 sciet.
3536 2275 3777 2331 Graviora

2202 2371 2420 2441 quippe,
2450 2383 2569 2440 qua:
2609 2369 2867 2438 majorem
2906 2366 3362 2438 perturbationem
3389 2366 3595 2422 inferre
3639 2375 3778 2435 pote-

2201 2472 2344 2530 rant,
2374 2463 2479 2516 alia
2521 2471 2696 2516 erant.
2731 2460 2932 2523 Primo,
2960 2459 3100 2530 quod
3142 2458 3270 2512 nihil
3316 2459 3483 2514 sciret
3529 2459 3598 2514 de
3627 2472 3778 2528 regno

2201 2557 2457 2611 cmlorum
2486 2565 2541 2610 et
2567 2555 2634 2610 de
2670 2554 3064 2609 resurrectione
3090 2552 3164 2626 (a)
3199 2553 3377 2622 :quod
3409 2553 3572 2607 etiam
3602 2553 3775 2622 lugens

2203 2647 2412 2703 dicebat
2441 2666 2453 2701 :
2484 2645 2605 2701 Non
2660 2647 2792 2700 enim
2819 2645 2872 2699 in
2901 2655 3144 2700 aeternum
3175 2643 3358 2711 viuum,
3389 2656 3444 2698 ut
3487 2646 3778 2715 longanimis

2203 2742 2298 2794 sim
2327 2739 2451 2810 (Id.
2490 2741 2543 2794 7.
2583 2737 2708 2811 l6).
2749 2737 3017 2805 Secundo,
3057 2737 3198 2807 quod
3241 2738 3533 2791 multorum
3561 2738 3658 2791 sibi
3688 2736 3778 2791 bo-

2205 2849 2395 2889 norum
2421 2833 2668 2888 conscius
2687 2841 2848 2887 esset.
2875 2832 3076 2886 Tertio.
3108 2829 3246 2901 quod
3278 2831 3477 2885 nullius
3500 2841 3634 2886 esset
3655 2845 3778 2884 con-

2205 2925 2346 2981 scius
2373 2923 2519 2978 mali.
2549 2924 2772 2991 Quarto,
2797 2923 2940 2994 quod
2979 2923 3077 2977 sibi
3110 2939 3137 2974 a
3182 2923 3290 2976 Deo
3319 2932 3534 2993 putaret
3565 2924 3673 2975 haec
3702 2922 3778 2975 in-

2205 3015 2330 3070 ferri
2355 3015 2488 3070 mala
2518 3033 2532 3069 :
2575 3015 2716 3085 quod
2748 3015 2790 3069 si
2817 3015 2976 3069 etiam
3015 3029 3043 3067 a
3076 3013 3291 3068 diabolo
3317 3055 3330 3076 ,
3357 3015 3459 3066 hoc
3492 3014 3561 3066 illi
3591 3021 3780 3082 poterat

2205 3108 2527 3164 oﬂendiculo
2571 3121 2708 3163 esse.
2755 3107 2980 3174 Quinto,
3015 3107 3154 3176 quod
3182 3105 3390 3159 audiret
3409 3105 3611 3160 amicos
3641 3120 3694 3158 se
3719 3103 3780 3158 dc

2204 3201 2438 3272 nequitia
2466 3201 2769 3254 incusantes
2794 3216 2807 3251 :
2834 3197 2955 3252 Non
2993 3200 3125 3252 enim
3158 3198 3434 3269 condignas
3461 3239 3476 3261 ,
3509 3197 3776 3262 dicebant,

2205 3293 2422 3365 peccatis
2443 3294 2542 3346 tuis
2560 3293 2737 3363 plagas
2756 3291 2943 3362 accipis
2964 3289 3075 3362 (Id.
3103 3292 3186 3346 11.
3215 3293 3247 3346 6
3271 3292 3310 3361 ).
3352 3291 3540 3354 Sexto,
3568 3291 3702 3360 quod
3732 3291 3777 3342 in

2206 3386 2437 3456 nequitia
2449 3385 2685 3440 viventes
2701 3383 2902 3438 videret
2917 3397 3172 3453 prospere
3189 3398 3368 3454 agere,
3381 3392 3435 3439 et
3446 3399 3508 3438 se
3523 3383 3776 3438 deridere.

2204 3477 2463 3546 Septimo,
2478 3475 2617 3546 quod
2640 3475 2906 3530 neminem
2919 3473 3124 3530 videret
3141 3475 3260 3530 talia
3282 3490 3535 3544 umquam
3557 3489 3775 3544 passum.

2275 3570 2331 3622 7.
2360 3566 2442 3622 Ex
2462 3567 2737 3639 pusillitate
2758 3577 2930 3621 nostra
2949 3576 3193 3637 quantum
3225 3566 3488 3637 splendeat
3507 3565 3623 3620 Jobi
3644 3567 3780 3638 forti-

2206 3660 2346 3714 tudo.
2375 3691 2448 3699 —
2475 3659 2544 3714 Et
2563 3659 2607 3712 si
2634 3659 2844 3714 discere
2874 3657 3009 3713 velis
3034 3666 3229 3728 quanta
3257 3656 3371 3712 haec
3398 3659 3528 3723 sint,
3553 3671 3778 3726 prmsen—

2205 3756 2275 3807 tia
2307 3754 2606 3811 considera.
2637 3752 2768 3806 Nam
2797 3753 2841 3806 si
2874 3767 3016 3806 nunc
3042 3793 3058 3818 ,
3087 3766 3210 3806 cum
3241 3765 3462 3821 regnum
3508 3761 3775 3821 exspecta-

2205 3858 2309 3916 tur,
2335 3866 2456 3906 cum
2501 3849 2819 3904 resurrectio
2846 3857 3109 3920 speratur,
3141 3862 3346 3903 necnon
3384 3846 3669 3902 ineffabilia
3697 3845 3778 3899 illa

2203 3945 2362 4009 bona,
2389 3961 2508 4000 cum
2541 3943 2797 3998 malorum
2827 3942 2972 3998 mille
2999 3941 3152 3997 nobis
3180 3941 3380 3997 conscii
3412 3956 3600 3996 sumus
3622 3981 3636 4005 ,
3665 3954 3776 3994 cum

2203 4047 2281 4094 tot
2309 4039 2566 4093 habemus
2591 4035 2834 4106 exempla
2859 4077 2872 4100 ,
2904 4043 2960 4089 et
2996 4043 3195 4088 tantam
3228 4041 3520 4088 tractamus
3548 4032 3775 4101 philoso-

2202 4131 2405 4204 phiam,
2435 4131 2478 4184 si
2507 4129 2718 4200 quidam
2746 4145 2810 4184 ex
2855 4128 3011 4182 nobis
3041 4126 3253 4196 paulum
3283 4127 3399 4182 auri
3425 4125 3774 4196 perdiderint,

2203 4241 2346 4295 smpe
2367 4226 2548 4295 rapina
2575 4232 2801 4294 partum,
2833 4238 2938 4276 non
2967 4222 3182 4277 vitalem
3207 4220 3306 4274 sibi
3335 4220 3497 4274 vitam
3524 4235 3643 4276 esse
3665 4218 3774 4274 esi-

2202 4319 2457 4383 stimant;
2491 4333 2593 4371 non
2629 4326 2851 4386 urgente
2889 4329 3054 4369 uxore
3077 4355 3092 4380 ,
3144 4328 3249 4367 non
3302 4311 3540 4380 abreptis
3586 4311 3773 4375 liberis,

2203 4427 2308 4468 non
2332 4411 2517 4466 amicis
2544 4407 2989 4479 exprobrantibus
3015 4447 3027 4468 .
3058 4390 3166 4461 noui
3189 4404 3499 4458 domesticis
3527 4403 3773 4457 insultaiv

2202 4507 2375 4572 tihus;
2406 4503 2499 4560 sed
2550 4503 2729 4557 multis
2775 4501 2946 4571 ipsum
2978 4498 3400 4564 consolantibus,
3429 4499 3550 4553 sive
3574 4495 3770 4555 verbis,

2201 4599 2313 4653 sive
2337 4598 2494 4651 rebus
2511 4595 2668 4664 ipsis:
2693 4601 2823 4663 quot
2835 4591 3248 4661 coronisdignus
3263 4590 3352 4645 ille
3375 4605 3482 4644 non
3506 4589 3677 4652 fuerit,
3693 4585 3772 4655 qui

2195 4688 2354 4760 justis
2397 4687 2616 4742 collecta
2665 4685 2765 4739 sibi
2794 4676 3067 4738 laboribus
3086 4681 3218 4736 vidit
3244 4681 3361 4738 sine
3385 4694 3546 4736 causa
3573 4677 3734 4746 abripi
3756 4716 3770 4737 ,

2198 4788 2395 4850 etpost
2436 4778 2521 4832 illa
2553 4777 2730 4831 omnia
2757 4775 2905 4830 mille
2930 4775 3286 4830 tentationum
3310 4787 3508 4843 genera
3533 4778 3770 4839 expertus

2199 4883 2304 4941 est,
2336 4885 2655 4941 semperque
2697 4879 2874 4924 tamen
2907 4869 3161 4922 immotus
3201 4866 3419 4931 mansit,
3475 4874 3531 4920 et
3573 4863 3770 4918 debitas

2199 4965 2298 5020 hac
2318 4966 2387 5020 de
2417 4981 2473 5019 rc
2498 4965 2785 5035 gratiarum
2810 4963 3050 5017 actiones
3073 4961 3297 5015 Domino
3317 4959 3500 5015 retulit
3522 4959 3545 5012 ?
3563 4953 3768 5012 Etiamsi

2197 5059 2339 5115 enim
2372 5058 2544 5112 nullus
2574 5058 2708 5111 alius
2740 5057 2838 5126 ipsi
2889 5055 3079 5110 fuisset
3122 5054 3395 5123 loquutus,
3449 5052 3630 5108 uxoris
3658 5058 3766 5103 tau-

2197 5163 2307 5207 tum
2334 5150 2492 5204 verba
2525 5158 2769 5218 poterant
2801 5147 2885 5200 vel
2917 5155 3096 5216 petras
3126 5159 3488 5200 commovere.
3518 5142 3649 5197 Vide
3678 5141 3766 5210 igi-

2194 5255 2280 5301 tur
2301 5244 2438 5299 illius
2465 5241 2737 5297 astutian‘i.
2764 5240 2881 5295 Non
2908 5246 3172 5294 memorat
3195 5237 3433 5303 divitias,
3463 5252 3568 5290 non
3598 5249 3766 5288 came-

2187 5341 2295 5406 los,
2324 5353 2428 5396 nou
2458 5350 2646 5407 greges
2667 5377 2681 5401 ,
2711 5351 2816 5388 non
2860 5343 3100 5388 armenta
3144 5330 3370 5404 (sciebat
3395 5331 3539 5386 enim
3571 5329 3663 5383 viri
3690 5324 3763 5380 sui

2193 5432 2276 5488 his
2303 5433 2354 5486 in
2375 5431 2534 5486 rebus
2558 5427 3020 5503 philosophiam),
3052 5426 3145 5480 sed
3187 5423 3328 5496 quod
3348 5423 3593 5479 acerbius
3638 5428 3759 5484 erat,

2191 5523 2419 5578 filiorum
2448 5521 2742 5584 interitum,
2769 5519 3190 5590 tragmdiamque
3216 5517 3475 5580 extendit,
3505 5526 3660 5585 atque
3675 5527 3761 5566 sua

2251 5657 2326 5720 (a)
2355 5654 2488 5715 Quod
2519 5655 2639 5706 dicit
2674 5653 3072 5720 Chrysostomus.
3105 5653 3277 5720 lolium
3306 5652 3372 5720 de
3402 5657 3763 5720 resurrectione

2188 5713 2317 5792 nihil
2343 5713 2564 5780 novisse,
2600 5731 2696 5769 non
2735 5713 2969 5767 mirisouat
3010 5729 3120 5766 cum
3159 5713 3346 5779 vulgari
3382 5717 3630 5768 doeton
3663 5721 3761 5771 opt-

2188 5795 2353 5834 mone.
