4074 6358
319 399 422 452 5a?

315 507 539 561 addidit.
566 506 717 574 Quod
745 505 787 559 si
817 504 901 569 iis,
924 505 1012 573 qui
1044 517 1295 574 prospere
1321 517 1431 555 rem
1462 499 1705 568 agebant,
1739 496 1900 551 nihil-

315 614 425 666 que
464 598 725 668 ingratum
756 595 1105 665 patiebamur,
1140 593 1466 664 nmlta‘sa-pe
1494 607 1685 645 uxores
1714 604 1899 644 suase-

317 700 493 741 runt:
539 688 711 758 Cogita
741 702 898 756 quam
956 697 1170 738 strenua
1224 684 1309 739 illa
1356 693 1498 739 esset
1542 684 1741 747 anima,
1783 695 1901 751 quae

320 793 545 832 uxorem
577 785 654 830 tot
675 776 836 830 armis
862 776 1171 829 instructam
1200 774 1370 843 potuit
1395 773 1671 845 repellere,
1696 783 1748 826 at
1768 773 1902 827 duos

317 870 617 923 acerrimos
641 867 859 921 allectus
885 866 1126 930 calcavit,
1157 865 1499 935 cupiditatem
1529 875 1583 920 et
1604 864 1903 918 misericor-

317 960 485 1013 diam.
516 959 660 1012 Multi
686 958 826 1013 enim
854 957 944 1028 qui
974 957 1461 1026 concupiscentiam
1507 958 1768 1021 vicerant,
1803 955 1903 1009 mi-

318 1048 614 1104 sericordia
644 1048 827 1103 inflexi
878 1057 1022 1108 sunt.
1055 1048 1188 1102 Nam
1236 1048 1553 1102 fortissimus
1584 1047 1670 1101 ille
1699 1046 1900 1115 Joseph

318 1141 647 1211 voluptatem
679 1141 823 1195 illam
869 1141 1195 1210 tyrannicam
1246 1140 1487 1205 calcavit,
1517 1150 1570 1194 et
1613 1139 1897 1195 barbaram

320 1231 467 1284 illam
497 1230 773 1284 mulierem
817 1230 1012 1285 multas
1041 1229 1410 1285 admoventem
1436 1229 1709 1282 machinas
1745 1244 1904 1298 repu-

320 1320 405 1386 lit,
434 1322 698 1392 lacrymas
727 1337 858 1375 vero
910 1323 1187 1376 continere
1215 1336 1320 1375 non
1350 1321 1538 1391 potuit,
1569 1319 1664 1375 sed
1716 1319 1904 1374 videns

323 1416 515 1469 fratres
547 1430 672 1469 suos
720 1416 807 1484 qui
858 1429 1038 1475 secum
1090 1414 1269 1483 inique
1297 1421 1535 1481 egerant,
1569 1411 1668 1465 hoc
1713 1410 1904 1465 alI'ectu

319 1516 509 1573 Captus
536 1513 634 1569 est,
669 1517 721 1559 ct
753 1508 952 1559 vultum
971 1505 1076 1563 cito
1102 1505 1349 1575 lacrymis
1378 1505 1642 1572 aperiens,
1676 1518 1788 1556 rem
1818 1510 1902 1556 to-

323 1606 433 1649 tam
482 1597 747 1665 patefecit.
778 1596 912 1650 Cum
943 1606 1120 1649 autem
1166 1604 1221 1648 et
1267 1611 1398 1655 uxor
1421 1602 1525 1657 est,
1562 1594 1903 1649 commisera-

321 1691 473 1744 tione
498 1690 656 1759 digua
690 1690 948 1753 referens,
1000 1703 1158 1758 quam
1192 1697 1486 1756 opportune
1512 1687 1702 1755 juvant
1744 1686 1904 1740 etiam

320 1792 534 1852 tempus
554 1825 570 1845 ,
598 1781 817 1834 vulnera
840 1820 855 1845 ,
885 1779 1081 1849 plagae,
1114 1788 1168 1832 et
1211 1778 1353 1831 mille
1384 1778 1744 1830 calamitatum
1795 1773 1901 1829 ﬂu-

320 1885 442 1926 ctus
470 1890 484 1926 :
513 1887 617 1941 quo
646 1881 800 1941 pacto
826 1886 929 1924 non
956 1870 1074 1939 jure
1104 1868 1304 1923 dixeris
1331 1869 1561 1921 animam
1594 1883 1712 1937 qum
1737 1881 1904 1936 gene-

319 1984 446 2023 rose
470 1975 665 2021 tantam
699 1966 802 2020 fert
829 1974 1194 2034 tempestatem
1216 2005 1229 2022 ,
1259 1978 1378 2017 esse
1398 1962 1677 2016 adamante
1701 1960 1907 2014 ﬁrmio-

319 2062 474 2114 rem?
503 2060 683 2113 LiCeat
713 2058 838 2112 mihi
876 2057 1055 2115 dicere
1092 2057 1242 2110 vobis
1270 2097 1284 2120 ,
1318 2055 1529 2109 beatum
1554 2054 1695 2106 illum
1725 2053 1766 2106 si
1799 2066 1903 2105 non

319 2154 603 2222 majorem,
629 2167 732 2206 non
754 2152 1011 2206 minorem
1023 2159 1167 2203 certe
1184 2149 1311 2218 ipsis
1325 2145 1577 2216 apostolis
1596 2145 1775 2199 fuisse.
1794 2143 1902 2199 Illis

322 2261 553 2315 namque
574 2245 868 2300 conSolatio
893 2252 1028 2309 erat,
1056 2241 1196 2313 quod
1230 2249 1441 2311 propter
1468 2239 1733 2292 Christum
1758 2247 1904 2306 pate-

321 2349 541 2401 rentur:
562 2337 731 2393 ethoc
750 2337 999 2392 idoneum
1021 2345 1137 2389 erat
1162 2334 1453 2389 remedium
1466 2331 1604 2403 quod
1624 2331 1742 2385 illos
1767 2344 1902 2400 quo-

323 2430 450 2484 tidie
470 2430 700 2500 erigeret
714 2427 873 2498 ,quod
888 2427 1046 2482 etiam
1066 2426 1257 2495 ubique
1276 2424 1603 2496 proponebat
1624 2421 1899 2487 Dominus,

322 2522 545 2593 Propter
569 2538 649 2575 me
676 2562 691 2588 ,
722 2521 901 2574 dicens
924 2561 938 2585 ,
964 2526 1019 2574 et
1042 2561 1054 2583 ,
1082 2518 1144 2574 Si
1165 2534 1242 2570 me
1264 2514 1677 2587 patremfamilias
1708 2511 1902 2565 Beelze-

320 2616 417 2669 bub
430 2624 729 2671 vocaverunt
746 2616 767 2685 (
772 2612 826 2667 Μ
830 2613 958 2670 atth.
979 2613 1065 2667 10.
1086 2610 1198 2683 25).
1216 2611 1311 2665 Ille
1327 2626 1451 2663 vero
1469 2610 1564 2662 ista
1579 2622 1773 2662 vacuus
1790 2613 1904 2660 erat

319 2706 689 2762 consolatione
710 2746 724 2770 ,
749 2719 847 2758 nec
879 2720 981 2757 non
1010 2703 1100 2756 illa
1126 2716 1243 2775 qua:
1272 2717 1336 2754 ex
1366 2698 1547 2769 signis,
1578 2697 1662 2752 vel
1690 2712 1807 2767 quze
1835 2711 1901 2750 ex

319 2798 487 2867 gratia
516 2796 965 2865 proficiscebatur.
993 2794 1174 2862 Neque
1200 2792 1338 2847 enim
1369 2801 1569 2845 tantam
1593 2789 1772 2843 habuit
1795 2788 1899 2842 vim

318 2888 571 2957 Spiritus.
595 2886 852 2954 Quodque
874 2885 1043 2954 majus
1066 2894 1168 2947 est,
1193 2883 1244 2936 in
1271 2881 1477 2937 deliciis
1502 2880 1681 2934 multis
1697 2878 1894 2933 educa-

322 2989 426 3042 tus,
454 2995 561 3043 non
583 2994 645 3032 es
676 2979 1016 3047 piscatorum,
1050 2976 1135 3029 vel
1164 2973 1587 3044 publicanorum,
1608 2970 1688 3024 vel
1718 2969 1897 3023 vilium

320 3084 668 3149 personarum
697 3082 918 3121 numero
939 3075 1071 3130 erat,
1103 3064 1195 3119 sed
1224 3079 1343 3118 cmn
1374 3072 1575 3117 tantum
1603 3075 1899 3130 consequu-

321 3170 407 3213 tus
435 3158 620 3213 fuisset
646 3159 925 3222 honorem,
972 3157 1085 3212 haec
1114 3155 1428 3224 patiebatur.
1458 3152 1714 3223 Quodque
1759 3150 1898 3221 apud

1236 391 1304 446 IN
1342 386 1746 445 MATTIUEUM
1786 381 2014 440 IIOMIL.
2058 384 2291 438 XXXIV.
2336 386 2402 439 al.
2447 385 2665 440 XXXV.

3468 389 3571 444 Mil

1996 498 2265 566 apostolos
2305 491 2583 553 onero'sius
2638 500 2845 553 videtur
2895 498 3089 562 fuisse,
3118 500 3170 555 id
3219 500 3309 556 ille
3363 518 3574 572 quoque.

1996 589 2267 655 sustinuit,
2297 590 2364 643 ab
2410 590 2619 651 amicis,
2652 604 2680 642 a
2728 589 3055 655 domesticis,
3089 591 3156 644 ab
3186 592 3414 646 inimicis
3449 594 3576 649 odio

1998 682 2233 744 habitus,
2264 696 2469 737 necnOn
2502 684 2569 736 ab
2602 684 2665 737 iis
2708 685 2902 752 quibus
2950 685 3086 739 bene
3122 688 3340 753 fecerat,
3373 703 3470 742 nec
3500 700 3580 741 ta-

1998 789 2118 827 men
2167 773 2256 828 ille
2301 790 2507 829 sacram
2535 790 2809 841 ancovam,
2841 785 2898 830 et
2943 779 3287 845 tranquillum
3338 792 3573 847 portum,

1996 881 2186 935 nempe
2211 865 2311 920 hoc
2332 867 2472 936 quod
2495 867 2751 935 apostolis
2773 867 2972 921 dictum
3002 868 3198 933 fuerat,
3229 870 3446 938 Propter
3473 889 3573 933 me,

1997 957 2176 1011 videre
2206 960 2397 1026 pomit.
2424 957 2583 1014 Miror
2610 961 2767 1013 etiam
2799 968 2907 1014 tres
2937 974 3151 1027 pueros,
3181 966 3268 1031 qui
3296 960 3573 1016 fornacem

1998 1048 2205 1104 fortiter
2233 1051 2480 1106 adierunt
2503 1049 2546 1119 ί,
2577 1052 2665 1117 qui
2693 1064 2921 1121 tyranno
2952 1053 3288 1107 resisterant.
3314 1052 3417 1107 Sed
3452 1040 3575 1109 auiti

1994 1139 2117 1207 quid
2150 1139 2324 1194 dicant
2353 1156 2365 1193 :
2392 1139 2526 1196 Deos
2555 1151 2666 1194 tuos
2698 1158 2798 1194 non
2826 1140 3060 1205 colimus,
3085 1150 3132 1195 ct
3153 1150 3376 1196 statuam
3408 1155 3569 1206 tuam,

1993 1247 2146 1299 quam
2172 1231 2391 1295 erexisti,
2422 1248 2525 1286 non
2545 1233 2821 1286 adoramus
2846 1233 3008 1305 (Dan.
3043 1235 3097 1289 5.
3130 1235 3241 1301 18).
3275 1235 3424 1301 Quod
3448 1234 3578 1304 ipsis

1994 1337 2183 1391 magna
2234 1333 2350 1377 erat
2398 1326 2728 1388 consotatio,
2763 1326 2902 1394 quod
2937 1326 3103 1394 probe
3130 1330 3331 1381 scirent
3357 1342 3417 1381 se
3449 1344 3576 1394 pro-

1995 1422 2111 1479 pter
2143 1414 2305 1468 Deum
2335 1415 2513 1469 omnia
2547 1416 2675 1483 pati.
2710 1417 2803 1471 llic
2833 1432 2963 1472 vero
2992 1418 3281 1483 nesciebat,
3313 1419 3425 1474 hate
3454 1435 3578 1475 esse

1993 1505 2284 1557 certamina
2301 1515 2354 1558 et
2368 1505 2561 1559 luctam
2583 1522 2597 1571 ;
2622 1505 2667 1561 si
2687 1511 2828 1561 enim
2848 1509 3116 1576 scivisset,
3135 1512 3395 1567 malorum
3416 1528 3577 1567 sensu

1995 1610 2098 1647 non
2131 1596 2200 1649 ita
2233 1595 2452 1650 allectus
2482 1597 2687 1652 fuisset.
2729 1599 2862 1654 Cum
2895 1616 3023 1670 ergo
3065 1602 3330 1671 audisset,
3363 1604 3441 1656 An
3471 1606 3577 1663 alia

1993 1687 2189 1740 ratione
2217 1704 2295 1741 me
2329 1698 2479 1757 putas
2520 1692 2609 1743 tibi
2635 1694 2976 1760 respondisse,
3019 1710 3168 1763 quam
3202 1706 3253 1749 ut
3275 1697 3451 1767 justus
3480 1714 3576 1763 ap-

1994 1794 2193 1843 pareres
2222 1776 2365 1847 (Job.
2387 1780 2477 1835 40.
2507 1781 2598 1849 5)?
2630 1782 2994 1838 animadverte
3021 1785 3253 1853 qualiter
3276 1788 3579 1854 respirave-

1991 1870 2081 1930 rit,
2113 1870 2209 1923 hac
2237 1870 2467 1939 simplici
2500 1874 2680 1928 audita
2732 1890 2884 1940 voce,
2911 1892 3069 1945 quam
3103 1881 3338 1948 seipsum
3383 1881 3581 1949 despe-

1990 1961 2165 2015 xerit:
2190 1962 2459 2029 quomodo
2500 1980 2564 2017 ne
2608 1978 2823 2032 passum
2875 1967 3090 2036 quidem
3122 1984 3182 2023 se
3217 1972 3482 2038 putaverit
3510 1988 3573 2033 ea

1990 2064 2108 2117 qua:
2136 2064 2325 2118 passus
2345 2062 2511 2119 esset,
2537 2053 2652 2107 haec
2672 2054 2889 2110 dicens:
2912 2055 3015 2111 Cur
3038 2058 3204 2112 adhuc
3228 2061 3456 2130 judicor,
3481 2064 3575 2115 ad-

1990 2143 2211 2195 monitus
2249 2150 2297 2197 et
2339 2146 2645 2216 redargutus
2675 2164 2707 2199 a
2756 2147 2998 2214 Domino,
3032 2167 3148 2204 cum
3195 2151 3303 2205 hcce
3342 2155 3571 2217 audiam,

1988 2237 2076 2298 qui
2114 2236 2244 2290 nihil
2280 2238 2433 2291 sum?
2468 2238 2535 2292 Et
2565 2255 2777 2295 rursum
2809 2259 2821 2294 :
2853 2243 3044 2297 Audilu
3075 2244 3280 2313 quidem
3310 2248 3452 2300 auris
3479 2264 3576 2303 au-

1991 2326 2184 2381 diebam
2230 2338 2276 2380 te
2322 2328 2462 2398 prius
2486 2345 2504 2382 :
2536 2347 2674 2385 nunc
2717 2343 2886 2386 autem
2926 2333 3103 2388 oculus
3146 2351 3287 2389 meus
3316 2337 3445 2389 videt
3485 2348 3573 2398 te:

1986 2431 2294 2489 quapropter
2340 2420 2490 2473 nihili
2538 2423 2674 2492 facio
2704 2426 2972 2493 meipsum,
3010 2438 3056 2479 et
3087 2427 3397 2495 liquefactus
3425 2444 3570 2480 sum:

1988 2511 2279 2577 wstimoque
2310 2512 2557 2583 meipsum
2603 2528 2791 2568 terram
2816 2524 2863 2569 et
2895 2517 3113 2570 «inerem
3159 2515 3272 2590 (Job
3300 2518 3381 2574 I2.
3409 2517 3461 2577 5.
3480 2518 3557 2577 lil-

1988 2598 2096 2654 Nos
2118 2603 2298 2669 itaque
2323 2604 2412 2673 qui
2438 2615 2557 2672 post
2587 2607 2754 2675 legem
2773 2617 2825 2661 et
2843 2609 3068 2677 gratiam
3087 2622 3290 2673 sumus,
3315 2611 3448 2664 hanc
3474 2610 3571 2669 for-

1993 2694 2300 2761 titudinem,
2330 2700 2467 2751 hanc
2497 2699 2962 2754 mansuetudinem
2988 2701 3129 2753 illius
3161 2702 3453 2765 imitemur,
3478 2702 3567 2771 qni

1987 2797 2114 2843 ante
2140 2789 2313 2860 legem
2344 2798 2397 2845 et
2420 2793 2649 2860 gratiam
2675 2792 2791 2856 fuit,
2822 2802 2879 2847 ut
2899 2809 3018 2846 cum
3044 2792 3135 2846 ilio
3165 2805 3364 2848 aeterna
3397 2796 3572 2849 tabur-

1987 2880 2173 2933 uacula
2191 2881 2589 2950 adipiscamur:
2614 2898 2730 2949 quia:
2752 2883 2955 2938 utinam
2979 2898 3367 2953 consequamur
3387 2900 3574 2948 omnes

1986 2971 2156 3043 gratia
2187 2983 2239 3026 et
2270 2975 2596 3043 benignitate
2629 2975 2837 3028 Domini
2871 2976 3043 3030 nostri
3075 2976 3201 3033 JeSu
3232 2977 3456 3040 Christi,
3487 2978 3571 3040 cui

1985 3064 2152 3135 gloria
2182 3075 2235 3119 et
2264 3066 2583 3135 imperium,
2620 3067 2673 3120 in
2704 3067 2898 3122 saecula
2930 3068 3271 3123 saeculorum.
3302 3072 3497 3125 Amen.

2052 3158 2066 3186 ³
2103 3156 2217 3217 Alii,
2241 3164 2635 3220 contempserunt.

325 3279 3411 3309 Μ
3438 3289 3499 3293 κ--
3534 3288 3575 3297 .-

1438 3364 1775 3426 HOMILIA
1821 3358 2080 3419 XXXIV.
2126 3359 2204 3421 al.
2247 3357 2483 3420 XXXV.

317 3519 441 3573 CAP.
470 3517 556 3572 10.
582 3534 632 3570 v.
661 3518 748 3571 25.
778 3515 900 3570 Cum
927 3524 1094 3569 autem
1118 3522 1472 3584 persequentur
1498 3528 1582 3565 vos
1609 3526 1670 3564 ea:
1695 3510 1788 3562 hac
1817 3507 1892 3561 ci-

391 3616 560 3676 i-itate,
610 3612 769 3683 fugite
820 3613 871 3663 in
909 3611 1081 3663 aliam.
1126 3608 1284 3661 Amen
1335 3606 1519 3675 quippe
1564 3605 1677 3657 dico
1719 3600 1888 3664 vobis,

388 3724 488 3759 non
518 3704 924 3758 consummabilis
960 3701 1179 3755 civitates
1201 3698 1385 3762 Israel,
1416 3698 1573 3750 donec
1606 3697 1771 3751 reniat
1795 3690 1892 3745 Fi-

389 3800 485 3851 lius
502 3797 738 3850 hominis.

391 3932 441 3985 I.
476 3929 603 3983 Cum
636 3929 721 3982 illa
772 3925 1024 3980 terribilia
1070 3931 1126 3979 et
1173 3919 1435 3976 horrenda
1477 3918 1716 3982 dixisset,
1774 3928 1893 3985 qua:

315 4028 537 4090 possent
562 4020 893 4073 adamantem
922 4018 1164 4085 frangere
1183 4055 1197 4078 ,
1230 4028 1349 4083 qua:
1378 4020 1496 4081 post
1522 4023 1731 4064 crucem
1758 4046 1774 4070 ,
1805 4020 1893 4059 re-

316 4112 703 4166 surrectionem
761 4120 814 4162 et
852 4108 1218 4161 ascensionem
1262 4104 1390 4174 ipsis
1420 4110 1673 4156 eventura
1716 4106 1888 4160 erant,

314 4218 619 4257 sermonem
648 4201 792 4255 ducit
817 4201 880 4253 ad
920 4199 1128 4252 mitiora
1151 4239 1165 4262 ,
1189 4197 1323 4250 dans
1349 4194 1561 4249 athletis
1587 4193 1697 4246 suis
1723 4191 1893 4258 respi-

315 4295 466 4348 randi
501 4295 672 4349 locum
700 4334 715 4357 ,
741 4294 1065 4359 multamque
1118 4289 1357 4358 praebens
1383 4288 1510 4357 ipsis
1540 4284 1895 4354 tranquillita-

319 4393 446 4449 tem.
476 4384 589 4437 Non
617 4384 759 4438 enim
782 4382 939 4451 jnSsit
964 4397 1083 4435 eum
1132 4378 1573 4449 persequentibus
1616 4374 1888 4444 congredi,

316 4476 411 4530 sed
446 4476 647 4544 fugere.
682 4474 816 4542 Quia
868 4473 980 4526 Itu-c
1006 4472 1180 4525 adhuc
1215 4470 1359 4524 initia
1389 4478 1560 4534 erant,
1590 4481 1891 4521 sermonem

318 4581 472 4621 suum
504 4574 821 4635 attemperat
848 4575 903 4618 et
942 4564 1164 4633 mitigat.
1209 4562 1323 4616 Non
1365 4561 1595 4630 loquitur
1636 4559 1777 4613 enim
1809 4558 1895 4613 hic

318 4658 383 4713 de
410 4657 909 4725 persequutionibus
932 4671 1051 4724 qua:
1089 4662 1270 4723 pestea
1297 4652 1486 4706 futurae
1512 4660 1684 4715 erant,
1713 4650 1804 4704 sed
1825 4650 1893 4704 de

318 4749 424 4802 illis
467 4762 585 4817 qua:
649 4762 861 4801 crucem
907 4755 961 4799 et
1005 4746 1306 4815 passionem
1365 4757 1727 4813 prmeessere;
1793 4741 1894 4795 hoc

318 4841 459 4893 enim
509 4838 759 4892 indicavit
787 4854 906 4891 cum
939 4837 1070 4891 dixit
1099 4855 1112 4891 :
1148 4836 1270 4891 Non
1307 4837 1436 4890 enim
1483 4835 1893 4890 consummabilis

320 4928 541 4981 civitates
567 4927 753 4991 Israel,
802 4929 958 4981 donec
982 4928 1168 4985 venerit
1196 4927 1359 4981 Filius
1380 4928 1616 4980 hominis.
1645 4925 1719 4980 Ne
1748 4925 1894 4979 dice-

318 5029 437 5074 rent
464 5020 605 5074 enim
636 5038 650 5075 :
682 5022 815 5087 Quid
848 5021 890 5073 si
921 5032 1333 5092 persequutores
1385 5022 1644 5091 fugiamus
1668 5061 1683 5087 ,
1717 5029 1771 5074 et
1814 5020 1891 5073 illi

320 5126 415 5165 nos
446 5112 567 5165 inde
588 5113 747 5167 etiam
776 5113 1012 5180 pellant?
1038 5112 1179 5166 hunc
1195 5123 1391 5166 metum
1415 5113 1526 5179 ipse
1555 5113 1749 5165 tollens
1777 5111 1849 5166 ait
1876 5129 1890 5164 :

318 5203 431 5257 Non
453 5205 745 5259 circuibitis
772 5206 787 5235 ί
823 5206 1157 5259 Palaestinam
1182 5216 1363 5266 totam,
1395 5220 1513 5257 nam
1533 5219 1631 5273 ego
1657 5220 1751 5257 vos
1782 5214 1894 5259 sta-

320 5295 411 5348 tim
453 5296 732 5365 excipiam.
783 5297 847 5350 Et
891 5298 1161 5365 perpende
1203 5297 1471 5365 quomodo
1500 5310 1605 5349 non
1634 5296 1719 5350 hic
1758 5294 1895 5351 mala

319 5387 487 5451 tollat,
512 5387 603 5440 sed
631 5386 768 5440 adsit
794 5388 846 5440 in
868 5387 1138 5456 periculis.
1161 5386 1274 5440 Non
1305 5386 1439 5440 dixit
1466 5386 1630 5450 enim,
1658 5386 1767 5443 Vos
1788 5386 1897 5441 ori-

322 5478 480 5544 piam,
517 5488 571 5532 et
598 5480 1040 5547 pcrsequntiones
1065 5479 1264 5532 solvam
1285 5495 1300 5535 :
1325 5476 1416 5532 sed
1447 5477 1609 5547 quid?
1644 5475 1765 5532 Non
1782 5493 1896 5531 con-

319 5569 632 5627 summabitis
670 5570 891 5623 civitates
918 5568 1102 5635 Israel,
1134 5569 1290 5622 donec
1315 5569 1501 5622 venerit
1522 5566 1691 5622 Filius
1731 5567 1897 5621 homi-

317 5660 411 5720 nis.
442 5660 582 5714 Satis
611 5660 752 5714 enim
780 5670 896 5714 erat
923 5658 990 5714 ad
1030 5659 1447 5716 consolationem
1478 5657 1686 5714 illorum
1706 5697 1723 5727 ,
1749 5656 1896 5729 quod

383 5790 401 5821 ⁸
442 5789 544 5853 Alii,
569 5804 661 5846 non
686 5791 906 5851 tintcbitis
924 5791 1289 5861 circumeuntes.

1986 3501 2135 3556 illum
2183 3501 2449 3557 viderent.
2506 3502 2587 3557 'I‘u
2634 3520 2765 3558 vero
2798 3504 2927 3557 mihi
2969 3506 3249 3561 considera
3298 3508 3570 3576 quomodo

1988 3591 2081 3648 ille
2111 3610 2214 3648 non
2258 3595 2456 3663 ubique
2486 3596 2667 3649 omnia
2715 3597 2901 3664 gratia:
2934 3596 3150 3662 tribuat,
3178 3599 3269 3652 sed
3299 3599 3570 3668 quidpiam

1987 3688 2056 3741 ab
2099 3688 2205 3740 illis
2257 3689 2436 3744 allerri
2480 3684 2685 3756 juheat.
2733 3688 2861 3741 Nam
2915 3689 2958 3742 si
3014 3690 3232 3759 timetis,
3263 3692 3455 3759 inquit,
3490 3693 3571 3746 fu-

2003 3766 2143 3834 gite:
2164 3768 2266 3821 hoc
2301 3770 2441 3822 enim
2462 3771 2785 3838 significavit
2815 3774 3023 3837 dicens,
3050 3771 3260 3843 Fugite,
3280 3783 3353 3840 et,
3384 3773 3463 3828 Ne
3499 3776 3568 3829 ti.-

1996 3858 2205 3912 meatis.
2231 3857 2417 3929 Neque
2442 3861 2592 3931 ipsos
2609 3864 2816 3932 primos
2837 3864 2991 3935 jubet
3011 3865 3215 3933 fugere,
3254 3866 3344 3919 sed
3378 3868 3565 3935 pulsos

1995 3947 2278 4015 recedere;
2299 3964 2473 4019 neque
2492 3968 2683 4022 magna
2695 3955 2867 4022 spatia
2881 3955 2973 4009 dat
2994 3955 3257 4018 locorum,
3277 3956 3369 4010 sed
3389 3970 3567 4023 quan-

1996 4046 2109 4091 tum
2122 4053 2241 4094 esse
2258 4042 2427 4109 possit
2440 4042 2491 4095 in
2511 4043 2897 4100 circumeundo
2909 4046 3153 4101 civitates
3165 4044 3349 4101 Israel.
3369 4046 3572 4101 Deinde

1996 4130 2063 4184 ad
2079 4132 2243 4185 altam
2259 4133 2615 4205 philosophiae
2633 4150 2836 4207 partem
2856 4140 3003 4209 ipsos
3023 4140 3230 4194 invitat.
3253 4139 3457 4200 Primo,
3477 4140 3572 4193 ali-

1997 4233 2304 4278 mentorum
2327 4242 2537 4294 curam,
2554 4231 2812 4296 secundo,
2835 4232 3197 4300 periculorum
3216 4243 3415 4287 metum
3438 4232 3568 4286 abs-

1997 4314 2156 4381 tulit;
2195 4332 2340 4370 nunc
2384 4334 2511 4372 vero
2555 4320 2962 4375 maledictorum
2995 4332 3194 4375 metum
3237 4321 3439 4375 avellit.
3479 4321 3570 4374 Illa

1996 4407 2139 4461 enim
2163 4408 2524 4465 sollicitudine
2541 4412 2810 4475 liberavit,
2829 4414 3045 4468 dicens:
3079 4414 3276 4484 Dignus
3292 4422 3367 4466 est
3387 4429 3570 4481 opera-

1999 4498 2111 4549 rius
2134 4499 2367 4552 mercede
2382 4518 2479 4554 sua
2503 4501 2655 4572 (Luc.
2695 4504 2784 4558 IO.
2806 4504 2880 4573 ‘7),
2906 4505 3220 4575 significans
3240 4506 3438 4559 multos
3457 4505 3573 4560 fore

1998 4590 2091 4658 qui
2118 4590 2264 4658 ipsos
2281 4594 2581 4663 excipiant;
2607 4595 2673 4649 de
2690 4596 2947 4664 periculis
2963 4611 3091 4650 vero
3105 4596 3261 4661 dixit,
3284 4596 3464 4650 Nolite
3486 4613 3574 4649 co-

1999 4681 2441 4752 gitarequomodo
2476 4696 2568 4739 aut
2618 4687 3170 4757 quidloquamini;et,
3201 4688 3305 4752 Qui
3340 4704 3576 4755 perseve-

2000 4775 2192 4826 raverit
2216 4792 2379 4843 usque
2395 4779 2463 4829 ad
2479 4778 2659 4845 ﬁnem,
2682 4779 2766 4832 hic
2793 4780 2969 4833 salvus
2993 4781 3091 4833 erit
3108 4778 3326 4843 (Matth.
3354 4778 3438 4833 Η.
3458 4779 3570 4845 I5).

2070 4868 2316 4937 Exemplo
2344 4883 2435 4920 suo
2480 4864 2705 4919 Christus
2734 4864 2990 4932 apostolos
3025 4861 3093 4914 ad
3136 4860 3462 4915 conttmtelias
3494 4861 3571 4926 [e-

1997 4961 2178 5015 rendas
2205 4960 2453 5013 hortatur.
2483 4988 2555 4998 --
2578 4957 2710 5024 Quia
2740 4966 2915 5011 autem
2946 4956 3235 5010 verisimile
3263 4962 3379 5008 erat
3426 4953 3572 5022 ipsos

1999 5053 2190 5106 malam
2230 5050 2501 5106 habituros
2550 5049 2746 5103 famam
2773 5062 2892 5102 esse
2916 5089 2930 5110 ,
2960 5046 3100 5117 quod
3132 5045 3311 5100 multis
3336 5045 3575 5098 omnium

1998 5141 2428 5197 molestissimum
2456 5155 2575 5196 esse
2608 5140 2816 5194 videtur
2836 5180 2851 5205 ,
2892 5139 3255 5193 animadverte
3284 5152 3388 5205 quo
3416 5144 3573 5205 pacto

2000 5234 2084 5287 hic
2116 5233 2229 5286 illos
2254 5232 2559 5287 consoletur
2582 5273 2595 5295 ,
2628 5247 2692 5285 ex
2724 5231 2788 5285 iis
2832 5231 3034 5285 scilicet
3075 5244 3192 5299 qua:
3231 5227 3298 5283 ad
3341 5231 3576 5299 seipsum

1999 5326 2331 5395 spectabant,
2364 5333 2418 5380 et
2446 5325 2511 5379 de
2538 5340 2597 5380 se
2626 5324 2765 5379 dicta
2820 5322 3032 5378 fuerant
3060 5340 3074 5376 :
3114 5323 3198 5377 cui
3226 5319 3578 5376 consolationi

1999 5417 2131 5472 nihil
2161 5433 2253 5486 par
2278 5432 2397 5472 esse
2423 5417 2607 5487 possit.
2634 5416 2782 5471 Sicut
2810 5416 2951 5470 enim
2982 5414 3050 5469 ibi
3088 5414 3326 5478 dixerat,
3355 5411 3423 5466 Et
3442 5409 3583 5464 eritis

2003 5509 2122 5564 odio
2152 5509 2382 5563 omnibus
2408 5526 2426 5573 ;
2468 5518 2521 5564 et
2551 5508 2820 5578 adjeccrat
2840 5550 2854 5573 ,
2892 5506 3110 5576 Propter
3138 5521 3317 5560 nomen
3368 5518 3531 5557 meum
3563 5517 3581 5555 :

1958 5603 2078 5657 'sic
2123 5611 2178 5657 et
2215 5601 2315 5655 hoc
2359 5601 2476 5655 loco
2521 5602 2636 5655 illos
2663 5601 2969 5655 consolatur
2993 5640 3008 5663 ,
3056 5598 3281 5652 alterum
3311 5593 3579 5666 quidpiam

1996 5691 2274 5763 adjiciens.
2305 5693 2581 5762 Quodnam
2606 5692 2778 5746 illud?
2804 5693 2895 5746 2i.
2931 5690 3050 5745 Non
3073 5700 3144 5743 est
3168 5687 3468 5757 discipulus,
3494 5686 3546 5737 in
3564 5714 3578 5723 -

2003 5784 2136 5867 quit,
2194 5801 2346 5856 super
2389 5785 2715 5857 magistrum,
2773 5799 2862 5837 ucc
2907 5800 3075 5838 srrrus
3128 5794 3280 5853 super
3325 5778 3580 5832 dominum
