4074 6358
549 321 656 380 399

552 451 719 490 suum.
743 433 832 486 23.
860 433 1054 502 Sufﬁcit
1085 431 1335 500 discipulo
1357 473 1371 497 ,
1400 441 1454 483 ut
1481 430 1541 484 sit
1566 430 1694 490 sicut
1731 429 1969 495 magister
1994 426 2123 496 ejus,

552 535 599 578 et
620 541 780 586 serra,
807 526 934 576 sicut
964 524 1197 576 dominus
1222 523 1353 592 ejus.
1386 521 1446 577 Si
1481 521 1900 591 patremfamilias
1926 517 2129 572 Beelze-

554 613 654 668 bub
679 625 998 677 vocaverunt,
1022 625 1207 684 quanto
1244 613 1404 684 magis
1429 612 1725 665 domesticos
1763 611 1911 679 ejus?
1933 611 2022 664 ‘26.
2049 609 2132 664 Ne

552 715 723 775 itaque
748 706 962 759 timentis
984 723 1085 758 eos.
1112 705 1244 760 Vide
1270 705 1536 775 quomodo
1569 717 1628 758 se
1670 701 1904 756 omnium
1955 702 2133 756 Domi-

557 812 684 852 num
709 807 761 851 et
791 799 952 850 Deum
971 808 1022 850 et
1048 807 1342 852 creatorem
1362 812 1479 850 esse
1503 795 1753 850 declarat.
1779 795 1913 862 Quid
1943 795 2132 864 igitur?

560 885 681 942 Non
697 901 767 942 est
779 890 1057 958 discipulus
1069 907 1222 957 super
1236 890 1550 960 magistrum,
1570 906 1658 944 nec
1682 906 1850 944 servus
1875 907 2025 960 super
2040 890 2132 944 do-

562 982 756 1034 minum
780 983 804 1033 2’
828 981 1004 1035 Donec
1031 984 1131 1035 erit
1157 991 1246 1036 aut
1265 983 1552 1052 discipulus
1567 991 1855 1038 autservus
1873 1027 1887 1049 ,
1909 986 2132 1039 nouerit

561 1072 734 1142 major
768 1075 1055 1140 sccyndmn
1085 1075 1305 1129 honoris
1333 1075 1595 1130 ordinem.
1623 1075 1701 1132 Ne
1722 1075 1849 1129 mihi
1875 1077 2014 1130 enim
2046 1076 2133 1132 hic

557 1177 675 1222 rara
703 1164 942 1232 qna'dam
967 1165 1216 1233 przeferas
1245 1167 1483 1234 exempla
1512 1208 1526 1231 ,
1561 1165 1626 1220 de
1657 1166 1720 1220 iis
1747 1183 1865 1235 quae
1893 1179 1948 1221 ut
1971 1168 2132 1236 pluri-

558 1267 702 1306 tnum
731 1269 851 1306 esse
879 1257 1051 1308 solent
1080 1255 1128 1307 id
1159 1257 1358 1324 accipe.
1393 1257 1498 1311 Nec
1546 1257 1696 1318 dixit,
1726 1258 1933 1324 Quanto
1964 1261 2131 1326 magis

555 1359 760 1410 servos,
786 1348 900 1408 Sed,
937 1347 1240 1401 Domesticos
1283 1349 1409 1411 eius,
1451 1365 1638 1419 magna
1689 1366 1812 1419 erga
1841 1351 1954 1405 illos
1983 1369 2130 1405 man-

555 1439 836 1492 suetttdiue
868 1457 1009 1493 ll~llS.
1039 1441 1176 1495 Alibi
1194 1442 1353 1495 etiam
1382 1443 1511 1495 dicit
1545 1461 1557 1493 :
1593 1441 1709 1496 Non
1738 1445 1871 1496 ultra
1895 1461 2014 1496 voco
2046 1462 2130 1498 vos

555 1547 757 1592 servos;
785 1550 870 1584 vos
897 1535 1046 1586 amici
1074 1535 1170 1587 mei
1197 1535 1314 1588 estis
1345 1533 1533 1602 (Joan.
1563 1535 1644 1588 lii.
1683 1537 1746 1585 15
1767 1535 1807 1604 ).
1839 1536 1943 1589 Nec
1972 1538 2125 1602 dixit,

558 1621 615 1678 Si
648 1623 1080 1692 patremfamilias
1128 1626 1334 1694 injuriis
1373 1637 1427 1681 et
1478 1628 1773 1683 maledictis
1798 1630 2126 1696 aifeceruut;

557 1714 649 1768 sed
685 1716 850 1781 ipsum
875 1716 1212 1772 enntttmclite
1242 1717 1457 1772 modum
1481 1719 1759 1787 expressit,
1803 1719 1944 1788 quod
1975 1719 2128 1775 Beel-

557 1805 728 1860 zebub
771 1808 1026 1862 vocarint.
1061 1807 1262 1863 Deinde
1300 1809 1458 1863 aliam
1487 1809 1586 1865 hac
1617 1827 1722 1865 non
1747 1811 2008 1866 minorem
2039 1813 2130 1866 dat

555 1897 1009 1961 consolationem;
1041 1910 1154 1954 erat
1185 1910 1357 1956 tamen
1388 1902 1476 1956 illa
1495 1904 1722 1957 maxima
1746 1921 1759 1969 ;
1779 1905 1872 1958 sed
1894 1906 2010 1972 quia
2041 1906 2125 1970 iis,

556 1986 646 2055 qui
702 1988 933 2040 nondum
977 1988 1485 2059 pltilosophabantur
1511 2034 1525 2057 ,
1569 1993 1670 2047 alia
1699 2010 1830 2064 opus
1869 2005 1982 2048 erat
2010 2013 2127 2065 qua:

553 2087 735 2146 posset
771 2078 888 2132 illos
931 2080 1175 2146 afﬁcere,
1206 2081 1341 2137 hanc
1388 2083 1545 2137 etiam
1591 2083 1738 2139 addit
1768 2103 1780 2136 :
1809 2102 1871 2140 ac
1919 2087 2126 2142 dicendi

551 2168 763 2234 quidem
789 2171 974 2225 modus
994 2174 1294 2241 generalem
1324 2174 1528 2229 videtur
1558 2175 1748 2232 efferre
1774 2179 2088 2234 sententiam
2111 2198 2126 2247 ;

551 2267 784 2315 attamen
837 2279 939 2316 non
968 2265 1032 2317 de
1058 2266 1304 2320 omnibus
1333 2308 1347 2330 ,
1399 2267 1492 2321 sed
1519 2267 1586 2322 de
1613 2270 1894 2339 prepositis
1925 2280 2127 2326 tantmn

551 2349 763 2406 dicitur.
793 2354 927 2420 Quid
968 2359 1109 2412 enim
1135 2359 1250 2412 ait?
1287 2357 1369 2412 Ne
1395 2362 1610 2416 timealt's
1647 2379 1730 2416 eos
1766 2379 1785 2417 :
1832 2365 1958 2420 nihil
1995 2370 2128 2420 enim

553 2453 628 2498 est
652 2459 900 2517 opertum,
920 2451 1054 2518 quod
1078 2468 1176 2504 non
1206 2452 1503 2506 revelabitur
1519 2471 1539 2519 ;
1565 2471 1654 2508 nec
1699 2458 1970 2517 occultum.
1994 2460 2128 2527 quod

551 2559 652 2598 non
676 2545 876 2598 scietur.
907 2543 1056 2611 Quod
1079 2555 1254 2598 autem
1277 2546 1424 2613 dicit,
1450 2546 1746 2616 hujusmodi
1767 2559 1850 2604 cst
1880 2569 1894 2606 :
1923 2551 2130 2607 Sufﬁcit

553 2634 768 2704 quidem
810 2635 958 2687 vobis
989 2635 1054 2688 ad
1096 2636 1514 2691 consolationem
1540 2680 1554 2704 ,
1586 2640 1630 2692 si
1669 2655 1771 2709 ego
1799 2621 2048 2711 magister
2073 2654 2129 2699 et

557 2725 812 2781 Dominus
840 2740 1062 2780 consors
1090 2728 1188 2780 sim
1209 2730 1588 2784 conviciorum.
1611 2731 1664 2787 Si
1688 2747 1814 2788 vero
1835 2733 2007 2790 adhuc
2029 2736 2126 2792 do-

554 2815 674 2870 letis
715 2817 825 2869 iure
855 2816 1159 2883 audientes,
1211 2817 1339 2874 illud
1368 2835 1580 2890 quoque
1628 2823 1807 2878 animo
1862 2833 2128 2895 reputate,

551 2921 646 2960 vos
674 2922 778 2960 non
827 2910 1050 2964 multum
1085 2918 1264 2977 postea
1293 2910 1360 2964 ab
1401 2911 1498 2965 bac
1523 2911 1827 2980 Stt3picione
1854 2914 2131 2966 liberatum

554 2997 638 3051 iri.
670 2997 775 3050 (an
818 3002 960 3052 enim
994 3001 1042 3052 id
1075 3015 1217 3069 aegre
1247 3001 1438 3054 fertis?
1469 3002 1592 3069 quia
1638 3003 2053 3074 prtestigiatores
2079 3014 2131 3056 et

558 3091 878 3159 deceptures
938 3107 1033 3144 vos
1082 3095 1308 3146 Vocant?
1357 3094 1422 3147 At
1470 3094 1736 3163 paululum
1792 3103 2130 3164 exspectate,

550 3190 602 3233 et
635 3193 939 3235 ser‘.t|lt)rt'S
969 3183 1440 3252 ltenefactoresque
1468 3185 1612 3237 orbi's
1641 3199 1736 3238 vos
1767 3184 2132 3252 praedicabunt

560 3287 768 3326 omnes.
803 3273 867 3326 At
916 3274 1057 3327 enim
1105 3285 1312 3340 tempus
1340 3276 1424 3327 illa
1453 3276 1630 3328 omnia
1659 3290 1778 3344 qua:
1802 3271 2132 3328 subobscura

555 3372 708 3415 erant
741 3363 1020 3429 rt-vt-Iabit,
1051 3374 1104 3419 et
1131 3364 1337 3419 illorum
1363 3365 1685 3419 calumniam
1714 3365 1946 3434 deteget,
1967 3367 2134 3422 virtu-

554 3462 765 3521 temque
799 3465 1026 3508 vestram
1056 3457 1401 3524 ct-nSpicuam
1448 3455 1658 3510 reddet.
1707 3455 1838 3510 Cum
1877 3456 2018 3509 enim
2057 3469 2125 3510 ex

556 3545 716 3598 rebus
747 3546 872 3614 ipsis
915 3545 1393 3615 comprobabimiui
1432 3541 1764 3600 salvatores‘
1787 3561 1928 3612 esse,
1959 3553 2013 3598 et
2041 3545 2132 3598 be-

499 3669 503 3672 -
557 3635 734 3699 neﬁri,
761 3649 808 3687 et
837 3637 982 3690 omni
1010 3639 1201 3691 virtute
1227 3637 1524 3706 conspicui,
1551 3637 1763 3692 illorum
1783 3637 1940 3691 dictis
1961 3634 2133 3690 homi-

555 3741 650 3780 nes
696 3743 800 3778 non
853 3728 1127 3782 attendent
1176 3729 1266 3783 sed
1301 3729 1375 3782 rei
1424 3730 1762 3785 veritatizac
1806 3730 1878 3782 illi
1915 3729 2131 3798 quidem

549 3818 919 3887 sycnpltantm,
952 3819 1259 3881 mendaces,
1286 3819 1554 3882 maledici,
1583 3835 1677 3875 vos
1705 3836 1833 3874 vero
1876 3821 1990 3889 ipso
2018 3823 2131 3876 sole

553 3909 946 3976 splendidiores
967 3909 1443 3974 deprehendemini
1469 3929 1482 3961 :
1513 3912 1737 3966 multum
1769 3913 1964 3981 quippe
1991 3922 2130 3968 tem-

555 4001 699 4066 poris
725 4011 837 4066 spat
870 4017 955 4052 um
990 4018 1082 4055 Vos
1127 4011 1283 4058 notos
1331 4003 1542 4066 reddet,
1568 4004 1893 4072 praedicabit,
1924 4014 1980 4058 et
2007 4005 2130 4062 tuba

549 4089 834 4144 clariorem
871 4089 1089 4146 'etnittet
1140 4109 1356 4160 vocem,
1383 4105 1679 4164 vestra-que
1723 4095 1936 4150 virtutis
1967 4107 2132 4151 testes

551 4182 832 4236 UlliVel‘ts‘DS
881 4183 1126 4238 homines
1183 4183 1476 4238 exhibebit.
1541 4185 1619 4239 Ne
1680 4187 1854 4251 itaque
1901 4201 1964 4240 ea
2013 4201 2133 4256 qua:

552 4289 692 4328 nunc
737 4275 986 4328 dcuntur
1035 4290 1130 4329 vos
1187 4275 1467 4346 dejiciant,
1517 4277 1610 4331 sed
1657 4293 1782 4346 spes
1832 4280 2128 4332 futurorum

551 4362 810 4418 bonorum
855 4367 1044 4435 erigat.
1085 4366 1201 4421 Non
1246 4376 1474 4437 possunt
1517 4368 1659 4422 enim
1706 4384 1767 4423 ea
1795 4385 1914 4439 qua:
1943 4371 2007 4422 ad
2037 4385 2131 4429 vos

551 4467 793 4528 spectant
819 4460 1095 4514 occultari.

618 4549 674 4603 2.
707 4548 924 4614 Deinde,
958 4559 1234 4618 postquam
1265 4549 1385 4604 illos
1413 4549 1559 4604 omni
1584 4564 1806 4620 angore,
1842 4549 2033 4605 timore
2075 4559 2131 4606 et

549 4641 906 4704 sollicitudine
933 4642 1197 4706 liberavit,
1224 4653 1278 4696 et
1305 4644 1513 4712 probris
1537 4644 1786 4698 outnibus
1815 4645 2128 4714 superiores

548 4732 802 4807 reddidit,
828 4733 1042 4786 demum
1073 4732 1194 4788 illos
1222 4749 1524 4804 opportune
1553 4735 1621 4788 de
1647 4735 1898 4790 libertate
1929 4736 2126 4804 praedi-

545 4823 702 4879 candi
750 4825 1073 4892 alloquitur:
1104 4840 1224 4877 nam
1257 4825 1424 4879 dicit:
1454 4825 1540 4878 27.
1577 4824 1730 4889 Quod
1769 4826 1881 4879 dico
1915 4826 2053 4880 vobis
2075 4827 2130 4880 iu

545 4916 784 4980 tenebris,
804 4917 958 4970 dicite
981 4917 1032 4969 in
1058 4915 1279 4979 lumine;
1307 4928 1352 4969 et
1381 4917 1515 4984 quod
1543 4917 1595 4968 in
1618 4933 1742 4971 aure
1762 4917 1972 4982 auditis,
2002 4936 2132 4985 pra:-

544 5012 708 5063 dicate
745 5024 894 5076 super
942 5015 1097 5062 tecta.
1139 5007 1470 5078 Quamquam
1520 5023 1624 5063 non
1672 5018 1825 5062 erant
1870 5011 2129 5072 tenebrat,

543 5112 664 5152 cum
701 5097 814 5151 hate
859 5099 1084 5160 diceret,
1116 5112 1288 5166 neque
1321 5097 1388 5150 ad
1433 5111 1614 5152 aurem
1662 5099 2005 5166 quttebatur;
2035 5100 2126 5152 sed

547 5192 661 5245 haec
689 5189 843 5264 bypt-t
861 5193 891 5241 b
916 5191 1031 5244 .ltcc
1055 5190 1192 5244 dicta
1216 5202 1362 5244 sunt.
1386 5191 1518 5255 Quia
1551 5190 1691 5243 enim
1719 5191 1865 5246 solos
1888 5193 2127 5260 alloque-

545 5281 724 5346 batur,
757 5293 810 5338 et
837 5285 888 5335 in
921 5297 1084 5352 parvo
1127 5280 1423 5335 Palatstinat
1472 5281 1686 5349 angulo,
1717 5281 1837 5336 ideo
1879 5282 2029 5350 dicit,
2060 5281 2126 5336 In

544 5374 784 5434 tenebtis.
814 5385 887 5441 ct,
920 5372 984 5428 In
1013 5391 1158 5440 aure,
1195 5373 1338 5426 hunc
1368 5371 1620 5441 loquendi
1658 5374 1872 5427 modum
1902 5388 2123 5444 compa.

545 5479 672 5521 rans
698 5480 820 5520 cum
849 5465 1102 5536 loquendi
1149 5464 1366 5528 ﬁducia,
1414 5478 1516 5533 qua
1564 5460 1681 5517 illos
1715 5475 1895 5532 postea
1925 5465 2122 5518 instru-

1289 315 1346 373 S.
1386 312 1658 372 JOANNIS
1693 308 2154 368 CHRYSOSTOMI
2192 309 2504 364 ARCHIEP.
2546 311 3072 370 CONSTANTINOP.

3696 323 3787 378 ‘00

2239 424 2332 477 sed
2365 440 2459 494 per
2489 436 2655 480 totum
2705 427 2890 482 orbem
2942 429 3264 499 praedicate,
3310 439 3502 488 terram
3555 451 3786 509 mareque

2237 527 2602 586 peragrantes,
2631 517 2941 586 habitatam,
2969 536 3074 575 non
3099 521 3384 578 habitatam
3409 542 3422 577 :
3451 540 3513 579 ac
3539 531 3780 598 tyrannis,

2237 609 2470 678 populis,
2502 609 2854 680 philosophis,
2905 612 3211 668 rhetoribus
3247 629 3366 669 cum
3394 632 3578 687 magna
3610 618 3786 677 fiducia

2237 703 2414 756 omnia
2442 704 2620 759 dicite.
2656 705 2780 758 Ideo
2808 704 2957 771 dixit,
2995 707 3164 779 Super
3191 717 3336 771 tecta,
3365 719 3437 773 et,
3468 709 3527 764 In
3556 712 3732 766 lumine
3757 756 3770 777 ,

2237 797 2351 850 sine
2375 795 2482 848 ttllo
2508 796 2838 867 subterfugio
2858 839 2872 862 ,
2919 808 2972 853 et
2999 815 3119 854 cum
3145 801 3288 854 omni
3337 800 3595 855 libertate.
3619 803 3681 858 Et
3703 823 3787 858 cur

2235 903 2343 942 non
2375 889 2504 942 satis
2536 888 2717 944 habuit
2745 889 2924 944 dicere
2951 931 2966 955 ,
3002 889 3284 946 Prtedicate
3328 910 3480 962 super
3532 905 3675 961 tecta,
3703 909 3786 959 et,

2241 977 2403 1031 Dicite
2426 980 2476 1032 in
2503 981 2712 1045 lumine,
2748 981 2840 1035 sed
2884 982 3078 1049 adjecit
3105 983 3263 1037 etiam
3290 1026 3306 1048 ,
3337 983 3483 1048 Quod
3529 987 3638 1039 dico
3667 989 3788 1039 vobis

2237 1071 2286 1123 in
2318 1070 2548 1136 tenebris,
2577 1081 2650 1135 et,
2675 1071 2823 1136 Quod
2843 1075 2893 1125 in
2920 1090 3042 1126 aure
3057 1074 3240 1130 auditis
3264 1077 3287 1128 .9
3316 1074 3382 1130 Ut
3407 1090 3587 1129 eorum
3614 1093 3790 1131 sensus

2237 1163 2424 1229 erigat.
2457 1163 2603 1216 Sicut
2633 1164 2846 1232 quando
2873 1165 3082 1218 dicebat
3107 1185 3120 1218 :
3153 1164 3252 1231 Qui
3268 1167 3423 1219 credit
3454 1168 3505 1219 in
3527 1184 3620 1231 me,
3648 1185 3788 1236 opera

2235 1268 2349 1320 qua:
2387 1270 2476 1321 ego
2532 1255 2664 1324 facio
2707 1265 2752 1307 et
2779 1257 2887 1325 ipse
2923 1257 3092 1327 faciet,
3137 1269 3183 1311 et
3211 1261 3407 1329 majora
3435 1259 3610 1311 lterum
3651 1260 3788 1329 faciet

2237 1341 2414 1415 (Joan.
2441 1345 2520 1398 14.
2552 1344 2672 1415 12):
2699 1345 2777 1400 sic
2819 1355 2874 1399 et
2917 1346 3019 1401 hoc
3047 1347 3164 1402 loco
3188 1389 3202 1412 ,
3232 1347 3519 1402 ostendens
3545 1365 3636 1419 per
3660 1351 3787 1418 ipsos

2235 1435 2412 1488 omnia
2461 1436 2598 1491 efﬁci
2625 1479 2639 1498 ,
2670 1446 2725 1490 et
2747 1437 2893 1506 plura
2923 1455 3083 1507 quam
3111 1455 3204 1510 per
3231 1441 3465 1509 seipsutn
3495 1439 3627 1494 facta
3654 1442 3784 1508 sint,

2235 1528 2303 1579 ita
2355 1529 2548 1596 posuit.
2603 1528 2734 1582 Nam
2763 1529 2874 1584 ait:
2903 1530 3226 1600 Principium
3252 1533 3400 1586 vobis
3436 1547 3536 1602 ego
3559 1540 3611 1586 et
3653 1532 3786 1586 initia

2225 1614 2382 1679 dedi;
2420 1617 2575 1685 plura
2608 1634 2734 1673 vero
2770 1620 2858 1673 illa
2894 1636 2987 1689 per
3015 1636 3114 1675 vos
3144 1622 3360 1692 impleri
3395 1622 3537 1674 volo.
3561 1619 3669 1676 Hoc
3700 1637 3791 1675 au-

2225 1716 2332 1762 tem
2367 1726 2471 1761 non
2508 1711 2668 1765 modo
2718 1713 3084 1783 przecipientis
3126 1724 3245 1776 est,
3292 1714 3387 1769 sed
3420 1715 3580 1769 etiam
3623 1714 3790 1768 futura

2225 1802 2567 1864 nuntiantis,
2615 1802 2868 1857 ﬁduciam
2914 1805 3263 1874 inspirantis,
3310 1807 3656 1878 praedicentis
3704 1821 3790 1860 eos

2235 1889 2410 1941 omnia
2436 1905 2555 1944 esse
2581 1900 2942 1960 superaturos,
2974 1894 3279 1961 sensimque
3296 1893 3653 1946 subvertentis
3673 1907 3784 1946 con.

2235 1990 2440 2049 coptam
2473 1983 2612 2036 circa
2662 1984 2939 2038 maledicta
2973 1987 3297 2039 mmstitiant.
3351 1987 3785 2054 Quemadmodum

2237 2075 2375 2128 enim
2405 2073 2517 2128 lucc
2546 2074 2871 2142 praedicatio,
2903 2093 3044 2131 nunc
3091 2078 3281 2140 latens,
3315 2079 3491 2130 omnia
3518 2079 3784 2146 pert-adet,

2234 2166 2310 2218 sic
2339 2165 2472 2217 tnala
2501 2167 2582 2218 illa
2605 2165 2906 2219 Juda-orum
2932 2168 3250 2220 existimatio
3275 2172 3380 2221 citn
3406 2169 3609 2237 peribit.
3638 2169 3783 2222 Dein-

2233 2255 2321 2315 de.
2357 2269 2630 2326 postquam
2662 2258 2868 2311 illorum
2896 2260 3307 2323 et'exitaninttts,
3336 2277 3546 2314 rursum
3567 2261 3781 2330 pericula

2238 2349 2493 2416 pra-dicit,
2527 2350 2735 2402 illorum
2789 2362 3019 2403 tuentem
3051 2353 3280 2420 erigens,
3315 2352 3661 2422 omnibusque
3703 2368 3785 2406 su-

2235 2439 2511 2494 ltlituiores
2539 2442 2786 2497 reddens.
2819 2442 2954 2508 Quid
2992 2446 3133 2499 enim
3173 2444 3286 2496 ait?
3309 2445 3399 2500 28.
3434 2444 3604 2498 Nolite
3631 2446 3786 2498 timere

2234 2549 2316 2587 eos
2335 2535 2419 2602 qui
2445 2535 2675 2586 occidunt
2704 2551 2904 2602 corpus,
2933 2537 3151 2587 animam
3176 2546 3464 2589 autemnon
3491 2546 3690 2605 possunt
3711 2552 3785 2588 oc-

2234 2623 2419 2676 cidere.
2456 2623 2639 2677 Viden‘
2660 2625 2927 2694 quomodo
2957 2625 3076 2678 illos
3097 2626 3345 2681 omnibus
3370 2628 3667 2695 Superiores
3679 2627 3785 2680 red-

2232 2711 2342 2779 dat,
2368 2729 2470 2767 non
2497 2730 2651 2769 curas
2680 2715 2860 2782 modo,
2895 2731 2998 2770 non
3041 2717 3339 2779 maledicta,
3378 2719 3606 2786 pericula
3627 2759 3640 2781 ,
3671 2719 3784 2771 insi-

2231 2804 2369 2872 dias,
2391 2807 2483 2860 sed
2506 2808 2664 2860 etiam
2691 2818 2915 2861 mortem
2945 2811 3179 2862 omnium
3206 2809 3644 2864 terribilissimam
3664 2825 3782 2862 con-

2235 2906 2473 2953 temnere
2539 2899 2775 2954 ducens?
2815 2916 2988 2970 neque
3036 2901 3346 2970 simpliciter
3394 2911 3649 2966 mortem,
3697 2903 3782 2956 sed

2232 2990 2389 3044 etiam
2423 2989 2747 3044 violentam?
2774 2989 2955 3058 Neque
2985 2990 3136 3056 dixit,
3165 2990 3519 3058 Occidemini,
3566 2992 3653 3046 sed
3675 3007 3782 3046 cum

2231 3081 2620 3152 magniﬁcentia
2671 3083 2980 3151 congruenti
3026 3089 3192 3136 totum
3244 3082 3568 3149 declaravit,
3626 3081 3785 3136 Nolite

2231 3175 2422 3236 timere,
2454 3175 2655 3238 dicens,
2675 3176 2737 3228 ab
2766 3176 2826 3228 iis
2852 3175 2938 3244 qui
2961 3175 3192 3229 occidunt
3213 3191 3399 3244 corpus
3420 3217 3436 3242 ,
3460 3177 3672 3228 animant
3695 3193 3780 3228 au-

2233 3276 2333 3321 tem
2365 3285 2466 3321 non
2522 3277 2730 3334 possunt
2766 3267 2993 3321 occidere
3021 3283 3039 3320 :
3066 3266 3154 3320 sed
3179 3269 3347 3336 potius
3388 3269 3554 3322 timete
3579 3283 3684 3320 eum
3708 3266 3782 3336 qui

2231 3367 2394 3429 potest
2423 3367 2471 3414 et
2519 3359 2742 3412 animam
2779 3367 2826 3412 et
2854 3374 3036 3428 corpus
3066 3358 3272 3427 perdere
3297 3362 3350 3412 in
3398 3359 3703 3429 gehennam:
3728 3359 3773 3411 in

2231 3449 2558 3505 contrarium
2614 3458 2828 3505 vertens
2881 3463 3223 3515 sermonem,
3281 3450 3354 3504 uti
3414 3464 3623 3519 semper
3649 3449 3776 3502 facit.

2233 3542 2370 3614 Quid
2419 3543 2560 3597 enim
2591 3541 2691 3596 sibi
2721 3541 2867 3594 vult?
2895 3540 3116 3595 Timetis
3147 3551 3372 3594 mortem
3398 3581 3414 3607 ,
3471 3541 3687 3609 ideoque
3723 3538 3783 3593 ad

2229 3633 2624 3705 praedicandum
2658 3633 2934 3703 segniores
2974 3631 3144 3688 estis?
3170 3630 3272 3687 Sed
3303 3631 3404 3687 hac
3433 3632 3499 3688 de
3519 3648 3668 3686 causa
3697 3648 3780 3701 po-

2231 3725 2335 3778 tius
2359 3724 2667 3793 prtedicate,
2698 3725 2819 3792 quia
2849 3733 3074 3778 mortem
3108 3723 3326 3778 timetis.
3351 3723 3484 3779 Illud
3511 3725 3645 3778 enim
3671 3738 3783 3777 vere

2232 3829 2328 3868 vos
2359 3815 2375 3848 ⁸
2407 3829 2437 3868 a
2465 3827 2636 3869 morte
2660 3814 2868 3883 eripiet.
2898 3813 3030 3867 Nam
3067 3815 3274 3869 etiamsi
3299 3831 3393 3869 vos
3437 3815 3782 3884 interetnpturi

2231 3915 2396 3970 sunt,
2443 3905 2713 3960 meliorem
2772 3917 2949 3960 tamen
3004 3916 3206 3974 partem
3281 3923 3386 3960 non
3456 3908 3782 3976 superabunt,

2230 4000 2439 4054 etiamsi
2468 3999 2518 4053 id
2542 4001 2664 4054 totis
2691 4000 2888 4054 viribus
2909 4009 3185 4054 conentur.
3215 4000 3337 4054 Ideo
3365 4017 3472 4054 non
3501 4003 3642 4062 dixit,
3667 3999 3783 4053 Ani-

2228 4108 2372 4148 mam
2403 4103 2579 4148 autem
2608 4106 2710 4145 non
2741 4092 3018 4156 occidunt;
3043 4092 3158 4157 sed,
3186 4091 3308 4146 Non
3336 4104 3545 4162 possunt
3559 4094 3779 4146 occidere.

2229 4185 2363 4239 Nam
2383 4184 2590 4240 etiamsi
2621 4184 2801 4248 velint,
2837 4200 2941 4237 non
2964 4185 3306 4253 superabunt.
3340 4183 3520 4255 Itaque
3537 4186 3579 4238 si
3604 4182 3785 4252 suppli-

2231 4279 2372 4334 cium
2400 4279 2574 4338 times.
2603 4277 2730 4332 illttd
2760 4279 2915 4348 longe
2941 4281 3156 4347 gravius
3181 4281 3328 4334 time.
3362 4281 3547 4336 Viden’
3576 4294 3782 4350 quomoo

2230 4372 2304 4426 do
2324 4387 2429 4425 non
2464 4371 2740 4440 promittat
2769 4385 2828 4424 se
2855 4371 2976 4425 illos
3003 4387 3034 4425 a
3063 4383 3236 4426 morte
3263 4372 3605 4426 liberaturum
3633 4386 3742 4426 esse
3763 4409 3779 4433 ,

2230 4463 2325 4518 sed
2347 4464 2481 4516 mori
2505 4463 2778 4532 permittit,
2803 4461 3004 4532 majora
3035 4462 3336 4531 largiturus,
3364 4479 3522 4533 quam
3550 4465 3591 4517 si
3619 4463 3666 4518 id
3691 4475 3784 4516 non

2233 4553 2610 4624 permitteret?
2635 4552 2817 4622 Longe
2843 4553 2986 4606 enim
3017 4553 3188 4621 majus
3215 4561 3298 4608 est
3322 4554 3551 4608 suadere
3578 4562 3632 4606 ut
3652 4565 3780 4606 mors

2229 4656 2533 4716 spernatur,
2555 4661 2714 4716 quam
2742 4661 2774 4700 a
2807 4654 2981 4700 morte
3009 4661 3220 4700 eruere.
3247 4646 3363 4701 Non
3388 4648 3565 4717 itaque
3588 4646 3697 4700 illos
3733 4644 3780 4697 in

2231 4738 2464 4806 pericula
2491 4737 2724 4807 coniicit,
2753 4736 2846 4792 sed
2873 4737 3047 4792 reddit
3069 4738 3316 4807 periculis
3333 4740 3649 4808 superiores,
3672 4739 3783 4792 bre-

2229 4831 2389 4901 vique
2414 4846 2664 4886 sertnone
2693 4829 2991 4884 doctrinam
3021 4830 3087 4886 de
3110 4832 3508 4886 immortalitate
3535 4832 3713 4884 animo:
3733 4828 3780 4881 in

2233 4923 2334 4976 illis
2384 4923 2601 4987 inserit,
2632 4937 2695 4975 ac
2728 4921 2935 4976 duobus
2977 4923 3213 4978 tribusve
3267 4925 3446 4979 verbis
3496 4925 3570 4977 sic
3599 4924 3780 4976 inserto

2232 5012 2448 5066 salutari
2480 5012 2746 5080 dogmate,
2772 5013 2890 5066 aliis
2918 5013 3039 5067 illos
3064 5014 3356 5068 ratiociniis
3381 5014 3696 5069 consolatur.
3717 5008 3784 5064 No

2232 5105 2376 5158 enim
2398 5115 2646 5174 putarent
2666 5120 2724 5158 se
2753 5104 2920 5158 occidi
2955 5114 3008 5158 et
3032 5105 3284 5175 jugulari,
3314 5106 3456 5175 quod
3480 5105 3624 5175 quasi
3645 5103 3784 5158 dere-

2233 5195 2346 5249 licti
2385 5198 2513 5261 sint,
2540 5196 2608 5250 de
2635 5196 2962 5264 providentia
2995 5198 3084 5250 Dei
3119 5214 3418 5253 sermonem
3459 5198 3683 5260 inducit,
3714 5193 3785 5247 bis

2235 5287 2446 5344 verbis:
2471 5287 2564 5342 9.9.
2609 5287 2798 5342 Nonne
2817 5287 2918 5341 duo
2947 5304 3172 5358 passeres
3215 5305 3327 5344 asse
3348 5300 3572 5349 veneunt,
3607 5297 3648 5340 et
3674 5300 3786 5338 unus

2235 5394 2297 5431 ex
2322 5379 2426 5432 illis
2457 5395 2557 5432 non
2584 5379 2726 5433 cadet
2753 5380 2805 5432 in
2836 5379 3068 5451 laqueum
3094 5380 3202 5432 sine
3240 5378 3396 5433 Patre
3446 5389 3600 5433 vestro
3631 5378 3706 5446 qui
3739 5375 3785 5426 in

2238 5475 2379 5528 uelis
2408 5473 2524 5528 est?
2555 5474 2644 5529 30.
2677 5473 2839 5528 Vestri
2863 5483 3030 5526 autem
3057 5473 3230 5543 capilli
3251 5474 3429 5542 capitis
3449 5488 3614 5526 omnes
3633 5483 3785 5522 numev

546 5571 737 5618 cturus
762 5574 894 5617 erat.
948 5560 1025 5616 Ne
1055 5561 1109 5615 in
1141 5573 1266 5625 una,
1293 5556 1498 5614 duabus
1525 5555 1760 5618 tribusve
1800 5556 2163 5627 civitatibus»
2240 5567 2338 5618 rati
2370 5575 2506 5620 sunt.
2562 5565 2697 5633 Quid
2734 5566 2874 5620 enim
2925 5565 3081 5620 vilius
3131 5564 3280 5618 illis?
3334 5563 3502 5632 inquit
3528 5578 3543 5615 :
3573 5569 3784 5613 attamen

605 5758 626 5793 ⁸
644 5753 763 5813 Alit,
788 5756 988 5808 -'tt:ttltld.

2241 5671 2550 5726 numquam.
2584 5657 2860 5725 ignorante
2889 5654 3015 5718 Deo,
3047 5655 3342 5725 capientur.
3368 5651 3482 5708 Non
3520 5655 3652 5708 enim
3672 5666 3782 5720 ope-

2307 5769 2323 5798 *
2359 5767 2518 5814 tturel.
2545 5765 2709 5825 habet,
2733 5779 2840 5829 nos;
2859 5769 3002 5816 male.
