4074 6358
263 412 354 464 Mil

266 541 415 581 rantc
456 526 564 581 Deo
594 526 785 580 radere
813 521 940 576 dicit
972 539 985 573 :
1018 520 1067 573 id
1096 519 1235 572 enim
1292 516 1561 585 indignum
1608 515 1716 568 Deo
1747 527 1834 567 es-

263 636 377 683 set;
418 619 513 670 sed
541 617 673 669 dixit
707 613 838 668 nihil
885 622 1155 680 gestorum
1187 608 1333 661 illum
1373 608 1559 661 latere.
1615 604 1673 659 Si
1706 618 1835 673 ergo

268 709 397 763 nihil
425 722 612 763 eorum
636 722 753 775 qua:
779 704 1024 758 accidunt
1063 702 1305 771 ignorat,
1344 712 1545 767 vosque
1574 696 1838 750 sincerius

264 818 421 872 quam
448 809 599 868 pater
624 806 787 862 amat,
815 804 972 863 atque
1015 793 1085 847 ita
1116 802 1293 858 amat,
1336 802 1393 845 ut
1422 791 1580 845 etiam
1619 788 1838 856 capillos

266 902 473 947 vestros
500 889 810 953 numerarit,
844 887 973 941 nihil
1003 887 1181 955 utique
1213 884 1525 939 timendum.
1557 883 1667 937 Iloc
1713 896 1839 935 vero

267 984 418 1047 dixit,
444 998 549 1038 non
574 980 714 1050 quod
751 980 893 1034 Deus
920 978 1145 1047 capillos
1178 986 1446 1041 numeret,
1476 974 1569 1029 sed
1604 983 1661 1028 ut
1681 988 1838 1026 accu-

269 1086 434 1129 ratam
465 1073 704 1127 uoritiam
759 1085 1110 1140 magnamque
1159 1071 1299 1123 circa
1331 1082 1426 1121 eos
1456 1065 1838 1135 providentiam

269 1159 533 1217 ostendat.
565 1162 619 1215 Si
652 1176 779 1229 ergo
823 1159 1001 1213 omnia
1033 1174 1151 1227 qum.
1175 1158 1307 1211 Iittnt
1336 1157 1503 1218 novit,
1531 1156 1574 1209 si
1606 1155 1716 1209 vult
1740 1170 1836 1207 nos

271 1253 444 1306 salvos
471 1252 667 1312 facere,
698 1262 751 1306 et
772 1251 824 1305 id
852 1259 1046 1320 potest,
1075 1250 1117 1301 si
1144 1248 1268 1317 qttid
1303 1247 1593 1317 patiamini,
1628 1262 1693 1299 ne
1718 1262 1839 1299 cre-

271 1347 377 1400 dite
406 1360 502 1397 vos
529 1343 814 1398 derelictos
858 1341 944 1395 illa
997 1342 1123 1410 pati.
1174 1340 1288 1395 Non
1332 1341 1474 1395 enim
1524 1339 1637 1393 vult
1666 1354 1759 1392 vos
1808 1354 1837 1391 a

276 1438 425 1491 malis
446 1437 673 1506 eripere,
699 1434 794 1490 sed
824 1434 1046 1489 suadere
1070 1426 1279 1487 utmala
1302 1432 1657 1485 contemnatis
1683 1449 1695 1485 :
1719 1446 1839 1484 nam

273 1529 383 1583 lucc
406 1544 529 1582 vere
552 1527 792 1581 Iiberatio
818 1535 899 1581 est
921 1541 949 1579 a
976 1526 1148 1579 malis.
1177 1525 1265 1579 5i.
1301 1522 1472 1577 Nolite
1497 1538 1612 1591 ergo
1635 1523 1804 1574 timere
1822 1536 1840 1573 :

270 1619 437 1672 multis
459 1617 738 1686 passeribus
762 1617 987 1670 meliores
1016 1617 1130 1668 estis
1159 1632 1263 1669 vos.
1290 1613 1477 1669 Videu'
1498 1614 1614 1667 illos
1639 1613 1749 1681 jam
1778 1613 1843 1666 ti-

273 1724 417 1761 more
462 1716 737 1777 correptos
767 1706 973 1761 fuisse?
1015 1706 1228 1761 Sciebat
1257 1706 1399 1760 enim
1448 1716 1654 1759 secreta
1688 1720 1838 1759 men-

272 1802 373 1854 tis:
404 1800 523 1853 idco
579 1799 889 1869 subjunxit,
943 1798 1025 1853 Ne
1069 1816 1185 1869 ergo
1218 1799 1431 1851 tinteatis
1471 1815 1570 1851 eos.
1622 1796 1840 1851 Etiamsi

271 1892 408 1944 cnim
437 1890 779 1958 prtovalcant,
805 1893 854 1943 in
884 1891 1147 1944 minorem
1181 1898 1383 1957 partem
1437 1889 1795 1957 prtcvalchunt
1825 1928 1839 1952 ,

271 1985 319 2034 in
343 1996 536 2050 eorpus
580 1982 782 2035 scilicet
812 2000 824 2035 :
856 1981 996 2049 quod
1023 1980 1228 2035 etiamsi
1276 1981 1347 2033 illi
1390 1996 1495 2033 non
1545 1979 1790 2033 occidant
1821 2020 1837 2044 ,

271 2081 454 2126 natura
482 2082 655 2127 tamen
687 2072 947 2126 absumet.

338 2164 392 2218 3.
428 2162 569 2216 Mors
596 2164 974 2225 contemnenda,
1009 2163 1204 2217 Christo
1240 2162 1372 2215 illud
1398 2179 1485 2230 per
1504 2179 1641 2232 spent
1668 2171 1714 2215 et
1742 2178 1843 2215 me-

269 2261 373 2306 tum
405 2254 665 2308 suadente.
714 2255 812 2320 Qui
869 2256 1177 2321 conﬁtetur,
1228 2270 1316 2323 per
1361 2255 1578 2306 divinam
1628 2255 1843 2323 gratiam

271 2334 559 2413 conﬁtetur.
600 2345 735 2399 Deus
781 2346 1013 2399 libentius
1035 2346 1191 2412 bona,
1215 2362 1365 2415 quam
1394 2346 1643 2415 supplicia
1668 2345 1838 2414 infert.

270 2464 339 2478 -—
366 2438 546 2506 Itaque
588 2452 656 2491 ne
683 2437 734 2489 in
773 2437 872 2491 hoc
900 2437 1111 2506 quidem
1157 2438 1230 2491 illi
1276 2447 1590 2506 potestatem
1625 2438 1840 2502 habent,

270 2550 295 2585 a
321 2544 509 2587 natura
549 2532 743 2602 quippe
776 2531 900 2585 illud
927 2532 1184 2587 obtinent.
1219 2532 1369 2599 Quod
1412 2533 1454 2587 si
1485 2533 1583 2587 hoc
1612 2533 1802 2587 timeas
1825 2573 1840 2597 ,

272 2623 435 2676 multo
462 2624 628 2690 magis
659 2622 948 2675 timendum
976 2622 1101 2677 illud
1132 2623 1270 2693 quod
1294 2623 1480 2693 majus,
1510 2639 1571 2677 ac
1597 2634 1843 2678 metuen-

270 2714 367 2769 dus
395 2725 476 2768 est
523 2714 612 2769 ille
639 2717 728 2783 qui
776 2722 951 2784 potest
975 2723 1028 2767 ct
1058 2714 1285 2767 animam
1313 2725 1366 2768 et
1394 2730 1588 2784 corpus
1621 2715 1843 2783 perdere

271 2808 320 2859 in
348 2805 669 2875 gehennam.
691 2806 869 2875 Neque
891 2806 1173 2860 manifeste
1198 2806 1324 2860 dicit
1344 2821 1403 2861 se
1435 2806 1581 2859 illum
1613 2821 1734 2861 esse
1751 2807 1842 2876 qui

272 2897 439 2964 possit
462 2904 516 2949 et
545 2897 778 2949 animum
800 2905 854 2949 et
880 2911 1076 2964 corpus
1102 2895 1323 2965 perdere
1348 2913 1362 2959 ;
1387 2895 1480 2949 sed
1516 2911 1609 2964 per
1638 2912 1698 2951 ea
1726 2912 1842 2964 qua:

270 2986 519 3054 superius
537 2985 690 3050 dixit,
723 3000 780 3040 se
806 2986 1040 3055 judicem
1067 3000 1186 3040 esse
1222 2987 1559 3040 monstravit.
1606 2988 1675 3041 At
1705 3001 1844 3041 nunc

269 3079 595 3131 contrariqu
619 3079 795 3131 evenit
827 3095 840 3131 :
871 3093 992 3131 nam
1017 3078 1245 3147 eumqui
1274 3086 1445 3147 potest
1465 3078 1693 3132 animam
1719 3093 1846 3148 per-

270 3171 418 3238 dere,
452 3171 554 3225 hoc
578 3180 660 3225 est
683 3211 698 3236 ,
730 3171 988 3240 supplicio
1014 3171 1244 3234 allicere,
1278 3186 1382 3224 non
1416 3170 1697 3235 timemus;
1729 3169 1845 3225 illos

271 3271 449 3317 autem
478 3263 566 3329 qui
586 3275 777 3330 corpus
806 3261 1132 3315 interﬁciunt
1150 3260 1623 3331 perhorrescimus.
1642 3261 1844 3329 Quam-

272 3370 430 3424 quam
478 3354 567 3408 ille
608 3369 710 3407 una
766 3368 886 3408 cum
916 3355 1092 3407 anima
1121 3367 1314 3423 corpus
1344 3354 1503 3407 etiam
1531 3353 1842 3408 ulciscitur:

271 3447 342 3500 illi
372 3459 503 3499 vero
525 3460 631 3498 non
658 3445 816 3498 modo
842 3446 1076 3499 animam
1095 3486 1111 3510 ,
1139 3444 1233 3499 sed
1287 3460 1353 3499 ne
1382 3460 1576 3515 corpus
1632 3445 1845 3515 quidem

272 3545 495 3604 possunt
522 3537 743 3605 punire;
771 3536 892 3590 licet
919 3536 1059 3589 enim
1089 3536 1280 3591 millies
1306 3536 1565 3605 supplicio
1591 3537 1842 3603 alliciant,

273 3628 607 3696 splendidius
630 3627 756 3681 illud
781 3628 1002 3681 omnino
1031 3627 1276 3681 reddunt.
1313 3627 1553 3682 Vidistin‘
1578 3628 1846 3698 quomodo

271 3719 560 3772 certamina
589 3719 759 3773 facilia
805 3718 1028 3773 reddat?
1056 3718 1195 3773 Mors
1220 3720 1363 3773 cnim
1400 3735 1585 3774 eorum
1614 3721 1842 3775 animam

271 3808 557 3863 admodum
586 3809 907 3879 exagitabat,
957 3811 1312 3881 terribilisque
1342 3811 1513 3866 adhuc
1534 3822 1671 3874 erat,
1703 3814 1844 3883 qttod

272 3903 505 3955 noudmn
528 3912 832 3971 expugnato
864 3902 1036 3957 facilis
1063 3912 1205 3958 esset
1236 3944 1250 3965 ,
1290 3919 1387 3958 nec
1413 3903 1587 3959 adhuc
1615 3905 1845 3973 Spiritus

270 3992 493 4059 gratiam
521 3995 855 4062 accepissent
895 3995 929 4047 ii
975 3995 1063 4063 qui
1096 3994 1238 4047 illam
1268 3996 1620 4064 contempturi
1668 4007 1841 4052 erant.

270 4084 557 4154 Postquam
590 4100 716 4153 ergo
744 4086 986 4138 timorem
1009 4094 1063 4138 et
1095 4094 1314 4150 metum,
1347 4086 1434 4155 qui
1465 4086 1696 4154 ipsorum
1725 4088 1843 4141 ani-

270 4192 407 4231 mam
428 4178 749 4245 exagitabat,
780 4177 1065 4230 amovisset
1089 4216 1104 4242 ,
1135 4179 1373 4246 sequenti
1403 4178 1561 4231 etiam
1591 4194 1843 4233 sermone

271 4273 373 4327 illis
399 4271 645 4324 ﬁduciam
678 4270 849 4335 indit;
898 4271 1089 4324 timore
1118 4270 1363 4324 timorem
1392 4271 1618 4340 pellens,
1648 4287 1746 4326 nec
1777 4273 1843 4326 ti-

272 4379 419 4415 more
462 4362 638 4426 modo,
684 4362 777 4416 sed
808 4376 1119 4432 magnorum
1157 4378 1250 4431 spe
1286 4365 1653 4432 prtemiorum;
1692 4366 1839 4420 insu-

272 4470 467 4525 perque
484 4470 602 4508 cum
622 4468 805 4524 magna
827 4462 1086 4523 p0testate
1102 4455 1453 4509 comminatur
1472 4472 1486 4509 :
1509 4464 1663 4525 atque
1677 4458 1842 4510 utrin-

270 4564 370 4616 que
392 4548 510 4601 illos
529 4545 769 4600 hortatur
792 4546 855 4600 ad
885 4545 1129 4600 Iiduciam
1161 4562 1256 4615 pro
1276 4547 1493 4601 veritate
1505 4548 1837 4611 sumendam,

270 4638 381 4694 hate
403 4638 656 4707 adjicicns
679 4656 692 4690 :
722 4639 805 4693 52.
832 4639 1144 4707 Quicumque
1162 4639 1473 4707 conﬁtebitur
1492 4638 1544 4692 in
1571 4656 1647 4692 me
1671 4656 1840 4693 coram

270 4730 569 4794 hominibus,
599 4730 870 4797 conﬁtebor
892 4739 937 4782 et
959 4746 1048 4800 ego
1060 4731 1111 4782 in
1136 4746 1246 4783 eum
1263 4747 1430 4782 coram
1453 4729 1605 4785 Patre
1632 4748 1738 4784 meo
1755 4732 1842 4800 qui

269 4832 336 4875 est
365 4823 415 4874 in
445 4822 614 4884 cwlis;
645 4822 729 4876 55.
764 4831 809 4875 ει
836 4823 1135 4891 quicumque
1163 4824 1415 4890 negaverit
1444 4837 1520 4875 me
1547 4838 1717 4875 coram
1745 4823 1837 4876 ho-

268 4911 503 4975 minibus,
540 4911 729 4982 negabo
775 4921 820 4965 et
849 4928 941 4981 ego
979 4928 1093 4966 eum
1122 4928 1292 4964 coram
1328 4910 1482 4966 Patre
1508 4929 1614 4965 meo
1654 4913 1737 4981 qui
1767 4921 1837 4966 est

268 5002 316 5053 in
333 5003 469 5054 aclis
488 5001 527 5054 ¹.
554 5000 667 5055 Νοιι
694 5001 832 5055 enim
858 5017 886 5054 a
913 5001 1169 5054 bonorum
1197 5016 1291 5070 spe
1313 5009 1539 5065 tantum,
1560 5001 1651 5053 sed
1676 5003 1833 5055 etiam

269 5108 296 5144 a
324 5095 584 5146 malorum
627 5107 768 5147 metu
805 5093 1056 5154 concitat,
1086 5099 1139 5146 et
1170 5093 1220 5144 in
1255 5093 1422 5145 tristia
1446 5090 1661 5145 desinit.
1707 5092 1833 5161 Ejus

267 5192 442 5235 autem
473 5188 866 5238 accurationem
896 5182 1183 5252 perpende.
1214 5182 1328 5235 Non
1356 5181 1516 5244 dixit,
1547 5180 1647 5244 Me,
1698 5182 1788 5235 sed
1814 5223 1830 5245 ,

269 5271 331 5325 In
363 5291 472 5335 me,
526 5274 815 5326 ostendens
844 5289 964 5326 cum
1006 5272 1094 5342 qui
1124 5272 1430 5337 conﬁtetur,
1486 5288 1589 5324 non
1621 5273 1829 5341 propria

267 5366 483 5429 virtute,
516 5365 610 5420 sed
633 5381 863 5435 superna
905 5366 1070 5436 gratia
1098 5364 1286 5419 fultum
1308 5363 1572 5419 conﬁteri.
1605 5364 1679 5420 De
1731 5380 1829 5419 ne-

266 5470 422 5526 gantc
453 5473 557 5511 non
610 5457 763 5524 dixit,
799 5457 852 5510 In
887 5472 972 5512 me
1000 5497 1016 5522 ,
1047 5456 1163 5523 sed,
1203 5455 1291 5509 Me
1316 5470 1337 5509 :
1362 5471 1481 5508 nam
1527 5471 1649 5509 cum
1689 5454 1831 5509 dono

265 5550 445 5616 gratim
475 5564 672 5604 vacuus
708 5549 796 5614 sit,
825 5550 893 5603 ita
923 5557 1099 5617 negat.
1133 5547 1239 5602 Cur
1266 5561 1392 5616 ergo
1420 5557 1719 5611 accusatur,
1748 5546 1830 5599 iu-

265 5636 447 5708 quies,
478 5639 522 5692 si
555 5639 601 5693 is
639 5640 729 5709 qui
784 5647 974 5709 negat,
1020 5639 1090 5693 ita
1132 5636 1551 5707 derelinquitur?
1577 5637 1710 5705 Quia
1741 5639 1829 5707 qui

267 5729 669 5799 derelinquitur,
694 5730 847 5800 culpa
878 5745 973 5786 sua
1000 5729 1406 5799 derelinquitur.
1439 5729 1544 5785 Sed
1584 5744 1680 5785 cur
1720 5744 1825 5785 non

327 5840 347 5876 ι
379 5847 487 5892 uase
507 5839 717 5893 clausula
741 5841 984 5907 Evangelii
1009 5848 1107 5895 tcta
1127 5842 1299 5894 deerat
1314 5841 1363 5891 in
1385 5839 1551 5892 Morel.

1242 397 1307 451 IN
1347 392 1751 450 MATTIIAJUM
1791 391 1997 447 llOlilL
2064 392 2295 447 XXXIV.
2339 393 2409 446 al.
2452 392 2667 448 XXXV.

3421 398 3518 452 illi?

1946 510 2137 565 sufﬁcit
2168 513 2297 566 Iidcs
2335 512 2386 565 in
2417 514 2617 578 animo,
2658 512 2753 568 sed
2783 513 2891 567 oris
2922 514 3081 568 etiam
3129 514 3518 570 confeSsioncua

1950 606 2212 674 requirit?
2244 605 2308 660 Ut
2357 621 2455 659 nos
2504 608 2685 661 incitet
2707 607 2773 660 ad
2807 606 3048 662 ﬁduciam
3081 619 3134 662 et
3161 609 3225 662 ad
3269 609 3517 678 loquendi

1948 695 2245 750 libertatem
2274 738 2288 760 ,
2322 713 2527 751 necnon
2557 698 2623 751 ad
2676 701 2936 769 majorem
2980 704 3256 757 caritatem
3288 712 3341 756 et
3390 702 3517 756 atie-

1946 800 2114 855 ctum,
2150 801 2311 857 utque
2336 805 2432 844 nos
2477 793 2813 847 sublimiotcs
2840 796 3052 848 efﬁciat.
3088 795 3319 862 Idemue
3346 795 3522 848 omni-

1948 881 2047 935 bus
2087 882 2340 949 loquitur,
2400 898 2571 951 neque
2602 885 2747 939 solos
2779 887 2995 952 respicit
3033 886 3359 953 discipulos;
3408 899 3515 938 non

1947 974 2066 1029 illos
2091 976 2231 1029 enim
2267 982 2489 1040 tantum,
2546 976 2639 1029 sed
2679 976 2835 1030 etiam
2870 976 3158 1045 discipulos
3204 991 3388 1030 corum
3410 976 3519 1044 jam

1949 1077 2197 1121 strenuos
2224 1067 2449 1122 reddere
2473 1068 2667 1121 studet.
2698 1068 2828 1122 Nam
2852 1069 2939 1137 qui
2969 1069 3081 1120 Inrc
3102 1068 3367 1129 didicerit,
3417 1082 3523 1121 non

1949 1162 2110 1215 modo
2137 1176 2256 1215 cum
2285 1162 2527 1214 Iiberlate
2567 1161 2802 1225 docebit,
2838 1160 2928 1213 sed
2962 1161 3122 1213 etiam
3167 1162 3341 1213 omnia
3370 1159 3523 1213 facile

1948 1263 2002 1306 et
2048 1268 2239 1322 magno
2266 1252 2443 1305 animo
2475 1253 2721 1319 patietur.
2752 1250 2805 1303 Id
2852 1262 2996 1305 certe
3040 1251 3160 1304 fecit
3192 1260 3249 1303 ut
3275 1250 3422 1304 multi
3454 1249 3520 1303 ad

1948 1344 2220 1413 apostolos
2249 1345 2581 1401 accedi-rent,
2616 1343 2756 1411 quod
2812 1343 2931 1396 huic
2968 1343 3111 1396 dicto
3162 1343 3317 1396 ﬁdem
3358 1341 3520 1395 hahe-

1947 1447 2084 1493 rent.
2115 1437 2244 1491 Nam
2275 1447 2330 1490 ut
2359 1438 2408 1490 in
2459 1436 2609 1490 malis
2639 1436 2837 1505 majora
2883 1436 3139 1503 supplicia
3187 1446 3478 1502 sequuntur
3506 1453 3517 1488 :

1949 1530 2029 1584 sic
2059 1539 2113 1583 et
2142 1529 2193 1582 in
2224 1529 2377 1582 bonis
2406 1528 2576 1595 major
2598 1542 2823 1581 merces.
2852 1527 2983 1594 Quia
3014 1527 3156 1580 enim
3188 1527 3276 1594 qui
3323 1526 3519 1578 bonum

1948 1622 2025 1676 sic
2046 1628 2314 1690 operatur,
2340 1620 2553 1673 divitias
2574 1618 2674 1673 sibi
2706 1628 2873 1687 parat,
2908 1626 3156 1687 peccator
3181 1628 3354 1671 autem
3384 1617 3520 1671 dila-

1949 1713 2093 1764 tione
2120 1709 2363 1778 supplicii
2395 1723 2453 1763 se
2483 1709 2673 1763 lucrari
2706 1710 2998 1773 existimat,
3033 1724 3239 1776 parem,
3265 1709 3370 1761 imo
3401 1710 3521 1761 lon-

1948 1815 2014 1867 ge
2037 1799 2457 1868 majorembeue
2491 1800 2731 1868 operauti
2758 1799 2963 1852 induxit
2984 1799 3214 1868 copiam,
3245 1815 3341 1853 seu
3378 1815 3518 1869 prac-

1948 1894 2175 1947 miormn
2204 1891 2647 1948 additamentum.
2682 1892 2827 1946 ilanc
2847 1894 3275 1962 prterogativam,
3306 1894 3475 1958 inquit
3501 1935 3517 1958 ,

1948 1986 2132 2049 babes,
2162 1984 2300 2053 quod
2331 1985 2382 2038 in
2412 2002 2495 2037 me
2538 1985 2681 2053 prior
2725 1984 3058 2039 credideris?
3090 1984 3199 2053 Ego
3233 1986 3357 2039 item
3384 1985 3519 2038 hanc

1948 2078 2348 2147 praerogativam
2396 2077 2555 2137 dabo,
2598 2086 2655 2132 ut
2682 2077 2880 2146 majora
2922 2077 3187 2139 tribuam,
3217 2077 3324 2129 imo
3364 2078 3519 2144 longe

1947 2170 2148 2239 majora
2184 2190 2197 2225 :
2227 2185 2347 2224 nam
2391 2170 2460 2224 ibi
2488 2179 2537 2224 te
2569 2169 2883 2224 conﬁtebor.
2918 2169 3104 2223 Viden’
3132 2178 3186 2223 ct
3216 2171 3299 2223 hic
3328 2179 3381 2223 ct
3418 2170 3521 2224 illic

1949 2262 2082 2316 bona
2130 2270 2184 2315 et
2232 2262 2365 2314 mala
2401 2261 2791 2315 recondi?Cur
2818 2277 2947 2331 ergo
2992 2261 3246 2315 festinas?
3289 2278 3382 2315 cur
3437 2262 3521 2318 hic

1950 2351 2250 2407 mercedem
2286 2353 2500 2420 quaeris,
2535 2352 2623 2422 qui
2652 2368 2744 2421 spe
2766 2352 2874 2421 jam
2907 2352 3083 2405 salvus
3120 2354 3214 2407 es?
3238 2353 3439 2407 Idcirco
3468 2355 3514 2406 si

1948 2446 2073 2515 quid
2101 2447 2219 2499 boni
2251 2444 2461 2507 feceris,
2517 2460 2685 2513 neque
2711 2444 2796 2498 hic
2831 2446 3130 2499 mercedem
3161 2446 3386 2513 recipias
3408 2486 3421 2508 ,
3457 2462 3522 2498 ne

1950 2537 2216 2599 turbcris;
2257 2551 2376 2589 cum
2424 2535 2787 2590 additamento
2812 2537 2951 2589 enim
3001 2537 3049 2589 in
3084 2535 3260 2589 futuro
3285 2548 3522 2603 tempore

1949 2636 2002 2681 te
2030 2641 2235 2680 merces
2274 2635 2472 2679 manet.
2501 2625 2590 2679 Sin
2615 2626 2883 2696 quidpiam
2911 2627 3030 2681 mali
3060 2627 3267 2691 feceris,
3305 2642 3401 2680 uec
3427 2627 3523 2679 des

1949 2731 2156 2786 pteuas,
2187 2732 2252 2769 ne
2284 2715 2404 2770 ideo
2458 2717 2636 2785 segnis
2664 2716 2765 2781 sis;
2803 2716 2909 2770 illic
2935 2717 3072 2769 enim
3108 2724 3159 2769 te
3205 2716 3520 2786 supplicium

1950 2807 2199 2875 excipiet,
2249 2808 2347 2860 nisi
2376 2807 2599 2861 mutcris
2630 2816 2683 2860 et
2713 2807 2903 2861 melior
2933 2808 3148 2861 evadas.
3180 2807 3236 2860 Si
3263 2823 3389 2861 vero
3415 2823 3521 2861 non

1948 2898 2142 2963 credis,
2169 2914 2233 2952 ex
2262 2898 2613 2969 prmsentibus
2639 2899 2797 2953 rebus
2824 2900 2994 2952 futura
3022 2900 3294 2967 conjicito.
3322 2898 3453 2954 Nam
3477 2901 3521 2955 si

1950 2990 2299 3043 certaminum
2334 2999 2573 3057 tempore
2618 2988 2695 3042 sic
2727 2988 2960 3043 illustres
2995 2999 3117 3042 sunt
3162 2990 3195 3043 ii
3225 2989 3316 3058 qui
3350 2989 3524 3043 conﬁ-

1953 3087 2148 3141 tentur,
2191 3077 2459 3147 perpende
2487 3078 2671 3146 quales
2698 3093 3017 3131 coronarum
3066 3086 3306 3147 tempore
3359 3078 3519 3132 futuri

1950 3170 2074 3223 sint.
2124 3168 2179 3224 Si
2240 3170 2437 3223 inimici
2484 3168 2569 3223 hic
2604 3169 2875 3238 plaudunt,
2920 3171 3008 3239 qui
3055 3179 3110 3224 te
3166 3170 3355 3225 affectu
3405 3171 3523 3239 plus

1951 3278 2107 3331 quam
2136 3270 2360 3331 paterno
2398 3260 2586 3327 diligit,
2625 3260 2893 3330 quomodo
2929 3275 3037 3315 n0u
3071 3271 3122 3314 te
3151 3263 3428 3316 mirabitur
3463 3272 3517 3315 et

1950 3351 2241 3407 celebrabit
2265 3351 2287 3404 ?
2316 3350 2465 3406 Tunc
2483 3352 2623 3405 enim
2653 3360 2810 3405 erunt
2838 3362 2891 3406 et
2918 3351 3175 3406 bonorum
3201 3352 3416 3421 praemia
3456 3363 3511 3406 et

1952 3444 2213 3497 malorum
2242 3444 2496 3513 supplicia
2522 3460 2536 3507 ;
2569 3444 2637 3497 ita
2669 3454 2723 3496 ut
2771 3443 2859 3513 qui
2886 3442 3194 3512 negaverint
3220 3484 3236 3511 ,
3263 3453 3316 3498 et
3356 3443 3439 3498 hic
3466 3453 3521 3499 et

1952 3536 2060 3590 illic
2104 3536 2419 3606 puniantur;
2452 3533 2537 3589 hic
2577 3549 2697 3588 cum
2724 3534 2860 3587 mala
2887 3534 3212 3588 conscientia
3239 3534 3481 3587 viventes
3502 3575 3519 3599 ,

1950 3628 2039 3697 qui
2091 3636 2577 3697 quantumcumque
2629 3636 2857 3679 mortem
2908 3625 3179 3694 fugerint,
3227 3626 3522 3681 morientur

1952 3719 2197 3783 tandem;
2243 3719 2352 3773 illic
2378 3733 2508 3772 vero
2537 3727 2801 3772 extremas
2826 3716 3029 3771 dabunt
3058 3734 3279 3789 pcenas;
3311 3720 3398 3773 alii
3427 3735 3522 3773 au-

1952 3821 2055 3867 tem
2086 3823 2139 3866 et
2169 3811 2254 3866 hic
2272 3819 2327 3865 et
2348 3810 2455 3864 illic
2476 3809 2746 3864 lucramur
2771 3826 2784 3873 ;
2813 3818 2867 3863 et
2884 3818 3110 3863 mortem
3140 3809 3223 3863 hic
3246 3814 3294 3863 in
3319 3810 3521 3865 Iucrmu

1950 3911 2215 3959 vertentes
2238 3943 2251 3964 ,
2279 3918 2382 3972 qua
2402 3901 2534 3955 vivis
2563 3900 2949 3970 splendidiores
2974 3901 3295 3968 efﬁciuntur,
3328 3912 3379 3957 et
3413 3904 3518 3957 ilhc

1950 3993 2305 4049 ineﬁ‘abilibus
2331 3992 2570 4047 fruentes
2591 3992 2766 4046 bonis.
2794 3991 2907 4046 Non
2930 3993 3071 4046 enim
3095 3993 3158 4047 ad
3195 3994 3519 4061 puniendum

1951 4095 2176 4152 tantum,
2227 4085 2320 4140 sed
2367 4086 2527 4139 etiam
2576 4084 2642 4139 ad
2689 4085 2827 4139 bona
2877 4086 3143 4154 eroganda
3187 4095 3401 4154 paratus
3439 4099 3521 4140 est

1952 4178 2124 4243 Deus;
2153 4187 2207 4232 et
2233 4176 2300 4231 ad
2331 4176 2433 4231 hoc
2458 4184 2606 4231 certe
2634 4176 2801 4244 magis
2832 4191 2991 4244 quam
3020 4175 3085 4228 ad
3115 4175 3263 4230 illud.
3289 4175 3395 4229 Sed
3425 4191 3520 4230 cur

1948 4271 2051 4325 hoc
2079 4269 2268 4336 semel,
2304 4267 2434 4323 illud
2467 4268 2548 4323 bis
2575 4268 2794 4337 posuit?
2824 4267 2983 4321 Novit
3012 4276 3160 4320 certe
3192 4267 3381 4321 timore
3410 4285 3521 4321 ma-

1946 4363 2028 4432 gis
2080 4362 2327 4416 homines
2372 4360 2438 4414 ad
2470 4360 2898 4430 resipiscentiam
2927 4358 3138 4413 adduci.
3170 4359 3372 4413 Idcirco
3398 4374 3518 4413 cum

1944 4456 2187 4519 dixisset,
2233 4453 2420 4507 Timete
2449 4469 2561 4507 eum
2584 4453 2670 4521 qui
2701 4461 2860 4521 potest
2892 4461 2939 4504 et
2978 4451 3203 4503 animam
3241 4461 3287 4505 et
3333 4467 3517 4522 corpus

1947 4548 2153 4616 perdere
2173 4547 2225 4599 in
2248 4545 2546 4616 gehennam,
2573 4558 2783 4597 rursum
2807 4542 2953 4608 dicit,
2979 4542 3188 4612 Negabo
3210 4559 3323 4595 eum
3341 4553 3386 4595 et
3403 4560 3513 4613 ego.

1944 4639 2031 4695 Sic
2060 4647 2114 4692 et
2135 4638 2329 4692 Paulus
2364 4636 2611 4702 faciebat,
2644 4633 2940 4704 gehennam
2975 4633 3285 4704 frequenter
3305 4651 3514 4689 memo-

1944 4746 2087 4784 rans.

2014 4823 2067 4875 4.
2099 4819 2261 4885 Mors,
2291 4818 2487 4873 Christo
2509 4827 2760 4885 monente,
2786 4834 2887 4870 non
2924 4816 3207 4871 metuenda.
3244 4816 3518 4883 Corruptio

1942 4928 2207 4983 corporum
2235 4911 2390 4964 utilis.
2424 4910 2558 4977 Quot
2600 4910 2736 4962 mala
2778 4909 3047 4974 evenirent,
3089 4910 3132 4963 si
3174 4925 3388 4978 corpora
3417 4926 3517 4962 non

1940 5013 2395 5075 corrumperentur.
2426 5033 2496 5042 —
2524 5001 2656 5057 Cum
2703 5002 2862 5071 igitur
2911 5002 3205 5056 auditorem
3249 5000 3391 5056 omni
3445 5017 3513 5054 ex

1941 5106 2091 5167 parte
2131 5096 2455 5149 stimulasset
2484 5094 2629 5165 (nam
2659 5103 2712 5148 et
2739 5094 2900 5147 caelos
2931 5092 3029 5163 ipsi
3054 5094 3293 5163 aperuit,
3326 5104 3372 5147 et
3416 5094 3512 5147 tri-

1940 5190 2099 5245 bunal
2125 5190 2250 5245 illud
2282 5189 2514 5245 terribile
2539 5188 2869 5251 monstravit,
2896 5187 3201 5257 angelorum
3229 5188 3511 5250 theatrum,

1939 5298 2252 5337 coronarum
2303 5280 2741 5351 proclamationes
2764 5321 2779 5345 ,
2815 5295 2933 5349 qum
2965 5280 3062 5348 piae
3090 5279 3346 5333 doctrinm
3376 5280 3512 5332 viam

1938 5372 2145 5427 facilem
2170 5374 2455 5441 pararent),
2485 5371 2696 5425 demum
2724 5386 2792 5424 ne
2818 5385 2911 5440 per
2940 5371 3179 5425 timorem
3208 5371 3514 5439 prmdicatiu

1938 5463 2300 5534 impediretur,
2333 5463 2397 5516 ad
2438 5463 2610 5517 ea:ch
2638 5464 2777 5531 ipsos
2818 5464 3059 5533 apparari
3098 5461 3285 5532 jubet,
3327 5471 3383 5515 ut
3426 5462 3510 5516 di-

1938 5563 2106 5632 Sfattt,
2127 5569 2219 5607 eos
2246 5555 2335 5624 qui
2380 5554 2429 5606 in
2462 5553 2828 5608 incredulitate
2854 5550 3160 5621 persistunt,
3193 5553 3347 5605 etiam
3378 5552 3507 5605 insi-

1927 5647 2138 5702 diarum
2156 5644 2400 5697 Iidelibus
2416 5652 2742 5696 structarum
2766 5658 2953 5712 patinas
2971 5658 3091 5696 esse
3108 5643 3499 5697 daturosJIor-

1928 5747 2035 5793 tem
2066 5751 2194 5806 ergo
2210 5734 2594 5804 despiciamus,
2613 5734 2827 5789 etiamsi
2862 5734 3102 5789 nondum
3135 5735 3252 5804 ejus
3281 5745 3498 5805 tempus

1930 5831 2355 5886 adveneritznam
2379 5826 2444 5882 ad
2462 5826 2635 5883 multo
2653 5826 2931 5884 meliorem
2952 5827 3116 5884 vitam
3135 5831 3494 5887 resurrecturi
