4074 6358
441 403 547 461 403

443 529 648 573 sumus.
670 514 755 572 At.
775 509 942 574 dices,
957 521 1152 576 Corpus
1167 501 1560 572 corrumpitur?
1577 497 1646 555 Et
1664 497 1785 553 ideo
1802 494 2032 551 maxime

447 608 787 677 gaudendum
809 646 822 669 ,
868 602 1006 672 quod
1041 615 1185 652 mors
1211 603 1582 663 corrumpatur
1601 635 1617 657 ,
1658 599 1713 646 et
1740 588 2034 644 mortalitas

427 709 669 772 ‘prt'eal,
717 712 819 750 non
855 704 1032 748 autem
1063 689 1354 743 substantia
1387 684 1648 752 corporis.
1679 681 1862 750 Neque
1891 678 2032 772 enim

453 767 496 847 si
523 790 739 846 condiri
772 788 981 842 videres
1007 793 1253 840 statuam,
1285 777 1571 848 perniciem
1604 774 1652 827 id
1683 773 1910 834 diceres,
1942 767 2033 822 scd

452 884 729 938 meliorem
761 877 998 934 materiae
1038 889 1213 929 usum.
1261 871 1350 925 Sic
1391 879 1444 923 et
1473 868 1540 922 de
1569 880 1793 934 corpore
1823 862 1992 930 cogita
2017 901 2032 925 ,

451 987 507 1036 et
536 990 602 1030 ne
631 971 959 1044 lactymeris.
1003 967 1262 1022 Flemlum
1310 977 1438 1016 sane
1479 969 1654 1023 esset,
1703 959 1744 1010 si
1788 957 1840 1009 in
1879 969 2033 1026 pinna

449 1065 756 1122 mansisset.
788 1062 892 1118 Sed
921 1059 1264 1130 oportuisset.
1297 1052 1524 1122 inquies,
1553 1051 1668 1105 sine
1695 1047 2038 1115 corruptione

451 1172 735 1225 corporum
781 1154 832 1209 id
882 1152 1028 1213 fieri,
1077 1159 1130 1204 et
1165 1150 1276 1217 ipsa
1319 1147 1520 1212 integra
1551 1157 1786 1195 manere.
1820 1139 1886 1192 Et
1913 1136 2037 1207 qttid

453 1248 578 1302 inde
625 1246 864 1302 utilitatis
907 1253 998 1296 aut
1044 1241 1178 1294 vivis
1225 1247 1318 1293 aut
1359 1235 1620 1290 defunctis
1669 1230 2040 1302 provenisset?

454 1338 740 1408 Quousque
769 1345 1032 1390 amatores
1061 1347 1343 1401 corporum
1371 1326 1552 1383 eritis?
1579 1338 1854 1395 quousque
1885 1333 2041 1376 teme

455 1430 653 1484 addicti
677 1429 743 1482 ad
773 1429 988 1481 umbras
1014 1422 1267 1479 inhiatis?
1292 1420 1428 1486 Quid
1456 1417 1579 1472 inde
1611 1416 1849 1470 utilitatis
1875 1414 2046 1467 obve~

459 1521 630 1574 niret?
663 1522 768 1573 imo
813 1517 938 1586 quid
979 1533 1085 1570 non
1133 1513 1435 1568 uocumeuti
1483 1509 1798 1564 acet-deret?
1835 1505 1965 1559 Nam
1995 1506 2041 1558 si

457 1628 679 1682 corpora
712 1626 817 1664 non
843 1614 1310 1676 corrumperentur
1328 1643 1343 1668 ,
1372 1601 1568 1654 malum
1597 1599 1834 1653 onmium
1863 1598 2042 1650 deter-

459 1707 652 1758 rimum
680 1743 695 1766 ,
741 1700 988 1768 Superbia
1020 1701 1072 1752 in
1115 1697 1298 1750 multis
1325 1694 1544 1763 vigeret.
1577 1690 1781 1744 Etenim
1810 1705 1928 1743 cum
1959 1703 2043 1742 res

461 1797 532 1850 ita
566 1812 624 1849 se
664 1794 852 1848 habeat
878 1834 892 1858 ,
938 1804 1268 1860 oorporeque
1306 1785 1574 1840 vermibus
1604 1791 1860 1842 scatente,
1892 1781 2042 1834 nmlti

463 1896 638 1940 tamen
671 1900 728 1938 se
756 1883 886 1938 deos
913 1879 1210 1936 existimari
1239 1877 1575 1939 studuerunt,
1609 1873 1732 1944 quid
1765 1890 1866 1926 non
1900 1872 2045 1926 futu-

460 1992 576 2032 rum
609 1984 758 2040 erat,
789 1975 833 2028 si
863 1987 1060 2042 corpus
1089 1967 1408 2025 mansisset?
1437 1965 1702 2024 Secundo.
1737 1981 1840 2018 non
1870 1964 2044 2016 credi-

461 2069 666 2123 dissent
693 2082 917 2136 corpora
950 2082 1013 2119 ex
1045 2077 1184 2119 terra
1211 2072 1388 2116 ortum
1432 2060 1630 2114 habere
1658 2079 1669 2112 :
1701 2075 1819 2112 nam
1858 2061 1900 2112 si
1932 2058 2047 2126 ejus

461 2161 566 2214 line
594 2161 642 2212 id
675 2160 991 2213 testificante
1020 2155 1195 2210 adlmc
1237 2154 1450 2226 quidam
1491 2153 1753 2214 dubitant,
1785 2152 1909 2221 quid
1941 2169 2045 2205 non

461 2251 902 2319 suspicarentur,
949 2248 1051 2301 nisi
1098 2245 1203 2300 hoc
1249 2244 1530 2298 viderent?
1573 2243 1774 2305 Tertio,
1823 2257 2048 2310 corpora

463 2343 632 2411 magis
653 2341 1017 2411 diligerentur,
1043 2339 1360 2409 plurimique
1383 2335 1553 2404 magis
1572 2335 1810 2390 carnales
1830 2344 1886 2388 et
1899 2348 2048 2387 cras-

464 2435 634 2488 siores
662 2431 783 2486 facti
810 2443 990 2487 essent
1015 2449 1026 2482 :
1053 2444 1173 2484 nam
1217 2429 1260 2482 si
1307 2441 1446 2481 nunc
1473 2426 1684 2494 quidam
1717 2426 1973 2494 sepulcris
1997 2433 2052 2480 et

465 2525 613 2578 urnis
639 2523 865 2586 haerent,
890 2522 1048 2576 etiam
1075 2521 1388 2590 corporibus
1410 2519 1759 2585 consumptis,
1788 2517 1913 2588 quid
1945 2533 2051 2572 non

467 2619 721 2680 facerent,
768 2617 810 2670 si
843 2617 1010 2684 ipsam
1049 2615 1328 2684 imaginem
1376 2612 1668 2667 haberent“?
1699 2614 1917 2679 Quarto,
1951 2611 2051 2664 bo-

467 2710 640 2763 tnines
671 2710 840 2762 futura
866 2724 970 2761 non
993 2707 1406 2762 desiderassent.
1426 2705 1642 2773 Quinto,
1669 2705 1740 2758 illi
1763 2706 1850 2774 qui
1872 2705 2054 2760 dicunt

468 2802 724 2855 mundum
749 2815 867 2855 esse
888 2801 1262 2862 immortalem,
1289 2799 1412 2852 hinc
1431 2799 1483 2852 in
1507 2799 1757 2867 opinione
1779 2799 2055 2852 firmaren-

471 2903 574 2958 tur,
604 2902 661 2946 ut
689 2901 994 2947 asserereut
1039 2893 1204 2947 Deum
1236 2907 1340 2947 non
1369 2906 1487 2947 esse
1516 2898 1835 2947 creatorem.
1867 2893 2050 2957 Sexto,

471 2999 576 3039 non
607 2997 1022 3052 cognosceretur
1046 2987 1239 3039 anima:
1278 2985 1479 3052 virtus,
1508 2999 1608 3040 nec
1634 2994 1888 3055 quantmu
1919 3000 2056 3054 prte-

468 3089 592 3128 sens
631 3074 872 3130 conferat
898 3076 1073 3130 anima
1101 3075 1333 3146 corpori.
1361 3075 1600 3146 Septimo
1620 3116 1636 3143 ,
1682 3075 1832 3130 multi
1859 3091 1927 3130 ex
1955 3075 2056 3130 de-

469 3164 768 3222 functorum
789 3181 1002 3222 suorum
1022 3182 1226 3234 amore,
1244 3168 1465 3222 urbibus
1486 3167 1708 3234 relictis,
1727 3167 1778 3221 in
1801 3169 2057 3237 sepulcris

476 3257 763 3312 habitaturi
804 3267 954 3312 erant
976 3297 991 3322 ,
1040 3269 1094 3313 et
1136 3259 1441 3313 insanorum
1474 3257 1640 3312 inStar
1667 3268 1906 3312 mortuos
1929 3272 2056 3314 suos

471 3350 778 3420 frequenter
798 3352 1118 3421 alloquuturi
1143 3371 1156 3407 :
1181 3367 1301 3406 nam
1324 3353 1366 3405 si
1390 3366 1530 3406 nunc
1558 3351 1771 3421 quidam
1803 3352 2058 3422 imagines

471 3443 786 3513 cﬂingentes
808 3483 824 3509 ,
869 3445 990 3512 quia
1028 3459 1250 3514 corpora
1291 3445 1522 3498 retinere
1551 3458 1654 3498 non
1689 3451 1935 3513 possunt,
1963 3443 2058 3498 sed

473 3535 653 3589 invitis
682 3537 808 3605 ipsis
839 3536 924 3589 illa
951 3534 1212 3600 deﬂuunt,
1243 3535 1429 3604 ligneis
1458 3534 1650 3588 tabulis
1680 3535 1901 3599 haerent,
1932 3533 2059 3604 quid

475 3640 581 3679 non
620 3625 837 3679 absurdi
886 3636 1012 3681 tunc
1055 3625 1490 3695 excogitassent?
1533 3624 1667 3680 Puto
1695 3639 1842 3681 certe
1866 3625 2060 3681 multos

477 3715 844 3786 hujuscemodi
867 3717 1180 3786 corporibus
1208 3717 1404 3785 templa
1428 3715 1783 3771 :cdilicaturos
1803 3758 1818 3782 ,
1851 3726 1905 3772 et
1935 3733 2059 3784 per-

478 3824 732 3864 suasuros
758 3808 921 3863 fuisse
945 3809 1216 3863 daemonas
1244 3812 1296 3862 in
1324 3808 1427 3861 illis
1453 3807 1617 3878 loqui,
1650 3808 1694 3862 si
1722 3809 1808 3878 qui
1834 3808 1888 3862 in
1917 3808 2062 3863 hisce

480 3901 762 3970 praestigiis
809 3899 1033 3954 Sotertcs
1077 3901 1321 3963 fuissent,
1370 3898 1798 3970 quandoquidem
1843 3899 1940 3966 illi,
1972 3899 2063 3969 qui

480 3991 894 4048 necromantiam
925 3989 1125 4045 audent
1152 4005 1424 4056 exercere,
1454 3989 1615 4043 multa
1645 3989 1726 4043 his
1754 3989 2065 4044 absurdiora

481 4093 724 4148 tentant,
774 4083 840 4137 ad
887 4082 1001 4138 haec
1043 4083 1314 4153 pulverem
1365 4089 1421 4137 et
1470 4084 1678 4137 cineres
1727 4081 2063 4139 adhibentes.

483 4180 690 4243 Quanta
719 4175 842 4229 hinc
868 4174 1183 4230 idololatria:
1208 4188 1402 4242 genera
1434 4181 1541 4227 n'on
1567 4172 1944 4227 emersissent?
1974 4173 2067 4227 His

487 4268 648 4338 igitur
674 4267 925 4322 omnibus
949 4265 1170 4320 sublatis
1196 4265 1354 4331 Deus,
1387 4274 1567 4334 utpote
1597 4264 1861 4331 absurdis,
1893 4274 1946 4319 ut
1971 4279 2068 4320 nos

487 4358 729 4415 instituat
774 4358 842 4412 ad
885 4369 1095 4413 terrena
1140 4358 1315 4412 omnia
1345 4356 1675 4426 abjicienda,
1724 4366 1846 4410 ante
1887 4357 2072 4412 oculos

491 4458 706 4504 nostros
729 4464 927 4520 corpus
952 4448 1199 4503 destruit.
1228 4448 1358 4502 Nam
1398 4463 1683 4514 Corporum
1711 4459 1916 4502 amator
1935 4489 1950 4514 ,
1981 4448 2072 4517 qui

491 4539 782 4593 formosam
815 4539 1040 4608 puellam
1065 4539 1292 4609 deperit,
1321 4539 1363 4592 si
1392 4539 1525 4592 nolit
1551 4538 1938 4593 deformitatem
1962 4556 2074 4593 ma-

493 4630 643 4684 teria:
689 4631 898 4685 ratione
940 4630 1170 4696 discere,
1219 4647 1336 4684 eam
1383 4630 1510 4699 ipsis
1557 4631 1724 4684 oculis
1769 4631 2069 4700 perspiciet.

501 4724 712 4780 Etenim
739 4723 918 4777 multa:
947 4733 1070 4776 sunt
1101 4723 1242 4793 paris
1267 4723 1439 4778 aetatis
1467 4724 1678 4792 puellae,
1706 4738 1768 4776 ac
1797 4740 1938 4793 sa-pe
1967 4723 2077 4777 for-

497 4818 755 4872 mosiores
776 4856 790 4880 ,
837 4830 956 4886 qua:
983 4812 1246 4870 defuncta:
1271 4824 1392 4885 post
1430 4829 1588 4868 unam
1620 4816 1908 4869 alteramve
1935 4815 2075 4868 diem

498 4913 741 4965 firtorem
795 4908 1119 4972 emiserunt,
1167 4908 1391 4974 saniem,
1442 4906 1797 4977 putredinem,
1848 4921 2076 4961 vermes.

499 5000 682 5072 Cogita
710 4999 923 5070 qualem
947 5013 1094 5054 ames
1117 4998 1581 5068 pulchritudinem,
1605 5007 1659 5052 et
1677 5012 1831 5068 quam
1860 4997 2080 5051 formam

499 5094 777 5163 depereas.
807 5091 864 5148 Si
891 5108 1018 5147 vero
1043 5106 1266 5161 corpora
1293 5107 1397 5144 non
1427 5100 1811 5160 putrescereut,
1841 5089 1953 5143 ha'c
1977 5105 2082 5143 non

501 5187 672 5260 probe
702 5185 941 5257 dignosei
990 5193 1208 5256 possent
1233 5201 1246 5238 :
1270 5182 1363 5237 sed
1408 5185 1548 5238 sicut
1575 5182 1846 5236 daemones
1877 5196 1968 5251 per
1995 5197 2086 5236 se-

505 5278 691 5348 pulcra
729 5286 984 5342 currunt,
1035 5275 1114 5330 sic
1157 5275 1307 5330 multi
1349 5290 1416 5329 ex
1462 5273 1786 5327 amatoribus
1829 5272 2089 5342 sepulcris

503 5369 833 5438 assidentes,
875 5367 1149 5424 daemonas
1196 5368 1248 5421 in
1293 5365 1469 5421 anima
1516 5365 1852 5436 reciperent,
1900 5373 1956 5420 et
1992 5363 2092 5418 hac

510 5463 655 5519 ducti
686 5463 890 5518 insania
917 5477 1062 5533 saepe
1085 5470 1442 5517 morerentur.
1486 5456 1636 5514 Nunc
1663 5471 1825 5529 porro
1851 5465 1962 5512 tum
1987 5457 2090 5512 alia

1179 391 1240 447 S.
1280 384 1556 446 .IOANNIS
1593 375 2066 437 CllllYSUSTOllI
2105 375 2422 434 ABCllIEP.
2463 372 2997 432 CONSTANTINOP.

3617 373 3731 431 404

2140 493 2322 555 multa,
2351 503 2460 547 tum
2484 492 2586 546 hoc
2601 493 2760 545 etiam
2785 493 3017 546 animum
3039 491 3364 558 consolatur,
3385 491 3524 560 quod
3550 491 3730 563 imago

2150 585 2240 638 illa
2273 601 2378 638 non
2409 595 2676 654 appareat,
2709 587 2888 652 sicque
2915 585 3067 639 dolor
3097 584 3364 639 oblivione
3387 585 3611 638 diffluat.

2211 677 2262 731 5.
2290 677 2833 744 Animw“pulchritudo
2865 684 2914 729 et
2952 676 3264 746 prastantia.
3290 707 3358 715 —
3384 675 3536 742 Quod
3566 677 3608 730 si
3640 693 3731 734 res

2139 783 2246 821 non
2268 767 2335 821 ita
2358 782 2415 821 se
2436 767 2677 832 haberet,
2700 768 2943 836 sepulcra
2968 767 3108 822 nulla
3131 777 3338 832 essent;
3369 768 3460 822 sed
3483 770 3731 824 civitates

2141 861 2351 914 videres
2371 875 2488 929 quae
2509 869 2746 914 mortuos
2767 874 2862 929 pro
2884 861 3072 914 statuis
3093 859 3364 923 haberent,
3385 878 3504 916 cum
3530 863 3732 932 singuli

2141 952 2341 1005 vellent
2382 966 2506 1006 suos
2550 951 2749 1006 videre.
2795 951 2928 1005 lline
2967 953 3154 1020 ingens
3181 953 3424 1008 confusio
3454 956 3730 1020 oriretur,

2142 1059 2300 1099 nemo
2319 1045 2509 1098 animae
2530 1059 2711 1098 curam
2736 1045 2970 1111 haberet,
2993 1061 3091 1100 nec
3111 1046 3178 1100 de
3197 1048 3314 1114 ejus
3329 1048 3736 1104 immortalitate

2142 1138 2398 1207 cogitaret
2425 1155 2437 1190 :
2462 1139 2732 1208 multaque
2756 1140 2856 1194 alia
2877 1140 3190 1194 absurdiora
3223 1140 3345 1194 inde
3369 1154 3730 1212 einorgurent,

2143 1246 2260 1301 quae
2289 1247 2356 1286 ne
2382 1231 2559 1286 dicere
2588 1232 2799 1301 quidem
2849 1233 2925 1286 fas
2971 1243 3071 1287 est.
3106 1233 3391 1304 Propterea
3422 1237 3597 1289 subito
3635 1253 3736 1305 pu-

2144 1323 2348 1387 trescit,
2373 1333 2430 1378 ut
2449 1326 2644 1379 nudam
2674 1327 2863 1379 animo:
2892 1326 3338 1395 pulclu'itudinem
3369 1329 3564 1382 vidi-as.
3598 1329 3734 1382 Nam

2144 1415 2187 1469 si
2211 1415 2366 1469 talem
2392 1415 2613 1470 formam
2637 1426 2691 1472 et
2709 1417 2864 1471 talem
2889 1418 3048 1471 vitam
3074 1419 3246 1473 anima
3268 1423 3477 1489 corpori
3507 1423 3733 1490 pra-bet,

2145 1515 2344 1576 quanto
2382 1507 2599 1576 majoris
2638 1509 2748 1576 ipsa
2778 1507 3187 1577 pulchritudinis
3230 1509 3374 1564 erit?
3410 1513 3454 1566 si
3504 1527 3616 1566 rem
3661 1513 3737 1567 ita

2147 1602 2436 1657 deformem
2458 1612 2741 1665 sustentat,
2762 1615 2960 1673 quanto
2980 1605 3146 1674 magis
3167 1606 3429 1674 seipsam?
3450 1605 3568 1659 Non
3589 1609 3737 1660 enim

2146 1708 2340 1764 corpus
2367 1695 2538 1762 ipsum
2583 1695 2857 1763 pulchrum
2889 1706 3005 1762 est,
3051 1695 3142 1750 sed
3178 1698 3288 1765 ipsa
3318 1697 3612 1751 efformatio
3633 1740 3649 1762 ,
3679 1707 3739 1754 et

2148 1784 2247 1838 llos
2292 1784 2382 1839 ille
2419 1785 2505 1854 qui
2533 1801 2626 1853 per
2648 1785 2876 1838 animam
2907 1787 2957 1838 in
2983 1788 3200 1840 materia
3232 1787 3552 1858 depingitur.
3588 1789 3738 1844 Illam

2150 1873 2306 1944 igitur
2331 1890 2469 1937 ama,
2499 1892 2617 1944 quae
2643 1877 2850 1946 corpori
2886 1877 3045 1930 talem
3072 1879 3302 1947 speciem
3332 1881 3594 1933 conciliat.
3633 1879 3740 1933 Er-

2151 1967 2273 2037 quid
2314 1967 2382 2021 de
2423 1977 2594 2022 morte
2637 1968 2862 2038 loquor?
2907 1954 3120 2025 Etenim
3164 1971 3215 2025 in
3263 1971 3360 2026 hac
3388 1987 3601 2041 quoque
3630 1975 3742 2029 vita

2151 2059 2428 2114 ostendam
2464 2061 2554 2115 tibi
2583 2101 2598 2126 ,
2647 2061 2917 2130 quomodo
2945 2063 3164 2131 pulchra
3191 2065 3365 2118 omnia
3395 2064 3462 2118 ab
3491 2065 3579 2118 illa
3609 2080 3744 2134 pro-

2153 2151 2477 2206 ficiscantur.
2504 2151 2635 2206 Nam
2667 2153 2710 2206 si
2742 2153 2834 2207 illa
2863 2153 3102 2221 laetetur,
3131 2169 3288 2209 roseo
3313 2171 3475 2225 genas
3500 2157 3745 2226 depingit

2152 2241 2367 2306 colore;
2415 2243 2496 2296 sin
2533 2251 2721 2297 moesta
2747 2243 2854 2310 sit,
2902 2243 3002 2298 hac
3029 2243 3266 2299 detracta
3310 2246 3740 2314 pulchritudine,

2151 2345 2271 2388 atro
2297 2334 2474 2388 colore
2501 2335 2676 2389 omnia
2708 2337 2882 2390 vestit.
2929 2335 2984 2391 Si
3027 2338 3240 2393 assidue
3285 2339 3512 2406 laetetur,
3543 2357 3746 2411 corpus

2153 2426 2295 2494 viget
2340 2427 2652 2496 aegritudine
2686 2443 2944 2494 vacuum;
2996 2429 3040 2483 si
3069 2439 3313 2499 angatur,
3353 2447 3547 2487 aranea
3573 2434 3743 2488 maci—

2154 2516 2348 2571 leulius
2377 2525 2428 2571 et
2456 2517 2769 2572 imbecillius
2815 2519 3021 2586 evadit;
3058 2521 3103 2574 si
3135 2521 3428 2589 irascatur,
3477 2524 3744 2594 ingratum

2156 2606 2284 2661 illud
2316 2618 2368 2661 et
2398 2618 2550 2678 turpe
2580 2609 2784 2674 reddit;
2817 2610 2860 2663 si
2887 2625 3137 2665 serenum
3167 2613 3378 2666 ocuhuu
3412 2613 3743 2678 ostenderit,

2157 2717 2403 2771 magnam
2442 2702 2635 2756 emittit
2683 2703 3159 2771 pulchritudinem;
3210 2706 3255 2759 si
3294 2706 3545 2767 invideat,
3580 2707 3750 2776 pallo-

2156 2809 2269 2848 rem
2314 2795 2538 2848 multum
2583 2805 2638 2850 et
2683 2796 2858 2850 tabem
2907 2797 3163 2863 effundit;
3204 2800 3248 2852 si
3274 2810 3435 2863 amet,
3469 2803 3748 2868 pulchram

2158 2885 2292 2939 indit
2340 2885 2584 2940 formam.
2641 2885 2714 2940 lla
2758 2889 2900 2942 enim
2944 2889 3146 2953 multae,
3195 2906 3314 2959 qua:
3353 2890 3603 2944 f0t'moste
3640 2909 3747 2946 non

2158 2989 2331 3044 erant,
2387 2980 2606 3033 multam
2649 2981 2716 3033 ab
2759 2982 2936 3035 anima
2983 2983 3204 3051 gratiam
3241 2999 3526 3053 accepere;
3560 2995 3748 3040 contra

2159 3085 2288 3126 vero
2315 3071 2435 3126 aliae
2459 3072 2740 3125 admodum
2770 3071 3038 3139 formosam,
3068 3077 3189 3144 quia
3213 3076 3470 3145 ingratam
3498 3077 3748 3144 injucun-

2159 3164 2389 3234 damque
2419 3165 2649 3219 animam
2679 3164 2950 3232 habuere,
2999 3166 3222 3220 formam
3261 3183 3410 3222 suam
3455 3169 3749 3224 labi-facta—

2161 3267 2305 3317 runt.
2350 3258 2533 3328 Cogita
2576 3259 2844 3328 quomodo
2889 3259 3112 3314 candida
3157 3261 3316 3316 facies
3353 3261 3666 3328 erubescat,
3699 3271 3755 3317 et

2161 3350 2357 3404 coloris
2401 3349 2654 3404 varietate
2686 3365 2790 3404 non
2841 3366 3056 3420 parvam
3103 3351 3430 3421 voluptatem
3463 3355 3674 3423 pariat,
3705 3356 3752 3410 si

2162 3440 2375 3510 quidem
2406 3440 2544 3495 adsit
2575 3440 2744 3510 pudor
2769 3459 2782 3494 :
2807 3455 2928 3494 nam
2977 3441 3022 3495 si
3069 3441 3346 3510 impudens
3377 3443 3462 3496 illa
3494 3444 3598 3509 sit,
3640 3445 3751 3499 fera

2163 3531 2307 3585 omni
2357 3530 2692 3600 injucundior
2717 3531 2818 3586 erit
2855 3541 2910 3586 et
2949 3533 3231 3602 ingratior;
3275 3545 3457 3588 contra
3509 3536 3553 3590 si
3597 3536 3753 3604 pudi-

2164 3622 2341 3678 bunda
2385 3623 2475 3686 sit,
2546 3624 2690 3680 mitis
2733 3633 2788 3680 et
2833 3624 3066 3680 formosa
3111 3626 3519 3682 evadit:anima
3555 3631 3755 3700 quippe

2166 3717 2385 3786 pulchra
2417 3716 2546 3770 nihil
2577 3716 2882 3780 formosius,
2907 3718 3036 3772 nihil
3066 3718 3292 3775 dulcius.
3321 3719 3452 3775 Nam
3486 3721 3537 3775 in
3562 3738 3756 3792 corpo-

2166 3810 2313 3864 ribus
2340 3825 2490 3864 amor
2514 3809 2700 3864 dolore
2732 3826 2836 3864 non
2882 3818 3053 3874 vacat,
3101 3811 3154 3865 in
3198 3812 3391 3866 animis
3421 3828 3547 3882 pura
3577 3825 3631 3867 et
3659 3815 3757 3867 im-

2167 3901 2471 3970 perturbata
2491 3901 2755 3970 voluptas.
2773 3901 2883 3956 Cur
2896 3917 3023 3971 ergo
3044 3917 3166 3971 rege
3186 3902 3428 3968 dimisso,
3451 3920 3757 3973 pra-conum

2169 3993 2415 4048 miraris?
2441 4007 2536 4047 cur
2564 3993 2880 4063 philosopho
2910 3995 3095 4049 relicto
3119 4035 3133 4060 ,
3181 3994 3247 4048 ad
3297 3996 3639 4066 interpretem
3675 3997 3757 4050 in-

2171 4084 2321 4140 hias?
2350 4085 2534 4139 Vidisti
2569 4085 2847 4154 pulchrum
2877 4085 3086 4140 oculum
3107 4127 3122 4152 ,
3157 4086 3462 4141 interiorem
3494 4087 3757 4152 observa;

2171 4181 2292 4236 etsi
2326 4180 2410 4233 hic
2439 4179 2660 4248 pulcher
2686 4179 2794 4232 non
2821 4179 2910 4244 sit,
2943 4179 3156 4248 despice
3200 4179 3368 4232 illum.
3400 4178 3587 4248 Neque
3616 4181 3760 4234 i-nim

2172 4272 2216 4326 si
2263 4270 2442 4324 videas
2482 4269 2774 4324 deformem
2825 4270 3102 4324 mulierem
3151 4270 3388 4339 speciosa
3423 4269 3570 4324 larva
3603 4271 3761 4324 obte-

2173 4373 2311 4416 ctam
2337 4402 2350 4424 ,
2398 4362 2574 4430 aliquo
2603 4377 2725 4430 erga
2773 4361 2912 4414 illam
2943 4361 3135 4416 affectu
3166 4363 3461 4425 movearis,
3491 4371 3546 4415 ut
3575 4371 3764 4416 contra

2177 4455 2321 4508 larva
2344 4455 2599 4508 occultari
2627 4453 2911 4507 formosam
2937 4468 3040 4506 non
3063 4454 3226 4517 sinas,
3251 4453 3365 4516 sed,
3390 4461 3567 4506 amota
3593 4452 3762 4517 larva,

2178 4545 2371 4599 nudam
2433 4545 2620 4598 faciem
2667 4543 2848 4599 videre
2892 4558 3137 4612 cuperes.
3191 4543 3302 4597 Hoc
3353 4557 3477 4612 erga
3529 4542 3763 4595 animam

2180 4651 2392 4706 quoque
2422 4638 2600 4702 facito,
2635 4636 2776 4690 illam
2825 4651 3052 4705 agnosce
3084 4636 3348 4703 priorem;
3383 4635 3542 4687 larvas
3571 4636 3768 4703 quippe

2181 4728 2300 4781 loco
2331 4727 2470 4781 illam
2502 4741 2695 4796 corpus
2720 4727 2916 4791 ambit,
2946 4725 3085 4795 quod
3119 4735 3173 4778 ut
3202 4725 3554 4792 compositura
3586 4733 3666 4776 est
3697 4724 3767 4775 ita

2183 4835 2397 4888 semper
2419 4829 2594 4873 manet
2618 4837 2629 4872 :
2653 4819 2828 4872 anima
2851 4832 2976 4872 vero
3003 4817 3045 4870 si
3070 4815 3323 4870 deformis
3350 4817 3438 4876 sit.
3465 4816 3572 4868 cito
3595 4823 3772 4884 potest

2186 4909 2419 4966 formosa
2443 4910 2602 4965 effici.
2633 4911 2689 4966 Si
2719 4910 2930 4964 oculum
2961 4908 3153 4963 habeat
3177 4907 3496 4972 deformem,
3525 4916 3770 4969 torvum,

2188 5013 2417 5074 turpem,
2445 5013 2618 5074 potest
2645 5004 2733 5058 ille
2760 5002 2870 5056 fieri
2899 5001 3152 5072 pulcher,
3180 5000 3377 5064 suavis,
3407 5013 3654 5058 serenus.
3679 4997 3772 5066 ju-

2187 5098 2414 5154 cundus.
2462 5097 2610 5152 llanc
2651 5111 2779 5166 ergo
2809 5096 3031 5149 formam
3059 5106 3381 5163 quaeramus,
3415 5089 3554 5145 hanc
3582 5088 3775 5144 faciem

2190 5199 2432 5246 ornatam
2457 5229 2473 5255 ,
2519 5197 2576 5242 ut
2626 5189 2765 5243 Deus
2809 5195 3046 5241 nostram
3087 5184 3472 5253 concupiscens
3501 5181 3730 5236 formam
3759 5220 3777 5247 ,

2193 5293 2394 5338 teterua
2423 5281 2578 5336 nobis
2614 5279 2752 5334 bona
2794 5278 3048 5349 largiatur
3070 5317 3085 5343 ,
3128 5278 3296 5347 gratia
3326 5285 3379 5329 et
3408 5272 3782 5328 misericordia

2195 5373 2405 5431 Domini
2433 5373 2601 5430 nostri
2640 5371 2766 5428 Jesu
2795 5369 3032 5434 Christi,
3074 5369 3159 5424 cui
3187 5368 3354 5440 gloria
3380 5373 3438 5422 et
3464 5363 3784 5436 imperium,

2199 5469 2252 5524 in
2280 5467 2473 5525 smcula
2503 5465 2847 5522 szeculorum.
2871 5462 3066 5518 Amen.
