4074 6358
294 377 407 433 605

1215 377 1282 433 IN
1317 377 1724 435 HATTH/EUM
1767 378 1993 436 llOMlL.
2037 381 2252 437 XXXV.
2293 386 2363 440 al.
2407 383 2648 443 XXXVI.

799 511 3166 541 Wm—

3467 397 3575 455 406

3167 529 3549 544 ———

1354 591 1700 652 HOMILIA
1744 588 2014 651 XXXV.
2060 591 2146 651 al.
2194 592 2496 657 XXXVI.

290 730 421 786 ΒΑΡ.
450 732 534 785 10.
570 747 622 785 v.
655 732 742 787 δι.
778 732 951 786 Nolite
977 740 1153 799 putare
1175 733 1295 802 quia
1322 736 1534 787 venerim
1562 752 1733 805 pacem
1758 737 1876 789 mit-

372 837 477 879 tere
506 828 557 878 in
586 835 769 878 terram
787 844 805 880 :
822 844 921 880 nou
946 827 1058 879 veni
1080 843 1250 896 pacem
1276 826 1489 889 mittere,
1517 827 1607 881 sed
1631 828 1876 898 gladium.

366 918 458 971 55.
497 917 622 972 Veni
660 920 794 973 enim
826 934 1061 989 separare
1094 919 1345 972 hominem
1381 936 1413 972 a
1451 929 1593 989 patre
1615 936 1726 984 suo,
1750 929 1797 972 et
1817 921 1881 987 li-

371 1009 493 1060 lium
536 1024 566 1059 a
603 1020 762 1061 matre
786 1025 901 1072 sua,
929 1021 975 1061 et
1003 1026 1187 1063 nurum
1215 1025 1247 1061 a
1272 1025 1418 1063 socru
1444 1026 1537 1064 sua
1556 1024 1574 1063 :
1592 1010 1680 1065 56.
1708 1020 1754 1064 et
1781 1010 1881 1064 ini-

369 1100 487 1154 mici
515 1100 754 1165 hominis,
786 1099 1047 1153 domestici
1074 1102 1203 1170 ejus.

370 1192 423 1245 l.
456 1190 688 1245 Rursum
714 1189 1021 1245 onerosiora
1064 1190 1269 1261 profert
1289 1232 1307 1259 ,
1355 1190 1514 1262 idque
1539 1207 1658 1247 etim
1690 1209 1879 1261 magna

296 1282 653 1337 auctoritate:
678 1282 924 1352 quodque
950 1283 1041 1338 alii
1070 1282 1330 1353 objecturi
1357 1292 1529 1350 erant,
1559 1285 1646 1338 ille
1678 1285 1878 1355 praedi—

295 1375 392 1430 cit.
419 1373 550 1428 Nam
593 1388 664 1427 ne
710 1374 774 1428 iis
820 1372 1017 1428 auditis
1046 1373 1287 1428 dicerent
1312 1391 1325 1428 :
1354 1374 1546 1430 ldeoue
1573 1376 1795 1443 venisti,
1824 1384 1882 1431 ut

300 1478 400 1519 nos
436 1464 725 1518 interﬁcias
751 1477 872 1518 cum
901 1464 966 1518 iis
1008 1464 1098 1534 qui
1144 1462 1298 1519 nobis
1326 1463 1605 1534 obsequuti
1644 1476 1795 1529 sunt,
1827 1475 1882 1521 et

296 1554 450 1610 bellis
476 1562 673 1609 terram
700 1554 945 1624 replens?
982 1555 1096 1624 ipse
1132 1555 1280 1625 prior
1303 1554 1434 1610 dicit
1458 1574 1471 1610 :
1498 1553 1617 1610 Non
1646 1559 1755 1610 veni
1783 1574 1879 1627 pa-

298 1661 403 1698 cem
426 1645 624 1698 mittere
660 1645 715 1698 in
755 1652 961 1698 terram.
1000 1646 1107 1699 Cur
1148 1659 1276 1715 ergo
1320 1647 1571 1715 praecepit
1601 1648 1652 1701 in
1692 1648 1880 1704 domos

298 1737 533 1807 singulas
564 1737 832 1807 ingressos
870 1751 1055 1807 pacem
1095 1736 1313 1793 dicere?
1336 1753 1432 1792 cur
1455 1748 1509 1794 et
1532 1738 1705 1809 angeli
1731 1740 1879 1796 dice—

299 1830 444 1892 bant.
474 1829 653 1884 Gloria
676 1830 729 1883 in
757 1829 964 1884 excelsis
1003 1828 1147 1896 Deo,
1191 1830 1316 1884 etin
1346 1838 1480 1884 terra
1519 1847 1621 1900 pan:
1645 1830 1796 1902 (Luc.
1821 1831 1874 1885 2.

303 1921 429 1992 lt)?
471 1936 568 1976 cur
609 1921 883 1991 pmphetm
926 1936 1114 1976 omnes
1156 1921 1383 1993 idipsum
1427 1922 1881 1992 praenuntiarunt?

301 2014 432 2079 Quia
464 2012 594 2068 illud
637 2017 871 2068 maxime
900 2028 1003 2083 pax
1030 2021 1146 2079 est,
1178 2026 1301 2068 eum
1329 2014 1380 2068 id
1402 2055 1417 2079 ,
1447 2014 1590 2085 quod
1619 2025 1877 2085 aegrotat,

300 2105 647 2168 abscinditur,
673 2104 887 2175 quando
913 2103 990 2168 id.
1016 2103 1159 2173 quod
1188 2104 1444 2171 dissidet,
1472 2116 1766 2173 separatur.
1794 2106 1882 2161 Sic

302 2197 443 2252 enim
474 2204 653 2267 potest
684 2196 873 2251 caelum
916 2211 1037 2250 cum
1068 2204 1208 2251 terra
1240 2195 1410 2266 jungi.
1440 2196 1881 2267 Quandoquidem

302 2290 540 2347 medicus
576 2292 655 2347 sic
700 2292 962 2362 reliquum
1005 2305 1202 2361 corpus
1244 2298 1444 2358 servat,
1492 2306 1612 2346 cum
1657 2290 1710 2346 id
1740 2291 1881 2361 quod

303 2381 593 2436 insanabile
620 2389 723 2448 est,
756 2390 997 2447 resecat;
1031 2391 1086 2436 et
1112 2382 1240 2447 dux,
1272 2397 1394 2436 cum
1422 2397 1515 2436 eos
1541 2383 1627 2452 qui
1659 2396 1882 2437 concor-

301 2474 442 2527 diam
475 2473 829 2543 perniciosam
859 2473 1124 2540 inierant,
1154 2473 1220 2526 ad
1245 2472 1629 2528 dissensionem
1660 2473 1879 2528 inducit.

300 2565 387 2619 Sic
411 2572 465 2619 et
496 2564 546 2617 in
572 2564 658 2618 illa
683 2566 813 2618 turri
838 2562 1031 2619 factum
1055 2572 1135 2618 est
1154 2561 1301 2634 (Gen.
1318 2563 1409 2633 ll)
1434 2581 1447 2617 :
1472 2564 1662 2617 malam
1688 2564 1882 2634 quippe

300 2656 641 2710 concordiam
669 2656 807 2710 bona
833 2655 1094 2710 discordia
1120 2654 1311 2721 solvit,
1334 2663 1390 2708 et
1423 2670 1605 2724 pacem
1629 2656 1882 2710 concilia-

301 2749 391 2802 vit.
444 2747 537 2803 Sic
573 2757 627 2801 et
666 2748 858 2801 Paulus
885 2762 978 2801 eos
1007 2747 1093 2816 qui
1121 2745 1400 2801 adversum
1442 2762 1502 2800 se
1540 2745 1879 2800 concordiam

302 2839 548 2902 inierant,
575 2838 756 2892 divisit
784 2839 917 2909 (Act.
946 2838 1037 2891 25.
1064 2837 1115 2891 6.
1146 2838 1221 2907 7).
1250 2837 1307 2891 1η
1336 2836 1576 2892 Nabuthe
1602 2852 1729 2893 vero
1757 2852 1884 2892 con-

301 2932 479 2986 cordia
514 2932 598 2985 illa
622 2930 879 2985 fuitomni
904 2930 1042 2984 bello
1063 2929 1299 2984 deterior
1316 2929 1393 3000 (5.
1416 2929 1545 3001 Reg.
1567 2928 1683 2998 2|).
1701 2929 1883 2997 Neque

300 3025 440 3078 enim
471 3023 754 3078 concordia
803 3038 1015 3092 semper
1057 3021 1325 3076 laudanda
1351 3040 1364 3078 :
1390 3036 1510 3075 nam
1554 3030 1609 3077 et
1652 3022 1883 3077 latrones

301 3117 441 3169 inter
466 3129 526 3169 se
553 3111 847 3168 concordes
873 3124 1015 3166 sunt.
1042 3112 1157 3167 Non
1185 3112 1345 3181 igitur
1368 3126 1431 3166 ex
1461 3111 1658 3166 Christi
1688 3127 1882 3182 propo-

301 3206 422 3270 sito,
453 3204 548 3260 sed
575 3220 641 3259 ex
667 3204 877 3259 illorum
904 3203 1177 3258 voluntate
1202 3203 1395 3257 bellum
1418 3202 1746 3258 movebatur.
1767 3203 1884 3274 Ipse

301 3298 495 3367 quippe
520 3296 732 3352 volebat
752 3311 940 3351 omnes
965 3297 1014 3350 in
1040 3297 1120 3365 pia
1142 3297 1397 3365 religione
1418 3298 1708 3352 concordes
1728 3314 1879 3353 esse:

302 3388 393 3443 sed
418 3389 541 3458 quia
571 3388 641 3442 illi
668 3387 1015 3453 dissidebant,
1064 3387 1186 3441 hinc
1231 3388 1427 3442 bellum
1456 3390 1744 3444 oriebatur.
1777 3390 1882 3445 Sed

302 3496 407 3533 non
438 3480 515 3533 sic
543 3479 635 3533 ille
663 3479 914 3549 loquutus
938 3486 1020 3533 est
1044 3497 1057 3533 :
1081 3478 1207 3549 quid
1251 3494 1379 3534 vero
1408 3479 1577 3535 dicit?
1626 3481 1745 3535 Non
1775 3484 1883 3536 veni

302 3586 477 3639 pacem
503 3570 729 3636 mittere,
777 3578 834 3622 ut
865 3570 984 3622 illos
1014 3568 1400 3624 consolaretur.
1431 3569 1508 3624 Ne
1536 3572 1726 3640 putetis
1749 3613 1764 3638 ,
1800 3573 1883 3626 in-

303 3661 434 3730 quit,
467 3659 677 3713 illorum
703 3674 799 3714 vos
822 3674 1035 3713 causam
1062 3673 1202 3725 esse,
1225 3674 1326 3730 ego
1352 3659 1467 3714 haec
1488 3660 1733 3730 dispono,
1763 3664 1882 3732 quia

303 3754 378 3808 illi
420 3754 500 3808 sic
538 3753 713 3808 allecti
760 3762 905 3808 sunt.
943 3753 1021 3809 Ne
1052 3753 1336 3808 turbemini
1382 3754 1561 3825 igitur,
1607 3757 1755 3826 quasi
1797 3773 1885 3813 res

303 3853 499 3916 praeter
521 3846 971 3915 exspectationem
1001 3846 1269 3900 eveniant.
1297 3844 1421 3901 ldeo
1442 3848 1581 3909 veni,
1608 3857 1663 3901 ut
1689 3848 1883 3902 bellum

304 3952 547 3992 moveam
574 3954 587 3991 :
613 3936 727 3991 haec
752 3936 947 4006 quippe
968 3951 1085 3990 mea
1108 3946 1190 3990 est
1210 3935 1475 3990 voluntas.
1498 3934 1575 3991 Ne
1598 3935 1884 3992 turbemini

304 4029 469 4099 igitur
520 4043 639 4083 cum
699 4037 839 4083 terra
892 4028 1042 4098 quasi
1093 4027 1300 4082 insidiis
1350 4029 1587 4098 appetita
1636 4030 1688 4083 in
1746 4030 1884 4085 bella

305 4128 569 4190 erumpet.
598 4119 730 4174 Cum
759 4120 902 4173 enim
946 4118 999 4173 id
1043 4118 1184 4189 quod
1212 4119 1450 4173 deterius
1474 4129 1557 4174 est
1582 4129 1885 4191 separatqu

304 4214 480 4278 fuerit,
508 4220 634 4266 tunc
659 4211 875 4266 demum
904 4212 1109 4265 meliori
1139 4211 1273 4281 parti
1299 4211 1647 4281 conjungetur
1674 4212 1884 4266 crelum.

307 4306 432 4361 llaec
458 4312 639 4358 autem
660 4303 808 4364 dicit,
837 4312 895 4357 ut
915 4312 1101 4357 contra
1123 4303 1314 4357 malam
1338 4304 1624 4356 multorum
1644 4304 1659 4333 ¹
1681 4302 1888 4372 Opinio-

306 4414 428 4454 nem
474 4398 595 4451 illos
638 4396 862 4450 muniat.
912 4393 1095 4466 Neque
1138 4394 1298 4461 dixit,
1342 4393 1569 4459 Bellum,
1614 4394 1707 4448 sed
1746 4394 1887 4463 quod

306 4489 476 4543 multo
498 4487 734 4543 deterius
762 4495 878 4553 est,
918 4484 1179 4540 Gladium.
1209 4484 1268 4540 Si
1295 4500 1423 4540 vero
1449 4485 1588 4540 dicta
1618 4484 1734 4539 haec
1760 4500 1891 4540 one-

306 4596 430 4635 rosa
456 4579 565 4633 siut
584 4589 639 4635 et
658 4579 802 4633 dictu
828 4577 1055 4648 ingrata,
1076 4592 1143 4633 ne
1162 4576 1392 4632 mireris.
1410 4577 1543 4631 Cum
1568 4576 1710 4631 enim
1731 4577 1892 4632 vellet

306 4687 401 4727 eos
430 4670 531 4726 hac
557 4669 845 4724 verborum
871 4669 1159 4739 asperitate
1201 4664 1454 4723 exercere
1472 4709 1486 4730 ,
1535 4683 1603 4723 ne
1632 4667 1683 4721 in
1712 4683 1889 4723 rerum

305 4766 676 4821 difﬁcultatem
709 4765 930 4835 ingressi
959 4764 1229 4819 resilirent
1248 4803 1264 4829 ,
1295 4764 1374 4819 sic
1403 4764 1561 4818 verba
1595 4764 1887 4833 disposuit:

306 4872 371 4912 ac
396 4871 466 4911 ue
491 4856 612 4928 quis
638 4855 862 4922 diceret,
891 4871 1015 4911 eum
1043 4870 1112 4909 ex
1138 4855 1424 4921 lenocinio,
1456 4863 1511 4910 et
1536 4854 1770 4909 difﬁcilia
1796 4869 1891 4909 oc-

306 4950 581 5014 cultando,
626 4965 748 5019 qua:
788 4949 1003 5004 volebat
1043 4949 1299 5012 suasisse,
1353 4948 1476 5004 ideo
1520 4948 1610 5003 illa
1638 4964 1756 5019 qua:
1784 4948 1892 5003 alio

310 5044 472 5100 modo
519 5043 743 5098 dicenda
788 5041 1123 5103 videbantur.
1171 5042 1435 5097 acerbiori
1481 5048 1537 5096 et
1587 5041 1892 5098 terribiliori

313 5135 470 5190 modo
494 5133 799 5202 explicavit.
828 5133 1015 5189 Melius
1037 5134 1178 5187 enim
1209 5142 1292 5189 est
1314 5148 1491 5188 rerum
1517 5148 1676 5203 quam
1703 5134 1894 5189 verbo-

308 5242 427 5281 rum
454 5225 728 5280 lenitatem
757 5223 958 5279 videre.
985 5223 1214 5294 Ideoque
1242 5238 1415 5292 neque
1445 5223 1559 5279 haec
1587 5224 1785 5279 dixisse
1809 5239 1895 5279 sa-

311 5318 379 5372 tis
412 5316 616 5381 habuit,
647 5314 742 5370 sed
768 5315 893 5370 belli
922 5315 1154 5384 speciem
1180 5314 1471 5384 explicans,
1502 5313 1735 5368 ostendit
1765 5314 1892 5369 illud

310 5409 452 5464 civili
484 5408 623 5463 bello
650 5406 819 5461 multo
847 5408 1060 5476 gravius
1091 5420 1230 5470 esse,
1258 5407 1440 5475 aitque
1465 5422 1475 5457 :
1510 5404 1634 5457 Veni
1662 5421 1897 5475 separare

312 5500 565 5554 hominem
584 5516 616 5551 a
641 5509 784 5568 patre
810 5514 920 5561 suo,
950 5506 994 5550 et
1018 5498 1182 5563 [ilium
1210 5513 1242 5549 a
1272 5506 1429 5549 matre
1449 5513 1562 5561 sua,
1590 5505 1636 5549 et
1657 5512 1839 5548 nurum
1865 5511 1897 5548 a

310 5607 459 5645 socru
484 5606 596 5642 sua.
626 5589 741 5642 Non
769 5589 911 5642 enim
941 5588 1095 5641 amici
1129 5597 1181 5641 et
1204 5587 1450 5642 coucives
1480 5587 1674 5648 solum,
1706 5586 1894 5655 inquit,

311 5682 405 5737 sed
454 5690 512 5735 et
554 5679 766 5751 cognati
814 5680 950 5733 alter
997 5688 1183 5733 Contra
1227 5678 1451 5732 alterum
1486 5675 1794 5746 iusurgeut,
1842 5684 1898 5729 et

378 5859 396 5891 ⁸
429 5856 646 5918 emittam,
668 5854 894 5908 laborum.

1995 746 2181 793 natura
2214 741 2324 810 ipsa
2354 741 2681 800 discindetur
2709 747 2870 803 bello.
2916 748 3038 804 Vem
3065 752 3221 821 enim,
3260 754 3451 825 inquit.
3483 772 3565 810 se-

1988 845 2169 897 parare
2196 830 2447 885 hominem
2475 850 2506 888 a
2552 844 2693 903 patre
2715 854 2837 905 suo,
2868 847 2916 895 et
2942 850 3152 897 matrem
3178 861 3211 897 a
3234 845 3346 914 ﬁlia
3374 864 3495 906 sua.
3528 858 3574 902 et

1985 937 2167 975 nurum
2189 940 2222 975 a
2241 940 2388 978 socru
2408 943 2521 980 sua.
2549 928 2730 999 Neque
2750 932 2893 986 enim
2921 933 3062 990 inter
3083 936 3411 995 domesticos
3440 941 3570 994 sim-

1986 1012 2196 1082 pliciter
2223 1015 2417 1070 bellum
2460 1020 2583 1085 erit,
2631 1021 2725 1076 sed
2755 1024 2916 1078 etiam
2965 1025 3106 1081 inter
3133 1030 3489 1085 amicissimos
3515 1042 3571 1086 et

1986 1104 2176 1174 majori
2222 1109 2616 1167 necessitudine
2640 1112 2875 1182 junctos.
2918 1117 2974 1172 Id
3015 1119 3157 1189 quod
3202 1124 3432 1179 maxime
3457 1124 3575 1192 ejus

1986 1194 2236 1250 virtutem
2259 1199 2515 1264 ostendit,
2539 1202 2680 1272 quod
2705 1205 2778 1259 illi
2803 1207 2924 1261 talia
2948 1209 3226 1265 audientes
3247 1214 3572 1283 exciperent,

1987 1284 2213 1355 aliisque
2241 1287 2548 1345 suaderent.
2576 1292 2907 1364 Quamquam
2948 1314 3054 1352 non
3084 1299 3197 1369 ipse
3229 1300 3340 1356 haec
3368 1304 3574 1360 efﬁcie-

1986 1375 2096 1444 bat,
2124 1377 2218 1432 sed
2246 1378 2518 1436 hominum
2541 1387 2807 1455 nequitia;
2841 1396 3075 1445 attamen
3106 1392 3219 1460 ipse
3247 1408 3307 1448 se
3331 1394 3457 1450 dicit
3484 1397 3574 1451 illa

1987 1466 2183 1523 facere.
2225 1469 2322 1525 Hic
2370 1473 2565 1542 quippe
2600 1490 2717 1530 mos
2764 1487 2847 1532 est
2888 1478 3178 1549 Scriptura;
3217 1498 3403 1539 sacrte.
3433 1487 3573 1542 Alibi

1985 1561 2128 1614 enim
2155 1560 2285 1616 dicit
2313 1582 2325 1617 :
2354 1563 2507 1621 Dedit
2538 1567 2639 1621 illis
2672 1569 2810 1624 Deus
2841 1573 3044 1639 oculos,
3074 1583 3133 1629 ut
3180 1592 3287 1631 non
3329 1579 3573 1635 viderent

1988 1648 2141 1720 (Isai.
2175 1652 2229 1706 6.
2259 1653 2292 1707 9
2314 1653 2529 1720 ;Ezech.
2577 1658 2666 1716 l2.
2708 1659 2744 1713 2
2771 1678 2787 1728 ;
2811 1660 2967 1717 Joan.
3012 1664 3098 1718 12.
3130 1666 3215 1720 ll.
3246 1667 3338 1738 40)
3373 1686 3388 1723 :
3416 1671 3492 1726 sic
3516 1682 3573 1726 et

1987 1740 2042 1795 in
2089 1741 2191 1798 hoc
2242 1744 2360 1800 loco
2402 1747 2573 1802 dicit:
2607 1759 2666 1804 ut
2711 1752 2871 1806 verba
2913 1754 3118 1821 isthaec,
3158 1757 3301 1827 quod
3329 1762 3575 1830 superius

1986 1830 2127 1900 dixi,
2167 1847 2349 1889 secum
2376 1847 2704 1907 reputantes,
2734 1857 2799 1896 ne
2831 1845 3189 1913 turbarentur,
3220 1863 3340 1903 cum
3370 1864 3575 1921 oppro-

1986 1924 2117 1980 briis
2157 1937 2211 1981 et
2252 1931 2591 1984 contumeliis
2629 1933 3030 2002 impeterentur.
3061 1936 3212 2005 Quod
3250 1940 3297 1994 si
3332 1941 3421 2010 qui
3462 1941 3578 1998 hac

1985 2015 2163 2083 gravia
2187 2017 2511 2085 existimant,
2536 2020 2586 2074 in
2614 2031 2846 2077 mentem
2875 2037 3126 2082 revocent
3146 2038 3385 2085 veterem
3407 2030 3577 2086 histo-

1988 2104 2140 2159 riam.
2170 2107 2365 2163 Priscis
2388 2111 2530 2164 enim
2562 2114 2885 2182 temporibus
2923 2115 3025 2172 hoc
3051 2117 3223 2189 ipsum
3251 2123 3494 2194 contigit,
3522 2123 3575 2178 id

1986 2196 2128 2265 quod
2153 2198 2384 2256 maxime
2407 2202 2640 2256 ostendit
2664 2205 2862 2260 veteris
2896 2206 3025 2277 legis
3063 2223 3187 2265 cum
3231 2227 3365 2267 nova
3395 2216 3574 2270 altini-

1992 2297 2177 2351 tatem,
2203 2291 2556 2363 eamdemque
2584 2310 2704 2350 esse
2729 2298 2817 2367 qui
2853 2300 2968 2355 haec
2990 2301 3144 2369 dixit,
3173 2313 3228 2359 et
3251 2306 3338 2360 illa
3368 2322 3573 2377 praece-

1988 2381 2087 2449 pit.
2129 2382 2263 2438 Nam
2303 2392 2360 2439 et
2400 2387 2540 2454 apud
2585 2388 2799 2444 Judaeos
2844 2408 2963 2447 cum
3003 2394 3229 2465 quisque
3273 2399 3573 2466 proxiumm

1988 2488 2141 2527 suum
2166 2475 2389 2542 occidit,
2418 2485 2543 2533 tunc
2564 2479 2653 2534 ille
2676 2481 2912 2550 placatus
2934 2493 3017 2539 est
3039 2484 3232 2555 (Exod.
3259 2488 3348 2543 52.
3370 2489 3464 2558 27)
3486 2507 3499 2543 :
3521 2499 3576 2544 et

1988 2564 2202 2632 quando
2230 2565 2451 2619 vitulum
2495 2569 2823 2637 conﬂarunt,
2878 2583 2933 2628 et
2974 2576 3187 2645 quando
3226 2577 3572 2648 Beelpbegori

1989 2653 2177 2708 initiati
2204 2664 2327 2709 sunt
2355 2656 2539 2725 (Nam.
2572 2659 2662 2713 9.5.
2690 2660 2766 2731 5).
2802 2661 2897 2717 Ubi
2930 2673 3054 2718 sunt
3076 2681 3204 2735 ergo
3233 2668 3321 2735 qui
3351 2668 3573 2735 dicunt,

1990 2742 2137 2797 illum
2164 2745 2330 2799 Deum
2358 2747 2577 2812 malum,
2604 2749 2746 2805 hunc
2775 2751 2969 2807 bonum
2995 2756 3152 2810 esse?
3177 2756 3318 2813 Ecce
3345 2770 3576 2828 namque

1991 2848 2337 2908 cognatorum
2366 2844 2623 2912 sanguine
2653 2845 2837 2901 orbem
2869 2849 3114 2918 replevit.
3145 2852 3395 2908 Attamen
3425 2854 3577 2909 beni-

1990 2930 2208 2999 gnitatis
2234 2933 2414 2988 multa:
2440 2934 2543 2989 hoc
2578 2951 2713 3005 opus
2751 2954 2872 2993 esse
2909 2939 3154 2996 dicimus.
3198 2943 3489 3013 Propterea
3518 2955 3577 3000 ut

1989 3021 2236 3075 ostendat
2262 3037 2320 3077 se
2346 3023 2434 3077 illa
2463 3025 2623 3079 etiam
2651 3028 2969 3097 approbare,
3000 3032 3336 3101 pr0phetiam
3367 3051 3571 3090 memo-

1991 3119 2095 3177 rat,
2121 3127 2240 3180 qua:
2260 3128 2365 3166 non
2395 3114 2590 3168 factum
2617 3116 2744 3171 illud
2774 3120 3011 3187 respicit,
3031 3121 3126 3176 sed
3153 3123 3375 3193 idipsum
3395 3133 3571 3180 tamen

1990 3202 2246 3257 declarat.
2275 3204 2531 3271 Quaenam
2571 3207 2657 3261 illa
2686 3210 2810 3263 est?
2837 3208 3044 3265 Inimici
3075 3212 3292 3267 hominis
3319 3215 3576 3271 domestici

1991 3293 2122 3360 ejus.
2149 3292 2279 3347 Nam
2318 3304 2373 3349 et
2409 3295 2547 3365 apud
2574 3296 2792 3352 Judzcos
2817 3300 3089 3370 quidpiam
3133 3303 3309 3358 simile
3334 3306 3575 3375 contigit.

1993 3383 2162 3438 Erant
2184 3386 2327 3439 enim
2354 3389 2627 3458 propheta:
2653 3398 2707 3445 et
2737 3392 3240 3465 pseudoprophetaa,
3264 3411 3326 3451 ac
3352 3399 3579 3468 populus

1991 3474 2283 3530 dissidebat
2309 3477 2606 3549 domusque
2631 3480 3039 3550 dividebantur;
3081 3494 3136 3539 et
3164 3486 3251 3540 alii
3281 3486 3362 3541 his
3386 3489 3579 3543 crede-

1993 3564 2121 3620 bant
2143 3607 2156 3629 ,
2200 3567 2288 3621 alii
2336 3568 2475 3623 aliis.
2507 3569 2632 3624 Ideo
2660 3580 2844 3627 monet
2875 3573 3132 3643 propheta
3161 3576 3345 3631 dicens
3367 3596 3380 3633 :
3403 3578 3577 3633 Nolite

1991 3658 2191 3713 credere
2208 3661 2402 3724 amicis,
2430 3678 2520 3715 nec
2547 3680 2751 3733 sperare
2777 3666 2829 3719 in
2859 3666 3067 3721 ducibus
3090 3682 3110 3722 :
3128 3668 3217 3722 sed
3240 3679 3285 3723 et
3313 3687 3344 3723 a
3367 3671 3583 3741 conjuge

1993 3759 2080 3803 tua
2105 3766 2241 3814 cave,
2267 3768 2423 3821 neque
2446 3752 2525 3806 illi
2543 3755 2857 3822 assentiaris,
2879 3757 2999 3829 quia
3017 3758 3206 3813 inimici
3227 3760 3445 3815 hominis
3464 3773 3584 3817 sunt

1993 3840 2092 3909 ipsi
2116 3841 2208 3894 viri
2236 3843 2288 3895 in
2314 3844 2425 3911 eius
2456 3844 2734 3901 habitantes
2770 3847 2919 3902 domo
2951 3848 3135 3920 (Mich.
3175 3851 3235 3910 7.
3260 3852 3314 3907 5.
3346 3852 3424 3923 6).
3456 3853 3581 3909 llaec

1994 3941 2173 3987 autem
2201 3932 2447 3999 dicebat,
2490 3944 2548 3990 ut
2587 3952 2708 3991 eum
2747 3938 2835 4008 qui
2875 3939 2978 3994 hoc
3004 3941 3224 3995 verbum
3254 3951 3581 4013 excepturus

1993 4030 2169 4090 esset,
2215 4023 2463 4079 omnibus
2512 4028 2844 4096 superiorem
2898 4029 3167 4086 redderet.
3214 4031 3399 4101 Neque
3437 4035 3582 4088 enim

1995 4114 2130 4167 mori
2157 4114 2355 4168 malum
2382 4125 2485 4182 est,
2515 4117 2610 4172 sed
2634 4119 2773 4174 male
2803 4120 2960 4174 mori.
2991 4119 3193 4176 Idcirco
3215 4121 3382 4177 dixit:
3402 4123 3582 4195 Ignem

1992 4205 2104 4258 vein
2122 4208 2312 4259 mittere
2327 4208 2380 4260 in
2400 4216 2604 4262 terram.
2627 4208 2754 4264 Haec
2770 4225 2930 4281 porro
2952 4210 3182 4277 dicebat,
3207 4222 3265 4266 ut
3284 4213 3400 4282 ejus
3419 4229 3581 4284 quem

1995 4295 2239 4366 exigebant
2262 4299 2461 4353 amoris
2489 4297 2753 4355 fervorem
2791 4315 2855 4356 ac
2888 4303 3277 4358 vehementiam
3309 4304 3580 4374 signiﬁca-

1994 4396 2097 4442 ret.
2141 4387 2275 4454 Quia
2317 4390 2459 4444 enim
2506 4392 2576 4445 ita
2621 4406 2720 4447 nos
2767 4391 3115 4449 vehementer
3153 4393 3379 4454 amavit.
3436 4395 3514 4451 sic
3551 4412 3583 4451 ι

1994 4480 2151 4537 nobis
2189 4482 2302 4536 vult
2338 4484 2525 4557 amari.
2554 4484 2681 4540 Haec
2709 4500 2871 4556 porro
2904 4486 3061 4541 verba
3101 4488 3375 4557 apostolos
3410 4491 3584 4561 erige-

1996 4570 2145 4635 bant,
2178 4573 2623 4645 sublimioresque
2648 4574 2963 4631 reddebant.
2996 4576 3127 4634 Nam
3154 4579 3197 4633 si
3225 4579 3321 4646 illi,
3347 4579 3581 4646 aiebant,

1995 4675 2280 4734 cognatos,
2334 4666 2505 4730 ﬁlios.
2559 4678 2808 4738 parentes
2856 4670 3161 4740 despecturi
3212 4680 3358 4737 sunt,
3409 4672 3580 4741 cogita

1996 4757 2181 4823 quales
2210 4766 2453 4826 oporteat
2477 4772 2577 4812 nos
2606 4774 2745 4825 esse,
2774 4760 2862 4829 qui
2891 4761 3140 4817 doctores
3166 4778 3371 4819 sumus.
3400 4762 3584 4833 Neque

1997 4846 2141 4901 enim
2169 4844 2301 4900 dura
2332 4856 2386 4903 et
2410 4847 2648 4903 difﬁcilia
2679 4850 2770 4905 illa
2801 4851 2854 4905 in
2885 4852 3035 4906 vobis
3076 4854 3235 4909 linem
3277 4852 3547 4907 habebunt
3567 4894 3582 4918 ,

1998 4937 2091 4992 sed
2114 4945 2169 4992 et
2194 4936 2260 4991 ad
2287 4937 2420 4992 alios
2442 4940 2765 4995 transibunt.
2794 4940 2925 4995 Nam
2951 4941 3073 5010 quia
3101 4956 3290 5012 magna
3322 4941 3459 4996 bona
3482 4941 3588 4995 huc

1998 5029 2174 5097 attuli,
2198 5045 2442 5099 magnam
2468 5031 2621 5100 exigo
2646 5040 2701 5087 et
2728 5033 3087 5089 obedientiam
3117 5044 3172 5090 et
3195 5034 3465 5089 allectum.
3494 5034 3585 5089 57.

2003 5121 2103 5186 Qui
2129 5130 2268 5174 amat
2297 5131 2491 5191 patrem
2517 5132 2565 5175 et
2590 5133 2799 5178 matrem
2829 5124 2943 5195 plus
2967 5141 3119 5196 quam
3152 5141 3250 5189 me,
3290 5141 3393 5179 non
3413 5135 3484 5179 est
3511 5141 3589 5181 me

2000 5212 2183 5281 dignus
2202 5220 2285 5265 :et
2311 5212 2399 5282 qui
2417 5222 2556 5265 amat
2576 5214 2739 5280 [ilium
2763 5225 2849 5268 aut
2870 5215 3029 5283 ﬁliam
3052 5214 3165 5283 plus
3189 5231 3341 5283 quam
3362 5232 3460 5281 me,
3487 5233 3587 5269 non

2000 5313 2071 5357 est
2098 5319 2178 5356 me
2205 5302 2406 5373 dignus.
2440 5304 2528 5359 58.
2579 5303 2647 5358 Et
2684 5307 2769 5375 qui
2812 5321 2913 5358 non
2958 5306 3090 5359 tollit
3115 5322 3312 5359 crucem
3337 5323 3479 5359 suam
3499 5347 3515 5373 ,
3541 5314 3586 5359 et

2002 5393 2224 5463 sequitur
2262 5411 2361 5458 me,
2398 5411 2498 5448 non
2538 5404 2607 5449 est
2645 5413 2724 5449 me
2759 5396 2959 5466 dignus.
2988 5396 3179 5451 Vidisti
3219 5399 3586 5452 auctoritatem

2002 5486 2271 5539 doctoris?
2310 5486 2483 5540 vidisti
2524 5487 2793 5557 quomodo
2841 5488 3089 5543 ostendat
3137 5488 3373 5558 seipsum
3401 5490 3589 5559 genui-

2003 5591 2129 5628 num
2162 5575 2332 5629 Patris
2361 5576 2579 5642 Filium,
2615 5579 2791 5632 omnia
2817 5578 3008 5647 iubens
3040 5578 3174 5634 infra
3204 5580 3506 5651 relinquere
3532 5591 3588 5636 et

2001 5665 2275 5719 caritatem
2304 5665 2419 5735 ejus
2444 5666 2745 5723 anteferre?
2771 5668 2837 5722 Et
2857 5669 2982 5738 quid
3007 5669 3146 5736 dico,
3175 5670 3363 5741 inquit,
3387 5671 3587 5726 amicos

2004 5766 2059 5809 et
2101 5759 2387 5826 cognatos?
2412 5759 2467 5814 Si
2495 5759 2727 5815 animam
2758 5771 2899 5816 tuam
2925 5762 3195 5817 dilectioni
3225 5779 3358 5818 mete
3396 5766 3586 5836 praefe-

2008 5860 2117 5913 ras,
2149 5852 2329 5920 procul
2361 5866 2419 5905 es
2448 5865 2479 5905 a
2510 5850 2641 5907 lueis
2684 5850 2977 5922 discipulis.
3011 5852 3146 5920 Quid
3180 5850 3374 5926 igitur?
3407 5869 3585 5910 annon
