4074 6358
457 359 564 414 407

461 475 572 527 ιιιιε
599 470 869 526 Contraria
896 469 1062 524 veteri
1110 468 1206 536 Irgi
1239 469 1394 521 sunt?
1437 467 1620 531 Absit;
1654 466 1760 519 imo
1787 464 1860 518 illi
1892 463 2048 516 valde

457 573 776 621 consonant.
807 563 938 618 Nam
979 563 1088 617 illic
1133 561 1440 615 idololatras
1465 573 1573 614 non
1600 556 1761 613 modo
1783 556 1930 621 odit,
1957 555 2050 609 sed

458 657 620 710 etiam
669 655 892 724 lapidari
937 654 1108 725 jubet.
1145 650 1207 706 Et
1253 654 1302 705 in
1352 649 1766 705 Dettteronomio
1813 647 2055 703 veritatis

461 748 695 803 Cultores
720 746 992 802 admirans
1015 745 1089 797 ait
1115 762 1124 794 :
1160 742 1258 810 Qui
1298 743 1422 796 dicit
1463 743 1594 810 patri
1623 741 1698 794 vel
1729 739 1897 800 matri,
1930 738 2052 792 Non

461 841 564 894 vidi
595 851 660 904 te,
691 849 738 894 et
768 842 950 910 fratres
978 853 1095 891 suos
1122 853 1221 889 non
1251 835 1500 905 cognovit,
1531 842 1577 886 et
1608 833 1743 902 ﬁlios
1772 830 2050 901 ignoravit,

461 930 728 985 custodiuit
770 929 968 1000 eloquia
1011 939 1095 980 tua
1124 927 1300 997 (Deut.
1343 927 1431 980 35.
1477 925 1556 981 9i.
1586 924 1735 989 Quod
1775 923 1818 976 si
1861 921 2054 976 Paulus

465 1022 630 1076 multa
670 1021 811 1075 circa
863 1029 1114 1089 parentes
1142 1016 1446 1087 praecipiat,
1487 1029 1540 1070 et
1581 1016 1684 1068 illis
1715 1015 1767 1068 in
1806 1012 2053 1068 omnibus

465 1112 688 1181 obsequi
726 1111 933 1180 jubeat,
977 1125 1043 1164 ne
1080 1109 1292 1163 mireris
1317 1123 1334 1162 :
1363 1122 1484 1161 nam
1517 1107 1568 1160 in
1601 1106 1703 1160 illis
1732 1105 1902 1160 solum
1930 1104 2058 1160 obe-

464 1206 583 1262 dire
624 1205 892 1276 prmcipit,
943 1219 1062 1273 qua:
1109 1202 1292 1271 pietati
1341 1217 1447 1256 non
1501 1199 2053 1254 officiuntzsanctum

463 1298 663 1368 quippe
690 1302 777 1350 est
821 1296 872 1348 in
919 1294 1131 1348 caeteris
1159 1292 1408 1346 omnibus
1447 1291 1652 1346 honore
1679 1291 1795 1345 illos
1819 1289 2053 1344 afﬁcere.

467 1392 599 1446 Cum
639 1399 820 1444 autem
852 1390 968 1458 plus
998 1402 1158 1457 quam
1193 1402 1288 1456 par
1325 1386 1395 1439 sit
1441 1385 1679 1454 exigunt,
1713 1398 1819 1438 non
1847 1389 2060 1453 oportet

469 1484 572 1538 illis
598 1482 989 1551 obtemperare.
1027 1478 1229 1534 Idcirco
1255 1477 1385 1533 dicit
1431 1476 1600 1531 Lucas
1631 1494 1646 1531 :
1673 1476 1734 1530 Si
1782 1477 1894 1548 quis
1928 1477 2060 1528 venit

465 1573 538 1628 ad
562 1591 661 1640 me,
693 1584 740 1626 et
770 1590 869 1627 non
895 1574 1000 1626 odit
1027 1580 1219 1642 patrem
1247 1587 1400 1624 suum
1425 1579 1470 1624 et
1497 1579 1727 1633 matrem,
1756 1580 1802 1623 et
1830 1583 2056 1634 uxorem,

465 1674 515 1719 et
541 1665 676 1733 filios
701 1674 746 1718 et
773 1667 986 1736 fratres,
1027 1662 1198 1726 adhuc
1224 1669 1390 1714 autem
1417 1670 1463 1714 et
1490 1660 1710 1712 nninmm
1735 1675 1879 1712 suam
1902 1699 1917 1723 ,
1960 1674 2060 1711 non

467 1767 630 1828 potest
655 1773 794 1812 meus
817 1773 926 1810 esse
951 1754 1231 1826 discipulus
1247 1752 1411 1823 .(Luc.
1442 1753 1528 1808 M.
1560 1752 1654 1822 9.6)
1681 1769 1696 1805 :
1721 1765 1828 1806 non
1858 1750 2061 1818 simpli-

467 1851 604 1907 citer
624 1849 751 1906 odio
777 1849 976 1904 habere
999 1848 1212 1917 jubens,
1247 1845 1298 1902 id
1328 1846 1472 1901 enim
1503 1843 1790 1899 admodum
1823 1843 2060 1911 iniquum

467 1950 652 2008 esset;
699 1941 792 1996 sed
833 1941 876 1994 si
917 1940 1043 1994 velit
1074 1947 1306 1994 utames
1333 1938 1480 1992 illum
1521 1937 1640 2006 plus
1668 1950 1826 2005 quam
1855 1949 1962 2000 me,
1995 1948 2061 1989 ea

469 2034 536 2088 de
558 2046 717 2088 causa
739 2030 864 2084 odio
887 2029 1025 2085 habe
1051 2029 1220 2083 illum.
1239 2027 1292 2084 Id
1314 2028 1457 2083 enim
1479 2037 1534 2082 et
1554 2035 1788 2081 amatum
1810 2033 2061 2080 claman-

469 2129 576 2180 tem
605 2123 876 2194 perderet.
1613 2113 1622 2124 ‘

537 2217 594 2272 2.
624 2216 737 2271 Hoc
766 2227 927 2284 porro
951 2211 1199 2276 dicebat,
1229 2219 1287 2264 ut
1313 2218 1368 2266 et
1397 2208 1536 2264 filios
1565 2208 1812 2263 fortiores
1835 2249 1849 2270 ,
1876 2216 1931 2261 et
1959 2221 2058 2276 pa-

469 2317 600 2374 tres,
624 2306 715 2378 qui
743 2304 1126 2374 tmpedimento
1146 2315 1266 2356 esse
1291 2300 1506 2365 vellent,
1531 2299 1917 2354 mansuetiores
1943 2297 2065 2352 red-

469 2401 642 2454 deret.
679 2397 888 2452 Etenim
931 2401 1110 2464 patres
1146 2393 1390 2447 videntes
1428 2391 1602 2461 ipsum
1644 2398 1842 2444 tantam
1874 2389 1979 2442 vim
2011 2394 2067 2441 ct

473 2497 788 2559 potestatem
821 2487 1018 2542 habere
1041 2525 1058 2554 ,
1086 2493 1144 2540 ut
1174 2492 1354 2555 posset
1382 2481 1521 2538 filios
1552 2482 1620 2537 ab
1655 2481 1784 2551 ipsis
1810 2481 2062 2546 avellere,

469 2599 539 2637 ne
559 2597 623 2638 ea
646 2587 913 2637 tentarent
932 2594 1050 2649 quae
1074 2577 1188 2633 fieri
1213 2591 1316 2631 non
1339 2583 1605 2647 poterant,
1623 2574 1864 2630 destituri
1890 2581 2063 2628 erant.

479 2677 599 2730 Ideo
628 2673 766 2727 filios
793 2671 966 2726 solum
1001 2668 1308 2740 alloquitur,
1338 2668 1516 2722 missis
1547 2666 1806 2737 patribus,
1838 2680 1972 2736 quos
1999 2665 2068 2719 ab

464 2764 646 2820 'iuutili
675 2773 868 2819 conatu
894 2770 1129 2817 revocat.
1161 2759 1360 2816 Deinde
1388 2774 1456 2814 ne
1483 2759 1556 2814 illi
1589 2759 1988 2828 indignarentur
2015 2765 2071 2812 et

476 2871 616 2925 u-gre
646 2854 879 2918 ferrent,
909 2853 1032 2909 vide
1059 2866 1166 2923 quo
1210 2865 1512 2907 sermonem
1546 2850 1794 2905 deducat.
1821 2849 1952 2904 Cum
1984 2847 2068 2902 di-

476 2953 647 3002 xisset
667 2947 832 3009 enim,
866 2944 966 3010 Qui
992 2960 1094 2998 non
1124 2944 1232 2998 odit
1260 2953 1454 3013 patrem
1479 2952 1526 2996 et
1550 2951 1782 3008 matrem,
1805 2940 1973 3006 addit,
2005 2939 2071 2994 Et

478 3041 700 3093 animum
743 3054 904 3092 sumn.
940 3035 1076 3104 Quid
1119 3035 1248 3090 mihi
1279 3035 1510 3103 allegas,
1549 3033 1753 3104 inquit.
1787 3039 2070 3101 parentes,

474 3132 692 3196 fratres,
726 3145 959 3193 sorores,
997 3128 1254 3182 uxorem?
1284 3125 1421 3180 Nihil
1460 3125 1707 3194 cuiquam
1738 3123 2074 3194 conjunctius

479 3232 558 3277 est
589 3223 764 3276 anima
786 3262 801 3284 ,
832 3230 886 3276 et
914 3229 1093 3274 unuen
1129 3217 1228 3272 nisi
1269 3232 1388 3272 eam
1420 3216 1544 3271 odio
1575 3215 1856 3280 habueris,
1887 3222 2072 3269 contra

479 3328 638 3384 quam
678 3313 806 3366 velit
843 3325 1030 3366 amans
1065 3309 1244 3364 omnia
1285 3308 1494 3363 cedent.
1538 3306 1722 3376 Neque
1764 3307 2077 3376 simpliciter

481 3408 624 3461 illam
651 3406 777 3461 odio
804 3404 1004 3460 habere
1027 3403 1207 3474 jussit,
1240 3401 1348 3457 sed-
1366 3401 1434 3456 ita
1464 3408 1523 3454 ttt
1550 3399 1616 3454 ad
1648 3400 1784 3455 bella
1815 3399 2074 3465 tradatur,

483 3500 548 3555 ad
589 3514 823 3568 pugnas,
852 3496 1028 3552 credes
1049 3537 1065 3561 ,
1102 3495 1435 3563 sanguinem.
1476 3490 1614 3546 Nam
1643 3493 1728 3562 qui
1756 3507 1856 3546 non
1884 3490 2077 3560 bnjulat

485 3606 683 3645 crucem
723 3605 905 3653 suam,
935 3597 981 3640 et
1009 3587 1141 3640 venit
1181 3595 1290 3654 post
1322 3600 1398 3637 me
1422 3624 1437 3650 ,
1468 3599 1569 3637 non
1611 3592 1770 3653 potest
1808 3598 1946 3636 meus
1975 3597 2080 3636 esse

489 3678 788 3750 discipulus.
822 3678 938 3732 Non
969 3677 1098 3732 dicit
1128 3662 1321 3738 solum,
1344 3673 1412 3729 ad
1442 3684 1666 3729 mortem
1697 3682 1937 3743 paratum
1960 3687 2080 3728 esse

487 3779 728 3842 oportet;
768 3769 861 3825 sed
906 3769 971 3822 ad
1019 3776 1245 3823 mortem
1287 3767 1611 3832 violentam;
1655 3780 1755 3821 nec
1791 3766 2078 3820 violentam

493 3862 688 3926 modo,
721 3862 815 3915 sed
844 3871 899 3916 et
928 3861 1358 3930 ignominiosam.
1387 3858 1633 3929 Nihilque
1660 3860 1833 3914 adhuc
1860 3858 1927 3913 de
1958 3873 2080 3927 pas-

505 4006 512 4009 .
568 3971 646 4010 -ne
670 3969 765 4008 sua
793 3952 1056 4024 loquitur,
1087 3962 1144 4006 ιιι
1173 3953 1224 4005 in
1257 3952 1338 4006 his
1369 3953 1578 4006 interim
1617 3953 1842 4006 instituti
1877 3951 2084 4010 facilius

491 4060 557 4101 ac
585 4046 756 4101 lenius
784 4043 852 4098 de
882 4043 970 4097 illa
1006 4043 1309 4113 loquentem
1339 4043 1602 4097 audirent.
1637 4045 1825 4097 Annon
1865 4052 2084 4112 stupen-

493 4139 620 4192 dum
641 4136 954 4192 estillorum
980 4136 1095 4191 haec
1115 4134 1442 4189 audientium
1466 4136 1696 4188 animam
1721 4150 1824 4188 non
1846 4136 2086 4190 avolasse

497 4245 528 4284 a
553 4243 780 4299 corpore
798 4269 813 4295 ,
840 4243 960 4283 cum
1000 4227 1068 4282 de
1110 4225 1347 4280 tristibus
1375 4225 1548 4279 solum
1577 4233 1792 4294 agatur,
1825 4225 2086 4280 bonorum

492 4335 631 4378 vero
656 4337 780 4392 spes
805 4330 1008 4377 tantum
1039 4319 1330 4374 offeratur?
1355 4317 1634 4384 Quomodo
1660 4333 1788 4387 ergo
1821 4333 1928 4371 non
1964 4333 2091 4372 avo-

503 4413 670 4467 lavit?
700 4411 859 4466 Multa
889 4419 1005 4466 erat
1032 4411 1260 4466 dicentis
1287 4411 1472 4476 virtus,
1503 4418 1558 4464 et
1584 4409 1909 4463 audientium
1940 4425 2092 4465 amor

504 4505 724 4559 multus.
759 4505 985 4575 Ideoque
1012 4506 1167 4573 longe
1197 4503 1410 4557 duriora
1439 4511 1494 4557 et
1529 4503 1838 4556 onerosiora
1867 4503 2090 4557 audien-

503 4609 603 4662 tes,
634 4613 790 4666 quam
820 4597 990 4665 magni
1022 4597 1091 4649 illi
1125 4597 1220 4649 \iri
1253 4596 1460 4666 Moyses
1487 4605 1541 4649 et
1573 4593 1853 4659 Jeretnias,
1886 4594 2094 4649 obtem-

507 4699 774 4760 perantes,
804 4703 902 4742 nec
931 4700 1287 4757 repugnantes
1316 4687 1621 4742 manebant.
1659 4689 1747 4744 59.
1779 4687 1878 4753 Qui
1908 4688 2094 4742 invenit

505 4783 728 4835 anintam
771 4798 915 4834 suam
935 4823 950 4846 ,
984 4781 1156 4850 perdet
1185 4797 1328 4846 eam,
1365 4788 1412 4833 et
1447 4780 1534 4849 qui
1567 4779 1839 4850 perdiderit
1873 4781 2094 4833 animam

504 4892 648 4931 suam
679 4883 884 4944 prapter
911 4890 1011 4940 me,
1043 4874 1256 4926 inveniet
1281 4890 1411 4927 eam.
1439 4872 1627 4927 Viden‘
1653 4881 1900 4942 quautam
1926 4873 2097 4939 jactu-

508 4984 621 5024 ram
655 4965 850 5020 faciant
879 4965 970 5036 qui
1003 4965 1235 5019 animam
1265 4979 1414 5020 suam
1444 4965 1564 5034 plus
1587 4979 1748 5035 quam
1775 4974 1986 5033 oportet
2009 4963 2096 5020 di-

507 5064 716 5136 ligant?
737 5072 1098 5135 quantumque
1122 5064 1323 5118 lucrum
1349 5077 1534 5117 eorum
1560 5063 1649 5132 qui
1675 5061 1940 5116 oderunt?
1965 5061 2096 5129 Quia

448 5142 452 5146 ’
510 5157 653 5212 enim
681 5165 945 5226 przecepta
971 5169 1196 5211 onerosa
1224 5161 1410 5211 erant:
1443 5169 1565 5207 nam
1591 5162 1775 5208 contra
1810 5162 2057 5222 parentes
2079 5193 2095 5220 ,

511 5250 672 5316 ﬁlios,
703 5261 969 5315 naturam,
1001 5247 1394 5318 cognationem,
1433 5245 1638 5308 orbem,
1680 5244 1950 5315 ipsamque
1981 5244 2098 5298 aui-

513 5359 656 5398 mam
696 5344 864 5398 aciem
904 5341 1170 5397 instruere
1207 5338 1528 5409 oportebat:
1561 5337 1840 5392 utilitatem
1883 5335 2096 5406 adjicit,

513 5453 633 5506 qua:
664 5436 895 5490 maxima
919 5442 1066 5490 certe
1091 5441 1226 5488 erat.
1253 5431 1412 5499 Haec,
1443 5431 1645 5500 inquit,
1671 5446 1777 5484 non
1804 5429 1964 5484 modo
1993 5444 2099 5484 non

516 5529 813 5594 nocebunt,
844 5526 943 5582 sed
971 5535 1026 5583 et
1059 5527 1291 5581 maxime
1320 5524 1617 5595 iuvabunt;
1649 5522 1733 5577 bis
1760 5531 1936 5578 autem
1966 5537 2100 5576 cou-

513 5622 675 5674 traria
702 5617 988 5675 nocebunt.
1020 5615 1075 5673 ld
1107 5617 1298 5688 ubique
1323 5615 1485 5683 facit,
1513 5615 1580 5670 ab
1611 5615 1676 5669 iis
1699 5629 1817 5685 qua:
1845 5612 2101 5683 concupi-

517 5720 694 5778 scunt,
724 5711 1081 5766 inductionem
1113 5721 1282 5780 parat.
1314 5708 1422 5765 Cur
1456 5723 1562 5763 non
1591 5707 1671 5764 vis
1696 5707 1926 5762 animam
1959 5715 2102 5761 tuam
2147 5710 2159 5728 '

517 5804 829 5874 despicere?
852 5802 986 5873 Quia
1006 5817 1154 5860 amas
1175 5802 1357 5859 illam?
1377 5800 1457 5859 οι»
1481 5799 1582 5858 hoc
1606 5800 1778 5873 ipsum
1804 5815 1931 5872 ergo
1959 5800 2098 5855 illam

1209 354 1262 408 s.
1293 351 1570 409 totum
1598 346 2068 406 cuuvsos'rmu
2108 346 2423 404 menter.
2453 349 2982 408 C(tNSTANTlNOP.

3644 338 3764 406 tes

2159 464 2403 529 de~pioe,
2436 475 2489 519 et
2534 474 2661 520 tunc
2708 467 2848 521 illam
2893 466 3121 521 maxime
3151 465 3394 537 juvahis,
3433 477 3588 537 teque
3625 484 3756 521 vere

2156 565 2423 610 amantem
2454 558 2855 612 monstraveris.
2888 557 2955 612 Et
2982 556 3107 612 vide
3138 557 3263 610 unhi
3297 559 3629 626 prudentiam
3664 561 3754 612 iu-

2155 637 2444 701 ell'abiletu.
2502 647 2616 702 Non
2655 648 2796 702 enim
2839 649 2890 702 in
2933 649 3242 719 parentibus
3280 659 3333 703 et
3378 650 3498 703 liliis
3544 661 3753 704 tantum
3799 637 3826 670 "

2158 749 2412 804 moratur,
2439 741 2530 795 sed
2561 742 2610 796 in
2637 743 2811 796 anima
2842 743 3079 796 omnium
3107 743 3402 808 carissima,
3432 753 3488 795 ttt
3512 742 3653 812 quod
3679 743 3754 795 de

2159 831 2246 882 illa
2279 830 2439 895 dicit,
2474 831 2824 886 indubitatum
2853 841 3093 897 maneat,
3124 844 3176 886 et
3206 833 3358 886 simul
3390 833 3598 888 discant
3626 833 3754 886 illos

2158 922 2319 975 etiam
2349 923 2571 976 multum
2599 924 2728 977 lucri
2759 934 2809 978 et
2843 923 3085 977 utilitatis
3116 923 3238 977 hinc
3264 933 3575 992 accepturos
3601 940 3748 984 esse,

2159 1014 2588 1084 quandoquidem
2647 1016 2772 1070 illttd
2824 1016 2874 1070 in
2929 1019 3166 1069 omnium
3224 1016 3603 1084 pretiOsissima
3652 1015 3760 1068 sibi

2160 1109 2335 1160 anima
2363 1107 2603 1177 conligit.
3491 1169 3494 1172 .

2236 1200 2335 1264 Qui
2359 1201 2614 1270 apostolos
2635 1200 2928 1268 reciperent,
2952 1210 3141 1269 quanta
3163 1210 3577 1268 consequerentur
3599 1201 3758 1252 bona.

2160 1321 2230 1329 -—
2261 1292 2382 1344 Ilrec
2413 1305 2538 1344 vero
2568 1300 2815 1359 poterant
2844 1290 3086 1344 homines
3121 1289 3372 1344 inducere
3402 1290 3466 1343 ad
3504 1291 3624 1344 illos
3670 1308 3760 1344 re-

2160 1381 2436 1450 cipiendos
2462 1383 2550 1451 qui
2580 1381 2680 1435 sibi
2711 1381 2866 1436 saluti
2895 1395 3014 1436 esse
3049 1381 3316 1436 valebant.
3347 1382 3476 1449 Quis
3505 1383 3648 1436 enim
3683 1385 3759 1436 ita

2163 1473 2330 1527 fortes
2355 1482 2708 1542 strenuosque
2733 1473 2896 1540 viros,
2920 1474 3008 1542 qui
3033 1473 3183 1542 quasi
3213 1473 3394 1528 leones
3419 1475 3603 1529 orbem
3629 1490 3760 1544 pt-r-

2161 1563 2480 1626 currebant,
2511 1563 2600 1632 qui
2631 1571 2687 1616 ut
2719 1562 2853 1616 alios
2895 1571 3176 1618 servarent
3211 1579 3304 1616 sua
3349 1565 3523 1617 omnia
3563 1574 3762 1619 conti-.-

2163 1653 2454 1719 mnebant,
2501 1668 2608 1708 non
2653 1653 2836 1708 libenti
2879 1654 3060 1708 animo
3103 1655 3463 1723 suscepisset?
3505 1656 3762 1710 Attamen

2162 1745 2321 1799 aliam
2349 1745 2496 1815 ponit
2523 1743 2824 1800 mercedem
2849 1784 2864 1810 ,
2897 1743 3189 1799 ostendens
3213 1787 3228 1811 ,
3253 1759 3314 1799 se
3352 1745 3585 1814 hospitio
3612 1747 3765 1801 reci-

2165 1837 2398 1907 pientem
2422 1877 2437 1904 ,
2466 1852 2623 1906 quam
2650 1844 2922 1906 receptum
2954 1835 3054 1891 hac
3081 1837 3132 1890 in
3160 1852 3218 1891 re
3247 1838 3416 1906 magis
3448 1852 3656 1892 curare.
3691 1839 3768 1893 Et

2165 1930 2395 1998 primum
2425 1929 2640 2000 quidem
2668 1928 2760 1984 dat
2797 1929 3072 1998 praemium
3097 1971 3112 1996 ,
3145 1929 3330 1984 dicens
3359 1946 3372 1983 :
3421 1930 3512 1984 40.
3543 1931 3644 1998 Qui
3669 1947 3762 1985 re-

2162 2021 2287 2090 cipit
2316 2037 2421 2087 vos,
2452 2038 2531 2075 me
2553 2021 2771 2091 recipit;
2797 2029 2846 2074 et
2868 2020 2956 2091 qui
2992 2037 3072 2074 me
3098 2022 3296 2090 recipit.
3324 2022 3502 2090 recipit
3532 2038 3648 2075 eum
3673 2023 3766 2092 qui

2165 2129 2245 2167 me
2270 2113 2422 2166 misit.
2453 2110 2552 2167 Cui
2593 2113 2670 2167 rei
2713 2110 2840 2181 quid
2885 2126 2983 2182 par
3018 2125 3268 2181 umquam
3315 2111 3503 2176 fuerit,
3545 2112 3765 2167 Patrem

2165 2220 2359 2274 nempe
2381 2213 2437 2259 et
2468 2204 2660 2259 Filium
2700 2204 2982 2274 recipere?
3015 2203 3185 2258 Aliam
3223 2215 3342 2273 post
3380 2204 3516 2260 hanc
3544 2222 3764 2260 nterce-

2166 2298 2288 2353 dem
2327 2297 2638 2367 pollicetur;
2671 2312 2795 2352 nam
2824 2297 2899 2350 ait
2927 2313 2940 2350 :
2968 2296 3061 2351 41.
3106 2295 3207 2360 Qui
3241 2297 3421 2366 recipit
3463 2297 3770 2366 prophetam

2167 2392 2219 2444 in
2243 2391 2446 2444 nomine
2468 2389 2746 2459 propheta,
2771 2389 3046 2444 mercedem
3072 2389 3335 2458 propheta
3355 2390 3588 2460 accipiet,
3610 2400 3658 2444 et
3676 2391 3771 2460 qui

2169 2482 2346 2550 recipit
2365 2482 2563 2553 justum
2590 2481 2644 2535 in
2670 2481 2872 2535 nomine
2898 2480 3050 2551 justi,
3079 2482 3354 2534 mercedem
3375 2481 3505 2550 justi
3526 2482 3768 2551 accipiet.

2169 2574 2341 2644 Supra
2389 2589 2603 2644 poenam
2646 2573 3022 2630 interminatur
3055 2572 3120 2627 iis
3157 2572 3246 2642 qui
3285 2587 3392 2628 non
3421 2573 3770 2642 receperint;

2173 2665 2257 2719 hic
2280 2678 2407 2719 vero
2431 2665 2691 2720 bonorum
2714 2664 3042 2736 largitionem
3063 2663 3270 2719 definit.
3295 2663 3366 2720 Ut
3390 2672 3570 2718 autem
3591 2665 3774 2719 discas

2174 2757 2317 2810 illum
2349 2756 2446 2810 hos
2475 2756 2706 2812 maxime
2732 2770 2922 2810 curare
2941 2796 2957 2823 ,
2987 2771 3094 2811 non
3125 2755 3261 2810 dixit
3288 2764 3488 2811 tantum
3509 2798 3524 2822 ,
3561 2756 3663 2823 Qui
3689 2774 3779 2810 re.

2171 2850 2291 2918 cipit
2319 2849 2644 2918 prophetam,
2672 2847 2791 2912 vel,
2826 2847 2926 2913 Qui
2964 2847 3144 2918 recipit
3161 2848 3363 2916 justum
3383 2889 3399 2914 ,
3427 2847 3519 2903 sed
3548 2847 3773 2916 adjicit,

2175 2940 2240 2994 In
2273 2941 2472 2994 nomine
2509 2941 2800 3011 propheta,
2827 2948 2912 3006 et,
2944 2938 3012 2994 In
3038 2941 3242 2994 nomine
3271 2940 3444 3012 justi;
3484 2940 3534 2995 id
3573 2950 3692 3008 est,
3723 2944 3773 2995 si

2177 3049 2282 3088 non
2331 3042 2548 3104 pr0pter
2589 3033 2844 3088 sasculare
2888 3033 3277 3104 patrocinium,
3317 3033 3402 3088 vel
3443 3032 3774 3087 caducarum

2177 3142 2354 3181 rerum
2381 3139 2562 3192 causa,
2594 3125 2921 3196 susceperit;
2953 3125 3047 3180 sed
3073 3125 3196 3195 quia
3223 3123 3502 3195 praphcta,
3533 3124 3617 3179 vel
3649 3126 3777 3194 quia

2173 3219 2350 3289 justus
2379 3227 2482 3284 est,
2512 3217 2813 3274 mercedem
2845 3218 3118 3290 prophetae
3143 3217 3228 3274 vel
3255 3218 3383 3288 justi
3412 3217 3661 3288 accipiet,
3689 3219 3780 3275 vel

2181 3329 2335 3379 quam
2365 3327 2461 3384 par
2481 3322 2564 3367 est
2590 3311 2833 3382 accipere
2859 3327 2978 3366 eum
3004 3311 3094 3382 qui
3119 3310 3204 3367 vel
3237 3309 3548 3382 prophetam
3579 3311 3662 3367 vel
3684 3311 3778 3381 ju-

2179 3415 2318 3458 suun
2346 3404 2627 3474 receperit,
2653 3403 2740 3458 vel
2763 3402 2971 3472 qualem
2997 3400 3253 3472 propheta
3275 3403 3358 3456 vel
3383 3402 3562 3471 justus
3584 3416 3783 3456 conse-

2181 3497 2379 3566 quitur.
2404 3495 2557 3562 Quod
2584 3503 2643 3550 et
2667 3495 2862 3550 Paulus
2887 3494 3134 3550 dicebat:
3171 3493 3348 3550 Vestra
3372 3494 3686 3549 abundantia
3710 3494 3784 3547 ad

2183 3589 2388 3643 illorum
2411 3589 2671 3657 inopiam,
2701 3596 2757 3640 ut
2794 3586 3002 3640 illorum
3039 3586 3349 3640 abundantia
3374 3589 3439 3639 sit
3466 3585 3535 3638 ad
3561 3596 3780 3639 vestram

2183 3682 2406 3752 inopiam
2435 3679 2510 3752 (2.
2548 3677 2666 3735 Cor.
2697 3679 2751 3735 8.
2784 3679 2896 3745 14).
2930 3678 3129 3735 Deinde
3156 3695 3222 3733 ne
3251 3680 3369 3748 quis
3409 3687 3784 3748 paupertatem

2185 3773 2532 3839 obtenderet,
2561 3773 2675 3826 ait:
2706 3771 2794 3827 42.
2827 3771 3140 3840 Quicumque
3170 3782 3345 3840 potant
3375 3771 3568 3826 dederit
3598 3771 3687 3824 uni
3716 3787 3786 3824 ea:

2187 3867 2406 3919 minimis
2445 3866 2553 3919 istis
2589 3865 2794 3918 calicem
2833 3879 2980 3934 aqua:
3017 3864 3220 3935 frigida:
3260 3874 3456 3918 tantum
3492 3863 3546 3916 in
3580 3863 3789 3916 nomine

2189 3958 2448 4028 discipuli,
2481 3973 2626 4010 amen
2655 3957 2768 4010 dico
2794 3955 2951 4021 vobis,
2983 3971 3085 4008 non
3113 3954 3283 4024 perdet
3310 3954 3587 4008 mercedem
3611 3970 3783 4008 suam.

2190 4049 2411 4104 Etiamsi
2434 4047 2514 4103 vel
2541 4055 2723 4117 potum
2749 4061 2899 4116 aqtne
2929 4043 3134 4113 frigidae
3163 4043 3397 4109 dederis,
3427 4045 3479 4098 in
3507 4059 3613 4112 quo
3639 4042 3786 4096 nulla

2193 4141 2430 4209 impensa
2470 4146 2586 4203 est,
2627 4137 2726 4192 erit
2767 4136 2859 4190 tibi
2903 4136 3136 4205 reposita
3174 4149 3400 4190 merces.
3436 4134 3662 4205 Propter
3688 4150 3790 4188 virs

2193 4234 2357 4298 enim,
2380 4233 2470 4302 qui
2497 4231 2748 4301 recipitis,
2773 4230 2949 4286 omnia
2979 4227 3139 4284 facio.

2265 4326 2319 4380 5.
2366 4323 2609 4378 Vidistin‘
2655 4322 2972 4396 quibusnam
3018 4319 3082 4375 ad
3139 4317 3570 4390 persuadendum
3616 4333 3791 4382 usus,

2194 4415 2473 4471 universas
2522 4414 2625 4469 illis
2671 4413 2822 4468 orbis
2865 4411 3056 4468 domos
3102 4413 3412 4482 aperuerit?
3456 4411 3562 4467 Per
3607 4412 3793 4464 omnia

2195 4507 2391 4578 quippe
2420 4505 2651 4561 ostendit
2679 4519 2864 4560 omnes
2906 4503 3037 4574 ipsis
3073 4517 3194 4557 esse
3228 4501 3500 4557 debitores
3533 4518 3546 4555 :
3578 4501 3754 4571 primo
3774 4545 3789 4566 ,

2199 4615 2318 4653 cum
2347 4597 2481 4652 dixit
2508 4616 2522 4653 :
2552 4595 2749 4667 Dignus
2783 4605 2853 4650 est
2890 4596 3153 4666 aperarius
3189 4593 3417 4648 mercede
3440 4610 3536 4647 sua
3564 4592 3790 4661 (Matth.

2200 4689 2287 4745 10.
2317 4689 2426 4761 10);
2459 4688 2692 4744 secundo
2711 4729 2726 4755 ,
2751 4685 2890 4757 quod
2921 4685 3047 4740 nihil
3071 4684 3330 4739 habentes
3359 4692 3412 4739 et
3437 4699 3638 4739 vacuos
3666 4685 3796 4738 mit-

2201 4792 2275 4836 tat
2299 4799 2314 4848 ;
2344 4781 2523 4848 tertio,
2546 4779 2686 4849 quod
2711 4779 2778 4833 ad
2801 4778 2936 4833 bella
2959 4785 3013 4834 et
3032 4792 3234 4848 pugnas
3257 4792 3354 4846 pro
3374 4775 3800 4845 suscipientibus

2199 4873 2410 4938 mittat;
2433 4878 2644 4942 quarto,
2672 4868 2813 4939 quod
2840 4870 2989 4938 signa
3019 4866 3273 4937 operandi
3303 4866 3397 4920 det
3430 4875 3793 4935 potestatem;

2201 4965 2416 5036 quinto,
2441 4962 2582 5033 quod
2609 4977 2825 5032 pacem,
2858 4961 3118 5014 bonorum
3149 4959 3387 5011 omnium
3415 4971 3666 5036 causam,
3701 4973 3798 5025 per

2202 5072 2264 5112 os
2303 5055 2587 5112 eorum-in
2629 5053 2820 5109 domos
2863 5050 3266 5122 suscipientium
3311 5034 3565 5115 inducat;
3608 5059 3798 5116 sexto,

2203 5150 2346 5222 quod
2382 5149 2625 5220 graviora
2669 5145 3010 5203 Sodomiticis
3048 5143 3424 5198 interminetur
3463 5144 3530 5197 iis
3563 5141 3652 5212 qui
3692 5159 3800 5196 non

2205 5245 2349 5313 ipsos
2376 5239 2745 5311 susceperint;
2778 5238 3027 5306 septimo,
3059 5235 3200 5307 qttod
3231 5235 3497 5295 ostendat.
3527 5235 3620 5304 qui
3653 5235 3802 5304 ipsos

2205 5335 2534 5404 suscipiunt,
2565 5340 2620 5387 et
2644 5346 2704 5386 se
2739 5339 2792 5384 et
2827 5329 3036 5384 Patrem
3065 5328 3371 5396 suscipere;
3401 5335 3589 5381 octavo
3608 5366 3625 5392 ,
3654 5325 3803 5394 quod

2207 5427 2480 5498 propheta:
2507 5435 2561 5480 et
2593 5423 2721 5494 justi
2756 5421 3056 5477 mercedem
3095 5420 3408 5490 promittat;
3439 5432 3583 5472 nono
3607 5459 3622 5482 ,
3654 5420 3806 5487 quod

2207 5521 2358 5574 calici
2385 5533 2535 5589 aqua:
2562 5514 2763 5586 frigidae
2791 5528 3038 5584 magnam
3067 5512 3304 5582 assignet
3335 5509 3664 5565 mercedem.
3696 5507 3807 5562 llo-

2209 5628 2326 5666 rum
2353 5605 2766 5678 unumquodque
2793 5613 3004 5673 poterat
3023 5602 3142 5656 illos
3165 5601 3452 5656 attrahere.
3479 5599 3612 5668 Quis
3632 5599 3802 5663 enim,

2210 5718 2392 5772 quzrso
2411 5742 2426 5768 ,
2457 5701 2646 5755 ducem
2681 5697 2868 5752 videns
2905 5696 3053 5751 mille
3075 5694 3382 5749 vulneribus
3409 5692 3722 5748 confossum
3747 5699 3804 5745 et

2212 5802 2566 5862 cruentatum,
2595 5805 2658 5847 ac
2683 5799 2804 5862 post
2824 5787 2989 5844 multa
3010 5794 3213 5858 tropaza
3235 5799 3300 5842 es
3323 5783 3463 5865 bello
3485 5781 3810 5838 redeuntem
