4074 6358
191 376 298 428 MN

191 490 301 553 ζων
328 491 516 562 φησίν·
554 491 616 555 ’ρ
644 493 840 564 λέγων
857 495 937 560 τῷ
965 497 1142 565 πατρί
1166 499 1265 554 καί
1292 501 1366 568 τῇ
1383 503 1586 570 μητρί,
1623 505 1747 570 Οὐχ
1776 503 1872 556 ἐώ-

182 578 344 645 pruni
396 596 490 638 σε.
525 581 622 637 καί
656 583 796 649 τοὺς
838 583 1141 654 ἀδελφοὺς
1185 589 1371 642 αὑτοῦ
1411 591 1522 642 οὐκ
1564 590 1735 657 ἔγνω,
1772 591 1869 644 καί

189 663 333 729 τοὺς
370 666 541 731 υἱοὺς
569 669 765 723 αὐτοῦ
801 670 1072 740 ἀπέγνω,
1124 674 1393 743 ἐφύλαξε
1427 677 1500 730 τὰ
1526 679 1700 746 λόγιὰ
1728 697 1868 734 σου.

191 754 249 804 Ei
275 752 334 804 δὲ
372 757 400 808 6
429 754 636 819 Παῦλος
665 757 834 812 πολλά
861 777 925 813 πε
936 761 989 830 ρί
1017 763 1218 831 γονέων
1239 764 1280 794 ⁸⁸
1309 763 1668 830 διατάττεται,
1695 770 1871 824 πάντα

188 840 373 904 αὐτοῖς
429 843 725 898 ὑπακούειν
776 847 1032 912 κελεύων,
1081 851 1156 920 μὴ
1203 851 1512 925 θαυμάσῃς·
1564 857 1643 917 εἰς
1687 858 1870 910 ἐκεῖνα

187 926 308 1014 γάρ,
331 929 496 998 μόνον
518 931 561 962 ⁸¹
588 932 753 1002 φησὶν
785 935 1099 1000 ὑπακούειν,
1131 939 1231 991 ὅσα
1261 939 1337 1010 μὴ
1371 940 1748 1010 παραϐλάπτει
1775 943 1869 1014 τὴν

186 1013 490 1068 εὐσέϐειαν.
520 1017 630 1069 Καὶ
651 1018 759 1090 γάρ
789 1021 934 1074 ὅσιον
962 1021 1060 1094 τὴν
1089 1023 1257 1096 ἀλλην
1277 1026 1460 1090 αὐτοῖς
1488 1027 1706 1081 ἃπασαν
1731 1013 1869 1084 ἀπο-

184 1101 385 1191 διδόναι
413 1106 610 1191 τιμήν·
645 1107 772 1191 ὅταν
811 1109 868 1162 δὲ
899 1109 1060 1164 πλέον
1091 1114 1190 1178 τῆς
1234 1115 1588 1187 ὀφειλομένης
1625 1119 1870 1173 ἀπαιτῶ-

188 1204 291 1276 σιν,
317 1190 381 1242 οὐ
404 1189 486 1243 δεῖ
518 1189 822 1251 πείθεσθαι.
856 1198 956 1251 Διά
987 1199 1144 1252 τοῦτο
1166 1202 1194 1253 6
1224 1201 1439 1265 Λουκᾶς
1471 1221 1655 1276 φησιν·
1687 1206 1758 1258 ΕΖ
1781 1225 1869 1273 τις

185 1275 423 1342 ἔρχεται
451 1281 603 1347 πρός
623 1300 718 1350 με,
748 1284 848 1337 καί
878 1288 950 1339 οὺ
971 1288 1139 1354 μισεῖ
1161 1289 1269 1342 τὸν
1287 1290 1514 1357 πατέρα
1532 1293 1740 1355 αὐτοῦ,
1768 1293 1866 1347 καί

181 1363 298 1428 τὴν
314 1368 566 1434 μητέρα,
595 1371 692 1423 καί
716 1371 831 1438 τὴν
855 1374 1131 1441 γυναῖκα,
1154 1377 1252 1430 καί
1276 1377 1349 1431 τὰ
1374 1377 1574 1443 τέκνα,
1607 1381 1704 1434 καί
1727 1383 1868 1448 τοὺς

181 1451 489 1521 ἀδελφοὺς
509 1499 522 1518 ,
554 1457 641 1511 ἐτι
679 1458 747 1511 δὲ
776 1461 874 1514 καί
910 1461 1026 1529 τὴν
1055 1463 1269 1532 ψυχὴν
1295 1465 1410 1532 τὴν
1446 1467 1661 1521 ἑαυτοῦ
1695 1469 1762 1526 ⁸³.
1796 1473 1867 1524 οὑ

180 1537 438 1595 δύναταί
470 1563 587 1610 μου
621 1547 899 1614 μαθητὴς
940 1545 1124 1602 εἶναι·
1153 1551 1252 1622 οὐχ
1295 1553 1482 1617 ἀπλῶς
1519 1558 1746 1624 μισῆσαι
1777 1574 1868 1608 κε-

180 1625 372 1690 λεύων,
410 1630 531 1683 ἐπεὶ
550 1631 708 1685 τοῦτο
743 1634 836 1687 καὶ
865 1634 914 1666 ⁸⁸
945 1637 1148 1708 σφόδρα
1187 1641 1524 1711 παράνομον,
1548 1641 1663 1696 ἀλλ’
1701 1644 1867 1697 Ὅταν

180 1712 442 1785 βούληται
492 1718 654 1771 πλέον
702 1719 834 1790 ἐμοῦ
882 1722 1190 1791 φιλεῖσθαι,
1241 1728 1472 1798 μίσησον
1515 1729 1678 1783 αὐτὸν
1725 1733 1868 1785 κατά

177 1801 358 1856 τοῦτο.
397 1805 570 1857 Τοῦτο
611 1805 720 1877 γάρ
749 1809 842 1862 καὶ
871 1808 1032 1865 αὑτὸν
1057 1813 1151 1866 τὸν
1178 1814 1502 1886 φιλούμενον
1533 1819 1627 1872 καί
1654 1819 1746 1872 τὸν
1786 1839 1868 1890 φι-

176 1891 378 1947 λοῦντα
409 1895 692 1951 ἀπόλλυσι.

250 1981 323 2050 β’.
361 1983 550 2036 Ταῦτα
605 1987 662 2038 δὲ
720 1988 894 2057 ἔλεγε,
929 1991 1025 2043 καὶ
1059 1991 1183 2053 τοὺς
1216 1993 1412 2053 παῖδας
1457 1993 1864 2066 ἀνδρειοτερους

178 2069 572 2138 ἐργαζόμενος,
605 2073 700 2127 καὶ
733 2078 860 2140 τοὺς
877 2078 1124 2148 πατέρας
1158 2081 1286 2143 τοὺς
1320 2081 1614 2150 μέλλοντας
1634 2083 1866 2137 κωλύειν

177 2158 519 2228 πραοτέρους
539 2161 727 2214 ποιῶν.
745 2163 1014 2236 Ὀρῶντες
1032 2166 1161 2237 γὰρ,
1180 2167 1260 2220 ὅτι
1285 2167 1554 2238 τοσαύτην
1581 2172 1731 2241 ἰσχὺν
1754 2171 1864 2241 ἔχει

176 2242 269 2294 καὶ
298 2242 552 2314 δύναμιν,
577 2248 652 2309 ὡς
678 2249 993 2320 ἀποσχίξειν
1027 2253 1207 2307 αὐτῶν
1232 2254 1300 2308 τά
1321 2255 1510 2318 τέκνα,
1543 2256 1638 2310 ἅτε
1669 2257 1865 2312 ἀδυνά-

175 2345 289 2392 τοις
319 2329 744 2402 ἐπιχειροῦντες,
774 2339 869 2391 καὶ
896 2338 1229 2407 ἀφίστασθαι
1257 2340 1597 2410 έμελλον.Διδ
1624 2345 1715 2398 καὶ
1740 2345 1865 2398 τού-

174 2434 304 2481 τους
319 2419 500 2485 ἀφεὶς,
521 2423 656 2494 πρὸς
675 2425 924 2490 ’ἐκείνους
945 2431 1180 2482 ποιεῖται
1200 2428 1292 2482 τὸν
1312 2429 1489 2497 λόγον,
1505 2432 1726 2495 τούτους
1747 2451 1866 2486 παι.-

173 2503 346 2558 δεύων
363 2507 413 2538 ⁸³
430 2509 506 2578 μὴ
523 2510 842 2581 ἐπιχειρεῖν,
857 2513 952 2566 ἆτε
967 2516 1269 2586 ἀμηχάνοις
1286 2518 1716 2588 ἐπιχειροῦντας.
1730 2515 1866 2576 Εἶτα

173 2591 266 2681 ἵνα
310 2594 389 2664 μὴ
425 2596 806 2664 ἀγανακτῶσιν
852 2603 1070 2668 ἐκεῖνοι,
1122 2605 1258 2674 μηδὲ
1289 2604 1732 2678 δυσχεραίνωσιν,
1765 2609 1866 2681 ὅρα

174 2680 278 2734 ποῦ
306 2683 542 2752 προάγει
571 2685 661 2739 τδν
682 2686 859 2756 λόγον.
884 2689 1069 2743 Εἰπὼν
1088 2691 1324 2760 γὰρ,⁶¹ος
1351 2695 1424 2746 οὐ
1447 2693 1619 2763 μισεῖ
1639 2680 1865 2762 πατέρα

173 2767 271 2821 καί
288 2771 542 2839 μητέρα,
569 2774 836 2845 ἐπήγαγε,
864 2776 974 2831 Kal
1007 2776 1123 2844 τὴν
1149 2778 1368 2833 ἑαυτοῦ
1397 2779 1626 2848 ψυχήν.
1653 2782 1719 2835 Τί
1755 2783 1863 2854 γάρ

175 2872 267 2924 μοι
306 2855 492 2925 λέγεις
529 2862 656 2924 τοὺς
683 2865 1100 2934 γεγεννηκότας,
1135 2866 1290 2936 φησί,
1316 2867 1410 2920 καὶ
1440 2867 1722 2936 ἀδελφοὺς,
1768 2870 1862 2923 καὶ

171 2942 433 3012 ἀδελφὰς,
467 2948 561 3000 καὶ
603 2952 871 3019 γυναῖκα;
900 2953 1094 3022 Ψυχῆς
1123 2953 1274 3008 οὐδὲν
1302 2955 1629 3026 οἰκειότερον
1652 2957 1856 3010 οὐδενί·

170 3031 288 3083 ἀλλ’
307 3032 460 3102 ὅμως
486 3034 582 3088 ἐὰν
607 3037 682 3108 μὴ
704 3039 800 3092 καί
827 3039 1032 3110 ταύτην
1061 3044 1318 3114 μισήσῃς,
1344 3044 1602 3097 τάναντία
1629 3043 1721 3096 τοῦ
1745 3044 1862 3110 φιλ-

171 3117 361 3184 οῦντος
403 3120 686 3197 ύποστήσῃ
719 3127 916 3181 πάντα.
957 3128 1068 3182 Kal
1117 3129 1266 3202 [400]
1310 3131 1428 3184 οὐδὲ
1476 3131 1660 3194 ἁπλῶς
1694 3133 1862 3203 αὐτὴν

177 3207 408 3276 μισῆσαι
425 3210 728 3276 ἐκέλευσεν,
744 3215 1007 3270 ἀλλ’ὦστε
1027 3217 1120 3271 καὶ
1136 3219 1216 3282 εἰς
1234 3218 1470 3289 πόλεμον
1484 3221 1666 3285 καίεἰς
1684 3223 1862 3293 μάχας

171 3293 342 3367 αὐτὴν
373 3296 768 3364 ἐκδιδόναι,καί
803 3305 883 3367 είς
919 3303 1133 3372 σφαγάς
1169 3305 1262 3358 καὶ
1289 3306 1625 3376 αῖματα.“ος
1651 3309 1761 3379 γὰρ
1789 3312 1861 3363 οὐ

165 3382 457 3446 βαστάζει
487 3387 593 3442 τὸν
621 3393 889 3460 σταυρὸν
906 3394 1114 3456 αὐτοῦ,
1134 3395 1232 3448 καὶ
1254 3395 1489 3464 ἔρχεται
1510 3397 1702 3452 ὀπίσω
1717 3419 1857 3468 μου,

170 3474 244 3526 οὐ
263 3473 522 3529 δύναταί
531 3495 648 3545 μου
659 3480 705 3512 ⁸⁸
720 3483 996 3549 μαθητὴς
1017 3479 1187 3536 εἶναι.
1206 3484 1338 3537 Οὐδὲ
1354 3483 1462 3555 γάρ
1486 3485 1670 3550 ἁπλῶς
1686 3483 1857 3554 εἶπεν,

171 3560 254 3614 ὅτι
303 3561 444 3632 πρὸς
490 3563 720 3619 θάνατον
753 3567 836 3621 δεῖ
868 3571 1302 3641 παρατετάχθαι,
1339 3571 1455 3625 ἀλλ’
1481 3573 1562 3626 ὅτι
1595 3577 1690 3628 xal
1724 3576 1861 3647 πρὸς

171 3648 404 3703 θάνατον
425 3650 597 3721 βίαιον
615 3667 630 3683 ⁸
655 3654 750 3708 καὶ
770 3656 828 3708 ού
857 3657 992 3726 πρὸς
1003 3658 1049 3690 ⁸⁷
1078 3657 1248 3728 βίαιον
1283 3660 1461 3729 μόνον,
1492 3661 1627 3714 ἀλλὰ
1649 3664 1743 3716 καὶ
1764 3665 1861 3716 ἐπ-

169 3737 484 3794 ονείδιστον.
503 3742 612 3794 Kal
637 3743 789 3797 οὐδὲν
816 3745 1028 3798 οὐδέπω
1052 3763 1118 3798 πε
1129 3747 1180 3817 pl
1208 3746 1304 3800 τοῦ
1324 3748 1525 3801 οἰκείου
1555 3749 1858 3820 διαλέγεται

172 3827 399 3891 πάθους,
416 3829 503 3882 ἵνα
521 3831 660 3894 τέως
682 3834 740 3886 ἐν
757 3833 966 3898 τούτοις
988 3833 1368 3900 παιδευθέντες
1388 3838 1753 3911 εὐκολώτερον
1767 3840 1858 3897 τὸν

173 3917 302 3986 περί
328 3918 538 3973 ἐκείνου
560 3920 817 3987 δέξωνται
847 3919 1099 3993 λόγονῘΑ
1111 3942 1178 3996 ρα
1195 3927 1296 3979 οὐκ
1325 3926 1475 4000 ἄξιον
1495 3926 1854 4001 ἐκπλαγῆναι,

173 4003 291 4067 πῶς
321 4004 496 4060 ταῦτα
519 4007 827 4064 ἀκουόντων
856 4011 1036 4065 αὐτῶν
1057 4013 1158 4066 οὐκ
1185 4013 1407 4085 άπέπτη
1429 4015 1524 4069 τοῦ
1552 4015 1855 4088 σώματοςή

169 4089 336 4162 ψυχὴ,
353 4095 628 4165 πανταχοῦ
645 4095 752 4149 τῶν
781 4098 877 4167 μὲν
897 4098 1159 4169 λυπηρῶν
1184 4102 1241 4154 ἐν
1264 4102 1450 4174 χερσὶν
1467 4103 1658 4172 ὄντων,
1672 4105 1780 4159 τῶν
1801 4107 1857 4161 δὲ

169 4181 424 4251 χρηστῶν
449 4184 507 4234 ἐν
539 4183 754 4250 ἐλπίσι;
791 4187 915 4251 Πῶς
937 4182 1029 4242 οὖν
1063 4189 1163 4242 οὐκ
1183 4189 1440 4262 ἀπέπτη;
1475 4192 1652 4263 Πολλὴ
1701 4194 1854 4265 καὶή

168 4266 261 4321 τοῦ
286 4269 539 4338 λέγοντος
558 4270 786 4342 δύναμις
800 4269 888 4342 ἦν,
908 4275 1049 4347 καὶή
1077 4275 1186 4329 τῶν
1201 4277 1508 4332 ἀκουόντων
1532 4280 1743 4348 ἀγάπη.
1762 4282 1853 4335 Διὸ

370 4357 749 4429 φορτικώτερα
777 4360 873 4413 καὶ
901 4361 1279 4435 ἐπαχθέστερα
1299 4365 1408 4419 τῶν
1437 4367 1690 4437 μεγάλων
1710 4368 1854 4421 ἐκεί-

168 4461 273 4498 νων
311 4444 602 4510 ἀκούοντες
630 4447 839 4519 ἀνδρῶν
867 4448 976 4502 τῶν
1002 4451 1131 4523 περὶ
1158 4453 1397 4507 Μωῦσέα
1423 4455 1519 4508 καὶ
1560 4455 1852 4527 Ἱερεμίαν,

165 4530 357 4600 ἔμενον
378 4532 688 4603 πειθόμενοι
713 4535 808 4588 καὶ
835 4536 990 4590 οὐδὲν
1018 4537 1411 4608 ἀντιλέγοντες.
1428 4541 1491 4594 '0
1516 4541 1710 4610 εὑρὼν
1740 4542 1854 4611 τὴν

164 4619 379 4688 ψυχὴν
398 4621 608 4688 αὐτοῦ,
625 4623 811 4693 φησὶν,
825 4624 1115 4679 ἀπολέσει
1130 4626 1346 4697 αὐτὴν,
1363 4629 1462 4682 καί
1489 4631 1523 4682 ό
1544 4631 1856 4698 ἀπολέσας

163 4707 280 4775 τὴν
306 4709 522 4777 ψυχὴν
551 4711 738 4764 αὐτοῦ
764 4711 973 4765 ἕνεκεν
997 4712 1165 4782 ἐμοῦ,
1188 4714 1434 4782 εὑρήσει
1466 4717 1680 4785 αὐτήν.
1701 4713 1855 4782 Εἶδες

164 4795 330 4849 πόσον
359 4796 467 4849 τῶν
491 4797 640 4868 παρά
662 4797 723 4851 τὸ
743 4799 860 4852 δέον
881 4800 1177 4869 φιλούντων
1201 4802 1264 4855 τὸ
1287 4803 1515 4873 βλάϐος
1550 4805 1714 4859 πόσον
1742 4806 1852 4860 τῶν

163 4883 468 4950 μισούντων
487 4885 547 4938 τὸ
563 4887 753 4956 κέρδος
770 4905 785 4952 ;
815 4889 1032 4959 Ἐπειδὴ
1049 4890 1156 4960 γὰρ
1167 4891 1236 4944 τὰ
1253 4893 1603 4964 ἐπιτάγματα
1618 4895 1852 4966 φορτικά

159 4968 249 5041 ἧν,
275 4973 412 5044 πρὸς
439 4975 652 5043 γονέας,
684 4977 778 5029 καὶ
812 4978 1028 5042 παῖδας,
1049 4980 1141 5033 καὶ
1169 4979 1350 5050 φύσιν,
1383 4981 1478 5034 καὶ
1508 4981 1848 5050 συγγένειαν,

160 5059 256 5112 zal
285 5060 384 5130 τὴν
405 5062 755 5132 οἰκουμένην,
775 5065 869 5117 καὶ
891 5064 1027 5136 πρὸς
1048 5067 1217 5138 αὐτὴν
1233 5067 1330 5138 τὴν
1347 5067 1525 5138 ψυχὴν
1541 5069 1852 5132 κελεύοντος

157 5146 355 5210 αὐτοὺς
369 5149 414 5178 ⁸⁸
444 5149 910 5220 παρατάττεσθαι,
940 5152 1121 5225 τίθησι
1148 5154 1240 5207 καὶ
1266 5155 1326 5206 τὸ
1355 5155 1568 5225 ὄφελος,
1598 5156 1853 5226 μέγιστον

157 5233 237 5288 δν.
264 5235 341 5286 Οὐ
379 5234 491 5306 γάρ
529 5237 594 5307 δὴ
630 5237 788 5307 μόνον
829 5239 888 5291 ού
930 5239 1142 5308 βλάψει,
1172 5241 1324 5312 φησὶ,
1361 5241 1553 5303 ταῦτα,
1583 5242 1723 5296 ἀλλὰ
1759 5245 1853 5297 καὶ

157 5320 437 5392 ὠφελήσει
478 5324 548 5376 τὰ
599 5324 850 5394 μέγιστα,
885 5329 1143 5381 τάναντία
1185 5330 1243 5382 δὲ
1290 5329 1672 5401 παραϐλάψει·
1715 5333 1853 5403 ὅπερ

165 5409 438 5481 πανταχοῦ
462 5415 625 5475 ποιεῖ,
649 5413 740 5480 ἀφ’
759 5407 831 5466 ὧν
856 5415 1232 5486 ἐπιθυμοῦσιν,
1256 5417 1364 5470 άπὸ
1385 5417 1590 5471 τούτων
1607 5418 1836 5488 ἐνάγων.

1221 381 1290 437 IN
1324 383 1737 440 MATTHAEUM
1777 385 2009 440 IIOMIL.
2047 384 2264 439 XXXV.
2307 386 2380 440 al.
2417 384 2655 440 XXXVI.

3542 389 3651 446 ιθιι

1972 503 2120 555 Διατί
2137 503 2246 573 γάρ
2263 502 2323 555 οὺ
2343 501 2518 571 βούλει
2536 501 2947 573 καταφρονήσαί
2970 505 3179 572 σουιτῆς
3189 502 3364 574 ψυχῆς
3381 521 3396 571 ;
3428 506 3647 578 Ἐπειδὴ

1972 591 2144 658 φιλεῖς
2172 590 2377 659 αὑτήνς
2405 588 2618 642 Οὐκοῦν
2652 588 2739 642 διὰ
2771 589 2932 642 τοῦτο
2954 590 3384 661 καταφρόνησον,
3406 593 3500 647 καὶ
3523 594 3653 649 τότε

1970 678 2141 748 αὐτὴν
2163 677 2233 731 τὰ
2260 678 2491 748 μέγιστα
2517 678 2752 746 ὀνήσεις,
2775 676 2869 729 καὶ
2888 676 2956 729 τὰ
2971 676 3065 730 τοῦ
3083 677 3360 743 φιλοῦντος
3383 681 3644 755 ἐπιδείξῃ.

1970 765 2080 817 Kal
2113 765 2306 817 σκόπει
2342 763 2556 817 σύνεσιν
2586 762 2903 831 ἄφατον.οὐ
2929 763 3037 835 γάρ
3073 765 3164 817 ἐπὶ
3193 765 3300 819 τῶν
3326 767 3528 835 γονέων
3553 770 3647 838 μό-

1969 871 2058 905 νον
2077 853 2120 885 ⁹
2154 851 2422 922 γυμνάζει
2453 852 2543 905 τὸν
2576 851 2733 918 λόγον
2764 849 2974 913 τοῦτον,
3009 852 3128 905 ούδέ
3161 852 3252 905 ἐπὶ
3280 853 3388 906 τῶν
3423 855 3646 922 παίδων,

1968 939 2083 994 ἀλλ’
2110 941 2203 993 ἐπὶ
2234 941 2333 1011 τῆς
2366 939 2584 993 πάντων
2617 938 2952 1009 οἰκειοτέρας
2983 939 3180 1009 ψυχῆς,
3219 940 3305 992 ἵνα
3340 941 3515 995 ἐκεῖνο
3559 945 3646 995 ὲν-

1967 1027 2158 1080 τεῦθεν
2195 1028 2676 1100 ἀναμφισϐήτητον
2722 1031 2968 1098 γένηται,
3015 1029 3107 1080 καὶ
3155 1028 3396 1098 μάθωσιν
3429 1029 3510 1083 ὅτι
3557 1030 3648 1083 καὶ

1969 1117 2212 1180 ἐκείνους
2241 1115 2386 1170 οὓτω
2406 1116 2475 1170 τά
2507 1115 2738 1185 μέγιστα
2754 1116 2799 1146 ⁵⁹⁰
2819 1115 3180 1186 ὠφελήσουσι,
3201 1117 3334 1168 ὅπου
3356 1133 3419 1186 γε
3443 1118 3535 1170 καὶ
3558 1118 3650 1172 ἐπὶ

1966 1202 2065 1272 τῆς
2100 1203 2314 1256 πάντων
2347 1202 2774 1274 ἀναγκαιοτέρας
2805 1201 2981 1272 ψυχῆς
3011 1202 3166 1255 τοῦτο
3199 1203 3504 1271 συμϐαίνει.

2050 1290 2233 1344 Ἱκανὰ
2270 1290 2368 1361 μὲν
2407 1285 2500 1343 οὖν
2551 1284 2619 1359 ἦν
2667 1288 2964 1343 καὶταῦτα
3014 1293 3200 1344 πεῖσαι
3241 1290 3492 1360 δέχεσθαι
3523 1292 3651 1358 τοὺς

1971 1378 2261 1448 μέλλοντας
2299 1377 2497 1440 αὐτοὺς
2544 1375 2889 1447 θεραπεύειν.
2932 1377 3028 1441 Τίς
3059 1377 3166 1448 γὰρ
3195 1379 3324 1442 τοὺς
3355 1378 3498 1433 οὕτω
3525 1397 3650 1449 γεν-

1967 1466 2150 1528 ναίους
2178 1465 2271 1518 καὶ
2301 1464 2561 1537 ἀριστέας
2579 1463 2647 1531 ⁸⁸,
2693 1465 2788 1518 καὶ
2817 1465 3070 1535 καθάπερ
3093 1465 3312 1530 λέοντας
3340 1465 3439 1537 τὴν
3464 1469 3647 1522 οἰκου·

1971 1553 2139 1622 μένην
2175 1553 2617 1624 περιτρέχοντας,
2658 1552 2754 1605 καὶ
2783 1553 3001 1606 πάντων
3035 1555 3508 1625 καταφρονοῦντας
3537 1556 3647 1610 τῶν

1969 1640 2092 1692 καθ’
2111 1641 2358 1703 ἑαυτοὺς,
2382 1640 2469 1692 ἵνα
2495 1639 2672 1708 ’ἐτεροι
2702 1639 2968 1702 σωθῶσιν,
2986 1639 3085 1693 οὐκ
3116 1639 3181 1693 ἂν
3204 1637 3419 1705 ἐδέξατο
3446 1642 3646 1712 προθυο

1972 1725 2069 1797 μία
2095 1728 2272 1797 «dan;
2310 1727 2613 1794 Ἀλλ⁴ὃμως
2643 1727 2737 1779 καὶ
2763 1726 2949 1796 ἕτερον
2987 1725 3176 1796 μισθὸν
3208 1726 3415 1797 τίθησι,
3434 1727 3647 1794 δεικνὺς

1966 1814 2047 1866 ὄτι
2074 1813 2184 1867 τῶν
2215 1813 2631 1884 ξενοδοχούντων
2656 1813 2930 1886 φροντίζει
2958 1813 3155 1884 μᾶλλον
3181 1815 3238 1866 ἐν
3267 1815 3462 1886 τούτῳ,
3482 1814 3516 1886 ἢ
3539 1815 3646 1869 τῶν

1969 1901 2343 1970 ξενιζομένων.
2377 1905 2486 1956 Kal
2521 1903 2705 1956 δίδωσι
2744 1903 2841 1972 μὲν
2873 1901 3096 1972 πρώτην
3117 1902 3302 1972 τιμήν,
3334 1901 3509 1972 λέγων
3535 1917 3551 1933 ⁶
3594 1903 3648 1957 '0

1965 1989 2290 2058 δεχόμενος
2321 1989 2494 2060 ὑμᾶς,
2539 1991 2645 2059 ἐμὲ
2682 1989 2947 2060 δέχεται·
2978 1990 3078 2043 καί
3108 1992 3140 2044 ό
3175 1988 3279 2058 ἐμὲ
3301 1989 3644 2059 δεχόμενος,

1965 2078 2199 2146 δέχεται
2234 2079 2338 2133 τὸν
2364 2078 2810 2133 ἀποστείλαντά
2840 2095 2945 2148 με’
2981 2071 3043 2133 οὗ
3091 2078 3142 2131 τί
3189 2079 3385 2147 γένοιτ’
3413 2079 3479 2133 ἂν
3509 2080 3642 2140 τσον,

1965 2165 2059 2218 τοῦ
2081 2166 2171 2219 τὸν
2195 2166 2415 2237 Πατέρα
2439 2168 2532 2220 καὶ
2557 2167 2644 2220 τὸν
2662 2167 2790 2220 Υἱὸν
2806 2166 3190 2237 ὑποδέχεσθαι;
3221 2165 3644 2235 Ἐπαγγέλλεται

1964 2252 2022 2305 δὲ
2053 2251 2191 2322 μετά
2221 2252 2412 2306 τούτου
2436 2253 2529 2306 καὶ
2556 2252 2750 2323 ἑτέραν
2770 2253 3008 2323 ἀμοιϐήν
3026 2269 3040 2283 ο
3083 2253 3137 2305 '0
3161 2252 3485 2322 δεχόμενος
3513 2253 3642 2322 γὰρ,

1965 2341 2119 2410 φησὶ,
2150 2341 2466 2409 προφήτην
2506 2341 2594 2406 εἰς
2639 2340 2829 2408 ὄνομα
2873 2338 3204 2409 προφήτου,
3232 2341 3455 2408 μισθὸν
3491 2339 3643 2412 [401]

1965 2427 2276 2496 προφήτου
2292 2428 2555 2498 λήψεται
2569 2445 2584 2460 ο
2603 2427 2704 2482 καί
2724 2431 2757 2482 ὁ
2773 2427 3095 2497 δεχόμενος
3110 2427 3342 2481 δίκαιον
3358 2431 3444 2495 είς
3459 2428 3646 2496 ὄνομα

1963 2514 2218 2581 δικαίου,
2233 2517 2461 2585 μισθὸν
2483 2516 2720 2571 δικαίου
2737 2515 3016 2585 λήψεται.
3037 2517 3422 2587 Καὶάνωτέρω
3441 2517 3537 2587 μὲν
3555 2517 3644 2570 κό-

1962 2601 2117 2656 λασιν
2135 2602 2349 2656 ἀπειλεῖ
2362 2605 2476 2666 τοῖς
2500 2604 2575 2673 μὴ
2594 2603 2904 2674 δεχομένοις
2920 2620 2934 2633 ·
2962 2603 3196 2657 ἐνταῦθα
3215 2603 3273 2656 δὲ
3293 2605 3388 2657 καὶ
3407 2605 3588 2658 ἄνεσιν
3600 2605 3644 2636 ’⁸

1963 2689 2186 2757 ἀγαθῶν
2229 2688 2424 2761 ὁρίζει.
2460 2690 2572 2743 Kal
2612 2691 2698 2744 ἴνα
2749 2689 2927 2763 μάθῃς
2970 2691 3054 2744 ὅτι
3100 2689 3339 2744 αὐτῶνπ
3371 2689 3645 2760 φροντίζει

1967 2775 2188 2846 μᾶλλον,
2210 2777 2308 2849 οὐχ
2325 2776 2516 2840 ἁπλῶς
2539 2773 2713 2840 εἶπεν.
2730 2777 2792 2831 '0
2813 2777 3137 2848 δεχόμενος
3164 2775 3500 2846 προφήτην,
3529 2776 3643 2848 ﬁ”.

1974 2864 2037 2918 '0
2069 2863 2394 2934 δεχόμενος
2417 2865 2675 2933 δίκαιον,
2692 2866 2806 2919 ἀλλ’
2829 2867 3127 2938 ἐπήγαγεν,
3156 2867 3259 2933 Εἰς
3293 2866 3478 2934 ὄνομα
3505 2884 3644 2934 προ-

1962 2951 2176 3020 φήτου.
2197 2953 2313 3019 καὶ,
2343 2955 2448 3019 Είς
2479 2953 2668 3023 ὄνομα
2694 2953 2927 3008 δικαίου
2949 2971 2962 2985 ·
2991 2955 3286 3017 τουτέστιν,
3306 2954 3429 3008 Ἐὰν
3462 2953 3534 3024 μὴ
3559 2955 3646 3009 διὰ

1964 3039 2222 3110 βιωτικὴν
2251 3040 2607 3109 προστασίαν,
2643 3041 2775 3113 μηδὲ
2798 3041 2865 3095 δι’
2884 3041 3012 3096 ἄλλο
3037 3060 3092 3096 τι
3114 3041 3221 3095 τῶν
3249 3043 3528 3113 ἐπικήρων
3556 3043 3642 3096 δέν

1963 3125 2137 3197 ξηται,
2170 3127 2284 3181 ἀλλ’
2319 3128 2504 3198 ἐπειδὴ
2535 3129 2568 3199 ἢ
2614 3129 2903 3200 προφήτης
2928 3129 3156 3199 ἐστὶν,ἢ
3191 3129 3418 3193 δίκαιος,
3454 3131 3643 3199 μισθὸν

1962 3216 2240 3287 προφήτου
2283 3215 2377 3268 καί
2412 3214 2602 3285 μισθὸν
2631 3214 2840 3270 δικαίου
2881 3215 3108 3289 λήψεται
3127 3232 3142 3249 ⁸
3173 3211 3346 3272 οἷον⁹⁸
3377 3218 3522 3282 εἰκὸς
3553 3219 3642 3272 τὸν

1961 3305 2246 3376 προφήτην
2294 3304 2326 3376 ἢ
2386 3303 2595 3358 δίκαιον
2632 3304 2928 3376 δεξάμενον
2967 3305 3180 3360 λαϐεῖν·
3214 3305 3246 3378 ἢ
3285 3303 3395 3360 οἷον
3439 3308 3643 3372 ἐκεῖνος

1963 3392 2148 3463 μέλλει
2175 3392 2680 3464 λαμϐάνειν.⁹οπερ
2715 3393 2809 3446 καὶ
2839 3395 2867 3447 6
2905 3393 3116 3458 Παῦλος
3153 3393 3304 3463 ἔλεγε
3327 3412 3340 3425 ·
3382 3393 3450 3448 Τὸ
3477 3393 3643 3465 ὑμῶν

1959 3481 2336 3548 περίσσευμα
2350 3482 2436 3546 εἰς
2455 3479 2522 3534 τὸ
2545 3479 2796 3535 ἐκείνων
2823 3483 3148 3552 ὑστέρημα,
3168 3483 3270 3536 ἵνα
3289 3483 3386 3536 καί
3409 3481 3474 3536 τὸ
3492 3482 3641 3536 ἐκεί-

1957 3585 2081 3621 νων
2110 3567 2489 3637 περίσσευμα
2511 3567 2751 3637 γένηται
2779 3571 2866 3635 εἰς
2881 3569 2948 3624 τὸ
2973 3567 3142 3639 ὑμῶν
3160 3568 3484 3638 ὑστέρημα.
3512 3565 3640 3624 Εἶτα

1958 3656 2045 3708 ἵνα
2068 3657 2141 3726 μή
2164 3673 2251 3720 τις
2270 3655 2462 3708 πενίαν
2479 3655 2897 3728 προϐάληται⁹⁶,
2917 3657 3097 3729 φησίν·
3119 3659 3186 3714 Ἡ
3203 3657 3268 3724 ὃς
3291 3656 3401 3710 ἐὰν
3421 3657 3640 3726 ποτίσῃ

1956 3742 2066 3798 ἕνα
2113 3743 2234 3797 τῶν
2266 3741 2497 3814 μικρῶν
2533 3744 2762 3798 τούτων
2792 3743 3080 3812 ποτήριον
3118 3743 3358 3814 ψυχροῦ
3379 3745 3424 3776 ⁸⁷
3447 3745 3640 3814 μόνον

1956 3834 2044 3898 εἰς
2063 3830 2250 3902 ὄνομα
2265 3829 2556 3901 μαθητοῦ,
2575 3831 2741 3900 ἀμὴν
2760 3833 2914 3902 λέγω
2929 3831 3072 3902 ὑμῖν
3082 3832 3150 3898 ³⁸,
3168 3835 3240 3887 οὐ
3257 3832 3344 3902 μὴ
3364 3831 3638 3902 ἀπολέσῃ

1957 3919 2063 3974 τὸν
2082 3919 2308 3990 μισθὸν
2335 3918 2543 3974 αὐτοῦ.
2567 3920 2688 3973 Κᾶν
2718 3921 2979 3993 ποτήριον
2997 3919 3206 3992 ψυχροῦ
3234 3919 3422 3984 ὓδατος
3441 3921 3486 3951 ’⁸
3510 3919 3634 3990 δῷς.

1957 4007 2086 4062 ἔνθα
2115 4008 2268 4061 οὐδὲν
2301 4007 2414 4060 ἐστι
2445 4007 2779 4078 δαπανῆσαι,
2811 4009 2904 4061 καὶ
2940 4007 3131 4061 τούτου
3157 4006 3401 4060 κείσεταί
3432 4023 3515 4060 σοι
3551 4023 3638 4078 μι-

1959 4095 2106 4160 σθός.
2133 4096 2232 4150 Διὰ
2261 4095 2371 4167 γάρ
2401 4096 2546 4166 ὑμᾶς
2576 4096 2789 4150 ἅπαντα
2817 4094 2954 4148 ποιῶ
2985 4095 3112 4158 τοὺς
3138 4094 3475 4164 δεχομένους.

2028 4193 2099 4256 γ’.
2141 4183 2294 4252 Εἶδες
2354 4187 2420 4241 δι’
2471 4187 2612 4242 ὅσων
2665 4186 2882 4254 ἔπεισε,
2943 4187 3036 4241 καὶ
3093 4185 3208 4250 τὰς’
3237 4185 3409 4251 οἰκίας
3457 4186 3638 4252 αὐτοῖς

1959 4275 2165 4346 ἀνέῳξε
2193 4275 2295 4345 τῆς
2322 4275 2648 4346 οἰκουμένης
2693 4274 2949 4346 ἀπάσης;
3007 4273 3119 4330 Καὶ
3172 4273 3280 4344 γὰρ
3327 4273 3495 4341 ἔδειξε
3551 4275 3638 4329 διὰ

1963 4365 2180 4417 πάντων
2202 4362 2484 4432 ὀφειλέτας
2513 4361 2694 4416 αὐτῶν
2713 4361 2873 4426 ὄντας
2895 4377 2913 4395 ο
2945 4361 3182 4434 πρῶτον,
3220 4359 3410 4428 εἰπὼν,
3444 4362 3637 4429 Ἄξιος

1959 4453 1992 4504 ό
2040 4449 2297 4520 ἐργάτης
2339 4449 2446 4504 τοῦ
2492 4449 2719 4519 μισθοῦ
2769 4448 2987 4504 αὐτοῦ’
3043 4448 3318 4520 δεύτερον,
3357 4447 3438 4519 τῷ
3473 4449 3636 4519 μηδὲν

1958 4535 2180 4607 ἔχοντας
2221 4536 2535 4607 ἐκπέμψαι*
2565 4535 2772 4608 τρίτον,
2804 4534 2884 4606 τῷ
2912 4536 2994 4598 εἰς
3025 4536 3296 4606 πολέμους
3338 4537 3431 4590 καὶ
3462 4536 3636 4607 μάχας

1964 4624 2104 4692 ὑπὲρ
2130 4623 2241 4677 τῶν
2262 4623 2568 4694 δεχομένων
2597 4622 2883 4677 ἐκδοῦναι·
2909 4623 3188 4692 τέταρτον.
3206 4622 3285 4694 τῷ
3315 4623 3412 4677 καὶ
3433 4626 3634 4694 σημεῖα

1959 4712 2144 4775 αὐτοῖς
2177 4712 2481 4782 ἐγχειρίσαι
2506 4726 2519 4739 ’
2555 4711 2826 4783 πέμπτον,
2854 4711 2934 4783 τῷ
2959 4712 3058 4783 τὴν
3100 4711 3318 4765 πάντων
3356 4712 3464 4764 τῶν
3497 4713 3634 4779 ἁγα-

1960 4798 2070 4852 θῶν
2103 4799 2281 4853 αἰτίαν
2310 4799 2534 4870 εἰρήνην
2564 4798 2653 4852 διά
2676 4798 2771 4852 τοῦ
2809 4799 3077 4869 στόματος
3098 4799 3277 4852 αὐτῶν
3307 4800 3386 4861 εἰς
3399 4798 3498 4861 τάς
3527 4798 3633 4851 τῶν

1957 4887 2263 4958 δεχομένων
2308 4887 2620 4955 εἰσαγαγεῖν
2652 4886 2670 4916 ί
2718 4887 2923 4951 οἰκίας·
2961 4886 3140 4952 ἕκτον,
3175 4887 3254 4957 τῷ
3279 4884 3633 4956 χαλεπώτερα

1952 4976 2203 5046 Σοδόμων
2235 4973 2528 5043 ἀπειλῆσαι
2557 4977 2668 5038 τοῖς
2699 4975 2775 5046 μὴ
2801 4974 3111 5047 δεχομένοις
3133 4975 3356 5037 αὐτούς·
3379 4967 3628 5044 ἕϐδομον,

1947 5062 2024 5133 τῷ
2047 5061 2214 5128 δεῖξαι
2265 5064 2358 5116 καὶ
2383 5063 2544 5117 αὑτὸν
2584 5063 2679 5117 καὶ
2724 5063 2814 5116 τὸν
2872 5065 3094 5135 Πατέρα
3148 5062 3466 5134 δεχομένους
3504 5063 3633 5125 τοὺς

1951 5151 2378 5222 ὑποδεχομένους
2415 5152 2640 5218 αὐτούς·
2673 5151 2879 5221 ὄγδοον,
2927 5151 3005 5223 τῷ
3054 5153 3149 5205 καί
3205 5152 3486 5222 προφήτου
3536 5149 3632 5203 καίΙ

1950 5239 2160 5292 δικαίου
2206 5239 2393 5310 μισθὸν
2433 5239 2862 5307 ἐπαγγείλασθαι
2890 5241 2910 5270 ³
2935 5255 2949 5270 ο
2985 5238 3193 5303 ἔνατον,
3230 5238 3306 5306 τῷ
3338 5238 3432 5291 καὶ
3466 5254 3633 5308 ποτη-

1951 5327 2068 5397 ρίου
2107 5324 2320 5396 ψυχροῦ
2349 5326 2590 5395 μεγάλας
2613 5325 2948 5396 ὑποσχέσθαι
2977 5326 2997 5358 ³
3014 5329 3110 5390 τὰς
3133 5325 3390 5396 ἀμοιϐάς.
3414 5325 3631 5379 Τούτων

1945 5419 2040 5473 δὲδ
2073 5418 2300 5472 ἕκαστον
2332 5419 2427 5471 καὶ
2466 5418 2588 5472 καθ’
2609 5419 2770 5471 ἑαυτὸ
2812 5417 2994 5472 ἱκανὸν
3045 5412 3114 5488 ἦν
3160 5416 3357 5479 αὐτοὺς
3391 5418 3628 5472 ἐπισπάο

229 5549 274 5630 ς’
305 5544 614 5631 διξλέγεςιαι
644 5551 700 5606 F.
732 5554 1056 5631 Deirldgxal
1079 5555 1326 5631 πάντα...
1362 5559 1575 5631 κελεύει
1603 5558 1738 5614 Edd.
1792 5561 1859 5631 κδ’
1896 5561 2032 5631 μόνα
2064 5559 2204 5614 Edd.
2273 5559 2320 5590 ⁸³
2351 5559 2447 5631 τῂν
2477 5557 2671 5631 ἐαυτοῦ
2686 5557 2961 5631 ψυχήν-Π.
2991 5557 3053 5612 Ε.
3084 5556 3170 5631 __‘"’
3197 5557 3357 5631 τοῦτο
3370 5556 3498 5631 καῆ
3536 5559 3627 5612 καὶ

157 5620 318 5672 τοῦτο
348 5615 409 5674 Ε.
442 5615 532 5675 κάί
567 5623 719 5676 deest
752 5624 804 5676 in
839 5625 975 5679 Edd.

1162 5628 1502 5702 τούτουίςμπλ
1538 5649 1596 5702 π.
1631 5630 1838 5702 αὐτούς

1982 5632 2042 5702 E.
2058 5626 2417 5702 ἐπιχειρεῖνῖ
2436 5629 2564 5702 εόᾴ.
2589 5626 2847 5702 κωλύειν.
2869 5627 3264 5702 iidem._Verb_a
3291 5626 3535 5702 τούτους.
3565 5666 3578 5680 .
3595 5671 3623 5702 _.

158 5690 574 5772 ἐπιχειρρῦντας
608 5695 806 5750 desunt
839 5693 991 5772 in__F'.
1068 5696 1271 5772 3fppu]
1299 5690 1445 5772 add;
1461 5690 1596 5770 φησί
1630 5701 1768 5772 Edd.
1823 5690 1861 5732 ’⁸

1967 5699 2077 5772 ρός]
2113 5690 2498 5772 αάὶἰηθάνᾲτον
2684 5698 3036 5772 Non_habenl
3060 5698 3158 5768 Ep.
3195 5698 3302 5772 Ge.
3370 5697 3624 5772 “36106

160 5760 299 5842 ξ’ξύει.
375 5762 422 5792 ⁸⁸
447 5763 620 5842 ,μόνον
651 5775 787 5842 ιιρεΙ.
814 5767 1020 5842 παίδων
1044 5760 1291 5834 τρὶἰὶεἰιιίι·
1319 5771 1370 5822 in
1407 5760 1545 5824 Ed'd'.
1625 5773 1674 5803 ’°
1707 5771 1861 5842 μέγιο

1967 5760 2112 5842 ἐᾱδ.
2145 5770 2465 5842 κερδανοῦσι
2490 5768 2581 5822 καί
2610 5768 2749 5842 μοι.
2787 5760 3620 5842 Βεηε-ροιιιιξέοοάιίηοιἵετεερ

158 5831 622 5917 ’ζάριστεύοντας
676 5834 812 5886 Edd.
864 5837 957 5888 καί
994 5831 1123 5891 anlé
1171 5840 1430 5911 ἀριστέας
1480 5856 1592 5897 om.
1639 5831 1718 5894 Ι).’
1776 5831 1861 5892 δί

159 5917 268 5954 οιον
307 5901 441 5953 ΕιΙιΙ.
477 5903 598 5955 άντὶ
624 5903 715 5955 τοῦ
739 5899 848 5956 οἷον
877 5906 938 5960 Β.
970 5906 1088 5960 Mox
1131 5909 1163 5960 ἦ
1199 5919 1324 5960 ante
1367 5907 1480 5960 οἷον
1519 5927 1630 5960 om-
1660 5910 1718 5960 F.
1799 5912 1842 5942 ⁸⁸

1965 5841 2124 5893 ῐδοσιν
2153 5831 2228 5892 [εἶ’
2300 5840 2346 5871 ’³
2368 5839 2574 5892 τούτων
2607 5839 2745 5894 Edd.
2823 5838 2870 5869 "
2999 5839 3092 5902 καί
3123 5838 3258 5894 Edd.
3335 5840 3380 5870 ’⁸⁵
3420 5833 3556 5960 οἷονῦ
3587 5837 3626 5911 ἢ

1965 5910 2244 5960 >6άλληται
2284 5908 2344 5960 Ε.
2389 5910 2479 5960 ἵνα
2527 5910 2660 5960 μηδὲ
2702 5908 2891 5960 πενίαν
2934 5928 3017 5960 τις
3063 5909 3438 5960 ποοϐάλλτται
3483 5909 3614 5960 Eni.

159 5896 287 5954 οἷον
307 5901 441 5953 ΕιΙιΙ.
477 5903 598 5955 άντὶ
624 5903 715 5955 τοῦ
739 5899 848 5956 οἷον
877 5906 938 5960 Β.
970 5906 1088 5960 Mux

162 5972 205 6001 ’τ
243 5973 486 6041 ψυχροῇν
521 5972 670 6025 ΒρΡ,
757 5977 802 6005 ⁸⁸
838 5977 1042 6030 Desinit
1075 5972 1240 6033 codex
1276 5981 1334 6034 Β.

169 6041 299 6105 ρίου.
331 6085 343 6098 .
381 6087 392 6098 .

1409 5982 1454 6012 ⁹⁹
1487 5981 1678 6044 ὓδατος
1707 5999 1814 6035 om.
1858 5981 1916 6034 F.
1965 5981 2061 6049 Ep.

437 6044 790 6116 ὑποσχέσθαι]
831 6048 920 6102 Sic
951 6049 1012 6102 (ὲ.
1050 6047 1110 6102 D.
1143 6048 1206 6104 Ε.
1245 6053 1395 6107 Ann.
1429 6053 1554 6106 δην.
1588 6052 1766 6108 caeteri
1806 6044 2080 6123 ποτήριον.
2122 6093 2133 6104 .
2171 6094 2180 6104 .

1131 5909 1164 5979 ή
1199 5907 1324 5964 ante
1367 5907 1480 5964 οἷον
1519 5927 1630 5965 om.
1659 5910 1718 5967 F.
1799 5912 1842 5942 ⁸⁸
1871 5910 2244 5980 προϐάλληται
2284 5908 2344 5964 Ε.
2389 5910 2488 5980 ἵνα
2526 5910 2660 5980 μηδὲ
2702 5908 2891 5961 πενίαν
2923 5907 3017 5973 ’τις
3063 5909 3438 5980 προϐάλληται
3483 5907 3614 5961 Edd.

2143 5984 2157 6011 ⁸
2183 5981 2425 6046 εἰσάγειν
2455 5979 2595 6033 ΕίΜ.
2666 5982 2686 6011 ²
2715 5979 3146 6047 ἐπαγγέλλεσθαι
3177 5979 3341 6036 ΕιΙιίᾹ
3395 5981 3413 6011 ³
3446 5997 3616 6048 ποτη-

2227 6050 2603 6120 ύποδέχεσθαι.
2677 6049 2697 6080 ⁸
2729 6049 2807 6122 δέ]
2839 6051 2899 6122 δή
2934 6049 3071 6106 Edd.
