4084 6354
445 349 551 410 ιον

447 467 662 538 σασθαι.
687 465 784 530 Τίς
815 468 946 540 γὰρ,
969 468 1092 523 είπέ
1131 486 1241 540 μοι,
1286 470 1590 543 στρατηγὸν
1625 472 1796 543 μυρία
1823 469 2118 543 τραύματα

444 544 635 614 ἐχοντα
667 548 762 599 καὶ
792 547 1111 618 ᾑμαγμένον
1143 549 1305 620 όρῶν,
1346 551 1439 603 καὶ
1472 551 1610 621 μετὰ
1635 549 1805 603 πολλά
1827 551 1849 582 ⁵
1880 550 2118 620 τρόπαια

444 623 552 677 ἀπὸ
581 624 815 695 πολέμου
839 627 932 679 καὶ
954 629 1312 698 παρατάξεως
1337 631 1645 696 ἐπανιόντα,
1671 630 1771 684 οὐκ
1785 628 1851 682 ἂν
1875 626 2114 692 ἐδέξατο,

437 702 541 766 ,τάς
563 703 733 782 θύρας
763 705 1109 770 ἀναπετάσας
1141 709 1238 778 τῆς
1265 711 1442 775 οίκίας
1468 712 1710 782 ἀπάσης;
1732 711 1752 741 ⁸
1769 709 1880 763 Kal
1909 707 1992 771 τίς
2021 706 2115 760 νῦν

453 781 718 861 ςσιοῦτοςς
760 785 911 856 φησι.
960 786 1059 839 Διά
1093 785 1251 840 τοῦτο
1292 781 1658 861 προσέθηκεν,
1691 791 1770 852 είς
1801 788 1970 858 ὄνομα
2009 802 2114 856 μα-

445 860 631 940 θητοῦ,
671 863 764 940 καὶ
790 865 1091 936 προφήτου,
1125 865 1218 919 καὶ
1247 867 1478 933 δικαίου,
1517 860 1603 923 ἵνα
1637 868 1812 940 μάθῃς
1834 867 1915 919 ὅτι
1944 866 2003 918 οὐ
2048 866 2115 934 τῇ

444 937 572 1018 ἀξία
603 939 695 992 τοῦ
725 942 1192 1012 παραγενομένου,
1218 944 1352 999 ἀλλά
1389 947 1483 1000 καὶ
1512 949 1577 1017 τῇ
1619 937 1813 1018 γνώμῃ
1839 944 1932 997 τοῦ
1981 943 2118 1008 ξενί-

443 1014 630 1082 ζοντος
664 1018 756 1072 τὸν
784 1019 974 1090 μισθὸν
1000 1021 1231 1092 τίθησιν.
1269 1024 1530 1078 Ἐνταῦθα
1553 1014 1664 1096 μὲν
1681 1014 1950 1097 γάρπερὶ
1980 1040 2115 1094 προ-

444 1098 631 1165 φητῶν
664 1100 757 1152 καὶ
781 1100 1002 1154 δικαίων
1023 1101 1117 1154 καὶ
1152 1103 1406 1173 μαθητῶν
1437 1121 1635 1172 φησιν·
1668 1105 1905 1175 ἀλλαχοῦ
1931 1104 1988 1156 δέ
2023 1102 2118 1156 καὶ

443 1177 569 1241 τοὺς
602 1178 808 1250 σφόδρα
857 1180 1304 1251 ἀπεῤῥιμμένους
1340 1181 1693 1255 ὑποδέχεσθαι
1742 1184 1954 1237 κελεύει
1975 1222 1991 1246 ,
2022 1181 2116 1236 καὶ

442 1258 569 1320 τοὺς
631 1256 706 1329 μὴ
763 1259 1194 1330 ὑποδεχομένους
1236 1262 1477 1327 κολάζει.
1518 1263 1638 1332 Ἐφ’
1677 1265 1828 1318 ὅσον
1864 1263 1974 1334 7&9
2003 1263 2114 1316 οὐκ

442 1335 769 1402 ἐποιήσατε
807 1338 897 1393 ἐνὶ
938 1341 1168 1394 τούτων
1217 1335 1337 1395 τῶν
1401 1344 1762 1413 ἐλαχίστων,
1796 1344 1938 1398 οὐδὲ
1985 1342 2114 1410 ἐμοὶ

441 1414 765 1481 ἐποιήσατε
789 1433 803 1449 ·
835 1420 929 1473 καὶ
949 1421 1256 1474 τούναντίον
1285 1421 1449 1475 πάλιν
1475 1424 1566 1477 ἐπὶ
1598 1425 1709 1478 τῶν
1736 1422 1914 1477 αὐτῶν
1943 1421 2112 1490 λέγει.

442 1493 561 1574 Κᾶν
573 1497 680 1568 7&9
699 1496 911 1572 μηδὲν
931 1500 1211 1572 κατορθῶν
1227 1500 1377 1573 [ωε]
1395 1502 1652 1564 τοιοῦτον,
1674 1501 1957 1574 ἄνθρωπός
1975 1504 2112 1567 ἐστι,

441 1572 736 1653 τὸνλαύτὸν
767 1577 851 1630 σοὶ
884 1579 1085 1649 κόσμον
1115 1581 1297 1645 οἰκῶν,
1323 1572 1414 1636 τὸν
1436 1582 1596 1636 αὐτὸν
1620 1572 1786 1652 ἥλιον
1805 1584 1966 1653 ὁρῶν,
2015 1582 2114 1653 τὴν

441 1651 610 1724 αὐτὴν
638 1654 776 1726 ΙΙέχων
801 1656 997 1730 ψυχὴν,
1030 1659 1122 1713 τὸν
1151 1659 1316 1714 αὑτὸν
1344 1651 1653 1732 Δεσπότην,
1683 1662 1794 1716 τῶν
1819 1651 2000 1717 αὐτῶν
2029 1651 2110 1716 σοὶ

441 1733 856 1811 κεκοινωνηκὼς
889 1739 1333 1810 μυστηρίων,ἐπὶ
1352 1741 1443 1794 τὸν
1476 1741 1637 1796 αὑτὸν
1671 1743 1755 1796 σοὶ
1781 1742 2110 1811 καλούμενος

439 1808 688 1890 ούρανὸν,
714 1812 852 1883 έχων
874 1816 1016 1886 μέγα
1036 1808 1329 1888 δικαίωμα,
1349 1819 1448 1890 τὴν
1474 1821 1687 1882 πενίαν,
1712 1824 1806 1876 καὶ
1823 1823 1883 1874 τὸ
1905 1808 2112 1876 δεῖσθαι

439 1886 540 1971 τῆς
553 1889 876 1971 *ἀναγκαίας
903 1895 1131 1965 τροφῆς.
1157 1886 1272 1950 Νῦν
1295 1897 1350 1951 δέ
1379 1886 1428 1949 οῖ
1457 1898 1557 1968 μέν
1583 1898 1959 1964 ἐξυπνίζοντες
1975 1899 2113 1971 μετά

439 1966 620 2049 αύλῶν
669 1970 765 2024 καὶ
817 1974 1092 2044 συρίγγων
1136 1977 1194 2029 ἐν
1225 1966 1494 2048 χειμῶνος
1520 1977 1659 2048 ὥρα,
1709 1981 1802 2033 καὶ
1839 1966 1988 2049 εἰκῆ-
2019 1979 2114 2033 καὶ

443 2046 620 2132 μάτην
646 2049 1009 2132 ἐνοχλοῦντες,
1047 2052 1196 2120 ξένια
1225 2046 1396 2111 πολλά
1439 2046 1807 2128 λαμϐάνοντες
1831 2046 1986 2132 παρά
2017 2059 2112 2113 σοῦ

441 2125 787 2210 ἀναχωροῦσι
811 2147 828 2163 ·
859 2133 954 2186 καὶ
981 2134 1032 2186 οἱ
1062 2133 1338 2206 χελιδόνας
1367 2125 1780 2210 περιφέροντες,
1814 2125 1926 2193 καῖ’
1947 2139 2106 2208 ἠσϐο-

438 2203 692 2289 λωμένοι,
726 2211 822 2289 καὶ
863 2203 1780 2288 πάντας’κακηγοροῦντεςίμισθὸν
1820 2219 1917 2289 τῆς
1946 2203 2112 2288 τερα-

437 2283 637 2367 τωδίας
665 2287 886 2367 ,ταύτης
931 2283 1333 2362 λαμϐάνουσιν.⁷
1371 2294 1472 2348 Ἂν
1515 2283 1889 2367 δὲ’προσέλθῃ
1945 2283 2114 2366 πένης

439 2362 608 2446 ἀρτου
653 2366 911 2438 δεόμενος
944 2409 960 2435 ,
1008 2372 1204 2442 μυρίαι
1238 2373 1570 2446 κακηγορίαι
1603 2362 1697 2428 καὶ
1731 2362 1994 2438 διαϐολαὶ,
2019 2362 2114 2429 καὶ

439 2443 636 2513 ἀργίας
668 2447 836 2516 ἐγκλὴ
847 2467 1014 2518 ματα,
1059 2453 1152 2504 καὶ
1176 2451 1434 2522 λοιδορίαι
1459 2443 1557 2506 καὶ
1593 2451 1779 2524 ὕϐρεις
1807 2457 1902 2508 καὶ
1931 2455 2114 2522 σκώμ-

443 2541 622 2592 ματα·
653 2528 748 2580 καὶ⁷
774 2529 835 2582 ού
857 2529 1046 2601 λογίζῃ
1072 2530 1210 2602 πρὸς
1242 2532 1454 2596 ἑαυτὸν,
1475 2533 1557 2586 ὅτι
1579 2535 1672 2585 καὶ
1693 2534 1757 2587 σὺ
1787 2535 1994 2603 ἀργεῖς,
2021 2536 2114 2588 καὶ

438 2605 588 2685 ὅμως
626 2606 654 2658 6
685 2606 819 2672 Θεὸς
868 2609 938 2663 τὰ
995 2611 1125 2681 παρ’
1149 2611 1343 2665 ἐαυτοῦ
1391 2629 1473 2665 σοι
1511 2613 1714 2667 δίδωσι.
1757 2613 1848 2684 Μὴ
1887 2616 1991 2685 γάρ
2023 2633 2114 2685 μοι

437 2684 597 2766 τοῦτο
629 2685 810 2760 εἴπῃς,
846 2689 927 2743 ὅτι
955 2691 1215 2761 πράττεις
1239 2709 1292 2746 τι
1322 2693 1417 2746 καὶ⁵
1443 2693 1606 2756 αὐτός
1628 2708 1642 2721 ·
1673 2693 1788 2746 ἀλλ’
1820 2684 1993 2748 ἐκεῖνό
2025 2684 2112 2766 μοι

438 2762 632 2846 δεῖξον,
660 2766 710 2846 εί
741 2766 851 2820 τῶν
887 2767 1200 2838 ἀναγκαίων
1252 2787 1304 2824 τι
1337 2773 1512 2835 ποιεῖς
1540 2773 1633 2845 καὶ
1682 2762 2038 2846 μεταχειρίζῃ
2067 2776 2110 2830 ⁷.

440 2841 505 2925 EE
531 2840 600 2925 δέμ
615 2841 810 2925 λέγεις,
827 2863 915 2916 μοι
944 2851 1362 2920 χρηματισμοὺς
1387 2850 1481 2904 καὶ
1513 2840 1968 2922 καπηλείαςξκαὶ
2010 2840 2113 2925 τὴν

437 2919 548 3000 τῶν
574 2920 742 2978 ὄντων
793 2919 1111 2995 ἐπιμέλειαν
1151 2919 1245 2981 καὶ
1303 2919 1880 3000 προσθήκην,ἐῖπο·ειι
1915 2931 1979 2983 ἄν
2025 2919 2107 2984 σοι

439 2998 534 3081 καί
550 3001 731 3066 αὐτὸς,
758 3005 842 3057 ὅτι
870 3005 1044 3060 ταῦτα
1064 3007 1165 3060 οὑκ
1196 3006 1264 3062 ἂν
1293 2998 1378 3077 εἴη
1405 2998 1713 3078 ἐργα,⁷άλλ’
1748 2998 2108 3081 ἐλεημοσύνη,

439 3079 535 3132 καὶ
569 3081 753 3157 εὐχαὶ,
774 3084 868 3137 καὶ
912 3083 1020 3137 τῶν
1069 3087 1438 3156 ἀδικουμένων
1491 3079 1963 3157 προστασίαιρκαὶ
2013 3079 2113 3143 ὅσα

437 3157 682 3221 τοιαῦτα,
717 3153 792 3215 ὧν
831 3164 889 3216 ἐν
947 3165 1116 3236 ἀργία
1169 3153 1352 3236 ζῶμεν
1409 3153 1720 3230 διαπαντός.
1770 3169 1910 3220 Ἀλλ’
1964 3169 2114 3237 ὅμως

438 3237 569 3307 ἡμῖν
593 3241 846 3295 οὐδέποτε
877 3237 1031 3296 εἶπεν
1063 3245 1091 3296 ὁ
1115 3244 1247 3307 Θεὸς
1267 3284 1282 3305 ,
1323 3245 1540 3316 Ἐπειδὴ
1580 3247 1790 3317 ἀργεῖς,
1835 3248 1934 3300 οὐκ
1982 3249 2112 3301 ἀνά-

437 3334 560 3372 πτω
580 3337 663 3373 σοι
687 3321 778 3375 τὸν
799 3323 970 3392 ἥλιον·
995 3325 1179 3394 ἐπειδὴ
1196 3323 1346 3378 οὐδὲν
1370 3324 1630 3395 πράττεις
1652 3325 1758 3378 τῶν
1776 3326 2110 3393 ἀναγκαίων,

437 3397 538 3476 τὴν
572 3401 802 3472 σελήνην
835 3403 1098 3472 σϐεννύω,
1134 3403 1296 3475 πηρῶ
1319 3403 1418 3474 τὴν
1447 3405 1690 3475 γαστέρα
1718 3405 1818 3476 τῆς
1848 3407 1973 3476 γῆς,
2005 3424 2113 3459 κω-

436 3475 551 3530 λύω
583 3478 682 3544 τάς
714 3479 928 3552 λίμνας,
959 3483 1058 3547 τὰς
1107 3487 1310 3554 πηγὰς,
1356 3484 1484 3547 τοὺς
1531 3475 1831 3553 ποταμοὺς,
1864 3475 2113 3554 ἀφανίζω

436 3555 530 3609 τὸν
571 3556 731 3628 ἀέρα,
790 3559 973 3630 ἐπέχω
1015 3561 1144 3624 τοὺς
1205 3560 1454 3629 ἐτησίους
1499 3559 1716 3623 ὑετούς·
1763 3562 1900 3616 ἀλλά
1933 3564 2114 3617 πάντα

441 3634 580 3714 μετά
609 3635 893 3707 δαψιλείας
920 3641 1052 3710 ἡμῖν
1089 3639 1338 3710 παρέχει.
1397 3639 1592 3702 Ἐνίοις
1630 3641 1687 3694 δέ
1715 3642 1774 3694 οὐ
1808 3642 1967 3712 μόνον
2010 3645 2111 3714 ἀρ-

437 3711 628 3794 γοῦσιν
651 3715 838 3794 ,μάλλά
857 3716 953 3771 καὶ
980 3717 1220 3794 πονηρά,
1248 3717 1553 3788 πράττουσι
1578 3719 1785 3773 τούτων
1813 3711 2112 3794 χαρίζεται

437 3790 539 3872 τὴν
577 3792 897 3849 ἀπόλαυσιν.
939 3792 1110 3849 Ὀταν
1139 3793 1334 3872 τοίνυν
1371 3795 1488 3867 ίδῃς
1537 3797 1767 3868 πένητα,
1803 3790 2108 3872 καῖἐῖπῃς,

451 3871 851 3950 ξΑποπνίγομαι
896 3873 981 3928 ὅτι
1021 3875 1139 3938 νέος
1173 3874 1252 3928 ῶν
1277 3869 1451 3938 οὗτος,
1485 3876 1643 3947 ὑγιὴς
1667 3877 1712 3941 ⁸,
1764 3879 1916 3932 οὐδὲν
1947 3869 2108 3950 ἔχων,

441 3949 692 4031 βούλεται
721 3952 1024 4031 τρέφεσθαι
1055 3952 1242 4023 ἀργῶν
1267 3953 1309 4022 ⁸,
1335 3954 1555 4025 οἰκέτης
1578 3972 1683 4009 που
1707 3957 1800 4011 καὶ
1836 3949 2113 4031 δραπέτης

438 4028 536 4111 ἃς),
569 4030 666 4084 καὶ
695 4029 788 4085 τὸν
816 4031 1011 4086 ἐαυτοῦ
1033 4032 1296 4103 δεσπότην
1335 4033 1650 4087 καταλιπών
1669 4052 1684 4068 ·
1732 4028 1924 4102 ταῦτα,
1969 4028 2112 4111 άπερ

437 4105 616 4173 εἷπον,
673 4110 795 4164 είπέ
843 4109 980 4183 πρὸς
1023 4111 1236 4175 ἐαυτὸν,
1278 4111 1480 4183 μᾶλλον
1527 4112 1585 4166 δέ
1614 4113 1808 4185 ἐκείνῳ
1845 4114 1934 4180 δὸς
1971 4105 2112 4174 αὐτά

445 4188 582 4266 μετά
613 4190 927 4263 παρρησίας
958 4191 1135 4244 είπεῖν
1184 4190 1323 4262 πρὸς
1351 4190 1431 4256 σέ,
1465 4193 1560 4245 κα)⁸
1593 4193 1927 4266 δικαιότερον
1975 4199 2110 4265 ἐρεῖ,

439 4263 952 4345 δτιἊᾺποπνίγομαι,
986 4269 1068 4322 ὅτι
1091 4268 1250 4340 ὑγιὴς
1280 4268 1356 4322 ῶν
1390 4269 1600 4342 ἀργεῖς,
1631 4271 1726 4324 καλ¹
1747 4263 1898 4327 οὐδὲν
1933 4263 2110 4345 πράτὲ

437 4361 553 4410 τεις
575 4335 658 4400 ’ὧν
689 4335 948 4415 ἐπέταξεν
987 4347 1016 4400 6
1065 4335 1218 4412 Θεὸς,
1258 4347 1393 4402 ἀλλά
1429 4335 1816 4420 ’δραπετεύσας
1851 4352 1961 4406 ἀπὸ
1983 4335 2108 4409 ⁸τῶν

441 4427 832 4497 ἐπιταγμάτων
858 4426 951 4481 τοῦ
975 4427 1268 4492 Δεσπότου,
1292 4427 1557 4502 περιέρχῃ
1594 4430 1846 4502 καθάπερ
1871 4432 1930 4486 ἐν
1949 4433 2107 4488 ἀλλο-

438 4505 585 4577 δαπῇ
640 4509 707 4578 τῇ
761 4507 930 4578 κακίᾳ
983 4507 1295 4579 διατρίϐων,
1329 4507 1564 4578 μεθύων,
1612 4511 1950 4580 κραιπαλῶν,
1980 4514 2107 4568 κλέ-

441 4601 614 4647 πτων,
643 4585 928 4656 ἁρπάζων,
953 4588 1051 4653 τὰς
1083 4588 1285 4660 ἐτέρων
1315 4589 1638 4659 ἀνατρέπων
1675 4590 1872 4655 οίκίας.
1903 4592 2014 4646 Kal
2043 4595 2107 4647 σὺ

443 4665 546 4737 μέν
583 4667 722 4737 ύπέρ
757 4667 956 4738 ἀργίας
989 4667 1271 4736 ἐγκαλεῖς·
1317 4666 1430 4730 ἐγὼ
1454 4668 1510 4720 δέ
1552 4669 1693 4740 ὑπὲρ
1726 4669 1902 4740 ἔργων
1950 4689 2112 4744 πονη-

444 4749 574 4819 ρῶν,
610 4748 742 4802 ὄταν
777 4747 1152 4820 ἐπιϐουλεύῃς,
1188 4747 1315 4801 ὅταν
1335 4746 1563 4820 όμνύῃς,
1589 4747 1717 4803 ὅταν
1750 4749 1940 4824 ψεύδῃ,
1978 4751 2108 4806 ὅταν

439 4827 714 4901 ἁρπάζῃς,
746 4826 875 4881 ὅταν
903 4827 1073 4898 μυρία
1097 4824 1320 4880 τοιαῦτα
1346 4828 1524 4897 ποιῇς.

509 4909 574 4964 δ’.
617 4907 802 4962 Ταῦτα
832 4907 890 4961 δέ
926 4909 970 4940 ¹⁰
1008 4906 1172 4975 λέγω,
1215 4904 1337 4975 οὐχ)⁸
1381 4905 1687 4976 νομοθετῶν
1738 4907 1962 4976 ἀργεῖν.
2029 4908 2105 4982 μὴ

437 4990 649 5061 γένοιτο
670 5006 682 5018 ·
715 4988 850 5043 ἀλλά
875 4989 969 5042 καὶ
999 4987 1203 5058 σφόδρα
1247 4984 1565 5056 βουλόμενος
1591 4987 1799 5051 πάντας
1829 4989 1888 5042 ἐν
1925 4988 2106 5059 ἔργοις

437 5066 578 5124 εἶναι
599 5084 612 5099 ·
643 5069 825 5121 πᾶσαν
848 5067 958 5138 7&9
989 5066 1189 5120 κακίαν
1221 5064 1459 5130 ἐδίδαξεν
1493 5067 1527 5137 ἡ
1563 5067 1764 5138 ἀργία·
1800 5069 2106 5138 παρακαλῶ

436 5147 494 5202 δέ
528 5147 602 5219 μὴ
637 5147 884 5218 ἀνηλεεῖς
913 5147 955 5178 ¹¹
985 5143 1144 5208 εἶναι,
1177 5145 1313 5216 μηδέ
1339 5145 1545 5214 ὠμούς.
1588 5146 1745 5200 Ἐπεὶ
1775 5149 1868 5201 καὶ
1895 5149 2104 5214 Παῦλος

441 5227 610 5298 μυρία
648 5224 1003 5296 μεμψάμενος
1027 5223 1178 5297 [405]
1207 5225 1301 5278 καὶ
1337 5222 1527 5278 εἰπών·
1571 5225 1644 5278 El
1687 5241 1779 5292 τις
1823 5228 1896 5281 οὐ
1947 5229 2108 5284 θέλει

437 5303 814 5377 ἐργάζεσθαι,
854 5303 1009 5374 μηδὲ
1050 5301 1330 5358 ἐσθιέτω·
1371 5303 1473 5357 οὐκ
1510 5301 1642 5375 ἐστη
1693 5303 1856 5376 μέχρι
1892 5305 2105 5372 τούτου,

529 5450 552 5483 ⁸
578 5447 650 5502 τά
671 5447 841 5502 πολλά
872 5447 1010 5504 Edd.
1055 5447 1225 5502 πολλά
1252 5462 1360 5501 om.
1386 5445 1451 5499 D.

439 5521 461 5553 '
499 5518 1003 5592 p§=ax§t9t§a_zg_A.
1046 5517 1107 5573 D.
1204 5519 1227 5552 ⁸
1257 5517 1351 5592 καὶ.
1391 5517 1552 5592 ύγιὴς
1599 5517 1663 5571 Α.
1698 5517 1758 5592 Ε.

443 5586 754 5714 ἀρχὸςξῶν
806 5588 1021 5657 οἰκέτης
1056 5605 1158 5641 που
1198 5588 1291 5642 καὶ
1327 5586 1622 5671 δραπέτης,
1650 5587 1752 5674 καί.
1786 5587 1848 5642 D.
1887 5591 1958 5662 ἀρ

554 5660 752 5719 νελεεῖς
779 5661 843 5712 Α.
881 5657 942 5710 D.
983 5657 1044 5711 F.
1121 5659 1164 5690 ¹²
1189 5661 1298 5719 γάρ
1323 5673 1435 5711 om.
1481 5656 1540 5710 IL.
1619 5657 1663 5688 ⁸³
1692 5655 1780 5719 συ]
1810 5661 1904 5713 καὶ
1945 5679 1958 5714 ε

969 5870 1014 5899 ⁸³
1050 5854 1366 5938 χαρίζεσθαι
1401 5854 1540 5922 Ἐόά.

548 5867 564 5894 ι

452 5867 712 5939 τιθέαμεν
733 5867 872 5921 Edd.
969 5870 1014 5899 “
1050 5867 1366 5941 χαρίζεσθαι
1403 5867 1540 5922 Edd.
1637 5868 1684 5900 ”
1708 5867 1874 5994 9666*]

455 5937 522 5992 Α.
553 5935 618 5993 F.
711 5938 760 5972 “
783 5938 938 5993 τοῦτο
970 5953 1074 5993 om.
1113 5941 1178 5992 Δ.
1213 5935 1272 5990 D.
1307 5936 1369 5992 Γ.
1459 5939 1502 5972 ²¹¹
1531 5939 1798 6011 ἐκκακητε
1879 5980 1894 5995 .

455 5937 522 5992 Α.
553 5935 618 5993 Γ.

1255 353 1312 411 S.
1354 354 1639 412 JOANNIS
1675 353 2170 412 CHRYSOSTOMI
2206 355 2527 414 ARCIHEP.
2567 355 3112 416 CONSTANTINOP.

1637 5868 1684 5900 ’³
1708 5868 1874 5946 ρῦδέ]
1905 5872 1978 5926 Οὐ
2014 5871 2077 5928 1".
2113 5889 2167 5946 p.
2197 5889 2250 5946 ρ.
2282 5868 2385 5929 οὐκ
2411 5873 2556 5929 ἔστιν
2590 5889 2698 5930 om.
2741 5873 2804 5930 Ε.

3783 351 3885 407 ΗΟ

2217 470 2354 525 ἀλλά
2373 473 2731 545 προσέθηκεν·
2764 472 2950 543 Ὑμεῖς
2967 471 3038 526 δὲ
3055 472 3144 543 μὴ
3172 467 3552 538 έκκακήσητε
3585 467 3653 522 τὸ
3687 467 3882 521 καλὸν

2217 551 2548 618 ποιοῦντες.
2590 551 2695 606 Kal
2727 552 2833 623 μὴν
2862 552 3034 606 ταῦτα
3075 551 3293 606 ἐναντία
3325 549 3490 604 ἐστίν.
3521 550 3583 602 El
3613 548 3722 617 7&9
3758 546 3884 602 ,ἐκὲν

2216 629 2414 695 λευσας
2438 632 2634 696 αὐτοὺς
2667 632 2742 704 μὴ
2765 633 2984 696 ἐσθίειν,
3026 631 3142 694 πῶς
3171 633 3301 702 ἡμῖν
3328 631 3618 700 παραινεῖς
3645 626 3846 680 διδόναι
3868 642 3884 690 ;

2217 707 2347 773 Nal,
2381 710 2514 782 φησί
2539 727 2554 741 ·
2582 711 2677 764 καὶ
2700 712 2810 782 7&9
2844 713 2889 743 ¹²
2913 710 3174 764 ἐκέλευσα
3199 709 3397 782 αὐτοὺς
3420 704 3883 780 ἀποστρέφεσθαι,

2217 788 2311 840 καὶ
2341 788 2415 858 μὴ
2445 781 2882 858 ἀναμίγνυσθαι,
2917 789 3009 842 καὶ
3048 787 3213 842 πάλιν
3265 781 3456 841 εἷπον·
3491 785 3587 854 Μὴ
3633 783 3885 854 ἐχθροὺς

2217 865 2478 934 ἡγεῖσθε,
2523 867 2681 922 ἀλλὰ
2731 866 3067 923 νουθετεῖτε
3096 884 3109 899 ·
3145 867 3245 920 οὐκ
3289 865 3510 920 ἐναντία
3553 863 3883 934 νομοθετῶν,

2215 943 2352 998 ἀλλά
2409 945 2503 998 καὶ
2544 945 2686 998 πάνυ
2727 946 3037 1016 συνᾴδοντα.
3090 947 3186 1000 Ἂν
3234 945 3340 1016 γάρ
3371 945 3416 976 ⁸⁸
3449 946 3516 997 σὺ
3561 943 3696 1013 πρὸς
3739 941 3886 994 ἔλεον

2215 1021 2433 1092 ἐτοιμος
2467 1019 2556 1094 ᾗς,
2581 1027 2830 1087 κάκεῖνος
2857 1025 3067 1094 ταχέως
3088 1025 3116 1076 ὁ
3145 1023 3314 1091 πένης
3344 1022 3445 1091 τῆς
3469 1022 3666 1092 ἀργίας
3707 1018 3887 1072 ἀπαλ-

2215 1100 2533 1171 λαγήσεται,
2600 1103 2694 1156 καὶ
2765 1104 2829 1155 σὺ
2886 1103 2988 1171 τῆς
3054 1102 3354 1172 ὠμότητος.
3391 1100 3578 1176 ¹Ἀλλά
3615 1096 3885 1176 Ῠψεύδεται

2215 1178 2388 1232 πολλά
2406 1179 2500 1232 καὶ
2542 1180 2856 1240 πλάττεται,
2885 1178 3069 1248 φησίν.
3113 1177 3271 1232 Ἀλλά
3303 1173 3399 1231 καῖ
3448 1175 3696 1230 ἐντεῦθεν
3735 1173 3888 1239 ἄξιος

2215 1259 2503 1321 ἐλεεῖσθαι,
2523 1261 2604 1314 ὅτι
2638 1261 2718 1323 εἰς
2750 1259 3008 1329 τοιαύτην
3040 1261 3340 1314 κατέπεσεν
3387 1259 3652 1329 ἀνάγκην,
3678 1256 3757 1318 ὡς
3788 1256 3888 1309 καὶ

2216 1338 2439 1391 τοιαῦτα
2473 1340 2866 1410 ἀναισχυντεῖν.
2908 1338 3098 1407 Ἡμεῖς
3124 1338 3182 1391 δέ
3203 1337 3264 1389 ού
3300 1339 3457 1407 μόνον
3479 1337 3578 1389 ούκ
3600 1333 3888 1410 ἐλεοῦμεν,

2214 1415 2352 1470 ἀλλά
2377 1417 2470 1469 καὶ
2492 1415 2559 1470 τὰ
2592 1409 2718 1486 ὼμά
2741 1418 2922 1470 ἐκεῖνα
2955 1415 3317 1487 προστίθεμεν
3340 1416 3581 1485 ῥήματα,
3612 1412 3729 1464 Οὐκ
3759 1409 3889 1464 ἐλα-

2215 1495 2308 1559 ϐες
2358 1494 2504 1562 ἆπαξ
2534 1495 2626 1548 καὶ
2647 1495 2764 1560 δίς;
2796 1494 3065 1562 λέγοντες.
3108 1492 3175 1546 Τί
3214 1489 3346 1559 οὖν;
3383 1493 3442 1546 ού
3481 1493 3651 1545 δεῖται
3669 1487 3888 1559 τραφῆ-

2214 1591 2300 1626 ναι
2333 1573 2516 1636 πάλιν,
2555 1572 2742 1644 ἐπειδὴ
2781 1572 2926 1639 ἅπαξ
2947 1572 3198 1643 ἐτράφη;
3233 1571 3383 1625 Διατί
3411 1570 3488 1642 μὴ
3531 1569 3625 1624 καὶ
3644 1571 3712 1638 τῇ
3747 1584 3886 1618 σαυ-

2212 1651 2308 1707 τοῦ
2372 1653 2571 1724 γαστρὶ
2625 1652 2846 1714 τούτους
2903 1651 3072 1715 τιθεῖς
3110 1652 3236 1714 τοὺς
3288 1651 3514 1722 νόμους,
3568 1648 3663 1702 καὶ
3703 1646 3888 1708 λέγεις

2216 1730 2310 1783 καὶ
2339 1730 2384 1762 ¹⁸
2419 1730 2554 1802 πρὸς
2587 1731 2758 1801 αὒτὴν
2775 1747 2790 1762 ·
2827 1729 3194 1800 Ἐνεπλὴσθης
3216 1728 3341 1799 χθὲς
3367 1727 3461 1781 καὶ
3488 1726 3593 1798 πρὸ
3613 1726 3713 1797 τῆς
3733 1725 3888 1794 χθὲς,

2220 1811 2294 1882 μὴ
2329 1811 2371 1842 ’⁵
2396 1809 2547 1882 ζήτει
2568 1809 2702 1876 νῦν;
2745 1809 2884 1863 Ἀλλ’
2919 1809 3135 1880 ἐκείνην
3166 1809 3262 1880 μὲν
3298 1809 3391 1862 καὶ
3415 1807 3555 1877 ὑπὲρ
3585 1807 3646 1860 τὸ
3687 1805 3891 1876 μέτρον

2213 1890 2621 1962 διαρῤηγνύεις,
2668 1889 2854 1943 τοῦτον
2895 1890 2954 1943 δέ
3000 1889 3096 1942 καὶ
3125 1889 3194 1943 τά
3226 1887 3516 1960 σύμμετρα
3545 1885 3803 1940 αἰτοῦντα
3844 1883 3888 1919 ³⁸

2216 1971 2556 2042 ἀποστρέφῃ,
2599 1969 2832 2041 ὀφείλων
2876 1970 2964 2024 διά
2992 1969 3152 2023 τοῦτο
3178 1969 3340 2022 αὑτὸν
3391 1968 3582 2032 ἐλεεῖν,
3633 1968 3715 2020 ὅτι
3757 1963 3886 2018 καθ’

2215 2053 2451 2124 ἑκάστην
2477 2052 2841 2120 ἀναγκάζεται
2869 2069 2952 2105 σοι
2975 2050 3258 2123 προσιέναι
3285 2049 3384 2122 τὴν
3410 2050 3643 2120 ἡμέραν.
3663 2045 3743 2100 -Εί
3773 2045 3889 2114 7&9

2214 2131 2309 2185 καὶ
2351 2131 2662 2202 μηδαμόθεν
2698 2131 2962 2203 ἑτέρωθεν
3004 2131 3346 2203 ἐπικάμπτῃ,
3385 2129 3474 2182 διὰ
3518 2127 3676 2180 τοῦτο
3716 2125 3886 2178 αὑτὸν

2213 2210 2320 2265 ἔδει
2379 2229 2438 2266 σε
2485 2212 2685 2266 ἐλεεῖν·
2725 2216 2792 2285 τῇ
2841 2213 2950 2283 7&9
2999 2211 3100 2282 τῆς
3147 2215 3335 2274 πενίας
3387 2211 3600 2280 ἀνάγκῃ
3637 2209 3679 2239 ¹⁷
3708 2206 3886 2260 ταῦτα

2217 2288 2458 2359 βιάζεται
2501 2291 2593 2344 καὶ
2645 2294 2810 2346 ποιεῖ.
2845 2292 2956 2345 Καὶ
2979 2293 3080 2346 οὐκ
3129 2291 3300 2355 ἐλεεῖς
3340 2290 3522 2352 αὐτὸν,
3546 2290 3628 2342 ὅτι
3654 2287 3887 2340 τοιαῦτα

2219 2368 2434 2423 ἀκούων
2459 2369 2559 2423 οὐκ
2587 2370 2902 2441 αἰσχύνεται
2927 2386 2940 2400 ·
2966 2369 3000 2440 ἡ
3031 2369 3138 2442 γάρ
3177 2369 3388 2439 ἀνάγκη
3410 2366 3778 2436 δυνατωτέρα.
3805 2365 3882 2417 Σὺ

2214 2447 2269 2499 δέ
2295 2447 2356 2499 ού
2395 2448 2553 2516 μόνον
2579 2449 2678 2500 οὐκ
2710 2447 2898 2511 ἐλεεῖς,
2933 2448 3068 2502 ἀλλά
3099 2450 3193 2502 καὶ
3220 2446 3587 2517 ἐκπομπεύεις
3610 2462 3626 2478 ·
3652 2447 3747 2499 καὶ
3778 2444 3878 2497 τοῦ

2215 2524 2348 2577 Θεοῦ
2395 2525 2749 2589 κελεύσαντος
2785 2526 2960 2597 λάθρα
2994 2527 3213 2589 διδόναι,
3247 2527 3486 2596 ἕστηκας
3537 2523 3887 2594 δημοσιεύων

2212 2604 2303 2656 τὸν
2337 2605 2722 2675 προσελθόντα,
2762 2607 2856 2658 καὶ
2877 2605 3172 2668 ὀνειδίζων,
3220 2606 3361 2676 ὑπὲρ
3398 2599 3472 2658 ὧν
3493 2605 3662 2657 ἐλεεῖν
3691 2604 3884 2673 ἐχρῆν.

2214 2684 2278 2735 Ei
2312 2683 2421 2754 7&9
2468 2683 2542 2754 μὴ
2569 2685 2746 2754 βούλει
2769 2684 2972 2748 δοῦναι,
3009 2685 3063 2737 τί
3108 2687 3201 2738 καὶ
3232 2685 3501 2753 ἐγκαλεῖς,
3535 2685 3630 2737 καὶ
3670 2681 3887 2753 συντρί-

2213 2762 2330 2826 ϐεις
2363 2763 2462 2834 τὴν
2492 2765 2834 2835 ταλαίπωρον
2859 2765 2954 2820 καὶ
2977 2765 3165 2818 ἀθλίαν
3195 2765 3405 2835 ψυχήνς
3455 2761 3658 2818 Ἦλθεν
3695 2763 3776 2825 ὡς
3809 2763 3889 2824 εἰς

2213 2840 2410 2912 λιμένα
2435 2842 2533 2904 τάς
2563 2844 2661 2907 σάς
2702 2845 2888 2914 χεῖρας
2917 2844 3221 2914 ἐπιζητῶν·
3262 2844 3313 2896 τί
3359 2843 3576 2914 κύματα
3619 2841 3886 2912 ἐγείρεις,

2216 2922 2311 2974 καὶ
2343 2920 2723 2993 χαλεπώτερον
2763 2921 2853 2974 τὸν
2884 2922 3130 2992 χειμῶνα
3174 2923 3424 2994 ἐργάζῃς
3473 2921 3536 2973 Τί
3575 2919 3890 2986 καταγινώ-

2215 3016 2366 3062 σκεις
2413 2999 2832 3071 ἀνελευθερίαν;
2874 3000 2967 3072 Μὴ
2991 3001 3118 3070 7&9,
3157 3003 3204 3054 εἰ
3239 3001 3604 3072 προσεδόκησε
3655 3000 3889 3053 τοιαῦτα

2215 3078 2563 3143 ἀκούσεσθαι,
2624 3079 2925 3150 προσῆλθεν
2966 3081 3060 3145 άν;
3113 3081 3175 3132 Εἰ
3210 3081 3266 3134 δέ
3297 3081 3390 3133 καὶ
3422 3080 3593 3133 ταῦτα
3617 3079 3890 3151 προειδὼς

2216 3158 2511 3229 προσῆλθε,
2543 3158 2629 3211 διὰ
2657 3159 2814 3211 τοῦτο
2856 3159 3004 3225 ἄξιον
3029 3162 3282 3212 κάκεῖνον
3315 3160 3505 3220 ἐλεεῖν,
3528 3160 3621 3212 καὶ
3660 3159 3763 3230 τὴν
3788 3159 3889 3228 σὴν

2215 3237 2461 3308 φρίττειν
2510 3237 2790 3308 ὠμότητα,
2817 3237 2898 3290 ὅτι
2944 3239 3064 3291 οὐδέ
3111 3238 3303 3304 οὕτως,
3346 3239 3724 3308 ἀπαραίτητον
3761 3242 3887 3291 ἐπιο

2215 3316 2472 3387 κειμένην
2504 3316 2644 3386 ὁρῶν
2682 3317 2948 3387 ἀνάγκην,
2992 3317 3336 3388 ἡμερώτερος
3365 3317 3510 3390 γίνῃ,
3555 3319 3676 3370 οὐδὲ
3713 3317 3762 3347 ¹⁸
3791 3325 3890 3389 ἁρ-

2213 3399 2330 3449 κεῖν
2349 3395 2498 3465 αύτῷ
2519 3394 2760 3465 νομίζεις
2797 3397 2877 3457 εἰς
2915 3396 3212 3464 ἀπολογίαν
3256 3397 3354 3464 τῆς
3390 3396 3780 3464 ἀναισχυντίας
3829 3396 3891 3448 τὸ

2213 3473 2307 3527 τοῦ
2345 3473 2504 3543 λιμοῦ
2533 3473 2670 3536 δέος,
2709 3474 2825 3527 ἀλλ’
2860 3474 2902 3507 ¹⁹
2950 3474 3331 3544 ἀναισχυντίαν
3376 3474 3656 3542 ἐγκαλεῖς·
3699 3473 3890 3526 καίτοι

2216 3554 2436 3625 μείζονα
2455 3557 2616 3618 αὐτὸς
2642 3555 3077 3627 ἡναισχύντησας
3099 3557 3378 3620 πολλάκις,
3415 3556 3511 3611 καὶ
3559 3556 3700 3626 ὑπὲρ
3725 3556 3893 3625 χαλεο

2215 3634 2332 3687 πῶν
2382 3638 2741 3705 πραγμάτων.
2796 3635 3056 3688 Ἐνταῦθα
3095 3636 3193 3706 μὲν
3221 3640 3328 3706 γάρ
3353 3637 3447 3688 καὶ
3479 3637 3817 3705 συγγνώμην
3854 3637 3890 3704 ἡ

2213 3713 2571 3783 ἀναισχυντία
2605 3715 2782 3783 φέρει,
2824 3717 2986 3785 ἡμεῖς
3027 3714 3085 3768 δέ
3130 3715 3392 3777 πολλάκις
3437 3715 3708 3776 κολάσεως
3761 3714 3893 3778 ἄξια

2215 3792 2544 3863 πράττοντες
2568 3793 2612 3824 ὀ
2640 3793 3058 3863 ἀναιδευόμεθα·
3087 3795 3184 3848 καὶ
3220 3794 3338 3848 δέον
3362 3795 3676 3857 ἐννοοῦντας
3702 3795 3894 3847 ἐκεῖνα

2211 3873 2502 3936 ταπεινοὺς
2530 3872 2797 3941 γίνεσθαι,
2833 3874 2925 3927 καὶ
2945 3873 3346 3944 ἐπεμϐαίνομεν
3374 3878 3486 3938 τοῖς
3517 3873 3892 3943 ταλαιπώροις

2212 3951 2454 4014 τούτοις,
2510 3949 2603 4004 καὶ
2645 3951 2912 4022 φάρμακα
2979 3951 3189 4006 αἰτοῦσι
3248 3953 3537 4024 τραύματα
3602 3952 3893 4024 προστίθει

2215 4047 2316 4101 μεν
2341 4031 2407 4084 ²¹.
2436 4029 2499 4082 Εἰ
2518 4035 2627 4100 γάρ
2660 4031 2736 4101 μὴ
2767 4031 2946 4100 βούλει
2976 4029 3177 4096 δοῦναι,
3199 4030 3251 4084 τί
3277 4033 3370 4085 καὶ
3406 4032 3695 4101 πλήττεις;
3722 4031 3772 4082 εἰ
3812 4029 3892 4102 μὴ

2214 4109 2392 4182 βούλει
2420 4107 2747 4180 χαρίσασθαι
2777 4111 2843 4171 ”,
2879 4109 3025 4172 τίνος
3050 4110 3235 4164 ἐνεκεν
3263 4112 3357 4163 καὶ
3403 4110 3682 4182 ὑϐρίζειςς
3740 4109 3888 4162 Ἀλλ’

2211 4193 2312 4244 οὐκ
2349 4192 2599 4262 ἀνέχεται
2639 4193 2942 4263 ἀποστῆναι
2993 4193 3216 4264 ἐτέρως.
3283 4193 3490 4247 Οὐκοῦν
3539 4193 3614 4254 ὡς
3661 4191 3885 4245 ἐκέλευ⁹

2217 4287 2308 4324 σεν
2335 4273 2364 4324 6
2385 4274 2546 4340 σοφὸς
2575 4272 2800 4334 ἐκεῖνος,
2822 4270 2965 4324 οὕτω
2992 4273 3216 4342 ποίησον
3235 4290 3250 4304 ·
3313 4274 3690 4340 Ἀποκρίθητι
3715 4272 3892 4338 αὐτῷ

2213 4351 2480 4418 εἰρηνικὰ
2506 4351 2575 4404 ἐν
2600 4351 2911 4418 πραΰτητι.
2940 4350 3077 4404 Οὐδὲ
3121 4352 3230 4422 γὰρ
3263 4349 3406 4405 ἐκὼν
3444 4350 3682 4404 τοσαῦτα
3722 4352 3890 4404 ἀναι-

2212 4432 2448 4501 σχυντεῖ.
2493 4429 2628 4483 Ούδέ
2653 4429 2699 4462 ³³
2733 4429 2841 4501 γὰρ
2869 4429 3038 4493 ἐστιν,
3082 4430 3182 4484 οὐκ
3217 4432 3385 4495 ἐστιν,
3418 4429 3566 4502 [4041
3593 4429 3890 4498 ἄνθρωπος

2211 4509 2535 4581 βουλόμενος
2575 4508 2760 4572 ἁπλῶς
2789 4508 3245 4579 καταισχύνεσθαι
3274 4509 3321 4542 ³⁸
3339 4528 3351 4541 ·
3385 4510 3488 4564 κᾶν
3539 4511 3712 4581 μυρία
3739 4512 3892 4573 τινὲς

2210 4589 2680 4660 φιλονεικήσωσιν,
2721 4587 2820 4641 ούκ
2860 4588 2926 4642 ἂν
2966 4590 3012 4620 ³⁸
3055 4590 3392 4660 ἀνασχοίμην
3437 4587 3548 4658 ἐγὼ
3589 4587 3890 4657 πεισθῆναί

2211 4687 2364 4731 ποτε,
2396 4670 2477 4722 ὅτι
2506 4669 2790 4740 ἄνθρωπος
2818 4669 2876 4721 ἐν
2907 4669 3140 4740 ἀφθονία
3165 4669 3272 4734 ζῶν
3304 4670 3477 4722 ἕλοιτο
3510 4668 3575 4722 ἂν
3609 4669 3887 4721 ἐπαιτεῖν.

2209 4749 2415 4820 Μηδεὶς
2434 4747 2612 4802 τοίνυν
2639 4751 2670 4819 ἡ
2679 4751 2785 4818 μᾶς
2807 4749 3272 4820 παραλογιζέσθω.
3293 4747 3452 4800 Ἀλλά
3469 4747 3572 4801 κᾶν
3591 4746 3726 4819 λέγῃ
3747 4748 3893 4799 [Ia-3-

2208 4829 2298 4890 λος
2317 4845 2330 4858 ·
2365 4827 2440 4881 Εἴ
2461 4844 2549 4892 τις
2572 4828 2643 4880 οὐ
2672 4827 2831 4881 θέλει
2863 4825 3223 4896 ἐργάζεσθαι,
3247 4827 3408 4896 μηδὲ
3438 4827 3702 4890 ἐσθιέτω,
3744 4827 3890 4898 πρὸς

2211 4908 2454 4970 ἐκείνους
2504 4907 2684 4975 λέγει·
2737 4907 2874 4980 πρὸς
2901 4907 2959 4961 δὲ
2990 4909 3137 4978 ἡμᾶς
3163 4909 3224 4960 οὺ
3255 4908 3412 4961 τοῦτο
3450 4909 3497 4938 ’⁸
3529 4907 3709 4975 λέγει,
3745 4907 3894 4960 ἀλλά

2208 4987 2553 5042 τούναντίον·
2613 4985 2686 5041 Τὸ
2725 4988 2917 5042 καλὸν
2964 4989 3280 5053 ποιοῦντες
3322 4986 3408 5056 μὴ
3459 4987 3772 5042 ἐκκακεῖτε
3818 4989 3890 5042 ³’.

2209 5067 2367 5123 Οὕτω
2400 5069 2494 5121 καὶ
2517 5069 2574 5120 ἐν
2595 5068 2744 5138 οἰκίᾳ
2775 5067 3034 5138 ποιοῦμεν
3073 5070 3234 5138 ἡμεῖς
3263 5082 3276 5096 ·
3312 5069 3437 5121 ὅταν
3470 5067 3563 5120 δύο
3594 5067 3740 5131 τινές
3780 5069 3892 5138 μά-

2209 5165 2411 5218 χωνται
2441 5147 2576 5218 πρὸς
2603 5147 2886 5218 ἀλλήλους,
2923 5151 3042 5201 κατ’
3067 5148 3201 5202 ίδίαν
3225 5148 3454 5200 ἕκαστον
3483 5147 3738 5211 λαϐόντες
3782 5149 3891 5200 τά-

2209 5227 2398 5282 ναντία
2439 5225 2832 5298 παραινοῦμεν.
2881 5227 3052 5280 Τοῦτο
3113 5227 3206 5280 καὶ
3251 5227 3280 5277 6
3313 5224 3444 5289 Θεὸς
3496 5227 3740 5298 ἐποίησε,
3789 5226 3892 5280 καὶ

2209 5307 2467 5379 Μωῦσῆς.
2525 5306 2669 5378 Πρὸς
2721 5307 2820 5378 μὲν
2865 5306 2976 5377 7&9
3035 5305 3125 5360 τὸν
3174 5305 3308 5359 Θεὸν
3358 5304 3578 5373 ἐλεγεν·
3625 5308 3698 5360 El
3760 5306 3894 5376 μὲν

1554 5447 1576 5478 ⁸
1613 5447 1900 5522 ῌΘΙΚΟΝ.
1942 5451 2078 5522 Περὶ
2110 5449 2476 5522 ἐλεημοσύνης
2517 5464 2613 5522 και
2655 5449 2997 5522 συμπαθείας
3023 5453 3140 5522 τῆς
3168 5451 3266 5522 είς
3297 5451 3422 5514 τοὺς
3465 5450 3774 5519 δεομένους.
3816 5454 3886 5508 Α.

1860 5519 2085 5592 ’ἀργός
2113 5524 2179 5582 Α.
2218 5519 2280 5578 C.
2319 5519 2484 5592 ἀργὸς
2533 5520 2608 5575 ὥν
2649 5519 3003 5592 Ὲιοτίιεςᾈρ.
3048 5520 3169 5592 558.
3201 5520 3393 5592 (Tom:
3423 5538 3519 5576 xu.
3565 5537 3617 5592 p_.

1961 5537 2085 5590 ργος

1961 5591 2073 5694 ΙὲςΔ
2091 5593 2111 5646 ὁ

2218 5537 2280 5578 υ.
2319 5537 2484 5592 αργος
2533 5537 2608 5575 ων
2649 5537 2902 5592 rlorneg.
2952 5539 3003 5592 p.
3048 5537 3169 5576 οῦδ.
3201 5537 3380 5590 μοιη.
3423 5538 3519 5576 xu.
3650 5537 3752 5576 auo
3790 5537 3886 5588 Α.)

2319 5591 2416 5694 ἔπαλ
2452 5591 2765 5694 smine;
2788 5593 2882 5694 τί
2906 5591 3032 5694 Ξ
3053 5589 3886 5694 *nam;311.22.3529;

1189 5661 1302 5729 7&9
1323 5655 1435 5729 om.
1619 5657 1663 5688 ⁸³
1692 5655 1780 5729 σύ]
1810 5661 1904 5713 καὶ
1927 5655 2007 5714 ’σύ
2037 5655 2103 5717 Α.
2137 5663 2198 5717 C.
2227 5663 2289 5718 Ι),
2319 5661 2382 5716 ιε’.

446 5731 700 5800 legumur
727 5728 948 5800 ilLEdd.
979 5797 992 5800 _
1027 5727 1070 5760 "
1097 5727 1197 5800 μή]
1225 5726 1319 5780 καὶ
1350 5728 1431 5800 μή
1465 5726 1597 5800 ΕιΙιΙλ.
1686 5728 1734 5800 7“
1765 5726 2096 5786 ἀπαιτοῦντα
2118 5732 2254 5787 Edd.

450 5797 578 5875 ad_d_.
619 5797 906 5875 7&9_Eqd.
943 5797 1108 5875 plena
1142 5797 1443 5875 ηοω-γίνῃ
1459 5797 1816 5875 ᾀῇειίηοιίοιιο
1835 5800 2055 5875 __l'a<_:t_a.“
2109 5811 2111 5832 ³

2215 5801 2334 5875 λλ’]-
2357 5797 2493 5875 ἀλλά
2530 5802 2623 5858 καί
2657 5803 2722 5857 Α.

3650 5522 3752 5576 595
3790 5523 3890 5588 Α.)

2350 5661 2382 5716 ⁸.
2481 5660 2526 5694 ⁸⁸
2556 5664 2648 5716 καί
2678 5660 2787 5717 Om.
2812 5661 2876 5716 E.
2906 5661 3051 5717 Flor.
3081 5660 3256 5716 verba
3289 5662 3381 5714 καὶ
3409 5660 3544 5732 πρὸς
3573 5660 3742 5730 αὐτὴν
3770 5677 3884 5714 non

2350 5733 2392 5764 ιτ
2423 5733 2486 5764 ..3
2622 5732 2854 5764 Aul...qu
2883 5734 2917 5764 «τι
3057 5732 3266 5764 Aul-wn
3310 5732 3339 5764 Δ
3400 5730 3438 5764 [ὶ
3497 5733 3533 5764 Ιο¹
3658 5733 3700 5762 18
3731 5730 3884 5764 Λοζόῒὲἶ

2423 5733 2510 5802 τῇ.
2537 5769 2556 5787 .
2581 5771 2596 5787 .
2621 5732 2855 5805 ἀνάγκῃΙ
2883 5734 2938 5804 ἡ.
2965 5772 2980 5786 .
3009 5771 3024 5786 .
3056 5732 3268 5800 ἀνάγκη
3302 5732 3366 5783 Α.
3398 5730 3461 5785 Ι).
3495 5733 3554 5785 Ι·’.
3658 5733 3700 5762 ¹⁸
3731 5730 3886 5803 οὐδέ]

2423 5803 2493 5857 .λά
2530 5802 2623 5858 καί
2657 5803 2722 5857 Α.
2823 5807 2869 5838 ’⁸
2909 5805 3237 5872 πράττοντες
3252 5817 3367 5872 ίυιῐι.
3413 5803 3474 5856 D.
3501 5801 3563 5856 F.
3637 5803 3680 5834 ⁸¹
3709 5818 3888 5871 προσ-

2910 5871 3332 5945 ³δίαίσχύνεσθαι
3370 5873 3506 5928 Edd.
3601 5872 3644 5905 "
3677 5873 3739 5928 ἄν
3760 5888 3883 5925 011l-
