4074 6358
331 321 432 381 4119

319 439 496 510 jauuis
527 438 723 492 domus
742 434 989 490 omnibus
1015 433 1213 504 apertis
1245 448 1348 487 non
1378 432 1676 502 receperit?
1706 431 1769 484 Et
1793 428 1912 498 quis

325 533 410 586 ille.
445 533 607 586 talis?
643 530 867 600 inquies.
899 527 1021 582 Ideo
1045 527 1272 595 adjecit,
1303 525 1368 578 In
1392 525 1590 578 nomine
1616 525 1873 594 propheta!
1893 564 1907 584 ,

328 625 406 678 vel
438 624 699 694 discipuli,
733 624 814 677 vel
843 617 996 692 justi,
1026 629 1084 675 ut
1111 620 1284 674 discas
1315 620 1486 689 ipsum
1521 632 1624 672 non
1652 633 1721 671 ex
1743 616 1915 686 digni-

326 727 432 769 tate
463 716 799 779 accedentis,
833 715 925 770 sed
955 730 1020 769 ex
1047 713 1319 768 voluntate
1347 708 1686 780 suscipientis
1727 709 1911 777 hospi-

324 810 420 872 tio,
447 807 750 862 tiu-.rcedent
779 817 1031 862 statuere.
1064 804 1194 859 Nam
1220 805 1305 858 hic
1329 803 1396 858 de
1425 800 1719 872 prophetis,
1749 800 1815 854 de
1841 799 1912 852 di-

320 901 543 968 scipulis
580 909 632 955 et
665 900 733 954 de
767 899 924 969 justis
950 898 1090 967 agit;
1121 897 1246 952 alibi
1273 910 1400 950 vero
1429 895 1589 948 etiam
1620 891 1906 946 admodum

321 993 562 1060 abiectos
603 993 876 1059 suscipere
912 989 1092 1060 jubet,
1125 1002 1325 1056 eosque
1359 985 1448 1055 qui
1481 999 1586 1038 non
1617 983 1910 1051 suscipiunt

321 1084 542 1154 castigat
567 1099 582 1136 :
616 1097 736 1136 nam
768 1080 830 1134 In
853 1089 1094 1151 quantum
1121 1095 1219 1132 non
1245 1077 1432 1146 fecistis
1458 1077 1546 1128 uni
1571 1072 1738 1129 eat-Itis
1762 1073 1910 1126 mini-

317 1177 438 1240 mis,
467 1190 624 1242 neque
648 1173 772 1226 mihi
798 1173 984 1240 fecistis
1007 1170 1216 1242 (Matth.
1245 1168 1335 1223 9.5.
1361 1168 1451 1236 45)
1475 1184 1490 1232 ;
1518 1174 1572 1221 et
1591 1181 1622 1220 e
1641 1165 1908 1220 contrario

319 1280 554 1319 rursum.
589 1263 810 1319 Etiamsi
840 1266 980 1317 enim
1009 1263 1098 1316 ille
1127 1259 1258 1315 nihil
1286 1258 1712 1331 grande-fecerit,
1747 1257 1908 1312 homo

317 1369 498 1413 tamen
530 1367 614 1414 est
641 1367 695 1412 et
725 1356 978 1412 mundum
1003 1354 1247 1410 eumdem
1276 1353 1496 1417 habitat,
1523 1352 1770 1408 eumdem
1817 1366 1904 1405 so-

317 1449 422 1504 lem
451 1448 954 1519 reSpicil,.eamdem
985 1447 1139 1501 habet
1170 1445 1423 1508 animam,
1449 1442 1695 1498 eumdem
1725 1443 1906 1496 Domi-

317 1560 466 1607 num,
499 1542 808 1596 eorumdem
851 1552 1021 1595 tecum
1050 1539 1428 1609 mysteriorum
1461 1551 1681 1590 consors
1706 1534 1923 1600 est,ad-

315 1636 459 1691 idem
490 1635 676 1689 ca‘lum
707 1644 952 1697 vocatur,
990 1635 1078 1700 jus
1114 1630 1314 1701 grande
1355 1628 1553 1682 habens
1575 1670 1588 1693 ,
1621 1640 1902 1696 pauperta-

315 1740 422 1782 tem
448 1771 464 1796 ,
495 1738 549 1783 et
575 1727 715 1798 quod
749 1725 1054 1781 necessario
1081 1725 1200 1778 cibo
1226 1731 1399 1793 egeat.
1429 1721 1578 1776 Nunc
1604 1730 1780 1774 autem
1811 1719 1899 1789 qui

315 1829 368 1874 te
392 1835 513 1873 cum
544 1818 685 1873 tibiis
714 1827 770 1871 et
809 1816 997 1870 fistulis
1030 1813 1236 1887 hyemis
1276 1813 1783 1882 ten'ipore-excitant
1805 1851 1819 1875 ,
1848 1818 1902 1864 et

312 1912 512 1965 frustra
548 1920 854 1978 temereque
894 1909 984 1963 tibi
1027 1906 1322 1961 InoleSIiam
1351 1913 1571 1966 creant,
1605 1903 1783 1957 multis
1822 1913 1900 1955 ta-

311 2019 435 2056 men
462 2017 493 2056 a
523 2012 573 2056 te
599 2002 771 2056 ornati
799 2001 1108 2056 muneribus
1146 1997 1435 2062 recedunt;
1464 2005 1518 2052 et
1543 1996 1628 2066 qui
1661 1994 1899 2049 hirundi-

312 2108 408 2146 nes
434 2091 1099 2161 circumferunt,_luligine
1127 2089 1339 2144 obducti
1363 2129 1379 2156 ,
1407 2088 1497 2159 qui
1523 2094 1812 2142 scommata
1844 2095 1898 2141 et

310 2185 594 2240 maledicta
632 2187 684 2239 in
725 2198 912 2239 omnes
952 2182 1275 2252 conjiciunt,
1321 2188 1641 2252 portentosa:
1671 2194 1898 2235 consue-

309 2278 507 2333 tudinis
545 2277 848 2333 mercedem
891 2276 1174 2345 accipiunt.
1223 2273 1278 2329 Si
1323 2289 1449 2329 vero
1491 2288 1694 2344 pauper
1733 2287 1895 2342 egens

311 2385 444 2440 pane
471 2370 710 2436 accedat,
742 2369 886 2424 mille
915 2368 1062 2422 illum
1093 2366 1411 2432 maledictis,
1443 2365 1763 2437 opprobriis,
1792 2367 1896 2419 eri-

308 2463 541 2517 Ininibus
579 2476 806 2528 oneras,
842 2461 1163 2515 otiositatem
1207 2459 1534 2530 exprobras,
1567 2473 1665 2513 nec
1693 2458 1894 2527 cogitas

305 2563 358 2608 te
385 2567 599 2623 quoque
627 2553 858 2607 otiosum
884 2568 1025 2618 esse,
1057 2560 1112 2608 et
1147 2561 1321 2608 tamen
1352 2552 1516 2606 Deum
1549 2553 1640 2606 tibi
1671 2567 1889 2606 munera

303 2654 361 2700 et
397 2645 536 2700 dona
580 2645 840 2717 praebere.
881 2644 958 2699 Ne
995 2644 1126 2699 mihi
1163 2645 1306 2701 enim
1345 2645 1576 2710 dixeris,
1612 2654 1664 2700 te
1692 2645 1890 2714 aliquid

302 2737 550 2806 cperari;
583 2737 674 2792 sed
706 2737 834 2791 mihi
859 2736 1186 2803 demonstra,
1220 2744 1271 2790 te
1303 2735 1498 2808 aliquid
1530 2738 1892 2791 necessarium

304 2829 480 2884 facere
509 2840 562 2884 et
589 2836 838 2884 tractare.
872 2827 965 2883 Sin
1008 2827 1134 2882 mihi
1166 2828 1368 2884 dixeris
1397 2838 1449 2884 te
1478 2832 1688 2898 negotia
1727 2845 1888 2898 pecu-

303 2921 469 2975 uiaria
496 2929 551 2976 et
578 2921 952 2990 cauponariam
980 2935 1253 2984 exercere,
1282 2934 1487 2973 necnon
1528 2920 1761 2974 studium
1793 2935 1888 2974 cu-

302 3014 484 3068 randae
507 3023 559 3067 et
586 3013 838 3083 augendae
865 3014 940 3068 rei
969 3011 1629 3083 familiaris,.respoudebo
1657 3013 1748 3068 tibi
1777 3013 1889 3069 haec

302 3121 408 3160 non
438 3119 557 3160 esse
587 3120 746 3174 Opera
765 3145 778 3169 ,
808 3103 901 3159 sed
929 3119 1054 3159 vere
1088 3120 1248 3174 opera
1287 3119 1408 3160 esse
1452 3105 1848 3177 eleemosynam
1871 3146 1885 3170 ,

300 3199 596 3253 orationem
619 3240 635 3264 ,
669 3198 916 3251 laesorum
947 3196 1298 3266 patrocinium
1326 3204 1378 3251 et
1408 3195 1596 3250 similia
1619 3238 1632 3262 ,
1663 3197 1713 3250 in
1742 3211 1890 3265 quo—

301 3306 417 3346 rum
458 3291 658 3345 incuria
689 3291 848 3344 vitam
892 3298 1150 3359 perpetuo
1184 3289 1413 3360 agimus.
1447 3289 1697 3344 Attamen
1731 3306 1887 3344 num-

299 3398 458 3452 quam
483 3381 614 3435 dixit
643 3379 794 3435 nobis
822 3381 978 3446 Deus,
1004 3380 1135 3448 Quia
1164 3382 1214 3434 in
1238 3379 1346 3434 otio
1372 3379 1541 3449 degis,
1571 3395 1675 3435 non
1699 3395 1888 3433 accen-

298 3475 420 3528 dam
450 3473 540 3527 tibi
569 3473 767 3538 solem;
800 3473 922 3542 quia
953 3487 1021 3526 ex
1057 3469 1372 3526 necessariis
1399 3470 1528 3525 nihil
1555 3471 1881 3540 exsequeris,

299 3569 478 3622 lunam
524 3567 615 3621 tibi
661 3566 1028 3635 exstinguam,
1058 3575 1212 3619 terra:
1251 3572 1457 3618 uterum
1497 3563 1730 3618 sterilem
1760 3564 1887 3619 red.

297 3660 441 3726 dam,
473 3659 715 3713 retinebo
743 3669 947 3728 stagna,
977 3657 1171 3723 fontes,
1199 3657 1436 3722 tlutuiua,
1459 3657 1656 3720 delebo
1681 3673 1881 3722 aerem,

299 3753 504 3822 pluvias
549 3766 751 3804 annuas
797 3750 1048 3805 detinebo
1091 3766 1104 3801 :
1147 3765 1330 3802 verum
1375 3747 1552 3802 omnia
1597 3748 1685 3803 ille
1735 3749 1886 3803 nobis

297 3843 632 3898 abundanter
668 3841 988 3912 suppeditat.
1022 3840 1350 3909 Quibusdam
1389 3854 1519 3895 vero
1561 3856 1666 3894 non
1714 3841 1883 3896 solum

296 3936 349 3990 in
377 3935 490 3988 otio
513 3933 851 4004 degentibus,
879 3932 973 3987 sed
1009 3932 1166 3986 etiam
1208 3931 1346 3987 male
1375 3932 1739 4001 operantibus,
1772 3931 1885 3987 luec

295 4028 494 4082 all‘atim
527 4027 770 4098 largitur.
806 4025 939 4081 Cum
985 4027 1144 4096 igitur
1187 4041 1472 4096 pauperem
1503 4026 1697 4082 videris
1732 4027 1884 4082 dixe-

297 4121 514 4190 risque,
549 4119 851 4183 Prtefocor,
887 4133 1008 4172 cum
1049 4117 1206 4172 video
1245 4118 1385 4172 hunc
1418 4117 1668 4187 juvenem
1694 4157 1709 4184 ,
1750 4117 1885 4172 bene

294 4211 593 4276 valentem,
626 4210 756 4264 nihil
798 4208 1116 4276 habentem,
1145 4209 1281 4264 velle
1310 4209 1481 4265 otioso
1505 4209 1606 4264 sibi
1632 4210 1883 4265 alimenta

293 4302 656 4374 suppeditari;
683 4301 818 4356 forte
837 4316 1024 4356 servus
1047 4301 1294 4371 fugitivus
1313 4301 1499 4371 estqui
1519 4301 1704 4356 herum
1730 4316 1883 4356 suum

294 4394 512 4464 reliquit
541 4412 553 4447 :
584 4393 699 4448 tunc
727 4393 840 4463 ipsa
868 4392 960 4446 tibi
982 4392 1143 4446 dicito
1168 4433 1182 4459 ,
1209 4392 1316 4446 imo
1343 4391 1408 4446 da
1437 4391 1510 4447 illi
1538 4391 1650 4446 hzec
1676 4391 1770 4447 tibi
1799 4393 1884 4447 di-

293 4488 448 4542 cendi
478 4487 797 4551 libertatem,
815 4485 1116 4556 justiusque
1139 4484 1278 4540 dicet
1300 4485 1390 4540 tibi
1418 4485 1733 4550 :Prazfocor,
1762 4500 1883 4540 cum

293 4583 452 4638 video
473 4593 544 4648 te,
567 4595 729 4637 sanus
752 4596 873 4636 cum
898 4581 993 4646 sis,
1017 4579 1070 4633 in
1097 4579 1204 4634 otio
1229 4578 1444 4649 degere,
1472 4593 1571 4632 nec
1599 4578 1884 4649 quidquam

293 4692 480 4731 eorum
511 4691 630 4745 qua:
659 4673 752 4730 tibi
784 4673 924 4728 Deus
954 4672 1205 4743 praecepit
1231 4671 1470 4741 exsequi,
1499 4671 1593 4725 sed
1619 4687 1648 4725 a
1677 4671 1884 4726 Domini

296 4767 579 4839 grateeptis
615 4766 891 4835 fugitivum
929 4764 1211 4818 circumire
1248 4763 1300 4817 in
1342 4762 1606 4834 nequitia,
1638 4764 1786 4833 quasi
1829 4764 1882 4818 in

294 4861 468 4914 aliena
499 4867 638 4912 terra
665 4859 826 4911 vitam
857 4864 1123 4925 agentem.
1150 4854 1442 4920 ebriosum,
1475 4855 1708 4925 crapulae
1732 4854 1885 4909 dedi.

295 4960 431 5013 tum,
465 4952 654 5011 furem,
685 4957 972 5018 raptorem,
1004 4949 1205 5002 alienas
1242 4947 1639 5002 subvertentem
1671 4947 1880 5003 domos.

294 5043 376 5099 Tu
415 5058 501 5098 me
528 5042 595 5097 de
619 5041 730 5096 otio
757 5054 1011 5106 accusas,
1053 5054 1153 5110 ego
1190 5048 1241 5094 te
1280 5038 1347 5094 de
1382 5039 1558 5108 pravis
1594 5039 1878 5109 operibus,

295 5135 508 5207 quando
532 5133 1008 5202 insidiaris,.juras,
1034 5131 1294 5197 mentiris,
1313 5130 1475 5200 rapis,
1499 5131 1902 5203 innumeraque.

295 5228 664 5300 hujuscemodi
699 5228 959 5298 Operaris.

367 5326 421 5377 4.
463 5322 799 5388 Eleemosyna
831 5317 1111 5390 eroganda.
1151 5315 1310 5373 Vana:
1335 5317 1652 5372 causationes
1699 5317 1881 5372 redar-

295 5413 746 5489 guunt-ur.—lla:c
768 5429 947 5469 autem
967 5412 1089 5468 dico
1105 5427 1213 5466 non
1231 5411 1375 5482 quod
1391 5411 1592 5466 otiosos
1614 5411 1731 5481 lege
1755 5426 1884 5466 con-

298 5512 507 5566 [inueni
535 5526 547 5563 :
576 5508 747 5574 absit;
779 5521 970 5562 omnes
999 5505 1194 5576 quippe
1224 5505 1436 5575 operari
1463 5505 1652 5574 cupio:
1681 5504 1885 5559 desidia

297 5603 446 5660 enim
487 5617 648 5657 omne
688 5599 872 5654 vitium
902 5599 1090 5654 edocet
1109 5597 1253 5663 ;.sed
1283 5611 1414 5667 rogo
1444 5612 1510 5651 ne
1541 5596 1660 5650 duri
1689 5595 1773 5650 vel
1806 5596 1886 5650 iu-

298 5696 515 5751 humani
553 5694 689 5750 sitis.
721 5691 1158 5762 Quandoquidem
1207 5690 1400 5745 Paulus
1444 5689 1609 5743 multa
1654 5702 1887 5758 conque-

295 5799 450 5853 stus,
485 5802 606 5842 cum
664 5787 927 5855 dixisset,
975 5783 1035 5840 Si
1072 5783 1183 5855 quis
1223 5800 1324 5838 non
1368 5782 1467 5837 vult
1512 5781 1749 5852 operari,
1791 5797 1880 5836 nec

1253 314 1318 371 IN
1357 313 1764 370 MATT'IIA‘IUM
1803 312 2032 368 llOMll..
2079 313 2295 370 XXXV.
2338 317 2408 372 al.
2451 315 2694 374 XXXVI.

3510 325 3614 380 M3

2027 429 2295 484 manducet
2344 429 2419 502 (2.
2471 430 2651 487 Thess.
2692 432 2746 487 δι
2789 431 3043 502 10);ιιοη
3086 433 3172 488 hic
3215 432 3372 488 finem
3401 434 3607 490 dicendi

2023 523 2182 589 fecit,
2231 523 2325 578 sed
2370 523 2603 592 adjecit:
2647 523 2745 578 Vos
2787 533 2956 578 autem
2993 542 3094 579 non
3135 527 3381 594 deﬁciatis
3425 527 3606 580 bonum

2023 615 2272 683 facientes!
2294 613 2456 684 (Ibid.
2485 632 2534 669 υ.
2573 615 2685 686 15).
2736 616 2894 687 Atqui
2928 616 3043 671 haec
3069 619 3336 672 contraria
3365 629 3508 673 sunt.
3547 618 3606 672 Si

2021 705 2161 759 enim
2193 707 2492 775 pra3cepisti
2519 722 2584 761 ne
2611 707 2895 762 comedant
2917 708 3096 772 otiosi,
3127 723 3220 762 cur
3249 723 3346 764 nos
3376 709 3441 764 ad
3468 710 3602 764 dan-

2019 799 2145 852 dum
2189 797 2460 854 hortaris?
2499 799 2710 868 Etiam,
2742 801 2946 872 inquit,
2989 801 3125 870 jussi
3171 803 3290 858 illos
3330 805 3601 866 aversari,

2019 907 2118 946 nec
2145 906 2204 947 se
2231 892 2456 948 miscere
2495 909 2617 947 cum
2661 893 2790 959 illis,
2837 910 3156 965 rursumque
3186 897 3330 960 dixi,
3364 895 3444 950 Ne
3488 897 3604 950 illos

2016 985 2244 1038 inimicos
2265 986 2450 1055 putetis
2468 1027 2482 1052 ,
2510 985 2598 1039 sed
2622 986 2883 1040 admonete
2913 985 3070 1055 (Ibid.
3095 1004 3143 1041 v.
3169 989 3256 1056 15)
3291 1006 3302 1040 :
3342 1005 3446 1041 non
3474 1004 3602 1041 con-

2017 1076 2177 1131 traria
2206 1075 2555 1146 praecipiens,
2581 1075 2676 1130 sed
2703 1075 2990 1131 admodum
3019 1092 3274 1132 consona.
3306 1078 3438 1132 Nam
3471 1079 3512 1132 si
3544 1086 3602 1131 tu

2016 1169 2082 1223 ad
2126 1169 2522 1240 eleemosynam
2569 1172 2893 1240 erogandam
2935 1172 3009 1226 sis
3037 1182 3292 1241 paratus,
3328 1173 3434 1226 cito
3465 1187 3596 1240 pau-

2014 1278 2109 1333 per
2139 1263 2227 1317 ille
2251 1263 2318 1317 ab
2344 1265 2454 1318 otio
2480 1265 2746 1329 discedet,
2781 1273 2835 1319 et
2872 1274 2925 1318 tu
2962 1265 3030 1319 ab
3072 1265 3478 1318 inhumanitate.
3527 1267 3598 1317 At

2011 1355 2286 1420 mentitur,
2311 1355 2538 1424 inquies,
2565 1365 2621 1410 et
2644 1356 2807 1409 multa
2830 1355 3103 1425 confingit.
3124 1355 3228 1411 Sed
3257 1356 3378 1410 hinc
3398 1355 3590 1424 dignus

2011 1445 2531 1512 misericordia-eat,
2581 1446 2720 1516 quod
2747 1445 2812 1500 ad
2846 1454 3044 1500 tantam
3075 1446 3323 1500 redactus
3363 1447 3430 1500 sit
3470 1462 3594 1515 ege-

2009 1545 2231 1602 statem,
2262 1546 2318 1592 ut
2347 1537 2684 1606 impudenter
2722 1551 2879 1608 agere
2922 1545 3162 1606 cogatur.
3195 1537 3304 1591 Nos
3329 1553 3456 1590 vero
3485 1553 3592 1591 non

2009 1628 2170 1684 modo
2200 1645 2306 1683 non
2339 1630 2704 1684 misericordia
2736 1644 3033 1694 movemur,
3077 1629 3174 1684 sed
3209 1638 3263 1684 ct
3303 1631 3593 1684 inhumana

2009 1723 2093 1775 illa
2119 1721 2280 1777 verba
2307 1723 2648 1793 proferimus,
2677 1723 2917 1779 dicentes
2942 1741 2956 1777 :
2988 1725 3182 1778 Annon
3229 1723 3394 1779 semel
3425 1735 3479 1779 et
3508 1725 3592 1780 bis

2005 1814 2298 1884 accepisti?
2339 1814 2475 1883 Quid
2502 1815 2693 1886 igitur?
2735 1830 2911 1871 annon
2952 1825 3074 1887 eget
3115 1817 3236 1872 cibo
3281 1817 3471 1872 iterum
3499 1821 3590 1888 qui

2005 1907 2170 1961 semel
2219 1907 2394 1962 cibum
2439 1908 2684 1978 accepit?
2731 1908 2842 1963 Cur
2885 1924 2990 1963 non
3033 1911 3204 1964 ventri
3253 1925 3464 1979 quoque
3494 1919 3587 1964 tuo

2006 1999 2165 2054 hasce
2191 2001 2344 2070 ponis
2369 2001 2512 2070 leges
2534 2043 2549 2068 ,
2584 2017 2681 2055 nec
2711 2001 2881 2056 dicis:
2908 2001 3164 2072 chletus
3197 2002 3336 2058 fuisti
3377 2004 3489 2058 heri
3533 2012 3590 2058 et

2004 2094 2198 2150 nudius
2222 2095 2429 2159 tertius,
2463 2112 2531 2150 ne
2555 2112 2762 2166 qua‘ras
2792 2097 3055 2166 amplius?
3097 2096 3208 2150 Iino
3244 2098 3390 2153 illum
3421 2113 3586 2167 supra

2001 2201 2304 2241 mensuram
2355 2186 2612 2255 replenda
2660 2187 2950 2256 dirumpis,
3003 2187 3145 2242 hunc
3199 2205 3326 2242 vero
3375 2190 3582 2244 modica

2003 2287 2268 2348 petentem
2307 2281 2591 2345 aversaris,
2631 2295 2750 2334 cum
2785 2296 2878 2348 par
2907 2290 3050 2335 esset
3077 2282 3192 2348 ejus
3223 2281 3305 2335 vel
3336 2281 3437 2335 hoc
3468 2283 3585 2349 ipso

1998 2373 2274 2438 misereri,
2325 2371 2464 2441 quod
2491 2372 2725 2441 quotidie
2766 2381 2818 2426 te
2866 2381 3086 2441 cogatur
3138 2373 3307 2426 adire.
3363 2374 3582 2428 Etiamsi

1999 2481 2104 2519 non
2142 2464 2356 2518 aliunde
2389 2464 2649 2527 nectaris,
2687 2462 2808 2517 ideo
2840 2463 2982 2517 illius
3010 2472 3060 2516 te
3093 2464 3331 2517 misereri
3362 2475 3581 2531 Oporte-

1997 2567 2098 2613 ret.
2141 2556 2476 2626 Paupertatis
2519 2557 2660 2610 enim
2707 2555 3002 2609 necessitas
3042 2554 3093 2607 vi
3135 2553 3198 2607 ad
3229 2554 3344 2608 hrec
3373 2556 3577 2623 agenda

1996 2647 2240 2717 impellit.
2287 2646 2484 2717 Neque
2517 2646 2788 2701 miseraris
2835 2645 3008 2714 ipsum
3054 2645 3174 2715 quia
3207 2645 3328 2699 talia
3357 2646 3579 2700 audiens

1995 2754 2102 2792 non
2132 2737 2436 2801 erubescit;
2488 2738 2780 2792 necessitas
2821 2736 2964 2791 enim
3013 2736 3287 2805 prtevalet.
3337 2735 3418 2791 Tu
3450 2753 3580 2790 vero

1994 2842 2099 2881 non
2142 2827 2304 2882 modo
2337 2842 2452 2880 non
2479 2826 2782 2891 miseraris;
2812 2825 2906 2880 sed
2935 2826 3095 2881 etiam
3124 2826 3356 2881 traducis
3385 2827 3532 2880 illum
3562 2847 3573 2879 :

1995 2920 2211 2987 Deoque
2235 2917 2456 2988 iubente
2483 2917 2620 2972 clam
2652 2933 2875 2987 erogare
2917 2918 3130 2989 (Matth.
3159 2920 3213 2973 6.
3242 2919 3316 2985 4),
3350 2929 3461 2974 stas
3486 2935 3575 2974 ac—

1991 3010 2273 3065 cedentem
2323 3009 2536 3080 probris
2583 3009 2795 3079 publice
2846 3011 3136 3078 impetens,
3177 3027 3298 3066 cum
3329 3013 3590 3067 miserari-

1993 3102 2142 3156 illum
2173 3108 2465 3170 oporteret.
2492 3100 2622 3154 Nam
2653 3102 2694 3155 si
2723 3100 2851 3155 dare
2883 3116 2986 3155 non
3019 3102 3098 3155 vis
3118 3143 3132 3167 ,
3180 3118 3276 3157 cur
3303 3104 3576 3157 calamito-

1991 3211 2105 3250 sam
2148 3205 2204 3250 et
2242 3195 2494 3248 miseram
2538 3195 2769 3249 animam
2815 3209 3035 3249 accusas
3083 3206 3135 3250 et
3169 3196 3391 3250 atteris?
3425 3195 3577 3252 Venit

1991 3291 2143 3361 quasi
2173 3290 2240 3344 ad
2268 3299 2477 3360 portum
2511 3289 2576 3344 ad
2609 3305 2800 3344 manus
2829 3298 2977 3355 tuas;
3011 3305 3106 3344 cur
3134 3289 3326 3345 fluctus
3347 3290 3574 3354 excitas,

1991 3394 2045 3440 et
2066 3384 2369 3455 graviorem
2397 3391 2770 3453 tempestatem
2799 3382 3006 3437 efficis?
3037 3397 3132 3436 cur
3159 3382 3574 3437 illiheralitatem

1990 3476 2247 3531 damnas?
2282 3474 2420 3529 Num
2450 3474 2683 3529 venisset
2721 3474 2765 3529 si
2805 3475 2928 3529 talia
2959 3489 3018 3529 se
3043 3474 3346 3529 auditurum
3378 3490 3571 3544 exspe-

1989 3567 2229 3622 ctasset?
2258 3565 2410 3634 Quod
2440 3565 2485 3620 si
2516 3565 2569 3620 id
2597 3563 2895 3635 praevidens
2923 3566 3180 3630 accessit,
3216 3565 3336 3620 ideo
3364 3581 3462 3634 par
3489 3575 3572 3621 est

1989 3667 2045 3714 et
2077 3659 2227 3713 illum
2267 3657 2544 3724 miserari,
2577 3665 2630 3711 et
2659 3665 2802 3710 tuam
2833 3655 3053 3711 horrere
3094 3657 3533 3711 inlmmanitatem
3557 3699 3571 3723 ,

1989 3752 2238 3822 quoniam
2271 3766 2338 3805 ne
2364 3749 2576 3820 quidem
2601 3791 2615 3812 ,
2647 3764 2767 3802 cum
2799 3759 3076 3818 urgentem
3109 3749 3254 3802 vides
3285 3749 3577 3804 necessita-

1991 3853 2132 3908 tem,
2165 3842 2494 3897 mansuetior
2521 3841 2725 3896 evadis-.
2771 3840 2953 3910 Neque
2993 3841 3134 3896 enim
3176 3841 3421 3896 sufficere
3471 3842 3574 3911 ipsi

1988 3945 2179 4006 putas,
2227 3935 2294 3989 ad
2344 3936 2744 3988 excusationem
2792 3933 3166 4003 impudentiae,
3217 3934 3371 3989 famis
3419 3935 3572 3988 timo-

1989 4045 2101 4085 rem
2124 4069 2139 4094 ,
2173 4028 2266 4083 sed
2295 4027 2681 4097 impudentiam
2717 4028 2895 4098 arguis
2917 4069 2931 4092 ,
2982 4027 3071 4096 qui
3115 4027 3249 4081 forte
3292 4041 3434 4096 saepe
3477 4027 3574 4079 im-

1988 4121 2279 4194 pudentius
2307 4122 2460 4193 egisti
2488 4121 2539 4175 in
2571 4121 2732 4176 rebus
2761 4120 3114 4191 gravioribus.
3148 4119 3277 4173 Nam
3308 4119 3394 4172 hic
3424 4129 3572 4172 certe

1989 4215 2316 4286 impudentia
2345 4214 2555 4269 veniam
2599 4212 2792 4267 affert:
2823 4227 2920 4267 nos
2959 4227 3086 4266 vero
3126 4227 3268 4281 sa‘pe
3312 4207 3574 4279 supplicio

1988 4305 2146 4377 digna
2176 4305 2431 4364 facientes
2462 4302 2799 4375 impudenter
2824 4303 3060 4372 agimus;
3093 4311 3146 4356 et
3173 4317 3314 4366 cum,
3345 4301 3458 4354 hzec
3477 4315 3572 4354 co-

1986 4401 2240 4469 gitantes,
2287 4395 2516 4451 humiles
2555 4409 2675 4449 esse
2714 4402 3026 4463 oporteret,
3078 4392 3129 4446 in
3179 4392 3406 4447 miseros
3450 4391 3574 4446 illos

1987 4490 2343 4560 insurgimus,
2385 4503 2448 4542 ac
2486 4486 2722 4542 remedia
2765 4485 3069 4555 petentibus
3113 4485 3334 4539 vulnera
3379 4483 3572 4552 adjici-

1985 4600 2126 4639 mus.
2149 4583 2282 4639 Nam
2311 4582 2353 4637 si
2385 4581 2512 4637 dare
2543 4595 2647 4634 non
2678 4580 2759 4633 vis
2785 4622 2798 4641 ,
2831 4594 2926 4633 cur
2953 4576 3154 4631 credis?
3189 4578 3233 4630 si
3261 4577 3439 4646 largiri
3466 4593 3573 4632 non

1987 4676 2102 4741 vis,
2141 4689 2238 4729 cur
2280 4673 2479 4744 probro
2521 4669 2729 4725 afli'cis?
2756 4669 2860 4725 Sed
2892 4670 2982 4724 ille
3007 4684 3113 4722 non
3138 4668 3256 4722 vult
3283 4669 3388 4721 alio
3413 4668 3573 4721 modo

1987 4765 2286 4825 discedere.
2315 4765 2405 4820 Sic
2425 4777 2552 4834 ergo
2575 4762 2658 4816 fao
2678 4771 2736 4816 ut
2754 4761 2844 4816 ille
2865 4761 3078 4832 sapiens
3096 4759 3282 4828 jussit:
3304 4759 3572 4828 Responde

1987 4861 2065 4915 illi
2113 4859 2322 4928 pacific’e
2366 4873 2482 4910 cum
2525 4853 2911 4909 mansuetudine
2955 4852 3142 4924 (Eccli.
3176 4863 3229 4906 4.
3264 4851 3340 4923 8).
3389 4851 3574 4919 Neque

1986 4951 2130 5008 enim
2156 4950 2347 5005 lubens
2371 4949 2450 5004 sic
2482 4945 2822 5016 impudenter
2847 4945 2979 5016 agit.
3013 4944 3204 4999 Nullus
3232 4945 3426 5014 quippe
3452 4952 3569 5009 est,

1985 5044 2166 5098 nullus
2191 5051 2273 5098 est
2300 5040 2491 5108 homo,
2533 5039 2629 5109 qui
2652 5040 2769 5093 sine
2800 5053 2958 5092 causa
2985 5037 3113 5093 velit
3138 5038 3363 5106 turpiter
3389 5051 3568 5106 agere.

1989 5135 2210 5190 Etiamsi
2235 5134 2376 5190 enim
2400 5132 2615 5204 quidam
2641 5131 2836 5186 millies
2857 5129 3220 5184 contradicant
3237 5170 3251 5194 ,
3282 5143 3571 5197 numquam

1987 5228 2224 5283 adducar
2247 5234 2304 5281 ut
2333 5225 2548 5280 credam
2581 5223 2852 5277 hominem
2897 5223 2948 5275 in
2990 5221 3143 5289 copia
3182 5236 3359 5274 rerum
3391 5220 3571 5274 viven-

1987 5329 2096 5374 tem
2125 5316 2486 5373 emendicare.
2527 5314 2696 5369 Nemo
2737 5315 2916 5382 itaque
2957 5326 3055 5365 nos
3093 5312 3238 5365 falsis
3277 5310 3574 5366 rationibus

1988 5409 2240 5480 decipiat.
2271 5406 2377 5463 Sed
2403 5406 2613 5462 etiamsi
2640 5405 2782 5458 dicat
2822 5403 3055 5457 Paulus:
3087 5401 3150 5458 Si
3193 5403 3304 5471 quis
3344 5401 3574 5456 laborare

1988 5519 2092 5556 non
2118 5499 2269 5564 velit,
2301 5515 2391 5552 nec
2417 5496 2684 5551 manducet
2709 5493 2785 5566 (2.
2819 5492 2999 5547 Thess.
3027 5492 3082 5547 5.
3114 5491 3240 5563 10);
3273 5491 3398 5547 illos
3427 5502 3574 5547 certe

1990 5592 2186 5649 Paulus
2225 5589 2529 5658 alloquitur,
2558 5602 2667 5642 non
2697 5601 2830 5649 nos;
2862 5585 2970 5638 imo
3001 5593 3185 5639 contra
3213 5601 3227 5637 :
3259 5582 3460 5636 Bonum
3484 5585 3570 5652 fa-

1988 5693 2172 5738 uentes
2207 5698 2309 5736 non
2336 5679 2621 5750 despiciatis
2645 5675 2807 5751 (Ibid.
2843 5693 2892 5730 υ.
2929 5676 3042 5746 15).
3069 5675 3158 5730 Sic
3185 5674 3329 5729 domi
3356 5689 3453 5728 nos
3482 5674 3563 5728 fa-

1992 5777 2201 5834 cimus:
2229 5790 2350 5831 cum
2403 5772 2538 5830 duos
2574 5770 2818 5827 videmus
2860 5769 3162 5840 litigantes,
3199 5765 3422 5824 scorsim
3449 5765 3567 5820 Sin-.-
