4074 6358
475 315 570 368 Nl

470 431 619 498 gulos
648 428 972 500 accipientes
1012 431 1277 485 contraria
1321 430 1685 485 cohortamur.
1716 429 1805 485 Sic
1834 437 1890 485 et
1916 431 2056 485 Deus

473 520 598 575 fecit
623 530 676 576 et
705 521 917 593 Moyses
956 535 1170 590 quoque
1195 538 1209 573 :
1239 535 1361 575 nam
1407 521 1517 575 Deo
1561 520 1809 577 dicebat:
1843 521 2058 594 Siqui-

471 613 586 665 dem
611 612 820 665 dimittis
851 621 1110 681 peccatum
1132 612 1277 681 ipsis,
1299 611 1530 678 dimitte;
1557 613 1648 674 sin
1670 613 1858 678 minus,
1892 622 1941 666 et
1978 629 2058 666 me

471 703 583 757 dele
607 699 802 772 (Exod.
831 701 921 757 52.
950 703 1039 758 51.
1071 702 1201 772 52);
1234 702 1342 757 illis
1369 718 1498 759 vero
1530 705 1782 773 prmcepit
1805 745 1820 766 .
1851 714 1908 758 ut
1935 719 2056 760 sese

479 804 665 849 mutuo
685 794 1030 862 occiderent,
1053 803 1214 866 atque
1235 807 1494 868 cognatos
1522 812 1730 853 omnes.
1776 800 1938 870 Atqui
1967 799 2056 854 illa

471 887 740 941 contraria
783 896 973 952 erant,
1001 896 1057 943 et
1081 897 1258 943 tamen
1298 889 1365 944 ad
1407 890 1654 946 eumdem
1696 892 1853 946 linem
1892 892 2054 946 ambo

474 978 851 1056 respiciebant.
897 979 1127 1035 Rursum
1168 980 1309 1035 Deus
1335 981 1535 1051 Moysi,
1566 979 1764 1037 Judzeis
1787 983 2051 1038 audienti-

473 1069 571 1124 bus
590 1071 831 1126 dicebat:
856 1071 1068 1127 Dimitte
1088 1090 1184 1140 me,
1207 1083 1254 1127 et
1279 1083 1534 1128 conteram
1557 1077 1823 1145 populum.
1845 1076 2051 1131 Etiam-

471 1162 514 1214 si
545 1162 687 1216 enim
729 1177 836 1216 non
875 1161 1164 1230 adessent,
1210 1178 1334 1219 cum
1383 1165 1522 1220 Deus
1565 1164 1679 1221 haec
1725 1167 1960 1233 diceret,
1999 1177 2053 1223 at

474 1253 586 1308 lucc
614 1263 796 1324 postea
834 1256 1064 1310 audituri
1096 1266 1284 1323 erant;
1326 1261 1548 1313 seorsim
1575 1273 1702 1314 vero
1727 1259 1810 1314 his
1834 1268 2049 1315 contra-

473 1344 548 1397 ria
587 1345 820 1400 mandat.
865 1346 932 1400 Et
972 1348 1085 1402 haec
1116 1348 1326 1420 Moyses
1347 1358 1530 1418 postea
1562 1359 1779 1407 coactus
1804 1351 1942 1406 dixit
1969 1352 2052 1408 his

473 1437 649 1492 verbis
679 1455 692 1491 :
725 1438 987 1508 Numquid
1009 1458 1096 1510 ego
1125 1441 1241 1494 illos
1260 1442 1314 1494 in
1343 1452 1483 1496 utero
1512 1444 1754 1514 concepi,
1783 1445 1904 1512 quia
1923 1443 2050 1497 dicis

474 1528 632 1594 mihi,
665 1529 816 1583 Gesta
857 1548 940 1584 eos
979 1533 1111 1585 sicut
1137 1543 1297 1602 gestat
1327 1534 1500 1587 nutria:
1541 1533 1806 1589 lactentem
1845 1536 1899 1590 in
1935 1537 2046 1589 sinu

470 1636 564 1673 suo
593 1619 778 1690 (Num.
820 1621 1066 1691 11.12)?
1113 1623 1236 1680 Iltnc
1284 1625 1334 1676 in
1381 1624 1629 1680 domibus
1675 1641 1887 1696 quoque
1933 1625 2046 1681 ﬁeri

470 1713 665 1768 solent.
710 1712 922 1768 Etenim
965 1729 1106 1783 sepe
1133 1726 1282 1784 pater
1314 1716 1654 1787 pmdagogum
1680 1759 1698 1783 ,
1741 1719 1833 1788 qui
1878 1717 2047 1773 lilium

467 1804 758 1872 corripuit,
788 1819 1031 1859 seorsum
1059 1806 1301 1876 increpat
1323 1807 1406 1863 his
1433 1807 1611 1863 verbis
1629 1851 1646 1876 ,
1675 1808 1752 1864 Ne
1779 1810 1855 1864 sis
1882 1809 2048 1866 durus

466 1903 521 1956 ς
550 1908 734 1962 asper;
770 1911 931 1964 puero
953 1906 1130 1951 autem
1157 1899 1422 1953 contraria
1444 1899 1574 1954 dicit
1598 1917 1612 1954 :
1637 1901 1857 1955 Etiamsi
1885 1911 1936 1957 te
1960 1902 2045 1956 in-

462 1985 605 2053 juste
639 1989 898 2055 corrigat,
933 1988 981 2042 id
1012 1987 1212 2054 tolera;
1242 2004 1307 2043 ex
1337 1991 1624 2046 contrariis
1651 2008 1815 2046 unum
1846 2000 1899 2047 et
1929 1995 2048 2063 qui-

472 2077 594 2131 dem
623 2077 753 2131 utile
786 2093 998 2146 parans.
1054 2079 1130 2134 lta
1182 2093 1392 2151 quoque
1435 2081 1632 2137 Paulus
1673 2083 1813 2150 bene
1862 2087 2046 2140 valen-

463 2167 605 2222 tibus
657 2168 914 2224 mendicis
967 2169 1179 2226 dicebat
1225 2189 1238 2224 :
1289 2173 1351 2226 Si
1411 2173 1524 2242 quis
1575 2190 1677 2228 non
1737 2173 1839 2228 vult
1896 2175 2045 2230 labo-

463 2276 612 2326 rare,
661 2277 752 2314 nec
797 2263 1065 2317 manducet
1115 2264 1193 2333 (ἓ.
1235 2263 1414 2318 Thess.
1440 2265 1649 2338 5.10);
1699 2278 1757 2321 ut
1800 2267 1866 2322 ad
1910 2283 2044 2337 opus

467 2352 590 2407 illos
631 2356 917 2420 excitaret;
965 2355 1028 2410 iis
1075 2371 1204 2410 vero
1249 2358 1337 2426 qui
1385 2359 1775 2430 elcemosynam
1823 2375 2045 2430 erogare

464 2455 721 2513 possent:
787 2445 884 2500 Vos
935 2459 1101 2502 autem
1148 2448 1512 2518 benefacientes
1559 2468 1622 2505 ne
1664 2453 1945 2522 deﬁciatis;
1987 2465 2046 2508 ut

466 2537 587 2592 illos
615 2537 680 2592 ad
707 2538 1104 2610 eleemosynam
1135 2540 1452 2610 impelleret.
1483 2541 1572 2597 Sic
1595 2558 1714 2598 cum
1744 2559 1836 2599 eos
1861 2546 1948 2615 qui
1977 2561 2043 2600 ex

463 2628 748 2697 gentilibus
775 2629 841 2682 ad
873 2628 1030 2684 lidem
1058 2639 1428 2697 accesserant,
1475 2634 1528 2688 in
1569 2633 1805 2703 Epistola
1836 2636 1902 2690 ad
1931 2636 2041 2692 Ro-

467 2735 652 2774 manos
679 2720 831 2792 (Cap.
855 2723 941 2776 ll.
969 2739 1017 2776 υ.
1043 2723 1134 2794 l7)
1156 2723 1491 2792 hortabatur,
1524 2741 1592 2782 ne
1616 2736 1802 2782 contra
1829 2727 2043 2784 Judazos

463 2813 628 2867 altum
656 2824 924 2883 saperent,
958 2815 1245 2871 oleastrum
1291 2817 1344 2871 in
1391 2817 1626 2873 medium
1651 2819 1908 2890 adducit,
1939 2822 2040 2876 alia

465 2903 569 2969 his,
600 2905 699 2957 alia
740 2905 842 2960 liiis
871 2906 1050 2962 dicere
1079 2907 1308 2963 videtur.
1352 2907 1429 2963 Ne
1467 2909 1644 2979 itaque
1673 2912 1724 2967 in
1751 2911 2040 2967 crudelita-

463 3004 574 3049 tem
621 2995 955 3063 incidamus;
984 2997 1080 3053 sed
1127 2998 1406 3054 audiamus
1454 3000 1676 3056 Paulum
1732 3002 2037 3059 dicentem:

459 3083 659 3140 Bonum
683 3089 924 3157 facientes
959 3106 1022 3142 ne
1067 3090 1334 3159 deﬁciatis.
1380 3091 1672 3148 Audiamus
1699 3094 2038 3150 Servatorem

460 3179 768 3237 dicentem:
800 3180 952 3236 Omni
998 3184 1185 3252 petenti
1237 3192 1285 3239 te
1326 3184 1396 3237 da
1437 3185 1652 3255 (Matth.
1683 3187 1736 3242 5.
1774 3187 1871 3257 42)
1898 3205 1914 3252 ;
1943 3195 2038 3256 et,

464 3270 634 3326 Estote
671 3273 1054 3342 misericordes,
1100 3275 1231 3330 sicut
1277 3275 1430 3330 Pater
1458 3287 1616 3331 vester
1656 3276 1805 3350 (Luc.
1833 3277 1886 3333 6.
1919 3279 2034 3349 56).

459 3362 576 3416 Etsi
605 3364 767 3418 multa
795 3363 1025 3429 dixerit,
1056 3380 1319 3435 nusquam
1345 3376 1521 3422 tamen
1559 3367 1664 3423 hoc
1691 3369 1898 3438 posuit,
1934 3369 2036 3425 nisi

457 3469 579 3506 eum
624 3453 692 3509 de
739 3454 1176 3513 misericordibus
1214 3457 1435 3514 diceret.
1484 3458 1626 3514 Nihil
1663 3460 1810 3515 enim
1839 3461 1908 3516 ita
1937 3477 2036 3516 nos

456 3545 688 3613 aequales
721 3546 829 3601 Deo
859 3546 1018 3617 facit,
1045 3556 1105 3602 ut
1133 3547 1177 3602 si
1208 3548 1466 3605 beneﬁcia
1494 3559 1828 3620 praestemus.

525 3635 577 3688 5.
613 3635 873 3705 Pauperes
892 3653 924 3690 a
944 3638 1151 3692 crimine
1173 3639 1501 3708 impudentiae
1520 3639 1857 3697 vindicantur.
1892 3643 2031 3710 Quo-

453 3725 605 3779 modo
628 3726 729 3779 sint
752 3726 1050 3795 excipiendi.
1063 3757 1138 3768 —
1157 3729 1228 3783 At
1245 3727 1378 3783 nihil
1399 3728 1778 3798 impudentius,
1799 3729 2027 3802 inquies,

455 3831 706 3886 paupere.
759 3815 900 3874 Cur?
943 3833 1260 3887 quaesout:
1308 3818 1432 3890 quia
1479 3834 1770 3876 accurrens
1797 3822 2030 3879 clamat?

455 3909 544 3960 Vis
571 3907 847 3962 ostendam
875 3924 976 3964 nos
1004 3910 1108 3965 illis
1137 3909 1305 3966 multo
1329 3926 1450 3967 esse
1479 3912 1940 3982 impudentiores?
1970 3915 2026 3970 lu

449 4011 683 4056 mentem
737 4017 962 4069 revoca,
1009 4003 1219 4074 quoties
1263 4002 1450 4074 jejunii
1503 4013 1788 4075 tempore,
1843 4023 2026 4062 mensa

448 4109 672 4162 vespere
698 4094 941 4163 apposita
960 4135 975 4160 ,
999 4103 1296 4165 vocatoque
1322 4095 1568 4150 ministro
1585 4136 1603 4163 ,
1645 4095 1691 4151 si
1719 4095 1919 4152 tardius
1946 4099 2026 4152 in-

446 4185 692 4248 cederet,
723 4185 901 4240 omnia
929 4186 1199 4253 evertisti,
1241 4185 1479 4241 calcibus
1504 4185 1819 4256 obstrepens
1840 4228 1856 4254 ,
1894 4204 2025 4244 con-

446 4279 579 4333 vicia
607 4289 658 4333 et
685 4279 877 4348 probra
901 4278 1128 4334 ell‘erens
1157 4293 1258 4350 pro
1280 4293 1440 4349 parva
1466 4293 1649 4346 mora;
1681 4282 1780 4336 etsi
1804 4282 1951 4336 noris
1973 4293 2024 4338 te

445 4371 690 4439 quamvis
719 4387 826 4425 non
856 4371 1038 4427 statim
1056 4412 1075 4438 ,
1103 4381 1227 4443 post
1253 4371 1518 4427 tantillum
1545 4380 1724 4428 tamen
1765 4377 2022 4444 temporis

441 4462 584 4532 large
611 4473 970 4519 comesturum
1017 4479 1160 4521 esse.
1203 4464 1364 4532 Atqui
1411 4472 1464 4519 te
1503 4463 1698 4532 ipsum,
1727 4465 1817 4536 qui
1844 4481 1940 4536 pro
1960 4483 2036 4522 re.

440 4553 658 4607 minima
703 4554 934 4621 ferocis,
965 4568 1070 4609 non
1103 4554 1466 4624 impudentem
1497 4571 1656 4611 vocas
1677 4596 1692 4621 ,
1729 4571 2015 4626 pauperem

440 4659 606 4709 vero,
633 4643 724 4714 qui
743 4643 812 4699 de
843 4659 903 4700 re
931 4645 1124 4714 majori
1172 4646 1363 4701 metuit
1409 4655 1464 4701 et
1510 4647 1690 4702 tremit
1716 4646 1845 4719 (non
1870 4648 2014 4704 enim

439 4753 639 4794 moram
663 4779 678 4802 ,
725 4737 820 4794 sed
849 4736 1043 4792 famem
1073 4738 1263 4812 timet),
1294 4753 1453 4795 vocas
1481 4739 1806 4809 petulantem
1834 4749 1888 4796 et
1917 4741 2015 4795 im-

433 4828 756 4899 pudentem,
805 4842 870 4883 ac
909 4829 1214 4900 turpissima
1255 4829 1308 4884 in
1348 4829 1495 4884 illum
1524 4831 1702 4886 omnia
1728 4831 2017 4902 congeris?

430 4924 624 4976 Auno-
653 4920 706 4974 id
730 4929 986 4977 extremaa
1013 4929 1098 4976 est
1122 4921 1507 4991 impudentiae?
1536 4921 1732 4978 Verum
1757 4921 1874 4978 haec
1902 4939 2008 4978 non

428 5012 483 5066 in
512 5021 690 5067 mente
720 5026 1030 5079 versamus,
1061 5011 1290 5082 ideoque
1314 5011 1436 5068 illos
1460 5013 1716 5069 molestos
1740 5013 2006 5070 dicimus:

426 5105 570 5174 quod
597 5105 640 5160 si
662 5120 781 5176 quae
803 5114 985 5159 nostra
1010 5114 1136 5159 sunt
1155 5105 1557 5176 exploraremus
1575 5147 1590 5173 ,
1617 5104 2008 5162 conferremus-

427 5212 530 5266 que
557 5212 677 5251 cum
702 5197 854 5252 lactis
877 5211 1062 5252 eorum
1087 5237 1102 5259 ,
1131 5211 1237 5251 non
1274 5197 1397 5252 illos
1425 5197 1683 5253 molestos
1720 5197 2008 5255 arbitrare-

424 5303 545 5342 mur
569 5302 710 5342 esse.
736 5287 856 5342 Noli
881 5288 1040 5358 igitur
1060 5303 1182 5344 esse
1196 5287 1359 5357 judex
1379 5288 1626 5344 acerbus.
1650 5288 1782 5344 Nam
1805 5290 2000 5344 etiam-

424 5380 468 5432 si
495 5380 742 5435 omuibus
763 5379 999 5448 peccatis
1021 5394 1221 5435 vacuus
1247 5393 1396 5436 esses
1419 5420 1438 5448 ,
1470 5380 1554 5435 lex
1582 5388 1760 5436 tamen
1785 5381 1876 5437 Dei
1899 5397 2005 5438 non

426 5467 520 5521 tibi
557 5469 795 5538 permisit
833 5469 1058 5524 aliorum
1091 5470 1226 5525 facta
1255 5471 1333 5525 sic
1360 5481 1609 5526 accurate
1640 5471 1840 5528 rimari.
1870 5471 2004 5527 Nam

429 5559 474 5612 si
519 5557 824 5614 Pharisceus
867 5560 957 5616 ille
1010 5561 1130 5616 ideo
1175 5561 1328 5631 periit
1351 5559 1500 5629 (Luc.
1553 5560 1663 5632 18),
1694 5554 1853 5632 quam
1903 5577 2003 5622 nos

427 5650 832 5703 excusationem
893 5649 1245 5705 habebimus?
1292 5650 1350 5706 Si
1389 5651 1453 5707 iis
1503 5651 1593 5720 qui
1634 5652 1798 5721 probe
1839 5653 2001 5722 gestis

427 5750 681 5796 ornantur
709 5753 814 5796 non
844 5742 1098 5812 permittit
1141 5741 1367 5804 aliorum
1412 5743 1546 5799 facta
1589 5746 1779 5800 acerbe
1806 5745 1993 5816 explo-

1219 312 1577 372 S.JOANNIS
1615 312 2084 372 CHRYSOSTOMI
2124 312 2438 370 AllClllEP.
2469 315 3002 376 CONSTANTINOP.

3648 319 3758 380 ιη

2169 443 2322 496 rare,
2351 431 2518 483 tnultu
2551 433 2726 486 minus
2753 432 3145 503 peccatoribus.
3173 429 3251 488 Ne
3271 431 3454 504 itaque
3480 430 3759 491 inhumani

2165 520 2366 582 simus,
2397 537 2466 576 ne
2489 523 2879 591 inexorabiles,
2928 538 2996 579 ne
3039 524 3306 592 immites,
3354 541 3422 580 ne
3447 526 3577 582 feris
3607 529 3760 598 pejo-

2165 626 2271 679 res.
2299 609 2491 668 Multos
2518 614 2714 684 quippe
2743 614 2865 668 uuvi
2898 614 2950 668 in
2985 624 3184 668 tantam
3215 617 3545 685 processisse
3573 615 3757 673 ferita-

2168 712 2310 771 tem,
2341 713 2399 759 ut
2427 720 2493 760 ex
2531 704 2733 761 desidia
2778 707 3053 761 famelicos
3083 718 3338 776 spernant
3365 748 3382 772 ,
3433 708 3546 762 haec
3580 711 3759 778 prore-

2166 805 2347 850 rentes
2377 795 2572 863 verba,
2603 796 2719 852 Non
2747 797 2902 851 adest
2922 813 3107 852 servus
3127 839 3141 862 ,
3179 799 3361 868 procul
3409 799 3617 856 aedibus
3657 815 3756 854 su-

2165 903 2283 943 mus
2307 907 2320 943 :
2351 889 2526 946 nullus
2550 891 2804 960 trapezita
2827 889 2957 944 mihi
2979 900 3137 943 notus
3157 900 3256 944 est.
3278 890 3322 946 Ο
3347 890 3752 945 crudelitatem!

2161 979 2321 1050 Quod
2360 981 2532 1050 majus
2571 989 2687 1036 erat
2730 981 2988 1045 cliecisti,
3036 992 3089 1036 et
3131 980 3279 1052 quod
3317 981 3495 1036 minus
3523 992 3608 1036 est
3643 997 3756 1036 non

2162 1071 2406 1142 perﬁcis?
2433 1087 2499 1126 ne
2527 1080 2580 1125 tu
2609 1071 2905 1142 plusculum
2937 1071 3152 1127 incedas
3172 1112 3186 1135 ,
3220 1071 3309 1126 ille
3335 1064 3474 1127 fame
3505 1072 3682 1142 perit?
3709 1071 3757 1128 Ο

2159 1163 2571 1219 contumeliam!
2621 1180 2654 1218 ο
2681 1164 3023 1233 superbiam!
3069 1162 3202 1217 Nam
3250 1163 3296 1219 si
3336 1163 3521 1219 decem
3563 1164 3754 1219 stadiis

2159 1254 2425 1322 eundum,
2474 1271 2539 1309 an
2577 1257 2784 1326 pigrum
2829 1271 2950 1310 esse
2989 1255 3259 1326 oportuit?
3289 1272 3393 1311 non
3422 1257 3624 1327 cogitas
3664 1258 3740 1311 ita

2160 1347 2415 1416 majorem
2445 1347 2538 1402 tibi
2569 1345 2869 1402 mercedem
2911 1346 3125 1416 parari?
3164 1346 3298 1402 Nam
3340 1362 3460 1402 cum
3501 1347 3752 1416 largiris,

2159 1438 2286 1492 doni
2319 1446 2520 1492 tantum
2551 1438 2854 1493 mercedem
2880 1439 3110 1508 accipis;
3143 1447 3196 1492 et
3223 1454 3344 1494 cum
3367 1440 3470 1493 iter
3496 1439 3748 1508 suscipis,

2159 1530 2314 1599 hujus
2341 1545 2556 1600 quoque
2581 1531 2656 1585 rei
2685 1531 2961 1599 praemium
2993 1531 3285 1599 repositum
3314 1539 3417 1586 est.
3457 1529 3590 1584 Nam
3622 1530 3749 1585 ideo

2156 1623 2507 1691 patriarcham
2551 1623 2828 1691 miramur,
2871 1624 2992 1693 quia
3023 1639 3144 1678 cum
3177 1633 3443 1679 trecentos
3467 1623 3652 1680 decem
3679 1631 3735 1678 et

2154 1723 2277 1769 octo
2306 1730 2497 1769 vernas
2525 1713 2778 1781 haberet,
2809 1714 2874 1768 ad
2907 1715 3069 1769 boves
3099 1715 3392 1782 contendit,
3425 1719 3488 1769 ac
3516 1715 3743 1768 vitulum

2153 1805 2386 1874 abripuit
2419 1803 2575 1874 (Gen.
2602 1805 2688 1860 18.
2715 1803 2790 1877 7).
2820 1804 2972 1860 Nunc
3001 1821 3129 1860 vero
3170 1805 3387 1875 quidam
3433 1814 3580 1861 tanto
3617 1817 3746 1860 sunt

2155 1893 2293 1949 l‘astu
2313 1895 2536 1965 repleti,
2567 1904 2623 1948 ut
2651 1910 2758 1949 non
2786 1904 3071 1950 vereantur
3097 1895 3212 1950 haec
3234 1893 3553 1952 famulorum
3577 1911 3744 1965 opera

2155 1985 2349 2041 facere.
2379 1988 2459 2040 Au
2491 2000 2610 2040 mea
2643 1987 2756 2055 ipsa
2787 2002 2951 2056 opera
2977 1985 3030 2040 id
3061 1986 3235 2042 facere
3270 1987 3462 2057 jubes,
3494 1987 3746 2058 inquies,

2152 2094 2328 2133 annon
2357 2078 2580 2134 videbor
2600 2079 2811 2134 inanem
2837 2080 3059 2149 gloriam
3091 2080 3384 2150 aucupari?
3411 2081 3571 2151 Atqui
3598 2097 3745 2137 nunc

2154 2187 2248 2240 per
2276 2170 2420 2228 aliud
2450 2185 2602 2226 vana:
2627 2171 2810 2242 gloriae
2838 2187 3008 2242 genus
3033 2172 3086 2226 id
3115 2171 3245 2227 facis
3266 2213 3282 2240 ,
3328 2173 3449 2243 quia
3491 2183 3542 2228 te
3579 2174 3745 2244 pudet

2151 2278 2272 2320 cum
2303 2277 2535 2332 paupere
2567 2262 2874 2333 loquentem
2903 2263 3093 2318 videri.
3144 2262 3339 2319 Verum
3381 2265 3515 2319 nihil
3546 2266 3647 2320 hac
3673 2266 3745 2321 de

2149 2367 2210 2408 re
2234 2351 2541 2423 diligentius
2567 2353 2910 2423 perquiram;
2941 2352 3006 2408 da
3036 2353 3258 2420 saltem,
3293 2354 3376 2409 vel
3403 2370 3499 2424 per
3524 2364 3612 2422 te,
3653 2356 3742 2411 vel

2151 2459 2248 2514 per
2265 2445 2428 2500 alium
2448 2486 2463 2510 ,
2493 2460 2561 2499 ne
2587 2459 2808 2501 accuses
2837 2461 3126 2516 pauperem
3145 2487 3161 2513 ,
3188 2463 3257 2502 ne
3285 2447 3493 2516 caedas,
3522 2464 3590 2503 ne
3609 2463 3742 2504 con-

2149 2534 2396 2602 vicieris;
2422 2535 2675 2591 remediis
2701 2535 2868 2602 enim,
2899 2553 3003 2590 non
3030 2537 3376 2604 vulneribus,
3418 2553 3551 2608 opus
3576 2539 3742 2595 habet

2149 2625 2196 2681 is
2228 2626 2318 2696 qui
2349 2625 2594 2692 accedit;
2635 2627 3040 2696 misericordia,
3085 2644 3193 2683 non
3239 2628 3439 2700 gladio.
3482 2631 3540 2686 Si
3578 2633 3735 2701 quis,

2147 2731 2350 2786 quaeso,
2379 2716 2549 2786 lapide
2571 2731 2856 2787 percussus
2879 2727 2933 2773 et
2952 2717 3004 2772 in
3029 2718 3204 2788 capite
3227 2719 3560 2788 vulneratus,
3582 2731 3740 2777 cane-

2152 2809 2228 2864 ris
2252 2810 2457 2865 relictis
2486 2809 2553 2865 ad
2580 2819 2633 2865 te
2659 2821 2964 2867 accurreret
3001 2813 3258 2884 sanguine
3287 2815 3532 2882 perfusus
3552 2857 3567 2882 ,
3599 2830 3743 2878 num

2145 2900 2317 2956 altero
2343 2900 2492 2955 illum
2523 2900 2699 2972 lapide
2720 2903 2983 2972 impetens
3011 2903 3156 2959 aliud
3187 2905 3301 2976 ipse
3325 2905 3586 2976 adjiceres
3613 2909 3737 2963 vul-

2146 2992 2286 3046 nus?
2324 2991 2437 3046 Non
2479 2993 2640 3049 credo
2682 2993 2900 3064 utique,
2945 2993 3040 3050 sed
3070 3003 3303 3052 tentares
3331 2997 3407 3052 illi
3433 2998 3737 3056 remedium

2144 3083 2359 3140 all'erre.
2403 3083 2512 3140 Cur
2550 3099 2680 3156 ergo
2715 3085 2859 3140 circa
2901 3100 3164 3156 pauperes
3189 3087 3515 3143 contrarium
3558 3087 3738 3145 facis?

2143 3177 2224 3230 An
2253 3176 2429 3232 nescis
2453 3186 2712 3247 quantum
2743 3178 2912 3247 possit
2938 3178 3111 3234 oratio
3151 3179 3234 3234 vel
3273 3179 3452 3236 levare
3477 3181 3562 3238 vel
3591 3180 3736 3252 deji-

2143 3267 2300 3324 cere?
2346 3267 2534 3322 Melior
2560 3269 2703 3323 enim
2735 3278 2840 3337 est,
2893 3270 3101 3341 inquit,
3145 3287 3312 3326 sermo
3349 3289 3500 3344 quam
3539 3274 3735 3329 donum

2145 3359 2335 3430 (Eccli.
2367 3359 2454 3415 l8.
2486 3360 2600 3430 16).
2629 3358 2746 3415 Non
2787 3369 2962 3416 tecum
2997 3371 3247 3432 reputas,
3277 3371 3330 3418 te
3359 3363 3452 3420 tibi
3489 3364 3592 3434 ipsi
3619 3367 3736 3436 glao

2139 3451 2286 3506 dium
2310 3452 2620 3521 admovere,
2649 3463 2808 3522 teque
2834 3453 3028 3508 vulnus
3055 3453 3426 3512 vehementius
3445 3457 3694 3529 accipere
3711 3500 3729 3526 ,

2137 3555 2260 3597 cum
2286 3541 2375 3598 ille
2402 3542 2647 3598 convicio
2675 3542 2898 3598 allectus
2926 3545 3244 3611 recesserit,
3273 3545 3401 3600 dum
3437 3547 3606 3604 silens
3639 3548 3729 3604 in-

2137 3631 2333 3700 gemit,
2383 3639 2438 3687 et
2478 3633 2704 3687 multum
2749 3632 3116 3706 lacrymatur?
3157 3633 3294 3690 Nam
3332 3650 3363 3690 a
3406 3637 3522 3693 Deo
3563 3637 3632 3694 ad
3675 3646 3730 3695 te

2135 3724 2386 3779 mittitur.
2409 3723 2596 3796 Cogita
2626 3739 2756 3795 ergo
2775 3766 2792 3792 ,
2836 3725 2962 3780 dum
2995 3725 3069 3780 illi
3094 3726 3434 3796 conviciaris,
3465 3728 3532 3783 ad
3563 3744 3726 3800 quem

2135 3815 2429 3872 transferas
2472 3816 2806 3885 convicium,
2856 3833 2980 3874 cum
3024 3819 3166 3874 Deus
3213 3819 3281 3874 ad
3327 3828 3381 3876 te
3423 3821 3631 3888 mittat,
3672 3833 3728 3877 et

2133 3924 2356 3980 erogare
2392 3908 2613 3979 jubeat,
2645 3920 2699 3965 tu
2728 3926 2853 3966 vero
2880 3927 2987 3965 non
3015 3910 3176 3966 modo
3218 3927 3327 3966 non
3365 3912 3481 3978 des,
3523 3912 3621 3968 sed
3668 3921 3726 3969 et

2132 4001 2474 4056 accedentem
2508 4001 2766 4057 conviciis
2796 4002 3061 4072 impetas?
3087 4000 3143 4059 Si
3181 4017 3342 4074 porro
3372 4003 3723 4061 absurditatis

2130 4092 2554 4162 magnitudinem
2601 4091 2852 4162 ignoras,
2900 4093 2952 4146 in
2981 4091 3289 4148 hominibus
3316 4093 3367 4149 id
3397 4095 3716 4162 considera,

2129 4193 2184 4238 et
2207 4195 2334 4240 tunc
2361 4185 2564 4254 peccati
2591 4185 2909 4256 gravitatem
2949 4201 3229 4256 agnosces.
3269 4186 3326 4244 Si
3350 4188 3496 4243 enim
3525 4203 3721 4246 servus

2128 4282 2253 4328 tuus
2280 4291 2308 4327 a
2339 4283 2390 4329 te
2419 4273 2485 4328 ad
2515 4273 2680 4330 alium
2717 4289 2934 4330 servum
2972 4276 3204 4342 missus,
3255 4275 3325 4332 de
3363 4293 3525 4348 manu
3570 4279 3720 4334 illius

2125 4375 2402 4436 argentum
2434 4374 2581 4421 tuum
2611 4375 2958 4436 accepturus,
2999 4381 3105 4422 non
3137 4367 3298 4423 modo
3320 4370 3506 4424 vacuis
3534 4371 3714 4427 mani-

2123 4455 2223 4510 bus
2249 4455 2478 4522 rediret,
2523 4457 2618 4512 sed
2654 4459 2814 4512 etiam
2846 4457 3058 4526 injuriis
3091 4458 3408 4524 lacessitus,
3441 4460 3571 4530 quid
3603 4477 3716 4516 non

2121 4558 2306 4604 contra
2336 4549 2721 4605 conviciantem
2752 4548 2987 4606 faceres?
3027 4566 3160 4620 quas
3189 4567 3294 4606 non
3322 4554 3568 4623 exigeres
3596 4571 3714 4623 pm—

2119 4655 2236 4703 nas,
2265 4655 2385 4695 cum
2416 4649 2468 4697 tu
2500 4643 2613 4712 ipse
2653 4641 2975 4696 contumelia
3016 4638 3241 4698 allectus
3282 4644 3474 4698 esses?
3515 4644 3610 4700 Sic
3639 4647 3710 4700 de

2118 4731 2230 4786 Deo
2249 4733 2420 4803 cogita
2447 4750 2461 4786 :
2487 4731 2602 4804 ipse
2625 4747 2854 4803 namque
2880 4741 2964 4788 est
2989 4732 3078 4802 qui
3108 4731 3178 4788 ad
3216 4747 3317 4788 nos
3361 4734 3526 4789 mittit
3567 4749 3734 4809 pau-g

2117 4838 2306 4892 peres,
2333 4833 2388 4880 et
2412 4839 2528 4894 qure
2561 4823 2727 4896 ipsius
2757 4831 2885 4879 sunt
2918 4823 3194 4894 largimur,
3229 4825 3274 4879 si
3303 4824 3517 4881 damus.
3548 4825 3707 4894 Quod

2115 4915 2159 4968 si
2191 4925 2382 4984 negato
2403 4915 2544 4970 dono
2561 4914 2721 4972 etiam
2748 4916 3069 4970 contumelia
3096 4915 3316 4972 alTectos
3340 4918 3700 4986 remittamus,

2113 5009 2288 5077 cogita
2329 5007 2520 5076 quibus
2546 5005 2857 5062 fulminibus
2883 5007 3100 5077 dignum
3138 5022 3273 5077 opus
3303 5007 3536 5064 edimus.
3568 5008 3703 5065 Haec

2113 5098 2292 5168 itaque
2312 5099 2489 5152 omnia
2511 5097 2828 5169 cogitantes,
2859 5106 2915 5152 et
2941 5097 3173 5168 linguam
3201 5096 3500 5168 l'renemus,
3531 5108 3587 5155 et
3615 5100 3706 5155 in-

2113 5189 2497 5245 bumanitatem
2541 5190 2838 5260 pellamus,
2871 5197 2926 5242 et
2953 5203 3145 5243 manus
3182 5188 3249 5244 ad
3297 5189 3702 5262 eleemosynam

2110 5283 2498 5340 extendamus:
2527 5298 2699 5352 neque
2725 5282 2964 5353 pecuniis
2985 5282 3182 5349 solum,
3205 5280 3302 5338 sed
3328 5281 3494 5337 etiam
3517 5283 3704 5339 verbis

2107 5391 2308 5446 egenos
2333 5376 2674 5431 consolemur
2693 5416 2709 5442 ,
2731 5385 2790 5430 ut
2819 5384 2874 5430 et
2900 5375 3350 5429 contumeliarum
3379 5389 3594 5444 pamam
3623 5375 3702 5428 fu-

2108 5468 2347 5538 giamus,
2389 5478 2444 5525 et
2477 5485 2544 5524 ex
2590 5468 2963 5524 benedictione
3005 5477 3060 5523 et
3100 5469 3440 5539 cleemosyna
3468 5483 3700 5537 regnum

2107 5561 2464 5628 obtineamus,
2487 5560 2657 5630 gratia
2687 5570 2741 5615 et
2761 5560 3091 5631 benignitate
3114 5559 3326 5614 Domini
3360 5561 3531 5614 nostri
3567 5558 3700 5614 Jesu

2105 5648 2329 5717 Christi,
2355 5652 2438 5708 cui
2469 5652 2633 5727 gloria
2666 5661 2720 5709 et
2744 5654 3023 5724 imperium
3047 5653 3100 5708 in
3130 5652 3323 5707 saecula
3346 5652 3698 5707 saeculorum.

2109 5737 2300 5801 Amen.
