4074 6358
171 331 273 386 ιιι

170 445 349 515 (ἱερεῖς
372 446 417 476 ’⁸
451 439 657 507 αὐτοῖς
697 437 815 508 τὴν
841 437 1154 509 ἁμαρτίαν,
1181 436 1331 504 ἄφες
1353 454 1366 467 ·
1405 437 1534 490 ἐπεὶ
1562 437 1713 505 κάμὲ
1758 436 1854 501 ἐξ·

164 535 299 585 11.151
311 536 431 601 ψον
455 546 467 559 ·
504 530 685 592 αὑτοῖς
715 527 770 579 δὲ
794 524 1013 578 ἐκέλευε
1034 524 1437 593 κατασφάττειν
1470 524 1733 594 ἀλλήλους
1760 524 1854 576 71011

164 623 299 683 τοὺς
326 621 704 688 προσήκοντας
735 614 1001 674 ἅπαντας.
1022 611 1217 665 Καίτοι
1241 610 1413 663 ταῦτα
1432 610 1652 663 ἐναντία
1681 610 1849 673 ἐστὶν,

163 708 286 761 ἀλλ’
318 709 479 776 ὅμως
507 707 585 766 51;
615 702 672 754 ἓν
702 700 989 771 ἀμφότερα
1027 698 1221 750 ἐϐλεπε
1258 698 1429 761 τέλος.
1467 698 1634 750 Πάλιν
1662 699 1691 749 0
1723 698 1852 765 Θεὸς

165 797 243 866 τῷ
283 796 385 865 μέν
441 794 686 855 Μωῦσεῖ,
739 789 1007 842 Ἰουδαίων
1053 786 1381 848 ἀκουόντων,
1414 786 1633 856 ἔλεγεν·
1678 786 1854 854 Ἄφες

160 900 258 952 με,
295 881 398 936 καὶ
428 880 689 946 ἐκτρίψω
720 876 829 929 τὸν
866 877 1019 928 λαὸν
1070 875 1140 945 (εί
1169 873 1278 945 γὰρ
1308 875 1401 926 καὶ
1448 874 1521 943 μὴ
1572 872 1851 943 παρῆσαν,

163 970 346 1021 ταῦτα
380 968 630 1035 λέγοντος
656 964 750 1017 τοῦ
773 962 930 1021 Θεοῦ.
965 961 1080 1015 ἀλλ’
1109 960 1331 1031 ἔμελλον
1359 962 1499 1014 αὺτά
1526 958 1854 1013 ἀκούσεσθαι

166 1056 444 1126 ῦστερον)·
480 1053 599 1106 κατ’
625 1052 760 1105 ἰδίαν
788 1051 844 1103 δέ
877 1049 1136 1103 τάναντία
1160 1048 1366 1102 τούτων
1397 1047 1547 1118 αὑτῷ
1578 1049 1853 1118 παραινεῖ.

167 1148 280 1199 Καὶ
326 1145 501 1198 ταῦτα
544 1141 786 1210 Μωῡσῆς
832 1140 1197 1209 ἀναγκασθεὶς
1246 1139 1469 1211 ὕστερον
1512 1138 1855 1206 ἐξελάλησεν,

164 1234 315 1286 οὑτω
338 1234 545 1301 λέγων·
590 1230 688 1297 Μὴ
716 1229 827 1298 γὰρ
859 1227 975 1294 ἐγὼ
1006 1226 1229 1293 αὐτοὺς
1264 1228 1333 1280 ἐν
1372 1226 1582 1297 γαστρί
1610 1226 1854 1291 ἔλαϐον,

167 1322 197 1372 ὅ
206 1338 257 1373 τι
285 1320 486 1387 ,λέγεις
512 1314 875 1387 μοι,“Αρον¹⁹
896 1314 1139 1380 αὐτοὺς,
1160 1315 1239 1380 ὡς
1258 1314 1471 1382 ἄν’-ἄρῃ
1493 1313 1730 1380 τιθηνύς
1750 1313 1858 1366 τὸν

168 1406 507 1475 θηλάζοντα
555 1407 639 1470 εἰς
692 1403 800 1456 τὸν
826 1404 1060 1455 κόλπον
1089 1402 1312 1469 αὺτῆς;
1344 1398 1529 1453 Ταῦτα
1563 1400 1659 1452 καὶ
1696 1402 1754 1453 ἐν
1780 1402 1857 1453 οἰ-

169 1498 318 1556 κίαις
351 1495 594 1562 γίνεταιο
632 1492 727 1545 καὶ
766 1490 1025 1553 πολλάκις
1063 1490 1243 1563 πατὴρ
1276 1489 1355 1560 τῷ
1394 1489 1491 1559 μὲν
1524 1487 1856 1559 παιδαγωγῷ

166 1584 260 1634 100
300 1581 465 1634 παῖδα
494 1581 776 1650 ὑϐρίσαντι
802 1579 921 1631 κατ’
954 1578 1088 1630 ἰδίαν
1120 1579 1348 1647 ἐπιτιμᾷ
1383 1576 1590 1644 λέγων’
1625 1577 1716 1646 Μὴ
1764 1576 1856 1629 ἐσο

166 1672 401 1738 τραχυ,,
431 1668 566 1737 μηδὲ
588 1667 820 1736 σκληρός
837 1682 853 1696 ·
881 1664 959 1735 τῷ
982 1665 1039 1717 δὲ
1062 1665 1166 1734 νέῳ
1193 1666 1262 1716 τὰ
1289 1664 1503 1716 ἐναντία
1523 1662 1704 1730 λέγει’
1733 1663 1853 1716 Κάν

167 1757 370 1817 ἀδίκως
397 1756 611 1827 ὑϐρίζῃ,
638 1754 769 1823 φέρε
786 1770 799 1782 ⁸
822 1753 932 1805 ἀπὸ
956 1752 1064 1804 τῶν
1083 1751 1339 1805 ἐναντίων
1369 1751 1427 1804 ἓν
1450 1768 1501 1804 τι
1517 1752 1561 1781 ³⁰
1585 1752 1853 1821 χρήσιμον

167 1844 443 1910 συνάγων.
465 1843 619 1894 Οὕτω
634 1842 727 1893 καὶ
750 1839 976 1903 Παῦλος,
990 1842 1100 1901 τοῖς
1127 1840 1223 1909 μὲν
1245 1840 1547 1907 ὑγιαίνουσι
1571 1841 1660 1891 καὶ
1685 1855 1855 1909 προσ-

167 1932 415 1985 αιτοῦσιν
438 1930 620 1998 ἔλεγεν
640 1946 653 1959 ”
671 1929 744 1982 Εἴ
759 1946 847 1992 τις
862 1929 932 1981 οὐ
951 1928 1109 1981 θέλει
1128 1926 1491 1996 ἐργάζεσθαι,
1501 1926 1655 1996 μηδὲ
1670 1926 1856 1980 ἐσθιέ-

168 2032 273 2083 τω,
306 2019 392 2071 ἴνα
423 2018 617 2079 αὑτοὺς
645 2017 724 2077 εἰς
748 2015 907 2087 ἔργον
928 2015 1138 2086 ἐμϐάλῃ
1159 2030 1176 2046 ο
1212 2018 1322 2078 τοῖς
1345 2014 1400 2067 δὲ
1431 2014 1597 2067 ἐλεεῖν
1625 2014 1855 2083 δυναμέ-

168 2111 317 2173 νοις;”
333 2107 345 2125 ’
360 2105 532 2174 Υμεῒς
553 2104 621 2157 δὲ
639 2104 705 2157 τὸ
730 2104 924 2157 καλὸν
942 2104 1256 2168 ποιοῦντες
1271 2104 1359 2173 μὴ
1383 2103 1767 2172 ἐκκακήσητε
1783 2104 1851 2167 ³⁸,

171 2194 263 2247 ἶνα
291 2194 489 2255 αὑτοὺς
518 2193 599 2254 είς
625 2190 997 2262 ἐλεημοσύνην
1027 2192 1231 2263 ἀγάγῃ.
1256 2191 1411 2244 Οὕτω
1442 2190 1535 2243 καὶ
1556 2192 1718 2261 ήνίκα
1742 2194 1854 2255 τοῖς

168 2282 232 2346 ἐξ
257 2280 429 2333 ἐθνῶν
461 2279 691 2350 παρῄνει
727 2280 784 2331 ἐν
816 2280 882 2348 τῇ
917 2276 1053 2347 πρὸς
1102 2277 1408 2348 Ῥωμαίους
1442 2278 1730 2350 Ἐπιστολῇ
1778 2279 1852 2350 μὴ

168 2369 562 2440 ὑψηλοφρονεῖν
606 2366 747 2420 κατά
787 2367 897 2420 τῶν
940 2366 1233 2432 Ἰουδαίων,
1270 2366 1365 2419 καὶ
1410 2367 1508 2438 τὴν
1534 2367 1853 2439 ἀγριελαίαν

171 2460 499 2529 παρήγαγεν
539 2457 619 2518 εἰς
667 2454 853 2527 μέσον,
900 2456 995 2508 καὶ
1041 2455 1174 2508 ἀλλα
1225 2455 1325 2524 μὲν
1362 2455 1595 2520 τούτοις,
1627 2456 1763 2509 ἄλλα
1797 2456 1853 2509 δὲ

169 2546 407 2608 ἐκείνοις
440 2544 684 2613 φαίνεται
711 2543 903 2610 λέγων.
940 2542 1032 2614 Μὴ
1080 2543 1257 2594 τοίνυν
1287 2545 1366 2606 είς
1403 2543 1662 2613 ὠμότητα
1689 2544 1853 2596 ἐκπέ-

172 2650 384 2705 σωμεν,
429 2633 545 2686 ἀλλ’
571 2630 894 2700 ἀκούσωμεν
943 2629 1155 2683 Παύλου
1209 2630 1487 2697 λέγοντος·
1539 2632 1606 2683 T0
1661 2631 1854 2684 καλὸν

170 2721 492 2786 ποιοῦντες
512 2719 598 2788 μὴ
639 2720 943 2772 ὲκκακεῐτε
974 2720 1018 2748 ³¹
1042 2735 1055 2747 ⁸
1090 2717 1411 2788 ἀκούσωμεν
1439 2717 1531 2771 τοῦ
1578 2719 1850 2772 A50710100

171 2810 456 2879 λέγοντοςο
494 2808 679 2861 Παντὶ
712 2806 793 2872 τῷ
812 2806 1081 2860 αἰτοῦντί
1101 2822 1174 2859 σε
1196 2806 1399 2860 δίδου·
1444 2807 1558 2870 καὶ,
1594 2807 1853 2862 Γίνεσθε

172 2897 555 2964 σέιιτίρμονες
587 2894 666 2960 ὡς
696 2898 728 2947 ό
756 2893 960 2961 Πατὴρ
990 2892 1175 2961 ὑμῶν.
1222 2894 1411 2945 Καίτοι
1454 2893 1626 2946 πολλά
1656 2892 1847 2959 εἰπὼν,

173 2984 413 3055 006019.00
444 2984 601 3037 τοῦτο
627 2982 888 3045 τέθεικεν,
924 2981 1037 3033 ἀλλ’
1066 2983 1158 3033 ἐπὶ
1195 2980 1301 3033 τῶν
1331 2982 1632 3051 οἰκτιρμῶν
1670 2982 1848 3050 μόνον.

174 3072 341 3126 Οὐδὲν
370 3071 477 3141 γὰρ
506 3072 654 3139 ἡμᾶς
688 3070 835 3132 ίσους
866 3069 983 3139 Θεῴ
1011 3071 1172 3134 ποιεῖ,
1200 3069 1275 3130 ὡς
1305 3068 1366 3120 τὸ
1394 3070 1724 3139 εὐεργετεῖν.

246 3160 311 3213 ε’.
355 3159 493 3211 Ἀλλ’
520 3157 671 3210 οὑδέν
695 3157 1072 3227 ἀναιδέστερον
1091 3194 1105 3219 ,
1132 3157 1285 3226 φησὶ,
1306 3156 1557 3226 πένητος.
1591 3156 1741 3208 Διατί
1769 3157 1848 3223 ³³;

178 3243 487 3317 παρακαλῶ
510 3263 523 3277 ο
556 3244 637 3297 δτι
671 3243 972 3313 ἐπιτρέχων
998 3242 1272 3313 καταϐοᾷ;
1326 3242 1515 3294 Βούλει
1546 3238 1638 3295 οὖν
1671 3243 1849 3308 δείξω,

177 3334 259 3386 ὅτι
306 3332 535 3386 ἐκείνων
574 3332 735 3401 ἡμεῖς
780 3332 944 3400 ἐσμεν
974 3329 1468 3401 ἀναισχυντότεροι,
1514 3330 1607 3382 καὶ
1644 3331 1851 3401 σφόδρα

178 3421 452 3486 ἀναιδεῖς;
494 3418 893 3490 Ἀναμνήσθητί
920 3433 1009 3488 μοι
1038 3416 1133 3469 νῦν
1163 3418 1221 3469 ἐν
1243 3416 1419 3488 καιρῷ
1441 3417 1539 3487 τῆς
1568 3419 1846 3487 νηστείας,

182 3509 413 3569 ποσάκις
470 3506 747 3577 τραπέζης
800 3504 1214 3576 παρακειμένης
1267 3508 1324 3557 ἐν
1386 3506 1620 3576 ἑσπέρᾳ,
1675 3508 1766 3558 τὸν
1801 3507 1849 3543 ³⁸

184 3595 559 3666 ὑπηρετοῦντα
579 3595 798 3665 οἰκέτην
822 3593 1077 3657 καλέσας,
1106 3593 1193 3645 ἴνα
1226 3593 1602 3664 σχολαιότερον
1634 3594 1846 3666 βαδίσῃ,

185 3686 364 3738 πάντα
410 3683 732 3754 ἀνέτρεψας,
783 3681 1073 3745 λακτίζων,
1110 3680 1367 3751 ὑϐρίζων,
1425 3681 1850 3753 λοιδορούμενος,

184 3772 322 3842 ὑπὲρ
341 3770 605 3841 ἀναϐολῆς
629 3770 787 3840 μόνον
811 3772 1033 3840 μικρᾶς·
1059 3767 1210 3841 [405]
1236 3769 1408 3820 καίτοι
1440 3770 1644 3839 σφόδρα
1672 3769 1850 3833 εἰδὼς,

184 3860 264 3914 ὅτι
298 3860 403 3912 κᾶν
433 3858 506 3929 μὴ
538 3857 762 3920 εὐθέως,
790 3858 923 3909 ἀλλά
957 3856 1150 3927 μικρὸν
1183 3853 1408 3925 ὕστερον
1443 3855 1722 3927 ἀπολαύσῃ
1752 3858 1852 3927 τῆς

184 3945 404 4014 ἐδωδῆς.
446 3939 576 3995 Εἶτα
620 3945 813 3996 σαυτὸν
847 3945 943 4013 μὲν
973 3945 1113 4014 ὑπὲρ
1142 3945 1234 3997 τοῦ
1283 3944 1510 4014 μηδενὸς
1558 3943 1850 4014 ἐκθηριού-

189 4050 344 4101 μενον
366 4033 426 4085 οὑ
470 4032 655 4094 καλεῖς
693 4034 1065 4102 ἀναίσχυντον,
1094 4033 1185 4085 τὸν
1229 4032 1285 4084 δὲ
1324 4031 1533 4101 πένητα
1565 4032 1655 4085 τὸν
1708 4033 1850 4104 ὑπὲρ

184 4120 291 4173 τῶν
322 4119 583 4189 μειζόνων
627 4118 901 4172 δεδοικότα
939 4119 1033 4171 καὶ
1062 4119 1330 4190 τρέμοντα
1386 4119 1525 4189 (οὐδὲ
1574 4119 1681 4190 γὰρ
1722 4120 1851 4191 περὶ

187 4209 514 4278 μελλήσεως,
552 4207 688 4261 ἀλλά
710 4224 775 4259 πε
787 4208 838 4277 91
861 4206 1018 4278 λιμοῦ
1049 4209 1154 4270 πᾶς
1188 4211 1214 4260 0
1248 4207 1410 4277 φόϐος
1439 4206 1631 4278 αὐτῷ),
1658 4209 1848 4262 τοῦτον

184 4299 275 4350 καὶ
305 4298 518 4366 ἰταμὸν,
561 4298 654 4348 καὶ
696 4294 909 4364 ἀναιδῆ.
961 4296 1055 4347 καὶ
1091 4296 1468 4365 ἀναίσχυντον,
1520 4296 1616 4349 710.1
1672 4298 1851 4351 πάντα

185 4388 469 4457 προσερεῖς
514 4384 582 4437 τὰ
620 4383 901 4452 αῖσχιστα;
954 4384 1064 4436 Καὶ
1110 4382 1228 4446 πῶς
1278 4384 1377 4436 οὑκ
1421 4383 1656 4453 ἐσχάτης
1694 4383 1853 4437 τοῦτο

182 4478 593 4547 ἀναισχυντίαςς
662 4474 798 4527 Ἀλλ’
835 4475 935 4527 0071
987 4472 1273 4544 ἐννοοῦμεν
1316 4473 1521 4537 ταῦτα’
1562 4474 1650 4526 διά
1695 4474 1852 4527 τοῦτο

181 4564 420 4628 ἐκείνους
445 4564 699 4633 ἐπαχθεῖς
726 4559 863 4615 εἶναι
888 4561 1209 4632 νομιζόμεν’
1242 4561 1318 4623 ὡς
1336 4560 1391 4613 εί
1421 4578 1484 4629 γε
1514 4559 1582 4613 τὰ
1613 4561 1852 4633 ἡμέτερα

179 4652 514 4723 ἐξητάζομεν
558 4656 651 4706 71011
678 4651 1089 4723 παρεϐάλλομεν
1112 4652 1223 4712 τοῖς
1252 4648 1497 4715 ἐκείνων,
1521 4649 1621 4701 0071
1650 4648 1716 4702 ἂν
1748 4651 1847 4703 αὺ-

176 4742 301 4804 100;
336 4739 665 4811 ἐνομίσαμεν
716 4735 853 4791 εἷναι
902 4735 1209 4808 φορτικούς.
1247 4737 1338 4805 Μὴ
1380 4735 1447 4806 δὴ
1490 4734 1641 4804 γίνου
1681 4736 1727 4767 ³⁸
1755 4754 1846 4789 πι-

178 4827 308 4897 7190;
346 4827 624 4895 δικαστής.
666 4827 775 4879 Καὶ
804 4824 911 4896 γάρ
948 4827 997 4877 εἰ
1052 4824 1269 4877 πάντων
1313 4823 1727 4895 ἁμαρτημάτων
1776 4820 1844 4895 ῆς

175 4915 617 4984 ἀπηλλαγμένος,
673 4913 793 4967 οὐδὲ
837 4912 979 4965 οὑτω
1028 4929 1111 4964 σοι
1158 4912 1458 4981 ἐπέτρεπεν
1501 4914 1529 4964 0
1558 4910 1651 4964 τοῦ
1709 4912 1842 4964 Θεοῦ

173 5005 337 5074 νόμος
377 5002 579 5072 ἀκριϐῆ
635 5001 884 5069 γενέσθαι
934 4999 1225 5069 ἐξεταστὴν
1276 4998 1383 5052 τῶν
1427 4998 1739 5070 ἀλλοτρίων.
1778 5002 1841 5052 Εί

180 5090 286 5158 γάρ
322 5090 352 5140 0
392 5088 684 5158 Φαρισαῖος
718 5086 805 5139 διά
832 5084 990 5138 τοῦτο
1032 5084 1299 5151 ἀπώλετο,
1346 5085 1502 5149 ποίας
1541 5085 1842 5155 τευξόμεθα

173 5175 472 5245 ἀπολογίας
500 5177 694 5245 ήμεῖς;
731 5175 791 5226 Εἰ
820 5175 930 5236 τοῖς
962 5173 1006 5203 ³⁸
1040 5171 1462 5242 κατωρθωκόσιν
1500 5172 1599 5224 οὐκ
1619 5174 1841 5244 ἐπιτρέ-

172 5279 266 5315 πει
313 5261 525 5331 πικρῶς
560 5260 833 5325 ἐξετάζειν
873 5260 941 5313 τά
977 5259 1201 5331 ἐτέρων,
1260 5258 1439 5329 πολλῷ
1494 5260 1694 5330 μᾶλλον
1731 5265 1844 5324 τοῖς

175 5350 483 5415 ἐπταικόσι.
503 5350 604 5419 ’Μὴ
628 5348 806 5401 τοίνυν
834 5347 994 5417 137901,
1032 5346 1167 5416 μηδέ
1190 5348 1439 5415 ἀπηνεῖς,
1471 5347 1545 5418 μὴ
1577 5348 1619 5378 ³⁷
1651 5346 1845 5418 ἄστορ-

173 5454 284 5506 γοι,
313 5438 389 5509 μὴ
420 5437 693 5498 ἄσπονδοι,
716 5434 790 5506 μὴ
808 5434 1011 5507 Θηρίων
1032 5434 1249 5505 χείρους
1265 5429 1434 5503 ὦμεν.
1467 5436 1579 5488 Καὶ
1593 5434 1700 5505 γὰρ
1724 5436 1845 5486 πολ·

232 5610 289 5642 -π
314 5612 472 5679 ἀφεῖς
496 5610 652 5663 codd.
685 5611 827 5681 ἀφῇς
852 5607 985 5662 Edd.
1130 5609 1209 5661 ὅτι
1242 5604 1372 5681 ᾇρον
1553 5607 1621 5681 ἄρ

1260 321 1327 374 IN
1365 319 1782 378 ΜΑΤΤΗᾸΞΠΜ
1820 319 2057 376 ιιοδιιι..
2092 320 2310 377 XXXV.
2334 322 2408 377 al.
2444 318 2694 376 XXXVI.

3529 330 3635 383 M9.

1955 436 2081 499 100;
2106 438 2187 500 εἰς
2213 436 2372 490 τοῦτο
2396 433 2513 491 οἶδα
2544 436 2837 509 θηριωδίας
2867 437 3121 501 ἐλθόντας
3142 479 3155 503 ,
3184 443 3265 510 ὡς⁸
3287 439 3354 493 δι’
3393 440 3550 496 δκνον
3590 448 3633 475 ³·

1959 525 2157 595 μικρὸν
2192 525 2560 595 λιμώττοντας
2602 528 2883 596 περιορᾷν,
2941 527 3034 579 καὶ
3072 527 3244 580 ταῦτα
3279 530 3535 596 λέγοντας
3562 535 3632 586 τὰ

1957 614 2176 683 ῥήματα
2196 628 2211 643 ⁶
2246 613 2321 664 O0
2356 614 2620 683 πάρεστιν
2651 614 2869 682 οἰκέτης
2897 613 3019 683 ἐμοὶ
3051 613 3166 676 νῦν,
3211 616 3398 687 πόρρω
3424 618 3524 689 τῆς
3554 623 3633 673 οἱ-

1956 700 2082 761 κίας
2110 700 2297 768 ἐσμὲν,
2345 699 2679 770 τραπεζίτης
2714 700 2890 763 οὑδείς
2935 700 3051 753 ἐστί
3098 719 3187 770 μοι
3234 702 3527 775 γνώριμος.
3566 710 3629 761 Ὢ

1954 786 2055 855 τῆς
2080 787 2359 857 ὠμότητος
2380 788 2392 839 ί
2420 786 2493 838 Τὸ
2518 788 2700 855 μεῖζον
2724 788 2963 857 ὑπέσχου
2987 789 3053 853 ³⁹,
3080 790 3175 842 καὶ
3196 791 3257 842 10
3287 790 3505 845 ἔλαττον
3526 794 3627 848 οὑκ

1956 874 2139 936 ἀνύεις
2165 891 2178 937 ;
2209 875 2294 927 ἵνα
2332 876 2395 927 σὺ
2435 875 2508 944 μη
2552 874 2776 945 βαδίσῃς
2824 876 3042 946 μικρὸν,
3082 877 3289 942 ἐκεῖνος
3330 879 3472 950 λιμῷ
3510 882 3630 935 δια-

1958 962 2273 1032 φθείρεται;
2313 963 2375 1014 Ὢ
2417 964 2514 1032 τῆς
2539 962 2782 1032 ὓϐρεωςῑ
2818 962 2862 1015 ὣ
2894 964 2986 1017 τοῦ
3013 964 3221 1033 τύφουῐ
3258 968 3319 1019 Εἰ
3353 969 3461 1037 γὰρ
3498 969 3633 1023 δέκα

1959 1050 2153 1103 στάδια
2184 1050 2395 1119 βαδίσαι
2440 1050 2636 1121 ἐχρῆν,
2673 1051 2901 1121 ὀκνῆσαι
2954 1052 3099 1116 ἔδει;
3138 1054 3273 1107 Οὐδὲ
3304 1056 3507 1119 ἐννοεῖς
3548 1058 3630 1109 ὅτι

1960 1137 2160 1207 μείζων
2198 1140 2224 1190 0
2257 1138 2446 1207 μισθός
2483 1155 2565 1190 σοι
2588 1137 2732 1190 οὓτω
2754 1139 2998 1206 γίνεταις
3035 1141 3206 1193 Ὅταν
3233 1143 3329 1210 μέν
3360 1143 3469 1211 γὰρ
3502 1144 3629 1213 δῷς,

1958 1226 2098 1297 ὑπὲρ
2125 1226 2218 1278 τοῦ
2266 1226 2543 1295 διδομένου
2588 1225 2884 1296 λαμϐάνεις
2926 1227 3116 1297 μισθὸν
3166 1230 3323 1298 μόνον
3348 1246 3361 1258 ·
3403 1231 3529 1284 ὅταν
3574 1233 3631 1284 δὲ

1958 1315 2050 1366 καὶ
2075 1314 2235 1375 αὑτὸς
2269 1314 2510 1386 βαδίσῃς,
2542 1315 2637 1367 710.1
2666 1313 2857 1367 τούτου
2892 1332 2976 1368 σοι
3003 1320 3182 1370 κεῖται
3207 1316 3369 1370 πάλιν
3398 1320 3624 1391 ἀμοιϐή.

1971 1401 2123 1453 Ἐπεὶ
2169 1401 2265 1454 καὶ
2302 1401 2347 1432 ⁸⁸
2394 1402 2485 1453 τὸν
2536 1399 2883 1473 πατριάρχην
2932 1403 3020 1456 διά
3051 1404 3212 1456 τοῦτο
3250 1405 3625 1475 θαυμάζομεν,

1956 1489 2038 1541 ὅτι
2079 1490 2241 1553 αὐτὸς
2278 1490 2371 1542 ἐπὶ
2403 1493 2502 1553 τάς
2531 1489 2657 1559 βοῦς
2700 1491 2902 1561 ἔδραμε
2925 1531 2940 1553 ,
2973 1492 3065 1544 καὶ
3112 1492 3173 1544 τὸ
3207 1494 3500 1565 μοσχάριον
3528 1495 3630 1563 ἦρ-

1958 1593 2133 1642 πασε,
2168 1579 2262 1631 καὶ
2294 1578 2466 1631 ταῦτα
2512 1579 2859 1648 τριακοσίους
2900 1580 3031 1632 δέκα
3075 1579 3220 1633 ὀκτὼ
3255 1582 3297 1612 ⁸⁸
3334 1584 3629 1649 οἰκογενεῖς

1956 1664 2115 1735 ἔχων.
2147 1665 2259 1718 Νῦν
2288 1666 2345 1719 δὲ
2380 1666 2633 1719 τοσούτου
2666 1668 2809 1729 τινές
2843 1668 2949 1719 είσι
2981 1667 3150 1736 τύφου
3183 1668 3626 1739 πεπληρωμένοι,

1954 1754 2029 1816 ὡς
2054 1753 2140 1806 διά
2164 1754 2371 1806 παίδων
2400 1753 2573 1807 ταῦτα
2607 1757 2801 1820 ποιεῖν,
2838 1755 2931 1807 καὶ
2958 1756 3033 1825 μὴ
3065 1755 3433 1825 αἰσχύνεσθαι.
3469 1758 3628 1810 Ἀλλά

1953 1842 2019 1893 δι’
2055 1842 2293 1911 ἐμαυτοῦ
2341 1842 2386 1874 ’δ’
2434 1840 2607 1894 ταῦτα
2638 1841 2881 1906 κελεύεις
2920 1842 3137 1909 ἀνύειν;
3176 1845 3308 1914 φησί
3335 1861 3347 1873 ·
3381 1847 3472 1898 καὶ
3510 1845 3629 1908 πῶς

1953 1930 2013 1982 00
2044 1930 2180 1996 δόξω
2209 1929 2505 1994 κενοδοξεῖν
2534 1946 2548 1995 ;
2583 1931 2691 1983 Καὶ
2722 1931 2829 2000 μὴν
2862 1931 2956 1983 καὶ
2986 1931 3080 1983 νῦν
3102 1931 3168 1983 δι’
3193 1933 3384 2003 ἐτέραν
3410 1935 3626 1987 κενοδο-

1954 2017 2071 2084 ξίαν
2101 2016 2259 2070 τοῦτο
2305 2021 2480 2080 ποιεῖς
2503 2058 2517 2079 ,
2547 2018 2933 2088 αἰσχυνόμενος
2972 2019 3199 2089 ὀφθῆναι
3230 2022 3421 2089 πένητι
3448 2021 3628 2075 διαλε-

1953 2108 2201 2178 γόμενος.
2252 2108 2390 2160 Ἀλλ’
2424 2108 2573 2160 οὑδέν
2605 2107 2746 2179 ὑπὲρ
2773 2108 2979 2161 τούτων
3004 2108 3466 2180 ἀκριϐολογοῦμαι
3488 2125 3502 2139 ⁶
3534 2113 3628 2181 9.0-

1953 2214 2041 2249 νον
2074 2196 2237 2259 δίδου,
2268 2196 2377 2248 είτε
2406 2196 2493 2249 διά
2532 2196 2752 2260 σαυτοῦ,
2784 2195 2894 2248 εἴτε
2934 2196 3003 2249 δι’
3033 2197 3221 2267 ἐτέρου
3245 2198 3289 2228 ’⁵³
3322 2198 3482 2251 τοῦτο
3506 2200 3629 2268 βού-

1954 2284 2031 2338 λει
2063 2286 2270 2337 ποιεῖν·
2316 2285 2409 2337 καὶ
2454 2284 2530 2355 μὴ
2572 2284 2829 2351 ἐγκάλει,
2864 2284 2939 2353 μὴ
2971 2285 3209 2353 πλῆττε,
3257 2287 3332 2355 μὴ
3374 2287 3625 2357 λοιδόρει.

1952 2374 2262 2444 Φαρμάκων
2286 2374 2416 2444 γὰρ,
2438 2374 2497 2425 ού
2520 2372 2871 2444 τραυμάτων,
2900 2373 3071 2425 δεῖται
3092 2376 3120 2426 0
3144 2375 3383 2444 προσιών
3412 2394 3425 2410 ’
3450 2377 3625 2443 ἐλέου,

1952 2461 2013 2513 00
2051 2460 2248 2529 ξίφους.
2272 2460 2405 2511 Εἰπέ
2432 2460 2539 2529 γάρ
2574 2478 2683 2530 μοι,
2708 2460 2760 2511 εἴ
2786 2477 2870 2523 τις
2893 2460 3024 2529 λίθῳ
3056 2460 3270 2531 βληθεὶς
3294 2462 3387 2515 καὶ
3404 2462 3631 2533 τραῦμα

1952 2548 2131 2600 λαϐὼν
2158 2548 2299 2601 κατὰ
2326 2549 2424 2618 τῆς
2463 2548 2707 2618 κεφαλῆς
2731 2589 2747 2611 ,
2776 2550 2902 2610 τοὺς
2941 2548 3134 2612 ἄλλους
3163 2549 3411 2612 ἅπαντας
3444 2552 3626 2620 ἀφεὶς,

1954 2635 2301 2706 προσέδραμέ
2334 2652 2425 2687 σου
2461 2638 2573 2698 τοῖς
2612 2636 2803 2703 γόνασι
2836 2636 3275 2706 καταρῤεόμενος
3302 2636 3379 2707 τῷ
3409 2638 3626 2707 αἵματι,

1953 2719 2062 2794 ἆρα
2106 2724 2276 2794 ἐτέρῳ
2317 2724 2449 2795 λίθῳ
2496 2723 2743 2789 πατάξας
2789 2724 3137 2795 προσέθηκας
3169 2725 3235 2778 ἂν
3266 2726 3413 2797 αύτῷ
3442 2728 3629 2798 ἓτερον

1951 2810 2203 2880 τραῦμα;
2234 2812 2344 2864 Οὑκ
2375 2811 2549 2879 ἔγωγε
2590 2807 2777 2883 019.011,
2813 2812 2951 2865 ἀλλά
2984 2814 3080 2865 καὶ
3111 2813 3243 2866 αὑτὸ
3266 2814 3631 2885 ἐπεχείρησας

1954 2893 2020 2946 ἂν
2050 2894 2361 2963 διορθῶσαι.
2402 2895 2467 2947 Τί
2497 2890 2590 2947 οὖν
2620 2896 2711 2948 ἐπὶ
2750 2895 2859 2949 τῶν
2890 2897 3140 2967 πενήτων
3168 2899 3341 2959 ποιεῖς
3369 2897 3438 2949 τά
3472 2900 3627 2950 ἐναν-

1952 2982 2072 3047 τίας
2108 2984 2222 3036 Οὐκ
2251 2978 2399 3045 οἶδας
2419 2984 2541 3036 ὅσον
2570 2983 2792 3037 δύναται
2816 2983 2910 3037 καὶ
2934 2985 3235 3053 ἀναστῆσαι
3256 2987 3351 3038 καὶ
3380 2986 3629 3041 καθελεῖν

1952 3063 2137 3131 λόγος;
2166 3066 2447 3133 Κρεῖττον
2465 3066 2597 3135 γάρ.
2619 3066 2773 3136 φησὶ,
2796 3067 2980 3136 λόγος
3012 3067 3049 3135 ἢ
3082 3067 3275 3133 δόσις.
3309 3070 3385 3121 Οὑ
3414 3069 3624 3140 λογίζῃ,

1951 3146 2032 3199 ὄτι
2060 3148 2200 3201 κατὰ
2231 3147 2428 3201 σαυτοῦ
2453 3148 2516 3201 10
2541 3149 2692 3217 ξίφος
2719 3148 2880 3212 ὠθεῖς
2897 3190 2912 3212 ,
2946 3150 3041 3203 71011
3067 3150 3451 3222 χαλεπώτερον
3474 3151 3625 3224 [4061

1950 3234 2169 3305 τραῦμα
2192 3235 2507 3305 λαμϐάνεις,
2535 3237 2662 3288 ὃταν
2690 3235 3021 3307 λοιδορηθεὶς
3047 3238 3254 3300 ἐκεῖνος
3285 3240 3623 3310 ἀναχωρήσῃ

1956 3325 2101 3393 σιγῇ,
2146 3324 2344 3377 στένων
2380 3324 2475 3376 καὶ
2507 3323 2679 3377 πολλὰ
2709 3324 3003 3394 δακρύων;
3051 3325 3163 3378 Καὶ
3197 3326 3310 3396 γὰρ
3347 3326 3499 3397 παρά
3529 3327 3625 3380 τοῦ

1952 3410 2086 3463 Θεοῦ
2116 3411 2393 3479 πέμπεται
2427 3411 2563 3480 πρὸς
2590 3411 2669 3465 σέ.
2716 3412 2998 3482 Ἐννόησον
3021 3407 3135 3475 οὖν,
3171 3412 3411 3484 ὑϐρίζων
3441 3414 3627 3479 αὑτὸν,

1952 3497 2055 3551 ποῦ
2096 3498 2431 3561 διαϐιϐάζεις
2458 3500 2558 3567 τὴν
2604 3498 2782 3568 06910,
2829 3499 2958 3552 ὅταν
3004 3499 3209 3563 ἐκεῖνος
3250 3499 3350 3569 μὲν
3384 3501 3521 3571 πρὸς
3566 3502 3627 3554 σέ

1952 3587 2148 3657 πέμπῃ
2172 3627 2186 3651 ,
2212 3588 2306 3640 71011
2338 3587 2421 3641 001
2449 3586 2631 3639 δοῦναι
2662 3585 2878 3656 κελεύῃ,
2904 3588 2968 3639 σὺ
3001 3586 3056 3639 δε
3092 3586 3167 3657 μὴ
3196 3587 3356 3657 μόνον
3393 3588 3467 3658 μὴ
3497 3588 3626 3658 δῷς,

1952 3674 2088 3728 ἀλλά
2116 3674 2209 3727 710.1
2240 3674 2469 3744 ὑϐρίσῃς
2492 3674 2735 3726 ἐλθόντα.
2774 3675 2836 3725 Εἰ
2864 3673 2922 3726 δέ
2952 3676 3167 3741 ἀγνοεῖς
3188 3673 3285 3745 τὴν
3315 3675 3628 3745 ὑπερϐολὴν

1951 3761 2053 3831 τῆς
2102 3760 2331 3823 ἀτοπίας
2355 3800 2369 3824 ,
2417 3762 2504 3812 ἐπ’
2538 3758 2843 3830 ἀνθρώπων
2876 3761 3009 3813 01010
3045 3762 3342 3830 σκόπησον,
3381 3765 3475 3816 καὶ
3503 3764 3625 3817 τότε

1952 3849 2073 3920 εἴσῃ
2106 3847 2285 3911 καλῶς
2323 3849 2383 3900 10
2412 3846 2638 3918 μέγεθος
2670 3848 2769 3917 τῆς
2798 3849 3089 3919 ἁμαρτίας.
3124 3850 3186 3901 Εί
3216 3849 3325 3920 γὰρ
3356 3850 3445 3913 00;
3477 3851 3625 3904 οἰκέ-

1950 3954 2050 4009 της
2078 3936 2230 4007 παρά
2260 3936 2353 3989 σοῦ
2382 3936 2692 3999 κελευσθεὶς
2721 3937 2857 4007 πρὸς
2882 3937 3068 4007 ἕτερον
3098 3937 3353 3990 ἀπελθεῖν
3382 3939 3620 4009 οἰκέτην,

1952 4026 2213 4095 ἀργύριον
2244 4024 2433 4095 ἔχοντα
2462 4026 2552 4076 σὺν
2586 4024 2790 4087 λαϐεῖν,
2835 4026 2896 4077 00
2943 4024 3101 4094 μόνον
3131 4028 3317 4089 κεναῖς
3351 4027 3621 4097 ἐπανῆλθε

1952 4114 2157 4184 χερσὶν,
2184 4111 2320 4165 ἀλλά
2351 4113 2443 4164 καὶ
2469 4111 2764 4183 ὑϐρισθεὶς,
2794 4110 2847 4163 τί
2870 4112 2969 4164 οὑκ
2995 4111 3061 4164 ἂν
3084 4111 3326 4181 εἰργάσω
3356 4112 3446 4165 τὸν
3473 4113 3624 4184 ὑϐρι-

1953 4201 2118 4267 κότα;
2154 4201 2326 4270 πόσην
2356 4200 2456 4252 0071
2484 4200 2549 4252 ἂν
2581 4198 2735 4267 δίκην
2763 4199 3081 4269 ἀπῄτησας,
3113 4198 3206 4251 ἆτε
3246 4198 3432 4251 λοιπὸν
3462 4200 3624 4265 01010;

1947 4282 2023 4338 ῶν
2051 4288 2079 4338 0
2118 4286 2442 4357 ὑϐρισμένος
2472 4303 2486 4352 ;
2520 4285 2689 4339 Τοῦτο
2717 4287 2811 4339 71011
2836 4285 2930 4338 ἐπὶ
2956 4284 3049 4337 τοῦ
3080 4283 3211 4337 Θεοῦ
3241 4285 3454 4354 λογίζου
3489 4301 3503 4316 °
3528 4290 3621 4341 καὶ

1946 4371 2056 4446 γὰρ
2095 4374 2255 4437 01010;
2293 4375 2497 4444 πέμπει
2554 4374 2688 4443 7190;
2728 4374 2875 4443 ἡμᾶς
2922 4374 3047 4435 τοὺς
3095 4372 3333 4443 πένητας
3361 4412 3376 4437 ,
3432 4376 3526 4427 71011
3548 4393 3617 4429 τα

1947 4462 2156 4534 ἐκείνου
2179 4462 2227 4494 ⁸⁵
2267 4461 2515 4532 δίδομεν,
2550 4460 2614 4513 ἂν
2643 4460 2751 4531 ἀρα
2773 4460 3080 4530 δῶμεν.’“Αν
3129 4461 3186 4513 δὲ
3226 4461 3363 4532 πρὸς
3410 4461 3490 4533 τῷ
3541 4464 3619 4537 μὴ

1946 4548 2129 4602 δοῦναι
2168 4549 2261 4602 καὶ
2309 4548 2663 4617 ὑϐρισθέντας
2713 4548 3103 4618 ἐκπέμψωμεν,
3146 4548 3400 4619 ἐννόησον
3434 4551 3617 4605 πόσων

1952 4636 2249 4707 σκηπτῶν,
2302 4638 2483 4689 πόσων
2532 4635 2808 4705 κεραυνῶν
2857 4634 3003 4699 ἄξιον
3050 4636 3281 4707 πρᾶγμα
3334 4637 3617 4709 ποιοῦμεν.

1949 4725 2112 4779 Ταῦτ’
2144 4721 2235 4778 οῦν
2266 4724 2481 4778 ἅπαντα
2515 4722 2884 4793 λογιζόμενοι,
2919 4724 3013 4777 καὶ
3050 4724 3149 4794 τὴν
3187 4724 3433 4793 γλῶτταν
3461 4726 3615 4796 χαλι-

1946 4812 2231 4884 νώσωμεν,
2264 4815 2359 4867 καὶ
2387 4814 2487 4883 τὴν
2520 4812 2920 4884 ἀπανθρωπίαν
2954 4813 3000 4844 ⁸⁵
3023 4812 3363 4885 ἐκϐάλωμεν,
3396 4816 3489 4867 καὶ
3514 4820 3617 4883 τὴν

1944 4905 2103 4974 χεῖρα
2151 4902 2288 4970 πρὸς
2327 4899 2696 4971 ἐλεημοσύνην
2722 4900 3074 4971 ἐκτείνωμεν,
3120 4901 3322 4973 καὶμὴ
3370 4903 3616 4973 χρήμασι

1949 4991 2131 5060 μόνον,
2164 4988 2299 5041 ἀλλὰ
2326 4988 2420 5041 7101
2452 4989 2659 5058 ῥήμασι
2682 4986 2726 5019 ⁸⁸
2758 4988 3214 5059 παραμυθώμεθα
3256 4989 3384 5051 τοὺς
3426 4988 3614 5058 δεομέ-

1946 5095 2099 5142 νους’
2146 5078 2231 5131 ἵνα
2265 5080 2360 5131 καὶ
2400 5078 2500 5147 τὴν
2544 5078 2651 5131 ἀπὸ
2691 5078 2792 5147 τῆς
2850 5078 3116 5149 λοιδορίας
3161 5078 3381 5131 κόλασιν
3439 5078 3611 5148 ἐκφύο

1947 5183 2131 5236 γωμεν
2146 5166 2214 5230 ⁸⁷,
2232 5168 2325 5219 καὶ
2343 5166 2441 5236 τὴν
2470 5166 2576 5218 ἀπὸ
2599 5166 2699 5235 τῆς
2722 5166 2969 5235 εὐλογίας
2996 5166 3090 5219 καὶ
3115 5166 3236 5236 ἐλεη
3247 5165 3482 5237 μοσύνης
3511 5166 3612 5236 βα-

1948 5259 2153 5312 σιλείαν
2180 5258 2699 5328 κληρονομήσωμεν,
2747 5256 2931 5326 χάριτι
2986 5256 3081 5308 καὶ
3109 5255 3487 5325 φιλανθρωπίᾳ
3514 5254 3612 5307 τοῦ

1946 5347 2150 5417 Κυρίου
2202 5345 2360 5415 ήμῶν
2398 5344 2571 5414 Ἰησοῦ
2596 5343 2852 5415 Χριστοῦ,
2883 5336 2926 5411 ᾧ
2954 5346 2987 5413 ἠ
3026 5343 3154 5409 δόξα
3190 5344 3283 5395 καὶ
3315 5341 3376 5395 τὸ
3412 5342 3612 5413 κράτος

1956 5437 2033 5497 εἰς
2068 5435 2193 5495 τοὺς
2222 5432 2421 5495 αἰῶνας
2454 5432 2561 5484 τῶν
2598 5430 2829 5484 αἰώνων.
2850 5431 3039 5500 Ἀμήν.

1665 5606 1768 5689 ]εε.
1790 5606 1848 5689 ξ’·

1953 5608 2070 5689 οὶτι]
2101 5601 2405 5689 θιξά.¹τὸ.ᾼ.
2527 5608 2795 5679 χρήσιμον
2824 5623 2933 5661 οιη.
2961 5606 3024 5689 Δ1⁷,
3073 5607 3145 5689 ,³⁸
3169 5608 3442 5689 ἐκκακῇτε
3468 5606 3607 5689 βόε).

173 5683 215 5750 ’ξ
258 5667 529 5750 ἐκκακῆτε
564 5682 626 5733 Α.
770 5667 840 5733 Ἥ.
871 5680 1214 5750 ἐκκακήσητε
1250 5667 1311 5732 [ἱ.
1390 5667 1836 5750 ἓξᾼΔιατίξιιΙιίζ

1952 5680 1985 5732 εέ
2017 5667 2202 5750 μδεΑ.
2233 5678 2295 5750 C.
2328 5677 2390 5730 Ε.
2432 5667 2975 5750 μοιἰ’ξε3ιρὶθεεεει]ιηι
3008 5676 3258 5750 |n1_erpp._
3318 5667 3612 5750 ποιῷ-τόν

174 5746 307 5805 ΕΜ.
346 5746 628 5805 καίθθυει
672 5752 725 5804 in
772 5750 931 5805 codd.
976 5761 1029 5802 et
1067 5746 1214 5802 FIOr.
1263 5766 1316 5805 ι).
1351 5748 1475 5802 557.

175 5823 216 5902 ff
238 5821 564 5902 53719731349-
593 5820 649 5902 δέ
673 5821 822 5902 EN.
869 5820 943 5902 Γ.
968 5817 1232 5902 ἐδπέῗὶσῗυῖ

174 5889 227 5947 C.
261 5892 321 5943 1).
352 5886 419 5946 Ε(
488 5891 655 5953 "7101
692 5889 835 5943 όκτώ
869 5887 1005 5959 Edd.
1082 5886 1578 5959 ⁶¹⁷ἐμαυτοῦ]νεᾱ(1.
1616 5888 1713 5959 μέν
1755 5887 1848 5941 Εάι

1965 5889 2013 5921 ⁸³
2048 5888 2135 5940 ἐτέ
2136 5905 2253 5959 ρων
2289 5887 2425 5943 Edd.

1581 5750 1624 5780 ³⁵
1653 5747 1775 5818 γίνῃ
1809 5747 1870 5800 D.
1916 5750 2049 5818 γένῃ
2091 5748 2152 5802 F.

1301 5823 1348 5872 ic
1374 5819 1525 5888 ιιτιη.
1566 5828 1618 5873 e1
1653 5803 1848 5888 001111.!

1952 5803 2049 5882 σαξ
2072 5817 2208 5873 Edd.
2242 5827 2304 5888 et,
2329 5803 2450 5873 Ge?
2503 5818 2550 5850 “
2581 5818 2672 5871 καί
2700 5803 2821 5888 om:
2845 5818 2906 5872 E.
2940 5832 2993 5886 ρ.
3026 5833 3079 5888 p.
3114 5803 3209 5871 7101

2247 5749 2291 5780 “
2316 5746 2450 5819 τοῖς]
2480 5747 2605 5803 add.
2646 5746 2824 5812 καλῶς
2852 5746 2985 5801 Edd.
3084 5748 3126 5780 ³⁷
3158 5747 3267 5871 μήὲ
3291 5748 3442 5827 μηδέ.
3459 5746 3519 5800 Ε.
3546 5746 3607 5803 l“.

2247 5827 2297 5871 et
2329 5818 2427 5871 Ge.
2503 5818 2550 5850 “
2581 5818 2672 5871 καί
2700 5833 2813 5871 οιη.
2845 5818 2906 5871 Ε.
2940 5832 2993 5871 υ.
3026 5833 3079 5871 n.
3114 5820 3209 5871 καὶ
3271 5819 3326 5871 ιά
3352 5834 3509 5869 τουτο
3541 5818 3603 5871 Α.

2503 5818 2550 5850 ⁸⁸
2581 5818 2672 5871 καί
2700 5833 2813 5872 om.
2845 5818 2906 5872 E.
2940 5832 2993 5886 ρ.
3026 5833 3079 5888 p.
3114 5820 3209 5871 καὶ
3239 5818 3326 5871 διὰ
3352 5818 3509 5869 τοῦτο
3541 5818 3603 5873 Α.
3644 5880 3647 5881 ν

2502 5888 2549 5920 ⁸⁸
2576 5887 2809 5960 ἐκείνου]
2853 5888 3017 5960 αὑτοῦ
3050 5889 3191 5960 F3110.
3257 5889 3303 5923 “
3336 5887 3607 5943 ἐκϐάλλω-

172 5976 273 6031 μεν
296 5963 357 6015 Λ.
440 5962 483 5993 ⁸⁸
523 5958 1043 6029 παραμυθησώμεθα
1076 5956 1211 6015 ΕιΜ.
1288 5960 1333 5991 ⁸⁷
1369 5956 1627 6029 φύγωμεν
1654 5956 1720 6012 D.
1745 5957 2092 6027 διαφύγωμεν
2126 5956 2185 6012 F.
2235 5976 2282 6026 p.
2328 5974 2377 6027 ι).
2424 5958 2515 6027 καὶ
2550 5958 2647 6025 τῆς
2685 5956 3051 6032 ἐλεήμοσύνης
3082 5958 3217 6014 Ειίιί.
