4074 6358
303 684 433 740 Car.
465 685 552 739 11.
589 699 641 737 v.
672 684 724 739 1.
760 682 825 737 Et
850 683 1039 753 factum
1067 692 1157 747 est,
1189 699 1303 736 cum
1331 691 1720 736 consummasset
1747 679 1899 735 Iesus

378 777 677 846 praecipiens
702 775 966 829 duodecim
991 774 1255 844 discipulis
1281 775 1383 828 suis
1402 814 1418 840 ,
1444 773 1641 827 transiit
1662 773 1779 827 inde
1802 813 1817 840 ,
1839 782 1896 826 ut

375 868 576 921 doceret
598 877 646 920 et
671 867 967 936 prtedicaret
994 867 1047 920 in
1071 866 1351 921 civitatibus
1379 883 1571 919 eorum.

377 960 429 1013 1.
470 958 605 1027 Quia
636 960 777 1013 enim
809 957 929 1013 illos
957 958 1207 1022 miserat,
1241 971 1359 1011 sese
1390 955 1686 1023 subtraxit,
1717 954 1894 1010 locum

304 1049 441 1104 dans
480 1051 586 1106 illis
614 1060 670 1105 et
713 1060 921 1120 tempus
957 1049 1186 1104 faciendi
1225 1065 1344 1119 quae
1392 1049 1504 1119 ipse
1548 1059 1892 1119 prmceperat.

305 1141 491 1211 Neque
521 1141 662 1197 enim
696 1142 787 1196 illo
812 1152 1075 1213 praesente
1097 1150 1152 1197 et
1176 1155 1347 1212 aegros
1372 1149 1611 1203 curante,
1642 1140 1896 1195 voluisset

304 1234 570 1303 quispiam
608 1233 675 1288 ad
719 1234 839 1289 illos
890 1234 1167 1288 accedere.
1208 1233 1262 1286 Ξ.
1310 1232 1434 1286 Cum
1473 1232 1694 1286 audisset
1729 1242 1897 1285 autent

304 1327 531 1383 Joannes
559 1329 612 1382 in
635 1344 837 1382 carcere
865 1345 1018 1398 Opera
1046 1326 1252 1392 Christi,
1281 1327 1479 1381 mittens
1506 1327 1631 1380 duos
1660 1343 1723 1381 ea:
1745 1326 1897 1379 disci-

305 1419 441 1487 pulis
472 1419 598 1487 suis,
623 1418 676 1475 5.
707 1418 1048 1491 interrogabat
1074 1435 1185 1472 eum
1214 1419 1385 1473 dicens
1417 1434 1437 1474 :
1468 1417 1545 1473 Tu
1581 1436 1632 1472 es
1657 1418 1744 1489 qui
1773 1435 1894 1473 ocn-

306 1521 451 1567 turus
470 1529 547 1578 es,
574 1528 641 1566 an
669 1511 826 1566 alium
851 1511 1231 1582 exspectamus?
1253 1510 1423 1566 Lucas
1445 1511 1463 1581 (
1490 1509 1616 1582 Cap.
1647 1512 1703 1566 7.
1726 1526 1774 1564 υ.
1803 1510 1893 1566 18.

306 1605 412 1675 19)
472 1620 601 1660 vero
642 1604 775 1660 dicit
814 1605 961 1675 ipsos
1004 1603 1198 1659 Joanni
1240 1604 1390 1674 signa
1430 1602 1546 1673 ejus
1590 1603 1890 1668 nuntiasse,

306 1696 812 1767 tuncqueJoannem
838 1697 957 1751 illos
979 1696 1210 1752 misisse.
1238 1694 1433 1751 Verum
1457 1695 1507 1750 id
1533 1711 1599 1750 ne
1621 1696 1895 1749 minimam

310 1788 527 1859 quidem
559 1789 699 1859 parit
721 1787 1118 1854 difﬁcultatem,
1151 1785 1246 1842 sed
1291 1785 1394 1841 hoc
1430 1786 1603 1841 solum
1645 1784 1895 1841 conside-

304 1881 535 1936 randum
560 1881 739 1944 tradit,
774 1894 967 1951 nempe
994 1880 1140 1950 ipsos
1172 1879 1368 1934 invidia
1399 1887 1586 1934 contra
1617 1878 1765 1934 illum
1794 1876 1894 1932 ﬁa-

304 1988 508 2044 grasse.
529 1974 681 2041 Quod
703 1975 1126 2045 sequiturautem
1143 1988 1484 2041 summopere
1499 1971 1893 2043 inquirendum.

303 2064 568 2132 Quidnam
600 2064 729 2119 illud
755 2064 874 2119 est?
919 2064 1031 2119 Hoc
1072 2064 1292 2128 dictum,
1326 2061 1402 2116 Tu
1445 2078 1497 2117 es
1533 2063 1619 2133 qui
1657 2072 1895 2118 venturus

304 2173 378 2223 es,
402 2174 469 2210 an
499 2158 657 2211 alium
692 2158 1082 2227 exspectamus?
1126 2156 1257 2211 Nam
1305 2158 1396 2228 qui
1442 2157 1525 2212 vel
1576 2166 1701 2212 ante
1745 2158 1893 2229 signa

306 2248 453 2302 illum
486 2258 734 2313 noverat,
779 2250 869 2320 qui
907 2264 938 2303 a
971 2248 1173 2319 Spiritu
1208 2248 1485 2314 didicerat,
1538 2251 1627 2320 qui
1666 2264 1696 2303 a
1739 2249 1894 2305 Patre

303 2340 567 2406 audierat,
619 2341 708 2411 qui
763 2355 944 2395 coram
992 2340 1239 2395 omnibus
1275 2342 1421 2395 illum
1466 2341 1890 2412 praedicaverat:

304 2446 447 2486 nunc
490 2431 654 2485 mittit
691 2431 758 2485 ad
789 2431 937 2486 illum
987 2442 1044 2486 ut
1069 2432 1239 2487 discat
1283 2432 1328 2487 si
1378 2432 1494 2502 ipse
1527 2432 1631 2496 sit,
1682 2434 1894 2487 necne?

302 2522 461 2593 Atqui
490 2523 535 2577 si
552 2524 696 2578 clare
740 2539 845 2578 non
875 2525 1017 2578 nosti
1066 2524 1314 2579 eumdem
1354 2525 1525 2595 ipsum
1570 2540 1691 2581 esse
1714 2567 1729 2593 ,
1762 2542 1895 2597 quo-

303 2615 469 2670 modo
496 2614 727 2686 teipsum
756 2616 861 2671 ﬁde
902 2615 1119 2686 dignum
1150 2625 1308 2687 putas
1328 2660 1343 2685 ,
1373 2618 1463 2689 qui
1498 2618 1566 2673 de
1608 2620 1768 2673 rebus
1800 2619 1892 2674 tibi

303 2707 502 2777 ignotis
548 2708 659 2766 fers
684 2711 1049 2766 sententiam?
1087 2709 1220 2765 Nam
1250 2712 1340 2782 qui
1385 2711 1502 2765 aliis
1552 2713 1886 2779 testiﬁcatur,

303 2802 453 2872 prior
472 2801 587 2872 ipse
612 2802 776 2858 debet
810 2804 913 2858 ﬁde
938 2804 1129 2873 dignus
1158 2819 1300 2859 esse.
1341 2803 1528 2859 Nonne
1558 2815 1612 2859 tu
1639 2805 1855 2862 dicebas
1873 2847 1889 2872 ,

304 2891 430 2947 Non
468 2910 582 2948 sum
626 2893 810 2965 dignus
847 2896 1039 2949 solvere
1086 2896 1356 2967 corrigiam
1409 2898 1734 2975 calceamenti
1783 2899 1893 2967 ejus

303 2986 323 3054 (
354 2983 480 3038 Luc.
513 2986 565 3042 5.
599 2985 665 3041 16
696 2988 754 3055 )‘!
778 2985 967 3041 Nonne
990 2986 1228 3055 dicebas,
1260 2986 1381 3041 Non
1422 3004 1658 3043 noveram
1700 2991 1890 3059 ipsum,

304 3077 393 3131 sed
416 3077 502 3147 qui
530 3078 666 3131 misit
723 3094 802 3131 me
843 3079 1099 3148 baptizare
1140 3079 1195 3131 in
1233 3095 1386 3150 aqua,
1428 3080 1515 3133 ille
1552 3081 1677 3134 mihi
1719 3081 1893 3137 dixit:

304 3170 477 3238 Super
500 3187 647 3236 quem
677 3173 859 3225 videris
889 3172 1142 3242 Spiritum
1170 3172 1583 3239 descendentem,
1612 3185 1657 3227 et
1684 3191 1892 3229 manen-

304 3272 401 3315 tem
425 3279 580 3332 super
607 3280 740 3329 eum,
790 3263 879 3317 ille
904 3276 975 3317 est
1010 3266 1098 3333 qui
1138 3264 1360 3334 baptizat
1399 3266 1452 3318 in
1494 3265 1693 3336 Spiritu
1719 3276 1893 3320 sancto

305 3352 512 3422 (Joan.
556 3354 607 3407 1.
640 3355 799 3426 55)?
847 3360 1041 3409 Annon
1082 3356 1258 3410 vidisti
1302 3357 1557 3425 Spiritum
1614 3358 1670 3412 in
1716 3360 1894 3429 specie

304 3444 607 3500 columbze?
627 3448 817 3500 Annon
846 3446 1038 3501 audisti
1087 3448 1310 3502 vocem?
1338 3447 1525 3503 Nonne
1557 3458 1609 3503 tu
1639 3450 1894 3520 prohibe-

305 3538 401 3593 bas
430 3540 579 3595 illum
605 3538 812 3604 dicens,
839 3539 949 3612 Ego
975 3558 1105 3610 opus
1131 3541 1289 3596 habeo
1314 3559 1345 3596 a
1385 3552 1432 3596 te
1458 3543 1705 3612 baptizari
1723 3586 1738 3610 ,
1768 3554 1814 3599 et
1839 3559 1893 3598 tu

304 3636 441 3691 venis
466 3636 533 3688 ad
556 3652 635 3690 me
666 3635 878 3707 (Matth.
899 3636 953 3691 5.
986 3637 1117 3707 M)?
1144 3636 1334 3692 Nonne
1360 3637 1634 3707 discipulis
1655 3639 1890 3706 dicebas,

305 3726 467 3783 Illum
495 3738 691 3795 oportet
714 3745 955 3795 crescere,
984 3745 1061 3782 me
1080 3738 1246 3782 autem
1276 3730 1437 3781 minui
1463 3728 1653 3801 (Joan.
1678 3731 1730 3785 5.
1761 3731 1893 3801 50)?

305 3820 494 3877 Nonne
515 3822 766 3891 populum
796 3836 1008 3876 omnem
1036 3821 1287 3889 docebas,
1318 3822 1489 3892 ipsum
1510 3823 1893 3891 baptizaturum

306 3913 428 3968 illos
456 3927 575 3967 esse
618 3913 669 3967 in
714 3914 916 3982 Spiritu
969 3922 1155 3967 sancto
1190 3922 1245 3967 et
1289 3913 1411 3983 igne
1440 3912 1592 3983 (Luc.
1614 3916 1667 3971 5.
1695 3915 1809 3986 16),
1840 3923 1893 3970 et

308 4004 481 4076 ipsum
525 4020 646 4060 esse
692 4020 887 4076 agnum
934 4005 1027 4060 Dei
1071 4005 1160 4075 qui
1203 4006 1341 4060 tollit
1387 4017 1662 4077 peccatum
1709 4009 1894 4064 mundi

308 4095 490 4168 (Joan.
519 4096 726 4167 L29)?
754 4097 941 4153 Nonne
976 4108 1101 4152 ante
1135 4096 1251 4152 hzec
1276 4100 1454 4152 omnia
1478 4099 1627 4169 signa
1655 4110 1711 4155 et
1733 4101 1896 4157 mira-

306 4188 425 4242 cula
471 4187 621 4242 illum
671 4188 1014 4259 praedicasti?
1064 4187 1343 4257 Quomodo
1388 4204 1516 4261 ergo
1556 4206 1728 4259 nunc,
1770 4206 1894 4248 cum

307 4289 468 4335 notus
508 4290 591 4337 est
638 4282 906 4347 omnibus,
938 4282 1162 4353 ejusque
1201 4281 1341 4337 fama
1394 4284 1629 4354 undique
1672 4286 1893 4355 volavit,

307 4380 590 4443 postquam
622 4373 818 4428 mortui
846 4383 1192 4428 surrexerunt
1213 4415 1227 4440 ,
1255 4375 1528 4432 daemones
1549 4376 1710 4448 fugati
1731 4387 1855 4433 sunt
1875 4419 1892 4445 ,

306 4475 363 4521 et
394 4475 539 4521 tanta
564 4466 837 4537 signorum
864 4467 945 4521 vis
970 4467 1187 4535 effulsit,
1211 4469 1377 4524 mittis
1406 4477 1464 4524 ut
1490 4469 1543 4524 id
1571 4470 1752 4526 abillo
1777 4470 1896 4526 edi-

307 4558 468 4612 scas?
496 4557 634 4626 Quid
671 4574 831 4628 porro
857 4558 1054 4614 factum
1078 4560 1203 4615 est?
1235 4576 1361 4615 num
1393 4560 1574 4616 omnia
1619 4562 1781 4617 verba
1807 4562 1896 4618 illa
1927 4564 1933 4574 '

309 4650 457 4706 fraus
485 4661 661 4717 erant,
686 4667 844 4707 scena
880 4662 937 4708 et
972 4651 1187 4707 fabula?
1210 4653 1279 4707 Et
1306 4653 1426 4724 quis
1454 4653 1649 4709 mentis
1676 4669 1898 4726 compos

311 4744 427 4799 haec
457 4743 699 4799 diceret?
728 4759 834 4799 non
879 4744 999 4799 dico
1024 4746 1091 4800 de
1138 4743 1377 4813 Joanne,
1417 4746 1507 4817 qui
1547 4746 1602 4803 in
1626 4756 1780 4804 utero
1804 4763 1900 4804 ex-

308 4836 524 4891 sultavit
547 4836 696 4908 (Luc.
718 4838 770 4891 1.
797 4836 909 4907 ii),
944 4836 1032 4907 qui
1061 4846 1184 4892 ante
1206 4848 1413 4909 partum
1441 4840 1613 4909 ipsum
1642 4842 1899 4911 przedica-

309 4928 421 4993 vit,
448 4927 647 4983 deserti
692 4928 885 4996 incola,
914 4931 1003 4999 qui
1048 4931 1343 5000 angelicam
1390 4932 1541 4986 duxit
1568 4933 1770 5002 vitam;
1801 4935 1898 4991 sed

308 5021 518 5076 etiamsi
540 5021 659 5091 quis
688 5032 918 5078 essetex
944 5023 1212 5081 vilissimis
1241 5027 1478 5081 omnium
1501 5067 1516 5091 ,
1557 5037 1678 5098 post
1718 5038 1797 5085 tot
1821 5040 1902 5086 te-

309 5115 584 5180 stimonia,
623 5124 677 5171 et
704 5131 798 5170 sua
828 5126 883 5171 et
927 5117 1153 5172 aliorum
1179 5160 1194 5185 ,
1240 5135 1571 5190 nequaquam
1611 5121 1894 5180 dubitaret.

314 5206 468 5263 Unde
489 5209 663 5277 palam
689 5216 771 5263 est
798 5224 922 5263 eum
952 5224 1058 5263 non
1085 5208 1418 5266 dubitantem
1448 5211 1660 5269 misisse
1678 5255 1694 5281 ,
1724 5228 1900 5285 neque

311 5302 645 5370 ignorantem
674 5302 1049 5371 interrogasse.
1082 5301 1266 5372 Neque
1287 5318 1417 5359 vero
1430 5305 1693 5375 quispiam
1718 5305 1901 5362 dicere

314 5393 516 5463 possit,
549 5392 723 5463 ipsum
754 5392 808 5447 id
838 5394 982 5448 clare
1008 5393 1325 5463 cognovisse
1350 5434 1367 5461 ,
1412 5396 1506 5450 sed
1531 5397 1602 5452 ob
1626 5411 1898 5453 carcerem

312 5485 637 5540 timidiorem
663 5485 899 5542 evasisse
929 5504 943 5542 ;
977 5500 1150 5557 neque
1167 5487 1310 5542 enim
1333 5500 1392 5542 se
1413 5501 1481 5542 ex
1507 5502 1723 5545 carcere
1761 5491 1899 5547 libe-

310 5578 537 5636 randum
563 5579 927 5649 exspectabat,
958 5594 1132 5650 neque
1160 5580 1205 5636 si
1231 5590 1615 5651 exspectasset,
1637 5582 1900 5654 prodidis-

312 5680 395 5727 set
414 5671 719 5737 veritatem,
741 5671 832 5741 qui
863 5670 930 5726 ad
969 5678 1171 5727 mortes
1200 5671 1457 5743 plurimas
1506 5683 1724 5746 paratus
1761 5685 1896 5731 erat.

315 5761 429 5820 Nisi
461 5762 606 5819 enim
644 5760 713 5818 ad
763 5776 950 5818 necem
979 5770 1198 5834 paratus
1245 5761 1453 5833 fuisset,
1493 5775 1619 5823 ante
1646 5766 1899 5838 populum

1193 333 1260 390 IN
1297 333 1701 392 MATTIL’EUM
1742 333 1970 392 IIOMIL.
2001 336 2243 397 XXXVI.
2283 343 2353 397 al.
2396 344 2536 400 XXX
2552 341 2658 403 VII.

1712 472 1973 485 .——__

3487 361 3589 418 413

2053 477 3587 514 ____________________

1319 540 1665 602 HOMILIA
1722 540 2024 607 XXXVI.
2072 549 2157 610 al.
2204 551 2530 616 XXXVII.

2003 696 2171 781 certe,
2199 692 2287 760 qui
2339 695 2706 764 prepheticum
2756 714 2973 771 semper
3012 702 3236 762 fundere
3274 711 3589 781 sanguinem

2000 779 2378 851 meditabatur,
2402 795 2602 843 tantam
2633 791 2795 846 animi
2836 796 3084 851 virtutem
3129 779 3590 873 demonstrasset;

2000 883 2106 923 non
2136 873 2407 930 crudelem
2431 878 2578 933 illum
2612 891 2895 952 tyrannum
2921 902 3042 942 cum
3083 898 3226 945 tanta
3257 893 3504 953 libertate
3538 898 3591 952 iu

1998 959 2173 1015 media
2204 964 2333 1020 urbe
2353 975 2409 1021 et
2457 968 2577 1024 foro
2632 972 3023 1046 redarguiSset,
3070 994 3191 1035 cum
3241 985 3580 1043 audientibus

1998 1054 2245 1111 omnibus
2288 1058 2438 1115 illum
2485 1064 2636 1133 quasi
2677 1070 2956 1136 puerulum
3004 1073 3324 1143 increparet.
3373 1078 3427 1134 Si
3460 1095 3591 1135 vero

2001 1146 2235 1205 timidior
2282 1152 2505 1210 effectus
2544 1168 2700 1225 erat,
2732 1176 2827 1216 cur
2866 1164 3158 1235 discipulos
3205 1184 3332 1225 suos
3376 1174 3590 1229 mittere

1999 1254 2104 1333 non
2136 1242 2367 1311 erubuit,
2396 1246 2449 1301 in
2475 1265 2697 1319 quorum
2726 1258 3009 1323 prmsentia
3044 1266 3119 1314 tot
3151 1269 3405 1333 tantaque
3435 1267 3589 1319 testi-

1999 1329 2188 1387 ﬁcatus
2217 1345 2353 1404 erat,
2404 1340 2498 1394 sed
2527 1356 2621 1411 per
2650 1344 2769 1399 illos
2820 1346 3114 1419 interrogat
3159 1367 3279 1408 cum
3321 1329 3426 1425 per
3454 1358 3589 1413 alios

1999 1428 2315 1494 oporteret?
2342 1428 2673 1505 Quamquam
2722 1437 2869 1496 clare
2915 1452 3175 1511 noverat,
3210 1445 3355 1515 ipsos
3392 1449 3587 1506 invidia

2001 1516 2053 1570 in
2083 1516 2357 1577 Christum
2396 1540 2518 1581 esse
2566 1539 2856 1597 permotos,
2905 1540 2960 1586 et
2987 1535 3298 1593 occasiones
3347 1551 3587 1611 captare.

1998 1608 2281 1677 Quomodo
2308 1630 2415 1671 non
2441 1618 2510 1674 ob
2553 1619 2826 1678 Judaicam
2868 1626 3079 1695 plebem
3124 1631 3327 1698 pudore
3365 1608 3590 1690 affectus

1999 1700 2209 1798 fuisset,
2237 1709 2329 1778 qui
2367 1717 2514 1767 tanta
2560 1716 2983 1785 praedicaverat?
3006 1721 3145 1789 Quid
3184 1740 3313 1780 vero
3336 1728 3461 1782 hiue
3487 1729 3586 1798 ipsi

1999 1794 2306 1853 adminiculi
2352 1799 2585 1858 futurum
2626 1816 2744 1861 erat
2788 1819 2847 1863 ut
2883 1825 2914 1865 a
2961 1812 3185 1869 vinculis
3232 1794 3589 1875 liberaretur?

1998 1887 2183 1960 Neque
2210 1892 2351 1946 enim
2380 1904 2599 1966 propter
2624 1896 2893 1956 Christum
2938 1902 3026 1957 illo
3070 1907 3344 1976 conjectus
3373 1908 3538 1965 fuerat
3566 1953 3583 1977 ,

1999 1995 2175 2050 neque
2218 1984 2359 2053 quod
2385 1984 2502 2055 ejus
2522 1987 2771 2044 virtutem
2815 1993 3190 2064 praedicasset,
3223 1998 3316 2052 sed
3357 2002 3497 2069 quod
3520 2001 3588 2057 de

1999 2072 2183 2143 iniquo
2211 2076 2460 2147 conjugio
2491 2079 2870 2152 redarguisset.
2921 2087 3113 2142 Annon
3155 2090 3408 2146 inscnsati
3453 2110 3586 2162 pue-

1998 2164 2216 2229 ruli,vel
2249 2171 2477 2223 amentis
2505 2172 2798 2243 cujuSpiam
2831 2175 3062 2233 hominis
3102 2181 3200 2235 sibi
3231 2181 3422 2238 famam
3452 2200 3586 2240 con-

1997 2254 2270 2312 ciliasset?
2298 2259 2435 2325 Quid
2460 2276 2588 2334 ergo
2605 2263 2690 2319 hic
2713 2266 2925 2335 agitur?
2950 2268 3102 2337 Quod
3119 2272 3260 2325 enim
3279 2272 3585 2344 hujusmodi

1996 2345 2256 2403 dubitatio
2283 2366 2387 2405 non
2429 2354 2496 2407 sit
2534 2353 2790 2421 Joannis,
2826 2358 2936 2412 imo
2963 2375 3029 2413 ne
3068 2361 3303 2430 cujusvis
3354 2365 3587 2422 hominis

1997 2440 2156 2495 etiam
2175 2442 2365 2511 insani,
2394 2461 2463 2499 ex
2494 2446 2649 2502 dictis
2668 2449 2778 2518 jam
2800 2450 2983 2521 liquet.
3006 2452 3124 2508 Jam
3157 2465 3324 2510 restat
3352 2466 3410 2512 ut
3436 2461 3586 2515 solu-

1998 2533 2197 2589 tionem
2223 2536 2529 2595 aﬁ'eramus.
2558 2538 2665 2596 Cur
2683 2557 2812 2612 ergo
2836 2545 3221 2617 interrogatum
3234 2550 3378 2604 misit
3404 2551 3427 2604 ?
3454 2551 3584 2608 Jesu

1997 2623 2211 2681 Christo
2240 2627 2661 2687 adversabantur
2688 2632 2932 2704 discipuli
2949 2635 3191 2701 Joannis,
3220 2639 3378 2710 idque
3404 2641 3582 2697 omni-

1995 2714 2097 2773 bus
2126 2719 2341 2790 planum
2369 2731 2470 2788 est,
2495 2737 2560 2778 ac
2584 2733 2766 2779 contra
2797 2726 2942 2781 illum
2974 2728 3169 2784 invidia
3194 2745 3408 2802 semper
3433 2748 3552 2788 com
3570 2764 3586 2774 -

1995 2810 2127 2864 moti
2154 2821 2329 2876 erant,
2364 2814 2504 2883 quod
2535 2816 2871 2872 manifestum
2894 2828 2977 2873 est
3004 2836 3069 2875 ex
3102 2821 3167 2876 iis
3186 2838 3305 2892 quae
3326 2826 3583 2895 magistro

1996 2914 2096 2954 suo
2123 2902 2369 2958 dicebant
2398 2922 2411 2958 :
2441 2922 2654 2976 nempe.
2676 2910 2774 2974 Qui
2800 2919 2961 2963 tecum
2983 2922 3092 2965 erat
3114 2921 3255 2967 trans
3278 2913 3583 2985 Iordanem,

1996 2994 2080 3045 cui
2106 3002 2160 3047 tu
2182 2997 2474 3065 testiﬁcatus
2499 3015 2571 3066 es,
2602 3017 2714 3054 ecce
2737 3002 2819 3055 hic
2839 3002 3082 3073 baptisat,
3117 3016 3162 3060 et
3189 3024 3361 3063 omnes
3379 3010 3586 3066 veniunt

1995 3085 2063 3139 ad
2089 3086 2233 3140 illum
2264 3088 2440 3159 (Joan.
2473 3091 2524 3146 5.
2553 3090 2664 3162 26).
2695 3093 2773 3147 Ac
2797 3110 3007 3148 rursum
3032 3099 3254 3166 quaestio
3283 3100 3417 3155 facta
3449 3112 3531 3156 est
3556 3120 3588 3158 a

1995 3175 2194 3233 Judteis
2216 3189 2269 3234 et
2299 3195 2400 3234 una
2444 3196 2473 3235 a
2513 3181 2731 3238 Joannis
2757 3184 3034 3256 discipulis
3081 3190 3219 3244 circa
3261 3194 3587 3261 puriﬁcatio-

1996 3285 2142 3339 nem,
2173 3280 2332 3341 atque
2358 3274 2425 3328 ad
2448 3274 2593 3329 illum
2616 3291 2801 3331 rursus
2830 3279 3143 3336 accedentes
3164 3282 3411 3338 dicebant
3437 3305 3450 3340 :
3484 3286 3590 3341 Cur

1998 3379 2091 3417 nos
2120 3372 2164 3416 et
2190 3362 2444 3419 Phariswi
2465 3368 2787 3437 jejunamus,
2809 3372 3125 3442 frequenter,
3153 3375 3394 3447 discipuli
3420 3390 3589 3434 autem

1998 3456 2072 3509 tui
2097 3471 2198 3509 non
2219 3458 2457 3529 jejunant
2490 3458 2706 3542 (Matth.
2736 3461 2790 3516 9.
2816 3464 2946 3533 14)?

2067 3547 2122 3600 2.
2162 3547 2411 3603 Nondum
2442 3550 2584 3606 enim
2607 3551 2866 3619 sciebant,
2897 3554 3016 3624 quis
3042 3566 3188 3613 esset
3204 3558 3468 3627 Christus,
3492 3562 3592 3618 sed

1995 3639 2179 3695 Jesum
2204 3655 2411 3695 merum
2447 3640 2720 3698 hominem
2750 3646 3086 3715 suspicantes
3132 3664 3253 3704 esse
3275 3689 3291 3716 ,
3323 3651 3587 3708 Joannem

1997 3746 2126 3786 vero
2152 3731 2269 3801 plus
2291 3748 2452 3803 quam
2480 3734 2750 3790 hominem
2773 3777 2791 3802 ,
2836 3751 2979 3807 aegre
3025 3737 3269 3795 ferebant
3314 3743 3586 3799 celebrem

1998 3822 2148 3877 illum
2179 3821 2423 3879 videntes
2474 3839 2614 3892 esse,
2642 3825 2905 3882 Joannem
2935 3844 3064 3885 vero
3089 3832 3278 3901 minui,
3311 3836 3447 3890 sicut
3472 3837 3588 3906 ipse

1998 3911 2339 3983 praedixerat.
2367 3914 2435 3969 Et
2458 3915 2563 3971 hoc
2588 3916 2911 3987 impediebat
2933 3922 3219 3991 quominus
3246 3927 3586 3995 accederent,

1996 4004 2196 4061 invidia
2221 4006 2422 4062 aditum
2449 4008 2755 4066 dirimente.
2798 4011 2977 4068 Donec
3001 4024 3181 4071 autem
3206 4016 3440 4073 Joannes
3464 4034 3587 4075 cum

1951 4175 1957 4181 '
1998 4097 2103 4153 illis
2153 4106 2307 4166 erat,
2358 4098 2671 4155 hortabatur
2719 4101 2836 4157 illos
2880 4105 3186 4175 frequenter
3224 4118 3280 4162 et
3325 4108 3587 4179 ducebat,

2000 4203 2175 4260 neque
2203 4189 2255 4244 id
2285 4189 2391 4245 illis
2413 4191 2738 4261 persuadere
2764 4202 2974 4263 poterat
3006 4215 3021 4251 :
3051 4212 3171 4251 cum
3204 4213 3332 4253 vero
3362 4205 3588 4256 muritu~

1924 4327 1941 4353 ,η
2001 4294 2096 4335 rus
2116 4288 2280 4348 esset,
2309 4284 2482 4352 majus
2537 4283 2605 4338 ad
2646 4284 2777 4338 illud
2805 4283 3024 4341 adhibet
3050 4288 3286 4344 studium
3320 4308 3334 4344 :
3368 4293 3590 4350 timebat

1955 4416 1958 4419 λ
2000 4373 2147 4428 enim
2167 4387 2235 4428 ne
2260 4375 2406 4444 pravi
2434 4373 2702 4445 dogmatis
2725 4381 3059 4434 occasionem
3098 4381 3459 4454 relinqueret,
3484 4386 3588 4441 illi-

1936 4470 1955 4527 ί
2002 4479 2107 4535 que
2132 4475 2468 4521 manerenta
2492 4464 2708 4523 Christo
2736 4468 3007 4538 disjuucti.
3034 4469 3093 4525 Id
3134 4471 3221 4527 ille
3264 4476 3507 4545 curabat,
3537 4489 3592 4535 et

2002 4555 2155 4613 initio
2183 4559 2284 4627 ipsi
2305 4572 2434 4614 suos
2460 4573 2647 4615 omnes
2671 4559 2983 4617 adducebat.
3013 4561 3145 4619 Cum
3171 4574 3350 4622 autem
3376 4567 3456 4625 illi
3483 4586 3591 4625 non

2003 4649 2463 4719 obtemperarent,
2492 4652 2786 4707 moriturus
2805 4652 3024 4709 demum
3069 4657 3260 4726 majori
3302 4667 3385 4715 est
3409 4662 3587 4717 studio

1958 4738 1969 4795 ’ζ
2006 4739 2293 4796 usus.Nam
2320 4742 2365 4796 si
2388 4741 2630 4809 dixisset,
2655 4742 2806 4798 Illum
2832 4743 3107 4817 adite,qui
3132 4749 3324 4805 melior
3348 4766 3436 4806 me
3464 4761 3548 4807 est
3572 4769 3588 4808 :

2003 4848 2111 4888 non
2141 4832 2643 4904 obtemperassent,
2690 4835 2834 4906 quod
2885 4837 2963 4891 sic
3011 4837 3086 4892 illi
3132 4849 3315 4895 essent
3350 4840 3589 4898 addicti:

1974 4934 2284 4997 -putassent
2308 4926 2453 4981 enim
2504 4926 2653 4982 illum
2703 4943 2801 4998 per
2839 4928 3162 4985 modestiam
3197 4931 3271 4986 ita
3312 4933 3496 5003 loqui.
3538 4947 3595 4990 et

1967 5036 1972 5043 ·
2005 5019 2175 5090 magis
2201 5018 2276 5074 illi
2299 5019 2582 5075 haesissent
2610 5036 2625 5073 :
2658 5019 2705 5074 si
2737 5035 2862 5075 vero
2891 5023 3164 5089 tacuisset,
3197 5038 3284 5079 res
3308 5024 3502 5083 eodem
3538 5028 3592 5082 in

2004 5120 2147 5168 statu
2163 5127 2413 5168 mansura
2444 5120 2578 5169 erat.
2598 5112 2735 5180 Quid
2762 5112 3091 5183 igiturfacit?
3108 5114 3397 5186 Exspectat
3420 5117 3595 5174 donec

2004 5204 2073 5260 ab
2102 5204 2206 5260 illis
2247 5204 2429 5259 audiat
2479 5205 2657 5274 ipsum
2707 5204 2963 5259 miracula
3010 5206 3203 5272 edere;
3252 5223 3427 5280 neque
3467 5220 3595 5268 tunc

2006 5296 2127 5352 illos
2156 5295 2420 5363 hortatur,
2464 5311 2638 5366 neque
2664 5310 2854 5351 omnes
2904 5297 3087 5363 mittit,
3130 5298 3225 5354 sed
3273 5298 3410 5357 duos
3456 5318 3595 5373 quos

2005 5388 2143 5444 [orte
2162 5388 2414 5445 credebat
2438 5403 2560 5445 esse
2586 5388 2652 5444 ad
2676 5388 3001 5445 credendum
3027 5391 3405 5461 promptiores,
3427 5405 3482 5449 ut
3513 5395 3597 5450 in-

2006 5483 2297 5555 terrogatio
2339 5483 2470 5539 nulli
2519 5490 2664 5538 esset
2704 5482 2995 5553 suspicioni
3038 5481 3290 5551 obnoxia,
3328 5494 3489 5557 atque
3526 5503 3596 5544 ex

2007 5576 2139 5647 ipsis
2157 5576 2319 5633 rebus
2343 5575 2664 5642 ediscerent,
2695 5585 2951 5646 quantum
2969 5573 3253 5630 interesset
3267 5574 3594 5634 discriminis

2006 5668 2192 5726 Jesum
2222 5668 2371 5736 inter
2412 5678 2465 5724 et
2509 5665 2770 5723 Joannem
2800 5682 2816 5721 :
2842 5666 3021 5738 aitque
3059 5683 3075 5721 :
3112 5665 3271 5723 Abite
3308 5676 3365 5723 et
3395 5667 3592 5725 dicite:

2008 5766 2090 5823 Tu
2116 5784 2168 5824 es
2208 5765 2297 5839 qui
2331 5775 2571 5822 venturus
2600 5779 2686 5833 es,
2711 5780 2780 5819 au
2816 5762 2976 5819 alium
3019 5764 3415 5837 exspectamus?
3438 5761 3601 5825 Chri-
