4074 6358
533 340 638 399 415

536 463 650 507 stus
681 467 810 506 vero
829 448 1048 505 Joannis
1070 455 1302 502 mentem
1327 443 1663 512 intelligens,
1693 454 1797 493 non
1825 437 1990 501 dixit,
2017 435 2127 505 Ego

539 560 658 596 sum
686 561 699 598 :
727 557 849 596 nam
905 540 956 594 id
1006 539 1282 592 auditores
1327 533 1658 595 offendisset,
1709 543 2029 599 quamquam
2075 526 2127 580 id

538 641 930 702 consequenter
959 630 1062 684 dici
1087 636 1330 699 poterat;
1358 624 1450 680 sed
1471 623 1523 678 id
1558 639 1623 678 ex
1653 622 1781 691 ipsis
1821 620 1980 674 rebus
2007 617 2125 673 edi-

540 739 691 779 scere
715 723 860 778 sinit.
892 722 1090 775 Dicitur
1108 718 1252 775 enim
1281 717 1372 780 ibi,
1415 717 1586 785 ipsum
1608 711 1990 768 accedentibus
2017 710 2120 764 illis

544 815 740 868 inultos
767 826 1001 868 curasse.
1051 812 1119 863 At
1162 809 1304 864 enim
1345 822 1462 872 quae
1489 803 1677 859 fuisset
1719 800 2124 871 consequentia,

543 908 929 975 interrogatum
949 918 1073 958 num
1100 903 1213 972 ipse
1237 908 1396 963 esset,
1418 897 1548 952 nihil
1569 896 1636 950 ad
1654 895 1754 949 hoc
1779 892 2124 963 respondere,

541 1001 635 1053 sed
666 999 844 1052 statim
873 1010 1045 1064 aegros
1074 1007 1292 1058 curare,
1332 989 1434 1044 nisi
1474 989 1574 1042 hoc
1613 987 1791 1041 facere
1833 983 2121 1050 voluisset,

541 1089 682 1160 quod
703 1086 850 1142 dixi?
872 1086 948 1140 Ex
976 1085 1136 1138 rebus
1165 1081 1308 1138 enim
1339 1079 1468 1148 ipsis
1500 1077 1858 1132 testimonium
1892 1073 2125 1130 credibi-

543 1185 667 1247 lius,
725 1182 1004 1249 minusque
1057 1174 1343 1245 suspicioni
1395 1170 1680 1227 obnoxium
1724 1169 1941 1238 putabat
1980 1182 2122 1234 esse,

542 1290 697 1344 quam
721 1273 902 1328 verba.
933 1269 1064 1326 Cum
1091 1269 1250 1323 sciret
1271 1281 1418 1336 ergo,
1449 1271 1632 1332 utpote
1648 1263 1806 1328 Dens,
1827 1276 1926 1332 qua
1947 1268 2127 1316 mente

542 1368 662 1420 illos
695 1365 928 1419 misisset
951 1362 1203 1424 Joannes,
1234 1358 1413 1412 statim
1441 1357 1852 1421 sanavitca-cos,
1884 1351 2122 1418 claudos,

545 1459 784 1527 aliosque
818 1455 1030 1519 inultos,
1081 1468 1186 1506 non
1235 1459 1290 1504 ut
1334 1451 1480 1503 illum
1521 1448 1770 1510 doceret,
1814 1445 1953 1516 (cur
1981 1443 2124 1498 cnim

543 1548 816 1602 docuisset
843 1561 986 1609 eum,
1016 1542 1106 1614 qui
1121 1543 1229 1612 jam
1257 1540 1508 1596 credebat
1548 1549 1603 1594 et
1645 1532 2123 1606 obtemperabat?)

543 1640 639 1694 sed
681 1649 738 1694 ut
784 1636 1072 1706 discipulos
1111 1635 1226 1703 ejus
1281 1632 1583 1688 dubitantes
1635 1629 1933 1682 institueret
1965 1645 1977 1680 :
2006 1627 2125 1680 ideo

543 1743 663 1802 post
707 1731 989 1786 multorum
1018 1727 1344 1784 curationem
1385 1725 1458 1778 ait
1490 1723 1580 1778 ει.
1623 1721 1810 1774 Euntes
1847 1718 2127 1772 renuntiate

541 1822 732 1876 Joamti
770 1837 884 1892 quae
920 1820 1109 1873 auditis
1140 1827 1187 1872 et
1229 1816 1422 1870 videtis.
1463 1814 1517 1870 5.
1555 1812 1684 1866 (ἰαισὶ
1721 1811 1906 1876 rident,
1955 1808 2126 1862 claudi

541 1913 822 1978 ambulant,
872 1911 1059 1980 leprosi
1097 1907 1424 1970 mandantur,
1464 1903 1606 1959 surdi
1655 1902 1887 1968 audiunt,
1941 1903 2126 1952 mortui

541 2007 848 2060 suscitantur
865 2045 881 2071 ,
913 2019 1158 2074 pauperes
1177 1999 1583 2071 euangelizantur
1608 2013 1627 2051 :
1652 2005 1706 2052 et
1734 1995 1915 2064 adjicit
1943 2011 1956 2046 :
1981 1993 2031 2046 6.
2059 1989 2124 2045 Et

541 2101 714 2154 beatus
740 2099 826 2169 qui
850 2114 950 2151 non
970 2097 1122 2166 fuerit
1143 2093 1513 2149 scandalizatus
1536 2091 1590 2143 in
1621 2105 1699 2142 me
1721 2104 1740 2142 :
1759 2086 2047 2142 ostendens
2067 2099 2124 2137 se

542 2193 719 2246 cordis
747 2205 931 2245 eorum
973 2193 1175 2244 secreta
1211 2199 1387 2240 nosse.
1424 2181 1480 2238 Si
1521 2181 1663 2236 enim
1707 2180 1968 2241 dixisset,
2015 2176 2125 2244 Ego

541 2299 679 2345 sum,
700 2281 748 2335 id
777 2281 917 2345 illos,
949 2287 1008 2332 ut
1028 2276 1136 2347 jam
1150 2275 1280 2339 dixi,
1301 2271 1630 2337 oﬂ‘endisset,
1673 2269 2122 2338 cogitassentque,

541 2375 642 2430 etsi
670 2392 774 2430 non
805 2374 1096 2435 dixissent,
1127 2369 1177 2424 id
1205 2367 1346 2440 quod
1391 2364 1560 2422 Judmi
1608 2363 1680 2417 illi
1728 2361 1976 2415 dicebant
2003 2376 2018 2414 :
2049 2357 2125 2411 Tu

542 2469 605 2521 de
633 2477 678 2521 te
708 2468 820 2536 ipso
847 2463 1183 2519 testimonium
1217 2462 1309 2514 das
1337 2458 1356 2528 (
1381 2457 1539 2512 Joan.
1565 2455 1620 2510 8.
1651 2453 1721 2508 15
1744 2451 1786 2525 ).
1819 2451 2045 2520 Ideoque
2073 2449 2124 2505 id

544 2560 633 2613 ille
665 2574 766 2611 non
797 2555 961 2619 dicit,
993 2552 1087 2608 sed
1133 2567 1203 2606 ex
1239 2548 1512 2604 miraculis
1546 2552 1697 2601 curat
1737 2551 1791 2595 ut
1836 2541 1910 2596 illi
1945 2539 2122 2595 omnia

542 2650 802 2712 ediscant,
851 2645 1148 2700 doctrinam
1197 2640 1409 2695 tradens
1465 2646 1522 2693 et
1571 2635 1849 2691 clariorem
1889 2639 1944 2688 et
1995 2630 2124 2685 nulli

543 2740 836 2812 suspicioni
879 2737 1184 2795 obnoxiam.
1217 2733 1420 2789 Idcirco
1457 2731 1596 2786 clam
1637 2729 1758 2785 illos
1797 2727 2125 2798 redarguens

543 2835 674 2890 illud
723 2832 934 2903 adjecit.
984 2829 1115 2898 Quia
1165 2831 1307 2891 enim
1348 2825 1401 2879 in
1444 2824 1562 2893 ipso
1605 2819 2122 2883 scandalizabantur,

543 2928 752 2984 illorum
779 2923 1020 2979 morbum
1051 2920 1272 2986 detexit,
1301 2924 1356 2973 et
1391 2915 1518 2970 illud
1545 2912 1882 2970 conscientiae
1917 2920 2122 2965 tantum

545 3023 779 3089 ipsorum
809 3015 1041 3088 reliquit,
1073 3013 1285 3070 nemine
1325 3011 1584 3067 advocato
1626 3007 1932 3064 maledicti'
1964 3013 2120 3069 teste,

543 3115 780 3183 ipsisque
825 3111 954 3166 solis
997 3109 1050 3164 id
1089 3107 1425 3164 scientibus:
1460 3105 1647 3175 sicque
1690 3101 1878 3157 melius
1907 3099 2124 3154 attraxit

543 3207 686 3271 illos,
732 3203 952 3258 dicens:
983 3199 1172 3254 Beatus
1209 3199 1294 3267 qui
1331 3213 1432 3251 non
1469 3196 1621 3266 fuerit
1656 3191 2030 3250 scandalizatus
2071 3191 2125 3245 in

542 3314 636 3350 tne.
668 3296 798 3350 Nam
820 3293 936 3348 haec
959 3291 1110 3356 dixit,
1141 3290 1259 3345 illos
1287 3290 1430 3359 ipsos
1453 3286 1813 3342 subindicans.
1839 3283 1917 3340 Ne
1947 3293 2123 3339 autem

545 3397 726 3442 nostra
759 3393 960 3438 tantum
985 3383 1299 3446 referamus,
1324 3377 1420 3434 sed
1447 3387 1507 3433 ut
1532 3378 1608 3433 rei
1633 3376 1906 3432 firmanda:
1932 3375 1997 3430 iis
2021 3374 2119 3428 ad-

545 3479 739 3544 ductis,
770 3491 888 3546 qua:
913 3476 980 3529 ab
1016 3473 1134 3528 aliis
1177 3473 1320 3527 dicta
1357 3479 1517 3538 sunt,
1543 3469 1825 3525 clariorem
1869 3467 2024 3523 vobis
2056 3482 2121 3523 ex

545 3571 808 3623 dictarunt
861 3564 1260 3636 comparatione
1329 3563 1610 3619 veritatem
1671 3561 1979 3626 tradamus,
2033 3558 2122 3614 illa

548 3663 707 3714 etiam
737 3658 826 3712 hic
865 3656 1105 3728 proferre
1159 3667 1378 3709 necesse
1425 3661 1528 3708 est.
1579 3650 1716 3720 Quid
1766 3665 1894 3720 ergo
1941 3648 2140 3704 dicunt

549 3746 834 3805 nonnulli?
867 3748 993 3802 Eam
1021 3760 1178 3816 quam
1206 3743 1630 3808 retulimus,non
1655 3755 1836 3796 veram
1858 3754 1978 3796 esse
1998 3755 2124 3796 cau-

545 3858 658 3896 sam
692 3857 705 3895 :
729 3838 822 3894 sed
847 3852 970 3892 vere
997 3839 1268 3906 ignorasse
1299 3833 1582 3901 Joannem,
1609 3847 1710 3889 nec
1745 3841 1913 3888 totum
1942 3840 2121 3887 tamen

545 3935 822 4001 ignorasse
852 3947 866 3982 :
894 3938 947 3983 et
974 3926 1123 3980 illum
1171 3925 1385 3995 quidem
1429 3937 1549 3978 esse
1585 3919 1857 3979 Christum
1884 3923 2118 3990 novisse,

542 4024 683 4098 quod
705 4031 882 4079 autem
906 4033 1002 4091 pro
1032 4017 1334 4073 hominibus
1355 4015 1643 4071 moriturus
1663 4015 2120 4083 essetignorasse:

542 4117 742 4172 idcirco
768 4113 988 4176 dixisse,
1018 4109 1100 4165 Tu
1126 4125 1178 4164 es
1204 4109 1288 4179 qui
1315 4118 1552 4162 venturus
1590 4108 1682 4162 es?
1710 4107 1762 4163 id
1791 4115 1906 4174 est,
1937 4107 2037 4173 Qui
2066 4107 2120 4162 in

542 4206 806 4264 internum
838 4219 896 4258 es
923 4203 1298 4257 descensurus.
1317 4199 1514 4255 Verum
1537 4198 1590 4253 id
1605 4214 1726 4254 cum
1748 4206 1894 4253 recta
1914 4198 2120 4254 ratione

547 4307 804 4372 pugnaret
837 4295 1110 4352 :Joaunes
1150 4294 1344 4364 quippe
1380 4307 1487 4348 non
1531 4292 1631 4347 hoc
1667 4291 1964 4362 ignorabat.
2008 4290 2121 4348 Hoc

541 4393 684 4446 enim
711 4400 834 4444 ante
861 4389 962 4443 alia
996 4385 1318 4457 praedicabat
1342 4400 1464 4440 cum
1509 4385 1744 4452 diceret,
1775 4383 1910 4439 Ecce
1958 4400 2122 4455 agnus

544 4484 659 4545 Dei,
690 4483 774 4552 qui
803 4480 934 4535 tollit
974 4487 1178 4550 peccata
1214 4477 1393 4530 mundi
1432 4474 1631 4547 (Joan.
1661 4475 1713 4530 1.
1745 4474 1815 4532 29
1839 4475 1880 4546 ).
1914 4477 2122 4546 Agnum

543 4591 672 4629 vero
699 4574 907 4626 vocavit
927 4611 942 4634 ,
973 4585 1186 4625 crucem
1217 4569 1548 4640 praedicans;
1579 4583 1641 4622 ac
1666 4583 1787 4623 cum
1834 4568 1984 4634 dicit,
2019 4569 2119 4634 Qui

546 4667 676 4721 tollit
725 4673 929 4734 peccata
967 4662 1180 4726 mundi,
1215 4661 1443 4730 idipsum
1469 4660 1802 4730 significavit.
1857 4660 1971 4715 Non
2013 4662 2119 4716 alio

543 4757 685 4813 enim
713 4769 870 4825 quam
896 4768 988 4823 per
1014 4766 1226 4806 crucem
1264 4751 1424 4803 modo
1453 4750 1503 4803 id
1529 4762 1779 4819 operatus
1819 4760 1903 4806 est
1928 4767 1942 4804 :
1973 4751 2117 4821 quod

540 4851 703 4904 etiam
733 4845 924 4900 Paulus
952 4841 1196 4898 dicebat:
1230 4837 1296 4894 Et
1321 4841 1744 4911 chirographum,
1771 4841 1905 4912 quod
1943 4841 2123 4895 adver-

541 4957 652 4998 sum
679 4956 772 4994 nos
817 4945 945 5002 erat,
990 4937 1051 4989 de
1101 4935 1265 4988 medio
1307 4937 1528 5002 sustulit,
1557 4937 1759 5007 aﬂigens
1807 4937 1934 4990 illud
1981 4937 2121 4990 cruci

540 5033 755 5104 ((Ioloss.
783 5029 841 5085 2.
870 5028 980 5098 14).
1002 5027 1135 5082 Cum
1163 5039 1339 5080 autem
1365 5028 1612 5092 dicebat,
1644 5027 1709 5081 In
1732 5028 1931 5098 Spiritu
1955 5030 2118 5099 bapti-

537 5124 669 5176 subit
698 5139 780 5175 vos
810 5123 830 5152 '
861 5119 1014 5190 (Luc.
1047 5121 1100 5174 3.
1135 5119 1244 5188 16),
1277 5133 1336 5172 ea
1365 5133 1484 5187 qua:
1517 5127 1636 5187 post
1673 5120 2116 5174 resurrectionem

545 5217 720 5268 futura
749 5220 903 5267 erant
935 5210 1350 5281 prmnuntiabat.
1391 5213 1459 5265 At
1487 5220 1752 5280 reponunt
1789 5211 1863 5265 illi
1894 5230 1907 5264 :
1941 5211 2114 5282 Ipsutn

540 5312 986 5369 resurrecturum,
1037 5311 1091 5357 et
1131 5301 1387 5371 Spiritum
1431 5312 1671 5356 sanctum
1709 5302 1958 5357 daturum
1999 5321 2119 5360 esse

535 5397 736 5450 sciebat
768 5412 781 5448 :
813 5395 955 5466 quod
980 5405 1155 5449 autem
1177 5395 1322 5449 cruci
1349 5393 1646 5465 affigendus
1671 5405 1807 5449 esset
1823 5397 2116 5466 ignorabat.

538 5487 639 5541 Sed
667 5487 933 5556 quomodo
961 5497 1360 5541 resurrecturus
1387 5496 1523 5552 erat,
1556 5487 1644 5556 qui
1676 5502 1774 5542 nec
1803 5503 1989 5557 passus
2019 5505 2118 5546 nec

601 5646 618 5676 ί
649 5644 792 5692 sarit.
821 5650 872 5690 et
891 5642 988 5699 alii,
1023 5642 1338 5692 (recusationis
1365 5652 1662 5704 :utrutnquc
1682 5647 1899 5705 quadrat.

604 5707 622 5736 ι
657 5715 784 5774 quae.
815 5707 858 5751 in
883 5713 1220 5774 t«-xtu_t}ra:co,
1256 5706 1553 5774 resimndeut
1577 5707 1648 5774 his
1671 5708 1880 5774 rugitus,
1905 5707 2117 5770 baptiza—

537 5764 604 5815 δη
629 5779 720 5824 nos,
745 5766 806 5827 la)
823 5778 878 5812 su
901 5779 1002 5827 graj
1023 5767 1143 5820 hico.
1169 5764 1446 5817 exciderant
1470 5781 1513 5827 al
1532 5768 1593 5814 ud
1615 5769 1777 5816 Morel.

1319 333 1376 388 S.
1418 327 1700 388 JOANNIS
1736 321 2206 379 CIIRYSOSTOMI
2246 321 2561 380 ARCHIEP.
2601 323 3132 383 CONS'I‘ANTINOP.

3698 329 3804 383 Mli

2236 436 2523 492 crucifixus
2575 437 2804 494 fuisset?
2847 439 3124 508 Qucmodo
3163 442 3287 498 item
3351 447 3815 519 maiorproplctis

2233 537 2369 590 erat,
2399 528 2491 598 qui
2517 543 2580 584 ea
2609 545 2728 600 quae
2757 532 3030 601 prophetae
3059 534 3300 590 sciebant
3329 536 3642 604 ignorabat?

2304 620 2356 675 5.
2377 619 2651 690 Propheta
2668 624 2908 691 sciebant,
2928 626 3181 680 Christum
3201 644 3307 682 esse
3325 631 3726 701 crucifigendum.
3739 668 3801 679 —

2232 709 2383 778 Quod
2405 713 2546 767 enim
2575 713 2690 782 plus
2711 730 2870 785 quam
2899 716 3154 788 prepheta
3181 728 3360 789 esset,
3396 720 3634 778 Christus
3656 728 3802 782 testi-

2233 805 2417 857 licatus
2441 813 2526 859 est
2551 807 2568 872 (
2595 805 2721 860 Luc.
2747 807 2799 862 7.
2824 806 2965 880 28);
2997 809 3138 878 quod
3166 822 3342 867 autem
3374 816 3644 884 propheta:
3682 831 3798 885 pas-

2231 895 2436 950 sionem
2466 894 2660 951 Christi
2691 899 2974 967 noverint,
3007 901 3136 955 nulli
3163 918 3269 958 non
3308 915 3490 959 notum
3521 915 3624 962 est.
3673 910 3796 965 Nam

2231 983 2395 1040 Isaias
2420 985 2545 1040 dicit
2572 1003 2587 1040 :
2619 986 2766 1042 Sicut
2810 989 2915 1044 ovis
2963 991 3031 1043 ad
3059 993 3355 1047 occisionem
3398 995 3580 1051 ductus
3623 1009 3728 1066 est,
3749 1012 3794 1058 et

2228 1075 2358 1130 sicut
2380 1093 2540 1148 agnus
2563 1094 2734 1132 coram
2777 1080 3012 1136 tondente
3045 1099 3099 1138 se
3135 1083 3242 1138 sine
3269 1101 3385 1139 voce
3411 1085 3568 1158 (Isai.
3597 1089 3684 1146 53.
3713 1091 3794 1160 7).

2231 1168 2513 1240 Etiamque
2540 1180 2664 1227 ante
2693 1173 2795 1228 hoc
2827 1175 3184 1230 testimonium
3215 1177 3356 1232 dixit
3382 1195 3397 1233 :
3439 1178 3509 1234 Et
3544 1183 3635 1236 erit
3657 1186 3797 1237 radis

2228 1260 2408 1324 Jesse,
2457 1271 2502 1315 et
2539 1263 2626 1333 qui
2681 1275 2914 1334 exsurget
2977 1267 3227 1336 imperare
3288 1270 3552 1340 gentibus,
3597 1273 3651 1327 in
3691 1275 3792 1344 ipso

2229 1367 2398 1426 gentes
2423 1357 2696 1426 sperabunt
2733 1356 2897 1430 (lsai.
2928 1359 3013 1413 11.
3058 1360 3184 1431 10).
3216 1361 3416 1419 Deinde
3469 1364 3790 1435 passionem,

2229 1458 2283 1504 et
2305 1465 2466 1520 quam
2491 1451 2612 1504 inde
2633 1451 2858 1521 gloriam
2886 1463 3246 1524 consequutus
3274 1455 3345 1509 sit
3372 1471 3671 1526 exponens,
3704 1461 3790 1514 ad-

2223 1539 2373 1610 jicit,
2407 1539 2475 1592 Et
2514 1542 2606 1595 erit
2636 1543 2829 1608 requies
2876 1543 2983 1614 ejus
3022 1546 3182 1598 honor
3206 1544 3444 1618 (Ibid.').
3499 1548 3609 1605 Nec
3634 1551 3791 1606 solum

2227 1631 2368 1702 quod
2396 1633 2538 1686 crttci
2570 1632 2865 1702 affigendus
2912 1645 3091 1701 esset,
3133 1637 3226 1690 sed
3271 1640 3582 1708 quibuscum
3617 1658 3790 1711 passu-

2229 1739 2320 1778 rus
2347 1732 2488 1779 esset
2515 1725 2646 1778 dixit
2680 1741 2694 1778 :
2722 1722 2790 1778 Et
2828 1741 2941 1778 cum
2968 1727 3221 1782 sceleratis
3247 1740 3510 1798 reputatus
3536 1743 3604 1787 est
3630 1734 3789 1803 (1δαὶ.

2227 1815 2316 1869 55.
2339 1814 2460 1887 12).
2485 1814 2664 1884 Neque
2691 1815 2793 1869 hoc
2817 1825 3038 1884 tantum,
3066 1818 3161 1873 sed
3188 1834 3294 1874 non
3316 1834 3438 1876 sese
3464 1821 3789 1880 defensurum

2227 1921 2346 1960 e~se
2375 1907 2617 1975 praedixit
2651 1924 2664 1962 :
2697 1905 2797 1959 Hic
2843 1910 2975 1961 enim
3003 1925 3105 1961 non
3147 1911 3335 1980 aperiet
3374 1929 3431 1966 os
3459 1929 3606 1967 suum
3629 1915 3787 1985 (Ibid.

2228 2015 2278 2051 v.
2310 1998 2421 2068 7);
2477 2014 2700 2069 esseque
2747 2001 2942 2068 injuste
2983 2001 3342 2059 damnandum
3371 2023 3384 2058 :
3415 2004 3486 2059 1η
3528 2007 3794 2066 humilitate

2219 2089 2472 2160 judicium
2517 2092 2627 2161 ejus
2670 2091 2925 2145 sublatum
2962 2103 3033 2146 est
3065 2091 3240 2164 (Ibid.
3267 2111 3319 2148 v.
3343 2095 3436 2165 8).
3482 2097 3619 2151 Ante
3657 2099 3792 2154 illum

2227 2197 2436 2252 quoque
2467 2182 2692 2251 idipsum
2717 2183 2848 2238 dicit
2882 2184 3074 2250 David,
3107 2195 3162 2242 et
3200 2186 3465 2257 judicium
3506 2190 3747 2246 describit
3775 2209 3788 2246 :

2231 2273 2424 2342 Quare,
2465 2273 2660 2344 inquit,
2709 2280 3016 2345 fremuerunt
3058 2289 3226 2350 gentes
3249 2323 3264 2347 ,
3290 2291 3338 2336 et
3379 2285 3557 2354 papuli
3585 2286 3792 2339 meditati

2225 2374 2340 2418 sunt
2371 2367 2583 2420 inania?
2606 2367 2918 2422 Adstiterunt
2941 2385 3079 2441 reges
3107 2380 3273 2438 terrae,
3304 2382 3353 2426 et
3393 2353 3645 2446 principes
3684 2353 3809 2431 con?

2226 2469 2465 2512 uenerunt
2513 2461 2566 2512 in
2624 2477 2782 2514 unum
2841 2461 3080 2518 adversus
3127 2463 3404 2520 Dominum
3467 2477 3518 2523 et
3572 2470 3791 2524 adversus

2225 2548 2481 2606 Christum
2517 2553 2627 2625 ejus
2675 2551 2863 2625 (Psal.
2891 2554 2945 2609 2.
2978 2555 3032 2610 1.
3070 2555 3162 2627 2).
3194 2557 3334 2613 Alibi
3376 2574 3590 2630 quoque
3634 2561 3789 2630 Ipsum

2226 2643 2401 2697 crucis
2427 2645 2639 2698 modum
2667 2645 2801 2699 dixit
2831 2661 2845 2700 ε
2875 2643 3139 2701 Foderunt
3189 2665 3370 2704 manus
3403 2667 3544 2705 meas
3567 2660 3612 2706 et
3654 2653 3789 2722 pedes

2225 2750 2361 2788 meos
2389 2734 2574 2806 (Psal.
2603 2736 2692 2791 21.
2726 2737 2825 2806 17)
2856 2752 2872 2804 ;
2903 2747 2957 2794 et
2983 2751 3228 2795 accurate
3273 2743 3494 2797 otnnino
3520 2759 3634 2815 qua:
3657 2745 3787 2798 tuili-

2225 2833 2308 2881 tes
2349 2827 2463 2882 ausi
2510 2839 2634 2884 sunt
2658 2829 2840 2899 adjicit
2865 2849 2878 2886 :
2907 2831 3195 2888 Diviserunt
3219 2835 3313 2889 sibi
3339 2837 3628 2891 uestimenta
3653 2853 3788 2904 mea,

2225 2929 2272 2974 et
2292 2936 2445 2990 super
2491 2933 2672 2978 uestem
2704 2941 2866 2979 meam
2895 2927 3135 2981 miserunt
3161 2939 3356 2999 sortem
3383 2927 3560 3000 (Ibid.
3592 2946 3641 2984 ν.
3669 2930 3785 3001 19).

2227 3015 2367 3069 Alibi
2393 3025 2571 3071 autem
2607 3017 2842 3072 oblatum
2873 3028 3080 3074 acetum
3108 3020 3186 3076 sic
3204 3030 3471 3077 memorat
3501 3040 3515 3076 :
3545 3021 3788 3076 Dederunt

2224 3107 2279 3160 in
2317 3123 2481 3161 escam
2507 3125 2666 3162 meam
2689 3110 2791 3181 fel,
2821 3119 2867 3164 et
2895 3111 2949 3164 in
2979 3112 3065 3166 siti
3091 3129 3201 3166 mea
3228 3123 3531 3184 potauerunt
3566 3130 3642 3170 me
3662 3125 3787 3169 aceto

2229 3197 2416 3270 (Psal.
2445 3199 2533 3256 68.
2565 3201 2693 3272 22).
2724 3201 3002 3272 Propheta:
3032 3203 3193 3274 igitur
3219 3214 3344 3260 ante
3373 3215 3452 3260 tot
3475 3221 3641 3262 annos
3663 3206 3787 3276 judi-

2225 3291 2364 3345 cium
2392 3332 2406 3354 ,
2438 3291 2936 3350 condemnationem
2957 3336 2971 3360 ,
3003 3297 3178 3350 erucis
3217 3298 3423 3363 socios,
3458 3299 3784 3354 vestimento-

2223 3397 2341 3438 rum
2374 3383 2722 3454 divisionem,
2757 3386 2974 3442 missam
2998 3397 3230 3455 sortem,
3262 3397 3318 3444 et
3337 3389 3496 3462 longe
3524 3391 3665 3460 plura
3692 3391 3783 3444 alia

2225 3486 2523 3532 memorant
2552 3494 2565 3531 :
2597 3493 2773 3548 neque
2817 3484 2958 3535 enim
3002 3495 3222 3537 necesse
3247 3490 3332 3537 est
3355 3483 3536 3538 omnia
3573 3482 3781 3544 ell‘erre.

2225 3584 2293 3624 ne
2321 3571 2529 3640 longius
2564 3580 2820 3627 excurrat
2862 3573 3072 3640 oratio;
3121 3574 3208 3631 hic
3257 3590 3388 3632 vero
3415 3576 3520 3631 illis
3559 3577 3785 3631 omnibus

2225 3661 2430 3730 major,
2475 3660 2588 3716 haec
2616 3662 2793 3718 omnia
2839 3663 3153 3736 ignorabat?
3202 3667 3316 3733 Qua
3347 3669 3554 3724 ratione
3580 3669 3628 3722 id
3654 3676 3784 3721 stare

2226 3752 2436 3822 possit?
2461 3752 2572 3808 Cur
2599 3770 2726 3810 vero
2748 3771 2852 3809 non
2883 3757 3048 3823 dixit,
3079 3757 3156 3811 Tu
3178 3773 3237 3814 es
3276 3759 3363 3830 qui
3393 3771 3640 3816 venturus
3659 3773 3713 3814 es
3737 3760 3781 3812 in

2227 3844 2536 3900 infernum?
2582 3845 2676 3901 sed
2729 3847 3079 3917 simpliciter,
3136 3848 3238 3915 Qui
3278 3861 3516 3906 uenturus
3560 3852 3653 3906 es?
3689 3848 3780 3905 Sed

2225 3936 2367 4006 quod
2389 3937 2556 4008 magis
2576 3938 2688 3994 risu
2713 3938 2927 4009 dignum
2952 3950 3117 4004 esset,
3141 3941 3324 3996 dicunt
3343 3941 3447 3998 hoc
3470 3942 3586 3998 ideo
3605 3943 3782 3997 dixisse

2225 4027 2482 4083 Joannem
2506 4070 2521 4096 ,
2550 4037 2609 4082 ut
2654 4031 2705 4084 in
2751 4029 2950 4086 inferos
2979 4033 3197 4087 veniens
3242 4034 3573 4102 praedicaret.
3601 4034 3780 4102 Quibus

2225 4131 2521 4191 opportune
2549 4121 2756 4178 dicatur
2785 4140 2798 4178 :
2828 4123 3037 4179 Fratres
3055 4167 3071 4189 ,
3103 4128 3257 4181 nolite
3283 4129 3428 4198 pueri
3455 4129 3577 4201 eﬁici
3601 4139 3777 4192 mente,

2224 4215 2312 4268 sed
2339 4218 2533 4272 malitia
2557 4220 2756 4289 paruuli
2781 4220 2976 4292 estote(
3004 4221 3054 4276 1.
3082 4221 3200 4277 Cor.
3226 4223 3312 4280 M.
3340 4221 3473 4296 20).
3499 4223 3628 4278 Nam
3654 4236 3779 4293 prat-

2224 4319 2350 4362 sens
2379 4309 2483 4363 vita
2512 4308 2647 4364 bene
2674 4311 2863 4382 agendi
2893 4322 3101 4382 tempus
3127 4324 3240 4378 est;
3273 4322 3397 4384 post
3419 4325 3640 4371 mortem
3666 4327 3780 4368 vero

2224 4401 2397 4455 aderit
2442 4401 2698 4472 judicium
2728 4412 2783 4458 et
2806 4405 3143 4476 supplicium.
3175 4405 3306 4460 Nam
3348 4408 3425 4462 ait
3471 4425 3485 4462 :
3516 4405 3581 4462 In
3601 4407 3778 4462 inferno

2224 4494 2335 4563 quis
2381 4493 2694 4563 conﬁtebitur
2741 4495 2828 4549 tibi
2869 4496 3054 4564 (Psal.
3088 4499 3142 4552 6.
3177 4498 3279 4568 6)?
3312 4498 3590 4566 Quomodo
3637 4499 3778 4568 igitur

2224 4585 2470 4638 eontritae
2509 4595 2634 4640 sunt
2661 4597 2828 4656 portae
2858 4603 3034 4655 aerem,
3065 4599 3119 4644 et
3149 4599 3326 4644 vectes
3356 4583 3774 4645 ferreiconlracti

2225 4678 2384 4729 sunt?
2414 4676 2514 4731 l’er
2551 4692 2746 4747 corpus
2791 4677 2926 4747 ejus.
2958 4678 3104 4734 Tunc
3148 4679 3290 4735 enim
3339 4681 3512 4750 primo
3559 4681 3777 4750 apparuit

2224 4781 2418 4835 corpus
2449 4768 2768 4836 immortale,
2799 4768 2937 4838 quod
2965 4771 3152 4824 mortis
3184 4772 3516 4841 tyrannidem
3545 4772 3771 4826 solveret.

2225 4861 2474 4930 Alioquin
2507 4877 2634 4916 vero
2661 4864 2710 4915 id
2742 4863 2972 4916 ostendit
3003 4865 3189 4917 mortis
3216 4863 3320 4918 vim
3345 4880 3467 4920 esse
3499 4865 3770 4923 sublatam,

2225 4968 2328 5006 non
2359 4964 2533 5007 autem
2556 4969 2742 5009 eorum
2759 4954 2846 5026 qui
2872 4964 2995 5008 ante
3017 4954 3300 5009 adventum
3322 4957 3439 5025 ejus
3467 4955 3649 5010 mortui
3673 4952 3773 5005 fue—

2224 5059 2341 5097 rant
2366 5083 2380 5108 ,
2406 5045 2576 5098 soluta
2619 5055 2834 5114 peccata
2857 5047 2874 5077 ί
2919 5044 3102 5101 fuisse.
3135 5045 3287 5112 Quod
3313 5046 3355 5101 si
3389 5062 3477 5102 res
3505 5062 3604 5101 non
3633 5046 3693 5098 ita
3719 5058 3770 5097 se

2225 5135 2414 5191 habeat
2436 5180 2450 5203 ,
2482 5145 2536 5191 et
2585 5139 2630 5192 si
2674 5154 2860 5193 omnes
2883 5147 3036 5194 antea
3066 5149 3305 5194 mortuos
3332 5154 3363 5194 a
3390 5141 3622 5210 gelienua
3651 5137 3766 5190 libe-

2223 5228 2359 5281 ravit
2378 5269 2392 5295 ,
2421 5229 2686 5296 quomodo
2713 5230 2785 5283 ait
2816 5248 2829 5283 :
2859 5228 3191 5285 Tolerabilius
3237 5232 3330 5286 erit
3373 5241 3518 5285 teme
3544 5231 3766 5286 Sodomo-

2223 5337 2337 5373 rum
2379 5331 2427 5374 et
2459 5319 2752 5374 Gomorrha:
2805 5320 2972 5394 (Luc.
3027 5323 3112 5378 10.
3142 5322 3290 5394 l2)?
3331 5324 3462 5379 Illud
3513 5323 3643 5377 enim
3687 5333 3765 5372 eos

2224 5414 2518 5483 puniendos
2548 5431 2665 5468 esse
2685 5414 2950 5482 declarat,
2978 5415 3250 5472 remissius
3279 5416 3519 5485 quidem,
3549 5413 3633 5467 sed
3678 5427 3765 5480 pti-

2225 5502 2446 5559 niendos
2476 5513 2672 5556 tamen.
2726 5504 2941 5559 Etiamsi
2985 5505 3070 5559 hic
3116 5515 3382 5560 extremas
3405 5503 3633 5559 dederint
3665 5518 3759 5568 pue-

2225 5609 2321 5648 nas
2350 5611 2362 5646 :
2393 5604 2620 5649 attamen
2646 5611 2751 5648 non
2781 5595 2880 5649 hoc
2920 5595 3036 5649 illos
3079 5595 3343 5654 liberabit.
3393 5597 3447 5652 Si
3473 5609 3640 5649 autem
3680 5595 3764 5648 bos

2288 5779 2303 5805 ι
2345 5773 2523 5831 mit-li,
2547 5776 2698 5823 stium
2720 5789 2936 5836 corpora.
