4084 6354
444 411 546 466 ιη

446 524 663 593 Κύριος
688 524 818 598 γὰρ,
838 524 1026 598 φησὶν,
1058 528 1094 582 ὁ
1130 527 1276 594 Θεός
1303 543 1442 590 σου.
1469 528 1678 596 Κύριος
1711 522 1800 595 εἷς
1825 527 1977 580 ἐστι.
2007 524 2109 579 Διά

443 611 602 665 τοῦτο
646 613 743 666 καὶ
777 615 827 667 οί
857 614 1208 668 Μακκαϐαῖοι
1249 615 1650 686 ἐθαυμάζοντο,
1691 615 1773 670 ὅτι
1816 614 1959 685 ὑπὲρ
2007 613 2108 683 τῆς

443 699 536 752 τοῦ
563 699 730 770 νόμου
762 701 1008 772 φυλακῆς
1042 701 1242 756 ἐπαθον
1277 702 1422 773 άπερ
1461 702 1683 768 ἔπαθον,
1711 702 1809 756 καὶ
1849 703 1898 756 οἱ
1923 701 2110 765 παῖδες

442 787 492 839 οῑ
541 789 712 858 τρεῖς,
757 787 854 840 καὶ
898 788 1076 859 ἕτεροι
1126 788 1186 842 δὲ
1231 790 1418 843 πολλοὶ
1447 789 1602 862 παρά
1653 789 1962 856 Ἰουδαίοις,
1995 787 2111 858 βίον

443 875 666 944 ἄριστον
695 873 1112 946 ἐπιδειξάμενοι,
1137 877 1306 931 καὶτὸ
1338 877 1535 948 μέτρον
1565 880 1665 948 τῆς
1696 877 1950 947 γνώσεως
1981 875 2112 930 ταύ-

443 978 543 1030 της
584 961 1030 1033 διατηρήσαντες,
1061 963 1212 1017 οὐδὲν
1240 965 1603 1036 ἀπητήθησαν
1643 963 1826 1018 πλέον.
1847 963 1981 1016 Τότε
2011 963 2111 1033 μέν

443 1049 554 1120 7&9
585 1049 744 1120 ἡρκει
786 1053 866 1110 είς
898 1051 1193 1122 σωτηρίαν,
1223 1051 1472 1122 καθάπερ
1501 1051 1672 1122 ἔφθην
1708 1049 1898 1117 εἰπὼν,
1929 1050 1991 1104 τὸ
2020 1049 2111 1104 τὸν

443 1135 578 1188 Θεὸν
605 1137 804 1190 εἰδέναι
833 1137 1013 1208 μόνον·
1036 1139 1154 1192 νυνὶ
1184 1138 1242 1191 δέ
1269 1138 1474 1203 οὐκέτι,
1501 1137 1635 1192 ἀλλά
1657 1138 1738 1191 δεῖ
1765 1137 1858 1190 καὶ
1889 1138 1987 1208 τῆς
2014 1137 2110 1190 τοῦ

445 1222 682 1293 Χριστοῦ
713 1223 987 1292 γνώσεως.
1035 1224 1132 1278 Διά
1154 1224 1312 1278 τοῦτο
1337 1226 1382 1257 ³³
1433 1223 1648 1293 ἔλεγεν·
1691 1226 1758 1277 El
1799 1222 1885 1294 μὴ
1923 1220 2113 1294 ἦλθον

445 1311 544 1362 καὶ
570 1309 846 1378 ἐλάλησα
894 1311 1097 1378 αὐτοῖς
1122 1349 1137 1374 ,
1173 1311 1467 1380 ἁμαρτίαν
1497 1314 1609 1365 οὐκ
1655 1307 1850 1381 εἶχονο
1885 1311 2003 1365 νῦν
2045 1310 2114 1364 δὲ

443 1400 752 1467 πρόφασιν
801 1401 912 1452 οὐκ
961 1399 1174 1468 ἔχουσι
1229 1399 1363 1466 περὶ
1407 1398 1517 1466 τῆς
1555 1399 1845 1468 ἁμαρτίας
1891 1397 2109 1454 αὐτῶν.

445 1483 603 1540 Οὕτω
629 1487 722 1540 καὶ
743 1487 835 1541 ἐπὶ
862 1487 962 1557 τῆς
992 1487 1425 1550 πολιτείας.Τότε
1450 1488 1547 1558 μὲν
1567 1489 1594 1540 0
1618 1487 1774 1558 φόνος
1797 1485 2048 1542 ἀπώλλυε
2066 1485 2114 1519 ’³

444 1575 538 1628 τὸν
578 1574 972 1645 ἐργασάμενον,
1003 1574 1097 1628 νῦν
1130 1573 1188 1628 δὲ
1230 1574 1326 1628 καὶ
1376 1573 1439 1627 τὸ
1481 1573 1818 1643 ὀργίζεσθαι.
1853 1574 1962 1628 Καὶ
1993 1573 2114 1627 τότε

449 1661 548 1731 μὲν
577 1662 637 1714 τὸ
677 1663 946 1732 μοιχεύειν
979 1661 1074 1715 καὶ
1106 1659 1398 1731 μίγνυσθαι
1431 1661 1685 1733 ἀλλοτρίᾳ
1716 1661 1934 1730 γυναικὶ
1955 1661 2115 1715 κόλαο

449 1766 536 1802 σιν
569 1748 760 1821 έφερεο
803 1748 897 1802 νῦν
939 1749 994 1802 δέ
1045 1749 1139 1802 καὶ
1179 1749 1242 1801 τὸ
1289 1748 1605 1813 ἀκολάστοις
1637 1748 1763 1802 ίδεῖν
1796 1747 2113 1819 ὀφθαλμοῖς.

447 1836 660 1908 Ὥσπερ
695 1839 807 1909 7&9
854 1839 888 1908 ή
913 1836 1134 1905 γνῶσις,
1165 1835 1308 1890 οῦτω
1342 1837 1437 1890 καὶ
1463 1838 1496 1908 ἡ
1523 1835 1765 1889 πολιτεία
1802 1837 2116 1891 ἐπιτέταται

445 1923 562 1978 νῦν.
614 1926 776 1979 Ὥστε
830 1925 984 1979 οὐδὲν
1024 1925 1131 1978 ἔδει
1179 1925 1488 1997 προδρόμου
1531 1925 1668 1981 ἐκεῖ.
1705 1923 1915 1988 Ἀλλως
1945 1925 2023 1989 δέ,
2067 1925 2118 1978 εί

449 2011 694 2083 μέλλοιεν
736 2013 875 2083 μετά
907 2013 966 2067 τὺ
995 2011 1284 2066 ἀποθανεῖν
1311 2014 1361 2066 οἱ
1389 2011 1607 2066 άπιστοι
1637 2011 1984 2074 πιστεύοντες
2015 2009 2121 2064 σώ-

446 2097 661 2164 ζεσθαι,
691 2101 868 2164 οὐδεὶς
907 2099 1186 2154 ἀπολεῖταί
1231 2116 1382 2154 ποτε.
1435 2101 1642 2163 Πάντες
1685 2099 1793 2170 γὰρ
1836 2097 2120 2170 μεταγνὼ⁹

449 2202 629 2239 σονται
673 2187 793 2240 τότε
848 2186 946 2240 καὶ
993 2189 1455 2256 προσκυνήσουσι.
1490 2187 1599 2240 Καὶ
1646 2187 1730 2240 ὅτι
1773 2186 1935 2240 τοῦτό
1973 2187 2119 2238 ἐστιν

445 2272 665 2344 ἀληθὲς,
699 2273 934 2328 ἄκουσον
972 2273 1185 2328 Παύλου
1231 2273 1502 2342 λέγοντος,
1530 2274 1614 2328 ὅτι
1656 2271 1832 2328 Πᾶσα
1868 2271 2121 2342 γλῶσσα

444 2356 976 2429 ἐξομολογήσεται,
1009 2359 1109 2413 καὶ
1151 2357 1277 2413 πᾶν
1311 2360 1458 2430 γόνυ
1493 2359 1716 2429 κάμψει
1749 2355 2121 2426 ἐπαυρανίωσ⁴

447 2445 550 2502 και
595 2446 870 2516 ἐπιγείων
921 2449 1019 2500 καὶ
1064 2447 1504 2514 καταχθονίων·
1553 2449 1670 2510 καὶ,
1699 2447 1783 2500 ὅτι
1821 2447 2122 2512 Ἔσχατος

446 2533 662 2604 ἐχθρὸς
689 2533 1058 2602 καταργεῖται
1088 2536 1121 2586 ό
1149 2535 1424 2598 θάνατος.
1453 2531 1594 2586 Ἀλλ’
1624 2532 1777 2586 ούδὲν
1805 2531 1994 2600 ὄφελος
2022 2528 2121 2599 τῆς

447 2621 730 2692 ὑποταγῆς
782 2622 1027 2692 ἐκείνης·
1075 2622 1136 2674 ού
1171 2621 1280 2691 7&9
1315 2621 1686 2692 προαιρέσεώς
1736 2621 1884 2674 ἐστιν
1911 2621 2119 2690 εύγνώο

452 2725 638 2776 μονος,
684 2709 821 2762 ἀλλά
848 2709 948 2781 τῆς
981 2708 1091 2762 τῶν
1119 2711 1480 2780 πραγμάτων,
1510 2709 1585 2774 ὡς
1615 2708 1680 2764 ἂν
1706 2709 1850 2762 εῖποι
1880 2726 1982 2773 τις,
2013 2707 2122 2765 λοι-

450 2795 552 2849 πὺν
580 2797 849 2868 ἀνάγκης.

519 2882 585 2938 δ’.
644 2884 737 2956 Μὴ
798 2883 864 2955 δὴ
915 2883 1140 2938 τοιαῦτα
1190 2881 1377 2936 λοιπὸν
1419 2881 1466 2917 ⁸⁵
1518 2881 1828 2954 εἰσάγωμεν
1875 2883 2121 2954 δόγματα

450 2969 696 3042 γραὼδη,
727 2971 820 3025 καὶ
853 2970 1054 3040 μύθους
1090 2969 1448 3034 Ἰουδαῖκούς.-
1467 2971 1732 3024 ’Ἄκουσον
1757 2969 1886 3038 γοῦν
1909 2971 1962 3023 τί
1992 2971 2121 3042 περὶ

448 3057 652 3112 τούτων
675 3059 704 3111 0
735 3058 945 3122 Παῦλός
981 3075 1144 3128 φησιν
1167 3075 1182 3090 ⁸
1223 3060 1398 3112 Ὅσοι
1424 3057 1534 3128 γὰρ
1563 3058 1796 3127 ἀνόμως
1832 3057 2115 3126 ἥμαρτον,

449 3146 685 3214 ἀνόμως
734 3147 831 3199 καὶ
886 3146 1287 3200 ἀπολοῦνταιο
1340 3146 1468 3215 περ)⁵
1520 3145 1627 3198 τῶν
1675 3146 1732 3198 ἐν
1765 3145 1844 3216 τῷ
1877 3144 1984 3216 πρὸ
2022 3143 2117 3199 τοῦ

449 3231 618 3304 νόμου
661 3231 837 3306 χρόνῳ
865 3232 1276 3305 διαλεγόμενος·
1308 3231 1420 3287 Καὶ
1459 3231 1592 3286 ὅσοι
1632 3233 1703 3286 ἐν
1740 3233 1902 3304 νόμῳ
1933 3232 2119 3300 ἥμαρ-

449 3338 577 3388 τον,
606 3321 703 3375 διά
737 3323 926 3392 νόμου
959 3321 1376 3392 κριθήσονταιο
1411 3319 1540 3392 περὶ
1575 3319 1685 3373 τῶν
1713 3321 1852 3391 μετά
1887 3319 2119 3373 Μωῡσέα

451 3409 672 3463 πάντων
709 3409 917 3479 λέγων·
963 3410 1079 3475 καὶ,
1111 3411 1242 3464 Ὅτι
1278 3408 1760 3464 ἀποκαλύπτεται
1791 3407 1935 3476 ὀργὴ
1973 3407 2119 3461 Θεοῦ

451 3496 553 3550 ἀπ’
585 3496 845 3565 οὐρανοῦ
889 3497 987 3552 ἐπὶ
1029 3495 1238 3553 πᾶσαν
1271 3497 1553 3551 ἀσέϐειαν
1598 3497 1694 3550 καὶ
1739 3495 1978 3551 ἀδικίαν
2011 3495 2121 3549 άν-

452 3582 728 3650 θρώπων·
760 3583 874 3648 καὶ,
911 3584 1107 3653 Θυμὸς
1135 3583 1234 3637 καί
1262 3581 1408 3653 ὀργὴ
1435 3582 1531 3636 καί
1561 3583 1764 3652 θλῑψις
1789 3583 1890 3636 καὶ
1915 3598 2122 3637 στενο-

450 3669 641 3738 χωρία
673 3669 772 3722 ἐπὶ
811 3668 1019 3724 πᾶσαν
1047 3669 1260 3739 ψυχὴν
1290 3668 1605 3738 ἀνθρώπου
1644 3669 1750 3722 τοῦ
1779 3667 2122 3737 κατεργαζο-

445 3755 638 3824 μένου
673 3754 738 3809 τὸ
765 3756 976 3819 κακὸν,
1011 3757 1305 3811 Ἰουδαίου
1327 3773 1391 3809 τε
1413 3755 1648 3824 πρῶτον
1671 3755 1768 3808 καὶ
1793 3756 2117 3821 Ἕλληνος.

453 3842 645 3896 Καίτοι
692 3841 860 3913 μυρία
906 3842 1105 3896 ἔπαθον
1137 3841 1372 3897 ἐνταῦθα
1403 3844 1450 3875 ⁸⁵
1497 3842 1756 3913 ’Έλληνες
1801 3843 1979 3896 κακά·
2025 3840 2121 3895 καὶ

449 3929 610 3983 τοῦτο
639 3928 734 3982 καὶ
773 3930 829 3984 αί
855 3929 964 3982 τῶν
999 3929 1196 3994 ἔξωθεν
1222 3931 1452 4002 ἱστορίαι
1480 3929 1724 4001 δηλοῦσι,
1766 3929 1862 3985 καὶ
1899 3931 1956 3983 αἱ
1983 3929 2124 4001 Γρα-

453 4017 552 4086 φαὶ
598 4017 655 4071 αί
694 4016 826 4088 παρ’
857 4017 1007 4088 ἡμῖν.
1033 4017 1130 4081 Τίς
1159 4018 1268 4086 γὰρ
1315 4017 1383 4073 ἂν
1427 4017 1745 4088 διηγήσαιτο
1772 4017 1818 4051 ⁹⁶
1843 4017 1940 4083 τάς
1971 4015 2120 4090 [412]

449 4103 560 4157 τῶν
608 4103 962 4158 Βαϐυλωνίων
1012 4105 1340 4176 τραγῳδίας,
1385 4106 1419 4174 ἢ
1471 4105 1568 4168 τὰς
1617 4103 1727 4156 τῶν
1776 4105 2121 4173 Αίγυπτίωνς

452 4189 581 4243 Ὅτι
605 4189 662 4244 δέ
689 4191 786 4245 καὶ
817 4191 867 4245 οἱ
904 4191 996 4245 τὸν
1033 4191 1269 4264 Χριστὸν
1295 4192 1394 4245 ούκ
1435 4191 1738 4261 ἐγνωκότες
1763 4191 1870 4265 πρὸ
1905 4193 2005 4264 τῆς
2037 4194 2124 4248 ἐν·

453 4277 656 4350 σάρκου
689 4281 1016 4351 παρουσίας,
1045 4279 1487 4350 είδωλολατρείας
1523 4280 1582 4334 δέ
1625 4281 1994 4348 ἀποστάντες,
2022 4281 2120 4335 καλ⁸

449 4365 542 4420 τὸν
569 4366 699 4421 Θεὸν
729 4369 1206 4438 προσκυνήσαντες
1238 4369 1419 4438 μόνον,
1455 4369 1550 4423 καὶ
1584 4369 1859 4423 πολιτείαν
1889 4370 2119 4442 ἀρίστην

449 4455 885 4526 ἐπιδειξάμενοι,
932 4455 1188 4511 ἁπάντων
1247 4455 1646 4510 ἀπολαύσονται
1694 4457 1803 4512 τῶν
1852 4457 2075 4526 ἀγαθῶν
2098 4498 2116 4524 ,

449 4542 679 4596 ἄκουσον
708 4541 760 4594 τί
791 4559 955 4614 φησιν
973 4559 988 4574 ’
1011 4543 1167 4608 Δόξα
1190 4543 1260 4596 δὲ
1287 4544 1386 4598 καί
1419 4543 1556 4614 τιμὴ
1582 4544 1681 4598 καὶ
1707 4545 1912 4614 είρήνη
1937 4547 2116 4600 παντὶ

450 4629 532 4694 τῷ
559 4628 921 4700 ἐργαζομένῳ
960 4632 1028 4684 τὸ
1067 4631 1316 4702 ἀγαθὸν,
1353 4633 1618 4697 Ἰουδαίῳ
1640 4650 1705 4686 τε
1747 4632 1979 4702 πρῶτον
2019 4635 2119 4688 καί

451 4717 730 4784 Ἕλληνι.
769 4720 928 4790 Ὁρᾷς
963 4721 1046 4773 ὅτι
1072 4721 1117 4753 ⁸⁷
1145 4720 1367 4785 ἀγαθῶν
1401 4721 1628 4792 ἀμοιϐαὶ
1666 4721 1860 4776 πολλαὶ
1907 4721 2120 4787 τούτοις

450 4805 577 4867 εἰσὶ,
609 4804 703 4857 καὶ
735 4804 986 4869 κολάσεις
1016 4808 1111 4861 καὶ
1145 4808 1408 4877 τιμωρίαι
1439 4807 1600 4862 πάλιν
1641 4811 1754 4872 τοῖς
1785 4808 1856 4861 τά
1898 4809 2116 4863 ἐναντία

448 4893 804 4964 πεποιηκόσι;
836 4895 947 4948 Ποῦ
965 4895 1012 4927 ⁸⁸
1031 4895 1212 4950 τοίνυν
1234 4898 1370 4950 εἰσὶν
1393 4897 1443 4950 οἱ
1476 4899 1542 4968 τῇ
1565 4897 1760 4969 γεέννῃ
1778 4897 2118 4951 διαπιστοῦν-

445 4997 572 5048 τες;
606 4981 668 5035 Εί
694 4982 801 5052 γὰρ
823 4983 874 5035 οί
906 4983 1012 5054 πρὸ
1046 4984 1145 5054 τῆς
1171 4984 1472 5056 παρουσίας
1501 4985 1593 5039 τοῦ
1623 4985 1881 5058 Χριστοῦ,
1903 4987 1953 5039 οἱ
1979 4985 2117 5057 μηδέ

447 5067 620 5138 δνομα
671 5069 896 5140 γεέννης
940 5068 1307 5135 ἀκούσαντες,
1345 5071 1478 5142 μηδὲ
1531 5072 1907 5137 ἀναστάσεως,
1954 5074 2049 5126 καὶ
2067 5073 2114 5105 ⁹⁹

445 5155 678 5209 ἐνταῦθα
705 5157 1074 5223 κολασθέντες,
1088 5159 1250 5212 κάκεῖ
1270 5158 1502 5212 δώσουσι
1522 5159 1709 5231 δίκηνο
1735 5160 1886 5230 πόσῳ
1915 5161 2114 5231 μᾶλλον

445 5242 603 5312 ἡμεῖς
642 5242 692 5294 οί
721 5244 998 5308 τοσούτοις
1030 5245 1328 5318 τραφέντες
1357 5245 1372 5277 ⁸
1405 5245 1584 5314 λόγοις
1623 5246 1972 5315 φιλοσοφίας;
2002 5249 2114 5302 Καὶ

444 5329 564 5394 πῶς
577 5329 852 5400 εὖλογονε,
868 5333 1021 5403 φησὶ,
1041 5333 1166 5396 τοὺς
1189 5333 1354 5404 μηδὲν
1372 5349 1441 5386 πε
1448 5333 1502 5404 ρὶ
1517 5332 1739 5402 γεέννης
1755 5333 2114 5401 ἀκούσαντας,

1261 411 1322 472 S.
1357 410 1646 471 JOANNIS
1677 406 2167 470 CHRYSOSTOMI
2203 407 2523 468 ARCHIEP.
2561 405 3106 466 CONSTANTINUP.

3771 406 3881 462 418

2211 524 2293 588 είς
2305 523 2527 592 γέενναν
2543 525 2832 594 ἐμπεσεῖνς
2849 522 3068 594 Ἐροῦσι
3087 519 3220 590 7&9,
3232 519 3315 573 δτι
3331 518 3393 572 Εί
3406 515 3710 589 ἠπείλησας
3725 519 3884 585 γέεν-

2212 627 2332 677 ναν,
2349 613 2549 683 μᾶλλον
2564 611 2630 665 ἀν
2649 610 2891 681 ἐφοϐήθη
2899 625 2999 680 μεν
3014 607 3108 662 κιι)⁸
3122 607 3596 678 ἐσωφρονήσαμεν.
3617 605 3767 660 Πάνυ
3794 623 3884 672 γε,

2213 698 2297 765 (οὐ
2325 700 2465 770 γάρ³
2484 701 2524 767 ;)
2569 699 2646 762 ὡς
2677 699 2836 770 ἡμεῖς
2866 695 3088 768 βιοῦμεν
3110 693 3226 756 νῦν,
3254 693 3374 747 καθ’
3401 693 3636 763 ἐκάστην
3665 693 3886 764 ἡμέραν

2213 786 2504 850 bum;
2524 787 2649 849 τοὺς
2667 785 2798 857 περὶ
2819 783 3040 853 γεέννης
3061 782 3270 850 λόγους,
3286 780 3380 834 καὶ⁵
3394 781 3514 834 οὐδὲ
3530 780 3666 844 ὅλως
3677 781 3698 810 ⁸
3715 795 3883 850 προσ-

2213 872 2450 944 έχοντες.
2464 873 2645 945 Χωρὶς
2670 872 2727 924 δὲ
2749 872 2952 924 τούτων
2972 872 3192 924 κάκεῖνο
3219 869 3366 922 ἐστιν
3393 870 3585 931 εἰπεῖν,
3606 869 3688 920 ὅτι
3713 869 3742 920 0
3756 870 3881 930 ταῖς

2214 959 2368 1030 παρὰ
2407 959 2569 1022 πόδας
2617 959 2694 1030 μὴ
2724 957 3080 1028 κατεχόμενος
3120 955 3428 1027 τιμωρίαις.
3457 954 3636 1024 πολλῷ
3681 954 3885 1024 μᾶλλον

2215 1047 2452 1110 ἐκείναις
2477 1045 2538 1098 οὑ
2561 1043 3044 1116 κατασχεθήσεται.
3074 1043 3213 1106 Τοὺς
3245 1041 3354 1111 7&9
3376 1042 3614 1110 ἀλογωτέ
3624 1057 3750 1109 ρους
3789 1042 3886 1093 καὶ

2215 1133 2521 1204 παχύτερον
2556 1132 2930 1202 διακειμένους
2950 1130 3020 1182 τὰ
3052 1131 3110 1182 ἐν
3136 1128 3292 1200 χερσὶ
3326 1127 3524 1198 μᾶλλον
3557 1128 3653 1181 καὶ
3680 1128 3884 1190 εὐθέως

2218 1221 2610 1292 συμϐησόμενα
2637 1219 2797 1273 εῖωθε
2832 1215 3205 1288 σωφρονίζειν,
3228 1216 3262 1286 ἡ
3291 1214 3362 1268 τά
3392 1217 3620 1286 μακροῖς
3654 1214 3886 1284 ὕστερον

2217 1306 2562 1378 ἐκϐησόμενα
2604 1305 2840 1378 χρόνοις.
2881 1304 3017 1357 Ἀλλ’
3052 1304 3205 1374 ἡμῖν,
3235 1303 3389 1372 φησὶ,
3426 1300 3624 1373 μείζων
3649 1302 3888 1370 ἐπεκρε-

2221 1393 2401 1464 μάσθη
2427 1395 2454 1446 0
2484 1392 2668 1462 φόϐος,
2690 1391 2784 1446 καὶ
2805 1389 2961 1444 τοῦτο
2986 1391 3006 1422 ⁸
3036 1391 3230 1442 ἐκεῖνοι
3259 1387 3562 1458 ἠδίκηνται,
3591 1385 3886 1456 Οὐδαμῶς.

2218 1480 2443 1550 Πρῶτον
2499 1480 2596 1550 μὲν
2647 1479 2755 1552 7&9
2788 1479 2849 1532 ού
2903 1479 2970 1531 τά
3027 1476 3168 1530 αύτά
3211 1475 3496 1546 πρόκειται
3529 1473 3550 1505 ⁸
3579 1473 3887 1544 σκάμματα

2217 1571 2352 1640 ἡμῖν
2395 1567 2705 1634 κάκείνοις,
2756 1567 2891 1622 ἀλλά
2927 1565 3108 1637 πολλῷ
3155 1565 3376 1636 μείζονα
3427 1565 3580 1636 ἡμῖν.
3643 1562 3782 1626 Τοὺς
3827 1562 3887 1615 δέ

2223 1656 2474 1727 μείζονας
2498 1655 2931 1726 ἀναδεξαμένους
2952 1655 3167 1718 πόνους,
3194 1653 3437 1722 μείζονος
3463 1651 3569 1704 ἔδει
3587 1651 3607 1682 ⁷
3632 1649 3886 1720 βοηθείας

2219 1742 2546 1796 ἀπολαῦσαι.
2588 1741 2818 1813 Βοήθεια
2860 1742 2918 1795 δὲ
2971 1742 3034 1794 ού
3077 1742 3277 1812 μικρά,
3327 1739 3391 1792 τὸ
3443 1737 3744 1809 αὐξηθῆναι
3792 1736 3887 1790 τὸν

2219 1828 2404 1898 φόϐον.
2457 1829 2522 1884 Et
2577 1829 2638 1882 δέ
2684 1827 3116 1900 πλεονεκτοῦμεν
3161 1827 3338 1880 αὐτῶν
3379 1826 3459 1897 τῷ
3505 1827 3574 1879 τά
3623 1824 3887 1896 μέλλοντα

2218 1916 2414 1971 εἰδέναι
2435 1957 2451 1985 ,
2489 1917 2906 1972 πλεονεκτοῦσιν
2948 1917 3105 1988 ήμῶν
3139 1919 3380 1970 κάκεῖνοι
3406 1917 3429 1947 ⁸
3459 1914 3537 1986 τῷ
3569 1914 3888 1986 παραυτίκα

2220 2004 2456 2075 σφοδρὰς
2480 2005 2838 2078 ἐπιφέρεσθαι
2865 2005 2962 2069 τάς
2989 2005 3260 2076 τιμωρίας
3288 2005 3492 2066 αὐτοῖς.

2302 2091 2440 2144 Ἀλλ’
2481 2092 2668 2164 ἔτερόν
2703 2109 2754 2146 τι
2791 2093 2886 2146 καὶ
2926 2091 3063 2163 πρὸς
3091 2091 3264 2145 ταῦτα
3299 2091 3550 2158 λέγουσιν
3587 2089 3638 2142 οί
3676 2087 3884 2143 πολλοί.

2218 2176 2330 2232 Ποῦ
2363 2179 2473 2252 7&9
2504 2179 2565 2232 τὺ
2601 2178 2830 2238 δίκαιον.
2863 2182 3018 2250 φησὶ,
3051 2179 3148 2233 τοῦ
3172 2177 3332 2242 Θεοῦ,
3371 2179 3501 2232 ὃταν
3527 2195 3612 2241 τις
3649 2177 3886 2231 ἐνταῦθα

2221 2267 2504 2339 ἁμαρτὼν,
2537 2267 2632 2322 καὶ
2657 2267 2894 2323 ἐνταῦθα
2933 2271 3094 2322 κάκεῖ
3130 2268 3459 2338 κολάζηταις
3491 2267 3754 2321 Βούλεσθε
3792 2264 3886 2322 οὖν

2222 2356 2368 2426 ὑμᾶς
2400 2358 2698 2428 ἀναμνήσω
2729 2356 2838 2410 τῶν
2866 2357 3146 2428 ὑμετέρων
3193 2355 3388 2425 λόγων,
3434 2357 3520 2410 ἴνα
3561 2356 3756 2428 μηκέτι
3793 2356 3887 2410 κό-

2220 2460 2356 2507 πους
2393 2445 2524 2514 ἡμῖν
2571 2443 2870 2514 παρέχητε,
2901 2443 3018 2497 ἀλλ’
3047 2442 3256 2498 οῐκοθεν
3299 2443 3500 2514 φέρητε
3543 2444 3644 2514 τὴν
3690 2441 3882 2508 Now;

2233 2531 2375 2600 Ἐγὼ
2413 2531 2622 2584 πολλῶν
2651 2534 2857 2603 ηκουσα
2879 2529 3177 2603 ἀνθρώπων
3205 2532 3515 2603 ἡμετέρων,
3549 2531 3749 2583 είποτε
3781 2529 3887 2600 μά-

2221 2617 2365 2672 θοιεν
2407 2619 2727 2689 ἀνδροφόνον
2767 2616 3152 2688 ἀποτμηθέντα
3193 2619 3253 2671 ἐν
3292 2616 3660 2689 δικαστηρίῳ,
3690 2616 3890 2685 δυσχε-

2224 2707 2512 2777 ραινόντων
2540 2708 2636 2761 κα)⁴
2674 2707 2848 2761 ταῦτα
2877 2707 3142 2775 λεγόντων
3179 2705 3249 2761 τά
3290 2709 3544 2776 ῥήματαο
3577 2705 3890 2774 Τριάκοντα

2220 2795 2416 2864 φόνους
2436 2797 2464 2848 0
2492 2794 2686 2866 μιαρὸς
2712 2789 2864 2859 οὗτος
2885 2796 2979 2849 καὶ
3001 2794 3198 2864 ἐναγὴς
3214 2792 3509 2863 τολμήσας,
3529 2793 3562 2863 ἡ
3592 2793 3686 2847 καὶ
3704 2791 3892 2863 πολλῴ

2222 2883 2461 2947 πλείους,
2493 2883 2589 2936 ἐνα
2619 2882 2778 2953 μόνον
2805 2882 2967 2944 αὐτὸς
2998 2882 3254 2950 ὑπέμεινε
3285 2881 3512 2936 θάνατον
3531 2897 3544 2912 ⁸
3574 2882 3666 2934 καὶ
3694 2881 3796 2934 ποῦ
3827 2883 3893 2933 τὸ

2220 2969 2458 3035 δίκαιον;
2482 2971 2646 3022 ’Ὥστε
2695 2969 2849 3040 ὑμεῖς
2885 2969 3037 3024 αὐτοὶ
3079 2969 3422 3040 ὁμολογεῖτε,
3471 2970 3553 3022 ὃτι
3584 2969 3685 3021 ούκ
3725 2969 3896 3038 ἀρκεῖ

2221 3057 2448 3121 θάνατος
2470 3052 2549 3120 εἷς
2576 3059 2655 3121 είς
2674 3056 3103 3128 τιμωρίαν.Πῶς
3117 3053 3209 3110 οὖν
3236 3057 3304 3110 τά
3339 3057 3556 3110 ἐναντία
3583 3056 3893 3125 ψηφίζεσθρ

2219 3146 2351 3211 νῦν;
2387 3146 2509 3200 Ὅτι
2542 3145 2642 3216 οὐχ
2674 3145 2900 3216 ἑτέροις,
2938 3144 3051 3198 ἀλλ’
3095 3144 3222 3216 ὑμῖν
3255 3145 3437 3208 αὐτοῖς
3483 3145 3752 3207 δικάζετε.
3780 3144 3894 3197 Το-

2222 3233 2410 3287 σοῦτον
2440 3233 2474 3302 ή
2513 3231 2770 3301 φιλαυτία
2798 3231 3006 3300 γίνεται
3043 3231 3265 3302 κώλυμα
3296 3233 3376 3295 είς
3412 3231 3473 3284 τὸ
3501 3232 3577 3304 μὴ
3597 3231 3618 3261 ⁹
3651 3233 3893 3302 συνορᾷν

2219 3320 2282 3372 τὸ
2335 3318 2564 3375 δίκαιον.
2615 3317 2716 3372 Διά
2774 3317 2934 3372 τοῦτο
2977 3319 3104 3372 ὅταν
3160 3320 3258 3389 μέν
3314 3319 3517 3390 ἑτέροις
3570 3319 3891 3390 κρίνωμεν,

2224 3407 2362 3478 μετά
2423 3406 2710 3480 ἀκριϐείας
2749 3407 2965 3461 ἅπαντα
3021 3405 3170 3479 [415]
3223 3407 3582 3477 ἐξετάζομεν·
3633 3409 3762 3460 ὅταν
3831 3407 3895 3460 δέ

2219 3499 2354 3569 ἡμῖν
2408 3496 2593 3558 αὐτοῖς
2652 3495 2998 3566 δικάζωμεν,
3076 3495 3461 3566 ἐσκοτώμεθαο
3516 3494 3591 3558 ὡς
3647 3493 3742 3547 ἐὰν
3794 3495 3897 3549 καὶ

2223 3583 2306 3652 ἐφ’
2345 3581 2501 3654 ἡμῶν
2549 3581 2726 3635 αὐτῶν
2769 3581 2942 3636 ταῦτα
2993 3579 3366 3652 ἐξετάζωμεν,
3412 3581 3602 3652 ὥσπερ
3655 3583 3750 3635 καὶ
3793 3583 3898 3636 ἐπὶ

2222 3670 2332 3724 τῶν
2377 3669 2575 3734 ἄλλων,
2609 3669 2908 3724 ἀδέκαστον
2948 3668 3046 3740 τὴν
3087 3668 3268 3739 ψῆφον
3299 3669 3536 3740 οἴσομεν.
3576 3670 3733 3723 Ἐστι
3779 3672 3898 3742 7&9

2223 3758 2318 3812 καὶ
2349 3759 2481 3829 ἡμῖν
2519 3757 2914 3828 ἁμαρτήματα,
2944 3757 3006 3809 ού
3037 3756 3129 3810 δύο
3158 3755 3252 3810 καὶ
3279 3756 3466 3827 τριῶν,
3508 3757 3644 3810 ἀλλά
3678 3758 3899 3830 μυρίων

2223 3845 2470 3899 θανάτων
2515 3845 2658 3912 ἀξια.
2691 3844 2801 3898 Καὶ
2848 3844 2935 3898 ἶνα
2965 3843 3035 3898 τά
3077 3843 3209 3899 ἄλλα
3260 3843 3450 3916 παρῶ,
3487 3845 3899 3916 ἀναμνήσωμεν

2223 3934 2450 3997 ἐαυτοὺς
2475 3933 2589 3986 ὅσοι
2615 3931 2724 3988 τῶν
2763 3931 3077 4004 μυστηρίων
3107 3932 3406 4004 μετέχομεν
3443 3933 3486 3965 ⁸⁸
3515 3933 3750 3997 ἀναξίως
3775 3949 3791 3963 ·
3841 3934 3896 3987 οἱ

2221 4020 2280 4074 δὲ
2311 4020 2541 4075 τοιοῦτοι
2579 4019 2754 4091 ἔνοχοί
2801 4021 2906 4074 είσι
2952 4020 3046 4074 τοῦ
3099 4020 3349 4091 σώματος
3393 4021 3488 4075 καὶ
3533 4020 3625 4075 τοῦ
3654 4021 3898 4092 αῖματος

2221 4107 2318 4162 τοῦ
2364 4107 2624 4180 Χριστοῦ.
2672 4109 2836 4162 Ὥστε
2881 4108 3009 4161 ὅταν
3047 4108 3140 4164 τὸν
3195 4108 3518 4180 ἀνδροφόνον
3567 4108 3755 4180 λέγῃς,
3795 4109 3899 4163 καὶ

2226 4195 2453 4250 σεαυτὸν
2488 4194 2724 4264 λογίζου.
2763 4196 2999 4259 Ἐκεῖνος
3033 4195 3132 4266 μέν
3156 4195 3266 4267 γὰρ
3295 4195 3578 4268 ἄνθρωπον
3603 4197 3894 4265 ἐφόνευσε,

2227 4285 2292 4338 σὺ
2322 4283 2380 4338 δὲ
2406 4283 2504 4356 τῆς
2535 4285 2752 4354 σφαγῆς
2781 4283 3080 4347 ὑπεύθυνος
3105 4280 3156 4337 εἰ
3172 4282 3268 4337 τοῦ
3300 4283 3571 4337 Δεσπότου
3590 4299 3604 4312 ·
3637 4285 3898 4347 κάκεῖνος

2226 4372 2348 4444 μὲν,
2375 4373 2437 4426 ού
2469 4371 2751 4443 μετασχὼν
2778 4371 3121 4442 μυστηρίωνο
3156 4372 3316 4441 ἡμεῖς
3337 4371 3415 4434 δὲ,
3445 4369 3727 4444 τραπέζης
3757 4373 3899 4426 ἀπο-

2221 4459 2478 4524 λαύοντες
2504 4461 2676 4531 ἱερᾶς.
2715 4459 2781 4512 Τί
2807 4459 2862 4512 δέ
2902 4459 2954 4512 οί
3001 4459 3130 4523 τοὺς
3161 4458 3423 4527 ἀδελφοὺς
3464 4458 3753 4522 δάκνοντες
3796 4460 3899 4514 καὶ

2221 4547 2620 4612 κατεσθίοντες,
2651 4547 2746 4601 καὶ
2777 4546 2943 4600 πολὺν
2963 4546 3214 4616 ἀφιέντες
3246 4548 3285 4578 ¹¹
3312 4548 3402 4600 τὸν
3431 4547 3508 4600 ἰόν
3529 4565 3545 4613 ;
3567 4548 3620 4600 τί
3648 4549 3707 4600 δέ
3735 4550 3765 4601 0
3792 4548 3895 4618 τὴν

2221 4637 2426 4708 τροφὴν
2455 4635 2562 4688 τῶν
2587 4636 2832 4706 πενήτων
2857 4633 3294 4706 ἀφαιρούμενος;
3323 4635 3384 4688 Et
3413 4633 3520 4704 7&9
3543 4636 3572 4688 0
3613 4635 3689 4704 μὴ
3724 4652 3898 4704 μετα-

2221 4723 2404 4787 διδοὺς
2445 4723 2685 4786 τοιοῦτός
2718 4725 2856 4787 ἐστι,
2892 4724 2934 4754 ³³
2979 4721 3199 4794 [πολλῷ
3231 4722 3429 4794 μᾶλλον
3470 4724 3498 4776 0
3531 4723 3600 4776 τά
3631 4723 3894 4792 ἀλλότρια

2221 4809 2560 4883 λαμϐάνων.]
2590 4809 2780 4864 Πόσων
2816 4809 3028 4880 λῃστῶν
3065 4811 3113 4862 οἱ
3149 4810 3465 4863 πλεονέκται
3495 4809 3713 4882 χείρους
3741 4812 3893 4876 είσίς

2221 4899 2404 4952 πόσων
2436 4897 2775 4969 ἀνδροφόνων
2821 4899 2872 4950 οἱ
2923 4897 3208 4967 ἂρπαγες;
3243 4897 3422 4949 πόσων
3472 4897 3892 4968 τυμϐωρύχων;

2223 4985 2466 5039 πόσοιδέ
2503 4985 2642 5056 μετὰ
2684 4983 2747 5036 τὸ
2798 4983 3063 5038 ἀποδῦσαι
3083 4983 3179 5037 καὶ
3225 4983 3474 5053 αἱμάτων
3519 4984 3658 5037 είσὶν
3701 4985 3896 5038 ἐπιθυ-

2225 5072 2490 5144 μηταί¹³;
2529 5073 2780 5141 Ἀπαγεο
2819 5071 2896 5142 μὴ
2933 5071 3161 5140 γένοιτο,
3208 5071 3360 5142 φησί.
3398 5071 3512 5124 Νῦν
3551 5071 3750 5140 λέγεις,
3796 5074 3893 5144 Μὴ

2220 5161 2462 5230 γένοιτοθ
2502 5161 2630 5213 ὅταν
2664 5157 2854 5230 ἐχθρὸν
2884 5159 3032 5232 ἔχῃς,
3072 5159 3195 5212 τότε
3236 5160 3376 5222 είπέ,
3401 5159 3492 5230 Μὴ
3524 5159 3755 5229 γένοιτο,
3798 5163 3896 5214 καὶ

2225 5251 2472 5320 μέμνησο
2498 5247 2608 5301 τῶν
2651 5246 2979 5319 εἰρημένων,
3013 5247 3108 5300 καὶ
3147 5245 3260 5317 βίον
3303 5247 3644 5301 ἐπιδείκνυσο
3685 5248 3894 5319 πολλῆς

2223 5337 2462 5407 γέμοντα
2488 5335 2791 5408 ἀκριϐείας,
2823 5335 2910 5388 ἵνα
2937 5333 3014 5405 μὴ
3035 5335 3130 5388 καὶ
3159 5337 3308 5406 ἡμᾶς
3340 5334 3410 5388 τά
3429 5335 3676 5405 Σοδόμων
3707 5340 3894 5409 μείνῃ,

513 5461 560 5492 ’⁸
590 5459 698 5537 Ιςναῖ
717 5461 803 5537 διὰ
833 5459 994 5537 τοῦτο
1024 5463 1090 5537 Α..
1122 5460 1184 5516 D.
1210 5461 1278 5537 _F.
1435 5462 1594 5537 τοῦτο
1613 5463 1706 5537 καί
1739 5461 1876 5537 Edd.
1949 5465 1996 5497 "
2043 5467 2116 5520 ἀπ

2222 5485 2245 5519 υ
2277 5467 2336 5521 Ε.
2370 5466 2634 5520 ἀπόλλυσι
2673 5466 2734 5521 D.
2780 5465 2818 5520 F
2830 5512 2833 5514 .
2863 5465 3144 5520 ἀπολλύων
3175 5466 3310 5520 Mor.
3359 5466 3640 5521 ἀπολλύων
3666 5463 3734 5537 ἦν
3758 5467 3890 5522 Sav.

443 5528 596 5602 Ben;
611 5530 811 5602 Deinde
844 5531 966 5586 add.
1008 5531 1165 5602 μόνον
1193 5534 1258 5602 Α.
1291 5531 1352 5587 C.
1380 5532 1440 5586 F.

1544 5534 1592 5565 "
1630 5533 1813 5586 λοιπόν
1847 5551 1959 5590 om.
2006 5537 2068 5590 C.
2113 5536 2173 5590 F.

2279 5539 2324 5569 "
2343 5537 2565 5609 ἔπαθον
2601 5537 2856 5609 ἐνταῦθα]
2893 5537 3172 5609 δὶοῷοοάά.
3198 5537 3446 5609 ἐντεῦθεν
3474 5538 3562 5592 ξπ.
3598 5537 3734 5609 Mor.
3769 5538 3890 5590 τότε

443 5600 534 5654 ἐπ.
564 5597 692 5686 δαν.
723 5601 854 5686 lit-3".
885 5602 942 5686 ὅτι
973 5597 1320 5686 Itym-{106%
1393 5603 1442 5686 ξ⁶
1476 5601 1802 5686 διηιγήσηται
1922 5605 1984 5659 1).
2006 5607 2116 5686 διηγ

2222 5625 2323 5686 ita:
2343 5605 2406 5660 F.
2478 5607 2521 5638 ⁹⁷
2552 5605 2655 5686 δτι]
2682 5609 2807 5686 ιλιι-είς
2830 5597 2934 5686 ’καί
2967 5605 3108 5686 _Ed_(j.
3183 5608 3250 5686 "‘
3266 5607 3548 5686 lfGIKQN.
3575 5608 3706 5686 Περὶ
3738 5609 3892 5686 γεένς

441 5687 560 5754 νης.
589 5671 688 5754 ρι’
729 5673 795 5754 ἠ
826 5668 944 5754 καί]
977 5671 1031 5754 οῖ
1055 5672 1149 5752 καί
1176 5670 1337 5754 Περ.
1361 5673 1528 5754 οἱ-καί
1733 5742 1744 5754 _
1780 5676 1797 5706 ⁸
1829 5676 1917 5754 ἐντ

441 5877 605 5932 πάλιν

1997 5676 2268 5748 φέντεςϐ.
2305 5678 2698 5748 συντραφέντες
2731 5677 2865 5732 Edd.

442 5737 610 5840 γάρξ]
647 5738 821 5848 νιὶιερ
851 5737 1184 5848 ιεςιιηι-εὶιιθ
1215 5742 1563 5848 (Ιξεὲξιειίοιιο
1594 5744 1655 5796 οὐ
1685 5742 1898 5848 γιέραὼς
1921 5737 2104 5816 ἡμεῖς.

494 5826 667 5848 muria
812 5841 822 5848 .
881 5826 912 5848 II
974 5826 1251 5848 nnnlnnaro
1302 5845 1309 5848 .
1377 5829 1408 5848 ν
1457 5829 1488 5848 n
1527 5827 1561 5848 η
1612 5813 1710 5848 Λ1.ιν
1824 5832 2013 5848 unua-n-
2037 5817 2110 5848 ἶηι

2237 5763 2353 5801 var.
2393 5737 2534 5802 le'(°l.'
2561 5748 2627 5802 ad
2745 5748 2839 5801 38l
2874 5750 2938 5804 A.

2222 5818 2421 5848 κηρὶ-ιλιι
2448 5815 2558 5848 ΙΡΛΑ
2699 5819 2938 5848 -Αλυι-ηι.

494 5809 674 5886 τούτω
879 5809 941 5886 ιιι
974 5811 1427 5886 οοῖιὶοοεμιαιμδιιχ.
1456 5829 1508 5882 p.
1527 5827 1581 5882 ιι.
1612 5809 1712 5868 οὐκ
1732 5809 2116 5886 η’δίκηνταιίιιι

2222 5818 2422 5886 agando
2448 5815 2582 5886 Edd.

686 5919 704 5970 ;
740 5879 1130 5970 κδξξεέγέιφίξ·
1165 5881 1237 5970 3?-
1273 5880 1336 5937 (⁵·
1375 5879 1611 5970 Mi!»
1657 5879 1958 5970 ςφάδραῬ-
1990 5885 2050 5970 Ε·
2080 5955 2116 5970 ..

2222 5879 2393 5970 ήνοοιιι.
2427 5885 2578 5970 σε,
2620 5885 2682 5943 F.
2742 5879 2802 5919 ’³⁸
2842 5891 3154 5970 μετέχωμεν
3195 5887 3266 5970 ρ.

2967 5679 2988 5709 ⁸
3009 5675 3228 5746 εὔλογον
3284 5677 3308 5730 έ
3347 5695 3395 5732 οι
3425 5679 3580 5748 λόγον
3612 5675 3672 5731 Fl
3754 5675 3802 5710 "
3826 5678 3886 5730 ού

3041 5749 3063 5779 ⁸
3091 5675 3252 5802 ὄλωςί
3287 5697 3378 5802 ἐς
3407 5749 3591 5802 Versa.
3618 5747 3793 5802 οὕτως
3821 5749 3885 5800 Α.

3041 5675 3228 5746 ΰλογον
3284 5677 3308 5730 έ
3347 5695 3395 5732 οι
3425 5679 3580 5748 λόγον
3612 5675 3672 5731 Fl
3754 5675 3802 5710 "
3826 5678 3886 5730 ού

3041 5749 3063 5779 ⁸
3091 5675 3252 5851 ὄλωςῦ
3287 5697 3378 5802 ἐρ
3407 5749 3591 5805 Versa.
3618 5747 3793 5809 οὕτως
3821 5749 3885 5800 Α.

3041 5817 3169 5872 Edd.
3272 5818 3352 5872 δεῖ
3371 5817 3507 5873 Edd.
3579 5819 3601 5851 ⁸
3624 5815 3886 5887 κάκεῖνοι]

2699 5819 3013 5887 πρόκεινται
3038 5817 3169 5872 Edd.

3379 5889 3421 5920 "
3465 5891 3690 5957 ἀφέντες
3717 5889 3781 5941 Δ.
3824 5886 3884 5938 Ε.

440 5957 496 6000 el
538 5962 618 6015 pr.
662 5947 723 6003 Ι).
801 5950 844 5980 ⁸⁸
873 5947 1047 6004 Verba
1095 5950 1306 6007 inclusa
1355 5947 1760 6022 non—leﬁunlﬁr
1794 5947 1849 6010 in
1877 5957 1941 6010 A.
1990 5955 2053 6010 D.
2079 5955 2140 6012 F.
2177 5947 2277 6013 iw'c
2313 5957 2366 6011 in
2412 5958 2530 6015 suis
2561 5947 2884 6016 invenerulit
2921 5947 3156 6032 Ιιιῗοιτρρ.
3195 5958 3446 6017 Εόίιοτοε
3475 5947 3607 6018 nihil
3642 5947 3884 6014 ιιιοηυιιι.

444 6014 588 6068 Infra
619 6017 781 6068 verba
819 6018 914 6068 καὶ
946 6019 1317 6068 φοϐερώτερον
1349 6037 1461 6068 om-
1487 6023 1669 6068 iidem-
1753 6026 1794 6059 1³
1823 6027 2218 6068 ἔπεθυιιὴὖντιί·
2251 6027 2363 6068 ΕΑΔ

467 6014 588 6072 ωτι-ιι
619 6017 781 6073 verba
819 6018 914 6074 καὶ
946 6019 1317 6093 φοϐερώτερον
1349 6037 1461 6079 om.
1487 6014 1672 6081 iid'om.
1753 6026 1794 6059 "
1823 6027 2116 6096 ἐπιθυμοῦν

2251 6027 2386 6083 Edd.
