4074 6358
280 391 377 448 117

275 523 378 562 non
410 515 586 572 eruet,
617 504 786 560 multo
811 503 988 558 minus
1016 517 1112 558 eos
1137 502 1229 572 qui
1259 503 1389 556 nihil
1432 501 1518 555 hic
1549 499 1688 570 passi
1719 507 1862 552 sunt.

273 599 410 666 Quid
457 613 622 668 ergo,
666 596 942 667 inquiunt,
1000 595 1264 664 injustene
1308 594 1482 664 agitur
1526 608 1648 647 cum
1693 592 1756 645 iis
1781 590 1870 661 qui

277 703 401 746 ante
429 692 718 746 adventum
742 690 860 758 ejus
881 688 1170 743 vixerunt?
1197 687 1541 757 Nequaquam
1576 703 1589 739 :
1623 693 1868 754 poterant

273 784 417 838 enini
451 797 553 837 nec
594 782 866 836 Christum
905 779 1135 834 confessi
1179 777 1404 832 salutem
1436 775 1714 843 consequi.
1755 772 1870 827 Non

273 876 417 929 enim
451 875 553 929 hoc
578 875 645 928 ab
675 874 779 928 illis
820 872 1160 942 exigebatur,
1192 869 1284 924 sed
1315 885 1381 923 ne
1408 868 1546 922 idola
1585 867 1868 931 colerent,

275 977 329 1020 et
369 976 430 1020 ut
461 981 646 1019 verum
677 965 842 1018 Deum
876 971 1113 1017 nossent.
1165 961 1411 1014 Dominus
1454 959 1586 1012 enim
1615 999 1630 1025 ,
1663 957 1831 1027 inquit
1854 996 1869 1021 ,

275 1055 418 1110 Deus
466 1065 582 1110 tuus
607 1097 622 1122 ,
655 1053 906 1108 Dominus
938 1069 1068 1106 unus
1095 1061 1164 1106 est
1195 1050 1387 1124 (Deut.
1431 1051 1482 1106 6.
1507 1050 1600 1120 4).
1644 1049 1874 1117 Ideoque

274 1148 560 1202 Maccabazi
601 1145 941 1201 admirationi
972 1146 1181 1199 fuerunt
1201 1183 1217 1210 ,
1251 1143 1372 1213 quia
1405 1156 1502 1212 pro
1530 1139 1661 1211 legis
1688 1139 1875 1193 obser-

275 1241 492 1294 vatione
525 1239 662 1310 passi
704 1247 849 1302 sunt,
882 1252 944 1292 ac
974 1247 1080 1292 tres
1126 1236 1307 1307 pueri,
1338 1235 1594 1304 multique
1620 1233 1707 1287 alii
1734 1231 1873 1302 apud

281 1331 497 1388 Iudaeos
517 1371 530 1394 ,
561 1329 648 1400 qui
673 1331 834 1383 vitam
863 1327 1064 1398 optime
1090 1335 1392 1396 gesserunt,
1421 1334 1473 1378 et
1501 1324 1656 1394 hujus
1682 1322 1872 1392 cogni-

273 1426 441 1478 tionis
473 1423 691 1477 modum
721 1429 1033 1485 servarunt,
1066 1419 1198 1474 nihil
1247 1417 1390 1472 aliud
1434 1417 1726 1471 observare
1779 1415 1876 1469 de-

279 1517 534 1568 buerunt.
559 1513 710 1566 Tunc
747 1512 890 1566 enim
917 1511 983 1565 ad
1018 1511 1244 1565 salutem
1276 1507 1604 1571 sufficiebat,
1635 1515 1692 1559 ut
1716 1505 1831 1560 dixi
1856 1545 1873 1571 ,

279 1608 448 1662 Deum
475 1615 679 1660 tantum
710 1619 1073 1675 cognoscere;
1121 1617 1263 1657 nunc
1301 1616 1429 1656 vero
1477 1599 1528 1654 id
1580 1601 1708 1654 satis
1765 1614 1873 1652 non

274 1710 362 1754 est
389 1741 401 1760 .
430 1699 527 1754 sed
555 1699 824 1759 Christum
855 1711 1011 1751 nosse
1042 1703 1272 1766 oportet.
1305 1694 1506 1749 Idcirco
1533 1694 1744 1746 dicebat
1771 1709 1783 1745 :
1814 1692 1875 1746 Si

277 1809 381 1844 non
435 1797 682 1845 venissem
732 1799 779 1843 et
829 1791 1064 1856 loquutus
1091 1788 1300 1858 fuissent
1347 1787 1416 1840 eis
1441 1826 1454 1849 ,
1485 1795 1745 1856 peccatum
1777 1801 1877 1836 non

283 1884 562 1947 haberent;
611 1899 746 1936 nunc
800 1893 968 1934 autem
1019 1880 1390 1935 excusationem
1441 1896 1541 1932 non
1597 1878 1775 1930 habent
1815 1877 1878 1930 de

280 1985 492 2046 peccato
532 1991 622 2027 suo
649 1972 837 2043 (Joan.
869 1973 956 2027 15.
987 1971 1109 2042 2‘2).
1157 1970 1245 2026 Sic
1293 1980 1346 2024 et
1388 1971 1454 2025 de
1485 1970 1605 2023 vita:
1636 1969 1878 2024 instituto

284 2067 600 2138 putandum.
640 2067 790 2120 Tunc
818 2066 993 2119 cmdes
1045 2063 1367 2118 homicidam
1401 2064 1688 2133 perdebat,
1737 2055 1878 2117 nunc

283 2159 364 2211 vel
391 2159 546 2211 irasci
581 2157 798 2211 vetitum
849 2164 953 2212 est.
984 2154 1133 2208 Tunc
1178 2155 1432 2208 mtechari
1478 2163 1530 2208 et
1559 2171 1678 2207 cum
1705 2155 1876 2208 aliena

286 2251 509 2302 muliere
552 2247 888 2301 conunisceri
932 2246 1248 2316 supplicium
1288 2245 1584 2310 afferebat;
1618 2262 1758 2299 nunc
1787 2261 1878 2299 au-

285 2348 390 2393 tent
421 2339 705 2408 impudicis
747 2337 916 2391 oculis
962 2338 1260 2406 respicere,
1316 2336 1453 2390 idem
1498 2335 1671 2390 affert.
1731 2335 1881 2390 Sicut

276 2432 553 2501 cognitio,
588 2431 666 2484 sic
695 2439 750 2484 et
777 2429 880 2483 vita
927 2445 1068 2483 nunc
1122 2429 1402 2482 sublimior
1439 2428 1747 2497 requiritur.
1779 2426 1881 2481 Ita-

285 2539 387 2593 que
417 2523 548 2576 nihil
579 2521 871 2576 Prodromo
894 2537 1030 2591 opus
1056 2531 1189 2575 erat.
1214 2521 1485 2590 Alioquin,
1513 2521 1556 2574 si
1583 2521 1616 2573 ii
1639 2521 1726 2590 qui
1761 2529 1880 2589 post

288 2627 514 2669 mortem
559 2614 812 2679 credent,
847 2614 1071 2668 salutem
1117 2613 1496 2682 consequuturi
1524 2621 1675 2678 sunt,
1706 2613 1882 2668 nullus

280 2723 536 2776 umquam
557 2707 772 2776 peribit.
790 2707 986 2761 Omnes
1002 2707 1144 2760 enim
1167 2715 1289 2760 tunc
1311 2706 1675 2774 paenitentiam
1699 2713 1880 2775 agent,

277 2809 336 2853 et
359 2799 633 2852 Christum
660 2798 978 2852 adorabunt.
1005 2797 1157 2864 Quod
1187 2807 1362 2850 autem
1394 2797 1518 2851 illud
1545 2799 1613 2851 sit
1645 2814 1832 2851 verum
1862 2837 1880 2863 ,

284 2889 407 2943 audi
434 2891 656 2944 l’aulum
688 2889 956 2944 dicentem
991 2907 1003 2944 :
1039 2889 1218 2944 Omnis
1247 2890 1419 2959 lingua
1447 2889 1799 2955 conﬁtebitur,
1835 2901 1882 2943 et

283 2999 433 3036 onme
481 2999 610 3051 genu
638 2983 864 3052 ﬂectetur
895 2982 1166 3035 cwlestium
1188 3023 1202 3045 ,
1235 2982 1544 3035 terrestrium
1572 2991 1618 3035 et
1660 2983 1884 3050 inferno-

283 3093 396 3129 rum
425 3079 446 3144 (
477 3076 706 3145 Philipp.
749 3076 803 3130 2.
836 3076 895 3129 11
925 3076 978 3143 );
1026 3083 1100 3138 et,
1138 3073 1327 3128 Ultima
1365 3076 1571 3128 inimica
1601 3077 1882 3130 destruetur

283 3185 420 3221 mors
450 3167 538 3240 (1.
570 3166 693 3221 Cor.
726 3168 812 3222 15.
837 3169 968 3237 26).
997 3166 1103 3222 Sed
1147 3166 1344 3220 nullam
1381 3167 1659 3222 utilitatem
1689 3183 1751 3222 ex
1785 3169 1882 3221 hac

283 3259 614 3328 SlllleCiiOlle
641 3267 1062 3328 consequentur;
1115 3273 1219 3312 non
1272 3258 1416 3312 enim
1453 3272 1523 3312 ex
1558 3258 1692 3311 bona
1736 3258 1884 3311 volu-

287 3365 434 3423 p!:tlc
467 3353 839 3422 proficiscitur,
875 3351 969 3407 sed
995 3367 1061 3408 ex
1108 3352 1218 3423 ipsa
1268 3366 1468 3416 rerum,
1501 3361 1554 3404 ut
1579 3353 1649 3407 ita
1689 3353 1882 3418 dicam,

287 3446 629 3501 necessitate.

354 3538 409 3592 4.
453 3537 528 3591 Ne
560 3537 668 3601 illa,
704 3553 917 3606 quaeso,
951 3537 1264 3591 inducamus
1304 3535 1464 3590 anilia
1491 3535 1738 3605 dogmata
1766 3577 1781 3601 ,
1828 3543 1883 3590 et

283 3628 532 3685 Judaicas
573 3629 799 3683 fabulas.
832 3628 969 3683 Audi
999 3629 1141 3683 enim
1170 3628 1294 3698 quid
1325 3628 1392 3682 de
1426 3628 1511 3682 his
1556 3628 1700 3682 dicat
1746 3629 1882 3681 l’au-

284 3719 411 3774 lus:
457 3720 769 3790 Quicumque
793 3720 926 3773 enim
965 3719 1072 3774 sine
1121 3720 1226 3790 lege
1272 3731 1577 3789 peccaram,
1624 3721 1732 3773 sine
1775 3721 1883 3790 lege

285 3813 516 3884 peribunt
539 3831 555 3876 ;
580 3813 804 3882 loquens
826 3812 894 3867 de
916 3812 979 3866 iis
1003 3812 1092 3882 qui
1123 3822 1246 3866 ante
1271 3812 1436 3881 legem
1457 3821 1608 3866 erant
1630 3828 1644 3878 ;
1678 3811 1741 3864 Et
1764 3814 1878 3880 qui-

286 3920 498 3972 cumque
521 3904 572 3956 in
595 3905 703 3972 lege
723 3913 1013 3972 peccaruut,
1035 3919 1123 3972 per
1141 3902 1298 3972 legem
1313 3902 1682 3973 judicabantur
1698 3901 1876 3972 (llam.

285 3995 339 4048 2.
376 3993 519 4063 l2);
567 3994 635 4048 de
680 3994 744 4049 iis
795 3993 1043 4048 onmibus
1097 3993 1320 4063 loquens
1366 3994 1455 4063 qui
1495 4004 1615 4062 post
1641 3993 1878 4065 Moysem

287 4089 528 4151 fin-runt;
565 4098 639 4153 et,
673 4088 926 4154 Quoniam
950 4087 1199 4140 reveletur
1224 4087 1302 4140 ira
1329 4087 1424 4140 Dei
1462 4086 1525 4141 de
1548 4087 1670 4141 creto
1697 4089 1750 4141 in
1772 4105 1878 4142 om-

286 4197 396 4233 nem
422 4181 727 4251 impietatem
747 4189 794 4234 et
819 4181 1120 4250 injustitiam
1146 4180 1404 4234 hominum
1426 4181 1444 4252 (
1469 4179 1618 4235 Rom.
1648 4182 1698 4235 1.
1729 4181 1796 4236 18
1818 4183 1835 4251 )
1860 4197 1876 4248 ;

284 4285 360 4338 et,
393 4275 585 4340 Furor,
614 4275 712 4339 ira,
744 4273 997 4328 tribulatio
1021 4314 1036 4340 ,
1076 4274 1310 4344 angustia
1348 4273 1402 4327 in
1431 4289 1629 4328 onmem
1657 4274 1880 4327 animam

285 4366 503 4418 hominis
557 4365 810 4434 operantis
852 4365 1082 4429 malum,
1137 4364 1309 4418 λιιάωὶ
1355 4365 1574 4432 primum
1625 4375 1672 4419 et
1713 4364 1880 4420 (ἑνωοὲ

285 4457 477 4520 (llam.
509 4458 562 4510 2.
610 4459 665 4512 8.
697 4458 784 4529 9).
836 4458 898 4512 Et
927 4467 1072 4511 certe
1100 4457 1235 4510 mala
1266 4459 1542 4512 innumera
1571 4459 1709 4526 passi
1755 4468 1879 4515 sunt

285 4549 542 4619 gentiles;
591 4548 732 4617 quod
779 4557 834 4604 et
877 4558 1192 4603 exterorum
1250 4548 1487 4602 historiae
1533 4549 1874 4619 significant,

286 4655 496 4695 necnon
544 4639 835 4709 Scriptum
877 4647 1096 4694 nostrae.
1127 4640 1254 4706 Quis
1284 4641 1426 4694 enim
1464 4639 1876 4711 Babyloniorum

285 4745 340 4790 et
367 4734 1061 4806 ngyptiorum'tragmdias
1099 4735 1428 4790 enarraverit
1449 4733 1471 4786 ?
1496 4733 1646 4801 Quod
1678 4737 1818 4789 enim
1842 4737 1876 4790 ii

284 4829 374 4897 qui
401 4827 675 4882 Christum
707 4844 813 4882 non
843 4836 1105 4883 noverunt
1133 4837 1256 4882 ante
1276 4828 1542 4882 carnalem
1566 4829 1873 4895 adventum,

281 4932 334 4978 et
379 4923 467 4992 qui
499 4921 566 4974 ab
615 4921 911 4976 idololatria
945 4921 1245 4977 resilientes
1285 4920 1452 4976 Deum
1494 4937 1655 4975 unum
1686 4922 1876 4976 adora-

281 5025 428 5077 runt,
456 5025 509 5069 et
541 5015 760 5084 probam
806 5014 1008 5070 duxere
1036 5015 1196 5068 vitam
1221 5055 1238 5082 ,
1278 5015 1458 5069 omnia
1502 5015 1640 5070 bona
1685 5031 1877 5071 conse-

280 5107 500 5177 quuturi
552 5107 697 5170 sint,
748 5106 870 5160 audi
905 5105 1171 5175 quomodo
1223 5105 1411 5160 dicat:
1458 5105 1632 5160 Gloria
1660 5118 1869 5174 autent,

280 5200 445 5251 honor
469 5209 514 5250 et
542 5214 644 5266 pax
671 5199 808 5250 omni
845 5197 1074 5265 aperanti
1121 5197 1303 5248 bonum
1328 5237 1342 5260 ,
1368 5195 1553 5250 Judtco
1583 5197 1800 5266 primum
1827 5208 1875 5252 et

279 5289 454 5361 gentili
485 5290 674 5359 (llam.
703 5288 757 5341 2.
787 5289 909 5359 10).
947 5287 1135 5341 Viden’
1161 5287 1420 5341 bonorum
1462 5288 1676 5356 pra-mia
1705 5288 1870 5342 multa

280 5381 386 5433 illis
413 5394 534 5433 esse
555 5420 569 5444 ,
601 5389 653 5433 et
681 5388 867 5433 contra
899 5376 1216 5432 facientibus
1263 5376 1519 5445 supplicia
1556 5385 1609 5431 et
1638 5393 1823 5447 ρωιιειε
1849 5378 1872 5429 ‘1

279 5471 383 5527 Ubi
409 5487 550 5527 nunc
581 5479 704 5526 sunt
736 5471 768 5525 ii
801 5470 890 5539 qui
911 5470 1212 5540 gehennam
1241 5485 1344 5523 non
1374 5469 1642 5523 credunt?
1667 5467 1796 5523 Nam
1825 5485 1870 5525 st

274 5570 313 5618 ii
346 5565 436 5633 qui
464 5572 588 5618 ante
617 5563 812 5618 Christi
843 5564 1127 5617 adventum
1177 5561 1396 5616 luerunt
1417 5601 1434 5627 ,
1463 5561 1552 5631 qui
1581 5576 1648 5616 ne
1674 5577 1870 5618 nomen

279 5655 493 5725 quidem
541 5655 800 5726 gehenna:
847 5655 1164 5722 audierunt,
1194 5670 1367 5724 neque
1420 5654 1868 5724 resurrectionis,

281 5761 560 5821 postquam
590 5751 676 5806 hic
700 5763 884 5822 pcenas
911 5749 1173 5805 dederunt
1192 5787 1208 5815 ,
1239 5747 1347 5804 illic
1376 5762 1588 5820 quoque
1641 5748 1867 5820 punien-

1164 385 1230 442 ΙΝ
1270 385 1675 444 ΜΑΤΤΗιΕωΙ
1714 382 1944 440 1103111..
1977 388 2216 446 XXXVI.
2257 390 2333 445 al.
2366 386 2635 446 XXXVII.

3443 392 3552 449 MS

1986 504 2074 551 tur
2091 509 2294 566 quanto
2307 502 2479 572 magis
2496 519 2595 556 nos
2610 503 2699 569 qui
2716 503 2767 556 in
2794 514 2940 557 tanta
2958 504 3314 573 philosiiphia:
3331 507 3345 537 ¹
3363 509 3558 560 doctri-

1976 608 2043 646 na
2075 593 2283 649 educati
2313 598 2542 651 sumus?
2595 596 2663 650 Et
2688 613 2790 666 qua
2813 597 3024 651 ratione
3048 637 3063 661 ,
3087 597 3335 667 inquies,
3374 598 3450 654 illi
3477 599 3564 662 qui

1976 683 2107 737 nihil
2135 700 2389 754 umquam
2413 687 2479 741 de
2506 687 2748 756 gehenna
2790 688 3112 752 audierunt,
3166 689 3219 742 in
3265 689 3564 757 gehennam

1978 776 2254 831 incident?
2279 779 2466 832 Dicent
2491 780 2652 843 enim,
2681 778 2734 833 Si
2763 781 3059 849 gehennam
3091 783 3443 835 comminatus
3483 799 3568 836 es-

1982 877 2107 929 ses,
2140 879 2249 935 pra:
2285 872 2429 918 metu
2458 875 2820 935 temperanter
2848 868 3193 926 vixissemus.
3237 868 3402 924 Plane
3427 869 3554 941 qui-

1982 953 2105 1008 dem
2154 956 2719 1026 (nonne?)vixissent
2757 967 2816 1011 ut
2846 975 2947 1014 nos
3000 962 3164 1015 vitam
3205 964 3417 1031 agimus
3461 959 3555 1032 qui

1977 1052 2216 1121 quotidie
2239 1068 2517 1106 sermones
2539 1053 2605 1107 de
2629 1053 2868 1122 gehenna
2895 1054 3161 1118 audimus,
3192 1071 3361 1122 neque
3394 1068 3568 1108 tamen

1979 1142 2044 1197 iis
2065 1144 2300 1196 animum
2333 1143 2667 1198 adhibemus.
2694 1144 2894 1198 Prailer
2920 1143 3032 1198 hanc
3062 1155 3240 1199 autem
3269 1145 3396 1198 illud
3436 1163 3571 1214 quo-

1978 1250 2082 1304 que
2115 1234 2401 1289 dicendum
2429 1247 2547 1299 est,
2590 1252 2713 1291 eum
2759 1238 2847 1307 qui
2906 1239 3256 1306 praesentibus
3294 1240 3572 1308 suppliciis

1980 1343 2084 1382 non
2119 1331 2396 1392 retinetur,
2427 1331 2594 1384 multo
2617 1331 2792 1385 minus
2828 1331 2929 1384 illis
2969 1333 3318 1386 coercebitur.
3369 1333 3572 1387 Rodio-

1980 1435 2067 1473 res
2093 1419 2233 1473 enim
2288 1421 2688 1490 crassioresquc
2719 1421 2964 1475 homines
3007 1423 3358 1492 praesentibus
3405 1425 3575 1494 magis

1980 1523 2032 1566 et
2057 1511 2380 1566 instantibus
2406 1513 2580 1566 solent
2602 1513 2667 1566 ad
2700 1513 3126 1582 resipiscentiam
3161 1515 3360 1578 vocari,
3412 1530 3571 1585 quam

1982 1603 2046 1658 iis
2076 1620 2196 1674 qua:
2227 1605 2396 1658 multo
2423 1615 2540 1674 post
2581 1614 2820 1673 tempore
2867 1613 2991 1658 sunt
3035 1618 3320 1661 eventura.
3355 1605 3571 1669 Verum,

1982 1696 2216 1766 inquies,
2246 1697 2401 1750 nobis
2449 1698 2620 1765 major
2672 1698 2914 1752 imminet
2962 1706 3155 1764 terror,
3186 1699 3410 1768 ideoque
3453 1716 3573 1753 cum

1982 1788 2086 1842 illis
2112 1804 2218 1843 non
2268 1789 2462 1858 injuste
2505 1799 2681 1843 actum
2718 1789 2846 1842 est?
2898 1788 3242 1858 Nequaquam
3285 1806 3343 1843 se
3391 1805 3477 1845 res
3505 1791 3573 1844 ita

1985 1881 2163 1936 habet.
2194 1880 2376 1936 Primo
2427 1882 2571 1936 enim
2614 1896 2721 1936 non
2755 1879 2912 1935 iidem
2953 1882 3162 1935 labores
3200 1882 3354 1934 nobis
3381 1891 3435 1936 et
3475 1883 3574 1936 illis

1984 1975 2241 2044 prepositi
2269 1981 2431 2038 sunt;
2461 1973 2556 2029 sed
2585 1975 2755 2028 multo
2784 1973 3018 2042 majores
3045 1975 3219 2028 nobis.
3251 1975 3373 2028 lllos
3397 1988 3574 2030 autem

1983 2064 2072 2134 qui
2103 2064 2335 2133 majores
2363 2063 2662 2134 suscipiunt
2687 2064 2931 2129 labores,
2965 2066 3154 2130 majori
3192 2077 3401 2134 oportet
3422 2067 3572 2120 auxi-

1986 2157 2059 2210 lio
2101 2155 2224 2211 lrui.
2272 2157 2544 2212 Auxilium
2593 2166 2772 2211 autem
2820 2173 2928 2211 non
2978 2158 3247 2212 modicum
3298 2158 3427 2212 illud
3455 2169 3575 2228 est,

1983 2261 2105 2302 cum
2134 2248 2292 2302 timor
2316 2257 2558 2318 augetur.
2577 2247 2633 2304 Si
2663 2259 2840 2304 autem
2869 2249 2919 2303 id
2947 2249 3066 2319 plus
3088 2265 3251 2320 quam
3283 2252 3352 2305 illi
3384 2251 3578 2307 habea-

1986 2354 2124 2402 mus,
2155 2339 2294 2409 quod
2318 2339 2492 2394 futura
2521 2353 2825 2406 noscamus,
2855 2341 2929 2395 illi
2958 2357 3169 2410 quoque
3200 2341 3249 2396 id
3274 2343 3390 2412 plus
3417 2359 3578 2413 quam

1988 2445 2086 2485 nos
2131 2431 2348 2497 habent,
2382 2432 2523 2502 quod
2551 2447 2723 2502 pinna:
2768 2433 3011 2502 ingentes
3041 2433 3144 2486 illis
3177 2435 3456 2489 confestim
3490 2434 3576 2490 in.

1987 2524 2248 2579 ferantur.

2057 2616 2270 2670 Iustitia
2292 2614 2407 2682 Dei,
2430 2625 2477 2669 et
2504 2615 2749 2686 puniendi
2777 2615 3005 2670 rali0.—
3035 2615 3230 2671 Verum
3256 2616 3396 2672 aliud
3425 2617 3578 2688 quid-

1989 2711 2129 2782 piam
2161 2711 2347 2766 dicunt
2376 2710 2608 2779 plurimi.
2638 2708 2738 2764 Ubi
2760 2717 2841 2764 est
2861 2751 2875 2774 ,
2902 2709 3184 2779 inquiunt,
3211 2709 3412 2776 justitia
3447 2711 3576 2778 Dei,

1989 2801 2232 2870 quando,
2260 2802 2303 2854 si
2332 2801 2449 2870 quis
2480 2799 2566 2854 hic
2593 2809 2808 2869 peccet,
2837 2810 2892 2855 et
2921 2800 3006 2855 hic
3033 2810 3085 2855 et
3110 2802 3218 2855 illic
3241 2817 3426 2869 pcenas
3451 2803 3580 2859 dea?

1958 2887 1962 2892 ’
1990 2893 2164 2947 Vultis
2196 2892 2354 2962 igitur
2393 2901 2449 2944 ut
2474 2891 2614 2945 dicta
2648 2902 2824 2945 vestra
2855 2893 2906 2945 in
2939 2893 3254 2946 memoriam
3300 2894 3447 2948 vobis
3489 2910 3578 2948 re-

1989 3000 2196 3050 vocem,
2229 3000 2296 3038 ne
2325 2983 2460 3037 ultra
2495 2984 2728 3039 laborem
2759 2984 2910 3038 nobis
2936 2984 3194 3049 all'eralis,
3221 2985 3315 3038 sed
3339 3001 3401 3040 ex
3427 2986 3580 3042 vobis

1990 3079 2119 3148 ipsis
2159 3077 2477 3132 solutionem
2526 3077 2702 3132 detis?
2728 3076 2920 3132 Multos
2950 3092 3015 3131 ex
3044 3077 3242 3133 nostris
3269 3077 3479 3143 audivi,
3509 3080 3580 3133 si-

1989 3169 2200 3240 quando
2228 3168 2531 3224 ediscerent
2556 3169 2876 3223 homicidam
2903 3169 3133 3238 aliquem
3166 3169 3219 3224 in
3239 3169 3440 3240 judicio
3463 3173 3580 3242 ple-

1987 3279 2116 3317 xum
2145 3263 2342 3327 fuisse,
2366 3277 2485 3315 cum
2518 3261 2878 3332 indignatione
2909 3261 3147 3316 dicentes
3180 3279 3192 3315 :
3227 3261 3461 3332 Triginta
3493 3265 3575 3317 vel

1989 3355 2229 3425 pluribus
2255 3353 2490 3407 caedibus
2511 3393 2524 3415 ,
2555 3354 2848 3407 sceleratus
2877 3352 3000 3418 ille,
3031 3353 3287 3422 patratis,
3319 3371 3421 3408 una
3459 3364 3579 3408 tan-

1990 3457 2100 3503 tum
2131 3448 2248 3502 vice
2278 3457 2504 3502 mortem
2531 3445 2692 3502 subit.
2727 3446 2792 3500 Et
2831 3445 3045 3501 ubinam
3081 3445 3285 3512 jnstitia
3318 3446 3441 3501 est?
3475 3446 3579 3502 Vos

1987 3558 2114 3612 ergo
2140 3541 2377 3596 fatemini
2405 3550 2630 3595 mortem
2662 3555 2819 3593 unam
2848 3555 2954 3594 non
2978 3539 3108 3594 satis
3131 3554 3344 3608 semper
3365 3555 3486 3594 esse
3512 3540 3579 3596 ad

1985 3634 2300 3704 supplicium
2346 3633 2688 3701 condignum.
2718 3631 2826 3685 (Zur
2853 3645 2981 3700 ergo
3014 3646 3154 3684 nunc
3188 3631 3452 3685 contraria
3481 3631 3578 3686 de-

1985 3726 2247 3781 cernitis?
2274 3725 2405 3790 Quia
2436 3739 2542 3777 non
2575 3724 2641 3776 de
2682 3722 2801 3776 aliis
2820 3762 2835 3787 ,
2877 3719 2971 3775 sed
2996 3720 3064 3775 de
3093 3721 3240 3775 vobis
3268 3722 3399 3791 ipsis
3433 3721 3578 3790 judi-

1985 3819 2125 3872 cium
2155 3817 2322 3871 fertis.
2371 3816 2461 3870 Sic
2501 3813 2718 3883 proprio
2756 3826 2941 3867 amore
2968 3811 3286 3880 impedimur
3310 3852 3324 3876 ,
3357 3827 3425 3866 ne
3453 3811 3578 3882 quid

1981 3909 2184 3980 justum
2212 3907 2282 3960 sit
2309 3905 2602 3960 videamus.
2638 3904 2841 3958 Idcirco
2866 3919 2989 3957 cum
3019 3903 3086 3957 de
3112 3903 3230 3957 aliis
3255 3902 3576 3970 judicamus,

1983 4003 2384 4056 accuratissime
2436 4015 2550 4054 rem
2595 3997 2947 4066 indagamus;
2998 4011 3119 4049 cum
3157 4010 3286 4049 vero
3315 3996 3381 4049 de
3425 3996 3580 4050 nobis

1986 4093 2117 4164 ipsis
2142 4135 2155 4159 ,
2190 4091 2426 4147 tenebris
2454 4091 2774 4143 involvimur
2802 4105 2816 4143 :
2847 4088 2936 4158 qui
2966 4089 3010 4142 si
3048 4102 3262 4140 causam
3294 4095 3527 4140 nostram
3555 4127 3574 4153 ,

1986 4196 2043 4240 ut
2065 4187 2292 4240 alienam
2321 4184 2726 4253 exploraremus
2748 4223 2763 4248 ,
2794 4181 3003 4234 sincere
3042 4188 3098 4234 et
3133 4180 3248 4232 sine
3287 4178 3390 4231 ulla
3423 4195 3578 4234 acce-

1984 4277 2167 4347 ptione
2188 4275 2448 4330 calculum
2473 4274 2755 4328 ferremus.
2781 4272 3000 4325 Peccata
3029 4274 3222 4339 quippe
3255 4281 3434 4323 nostra
3470 4287 3576 4325 non

1983 4371 2188 4424 duabus
2211 4369 2294 4422 vel
2313 4367 2501 4429 tribus,
2524 4365 2618 4420 sed
2642 4364 2786 4418 mille
2807 4361 3067 4416 mortibus
3091 4361 3247 4430 digna
3267 4372 3409 4414 sunt.
3435 4362 3499 4414 Et
3521 4371 3578 4418 ut

1984 4463 2086 4516 alia
2114 4462 2378 4522 omittam,
2407 4457 2755 4512 recordemur
2772 4462 2902 4523 quot
2929 4461 2983 4507 et
3008 4453 3190 4522 quanti
3216 4453 3466 4522 mysteria
3497 4453 3578 4506 in-

1983 4556 2142 4626 digne
2164 4552 2544 4623 participamus
2576 4564 2591 4602 :
2624 4548 2700 4602 illi
2731 4562 2859 4602 vero
2888 4545 2976 4615 qui
3005 4545 3082 4599 sic
3115 4546 3467 4614 participant,
3495 4545 3574 4601 rei

1984 4658 2110 4703 sunt
2138 4645 2379 4716 corporis
2408 4654 2462 4698 et
2483 4640 2759 4711 sanguinis
2778 4638 3000 4694 Christi.
3027 4639 3207 4707 Itaque
3235 4654 3354 4692 cum
3383 4639 3450 4692 de
3478 4639 3575 4691 ho-

1982 4738 2173 4795 micida
2193 4735 2427 4807 loqueris
2447 4774 2461 4796 ,
2493 4733 2662 4802 cogita
2691 4732 2916 4800 teipsum
2950 4729 3271 4783 homicidam
3303 4745 3442 4783 esse.
3479 4730 3572 4784 Ille

1983 4845 2213 4898 namque
2259 4830 2526 4882 hominem
2558 4825 2798 4891 occidit,
2853 4832 2910 4878 tu
2958 4839 3086 4878 vero
3132 4825 3318 4878 mortis
3365 4825 3572 4880 Domini

1981 4937 2104 4978 reus
2124 4936 2181 4976 es
2206 4938 2219 4975 :
2248 4919 2336 4975 ille
2364 4935 2467 4972 non
2499 4917 2876 4989 mysteriorum
2902 4916 3166 4986 particeps
3189 4915 3299 4977 fuit,
3326 4931 3422 4969 nos
3444 4929 3573 4970 νυιό

1979 5029 2130 5070 sacra
2157 5025 2340 5066 mensa
2373 5009 2618 5064 fruimur.
2648 5006 2784 5074 Quid
2827 5006 2896 5062 de
2922 5007 2988 5061 iis
3022 5007 3193 5060 dicam
3215 5049 3228 5072 ,
3258 5009 3344 5076 qui
3378 5007 3572 5062 fratres

1979 5119 2107 5160 suos
2144 5101 2422 5165 mordent,
2455 5099 2747 5164 devorant,
2795 5098 3126 5166 multumque
3172 5097 3362 5150 veneni
3401 5097 3572 5151 cmm-

1967 5196 2148 5276 φυηρ
2175 5193 2302 5265 quid
2323 5192 2390 5247 de
2409 5191 2498 5245 illo
2526 5193 2615 5261 qui
2640 5191 2817 5245 cibum
2845 5189 3164 5259 pauperibus
3189 5187 3417 5258 abripit?
3440 5189 3568 5242 Nam

1977 5292 2019 5345 si
2049 5291 2094 5344 is
2117 5329 2133 5356 ,
2166 5289 2257 5358 qui
2297 5287 2692 5357 eleemosynam
2723 5300 2829 5339 non
2869 5293 3090 5354 erogat.
3124 5285 3173 5337 id
3205 5284 3326 5338 facit
3353 5325 3367 5347 ,
3398 5285 3569 5339 multo

1979 5381 2147 5450 magis
2177 5379 2266 5434 ille
2293 5378 2382 5449 qui
2414 5378 2583 5431 aliena
2611 5375 2823 5445 abripit.
2857 5375 2997 5443 Quot
3044 5374 3247 5428 itu-ibus
3276 5375 3572 5430 deteriores

1977 5480 2101 5526 sunt
2127 5470 2316 5524 avari?
2345 5477 2474 5540 quot
2505 5467 2786 5522 homicidis
2815 5475 2870 5522 et
2896 5466 3265 5536 sepulcrorum
3298 5465 3570 5521 elTossori-

1977 5565 2078 5619 bus
2104 5563 2316 5633 pejores
2359 5573 2484 5617 sunt
2533 5560 2822 5632 raptores?
2867 5569 2999 5630 quot
3044 5561 3388 5630 reperiuntur
3433 5561 3568 5630 qui,

1976 5666 2255 5728 postquam
2281 5655 2597 5724 spoliarunt,
2616 5653 2683 5708 ad
2705 5653 3051 5723 spoliatorum
3075 5654 3233 5707 etiam
3257 5654 3568 5725 sanguinem

1978 5749 2230 5807 inhiant?
2256 5748 2435 5814 Absit,
2468 5747 2698 5817 inquies.
2727 5745 2880 5803 Nunc
2906 5745 3062 5813 dicis,
3093 5745 3246 5801 Absit
3273 5763 3288 5814 ;
3317 5759 3440 5802 eum
3469 5747 3568 5802 ini-

2041 5863 2062 5893 ι
2095 5858 2201 5922 alii,
2245 5856 2510 5922 ωρὶθηιίω.
