4074 6358
623 373 725 428 4H9

611 949 851 1004 omnium
879 962 963 1005 est
1003 955 1374 1022 gravissimum
1403 964 1456 1009 et
1483 957 1961 1014 terribilissimum.
1991 960 2124 1016 Nam
2153 962 2197 1015 si

610 1041 794 1094 multis
815 1041 1056 1110 gehenna
1094 1044 1305 1099 videtur
1332 1049 1585 1103 terribilis
1610 1064 1760 1117 esse,
1804 1065 1911 1105 non
1947 1051 2106 1106 linem
2138 1055 2216 1105 la-

612 1172 2640 1200 ——___________‘_

1369 378 1424 431 S.
1458 379 1738 438 JOANNIS
1772 383 2244 441 CHRYSOSTUMI
2301 389 2636 453 ARCIIIEP.
2660 400 3204 465 CONSTANTINOP.

619 492 816 544 inicum
842 490 1100 557 habebis,
1131 503 1241 547 tum
1261 493 1368 559 die,
1404 497 1591 559 Absit.
1633 514 1696 551 ac
1727 499 1991 554 dictorum
2023 516 2208 557 recor-

617 584 748 636 dare
774 623 788 644 ,
819 591 875 636 et
895 581 1055 638 vitam
1082 591 1226 639 tuam
1254 600 1376 640 cum
1417 603 1606 657 magna
1635 589 1854 646 institue
1895 591 2167 662 diligentia
2188 635 2204 662 ,

615 690 682 728 ne
733 675 1088 731 Sodomorum
1134 679 1273 732 mala
1323 693 1422 734 nos
1461 680 1765 751 excipiant,
1798 699 1867 738 ne
1891 683 2206 741 Gomorrhae

620 765 758 819 mala
786 768 1083 835 patiamur,
1115 785 1183 824 ne
1211 769 1494 841 Tyriorum
1531 781 1586 827 et
1627 774 1968 830 Sidoniorum
2017 792 2204 848 poenas

611 856 801 912 demus
827 876 841 924 ;
891 861 1000 915 imo
1041 862 1218 931 potius
1264 879 1331 919 ne
1353 862 1626 919 Christum
1649 867 1986 924 oﬂ‘cndamus
2011 910 2026 934 ,
2057 871 2200 940 quod

3788 415 3881 475 liti

2277 525 2286 539 ’-
2317 509 2456 567 ciam
2483 513 2749 571 clamandi
2779 516 2882 572 hoc
2917 535 3038 576 esse
3063 523 3306 593 gehenna
3350 531 3564 598 gravius
3600 550 3665 591 ac
3687 542 3884 596 terribi-

2313 600 2436 657 lius.
2469 605 2537 660 Et
2571 621 2669 663 vos
2707 609 2780 665 ita
2810 611 3030 670 aﬂ‘ectos
3059 631 3181 673 esse
3205 634 3335 690 rogo
3360 640 3374 676 :
3402 626 3480 680 sic
3505 630 3648 682 enim
3676 642 3728 685 et
3752 651 3776 684 ει
3803 650 3881 704 ge-

2312 695 2485 750 benna
2516 697 2862 758 liberabimur
2879 745 2896 772 ,
2931 715 2986 761 et
3008 707 3207 766 Christi
3235 715 3404 782 gloria
3431 716 3673 776 lruemur
3700 695 3903 796 :quam,

2308 801 2409 842 nos
2435 802 2625 846 omnes
2651 797 2864 865 assequi
2893 799 3198 872 contingat,
3231 810 3400 876 gratia
3447 821 3501 865 et
3531 815 3877 875 misericordia

2309 877 2517 934 Domini
2555 886 2724 939 nostri
2761 886 2886 942 Jesu
2915 889 3150 960 Christi,
3180 897 3264 951 cui
3296 901 3462 969 gloria
3494 913 3548 958 et
3575 906 3874 979 imperium,

2303 970 2356 1024 in
2386 974 2580 1029 saecula
2607 977 2944 1035 saeculorum.
2967 983 3158 1040 Amen.

2645 1189 3871 1238 MM

1600 1256 1950 1318 HOMILIA
2016 1258 2349 1347 XXXVII.
2396 1260 2483 1322 al.
2533 1262 2892 1333 XXXVIII.

599 1388 731 1446 CAP.
761 1392 850 1448 Η.
878 1410 931 1448 v.
959 1395 1014 1448 7.
1053 1393 1172 1449 Illis
1200 1407 1370 1450 autem
1397 1399 1721 1466 abeuntibus,
1753 1401 1902 1470 erepit
1927 1401 2080 1456 Jesus
2108 1401 2192 1455 di-

671 1499 784 1537 cere
823 1486 890 1538 ad
934 1488 1104 1540 turbas
1141 1489 1206 1540 de
1226 1487 1432 1543 Joanne
1452 1509 1472 1545 :
1504 1492 1642 1559 Quid
1670 1493 1841 1548 existis
1860 1495 1913 1548 in
1939 1495 2192 1548 desertum

667 1571 877 1627 videre?
917 1577 1218 1630 arundinem
1265 1596 1296 1630 a
1333 1591 1476 1634 vento
1515 1583 1805 1652 agitatam?
1848 1585 1900 1638 4.
1935 1585 2042 1640 Sed
2067 1585 2192 1653 quid

668 1667 843 1720 existis
891 1668 1102 1723 videre?
1143 1670 1398 1726 hominem
1446 1675 1683 1730 mollibus
1723 1678 1954 1732 vestitum
1986 1680 2013 1734 2
2057 1679 2191 1734 Ecce

664 1758 754 1824 qui
804 1760 1041 1814 mollibus
1091 1764 1388 1829 vestiuntur,
1442 1766 1496 1820 in
1543 1768 1774 1824 domibus
1820 1788 1996 1840 regum
2047 1783 2185 1828 sunt.

665 1847 723 1904 9.
754 1849 861 1904 Sed
879 1852 1005 1922 quid
1032 1854 1203 1908 existis
1232 1857 1399 1910 videre
1419 1859 1444 1910 2
1472 1861 1773 1928 prophetam
1791 1862 1818 1916 2
1843 1860 2040 1932 Etiam,
2073 1865 2187 1921 dico

663 1939 820 2004 vobis,
851 1952 898 1996 et
920 1943 1036 2010 plus
1063 1961 1216 2015 quam
1246 1949 1567 2018 prophetam.

663 2033 715 2087 1.
738 2033 969 2090 Christus
984 2041 1235 2106 quomodo
1255 2040 1445 2110 famam
1465 2041 1684 2099 Joannis
1711 2045 1958 2116 Baptistte
1980 2048 2185 2103 adstru-

539 2173 551 2184 ,
586 2126 718 2178 xerit
736 2136 783 2179 et
803 2127 1308 2199 defenderit.—Qum
1325 2134 1391 2188 ad
1408 2135 1700 2207 discipulos
1724 2139 1946 2196 Joannis
1973 2152 2185 2212 specta-

591 2218 720 2273 bant
744 2229 891 2276 recte
910 2223 1156 2279 ordinata
1176 2235 1301 2282 sunt
1323 2243 1338 2292 ;
1359 2227 1543 2299 illique
1563 2230 1940 2297 discesserunt,
1959 2248 1990 2288 a
2015 2236 2180 2305 signis

584 2327 704 2381 qua:
729 2313 909 2369 statim
938 2313 1076 2370 facta
1107 2331 1235 2374 sunt
1271 2320 1572 2376 conlirmati
1607 2339 1620 2376 :
1650 2323 1887 2379 restabat
1914 2325 2132 2381 demum
2157 2367 2175 2396 ,

587 2411 645 2457 ut
675 2419 796 2475 qua:
822 2405 888 2460 ad
911 2409 1100 2478 populi
1125 2411 1434 2480 Opinionem
1465 2414 1804 2483 pertinebant
1831 2426 2171 2474 curarentur.

589 2496 666 2550 Illi
691 2498 886 2568 quippe
911 2500 979 2554 de
1007 2501 1265 2573 magistro
1293 2519 1391 2558 suo
1417 2505 1548 2560 nihil
1578 2521 1737 2575 supra
1777 2507 2040 2564 dictorum
2079 2525 2174 2566 su-

581 2587 960 2657 spicabantur;
993 2592 1144 2646 turba
1171 2607 1298 2648 vero
1327 2596 1526 2665 populi,
1556 2610 1623 2652 ex
1654 2597 2069 2670 interrogatione
2095 2601 2176 2657 di-

588 2679 915 2750 scipulorum
960 2681 1218 2753 Joannis,
1249 2687 1480 2743 absurda
1528 2690 1692 2746 multa
1736 2693 2004 2764 suspicata
2053 2704 2170 2764 est,

579 2770 724 2839 quod
776 2773 1007 2829 nesciret
1055 2791 1158 2846 qua
1209 2787 1392 2834 mente
1437 2779 1528 2836 ille
1572 2779 1864 2852 discipulos
1895 2785 2168 2842 misisset:

579 2862 976 2936 verisimileque
1005 2875 1088 2922 est
1127 2867 1249 2923 illos
1274 2869 1353 2925 sic
1381 2869 1519 2926 intra
1548 2885 1610 2928 se
1633 2873 1978 2931 ratiocinatos
2003 2890 2126 2933 esse
2152 2893 2168 2933 :

576 2955 680 3023 Qui
726 2965 804 3012 tot
852 2967 1105 3031 tantaque
1135 2960 1608 3030 testiﬁcatus'erat,
1635 2981 1780 3022 nunc
1807 2977 2041 3025 mutatus
2065 2970 2168 3026 du-

545 3084 550 3087 -
578 3047 728 3112 bitat,
755 3063 881 3102 num
913 3049 1019 3117 hic,
1052 3067 1178 3106 num
1206 3053 1341 3109 alius
1371 3064 1632 3112 venturus
1657 3057 1758 3112 sit?
1781 3057 1915 3114 Num
1942 3061 2032 3132 qui
2052 3059 2167 3116 haec

573 3139 705 3194 dicit
730 3139 948 3196 dissidia
970 3157 1092 3197 cum
1127 3143 1253 3200 Jesu
1280 3147 1499 3202 movet?
1526 3165 1653 3203 num
1684 3150 1918 3207 timidior
1945 3168 2009 3208 ex
2040 3169 2163 3209 car-

571 3245 697 3284 cere
725 3229 932 3286 factus?
963 3249 1090 3288 num
1119 3246 1320 3292 temere
1345 3239 1528 3307 priora
1555 3239 1806 3296 dixerat?
1835 3242 1968 3311 Quia
2001 3244 2162 3315 igitur

573 3324 868 3380 verisimile
889 3335 1002 3381 erat
1030 3328 1173 3398 ipsos
1196 3330 1317 3385 talia
1359 3332 1525 3386 multa
1552 3335 1810 3404 suspicari
1834 3375 1850 3402 ,
1879 3336 2000 3393 vide
2023 3354 2159 3408 quo-

571 3416 732 3469 modo
773 3417 986 3473 illorum
1033 3420 1398 3477 inﬁrmitatem
1428 3424 1682 3496 corrigat,
1715 3435 1771 3481 et
1794 3425 1890 3481 has
1914 3439 2162 3486 amoveat

567 3506 924 3576 suspiciones.
969 3509 1218 3567 Euntibus
1263 3514 1398 3566 enim
1442 3514 1576 3580 illis,
1611 3517 1758 3586 coepit
1783 3517 1948 3572 dicere
1976 3519 2154 3574 turbis.

565 3594 673 3651 Cnr
702 3596 954 3654 Euntibus
983 3600 1084 3656 illis
1103 3602 1129 3656 2
1154 3602 1233 3658 Ne
1257 3603 1532 3659 videretur
1565 3606 1769 3662 adulari
1795 3608 1990 3663 virum.
2021 3611 2154 3666 Dum

565 3695 744 3742 autem
775 3691 954 3760 populi
983 3693 1292 3763 opinionem
1322 3697 1591 3764 emendat,
1621 3698 1764 3754 illius
1790 3701 2152 3770 suspicionem

522 3817 527 3822 .
564 3795 670 3834 non
697 3780 916 3836 adducit
946 3783 998 3837 in
1026 3785 1282 3850 medium,
1306 3787 1399 3841 sed
1426 3788 1744 3844 solutionem
1768 3800 1973 3846 tantum
1999 3793 2154 3850 all'ert

562 3871 986 3939 ratiociniorum,
1012 3889 1131 3944 qua:
1154 3877 1363 3932 illorum
1383 3889 1616 3934 mentem
1639 3882 1942 3950 turbabant,
1971 3895 2155 3941 osten-

561 3965 697 4019 dens
744 3980 804 4021 se
849 3967 1086 4021 omnium
1138 3980 1348 4025 secreta
1396 3987 1745 4040 cognoscere.
1793 3975 1978 4046 Neque
2005 3980 2148 4034 enim

514 4097 521 4102 .
556 4055 686 4110 dicit
703 4055 842 4111 sicut
859 4057 1060 4112 Judmis
1075 4058 1287 4115 dicebat
1313 4077 1326 4114 :
1360 4061 1498 4128 Quid
1517 4065 1746 4133 cogitatis
1769 4067 1906 4120 mala
1931 4067 2145 4136 (Matth.

555 4146 609 4199 9.
639 4145 696 4216 4)
723 4147 745 4200 ?
789 4147 1012 4202 Etiamsi
1047 4149 1192 4204 enim
1236 4151 1559 4221 cogitarent,
1591 4169 1697 4209 non
1725 4170 1792 4211 ex
1818 4159 2148 4229 malignitate

553 4237 889 4307 cogitabant,
925 4239 1019 4295 sed
1049 4241 1191 4310 quod
1221 4257 1283 4297 ea
1314 4259 1434 4312 qua:
1473 4244 1787 4302 dicebantur
1815 4251 2143 4320 ignorarent.

558 4328 682 4383 Ideo
703 4345 808 4384 non
840 4332 1037 4387 acriter
1060 4333 1351 4404 alloquitur
1376 4335 1517 4402 illos,
1547 4337 1642 4392 sed
1671 4339 1882 4395 illorum
1908 4353 2142 4400 mentem
2197 4351 2204 4363 ‘

553 4429 760 4476 tantum
799 4425 1058 4495 corrigit,
1106 4425 1481 4498 Joannemque
1523 4428 1799 4499 defendit,
1848 4435 2144 4506 probatque

550 4511 700 4568 illum
727 4530 832 4568 non
869 4530 896 4568 a
921 4519 1103 4585 priore
1126 4519 1390 4574 sententia
1418 4518 1724 4589 deﬂexisse,
1757 4539 1856 4580 nec
1881 4535 2141 4583 mutatum

550 4602 734 4658 fuisse.
768 4603 952 4675 Neque
977 4608 1119 4662 enim
1146 4618 1250 4675 est,
1280 4610 1473 4680 inquit,
1501 4609 1663 4668 homo
1686 4613 1820 4669 levis
1863 4617 1944 4671 vel
1986 4619 2138 4673 volu-

552 4692 696 4755 bilis,
743 4696 837 4749 sed
875 4697 1081 4763 lirmus,
1114 4710 1403 4765 constans;
1433 4716 1535 4759 nec
1562 4705 1703 4771 talis,
1730 4707 1820 4776 qui
1853 4708 2046 4777 prodat
2075 4725 2138 4766 ea

545 4799 668 4853 qua:
695 4783 796 4840 sibi
826 4787 1134 4844 concredita
1166 4799 1310 4848 sunt.
1347 4791 1469 4848 llaec
1495 4802 1672 4851 autem
1704 4796 1776 4851 ita
1816 4801 2136 4870 concinnat,

544 4886 603 4930 ut
653 4893 758 4932 non
805 4880 984 4934 statim
1032 4895 1100 4936 ex
1149 4885 1362 4953 propria
1393 4889 1682 4954 sententia,
1711 4889 1804 4945 sed
1831 4908 1898 4947 ex
1923 4894 2136 4950 illorum

544 4969 852 5025 testimonio
881 4971 1136 5040 procedat
1161 4991 1176 5026 :
1202 4988 1308 5028 non
1336 4990 1402 5030 ex
1432 4975 1590 5032 dictis
1617 4988 1821 5036 tantum
1857 4983 2094 5052 ipsorum
2118 5027 2133 5052 ,

542 5058 640 5114 sed
669 5069 725 5114 et
751 5077 820 5116 ex
852 5061 1107 5130 operibus
1134 5064 1426 5121 ostendens
1453 5067 1599 5138 ipsos
1624 5069 1744 5138 ejus
1779 5077 2134 5132 constantiam

542 5153 860 5210 testiﬁcatos
875 5169 1015 5212 esse.
1047 5155 1338 5227 Propterea
1359 5159 1510 5226 dicit,
1538 5161 1674 5228 Quid
1695 5166 1871 5222 existis
1893 5169 1947 5223 in
1973 5170 2135 5226 deser-

543 5256 650 5297 ttmt
674 5246 841 5301 videre
861 5248 887 5300 2
915 5262 977 5302 ac
1008 5247 1053 5302 si
1079 5247 1322 5317 diceret,
1353 5250 1464 5306 Cur
1487 5254 1690 5310 relictis
1717 5258 1939 5316 urbibus
1957 5303 1971 5327 ,
2002 5263 2134 5319 tedi-

543 5334 772 5404 busque,
801 5339 853 5392 in
879 5339 1154 5396 desertum
1179 5343 1507 5400 convenistis
1533 5350 1761 5404 omnes?
1799 5360 1859 5407 ut
1879 5354 2133 5412 miserum

541 5429 828 5495 quemdam
855 5442 912 5487 et
935 5432 1104 5488 levem
1130 5433 1401 5491 hominem
1427 5437 1678 5497 videretis
1699 5443 1721 5496 ‘l
1740 5441 1845 5500 Sed
1869 5445 1922 5501 id
1946 5457 2133 5504 contra

539 5524 740 5573 rectam
773 5523 1036 5579 rationem
1077 5535 1243 5582 esset.
1290 5526 1474 5598 Neque
1502 5531 1644 5586 enim
1684 5532 1756 5588 ita
1792 5538 2033 5608 arguitur
2065 5555 2132 5596 ex

539 5613 629 5667 ilio
655 5619 804 5671 tanto
856 5614 1034 5670 studio
1055 5657 1073 5681 ,
1115 5631 1222 5686 quo
1266 5617 1321 5673 in
1347 5617 1622 5678 desertum
1643 5628 1952 5682 accurristis
1988 5646 2001 5682 :
2031 5646 2133 5687 nec

538 5713 721 5758 tantus
747 5705 975 5775 populus
995 5748 1010 5772 ,
1040 5713 1120 5761 tot
1145 5707 1390 5766 civitates
1426 5726 1547 5767 cum
1578 5721 1732 5771 tanto
1756 5719 1938 5774 studio
1958 5716 2010 5775 in
2035 5720 2128 5776 de.

538 5803 742 5848 sertum
766 5804 822 5851 et
853 5795 920 5852 ad
947 5796 1238 5856 Jordanem
1268 5800 1475 5861 diﬂ'uste
1496 5813 1715 5877 essent,
1753 5808 1854 5868 nisi
1882 5824 2133 5884 magnum

2299 1590 2472 1647 visum
2498 1633 2514 1659 ,
2546 1611 2576 1648 a
2603 1609 2763 1655 vento
2798 1605 3085 1674 agitatum;
3123 1627 3247 1668 nam
3295 1617 3441 1674 leves
3469 1619 3715 1679 homines
3735 1668 3749 1690 ,
3793 1645 3869 1696 qui

2298 1679 2402 1738 huc
2425 1684 2552 1741 illuc
2591 1688 3081 1767 circumferuntur,
3114 1713 3168 1758 et
3195 1706 3357 1762 modo
3401 1709 3552 1775 hzec,
3597 1718 3753 1769 modo
3793 1679 3868 1772 illa

2296 1771 2502 1843 dicunt,
2554 1779 2606 1834 in
2653 1783 2905 1855 nullaque
2952 1805 3010 1844 re
3051 1795 3374 1866 consistunt,
3406 1802 3616 1859 calamo
3644 1818 3764 1862 sunt
3800 1812 3868 1864 si-

2293 1865 2467 1963 miles.
2498 1869 2578 1925 Ac
2605 1876 2872 1942 perpende
2904 1884 3174 1949 quomodo
3203 1891 3350 1945 omni
3393 1891 3612 1949 dimissa
3661 1900 3867 1963 malitia,

2291 1954 2360 2011 de
2389 1955 2491 2053 hac
2516 1961 2627 2015 sola
2657 1978 2801 2022 nunc
2819 1979 2960 2040 agat,
2979 1989 3100 2042 quae
3151 1978 3299 2049 ipsos
3329 1981 3597 2053 subierat,
3653 1990 3866 2046 levitatis

2289 2048 2596 2117 suspicione
2615 2094 2630 2119 ,
2661 2072 2820 2125 quam
2849 2075 3098 2120 amovere
3127 2048 3371 2126 conatur.
3406 2074 3515 2128 Sed
3553 2079 3679 2146 quid
3711 2083 3866 2136 ea'islis

2289 2140 2495 2196 videre?
2523 2145 2775 2226 hominem
2799 2153 3033 2211 mollibus
3061 2162 3289 2217 vestitum
3310 2166 3337 2219 2
3364 2166 3496 2222 Ecce
3533 2140 3622 2240 qui
3649 2175 3865 2230 mollibus

2288 2235 2564 2291 vestiuntur
2586 2279 2600 2302 ,
2648 2240 2698 2294 in
2724 2243 2955 2301 domibus
2999 2265 3173 2320 regunt
3197 2265 3334 2311 sunt.
3363 2259 3517 2325 Quod
3545 2235 3680 2320 vero
3707 2268 3860 2333 dicit,

2284 2333 2369 2380 est
2397 2325 2701 2430 huiusmodi
2734 2350 2749 2387 :
2777 2337 2820 2388 A
2843 2338 3022 2408 seipso
3045 2343 3131 2398 ille
3149 2360 3264 2402 .non
3297 2351 3553 2410 volubilis
3571 2367 3693 2411 est:
3716 2325 3860 2430 idque

2283 2429 2380 2470 vos
2419 2416 2735 2479 declarastis
2777 2441 2843 2482 ex
2889 2441 3068 2488 vestro
3096 2449 3222 2506 erga
3268 2439 3418 2496 illum
3457 2446 3662 2502 studio.
3693 2416 3860 2520 Neqiic

2281 2505 2409 2562 illud
2431 2508 2535 2565 dici
2555 2515 2742 2582 possit,
2769 2517 2914 2575 illum
2932 2523 3057 2577 olim
3082 2505 3414 2588 COIlSlaltlem
3433 2540 3666 2604 primum
3689 2505 3857 2608 fuisse,

2255 2596 2376 2674 sed
2421 2615 2485 2655 ex
2533 2601 2740 2660 deliciis
2789 2620 2974 2691 postea
3025 2616 3239 2691 mollem
3285 2596 3534 2681 eﬂ’ectum
3566 2643 3704 2686 esse.
3735 2596 3856 2687 Nam

2277 2689 2419 2758 apud
2449 2690 2694 2752 homines
2718 2689 2934 2768 quidam
2965 2706 3042 2760 sic
3067 2689 3378 2779 nascuntur,
3405 2717 3497 2772 alii
3532 2720 3665 2776 tales
3686 2736 3858 2791 postea

2278 2780 2411 2835 liunt
2436 2799 2450 2836 :
2483 2788 2714 2857 exempli
2745 2787 2924 2860 causa,
2948 2797 3084 2852 alius
3112 2811 3301 2858 natura
3328 2820 3426 2860 sua
3453 2780 3742 2868 iracundus
3761 2825 3853 2882 est,

2274 2871 2413 2928 alius
2456 2890 2522 2930 ex
2574 2877 2729 2951 longa
2775 2887 3091 2955 aegritudine
3136 2893 3189 2948 in
3234 2895 3375 2954 hunc
3421 2903 3590 2959 animi
3618 2871 3852 2962 morbum

2273 2963 2480 3026 incidit.
2505 2969 2591 3026 Sic
2617 2973 2706 3029 alii
2735 2976 3105 3042 inconstantes
3129 2998 3183 3042 et
3206 2989 3350 3046 leves
3379 3006 3572 3052 natura
3599 3015 3695 3056 sua
3717 3013 3849 3068 sunt,

2269 3056 2359 3153 alii
2398 3060 2541 3153 quod
2579 3062 2785 3122 deliciis
2822 3080 2878 3125 et
2915 3073 3172 3146 voluptati
3201 3080 3546 3153 indulserint,
3581 3091 3716 3148 tales
3739 3056 3852 3149 ς»υηὶ

2267 3148 2461 3207 ell‘ecti.
2487 3155 2558 3209 At
2581 3155 2836 3225 Joannes,
2867 3163 3058 3236 inquit,
3089 3185 3196 3229 non
3229 3186 3420 3232 natura
3447 3148 3571 3237 talis
3607 3195 3694 3240 est
3720 3148 3852 3243 :rne-

2261 3512 2533 3574 desertum
2557 3561 2572 3586 ,
2601 3537 2807 3582 carcer.
2836 3528 2968 3585 Nam
2995 3532 3040 3586 si
3067 3538 3318 3595 mollibus
3345 3546 3533 3602 vestiri
3555 3551 3805 3609 voluisset
3825 3596 3841 3621 ,

2260 3621 2366 3660 non
2395 3609 2660 3667 desertum
2691 3618 2985 3689 coluisset,
3015 3640 3122 3680 non
3158 3643 3427 3712 carcerein
3452 3677 3467 3703 ,
3498 3640 3600 3694 sed
3627 3609 3838 3713 regiam:

2257 3695 2473 3754 Licebat
2503 3703 2645 3758 enim
2673 3706 2747 3761 illi
2773 3750 2788 3774 ,
2818 3711 2863 3764 si
2897 3716 3149 3772 tacuisset
3172 3759 3187 3783 ,
3217 3701 3415 3792 ingenii
3454 3695 3567 3784 'lrui
3620 3695 3838 3794 ὴοῖιοτθ.

2257 3786 2467 3844 Etenim
2517 3801 2677 3864 quem
2725 3796 2964 3858 Herodes
2993 3807 3080 3862 vel
3109 3786 3514 3882 redai'gueiitein
3560 3786 3705 3878 se,

2232 3881 2402 3934 ictun'i
2421 3885 2495 3938 ita
2527 3891 2897 3962 reverebatur,
2910 3908 3055 3953 certe
3079 3900 3125 3954 si
3152 3881 3408 3960 tacuisset
3439 3921 3559 3964 erat
3579 3913 3826 3970 adulatu-

2254 3985 2371 4028 rus.
2402 3974 2538 4032 Cum
2579 3995 2710 4051 ergo
2742 3987 2911 4055 gestis
2941 3992 3057 4046 suis
3081 3992 3354 4052 ﬁrmitatis
3397 4008 3824 4075 constantiaque

2252 4079 2362 4120 sum
2391 4070 2814 4137 experimentum
2849 4077 3088 4149 dederit,
3120 4089 3386 4152 quomodo
3413 4091 3467 4146 in
3501 4096 3638 4150 tales
3664 4070 3833 4168 suspi-

2249 4158 2433 4215 ciones
2452 4161 2575 4231 jure
2603 4165 2801 4222 cadat?
3755 4158 3762 4228 ί

2320 4249 2374 4302 2.
2398 4251 2624 4308 Joannes
2645 4255 2875 4327 Baptista
2899 4261 3010 4330 plus
3030 4281 3180 4334 quam
3203 4271 3447 4340 prapheta
3469 4292 3498 4326 a
3515 4274 3720 4335 Christo
3739 4299 3830 4351 apo

2249 4342 2485 4410 pellulus,
2503 4347 2555 4400 in
2575 4364 2674 4418 quo
2695 4353 2886 4406 caeteris
2908 4369 3107 4423 praestet
3131 4365 3406 4429 prophetis.
3425 4367 3658 4426 Christus
3685 4342 3832 4444 neque

2246 4451 2360 4488 cum
2392 4436 2595 4494 Joanne
2636 4458 2792 4512 neque
2839 4462 2954 4500 cum
2977 4450 3079 4504 alio
3113 4453 3315 4509 homine
3343 4467 3634 4529 comparari
3655 4479 3825 4537 potest.

2243 4555 2317 4566 —
2342 4527 2628 4600 Postquam
2650 4549 2776 4605 ergo
2798 4545 2852 4592 et
2876 4553 2905 4592 a
2938 4539 3056 4596 loco
3075 4583 3089 4605 ,
3121 4556 3171 4600 et
3203 4562 3229 4598 a
3262 4527 3499 4607 vestibus
3522 4597 3538 4622 ,
3566 4569 3619 4611 et
3701 4576 3826 4614 Cult-

2245 4632 2413 4677 cursu
2455 4627 2638 4694 populi
2685 4645 2863 4685 mores
2901 4633 3020 4701 ejus
3052 4635 3364 4709 descripsit,
3404 4644 3620 4700 induxit
3655 4659 3829 4717 postea

2245 4714 2586 4783 prophetam.
2613 4719 2752 4774 Cum
2782 4722 3014 4780 dixisset
3036 4729 3203 4796 enim,
3231 4733 3373 4800 Quid
3401 4739 3590 4792 existis
3626 4714 3831 4795 ridere?

2246 4798 2775 4871 Prophetam?Etiam
2797 4810 2909 4865 dico
2933 4815 3087 4879 vobis,
3113 4827 3158 4870 et
3183 4798 3298 4887 plus
3322 4839 3471 4890 quam
3495 4832 3824 4896 prophetam:

2241 4895 2389 4950 addit
2419 4913 2431 4949 :
2466 4898 2554 4952 10.
2600 4898 2699 4953 llic
2727 4912 2798 4956 est
2825 4906 2954 4958 enim
2981 4947 2994 4970 ,
3039 4908 3101 4961 de
3137 4927 3236 4980 quo
3281 4916 3526 4985 scriptam
3551 4895 3624 4974 est
3652 4938 3672 4976 :
3702 4922 3827 4978 Ecce

2240 4989 2381 5042 mitto
2410 4991 2644 5060 angelum
2669 5010 2831 5047 meum
2857 5007 2974 5051 ante
3000 5001 3182 5070 [aciem
3208 5013 3345 5060 luant
3368 5048 3383 5073 ,
3411 5011 3494 5080 qui
3521 5016 3823 5084 prarparabit

2242 5078 2372 5130 viam
2393 5090 2530 5133 tuam
2545 5091 2665 5136 ante
2687 5092 2733 5136 te
2754 5083 2835 5150 (Μ
2840 5086 3008 5140 alach.
3029 5089 3082 5144 5.
3105 5089 3178 5163 l).
3203 5092 3333 5149 Cum
3354 5078 3499 5166 prius
3517 5078 3820 5159 udinorutn

2245 5171 2605 5227 testimonium
2627 5173 2961 5247 adduxisset,
2989 5189 3114 5238 tunc
3137 5186 3446 5256 prophetam
3468 5194 3642 5250 all'ert.
3665 5197 3820 5264 Quin-

2240 5260 2346 5316 imo
2371 5261 2651 5320 Iudaicum
2680 5267 2943 5324 calculum
2971 5273 3141 5341 primo
3171 5277 3335 5345 ponit,
3364 5284 3504 5351 quod
3534 5260 3818 5344 maximum

2239 5365 2323 5410 est
2361 5369 2768 5429 argumentum,
2812 5364 3026 5433 quando
3066 5367 3406 5429 inimicorum
3461 5380 3817 5436 testimonium

2238 5447 2457 5504 allertur
2484 5468 2496 5504 :
2543 5454 2778 5510 secnndo
2799 5496 2814 5520 ,
2854 5455 3079 5515 Joannis
3109 5463 3306 5532 vitam;
3337 5471 3526 5536 tertio,
3565 5474 3818 5543 judicium

2238 5558 2423 5606 suum;
2474 5555 2687 5614 quarto,
2757 5550 3116 5620 pmpbetain,
3165 5558 3399 5630 undique
3456 5565 3666 5622 illorum
3729 5585 3816 5623 ora

2199 5693 2203 5700 η
2237 5632 2510 5690 claudens.
2543 5637 2746 5693 Deinde
2767 5655 2834 5695 ne
2853 5641 3094 5699 dicerent
3124 5663 3137 5699 :
3169 5647 3304 5717 Quid
3327 5668 3455 5725 ergo
3483 5657 3529 5712 si
3559 5659 3679 5716 talis
3703 5677 3816 5714 cum

2237 5735 2383 5779 esset
2415 5725 2526 5794 jam
2555 5738 2793 5784 mutatus
2827 5731 2929 5786 sit?
2956 5745 3149 5791 caetera
3200 5739 3437 5812 adjecit,
3464 5749 3776 5805 vestimenta
3801 5791 3816 5813 .

2239 5831 2532 5890 carcerein,
2553 5829 2608 5876 et
2631 5831 2812 5893 postea
2837 5824 3195 5895 prophetiam.
3213 5831 3404 5891 Postea
3435 5851 3563 5896 vero
3585 5855 3706 5896 cum
3737 5840 3814 5896 di-
