  <div class='ocr_page' id='page_1' title='image "/cluster/home/n/w/nwhite01/storage/ocr_20150623/57/nnc1.0046980075/347.png"; bbox 0 0 4074 6358; ppageno 0'>
   <div class='ocr_carea' id='block_1_1' title="bbox 309 338 410 394">
    <p class='ocr_par' dir='ltr' id='par_1_1' title="bbox 309 338 410 394">
     <span class='ocr_line' id='line_1_1' title="bbox 309 338 410 394; baseline -0.03 0"><span class='ocrx_word' id='word_1_1' title='bbox 309 338 410 394; x_wconf 57' lang='lat' dir='ltr'>ﬁl</span> 
     </span>
    </p>
   </div>
   <div class='ocr_carea' id='block_1_2' title="bbox 306 447 1987 523">
    <p class='ocr_par' dir='ltr' id='par_1_2' title="bbox 306 447 1987 523">
     <span class='ocr_line' id='line_1_2' title="bbox 306 447 1987 523; baseline -0.003 -14"><span class='ocrx_word' id='word_1_2' title='bbox 306 454 547 509; x_wconf 80' lang='grc' dir='ltr'>στέλλω</span> <span class='ocrx_word' id='word_1_3' title='bbox 589 451 717 523; x_wconf 85' lang='grc' dir='ltr'>γὰρ,</span> <span class='ocrx_word' id='word_1_4' title='bbox 748 450 902 521; x_wconf 71' lang='grc' dir='ltr'>φησί,</span> <span class='ocrx_word' id='word_1_5' title='bbox 947 448 1053 504; x_wconf 82' lang='grc' dir='ltr'>τὸν</span> <span class='ocrx_word' id='word_1_6' title='bbox 1079 448 1339 520; x_wconf 77' lang='grc' dir='ltr'>ἄγγελόν</span> <span class='ocrx_word' id='word_1_7' title='bbox 1359 467 1478 519; x_wconf 80' lang='grc' dir='ltr'>μου</span> <span class='ocrx_word' id='word_1_8' title='bbox 1513 447 1628 518; x_wconf 85' lang='grc' dir='ltr'>πρὸ</span> <span class='ocrx_word' id='word_1_9' title='bbox 1661 448 1987 517; x_wconf 82' lang='grc' dir='ltr'>προσώπου</span> 
     </span>
    </p>
   </div>
   <div class='ocr_carea' id='block_1_3' title="bbox 308 537 1992 610">
    <p class='ocr_par' dir='ltr' id='par_1_3' title="bbox 308 537 1992 610">
     <span class='ocr_line' id='line_1_3' title="bbox 308 537 1992 610; baseline -0.004 -11"><span class='ocrx_word' id='word_1_10' title='bbox 308 561 424 599; x_wconf 89' lang='grc' dir='ltr'>σου</span> <span class='ocrx_word' id='word_1_11' title='bbox 444 559 458 574; x_wconf 84' lang='lat'><strong><em>°</em></strong></span> <span class='ocrx_word' id='word_1_12' title='bbox 490 541 791 605; x_wconf 82' lang='grc' dir='ltr'>τουτέστιν,</span> <span class='ocrx_word' id='word_1_13' title='bbox 819 538 987 608; x_wconf 81' lang='grc' dir='ltr'>ἐγγύς</span> <span class='ocrx_word' id='word_1_14' title='bbox 1017 556 1131 592; x_wconf 88' lang='grc' dir='ltr'>σου.</span> <span class='ocrx_word' id='word_1_15' title='bbox 1164 537 1432 610; x_wconf 82' lang='grc' dir='ltr'>Καθάπερ</span> <span class='ocrx_word' id='word_1_16' title='bbox 1453 538 1562 609; x_wconf 80' lang='grc' dir='ltr'>γὰρ</span> <span class='ocrx_word' id='word_1_17' title='bbox 1591 539 1683 591; x_wconf 74' lang='grc' dir='ltr'>ἐπὶ</span> <span class='ocrx_word' id='word_1_18' title='bbox 1707 538 1815 592; x_wconf 91' lang='grc' dir='ltr'>τῶν</span> <span class='ocrx_word' id='word_1_19' title='bbox 1845 538 1992 608; x_wconf 81' lang='grc' dir='ltr'>βασι-</span> 
     </span>
    </p>
   </div>
   <div class='ocr_carea' id='block_1_4' title="bbox 307 620 1988 698">
    <p class='ocr_par' dir='ltr' id='par_1_4' title="bbox 307 620 1988 698">
     <span class='ocr_line' id='line_1_4' title="bbox 307 620 1988 698; baseline -0.003 -14"><span class='ocrx_word' id='word_1_20' title='bbox 307 631 441 686; x_wconf 85' lang='grc' dir='ltr'>λέων</span> <span class='ocrx_word' id='word_1_21' title='bbox 465 631 516 684; x_wconf 84' lang='grc' dir='ltr'>οἰ</span> <span class='ocrx_word' id='word_1_22' title='bbox 535 629 703 698; x_wconf 82' lang='grc' dir='ltr'>ἐγγὺς</span> <span class='ocrx_word' id='word_1_23' title='bbox 729 627 823 682; x_wconf 90' lang='grc' dir='ltr'>τοῦ</span> <span class='ocrx_word' id='word_1_24' title='bbox 848 628 1122 698; x_wconf 87' lang='grc' dir='ltr'>ὀχήματος</span> <span class='ocrx_word' id='word_1_25' title='bbox 1148 626 1482 690; x_wconf 76' lang='grc' dir='ltr'>ἐλαύνοντες,</span> <span class='ocrx_word' id='word_1_26' title='bbox 1515 620 1659 681; x_wconf 81' lang='grc' dir='ltr'>οῦτοι</span> <span class='ocrx_word' id='word_1_27' title='bbox 1685 626 1792 680; x_wconf 90' lang='grc' dir='ltr'>τῶν</span> <span class='ocrx_word' id='word_1_28' title='bbox 1813 626 1988 681; x_wconf 83' lang='grc' dir='ltr'>ἄλλων</span> 
     </span>
    </p>
   </div>
   <div class='ocr_carea' id='block_1_5' title="bbox 306 715 1987 790">
    <p class='ocr_par' dir='ltr' id='par_1_5' title="bbox 306 715 1987 790">
     <span class='ocr_line' id='line_1_5' title="bbox 306 715 1987 790; baseline -0.004 -16"><span class='ocrx_word' id='word_1_29' title='bbox 306 721 414 774; x_wconf 79' lang='grc' dir='ltr'>εἰσί</span> <span class='ocrx_word' id='word_1_30' title='bbox 443 718 813 790; x_wconf 85' lang='grc' dir='ltr'>λαμπρότεροι</span> <span class='ocrx_word' id='word_1_31' title='bbox 836 735 849 748; x_wconf 77' lang='grc' dir='ltr'>ο</span> <span class='ocrx_word' id='word_1_32' title='bbox 888 716 1030 769; x_wconf 83' lang='grc' dir='ltr'>οὑτω</span> <span class='ocrx_word' id='word_1_33' title='bbox 1061 717 1123 788; x_wconf 83' lang='grc' dir='ltr'>δὴ</span> <span class='ocrx_word' id='word_1_34' title='bbox 1154 718 1249 770; x_wconf 73' lang='grc' dir='ltr'>καὶ</span> <span class='ocrx_word' id='word_1_35' title='bbox 1280 717 1308 768; x_wconf 84' lang='grc' dir='ltr'>ό</span> <span class='ocrx_word' id='word_1_36' title='bbox 1343 716 1595 786; x_wconf 80' lang='grc' dir='ltr'>Ἰωάννης</span> <span class='ocrx_word' id='word_1_37' title='bbox 1627 716 1792 783; x_wconf 83' lang='grc' dir='ltr'>ἐγγὺς</span> <span class='ocrx_word' id='word_1_38' title='bbox 1818 715 1987 785; x_wconf 83' lang='grc' dir='ltr'>αὐτῆς</span> 
     </span>
    </p>
   </div>
   <div class='ocr_carea' id='block_1_6' title="bbox 308 802 1985 878">
    <p class='ocr_par' dir='ltr' id='par_1_6' title="bbox 308 802 1985 878">
     <span class='ocr_line' id='line_1_6' title="bbox 308 802 1985 878; baseline -0.004 -16"><span class='ocrx_word' id='word_1_39' title='bbox 308 810 559 878; x_wconf 87' lang='grc' dir='ltr'>φαίνεται</span> <span class='ocrx_word' id='word_1_40' title='bbox 588 808 686 878; x_wconf 85' lang='grc' dir='ltr'>τῆς</span> <span class='ocrx_word' id='word_1_41' title='bbox 714 806 1016 878; x_wconf 83' lang='grc' dir='ltr'>παρουσίας</span> <span class='ocrx_word' id='word_1_42' title='bbox 1049 805 1308 859; x_wconf 77' lang='grc' dir='ltr'>ἐλαύνων.</span> <span class='ocrx_word' id='word_1_43' title='bbox 1337 805 1480 876; x_wconf 81' lang='grc' dir='ltr'>Ὅρα</span> <span class='ocrx_word' id='word_1_44' title='bbox 1517 803 1635 867; x_wconf 89' lang='grc' dir='ltr'>πῶς</span> <span class='ocrx_word' id='word_1_45' title='bbox 1669 805 1764 857; x_wconf 74' lang='grc' dir='ltr'>καὶ</span> <span class='ocrx_word' id='word_1_46' title='bbox 1800 802 1985 856; x_wconf 86' lang='grc' dir='ltr'>ἐντεῦ-</span> 
     </span>
    </p>
   </div>
   <div class='ocr_carea' id='block_1_7' title="bbox 306 889 1988 967">
    <p class='ocr_par' dir='ltr' id='par_1_7' title="bbox 306 889 1988 967">
     <span class='ocr_line' id='line_1_7' title="bbox 306 889 1988 967; baseline -0.004 -17"><span class='ocrx_word' id='word_1_47' title='bbox 306 899 397 950; x_wconf 88' lang='grc' dir='ltr'>θεν</span> <span class='ocrx_word' id='word_1_48' title='bbox 418 897 516 967; x_wconf 78' lang='grc' dir='ltr'>τὴν</span> <span class='ocrx_word' id='word_1_49' title='bbox 542 894 813 966; x_wconf 80' lang='grc' dir='ltr'>ὑπεροχὴν</span> <span class='ocrx_word' id='word_1_50' title='bbox 837 891 1003 960; x_wconf 76' lang='grc' dir='ltr'>ἔδειξε</span> <span class='ocrx_word' id='word_1_51' title='bbox 1028 909 1041 924; x_wconf 73' lang='grc'><strong><em>⁸</em></strong></span> <span class='ocrx_word' id='word_1_52' title='bbox 1081 893 1174 944; x_wconf 59' lang='grc' dir='ltr'>καὶ⁵</span> <span class='ocrx_word' id='word_1_53' title='bbox 1196 891 1315 944; x_wconf 82' lang='grc' dir='ltr'>οὐδὲ</span> <span class='ocrx_word' id='word_1_54' title='bbox 1333 890 1566 944; x_wconf 81' lang='grc' dir='ltr'>ἐνταῦθα</span> <span class='ocrx_word' id='word_1_55' title='bbox 1588 891 1825 955; x_wconf 78' lang='grc' dir='ltr'>ἵσταται,</span> <span class='ocrx_word' id='word_1_56' title='bbox 1853 889 1988 944; x_wconf 89' lang='grc' dir='ltr'>ἀλλά</span> 
     </span>
    </p>
   </div>
   <div class='ocr_carea' id='block_1_8' title="bbox 307 979 1983 1057">
    <p class='ocr_par' dir='ltr' id='par_1_8' title="bbox 307 979 1983 1057">
     <span class='ocr_line' id='line_1_8' title="bbox 307 979 1983 1057; baseline -0.003 -18"><span class='ocrx_word' id='word_1_57' title='bbox 307 987 401 1042; x_wconf 74' lang='grc' dir='ltr'>καὶ</span> <span class='ocrx_word' id='word_1_58' title='bbox 449 987 546 1057; x_wconf 77' lang='grc' dir='ltr'>τὴν</span> <span class='ocrx_word' id='word_1_59' title='bbox 597 985 726 1055; x_wconf 78' lang='grc' dir='ltr'>παρ’</span> <span class='ocrx_word' id='word_1_60' title='bbox 779 981 972 1037; x_wconf 84' lang='grc' dir='ltr'>ἐαυτοῦ</span> <span class='ocrx_word' id='word_1_61' title='bbox 1027 980 1213 1035; x_wconf 83' lang='grc' dir='ltr'>λοιπόν</span> <span class='ocrx_word' id='word_1_62' title='bbox 1259 981 1456 1050; x_wconf 78' lang='grc' dir='ltr'>ἐπάγει</span> <span class='ocrx_word' id='word_1_63' title='bbox 1509 981 1723 1051; x_wconf 77' lang='grc' dir='ltr'>ψῆφον,</span> <span class='ocrx_word' id='word_1_64' title='bbox 1768 979 1983 1048; x_wconf 80' lang='grc' dir='ltr'>λέγων’</span> 
     </span>
    </p>
   </div>
   <div class='ocr_carea' id='block_1_9' title="bbox 317 1068 1983 1144">
    <p class='ocr_par' dir='ltr' id='par_1_9' title="bbox 317 1068 1983 1144">
     <span class='ocr_line' id='line_1_9' title="bbox 317 1068 1983 1144; baseline -0.007 -15"><span class='ocrx_word' id='word_1_65' title='bbox 317 1075 496 1144; x_wconf 78' lang='grc' dir='ltr'>Ἀμὴν</span> <span class='ocrx_word' id='word_1_66' title='bbox 519 1074 672 1142; x_wconf 74' lang='grc' dir='ltr'>λέγω</span> <span class='ocrx_word' id='word_1_67' title='bbox 695 1071 856 1141; x_wconf 81' lang='grc' dir='ltr'>ὑμῖν,</span> <span class='ocrx_word' id='word_1_68' title='bbox 881 1074 991 1128; x_wconf 81' lang='grc' dir='ltr'>οὐκ</span> <span class='ocrx_word' id='word_1_69' title='bbox 1015 1070 1320 1140; x_wconf 77' lang='grc' dir='ltr'>ἐγήγερται</span> <span class='ocrx_word' id='word_1_70' title='bbox 1348 1070 1416 1122; x_wconf 83' lang='grc' dir='ltr'>ἐν</span> <span class='ocrx_word' id='word_1_71' title='bbox 1441 1068 1751 1138; x_wconf 78' lang='grc' dir='ltr'>γεννητοῖς</span> <span class='ocrx_word' id='word_1_72' title='bbox 1779 1085 1983 1138; x_wconf 82' lang='grc' dir='ltr'>γυναι-</span> 
     </span>
    </p>
   </div>
   <div class='ocr_carea' id='block_1_10' title="bbox 305 1155 1982 1231">
    <p class='ocr_par' dir='ltr' id='par_1_10' title="bbox 305 1155 1982 1231">
     <span class='ocr_line' id='line_1_10' title="bbox 305 1155 1982 1231; baseline -0.006 -14"><span class='ocrx_word' id='word_1_73' title='bbox 305 1163 431 1217; x_wconf 80' lang='grc' dir='ltr'>κῶν</span> <span class='ocrx_word' id='word_1_74' title='bbox 469 1160 682 1231; x_wconf 80' lang='grc' dir='ltr'>μείζων</span> <span class='ocrx_word' id='word_1_75' title='bbox 726 1160 1006 1215; x_wconf 80' lang='grc' dir='ltr'>Ἰωάννου</span> <span class='ocrx_word' id='word_1_76' title='bbox 1046 1159 1152 1212; x_wconf 84' lang='grc' dir='ltr'>τοῦ</span> <span class='ocrx_word' id='word_1_77' title='bbox 1183 1157 1549 1210; x_wconf 85' lang='grc' dir='ltr'>Βαπτιστοῦ.</span> <span class='ocrx_word' id='word_1_78' title='bbox 1597 1157 1662 1208; x_wconf 92' lang='grc' dir='ltr'><strong>Ὃ</strong></span> <span class='ocrx_word' id='word_1_79' title='bbox 1709 1155 1764 1208; x_wconf 91' lang='lat'>65</span> <span class='ocrx_word' id='word_1_80' title='bbox 1811 1155 1982 1223; x_wconf 87' lang='grc' dir='ltr'>λέγει,</span> 
     </span>
    </p>
   </div>
   <div class='ocr_carea' id='block_1_11' title="bbox 304 1241 1987 1316">
    <p class='ocr_par' dir='ltr' id='par_1_11' title="bbox 304 1241 1987 1316">
     <span class='ocr_line' id='line_1_11' title="bbox 304 1241 1987 1316; baseline -0.004 -14"><span class='ocrx_word' id='word_1_81' title='bbox 304 1250 542 1304; x_wconf 89' lang='grc' dir='ltr'>τοιοῦτόν</span> <span class='ocrx_word' id='word_1_82' title='bbox 586 1250 765 1301; x_wconf 88' lang='grc' dir='ltr'>ἐστιν·</span> <span class='ocrx_word' id='word_1_83' title='bbox 818 1249 931 1300; x_wconf 88' lang='grc' dir='ltr'>Οὑκ</span> <span class='ocrx_word' id='word_1_84' title='bbox 966 1247 1120 1299; x_wconf 77' lang='grc' dir='ltr'>ἔτεκε</span> <span class='ocrx_word' id='word_1_85' title='bbox 1155 1243 1295 1316; x_wconf 83' lang='grc' dir='ltr'>γυνὴ</span> <span class='ocrx_word' id='word_1_86' title='bbox 1338 1245 1531 1296; x_wconf 90' lang='grc' dir='ltr'>τούτου</span> <span class='ocrx_word' id='word_1_87' title='bbox 1586 1241 1826 1313; x_wconf 82' lang='grc' dir='ltr'>μείζονα.</span> <span class='ocrx_word' id='word_1_88' title='bbox 1881 1242 1987 1296; x_wconf 73' lang='grc' dir='ltr'>Καὶ</span> 
     </span>
    </p>
   </div>
   <div class='ocr_carea' id='block_1_12' title="bbox 305 1329 1984 1410">
    <p class='ocr_par' dir='ltr' id='par_1_12' title="bbox 305 1329 1984 1410">
     <span class='ocr_line' id='line_1_12' title="bbox 305 1329 1984 1410; baseline -0.005 -18"><span class='ocrx_word' id='word_1_89' title='bbox 305 1339 468 1410; x_wconf 86' lang='grc' dir='ltr'>ἀρκεῖ</span> <span class='ocrx_word' id='word_1_90' title='bbox 501 1337 599 1408; x_wconf 84' lang='grc' dir='ltr'>μὲν</span> <span class='ocrx_word' id='word_1_91' title='bbox 643 1335 736 1388; x_wconf 69' lang='grc' dir='ltr'>καὶ</span> <span class='ocrx_word' id='word_1_92' title='bbox 764 1336 798 1404; x_wconf 79' lang='grc' dir='ltr'>ἡ</span> <span class='ocrx_word' id='word_1_93' title='bbox 831 1334 1104 1402; x_wconf 87' lang='grc' dir='ltr'>ἀπόφασις</span> <span class='ocrx_word' id='word_1_94' title='bbox 1129 1349 1142 1362; x_wconf 87' lang='grc'><strong>·</strong></span> <span class='ocrx_word' id='word_1_95' title='bbox 1196 1333 1243 1384; x_wconf 92' lang='grc' dir='ltr'>εἰ</span> <span class='ocrx_word' id='word_1_96' title='bbox 1288 1331 1344 1383; x_wconf 84' lang='lat'>65</span> <span class='ocrx_word' id='word_1_97' title='bbox 1380 1329 1558 1400; x_wconf 85' lang='grc' dir='ltr'>βούλει</span> <span class='ocrx_word' id='word_1_98' title='bbox 1601 1331 1695 1384; x_wconf 66' lang='grc' dir='ltr'>καὶ</span> <span class='ocrx_word' id='word_1_99' title='bbox 1738 1330 1844 1383; x_wconf 87' lang='grc' dir='ltr'>ἀπὸ</span> <span class='ocrx_word' id='word_1_100' title='bbox 1877 1329 1984 1384; x_wconf 90' lang='grc' dir='ltr'>τῶν</span> 
     </span>
    </p>
   </div>
   <div class='ocr_carea' id='block_1_13' title="bbox 305 1417 1984 1498">
    <p class='ocr_par' dir='ltr' id='par_1_13' title="bbox 305 1417 1984 1498">
     <span class='ocr_line' id='line_1_13' title="bbox 305 1417 1984 1498; baseline -0.006 -18"><span class='ocrx_word' id='word_1_101' title='bbox 305 1424 646 1498; x_wconf 85' lang='grc' dir='ltr'>πραγμάτων</span> <span class='ocrx_word' id='word_1_102' title='bbox 679 1422 893 1494; x_wconf 85' lang='grc' dir='ltr'>μαθεῖν,</span> <span class='ocrx_word' id='word_1_103' title='bbox 939 1421 1190 1490; x_wconf 77' lang='grc' dir='ltr'>ἐννόησον</span> <span class='ocrx_word' id='word_1_104' title='bbox 1235 1419 1400 1473; x_wconf 87' lang='grc' dir='ltr'>αὐτοῦ</span> <span class='ocrx_word' id='word_1_105' title='bbox 1424 1417 1522 1489; x_wconf 85' lang='grc' dir='ltr'>τὴν</span> <span class='ocrx_word' id='word_1_106' title='bbox 1554 1417 1856 1490; x_wconf 79' lang='grc' dir='ltr'>τράπεζαν,</span> <span class='ocrx_word' id='word_1_107' title='bbox 1884 1417 1984 1489; x_wconf 87' lang='grc' dir='ltr'>τὴν</span> 
     </span>
    </p>
   </div>
   <div class='ocr_carea' id='block_1_14' title="bbox 303 1507 1980 1584">
    <p class='ocr_par' dir='ltr' id='par_1_14' title="bbox 303 1507 1980 1584">
     <span class='ocr_line' id='line_1_14' title="bbox 303 1507 1980 1584; baseline 0.001 -26"><span class='ocrx_word' id='word_1_108' title='bbox 303 1514 602 1584; x_wconf 76' lang='grc' dir='ltr'>διαγωγὴν,</span> <span class='ocrx_word' id='word_1_109' title='bbox 633 1513 733 1582; x_wconf 80' lang='grc' dir='ltr'>τῆς</span> <span class='ocrx_word' id='word_1_110' title='bbox 758 1510 984 1580; x_wconf 84' lang='grc' dir='ltr'>γνώμης</span> <span class='ocrx_word' id='word_1_111' title='bbox 1014 1510 1072 1562; x_wconf 82' lang='grc' dir='ltr'>τὸ</span> <span class='ocrx_word' id='word_1_112' title='bbox 1098 1509 1251 1578; x_wconf 73' lang='grc' dir='ltr'>ὕψος.</span> <span class='ocrx_word' id='word_1_113' title='bbox 1284 1508 1498 1576; x_wconf 84' lang='grc' dir='ltr'>’Ὠσπερ</span> <span class='ocrx_word' id='word_1_114' title='bbox 1525 1507 1635 1577; x_wconf 89' lang='grc' dir='ltr'>γὰρ</span> <span class='ocrx_word' id='word_1_115' title='bbox 1663 1508 1722 1560; x_wconf 87' lang='grc' dir='ltr'>ἐν</span> <span class='ocrx_word' id='word_1_116' title='bbox 1747 1507 1980 1578; x_wconf 82' lang='grc' dir='ltr'>οὐρανῷ,</span> 
     </span>
    </p>
   </div>
   <div class='ocr_carea' id='block_1_15' title="bbox 303 1594 1983 1671">
    <p class='ocr_par' dir='ltr' id='par_1_15' title="bbox 303 1594 1983 1671">
     <span class='ocr_line' id='line_1_15' title="bbox 303 1594 1983 1671; baseline -0.005 -16"><span class='ocrx_word' id='word_1_117' title='bbox 303 1601 447 1656; x_wconf 83' lang='grc' dir='ltr'>οὑτω</span> <span class='ocrx_word' id='word_1_118' title='bbox 493 1601 681 1671; x_wconf 80' lang='grc' dir='ltr'>διῆγε,</span> <span class='ocrx_word' id='word_1_119' title='bbox 729 1599 824 1652; x_wconf 69' lang='grc' dir='ltr'>καὶ</span> <span class='ocrx_word' id='word_1_120' title='bbox 870 1597 979 1650; x_wconf 85' lang='grc' dir='ltr'>τῶν</span> <span class='ocrx_word' id='word_1_121' title='bbox 1025 1596 1121 1665; x_wconf 83' lang='grc' dir='ltr'>τῆς</span> <span class='ocrx_word' id='word_1_122' title='bbox 1163 1594 1378 1665; x_wconf 78' lang='grc' dir='ltr'>φύσεως</span> <span class='ocrx_word' id='word_1_123' title='bbox 1424 1594 1680 1662; x_wconf 82' lang='grc' dir='ltr'>ἀναγκῶν</span> <span class='ocrx_word' id='word_1_124' title='bbox 1725 1594 1983 1664; x_wconf 83' lang='grc' dir='ltr'>ἀνωτέρω</span> 
     </span>
    </p>
   </div>
   <div class='ocr_carea' id='block_1_16' title="bbox 303 1682 1981 1760">
    <p class='ocr_par' dir='ltr' id='par_1_16' title="bbox 303 1682 1981 1760">
     <span class='ocr_line' id='line_1_16' title="bbox 303 1682 1981 1760; baseline -0.005 -17"><span class='ocrx_word' id='word_1_125' title='bbox 303 1689 627 1760; x_wconf 89' lang='grc' dir='ltr'>γενόμενος,</span> <span class='ocrx_word' id='word_1_126' title='bbox 680 1686 835 1757; x_wconf 80' lang='grc' dir='ltr'>ξένην</span> <span class='ocrx_word' id='word_1_127' title='bbox 863 1684 985 1737; x_wconf 78' lang='grc' dir='ltr'>τινὰ</span> <span class='ocrx_word' id='word_1_128' title='bbox 1019 1683 1252 1736; x_wconf 84' lang='grc' dir='ltr'>ὦδευσεν</span> <span class='ocrx_word' id='word_1_129' title='bbox 1287 1682 1422 1744; x_wconf 83' lang='grc' dir='ltr'>ὁδὸν,</span> <span class='ocrx_word' id='word_1_130' title='bbox 1467 1683 1522 1736; x_wconf 84' lang='grc' dir='ltr'>ἐν</span> <span class='ocrx_word' id='word_1_131' title='bbox 1551 1682 1740 1754; x_wconf 78' lang='grc' dir='ltr'>ὕμνοις</span> <span class='ocrx_word' id='word_1_132' title='bbox 1770 1684 1861 1736; x_wconf 77' lang='grc' dir='ltr'>καὶ</span> <span class='ocrx_word' id='word_1_133' title='bbox 1889 1683 1981 1735; x_wconf 82' lang='lat'>56-</span> 
     </span>
    </p>
   </div>
   <div class='ocr_carea' id='block_1_17' title="bbox 303 1771 1981 1848">
    <p class='ocr_par' dir='ltr' id='par_1_17' title="bbox 303 1771 1981 1848">
     <span class='ocr_line' id='line_1_17' title="bbox 303 1771 1981 1848; baseline -0.005 -18"><span class='ocrx_word' id='word_1_134' title='bbox 303 1779 425 1848; x_wconf 86' lang='grc' dir='ltr'>χαῖς</span> <span class='ocrx_word' id='word_1_135' title='bbox 444 1777 489 1809; x_wconf 84' lang='grc'>¹⁹</span> <span class='ocrx_word' id='word_1_136' title='bbox 541 1776 634 1829; x_wconf 88' lang='grc' dir='ltr'>τὸν</span> <span class='ocrx_word' id='word_1_137' title='bbox 673 1775 851 1828; x_wconf 88' lang='grc' dir='ltr'>πάντα</span> <span class='ocrx_word' id='word_1_138' title='bbox 897 1773 1100 1840; x_wconf 80' lang='grc' dir='ltr'>διάγων</span> <span class='ocrx_word' id='word_1_139' title='bbox 1134 1773 1343 1842; x_wconf 79' lang='grc' dir='ltr'>χρόνον,</span> <span class='ocrx_word' id='word_1_140' title='bbox 1398 1772 1492 1825; x_wconf 77' lang='grc' dir='ltr'>καὶ</span> <span class='ocrx_word' id='word_1_141' title='bbox 1536 1771 1839 1842; x_wconf 82' lang='grc' dir='ltr'>ἀνθρώπων</span> <span class='ocrx_word' id='word_1_142' title='bbox 1885 1771 1981 1840; x_wconf 82' lang='grc' dir='ltr'>μὲν</span> 
     </span>
    </p>
   </div>
   <div class='ocr_carea' id='block_1_18' title="bbox 301 1858 1982 1933">
    <p class='ocr_par' dir='ltr' id='par_1_18' title="bbox 301 1858 1982 1933">
     <span class='ocr_line' id='line_1_18' title="bbox 301 1858 1982 1933; baseline -0.005 -15"><span class='ocrx_word' id='word_1_143' title='bbox 301 1865 511 1928; x_wconf 75' lang='grc' dir='ltr'>οὐδενὶ,</span> <span class='ocrx_word' id='word_1_144' title='bbox 553 1861 672 1933; x_wconf 83' lang='grc' dir='ltr'>Θεῷ</span> <span class='ocrx_word' id='word_1_145' title='bbox 719 1861 775 1914; x_wconf 85' lang='grc' dir='ltr'>δὲ</span> <span class='ocrx_word' id='word_1_146' title='bbox 823 1859 1026 1930; x_wconf 79' lang='grc' dir='ltr'>ὁμιλῶν</span> <span class='ocrx_word' id='word_1_147' title='bbox 1076 1860 1223 1931; x_wconf 81' lang='grc' dir='ltr'>μόνῳ</span> <span class='ocrx_word' id='word_1_148' title='bbox 1266 1858 1552 1930; x_wconf 80' lang='grc' dir='ltr'>διηνεκῶς.</span> <span class='ocrx_word' id='word_1_149' title='bbox 1615 1859 1751 1912; x_wconf 90' lang='grc' dir='ltr'>Οὑδέ</span> <span class='ocrx_word' id='word_1_150' title='bbox 1801 1858 1908 1932; x_wconf 83' lang='lat'>7&amp;9</span> <span class='ocrx_word' id='word_1_151' title='bbox 1937 1859 1982 1890; x_wconf 76' lang='grc' dir='ltr'>³ο</span> 
     </span>
    </p>
   </div>
   <div class='ocr_carea' id='block_1_19' title="bbox 303 1947 1982 2020">
    <p class='ocr_par' dir='ltr' id='par_1_19' title="bbox 303 1947 1982 2020">
     <span class='ocr_line' id='line_1_19' title="bbox 303 1947 1982 2020; baseline -0.005 -13"><span class='ocrx_word' id='word_1_152' title='bbox 303 1947 412 2008; x_wconf 77' lang='grc' dir='ltr'>εἶδέ</span> <span class='ocrx_word' id='word_1_153' title='bbox 457 1970 579 2006; x_wconf 89' lang='grc' dir='ltr'>τινα</span> <span class='ocrx_word' id='word_1_154' title='bbox 606 1950 714 2003; x_wconf 88' lang='grc' dir='ltr'>τῶν</span> <span class='ocrx_word' id='word_1_155' title='bbox 744 1949 1069 2020; x_wconf 72' lang='grc' dir='ltr'>ὁμοδούλων,</span> <span class='ocrx_word' id='word_1_156' title='bbox 1106 1947 1229 2001; x_wconf 86' lang='grc' dir='ltr'>οὑτε</span> <span class='ocrx_word' id='word_1_157' title='bbox 1263 1947 1419 2018; x_wconf 76' lang='grc' dir='ltr'>ὤφθη</span> <span class='ocrx_word' id='word_1_158' title='bbox 1470 1948 1575 2000; x_wconf 76' lang='grc' dir='ltr'>τινὶ</span> <span class='ocrx_word' id='word_1_159' title='bbox 1609 1947 1834 2010; x_wconf 87' lang='grc' dir='ltr'>τούτων,</span> <span class='ocrx_word' id='word_1_160' title='bbox 1882 1948 1982 1999; x_wconf 88' lang='grc' dir='ltr'>οὑκ</span> 
     </span>
    </p>
   </div>
   <div class='ocr_carea' id='block_1_20' title="bbox 303 2036 1980 2112">
    <p class='ocr_par' dir='ltr' id='par_1_20' title="bbox 303 2036 1980 2112">
     <span class='ocr_line' id='line_1_20' title="bbox 303 2036 1980 2112; baseline -0.006 -14"><span class='ocrx_word' id='word_1_161' title='bbox 303 2038 850 2112; x_wconf 72' lang='grc' dir='ltr'>ἐγαλακτοτροφήθη,</span> <span class='ocrx_word' id='word_1_162' title='bbox 900 2039 960 2090; x_wconf 86' lang='grc' dir='ltr'>οὑ</span> <span class='ocrx_word' id='word_1_163' title='bbox 1011 2038 1197 2108; x_wconf 85' lang='grc' dir='ltr'>κλίνης</span> <span class='ocrx_word' id='word_1_164' title='bbox 1217 2076 1232 2100; x_wconf 97' lang='grc'>,</span> <span class='ocrx_word' id='word_1_165' title='bbox 1283 2037 1342 2090; x_wconf 90' lang='grc' dir='ltr'>οὑ</span> <span class='ocrx_word' id='word_1_166' title='bbox 1375 2037 1592 2105; x_wconf 79' lang='grc' dir='ltr'>στέγης,</span> <span class='ocrx_word' id='word_1_167' title='bbox 1627 2036 1726 2090; x_wconf 90' lang='grc' dir='ltr'>οὑκ</span> <span class='ocrx_word' id='word_1_168' title='bbox 1755 2037 1980 2106; x_wconf 80' lang='grc' dir='ltr'>ἀγορᾶς,</span> 
     </span>
    </p>
   </div>
   <div class='ocr_carea' id='block_1_21' title="bbox 303 2125 1982 2198">
    <p class='ocr_par' dir='ltr' id='par_1_21' title="bbox 303 2125 1982 2198">
     <span class='ocr_line' id='line_1_21' title="bbox 303 2125 1982 2198; baseline -0.007 -10"><span class='ocrx_word' id='word_1_169' title='bbox 303 2135 404 2188; x_wconf 90' lang='grc' dir='ltr'>οὐκ</span> <span class='ocrx_word' id='word_1_170' title='bbox 435 2133 597 2188; x_wconf 86' lang='grc' dir='ltr'>ἀλλου</span> <span class='ocrx_word' id='word_1_171' title='bbox 638 2129 783 2192; x_wconf 81' lang='grc' dir='ltr'>τινὸς</span> <span class='ocrx_word' id='word_1_172' title='bbox 815 2129 1090 2182; x_wconf 80' lang='grc' dir='ltr'>ἀπέλαυσε</span> <span class='ocrx_word' id='word_1_173' title='bbox 1134 2129 1241 2180; x_wconf 89' lang='grc' dir='ltr'>τῶν</span> <span class='ocrx_word' id='word_1_174' title='bbox 1275 2125 1629 2198; x_wconf 81' lang='grc' dir='ltr'>ἀνθρωπίνων</span> <span class='ocrx_word' id='word_1_175' title='bbox 1653 2142 1668 2156; x_wconf 73' lang='grc' dir='ltr'>ο</span> <span class='ocrx_word' id='word_1_176' title='bbox 1710 2125 1806 2178; x_wconf 60' lang='grc' dir='ltr'>καὶ⁵</span> <span class='ocrx_word' id='word_1_177' title='bbox 1833 2125 1982 2196; x_wconf 83' lang='grc' dir='ltr'>ὅμως</span> 
     </span>
    </p>
   </div>
   <div class='ocr_carea' id='block_1_22' title="bbox 301 2212 1984 2292">
    <p class='ocr_par' dir='ltr' id='par_1_22' title="bbox 301 2212 1984 2292">
     <span class='ocr_line' id='line_1_22' title="bbox 301 2212 1984 2292; baseline -0.005 -19"><span class='ocrx_word' id='word_1_178' title='bbox 301 2222 511 2292; x_wconf 78' lang='grc' dir='ltr'>ἥμερος</span> <span class='ocrx_word' id='word_1_179' title='bbox 553 2215 622 2289; x_wconf 83' lang='grc' dir='ltr'>ἦν</span> <span class='ocrx_word' id='word_1_180' title='bbox 648 2217 783 2288; x_wconf 83' lang='grc' dir='ltr'>ὁμοῦ</span> <span class='ocrx_word' id='word_1_181' title='bbox 816 2217 909 2270; x_wconf 74' lang='grc' dir='ltr'>καὶ</span> <span class='ocrx_word' id='word_1_182' title='bbox 969 2215 1218 2286; x_wconf 76' lang='grc' dir='ltr'>σφοδρός.</span> <span class='ocrx_word' id='word_1_183' title='bbox 1262 2216 1528 2267; x_wconf 84' lang='grc' dir='ltr'>’Ἀκουσον</span> <span class='ocrx_word' id='word_1_184' title='bbox 1554 2212 1685 2283; x_wconf 91' lang='grc' dir='ltr'>γοῦν</span> <span class='ocrx_word' id='word_1_185' title='bbox 1714 2213 1832 2277; x_wconf 89' lang='grc' dir='ltr'>πῶς</span> <span class='ocrx_word' id='word_1_186' title='bbox 1865 2215 1984 2285; x_wconf 75' lang='grc' dir='ltr'>μετ’</span> 
     </span>
    </p>
   </div>
   <div class='ocr_carea' id='block_1_23' title="bbox 301 2301 1982 2373">
    <p class='ocr_par' dir='ltr' id='par_1_23' title="bbox 301 2301 1982 2373">
     <span class='ocr_line' id='line_1_23' title="bbox 301 2301 1982 2373; baseline -0.004 -12"><span class='ocrx_word' id='word_1_187' title='bbox 301 2307 605 2370; x_wconf 71' lang='grc' dir='ltr'>ἐπιεικείας</span> <span class='ocrx_word' id='word_1_188' title='bbox 637 2308 748 2368; x_wconf 89' lang='grc' dir='ltr'>τοῖς</span> <span class='ocrx_word' id='word_1_189' title='bbox 780 2303 973 2357; x_wconf 84' lang='grc' dir='ltr'>ἐαυτοῦ</span> <span class='ocrx_word' id='word_1_190' title='bbox 1009 2302 1280 2373; x_wconf 80' lang='grc' dir='ltr'>μαθηταῖς</span> <span class='ocrx_word' id='word_1_191' title='bbox 1323 2302 1654 2371; x_wconf 84' lang='grc' dir='ltr'>διαλέγεται,</span> <span class='ocrx_word' id='word_1_192' title='bbox 1691 2301 1810 2364; x_wconf 90' lang='grc' dir='ltr'>πῶς</span> <span class='ocrx_word' id='word_1_193' title='bbox 1843 2301 1982 2371; x_wconf 83' lang='grc' dir='ltr'>μετὰ</span> 
     </span>
    </p>
   </div>
   <div class='ocr_carea' id='block_1_24' title="bbox 301 2389 1982 2466">
    <p class='ocr_par' dir='ltr' id='par_1_24' title="bbox 301 2389 1982 2466">
     <span class='ocr_line' id='line_1_24' title="bbox 301 2389 1982 2466; baseline -0.005 -16"><span class='ocrx_word' id='word_1_194' title='bbox 301 2395 554 2466; x_wconf 85' lang='grc' dir='ltr'>ἀνδρείας</span> <span class='ocrx_word' id='word_1_195' title='bbox 609 2393 687 2462; x_wconf 81' lang='grc' dir='ltr'>τῷ</span> <span class='ocrx_word' id='word_1_196' title='bbox 737 2393 897 2463; x_wconf 79' lang='grc' dir='ltr'>δήμῳ</span> <span class='ocrx_word' id='word_1_197' title='bbox 949 2391 1058 2444; x_wconf 89' lang='grc' dir='ltr'>τῶν</span> <span class='ocrx_word' id='word_1_198' title='bbox 1121 2391 1430 2453; x_wconf 79' lang='grc' dir='ltr'>Ἰουδαίων,</span> <span class='ocrx_word' id='word_1_199' title='bbox 1482 2389 1604 2453; x_wconf 87' lang='grc' dir='ltr'>πῶς</span> <span class='ocrx_word' id='word_1_200' title='bbox 1648 2390 1786 2460; x_wconf 89' lang='grc' dir='ltr'>μετά</span> <span class='ocrx_word' id='word_1_201' title='bbox 1835 2392 1982 2462; x_wconf 77' lang='grc' dir='ltr'>παῤ-</span> 
     </span>
    </p>
   </div>
   <div class='ocr_carea' id='block_1_25' title="bbox 303 2477 1981 2555">
    <p class='ocr_par' dir='ltr' id='par_1_25' title="bbox 303 2477 1981 2555">
     <span class='ocr_line' id='line_1_25' title="bbox 303 2477 1981 2555; baseline -0.004 -19"><span class='ocrx_word' id='word_1_202' title='bbox 303 2483 496 2555; x_wconf 80' lang='grc' dir='ltr'>ρησίας</span> <span class='ocrx_word' id='word_1_203' title='bbox 536 2481 614 2552; x_wconf 83' lang='grc' dir='ltr'>τῷ</span> <span class='ocrx_word' id='word_1_204' title='bbox 656 2481 884 2551; x_wconf 84' lang='grc' dir='ltr'>βασιλεῖ.</span> <span class='ocrx_word' id='word_1_205' title='bbox 934 2479 1034 2532; x_wconf 86' lang='grc' dir='ltr'>Διά</span> <span class='ocrx_word' id='word_1_206' title='bbox 1074 2478 1232 2532; x_wconf 86' lang='grc' dir='ltr'>τοῦτο</span> <span class='ocrx_word' id='word_1_207' title='bbox 1276 2479 1371 2531; x_wconf 72' lang='grc' dir='ltr'>καὶ</span> <span class='ocrx_word' id='word_1_208' title='bbox 1416 2478 1600 2546; x_wconf 77' lang='grc' dir='ltr'>ἔλεγεν</span> <span class='ocrx_word' id='word_1_209' title='bbox 1630 2495 1644 2508; x_wconf 86' lang='grc'><strong>·</strong></span> <span class='ocrx_word' id='word_1_210' title='bbox 1693 2480 1816 2532; x_wconf 80' lang='grc' dir='ltr'>Οὺκ</span> <span class='ocrx_word' id='word_1_211' title='bbox 1845 2477 1981 2549; x_wconf 79' lang='grc' dir='ltr'>ἐγή-</span> 
     </span>
    </p>
   </div>
   <div class='ocr_carea' id='block_1_26' title="bbox 299 2561 1980 2640">
    <p class='ocr_par' dir='ltr' id='par_1_26' title="bbox 299 2561 1980 2640">
     <span class='ocr_line' id='line_1_26' title="bbox 299 2561 1980 2640; baseline -0.002 -16"><span class='ocrx_word' id='word_1_212' title='bbox 299 2561 498 2640; x_wconf 77' lang='grc' dir='ltr'>γερται</span> <span class='ocrx_word' id='word_1_213' title='bbox 531 2568 600 2621; x_wconf 85' lang='grc' dir='ltr'>ἐν</span> <span class='ocrx_word' id='word_1_214' title='bbox 631 2565 942 2638; x_wconf 77' lang='grc' dir='ltr'>γεννητοῖς</span> <span class='ocrx_word' id='word_1_215' title='bbox 977 2565 1279 2634; x_wconf 70' lang='grc' dir='ltr'>γυναικῶν</span> <span class='ocrx_word' id='word_1_216' title='bbox 1300 2561 1513 2634; x_wconf 77' lang='grc' dir='ltr'>μείζων</span> <span class='ocrx_word' id='word_1_217' title='bbox 1555 2563 1839 2619; x_wconf 79' lang='grc' dir='ltr'>Ἰωάννου</span> <span class='ocrx_word' id='word_1_218' title='bbox 1874 2565 1980 2620; x_wconf 88' lang='grc' dir='ltr'>τοῦ</span> 
     </span>
    </p>
   </div>
   <div class='ocr_carea' id='block_1_27' title="bbox 299 2650 1981 2722">
    <p class='ocr_par' dir='ltr' id='par_1_27' title="bbox 299 2650 1981 2722">
     <span class='ocr_line' id='line_1_27' title="bbox 299 2650 1981 2722; baseline -0.004 -12"><span class='ocrx_word' id='word_1_219' title='bbox 299 2653 663 2710; x_wconf 83' lang='grc' dir='ltr'>Βαπτιστοῦ.</span> <span class='ocrx_word' id='word_1_220' title='bbox 716 2652 856 2704; x_wconf 83' lang='grc' dir='ltr'>Ἀλλ’</span> <span class='ocrx_word' id='word_1_221' title='bbox 891 2652 977 2704; x_wconf 83' lang='grc' dir='ltr'>ἵνα</span> <span class='ocrx_word' id='word_1_222' title='bbox 1016 2651 1090 2721; x_wconf 84' lang='grc' dir='ltr'>μὴ</span> <span class='ocrx_word' id='word_1_223' title='bbox 1139 2651 1300 2704; x_wconf 84' lang='grc' dir='ltr'>πάλιν</span> <span class='ocrx_word' id='word_1_224' title='bbox 1333 2653 1367 2722; x_wconf 74' lang='grc' dir='ltr'><strong>ἡ</strong></span> <span class='ocrx_word' id='word_1_225' title='bbox 1416 2650 1689 2722; x_wconf 83' lang='grc' dir='ltr'>ὑπερϐολὴ</span> <span class='ocrx_word' id='word_1_226' title='bbox 1732 2651 1843 2705; x_wconf 78' lang='grc' dir='ltr'>τῶν</span> <span class='ocrx_word' id='word_1_227' title='bbox 1885 2653 1981 2722; x_wconf 85' lang='grc' dir='ltr'>ἐγ-</span> 
     </span>
    </p>
   </div>
   <div class='ocr_carea' id='block_1_28' title="bbox 299 2739 1979 2814">
    <p class='ocr_par' dir='ltr' id='par_1_28' title="bbox 299 2739 1979 2814">
     <span class='ocr_line' id='line_1_28' title="bbox 299 2739 1979 2814; baseline -0.001 -16"><span class='ocrx_word' id='word_1_228' title='bbox 299 2742 524 2814; x_wconf 87' lang='grc' dir='ltr'>κωμίων</span> <span class='ocrx_word' id='word_1_229' title='bbox 573 2741 710 2814; x_wconf 79' lang='grc' dir='ltr'>τέκῃ</span> <span class='ocrx_word' id='word_1_230' title='bbox 750 2740 874 2794; x_wconf 84' lang='grc' dir='ltr'>τινὰ</span> <span class='ocrx_word' id='word_1_231' title='bbox 917 2740 1185 2802; x_wconf 86' lang='grc' dir='ltr'>ἀτοπίαν,</span> <span class='ocrx_word' id='word_1_232' title='bbox 1236 2739 1630 2811; x_wconf 84' lang='grc' dir='ltr'>προτιμώντων</span> <span class='ocrx_word' id='word_1_233' title='bbox 1675 2739 1837 2794; x_wconf 86' lang='grc' dir='ltr'>αὑτὸν</span> <span class='ocrx_word' id='word_1_234' title='bbox 1885 2741 1979 2796; x_wconf 90' lang='grc' dir='ltr'>τοῦ</span> 
     </span>
    </p>
   </div>
   <div class='ocr_carea' id='block_1_29' title="bbox 298 2827 1983 2903">
    <p class='ocr_par' dir='ltr' id='par_1_29' title="bbox 298 2827 1983 2903">
     <span class='ocr_line' id='line_1_29' title="bbox 298 2827 1983 2903; baseline -0.001 -18"><span class='ocrx_word' id='word_1_235' title='bbox 298 2830 535 2903; x_wconf 79' lang='grc' dir='ltr'>Χριστοῦ</span> <span class='ocrx_word' id='word_1_236' title='bbox 564 2829 674 2883; x_wconf 89' lang='grc' dir='ltr'>τῶν</span> <span class='ocrx_word' id='word_1_237' title='bbox 715 2828 1003 2892; x_wconf 83' lang='grc' dir='ltr'>Ἰουδαίων,</span> <span class='ocrx_word' id='word_1_238' title='bbox 1051 2827 1245 2881; x_wconf 89' lang='grc' dir='ltr'>σκόπει</span> <span class='ocrx_word' id='word_1_239' title='bbox 1287 2827 1404 2890; x_wconf 89' lang='grc' dir='ltr'>πῶς</span> <span class='ocrx_word' id='word_1_240' title='bbox 1429 2828 1524 2881; x_wconf 77' lang='grc' dir='ltr'>καὶ</span> <span class='ocrx_word' id='word_1_241' title='bbox 1554 2827 1712 2882; x_wconf 87' lang='grc' dir='ltr'>τοῦτο</span> <span class='ocrx_word' id='word_1_242' title='bbox 1741 2829 1983 2902; x_wconf 89' lang='grc' dir='ltr'>διορθοῦ-</span> 
     </span>
    </p>
   </div>
   <div class='ocr_carea' id='block_1_30' title="bbox 296 2911 1982 2992">
    <p class='ocr_par' dir='ltr' id='par_1_30' title="bbox 296 2911 1982 2992">
     <span class='ocr_line' id='line_1_30' title="bbox 296 2911 1982 2992; baseline -0.001 -18"><span class='ocrx_word' id='word_1_243' title='bbox 296 2937 409 2974; x_wconf 87' lang='grc' dir='ltr'>ται.</span> <span class='ocrx_word' id='word_1_244' title='bbox 440 2919 708 2992; x_wconf 82' lang='grc' dir='ltr'>Καθάπερ</span> <span class='ocrx_word' id='word_1_245' title='bbox 737 2921 845 2989; x_wconf 86' lang='grc' dir='ltr'>γάρ</span> <span class='ocrx_word' id='word_1_246' title='bbox 873 2914 932 2982; x_wconf 81' lang='grc' dir='ltr'>ἐξ</span> <span class='ocrx_word' id='word_1_247' title='bbox 960 2911 1036 2970; x_wconf 82' lang='grc' dir='ltr'>ὧν</span> <span class='ocrx_word' id='word_1_248' title='bbox 1057 2915 1432 2988; x_wconf 83' lang='grc' dir='ltr'>ᾡκοδομοῦντο</span> <span class='ocrx_word' id='word_1_249' title='bbox 1459 2919 1506 2970; x_wconf 89' lang='grc' dir='ltr'>οἰ</span> <span class='ocrx_word' id='word_1_250' title='bbox 1537 2917 1798 2988; x_wconf 74' lang='grc' dir='ltr'>μαθηταὶ,</span> <span class='ocrx_word' id='word_1_251' title='bbox 1827 2918 1982 2973; x_wconf 81' lang='grc' dir='ltr'>ἐϐλά-</span> 
     </span>
    </p>
   </div>
   <div class='ocr_carea' id='block_1_31' title="bbox 298 3000 1975 3078">
    <p class='ocr_par' dir='ltr' id='par_1_31' title="bbox 298 3000 1975 3078">
     <span class='ocr_line' id='line_1_31' title="bbox 298 3000 1975 3078; baseline -0.002 -15"><span class='ocrx_word' id='word_1_252' title='bbox 298 3025 498 3064; x_wconf 88' lang='grc' dir='ltr'>πτοντο</span> <span class='ocrx_word' id='word_1_253' title='bbox 521 3009 571 3060; x_wconf 92' lang='grc' dir='ltr'>οἰ</span> <span class='ocrx_word' id='word_1_254' title='bbox 598 3007 768 3078; x_wconf 74' lang='grc' dir='ltr'>ὄχλοι,</span> <span class='ocrx_word' id='word_1_255' title='bbox 815 3004 1038 3058; x_wconf 83' lang='grc' dir='ltr'>εὑκολον</span> <span class='ocrx_word' id='word_1_256' title='bbox 1073 3004 1238 3057; x_wconf 79' lang='grc' dir='ltr'>αὑτὸν</span> <span class='ocrx_word' id='word_1_257' title='bbox 1265 3000 1403 3057; x_wconf 79' lang='grc' dir='ltr'>εἶναι</span> <span class='ocrx_word' id='word_1_258' title='bbox 1438 3003 1751 3074; x_wconf 77' lang='grc' dir='ltr'>νομίζοντες</span> <span class='ocrx_word' id='word_1_259' title='bbox 1775 3023 1788 3036; x_wconf 87' lang='grc'><strong>·</strong></span> <span class='ocrx_word' id='word_1_260' title='bbox 1833 3005 1975 3060; x_wconf 85' lang='grc' dir='ltr'>οὑτω</span> 
     </span>
    </p>
   </div>
   <div class='ocr_carea' id='block_1_32' title="bbox 297 3089 1976 3166">
    <p class='ocr_par' dir='ltr' id='par_1_32' title="bbox 297 3089 1976 3166">
     <span class='ocr_line' id='line_1_32' title="bbox 297 3089 1976 3166; baseline -0.003 -14"><span class='ocrx_word' id='word_1_261' title='bbox 297 3098 390 3152; x_wconf 75' lang='grc' dir='ltr'>καὶ</span> <span class='ocrx_word' id='word_1_262' title='bbox 421 3095 480 3160; x_wconf 78' lang='grc' dir='ltr'>ἐξ</span> <span class='ocrx_word' id='word_1_263' title='bbox 509 3089 584 3150; x_wconf 81' lang='grc' dir='ltr'>ὧν</span> <span class='ocrx_word' id='word_1_264' title='bbox 617 3091 1010 3166; x_wconf 76' lang='grc' dir='ltr'>ἐθεραπεύοντο</span> <span class='ocrx_word' id='word_1_265' title='bbox 1056 3092 1105 3145; x_wconf 88' lang='grc' dir='ltr'>οἰ</span> <span class='ocrx_word' id='word_1_266' title='bbox 1137 3091 1282 3162; x_wconf 82' lang='grc' dir='ltr'>δχλοι</span> <span class='ocrx_word' id='word_1_267' title='bbox 1301 3132 1316 3156; x_wconf 92' lang='grc'>,</span> <span class='ocrx_word' id='word_1_268' title='bbox 1373 3093 1573 3162; x_wconf 75' lang='grc' dir='ltr'>μείζων</span> <span class='ocrx_word' id='word_1_269' title='bbox 1607 3093 1670 3146; x_wconf 83' lang='grc' dir='ltr'>ἂν</span> <span class='ocrx_word' id='word_1_270' title='bbox 1700 3093 1916 3164; x_wconf 89' lang='grc' dir='ltr'>ἐγένετο</span> <span class='ocrx_word' id='word_1_271' title='bbox 1941 3097 1976 3166; x_wconf 81' lang='grc' dir='ltr'>ἡ</span> 
     </span>
    </p>
   </div>
   <div class='ocr_carea' id='block_1_33' title="bbox 297 3178 1978 3256">
    <p class='ocr_par' dir='ltr' id='par_1_33' title="bbox 297 3178 1978 3256">
     <span class='ocr_line' id='line_1_33' title="bbox 297 3178 1978 3256; baseline -0.004 -16"><span class='ocrx_word' id='word_1_272' title='bbox 297 3184 494 3256; x_wconf 77' lang='grc' dir='ltr'>βλάϐη,</span> <span class='ocrx_word' id='word_1_273' title='bbox 543 3180 876 3254; x_wconf 84' lang='grc' dir='ltr'>σεμνοτέραν</span> <span class='ocrx_word' id='word_1_274' title='bbox 903 3179 998 3234; x_wconf 91' lang='grc' dir='ltr'>τοῦ</span> <span class='ocrx_word' id='word_1_275' title='bbox 1030 3178 1267 3251; x_wconf 82' lang='grc' dir='ltr'>Χριστοῦ</span> <span class='ocrx_word' id='word_1_276' title='bbox 1299 3181 1427 3252; x_wconf 84' lang='grc' dir='ltr'>περί</span> <span class='ocrx_word' id='word_1_277' title='bbox 1474 3180 1640 3234; x_wconf 89' lang='grc' dir='ltr'>αὑτοῦ</span> <span class='ocrx_word' id='word_1_278' title='bbox 1663 3180 1710 3213; x_wconf 83' lang='grc'>⁸¹</span> <span class='ocrx_word' id='word_1_279' title='bbox 1765 3181 1978 3254; x_wconf 78' lang='grc' dir='ltr'>λαμϐα-</span> 
     </span>
    </p>
   </div>
   <div class='ocr_carea' id='block_1_34' title="bbox 297 3270 1979 3342">
    <p class='ocr_par' dir='ltr' id='par_1_34' title="bbox 297 3270 1979 3342">
     <span class='ocr_line' id='line_1_34' title="bbox 297 3270 1979 3342; baseline -0.002 -13"><span class='ocrx_word' id='word_1_280' title='bbox 297 3276 496 3329; x_wconf 86' lang='grc' dir='ltr'>νόντων</span> <span class='ocrx_word' id='word_1_281' title='bbox 527 3271 708 3328; x_wconf 87' lang='grc' dir='ltr'>αὐτῶν</span> <span class='ocrx_word' id='word_1_282' title='bbox 736 3271 991 3324; x_wconf 81' lang='grc' dir='ltr'>ὑπόνοιαν</span> <span class='ocrx_word' id='word_1_283' title='bbox 1022 3272 1086 3324; x_wconf 88' lang='grc' dir='ltr'>ἐκ</span> <span class='ocrx_word' id='word_1_284' title='bbox 1108 3270 1216 3324; x_wconf 91' lang='grc' dir='ltr'>τῶν</span> <span class='ocrx_word' id='word_1_285' title='bbox 1237 3271 1562 3342; x_wconf 87' lang='grc' dir='ltr'>εἰρημένων,</span> <span class='ocrx_word' id='word_1_286' title='bbox 1588 3273 1679 3324; x_wconf 81' lang='grc' dir='ltr'>Διδ</span> <span class='ocrx_word' id='word_1_287' title='bbox 1708 3273 1979 3327; x_wconf 73' lang='grc' dir='ltr'>καὶτοῦτο</span> 
     </span>
    </p>
   </div>
   <div class='ocr_carea' id='block_1_35' title="bbox 295 3359 1979 3432">
    <p class='ocr_par' dir='ltr' id='par_1_35' title="bbox 295 3359 1979 3432">
     <span class='ocr_line' id='line_1_35' title="bbox 295 3359 1979 3432; baseline -0.001 -15"><span class='ocrx_word' id='word_1_288' title='bbox 295 3364 619 3425; x_wconf 77' lang='grc' dir='ltr'>ἀνυπόπτως</span> <span class='ocrx_word' id='word_1_289' title='bbox 639 3360 946 3432; x_wconf 76' lang='grc' dir='ltr'>διορθοῦται</span> <span class='ocrx_word' id='word_1_290' title='bbox 971 3359 1146 3429; x_wconf 88' lang='grc' dir='ltr'>λέγων</span> <span class='ocrx_word' id='word_1_291' title='bbox 1163 3376 1178 3391; x_wconf 88' lang='grc'><strong>·</strong></span> <span class='ocrx_word' id='word_1_292' title='bbox 1218 3360 1270 3412; x_wconf 90' lang='grc' dir='ltr'><em>Ὁ</em></span> <span class='ocrx_word' id='word_1_293' title='bbox 1291 3359 1359 3413; x_wconf 82' lang='grc' dir='ltr'>δὲ</span> <span class='ocrx_word' id='word_1_294' title='bbox 1376 3360 1420 3392; x_wconf 83' lang='grc'>³¹</span> <span class='ocrx_word' id='word_1_295' title='bbox 1445 3362 1795 3429; x_wconf 83' lang='grc' dir='ltr'>μικρότερος</span> <span class='ocrx_word' id='word_1_296' title='bbox 1815 3362 1884 3416; x_wconf 82' lang='grc' dir='ltr'>ἐν</span> <span class='ocrx_word' id='word_1_297' title='bbox 1903 3360 1979 3432; x_wconf 76' lang='grc' dir='ltr'>τῇ</span> 
     </span>
    </p>
   </div>
   <div class='ocr_carea' id='block_1_36' title="bbox 295 3445 1978 3520">
    <p class='ocr_par' dir='ltr' id='par_1_36' title="bbox 295 3445 1978 3520">
     <span class='ocr_line' id='line_1_36' title="bbox 295 3445 1978 3520; baseline -0.003 -14"><span class='ocrx_word' id='word_1_298' title='bbox 295 3450 582 3517; x_wconf 74' lang='grc' dir='ltr'>βασιλείῃ</span> <span class='ocrx_word' id='word_1_299' title='bbox 604 3448 722 3502; x_wconf 89' lang='grc' dir='ltr'>τῶν</span> <span class='ocrx_word' id='word_1_300' title='bbox 741 3445 1014 3516; x_wconf 82' lang='grc' dir='ltr'>οὐρανῶν</span> <span class='ocrx_word' id='word_1_301' title='bbox 1030 3445 1244 3516; x_wconf 83' lang='grc' dir='ltr'>μείζων</span> <span class='ocrx_word' id='word_1_302' title='bbox 1257 3447 1444 3502; x_wconf 83' lang='grc' dir='ltr'>αὐτοῦ</span> <span class='ocrx_word' id='word_1_303' title='bbox 1467 3447 1620 3502; x_wconf 86' lang='grc' dir='ltr'>ἐστι.</span> <span class='ocrx_word' id='word_1_304' title='bbox 1640 3448 1877 3518; x_wconf 88' lang='grc' dir='ltr'>Μικρότε</span> <span class='ocrx_word' id='word_1_305' title='bbox 1887 3465 1978 3520; x_wconf 88' lang='grc' dir='ltr'>ρος</span> 
     </span>
    </p>
   </div>
   <div class='ocr_carea' id='block_1_37' title="bbox 297 3533 1978 3608">
    <p class='ocr_par' dir='ltr' id='par_1_37' title="bbox 297 3533 1978 3608">
     <span class='ocr_line' id='line_1_37' title="bbox 297 3533 1978 3608; baseline -0.002 -16"><span class='ocrx_word' id='word_1_306' title='bbox 297 3539 436 3593; x_wconf 74' lang='grc' dir='ltr'>κατὰ</span> <span class='ocrx_word' id='word_1_307' title='bbox 464 3537 561 3608; x_wconf 84' lang='grc' dir='ltr'>τὴν</span> <span class='ocrx_word' id='word_1_308' title='bbox 585 3535 824 3608; x_wconf 83' lang='grc' dir='ltr'>ἡλικίαν,</span> <span class='ocrx_word' id='word_1_309' title='bbox 853 3534 947 3588; x_wconf 75' lang='grc' dir='ltr'>καὶ</span> <span class='ocrx_word' id='word_1_310' title='bbox 973 3533 1115 3587; x_wconf 80' lang='grc' dir='ltr'>κατὰ</span> <span class='ocrx_word' id='word_1_311' title='bbox 1139 3533 1240 3604; x_wconf 85' lang='grc' dir='ltr'>τὴν</span> <span class='ocrx_word' id='word_1_312' title='bbox 1272 3533 1381 3587; x_wconf 90' lang='grc' dir='ltr'>τῶν</span> <span class='ocrx_word' id='word_1_313' title='bbox 1409 3533 1620 3587; x_wconf 90' lang='grc' dir='ltr'>πολλῶν</span> <span class='ocrx_word' id='word_1_314' title='bbox 1644 3534 1800 3602; x_wconf 83' lang='grc' dir='ltr'>δόξαν</span> <span class='ocrx_word' id='word_1_315' title='bbox 1821 3553 1835 3568; x_wconf 89' lang='grc'><strong>·</strong></span> <span class='ocrx_word' id='word_1_316' title='bbox 1883 3536 1978 3590; x_wconf 72' lang='grc' dir='ltr'>καὶ</span> 
     </span>
    </p>
   </div>
   <div class='ocr_carea' id='block_1_38' title="bbox 297 3622 1977 3698">
    <p class='ocr_par' dir='ltr' id='par_1_38' title="bbox 297 3622 1977 3698">
     <span class='ocr_line' id='line_1_38' title="bbox 297 3622 1977 3698; baseline -0.007 -16"><span class='ocrx_word' id='word_1_317' title='bbox 297 3629 405 3698; x_wconf 79' lang='grc' dir='ltr'>γάρ</span> <span class='ocrx_word' id='word_1_318' title='bbox 463 3627 649 3693; x_wconf 82' lang='grc' dir='ltr'>ἔλεγον</span> <span class='ocrx_word' id='word_1_319' title='bbox 703 3623 864 3677; x_wconf 79' lang='grc' dir='ltr'>αὑτὸν</span> <span class='ocrx_word' id='word_1_320' title='bbox 921 3622 1096 3692; x_wconf 81' lang='grc' dir='ltr'>φάγον</span> <span class='ocrx_word' id='word_1_321' title='bbox 1162 3622 1256 3675; x_wconf 76' lang='grc' dir='ltr'>καὶ</span> <span class='ocrx_word' id='word_1_322' title='bbox 1311 3623 1596 3694; x_wconf 79' lang='grc' dir='ltr'>οἰνοπότην</span> <span class='ocrx_word' id='word_1_323' title='bbox 1623 3640 1638 3654; x_wconf 79' lang='grc' dir='ltr'><strong>ο</strong></span> <span class='ocrx_word' id='word_1_324' title='bbox 1699 3624 1811 3690; x_wconf 75' lang='grc' dir='ltr'>καὶ,</span> <span class='ocrx_word' id='word_1_325' title='bbox 1853 3625 1977 3694; x_wconf 82' lang='grc' dir='ltr'>Οὐχ</span> 
     </span>
    </p>
   </div>
   <div class='ocr_carea' id='block_1_39' title="bbox 295 3708 1977 3781">
    <p class='ocr_par' dir='ltr' id='par_1_39' title="bbox 295 3708 1977 3781">
     <span class='ocr_line' id='line_1_39' title="bbox 295 3708 1977 3781; baseline -0.003 -14"><span class='ocrx_word' id='word_1_326' title='bbox 295 3710 474 3778; x_wconf 83' lang='grc' dir='ltr'>οὗτός</span> <span class='ocrx_word' id='word_1_327' title='bbox 505 3713 678 3765; x_wconf 86' lang='grc' dir='ltr'>ἐστιν</span> <span class='ocrx_word' id='word_1_328' title='bbox 705 3713 738 3764; x_wconf 86' lang='grc' dir='ltr'>ό</span> <span class='ocrx_word' id='word_1_329' title='bbox 769 3709 876 3764; x_wconf 89' lang='grc' dir='ltr'>τοῦ</span> <span class='ocrx_word' id='word_1_330' title='bbox 914 3708 1196 3774; x_wconf 79' lang='grc' dir='ltr'>τέκτονος</span> <span class='ocrx_word' id='word_1_331' title='bbox 1221 3709 1393 3775; x_wconf 83' lang='grc' dir='ltr'>υἰός;</span> <span class='ocrx_word' id='word_1_332' title='bbox 1439 3711 1534 3762; x_wconf 83' lang='grc' dir='ltr'>καί</span> <span class='ocrx_word' id='word_1_333' title='bbox 1565 3709 1840 3781; x_wconf 89' lang='grc' dir='ltr'>πανταχοῦ</span> <span class='ocrx_word' id='word_1_334' title='bbox 1880 3711 1977 3764; x_wconf 91' lang='grc' dir='ltr'>αὑ-</span> 
     </span>
    </p>
   </div>
   <div class='ocr_carea' id='block_1_40' title="bbox 297 3793 1979 3871">
    <p class='ocr_par' dir='ltr' id='par_1_40' title="bbox 297 3793 1979 3871">
     <span class='ocr_line' id='line_1_40' title="bbox 297 3793 1979 3871; baseline -0.002 -17"><span class='ocrx_word' id='word_1_335' title='bbox 297 3802 384 3855; x_wconf 72' lang='grc' dir='ltr'>τὸν</span> <span class='ocrx_word' id='word_1_336' title='bbox 419 3799 778 3871; x_wconf 80' lang='grc' dir='ltr'>ἐξηυτέλιςον.</span> <span class='ocrx_word' id='word_1_337' title='bbox 809 3798 874 3850; x_wconf 88' lang='grc' dir='ltr'>Τί</span> <span class='ocrx_word' id='word_1_338' title='bbox 922 3793 1044 3864; x_wconf 84' lang='grc' dir='ltr'>οῦν;</span> <span class='ocrx_word' id='word_1_339' title='bbox 1093 3795 1257 3867; x_wconf 83' lang='grc' dir='ltr'>φησί’</span> <span class='ocrx_word' id='word_1_340' title='bbox 1308 3795 1447 3850; x_wconf 86' lang='grc' dir='ltr'>κατά</span> <span class='ocrx_word' id='word_1_341' title='bbox 1499 3796 1783 3869; x_wconf 86' lang='grc' dir='ltr'>σύγκρισιν</span> <span class='ocrx_word' id='word_1_342' title='bbox 1813 3798 1857 3830; x_wconf 84' lang='grc'>³³</span> <span class='ocrx_word' id='word_1_343' title='bbox 1885 3797 1979 3852; x_wconf 92' lang='grc' dir='ltr'>τοῦ</span> 
     </span>
    </p>
   </div>
   <div class='ocr_carea' id='block_1_41' title="bbox 307 3881 1980 3959">
    <p class='ocr_par' dir='ltr' id='par_1_41' title="bbox 307 3881 1980 3959">
     <span class='ocr_line' id='line_1_41' title="bbox 307 3881 1980 3959; baseline -0.003 -14"><span class='ocrx_word' id='word_1_344' title='bbox 307 3891 552 3945; x_wconf 82' lang='grc' dir='ltr'>Ἰωάννου</span> <span class='ocrx_word' id='word_1_345' title='bbox 591 3886 795 3959; x_wconf 75' lang='grc' dir='ltr'>μείζων</span> <span class='ocrx_word' id='word_1_346' title='bbox 826 3881 935 3957; x_wconf 86' lang='grc' dir='ltr'>ἦν;</span> <span class='ocrx_word' id='word_1_347' title='bbox 975 3885 1208 3954; x_wconf 73' lang='grc' dir='ltr'>Ἄπαγε.</span> <span class='ocrx_word' id='word_1_348' title='bbox 1247 3883 1380 3938; x_wconf 82' lang='grc' dir='ltr'>Οὐδὲ</span> <span class='ocrx_word' id='word_1_349' title='bbox 1419 3885 1528 3956; x_wconf 83' lang='lat'>7&amp;9</span> <span class='ocrx_word' id='word_1_350' title='bbox 1565 3885 1816 3956; x_wconf 87' lang='grc' dir='ltr'>Ἰωάννης</span> <span class='ocrx_word' id='word_1_351' title='bbox 1851 3887 1980 3940; x_wconf 81' lang='grc' dir='ltr'>ὅταν</span> 
     </span>
    </p>
   </div>
   <div class='ocr_carea' id='block_1_42' title="bbox 193 3973 1981 4050">
    <p class='ocr_par' dir='ltr' id='par_1_42' title="bbox 193 3973 1981 4050">
     <span class='ocr_line' id='line_1_42' title="bbox 193 3973 1981 4050; baseline 0.003 -28"><span class='ocrx_word' id='word_1_352' title='bbox 193 4015 198 4022; x_wconf 93' lang='grc'>.</span> <span class='ocrx_word' id='word_1_353' title='bbox 295 3979 464 4050; x_wconf 79' lang='grc' dir='ltr'>λέγῃ,</span> <span class='ocrx_word' id='word_1_354' title='bbox 509 3975 917 4044; x_wconf 84' lang='grc' dir='ltr'>Ἰσχυρότερός</span> <span class='ocrx_word' id='word_1_355' title='bbox 949 3974 1068 4044; x_wconf 83' lang='grc' dir='ltr'>μού</span> <span class='ocrx_word' id='word_1_356' title='bbox 1106 3973 1235 4026; x_wconf 82' lang='grc' dir='ltr'>ἐστι</span> <span class='ocrx_word' id='word_1_357' title='bbox 1257 4013 1271 4034; x_wconf 90' lang='grc'>,</span> <span class='ocrx_word' id='word_1_358' title='bbox 1316 3973 1620 4045; x_wconf 88' lang='grc' dir='ltr'>συγκρίνων</span> <span class='ocrx_word' id='word_1_359' title='bbox 1652 3973 1831 4042; x_wconf 77' lang='grc' dir='ltr'>λέγει’</span> <span class='ocrx_word' id='word_1_360' title='bbox 1861 3976 1981 4028; x_wconf 89' lang='lat'><strong>0665</strong></span> 
     </span>
    </p>
   </div>
   <div class='ocr_carea' id='block_1_43' title="bbox 295 4059 1983 4132">
    <p class='ocr_par' dir='ltr' id='par_1_43' title="bbox 295 4059 1983 4132">
     <span class='ocr_line' id='line_1_43' title="bbox 295 4059 1983 4132; baseline -0.004 -10"><span class='ocrx_word' id='word_1_361' title='bbox 295 4065 531 4130; x_wconf 79' lang='grc' dir='ltr'>Παῦλος,</span> <span class='ocrx_word' id='word_1_362' title='bbox 566 4064 693 4118; x_wconf 83' lang='grc' dir='ltr'>ὅταν</span> <span class='ocrx_word' id='word_1_363' title='bbox 727 4061 1006 4123; x_wconf 81' lang='grc' dir='ltr'>Μωῦσέως</span> <span class='ocrx_word' id='word_1_364' title='bbox 1041 4059 1389 4130; x_wconf 82' lang='grc' dir='ltr'>μεμνημένος</span> <span class='ocrx_word' id='word_1_365' title='bbox 1442 4060 1660 4132; x_wconf 81' lang='grc' dir='ltr'>γράφῃ,</span> <span class='ocrx_word' id='word_1_366' title='bbox 1697 4063 1983 4128; x_wconf 86' lang='grc' dir='ltr'>Πλείονος</span> 
     </span>
    </p>
   </div>
   <div class='ocr_carea' id='block_1_44' title="bbox 293 4146 1983 4224">
    <p class='ocr_par' dir='ltr' id='par_1_44' title="bbox 293 4146 1983 4224">
     <span class='ocr_line' id='line_1_44' title="bbox 293 4146 1983 4224; baseline -0.003 -16"><span class='ocrx_word' id='word_1_367' title='bbox 293 4153 407 4224; x_wconf 77' lang='grc' dir='ltr'>γὰρ</span> <span class='ocrx_word' id='word_1_368' title='bbox 434 4153 618 4218; x_wconf 79' lang='grc' dir='ltr'>δόξης</span> <span class='ocrx_word' id='word_1_369' title='bbox 653 4146 827 4216; x_wconf 83' lang='grc' dir='ltr'>οὗτος</span> <span class='ocrx_word' id='word_1_370' title='bbox 859 4147 1019 4217; x_wconf 86' lang='grc' dir='ltr'>παρὰ</span> <span class='ocrx_word' id='word_1_371' title='bbox 1048 4146 1318 4216; x_wconf 78' lang='grc' dir='ltr'>Μωῢσῆν</span> <span class='ocrx_word' id='word_1_372' title='bbox 1361 4147 1628 4215; x_wconf 75' lang='grc' dir='ltr'>ἠξίωται,</span> <span class='ocrx_word' id='word_1_373' title='bbox 1679 4150 1983 4220; x_wconf 87' lang='grc' dir='ltr'>συγκρίνων</span> 
     </span>
    </p>
   </div>
   <div class='ocr_carea' id='block_1_45' title="bbox 295 4231 1978 4314">
    <p class='ocr_par' dir='ltr' id='par_1_45' title="bbox 295 4231 1978 4314">
     <span class='ocr_line' id='line_1_45' title="bbox 295 4231 1978 4314; baseline -0.003 -18"><span class='ocrx_word' id='word_1_374' title='bbox 295 4243 516 4314; x_wconf 81' lang='grc' dir='ltr'>γράφει.</span> <span class='ocrx_word' id='word_1_375' title='bbox 563 4239 672 4292; x_wconf 75' lang='grc' dir='ltr'>Καὶ</span> <span class='ocrx_word' id='word_1_376' title='bbox 721 4237 884 4301; x_wconf 77' lang='grc' dir='ltr'>αύτδς</span> <span class='ocrx_word' id='word_1_377' title='bbox 929 4236 1008 4302; x_wconf 85' lang='lat'>65,</span> <span class='ocrx_word' id='word_1_378' title='bbox 1044 4235 1200 4291; x_wconf 86' lang='grc' dir='ltr'>Ἰδοὺ</span> <span class='ocrx_word' id='word_1_379' title='bbox 1239 4236 1429 4289; x_wconf 86' lang='grc' dir='ltr'>πλέον</span> <span class='ocrx_word' id='word_1_380' title='bbox 1461 4235 1812 4304; x_wconf 82' lang='grc' dir='ltr'>Σολομῶνος</span> <span class='ocrx_word' id='word_1_381' title='bbox 1842 4231 1978 4303; x_wconf 84' lang='grc' dir='ltr'>ὧδε,</span> 
     </span>
    </p>
   </div>
   <div class='ocr_carea' id='block_1_46' title="bbox 294 4323 1982 4400">
    <p class='ocr_par' dir='ltr' id='par_1_46' title="bbox 294 4323 1982 4400">
     <span class='ocr_line' id='line_1_46' title="bbox 294 4323 1982 4400; baseline -0.004 -15"><span class='ocrx_word' id='word_1_382' title='bbox 294 4332 488 4400; x_wconf 87' lang='grc' dir='ltr'>λέγων,</span> <span class='ocrx_word' id='word_1_383' title='bbox 544 4328 664 4398; x_wconf 73' lang='grc' dir='ltr'>οὐχὶ</span> <span class='ocrx_word' id='word_1_384' title='bbox 713 4325 1018 4396; x_wconf 88' lang='grc' dir='ltr'>συγκρίνων</span> <span class='ocrx_word' id='word_1_385' title='bbox 1057 4323 1240 4394; x_wconf 84' lang='grc' dir='ltr'>φησίν.</span> <span class='ocrx_word' id='word_1_386' title='bbox 1290 4324 1354 4376; x_wconf 90' lang='grc' dir='ltr'>Εἰ</span> <span class='ocrx_word' id='word_1_387' title='bbox 1401 4323 1445 4376; x_wconf 91' lang='grc' dir='ltr'>δ’</span> <span class='ocrx_word' id='word_1_388' title='bbox 1488 4323 1598 4395; x_wconf 85' lang='grc' dir='ltr'>ἀρα</span> <span class='ocrx_word' id='word_1_389' title='bbox 1628 4323 1849 4395; x_wconf 89' lang='grc' dir='ltr'>δοίημεν</span> <span class='ocrx_word' id='word_1_390' title='bbox 1888 4325 1982 4379; x_wconf 77' lang='grc' dir='ltr'>καὶ</span> 
     </span>
    </p>
   </div>
   <div class='ocr_carea' id='block_1_47' title="bbox 296 4409 1977 4486">
    <p class='ocr_par' dir='ltr' id='par_1_47' title="bbox 296 4409 1977 4486">
     <span class='ocr_line' id='line_1_47' title="bbox 296 4409 1977 4486; baseline -0.005 -13"><span class='ocrx_word' id='word_1_391' title='bbox 296 4418 439 4473; x_wconf 89' lang='grc' dir='ltr'>κατά</span> <span class='ocrx_word' id='word_1_392' title='bbox 473 4415 758 4486; x_wconf 82' lang='grc' dir='ltr'>σύγκρισιν</span> <span class='ocrx_word' id='word_1_393' title='bbox 791 4412 1038 4484; x_wconf 84' lang='grc' dir='ltr'>εἰρῆσθαι</span> <span class='ocrx_word' id='word_1_394' title='bbox 1073 4413 1204 4483; x_wconf 85' lang='grc' dir='ltr'>παρ’</span> <span class='ocrx_word' id='word_1_395' title='bbox 1221 4409 1386 4465; x_wconf 91' lang='grc' dir='ltr'>αὑτοῦ</span> <span class='ocrx_word' id='word_1_396' title='bbox 1409 4411 1585 4476; x_wconf 90' lang='grc' dir='ltr'>τοῦτο,</span> <span class='ocrx_word' id='word_1_397' title='bbox 1624 4413 1977 4484; x_wconf 86' lang='grc' dir='ltr'>οἰκονομικῶς</span> 
     </span>
    </p>
   </div>
   <div class='ocr_carea' id='block_1_48' title="bbox 295 4498 1983 4576">
    <p class='ocr_par' dir='ltr' id='par_1_48' title="bbox 295 4498 1983 4576">
     <span class='ocr_line' id='line_1_48' title="bbox 295 4498 1983 4576; baseline -0.005 -16"><span class='ocrx_word' id='word_1_398' title='bbox 295 4507 504 4576; x_wconf 88' lang='grc' dir='ltr'>ἐγίνετο</span> <span class='ocrx_word' id='word_1_399' title='bbox 530 4502 618 4556; x_wconf 86' lang='grc' dir='ltr'>διὰ</span> <span class='ocrx_word' id='word_1_400' title='bbox 640 4500 738 4571; x_wconf 79' lang='grc' dir='ltr'>τὴν</span> <span class='ocrx_word' id='word_1_401' title='bbox 769 4501 875 4553; x_wconf 89' lang='grc' dir='ltr'>τῶν</span> <span class='ocrx_word' id='word_1_402' title='bbox 911 4501 1214 4553; x_wconf 84' lang='grc' dir='ltr'>ἀκουόντων</span> <span class='ocrx_word' id='word_1_403' title='bbox 1247 4498 1549 4553; x_wconf 89' lang='grc' dir='ltr'>ἀσθένειαν.</span> <span class='ocrx_word' id='word_1_404' title='bbox 1576 4500 1686 4565; x_wconf 73' lang='grc' dir='ltr'>Καὶ</span> <span class='ocrx_word' id='word_1_405' title='bbox 1715 4499 1823 4570; x_wconf 84' lang='lat'>7&amp;9</span> <span class='ocrx_word' id='word_1_406' title='bbox 1858 4501 1983 4570; x_wconf 84' lang='grc' dir='ltr'>σιρὸ-</span> 
     </span>
    </p>
   </div>
   <div class='ocr_carea' id='block_1_49' title="bbox 294 4585 1978 4665">
    <p class='ocr_par' dir='ltr' id='par_1_49' title="bbox 294 4585 1978 4665">
     <span class='ocr_line' id='line_1_49' title="bbox 294 4585 1978 4665; baseline -0.004 -17"><span class='ocrx_word' id='word_1_407' title='bbox 294 4595 395 4665; x_wconf 90' lang='grc' dir='ltr'>δρα</span> <span class='ocrx_word' id='word_1_408' title='bbox 423 4588 562 4663; x_wconf 77' lang='grc' dir='ltr'>ἦσαν</span> <span class='ocrx_word' id='word_1_409' title='bbox 607 4588 742 4659; x_wconf 82' lang='grc' dir='ltr'>πρὸς</span> <span class='ocrx_word' id='word_1_410' title='bbox 767 4587 928 4640; x_wconf 85' lang='grc' dir='ltr'>αὑτὸν</span> <span class='ocrx_word' id='word_1_411' title='bbox 955 4587 1244 4657; x_wconf 89' lang='grc' dir='ltr'>κεχηνότες</span> <span class='ocrx_word' id='word_1_412' title='bbox 1277 4587 1325 4640; x_wconf 87' lang='grc' dir='ltr'>οἰ</span> <span class='ocrx_word' id='word_1_413' title='bbox 1356 4585 1630 4658; x_wconf 78' lang='grc' dir='ltr'>ἄνθρωποι</span> <span class='ocrx_word' id='word_1_414' title='bbox 1651 4586 1820 4659; x_wconf 76' lang='grc'>’[417]</span> <span class='ocrx_word' id='word_1_415' title='bbox 1859 4588 1978 4643; x_wconf 89' lang='grc' dir='ltr'>τότε</span> 
     </span>
    </p>
   </div>
   <div class='ocr_carea' id='block_1_50' title="bbox 295 4673 1981 4748">
    <p class='ocr_par' dir='ltr' id='par_1_50' title="bbox 295 4673 1981 4748">
     <span class='ocr_line' id='line_1_50' title="bbox 295 4673 1981 4748; baseline -0.003 -14"><span class='ocrx_word' id='word_1_416' title='bbox 295 4682 352 4734; x_wconf 92' lang='lat'>65</span> <span class='ocrx_word' id='word_1_417' title='bbox 384 4675 762 4748; x_wconf 87' lang='grc' dir='ltr'>λαμπρότερον</span> <span class='ocrx_word' id='word_1_418' title='bbox 791 4673 950 4727; x_wconf 84' lang='grc' dir='ltr'>αὑτὸν</span> <span class='ocrx_word' id='word_1_419' title='bbox 981 4674 1076 4727; x_wconf 68' lang='grc' dir='ltr'>καὶ</span> <span class='ocrx_word' id='word_1_420' title='bbox 1110 4674 1172 4727; x_wconf 82' lang='grc' dir='ltr'>τὸ</span> <span class='ocrx_word' id='word_1_421' title='bbox 1203 4675 1577 4745; x_wconf 84' lang='grc' dir='ltr'>δεσμωτήριον</span> <span class='ocrx_word' id='word_1_422' title='bbox 1608 4675 1854 4745; x_wconf 90' lang='grc' dir='ltr'>ἐποίησε,</span> <span class='ocrx_word' id='word_1_423' title='bbox 1886 4677 1981 4730; x_wconf 82' lang='grc' dir='ltr'>καὶ</span> 
     </span>
    </p>
   </div>
   <div class='ocr_carea' id='block_1_51' title="bbox 297 4758 1981 4839">
    <p class='ocr_par' dir='ltr' id='par_1_51' title="bbox 297 4758 1981 4839">
     <span class='ocr_line' id='line_1_51' title="bbox 297 4758 1981 4839; baseline -0.002 -19"><span class='ocrx_word' id='word_1_424' title='bbox 297 4771 331 4838; x_wconf 83' lang='grc' dir='ltr'>ἠ</span> <span class='ocrx_word' id='word_1_425' title='bbox 362 4767 498 4839; x_wconf 86' lang='grc' dir='ltr'>πρὸς</span> <span class='ocrx_word' id='word_1_426' title='bbox 542 4764 632 4817; x_wconf 81' lang='grc' dir='ltr'>τὸν</span> <span class='ocrx_word' id='word_1_427' title='bbox 670 4761 892 4832; x_wconf 75' lang='grc' dir='ltr'>βασιλέα</span> <span class='ocrx_word' id='word_1_428' title='bbox 937 4762 1240 4834; x_wconf 75' lang='grc' dir='ltr'>παρρησία,</span> <span class='ocrx_word' id='word_1_429' title='bbox 1286 4763 1380 4816; x_wconf 80' lang='grc' dir='ltr'>καὶ</span> <span class='ocrx_word' id='word_1_430' title='bbox 1419 4763 1702 4834; x_wconf 86' lang='grc' dir='ltr'>ἀγαπητὸν</span> <span class='ocrx_word' id='word_1_431' title='bbox 1742 4758 1811 4835; x_wconf 82' lang='grc' dir='ltr'>ἦν</span> <span class='ocrx_word' id='word_1_432' title='bbox 1843 4764 1981 4828; x_wconf 93' lang='grc' dir='ltr'>τέως</span> 
     </span>
    </p>
   </div>
   <div class='ocr_carea' id='block_1_52' title="bbox 295 4849 1980 4924">
    <p class='ocr_par' dir='ltr' id='par_1_52' title="bbox 295 4849 1980 4924">
     <span class='ocr_line' id='line_1_52' title="bbox 295 4849 1980 4924; baseline -0.004 -13"><span class='ocrx_word' id='word_1_433' title='bbox 295 4857 452 4911; x_wconf 85' lang='grc' dir='ltr'>τοῦτο</span> <span class='ocrx_word' id='word_1_434' title='bbox 484 4851 738 4924; x_wconf 85' lang='grc' dir='ltr'>δεχθῆναι</span> <span class='ocrx_word' id='word_1_435' title='bbox 779 4849 931 4922; x_wconf 85' lang='grc' dir='ltr'>παρά</span> <span class='ocrx_word' id='word_1_436' title='bbox 968 4853 1080 4913; x_wconf 85' lang='grc' dir='ltr'>τοῖς</span> <span class='ocrx_word' id='word_1_437' title='bbox 1124 4851 1356 4914; x_wconf 87' lang='grc' dir='ltr'>πολλοῖς.</span> <span class='ocrx_word' id='word_1_438' title='bbox 1389 4851 1500 4904; x_wconf 76' lang='grc' dir='ltr'>Καὶ</span> <span class='ocrx_word' id='word_1_439' title='bbox 1531 4851 1640 4924; x_wconf 90' lang='lat'>7&amp;9</span> <span class='ocrx_word' id='word_1_440' title='bbox 1667 4852 1763 4905; x_wconf 78' lang='grc' dir='ltr'>καὶ</span> <span class='ocrx_word' id='word_1_441' title='bbox 1791 4853 1824 4922; x_wconf 81' lang='grc' dir='ltr'>ἡ</span> <span class='ocrx_word' id='word_1_442' title='bbox 1867 4853 1980 4905; x_wconf 90' lang='grc' dir='ltr'>Πα-</span> 
     </span>
    </p>
   </div>
   <div class='ocr_carea' id='block_1_53' title="bbox 298 4933 1979 5007">
    <p class='ocr_par' dir='ltr' id='par_1_53' title="bbox 298 4933 1979 5007">
     <span class='ocr_line' id='line_1_53' title="bbox 298 4933 1979 5007; baseline -0.004 -15"><span class='ocrx_word' id='word_1_443' title='bbox 298 4939 425 4996; x_wconf 87' lang='grc' dir='ltr'>λαιά</span> <span class='ocrx_word' id='word_1_444' title='bbox 449 4935 587 4991; x_wconf 73' lang='grc' dir='ltr'>οἶδεν</span> <span class='ocrx_word' id='word_1_445' title='bbox 608 4934 752 4990; x_wconf 82' lang='grc' dir='ltr'>οὑτω</span> <span class='ocrx_word' id='word_1_446' title='bbox 779 4933 1020 5003; x_wconf 85' lang='grc' dir='ltr'>διορθοῦν</span> <span class='ocrx_word' id='word_1_447' title='bbox 1048 4935 1146 4998; x_wconf 87' lang='grc' dir='ltr'>τάς</span> <span class='ocrx_word' id='word_1_448' title='bbox 1177 4934 1285 4988; x_wconf 88' lang='grc' dir='ltr'>τῶν</span> <span class='ocrx_word' id='word_1_449' title='bbox 1319 4934 1750 5007; x_wconf 82' lang='grc' dir='ltr'>πεπλανημένων</span> <span class='ocrx_word' id='word_1_450' title='bbox 1778 4935 1979 5006; x_wconf 78' lang='grc' dir='ltr'>ψυχὰς,</span> 
     </span>
    </p>
   </div>
   <div class='ocr_carea' id='block_1_54' title="bbox 297 5021 1982 5097">
    <p class='ocr_par' dir='ltr' id='par_1_54' title="bbox 297 5021 1982 5097">
     <span class='ocr_line' id='line_1_54' title="bbox 297 5021 1982 5097; baseline -0.003 -15"><span class='ocrx_word' id='word_1_451' title='bbox 297 5028 365 5082; x_wconf 89' lang='grc' dir='ltr'>τά</span> <span class='ocrx_word' id='word_1_452' title='bbox 395 5026 701 5097; x_wconf 86' lang='grc' dir='ltr'>ἀσύγκριτα</span> <span class='ocrx_word' id='word_1_453' title='bbox 741 5027 880 5076; x_wconf 84' lang='grc' dir='ltr'>κατά</span> <span class='ocrx_word' id='word_1_454' title='bbox 931 5021 1216 5092; x_wconf 82' lang='grc' dir='ltr'>σύγκρισιν</span> <span class='ocrx_word' id='word_1_455' title='bbox 1261 5021 1712 5092; x_wconf 74' lang='grc' dir='ltr'>παραόάλλουσα·</span> <span class='ocrx_word' id='word_1_456' title='bbox 1747 5023 1822 5086; x_wconf 86' lang='grc' dir='ltr'>ὼς</span> <span class='ocrx_word' id='word_1_457' title='bbox 1852 5024 1982 5077; x_wconf 85' lang='grc' dir='ltr'>ὅταν</span> 
     </span>
    </p>
   </div>
   <div class='ocr_carea' id='block_1_55' title="bbox 297 5107 1986 5188">
    <p class='ocr_par' dir='ltr' id='par_1_55' title="bbox 297 5107 1986 5188">
     <span class='ocr_line' id='line_1_55' title="bbox 297 5107 1986 5188; baseline -0.002 -19"><span class='ocrx_word' id='word_1_458' title='bbox 297 5115 464 5188; x_wconf 77' lang='grc' dir='ltr'>λέγῃ·</span> <span class='ocrx_word' id='word_1_459' title='bbox 500 5114 624 5167; x_wconf 82' lang='grc' dir='ltr'>Οὐκ</span> <span class='ocrx_word' id='word_1_460' title='bbox 672 5109 850 5164; x_wconf 78' lang='grc' dir='ltr'>ἐστιν</span> <span class='ocrx_word' id='word_1_461' title='bbox 887 5107 1090 5177; x_wconf 85' lang='grc' dir='ltr'>ὅμοιός</span> <span class='ocrx_word' id='word_1_462' title='bbox 1137 5122 1238 5162; x_wconf 92' lang='grc' dir='ltr'>σοι</span> <span class='ocrx_word' id='word_1_463' title='bbox 1281 5109 1352 5161; x_wconf 80' lang='grc' dir='ltr'>ἐν</span> <span class='ocrx_word' id='word_1_464' title='bbox 1395 5109 1583 5175; x_wconf 83' lang='grc' dir='ltr'>θεοῖς,</span> <span class='ocrx_word' id='word_1_465' title='bbox 1638 5111 1848 5178; x_wconf 84' lang='grc' dir='ltr'>Κύριε·</span> <span class='ocrx_word' id='word_1_466' title='bbox 1889 5111 1986 5166; x_wconf 69' lang='grc' dir='ltr'>καὶ⁵</span> 
     </span>
    </p>
   </div>
   <div class='ocr_carea' id='block_1_56' title="bbox 298 5195 1983 5268">
    <p class='ocr_par' dir='ltr' id='par_1_56' title="bbox 298 5195 1983 5268">
     <span class='ocr_line' id='line_1_56' title="bbox 298 5195 1983 5268; baseline -0.002 -12"><span class='ocrx_word' id='word_1_467' title='bbox 298 5204 485 5266; x_wconf 87' lang='grc' dir='ltr'>πάλιν,</span> <span class='ocrx_word' id='word_1_468' title='bbox 512 5201 635 5255; x_wconf 83' lang='grc' dir='ltr'>Οὐκ</span> <span class='ocrx_word' id='word_1_469' title='bbox 663 5198 797 5252; x_wconf 77' lang='grc' dir='ltr'>ἔστι</span> <span class='ocrx_word' id='word_1_470' title='bbox 818 5195 953 5262; x_wconf 84' lang='grc' dir='ltr'>θεὸς</span> <span class='ocrx_word' id='word_1_471' title='bbox 977 5196 1058 5262; x_wconf 82' lang='grc' dir='ltr'>ὡς</span> <span class='ocrx_word' id='word_1_472' title='bbox 1084 5199 1118 5251; x_wconf 83' lang='grc' dir='ltr'>ό</span> <span class='ocrx_word' id='word_1_473' title='bbox 1144 5196 1288 5262; x_wconf 85' lang='grc' dir='ltr'>Θεὸς</span> <span class='ocrx_word' id='word_1_474' title='bbox 1311 5195 1498 5266; x_wconf 71' lang='grc' dir='ltr'>ἡμῶν.</span> <span class='ocrx_word' id='word_1_475' title='bbox 1527 5197 1681 5261; x_wconf 80' lang='grc' dir='ltr'>Τινὲς</span> <span class='ocrx_word' id='word_1_476' title='bbox 1707 5197 1766 5250; x_wconf 88' lang='grc' dir='ltr'>δέ</span> <span class='ocrx_word' id='word_1_477' title='bbox 1797 5215 1983 5268; x_wconf 83' lang='grc' dir='ltr'>φασιν,</span> 
     </span>
    </p>
   </div>
   <div class='ocr_carea' id='block_1_57' title="bbox 298 5283 1982 5360">
    <p class='ocr_par' dir='ltr' id='par_1_57' title="bbox 298 5283 1982 5360">
     <span class='ocr_line' id='line_1_57' title="bbox 298 5283 1982 5360; baseline -0.007 -13"><span class='ocrx_word' id='word_1_478' title='bbox 298 5294 380 5347; x_wconf 85' lang='grc' dir='ltr'>ὅτι</span> <span class='ocrx_word' id='word_1_479' title='bbox 439 5289 570 5360; x_wconf 76' lang='grc' dir='ltr'>περὶ</span> <span class='ocrx_word' id='word_1_480' title='bbox 622 5286 735 5341; x_wconf 89' lang='grc' dir='ltr'>τῶν</span> <span class='ocrx_word' id='word_1_481' title='bbox 784 5285 1096 5340; x_wconf 86' lang='grc' dir='ltr'>ἀποστόλων</span> <span class='ocrx_word' id='word_1_482' title='bbox 1138 5283 1295 5338; x_wconf 88' lang='grc' dir='ltr'>τοῦτο</span> <span class='ocrx_word' id='word_1_483' title='bbox 1339 5285 1561 5355; x_wconf 75' lang='grc' dir='ltr'>εἴρηκεν</span> <span class='ocrx_word' id='word_1_484' title='bbox 1628 5285 1657 5337; x_wconf 87' lang='grc' dir='ltr'>ό</span> <span class='ocrx_word' id='word_1_485' title='bbox 1716 5286 1982 5356; x_wconf 79' lang='grc' dir='ltr'>Χριστόςο</span> 
     </span>
    </p>
   </div>
   <div class='ocr_carea' id='block_1_58' title="bbox 1106 331 1981 427">
    <p class='ocr_par' dir='ltr' id='par_1_58' title="bbox 1106 331 1981 427">
     <span class='ocr_line' id='line_1_58' title="bbox 1106 331 1981 427; baseline 0 -39"><span class='ocrx_word' id='word_1_486' title='bbox 1106 331 1981 427; x_wconf 36' lang='lat' dir='ltr'>LCHRYSOSTO!</span> 
     </span>
    </p>
   </div>
   <div class='ocr_carea' id='block_1_59' title="bbox 2093 331 2983 427">
    <p class='ocr_par' dir='ltr' id='par_1_59' title="bbox 2093 332 2983 396">
     <span class='ocr_line' id='line_1_59' title="bbox 2093 332 2983 396; baseline 0.006 -8"><span class='ocrx_word' id='word_1_487' title='bbox 2093 333 2387 391; x_wconf 62' lang='lat' dir='ltr'>IRCHIEP.</span> <span class='ocrx_word' id='word_1_488' title='bbox 2425 332 2983 396; x_wconf 70' lang='lat' dir='ltr'>CONSTANTINO‘P.</span> 
     </span>
    </p>
   </div>
   <div class='ocr_carea' id='block_1_60' title="bbox 3663 326 3778 385">
    <p class='ocr_par' dir='ltr' id='par_1_60' title="bbox 3663 326 3778 385">
     <span class='ocr_line' id='line_1_60' title="bbox 3663 326 3778 385; baseline -0.017 0"><span class='ocrx_word' id='word_1_489' title='bbox 3663 326 3778 385; x_wconf 61' lang='lat'>£22</span> 
     </span>
    </p>
   </div>
   <div class='ocr_carea' id='block_1_61' title="bbox 2089 447 3780 523">
    <p class='ocr_par' dir='ltr' id='par_1_61' title="bbox 2089 447 3780 523">
     <span class='ocr_line' id='line_1_61' title="bbox 2089 447 3780 523; baseline -0.002 -20"><span class='ocrx_word' id='word_1_490' title='bbox 2089 450 2231 514; x_wconf 86' lang='grc' dir='ltr'>τινὲς</span> <span class='ocrx_word' id='word_1_491' title='bbox 2265 453 2604 523; x_wconf 87' lang='grc' dir='ltr'>ἐκτραπῶσι,</span> <span class='ocrx_word' id='word_1_492' title='bbox 2652 455 2825 508; x_wconf 86' lang='grc' dir='ltr'>πολλά</span> <span class='ocrx_word' id='word_1_493' title='bbox 2869 451 3173 509; x_wconf 82' lang='grc' dir='ltr'>πλανᾶσθαι</span> <span class='ocrx_word' id='word_1_494' title='bbox 3207 450 3450 506; x_wconf 87' lang='grc' dir='ltr'>εἰώθασι.</span> <span class='ocrx_word' id='word_1_495' title='bbox 3486 447 3624 502; x_wconf 85' lang='grc' dir='ltr'>Ποία</span> <span class='ocrx_word' id='word_1_496' title='bbox 3663 447 3780 516; x_wconf 81' lang='lat'>7&amp;9</span> 
     </span>
    </p>
   </div>
   <div class='ocr_carea' id='block_1_62' title="bbox 2087 537 3778 614">
    <p class='ocr_par' dir='ltr' id='par_1_62' title="bbox 2087 537 3778 614">
     <span class='ocr_line' id='line_1_62' title="bbox 2087 537 3778 614; baseline -0.002 -22"><span class='ocrx_word' id='word_1_497' title='bbox 2087 540 2454 614; x_wconf 83' lang='grc' dir='ltr'>ἀκολουθία,ἢ</span> <span class='ocrx_word' id='word_1_498' title='bbox 2488 544 2615 614; x_wconf 75' lang='grc' dir='ltr'>περὶ</span> <span class='ocrx_word' id='word_1_499' title='bbox 2651 544 2899 613; x_wconf 88' lang='grc' dir='ltr'>ἀγγέλων</span> <span class='ocrx_word' id='word_1_500' title='bbox 2931 543 2964 614; x_wconf 82' lang='grc' dir='ltr'><strong>ἢ</strong></span> <span class='ocrx_word' id='word_1_501' title='bbox 2996 542 3124 614; x_wconf 73' lang='grc' dir='ltr'>περὶ</span> <span class='ocrx_word' id='word_1_502' title='bbox 3153 539 3466 594; x_wconf 85' lang='grc' dir='ltr'>ἀποστόλων</span> <span class='ocrx_word' id='word_1_503' title='bbox 3502 537 3546 569; x_wconf 86' lang='grc'>³⁸</span> <span class='ocrx_word' id='word_1_504' title='bbox 3567 537 3778 601; x_wconf 80' lang='grc' dir='ltr'>εἰπεῐν;</span> 
     </span>
    </p>
   </div>
   <div class='ocr_carea' id='block_1_63' title="bbox 2093 623 3781 702">
    <p class='ocr_par' dir='ltr' id='par_1_63' title="bbox 2093 623 3781 702">
     <span class='ocr_line' id='line_1_63' title="bbox 2093 623 3781 702; baseline -0.001 -25"><span class='ocrx_word' id='word_1_505' title='bbox 2093 627 2301 692; x_wconf 73' lang='grc' dir='ltr'>’Ἄλλως</span> <span class='ocrx_word' id='word_1_506' title='bbox 2350 629 2429 696; x_wconf 87' lang='grc' dir='ltr'>δέ,</span> <span class='ocrx_word' id='word_1_507' title='bbox 2464 633 2512 685; x_wconf 85' lang='grc' dir='ltr'>εί</span> <span class='ocrx_word' id='word_1_508' title='bbox 2562 633 2688 702; x_wconf 84' lang='grc' dir='ltr'>περί</span> <span class='ocrx_word' id='word_1_509' title='bbox 2737 631 2847 684; x_wconf 91' lang='grc' dir='ltr'>τῶν</span> <span class='ocrx_word' id='word_1_510' title='bbox 2885 629 3198 686; x_wconf 86' lang='grc' dir='ltr'>ἀποστόλων</span> <span class='ocrx_word' id='word_1_511' title='bbox 3243 628 3418 696; x_wconf 83' lang='grc' dir='ltr'>έλεγε,</span> <span class='ocrx_word' id='word_1_512' title='bbox 3449 625 3502 680; x_wconf 88' lang='grc' dir='ltr'>τί</span> <span class='ocrx_word' id='word_1_513' title='bbox 3535 623 3781 678; x_wconf 83' lang='grc' dir='ltr'>ἐκώλυεν</span> 
     </span>
    </p>
   </div>
   <div class='ocr_carea' id='block_1_64' title="bbox 2086 711 3778 791">
    <p class='ocr_par' dir='ltr' id='par_1_64' title="bbox 2086 711 3778 791">
     <span class='ocr_line' id='line_1_64' title="bbox 2086 711 3778 791; baseline 0.004 -23"><span class='ocrx_word' id='word_1_514' title='bbox 2086 714 2349 786; x_wconf 78' lang='grc' dir='ltr'>ὀνομαστὶ</span> <span class='ocrx_word' id='word_1_515' title='bbox 2393 723 2777 790; x_wconf 87' lang='grc' dir='ltr'>παραγαγεῖν;</span> <span class='ocrx_word' id='word_1_516' title='bbox 2835 720 2971 791; x_wconf 73' lang='grc' dir='ltr'>Περὶ</span> <span class='ocrx_word' id='word_1_517' title='bbox 3027 717 3125 788; x_wconf 84' lang='grc' dir='ltr'>μὲν</span> <span class='ocrx_word' id='word_1_518' title='bbox 3175 716 3287 788; x_wconf 89' lang='lat'>7&amp;9</span> <span class='ocrx_word' id='word_1_519' title='bbox 3338 713 3533 768; x_wconf 82' lang='grc' dir='ltr'>ἐαυτοῦ</span> <span class='ocrx_word' id='word_1_520' title='bbox 3575 711 3778 782; x_wconf 65' lang='grc' dir='ltr'>λέγων,</span> 
     </span>
    </p>
   </div>
   <div class='ocr_carea' id='block_1_65' title="bbox 2088 797 3781 877">
    <p class='ocr_par' dir='ltr' id='par_1_65' title="bbox 2088 797 3781 877">
     <span class='ocr_line' id='line_1_65' title="bbox 2088 797 3781 877; baseline -0.001 -22"><span class='ocrx_word' id='word_1_521' title='bbox 2088 803 2312 867; x_wconf 85' lang='grc' dir='ltr'>εἰκότως</span> <span class='ocrx_word' id='word_1_522' title='bbox 2357 804 2592 875; x_wconf 89' lang='grc' dir='ltr'>κρύπτει</span> <span class='ocrx_word' id='word_1_523' title='bbox 2621 806 2684 859; x_wconf 88' lang='grc' dir='ltr'>τὸ</span> <span class='ocrx_word' id='word_1_524' title='bbox 2724 807 3014 877; x_wconf 86' lang='grc' dir='ltr'>πρόσωπον</span> <span class='ocrx_word' id='word_1_525' title='bbox 3039 803 3126 858; x_wconf 83' lang='grc' dir='ltr'>διὰ</span> <span class='ocrx_word' id='word_1_526' title='bbox 3154 803 3252 875; x_wconf 82' lang='grc' dir='ltr'>τὴν</span> <span class='ocrx_word' id='word_1_527' title='bbox 3284 802 3362 856; x_wconf 79' lang='grc' dir='ltr'>ἔτι</span> <span class='ocrx_word' id='word_1_528' title='bbox 3391 799 3697 870; x_wconf 85' lang='grc' dir='ltr'>κρατοῦσαν</span> <span class='ocrx_word' id='word_1_529' title='bbox 3729 797 3781 830; x_wconf 83' lang='grc'>³⁸</span> 
     </span>
    </p>
   </div>
   <div class='ocr_carea' id='block_1_66' title="bbox 2089 886 3784 965">
    <p class='ocr_par' dir='ltr' id='par_1_66' title="bbox 2089 886 3784 965">
     <span class='ocr_line' id='line_1_66' title="bbox 2089 886 3784 965; baseline -0.003 -22"><span class='ocrx_word' id='word_1_530' title='bbox 2089 890 2363 954; x_wconf 85' lang='grc' dir='ltr'>ὑπόνοιαν,</span> <span class='ocrx_word' id='word_1_531' title='bbox 2395 893 2489 946; x_wconf 77' lang='grc' dir='ltr'>καὶ</span> <span class='ocrx_word' id='word_1_532' title='bbox 2530 893 2592 946; x_wconf 75' lang='grc' dir='ltr'>τὸ</span> <span class='ocrx_word' id='word_1_533' title='bbox 2633 895 2708 965; x_wconf 87' lang='grc' dir='ltr'>μὴ</span> <span class='ocrx_word' id='word_1_534' title='bbox 2754 894 2901 960; x_wconf 84' lang='grc' dir='ltr'>δόξαι</span> <span class='ocrx_word' id='word_1_535' title='bbox 2949 895 3078 965; x_wconf 84' lang='grc' dir='ltr'>περί</span> <span class='ocrx_word' id='word_1_536' title='bbox 3122 891 3316 947; x_wconf 87' lang='grc' dir='ltr'>ἐαυτοῦ</span> <span class='ocrx_word' id='word_1_537' title='bbox 3347 890 3390 921; x_wconf 88' lang='grc'>⁸⁷</span> <span class='ocrx_word' id='word_1_538' title='bbox 3429 888 3573 960; x_wconf 88' lang='grc' dir='ltr'>μέγα</span> <span class='ocrx_word' id='word_1_539' title='bbox 3599 905 3651 940; x_wconf 93' lang='grc' dir='ltr'>τι</span> <span class='ocrx_word' id='word_1_540' title='bbox 3684 886 3784 939; x_wconf 90' lang='grc' dir='ltr'>λέ-</span> 
     </span>
    </p>
   </div>
   <div class='ocr_carea' id='block_1_67' title="bbox 2087 973 3779 1052">
    <p class='ocr_par' dir='ltr' id='par_1_67' title="bbox 2087 973 3779 1052">
     <span class='ocr_line' id='line_1_67' title="bbox 2087 973 3779 1052; baseline -0.002 -21"><span class='ocrx_word' id='word_1_541' title='bbox 2087 993 2240 1045; x_wconf 86' lang='grc' dir='ltr'>γειν·</span> <span class='ocrx_word' id='word_1_542' title='bbox 2287 979 2520 1052; x_wconf 78' lang='grc' dir='ltr'>καὶγὰρ</span> <span class='ocrx_word' id='word_1_543' title='bbox 2561 981 2830 1052; x_wconf 89' lang='grc' dir='ltr'>πολλαχοῦ</span> <span class='ocrx_word' id='word_1_544' title='bbox 2874 981 3120 1051; x_wconf 84' lang='grc' dir='ltr'>φαίνεται</span> <span class='ocrx_word' id='word_1_545' title='bbox 3171 978 3332 1033; x_wconf 91' lang='grc' dir='ltr'>τοῦτο</span> <span class='ocrx_word' id='word_1_546' title='bbox 3377 976 3568 1032; x_wconf 88' lang='grc' dir='ltr'>ποιῶν.</span> <span class='ocrx_word' id='word_1_547' title='bbox 3617 975 3682 1030; x_wconf 82' lang='grc' dir='ltr'>Τί</span> <span class='ocrx_word' id='word_1_548' title='bbox 3717 973 3779 1028; x_wconf 75' lang='grc' dir='ltr'>δέ</span> 
     </span>
    </p>
   </div>
   <div class='ocr_carea' id='block_1_68' title="bbox 2088 1065 3778 1138">
    <p class='ocr_par' dir='ltr' id='par_1_68' title="bbox 2088 1065 3778 1138">
     <span class='ocr_line' id='line_1_68' title="bbox 2088 1065 3778 1138; baseline -0.001 -20"><span class='ocrx_word' id='word_1_549' title='bbox 2088 1066 2256 1133; x_wconf 86' lang='grc' dir='ltr'>ἐστιν,</span> <span class='ocrx_word' id='word_1_550' title='bbox 2296 1068 2390 1120; x_wconf 85' lang='grc' dir='ltr'>Ἐν</span> <span class='ocrx_word' id='word_1_551' title='bbox 2421 1067 2496 1137; x_wconf 78' lang='grc' dir='ltr'>τῇ</span> <span class='ocrx_word' id='word_1_552' title='bbox 2525 1069 2813 1138; x_wconf 77' lang='grc' dir='ltr'>βασιλείᾳ</span> <span class='ocrx_word' id='word_1_553' title='bbox 2849 1070 2968 1122; x_wconf 87' lang='grc' dir='ltr'>τῶν</span> <span class='ocrx_word' id='word_1_554' title='bbox 2993 1065 3306 1138; x_wconf 85' lang='grc' dir='ltr'>οὐρανῶν;</span> <span class='ocrx_word' id='word_1_555' title='bbox 3347 1068 3436 1121; x_wconf 87' lang='grc' dir='ltr'>Ἐν</span> <span class='ocrx_word' id='word_1_556' title='bbox 3465 1067 3579 1129; x_wconf 87' lang='grc' dir='ltr'>τοῖς</span> <span class='ocrx_word' id='word_1_557' title='bbox 3607 1075 3778 1118; x_wconf 83' lang='grc' dir='ltr'>πνευ-</span> 
     </span>
    </p>
   </div>
   <div class='ocr_carea' id='block_1_69' title="bbox 2091 1151 3779 1227">
    <p class='ocr_par' dir='ltr' id='par_1_69' title="bbox 2091 1151 3779 1227">
     <span class='ocr_line' id='line_1_69' title="bbox 2091 1151 3779 1227; baseline -0.001 -22"><span class='ocrx_word' id='word_1_558' title='bbox 2091 1155 2335 1222; x_wconf 80' lang='grc' dir='ltr'>ματικοῖς</span> <span class='ocrx_word' id='word_1_559' title='bbox 2390 1155 2483 1206; x_wconf 76' lang='grc' dir='ltr'>καὶ</span> <span class='ocrx_word' id='word_1_560' title='bbox 2533 1159 2646 1220; x_wconf 87' lang='grc' dir='ltr'>τοῖς</span> <span class='ocrx_word' id='word_1_561' title='bbox 2695 1156 2837 1210; x_wconf 87' lang='grc' dir='ltr'>κατά</span> <span class='ocrx_word' id='word_1_562' title='bbox 2883 1156 2975 1210; x_wconf 82' lang='grc' dir='ltr'>τὸν</span> <span class='ocrx_word' id='word_1_563' title='bbox 3027 1155 3257 1227; x_wconf 83' lang='grc' dir='ltr'>οὐρανὸν</span> <span class='ocrx_word' id='word_1_564' title='bbox 3309 1154 3500 1209; x_wconf 74' lang='grc' dir='ltr'>ἅπασι.</span> <span class='ocrx_word' id='word_1_565' title='bbox 3551 1151 3661 1204; x_wconf 70' lang='grc' dir='ltr'>Καὶ</span> <span class='ocrx_word' id='word_1_566' title='bbox 3713 1151 3779 1204; x_wconf 70' lang='grc' dir='ltr'>τὸ</span> 
     </span>
    </p>
   </div>
   <div class='ocr_carea' id='block_1_70' title="bbox 2087 1239 3782 1316">
    <p class='ocr_par' dir='ltr' id='par_1_70' title="bbox 2087 1239 3782 1316">
     <span class='ocr_line' id='line_1_70' title="bbox 2087 1239 3782 1316; baseline -0.002 -21"><span class='ocrx_word' id='word_1_567' title='bbox 2087 1245 2261 1296; x_wconf 88' lang='grc' dir='ltr'>εἰπεῖν</span> <span class='ocrx_word' id='word_1_568' title='bbox 2293 1243 2371 1309; x_wconf 89' lang='grc' dir='ltr'>δέ,</span> <span class='ocrx_word' id='word_1_569' title='bbox 2404 1247 2525 1299; x_wconf 82' lang='grc' dir='ltr'>Οὐκ</span> <span class='ocrx_word' id='word_1_570' title='bbox 2550 1244 2857 1316; x_wconf 75' lang='grc' dir='ltr'>ἐγήγερται</span> <span class='ocrx_word' id='word_1_571' title='bbox 2879 1246 2950 1300; x_wconf 84' lang='grc' dir='ltr'>ἐν</span> <span class='ocrx_word' id='word_1_572' title='bbox 2981 1243 3292 1316; x_wconf 79' lang='grc' dir='ltr'>γεννητοῖς</span> <span class='ocrx_word' id='word_1_573' title='bbox 3320 1239 3622 1314; x_wconf 74' lang='grc' dir='ltr'>γυναικῶν</span> <span class='ocrx_word' id='word_1_574' title='bbox 3644 1241 3782 1310; x_wconf 85' lang='grc' dir='ltr'>μεί-</span> 
     </span>
    </p>
   </div>
   <div class='ocr_carea' id='block_1_71' title="bbox 2088 1329 3781 1406">
    <p class='ocr_par' dir='ltr' id='par_1_71' title="bbox 2088 1329 3781 1406">
     <span class='ocr_line' id='line_1_71' title="bbox 2088 1329 3781 1406; baseline -0.003 -18"><span class='ocrx_word' id='word_1_575' title='bbox 2088 1335 2197 1394; x_wconf 77' lang='grc' dir='ltr'>ζων</span> <span class='ocrx_word' id='word_1_576' title='bbox 2221 1335 2512 1400; x_wconf 83' lang='grc' dir='ltr'>Ἰωάννου,</span> <span class='ocrx_word' id='word_1_577' title='bbox 2537 1335 3055 1399; x_wconf 85' lang='grc' dir='ltr'>ἀντιδιαστέλλοντος</span> <span class='ocrx_word' id='word_1_578' title='bbox 3082 1329 3150 1406; x_wconf 77' lang='grc' dir='ltr'>ἦν</span> <span class='ocrx_word' id='word_1_579' title='bbox 3179 1332 3357 1404; x_wconf 85' lang='grc' dir='ltr'>ἐαυτῷ</span> <span class='ocrx_word' id='word_1_580' title='bbox 3379 1333 3470 1386; x_wconf 82' lang='grc' dir='ltr'>τὸν</span> <span class='ocrx_word' id='word_1_581' title='bbox 3501 1332 3781 1401; x_wconf 83' lang='grc' dir='ltr'>Ἰωάννην,</span> 
     </span>
    </p>
   </div>
   <div class='ocr_carea' id='block_1_72' title="bbox 2086 1407 3075 1495">
    <p class='ocr_par' dir='ltr' id='par_1_72' title="bbox 2086 1407 3075 1495">
     <span class='ocr_line' id='line_1_72' title="bbox 2086 1407 3075 1495; baseline 0.002 -19"><span class='ocrx_word' id='word_1_582' title='bbox 2086 1424 2180 1476; x_wconf 74' lang='grc' dir='ltr'>καὶ</span> <span class='ocrx_word' id='word_1_583' title='bbox 2207 1423 2379 1486; x_wconf 79' lang='grc' dir='ltr'>οὕτως</span> <span class='ocrx_word' id='word_1_584' title='bbox 2410 1424 2599 1478; x_wconf 83' lang='grc' dir='ltr'>ἐαυτὸν</span> <span class='ocrx_word' id='word_1_585' title='bbox 2635 1407 3075 1495; x_wconf 83' lang='grc' dir='ltr'>ὑπεξαιροῦντος.</span> 
     </span>
    </p>
   </div>
   <div class='ocr_carea' id='block_1_73' title="bbox 2155 1503 3782 1583">
    <p class='ocr_par' dir='ltr' id='par_1_73' title="bbox 2155 1503 3782 1583">
     <span class='ocr_line' id='line_1_73' title="bbox 2155 1503 3782 1583; baseline -0.006 -18"><span class='ocrx_word' id='word_1_586' title='bbox 2155 1518 2224 1580; x_wconf 80' lang='grc' dir='ltr'>γ’.</span> <span class='ocrx_word' id='word_1_587' title='bbox 2281 1512 2344 1565; x_wconf 89' lang='grc' dir='ltr'>Εἰ</span> <span class='ocrx_word' id='word_1_588' title='bbox 2379 1511 2488 1583; x_wconf 86' lang='grc' dir='ltr'>γὰρ</span> <span class='ocrx_word' id='word_1_589' title='bbox 2537 1513 2630 1566; x_wconf 70' lang='grc' dir='ltr'>καὶ</span> <span class='ocrx_word' id='word_1_590' title='bbox 2679 1511 2938 1582; x_wconf 83' lang='grc' dir='ltr'>γεννητὸς</span> <span class='ocrx_word' id='word_1_591' title='bbox 2979 1510 3240 1581; x_wconf 81' lang='grc' dir='ltr'>γυναικὸς</span> <span class='ocrx_word' id='word_1_592' title='bbox 3269 1505 3337 1581; x_wconf 78' lang='grc' dir='ltr'>ἦν</span> <span class='ocrx_word' id='word_1_593' title='bbox 3374 1506 3619 1568; x_wconf 78' lang='grc' dir='ltr'>αὐτὸς³⁸,</span> <span class='ocrx_word' id='word_1_594' title='bbox 3654 1503 3782 1558; x_wconf 86' lang='grc' dir='ltr'>ἀλλ’</span> 
     </span>
    </p>
   </div>
   <div class='ocr_carea' id='block_1_74' title="bbox 2084 1589 3782 1671">
    <p class='ocr_par' dir='ltr' id='par_1_74' title="bbox 2084 1589 3782 1671">
     <span class='ocr_line' id='line_1_74' title="bbox 2084 1589 3782 1671; baseline 0.004 -21"><span class='ocrx_word' id='word_1_595' title='bbox 2084 1599 2180 1669; x_wconf 86' lang='grc' dir='ltr'>οὐχ</span> <span class='ocrx_word' id='word_1_596' title='bbox 2230 1600 2402 1664; x_wconf 82' lang='grc' dir='ltr'>οὑτως</span> <span class='ocrx_word' id='word_1_597' title='bbox 2443 1600 2520 1663; x_wconf 86' lang='grc' dir='ltr'>ὡς</span> <span class='ocrx_word' id='word_1_598' title='bbox 2560 1601 2852 1671; x_wconf 76' lang='grc' dir='ltr'>Ἰωάννηςο</span> <span class='ocrx_word' id='word_1_599' title='bbox 2899 1601 2961 1654; x_wconf 92' lang='grc' dir='ltr'>οὑ</span> <span class='ocrx_word' id='word_1_600' title='bbox 3010 1599 3120 1671; x_wconf 87' lang='grc' dir='ltr'>γὰρ</span> <span class='ocrx_word' id='word_1_601' title='bbox 3158 1599 3314 1669; x_wconf 78' lang='grc' dir='ltr'>ψιλὸς</span> <span class='ocrx_word' id='word_1_602' title='bbox 3365 1596 3650 1668; x_wconf 79' lang='grc' dir='ltr'>ἄνθρωπος</span> <span class='ocrx_word' id='word_1_603' title='bbox 3679 1589 3782 1664; x_wconf 64' lang='grc' dir='ltr'>ἦν.</span> 
     </span>
    </p>
   </div>
   <div class='ocr_carea' id='block_1_75' title="bbox 2084 1683 3784 1761">
    <p class='ocr_par' dir='ltr' id='par_1_75' title="bbox 2084 1683 3784 1761">
     <span class='ocr_line' id='line_1_75' title="bbox 2084 1683 3784 1761; baseline -0.003 -22"><span class='ocrx_word' id='word_1_604' title='bbox 2084 1688 2206 1742; x_wconf 90' lang='grc' dir='ltr'>οὑδέ</span> <span class='ocrx_word' id='word_1_605' title='bbox 2230 1689 2428 1759; x_wconf 84' lang='grc' dir='ltr'>ὁμοίως</span> <span class='ocrx_word' id='word_1_606' title='bbox 2451 1689 2723 1761; x_wconf 86' lang='grc' dir='ltr'>ἀνθρώπῳ</span> <span class='ocrx_word' id='word_1_607' title='bbox 2749 1689 2964 1761; x_wconf 86' lang='grc' dir='ltr'>ἐτέχθη,</span> <span class='ocrx_word' id='word_1_608' title='bbox 2997 1687 3132 1743; x_wconf 86' lang='grc' dir='ltr'>ἀλλά</span> <span class='ocrx_word' id='word_1_609' title='bbox 3162 1687 3310 1755; x_wconf 83' lang='grc' dir='ltr'>ξένον</span> <span class='ocrx_word' id='word_1_610' title='bbox 3339 1685 3461 1738; x_wconf 82' lang='grc' dir='ltr'>τινὰ</span> <span class='ocrx_word' id='word_1_611' title='bbox 3490 1685 3648 1736; x_wconf 85' lang='grc' dir='ltr'>τόκον</span> <span class='ocrx_word' id='word_1_612' title='bbox 3678 1683 3784 1735; x_wconf 76' lang='grc' dir='ltr'>καὶ</span> 
     </span>
    </p>
   </div>
   <div class='ocr_carea' id='block_1_76' title="bbox 2085 1771 3784 1848">
    <p class='ocr_par' dir='ltr' id='par_1_76' title="bbox 2085 1771 3784 1848">
     <span class='ocr_line' id='line_1_76' title="bbox 2085 1771 3784 1848; baseline -0.003 -20"><span class='ocrx_word' id='word_1_613' title='bbox 2085 1776 2405 1848; x_wconf 81' lang='grc' dir='ltr'>παράδοξον.</span> <span class='ocrx_word' id='word_1_614' title='bbox 2439 1777 2584 1834; x_wconf 77' lang='grc' dir='ltr'>Ἀπὰ</span> <span class='ocrx_word' id='word_1_615' title='bbox 2619 1777 2686 1831; x_wconf 82' lang='grc' dir='ltr'>δὲ</span> <span class='ocrx_word' id='word_1_616' title='bbox 2717 1776 2838 1832; x_wconf 89' lang='grc' dir='ltr'>τῶν</span> <span class='ocrx_word' id='word_1_617' title='bbox 2865 1775 3101 1847; x_wconf 76' lang='grc' dir='ltr'>ἡμερῶν</span> <span class='ocrx_word' id='word_1_618' title='bbox 3137 1774 3409 1830; x_wconf 85' lang='grc' dir='ltr'>Ἰωάννου</span> <span class='ocrx_word' id='word_1_619' title='bbox 3435 1771 3541 1827; x_wconf 83' lang='grc' dir='ltr'>τοῦ</span> <span class='ocrx_word' id='word_1_620' title='bbox 3565 1776 3784 1825; x_wconf 85' lang='grc' dir='ltr'>Βαπτι-</span> 
     </span>
    </p>
   </div>
   <div class='ocr_carea' id='block_1_77' title="bbox 2083 1859 3784 1936">
    <p class='ocr_par' dir='ltr' id='par_1_77' title="bbox 2083 1859 3784 1936">
     <span class='ocr_line' id='line_1_77' title="bbox 2083 1859 3784 1936; baseline -0.004 -17"><span class='ocrx_word' id='word_1_621' title='bbox 2083 1866 2257 1929; x_wconf 84' lang='grc' dir='ltr'>στοῦ,</span> <span class='ocrx_word' id='word_1_622' title='bbox 2307 1867 2510 1936; x_wconf 60' lang='grc' dir='ltr'>φησὶν,</span> <span class='ocrx_word' id='word_1_623' title='bbox 2543 1866 2655 1933; x_wconf 79' lang='grc' dir='ltr'>ἕως</span> <span class='ocrx_word' id='word_1_624' title='bbox 2697 1867 2850 1934; x_wconf 84' lang='grc' dir='ltr'>ἄρτι,</span> <span class='ocrx_word' id='word_1_625' title='bbox 2900 1867 2940 1935; x_wconf 75' lang='grc' dir='ltr'>ἡ</span> <span class='ocrx_word' id='word_1_626' title='bbox 2983 1865 3279 1931; x_wconf 80' lang='grc' dir='ltr'>βασιλεία</span> <span class='ocrx_word' id='word_1_627' title='bbox 3332 1862 3450 1916; x_wconf 88' lang='grc' dir='ltr'>τῶν</span> <span class='ocrx_word' id='word_1_628' title='bbox 3497 1859 3784 1929; x_wconf 83' lang='grc' dir='ltr'>οὐρανῶν</span> 
     </span>
    </p>
   </div>
   <div class='ocr_carea' id='block_1_78' title="bbox 2079 1948 3782 2024">
    <p class='ocr_par' dir='ltr' id='par_1_78' title="bbox 2079 1948 3782 2024">
     <span class='ocr_line' id='line_1_78' title="bbox 2079 1948 3782 2024; baseline -0.004 -18"><span class='ocrx_word' id='word_1_629' title='bbox 2079 1952 2363 2018; x_wconf 80' lang='grc' dir='ltr'>βιάζεται,</span> <span class='ocrx_word' id='word_1_630' title='bbox 2397 1954 2493 2007; x_wconf 78' lang='grc' dir='ltr'>καὶ</span> <span class='ocrx_word' id='word_1_631' title='bbox 2535 1955 2785 2020; x_wconf 77' lang='grc' dir='ltr'>βιασταὶ</span> <span class='ocrx_word' id='word_1_632' title='bbox 2836 1952 3205 2024; x_wconf 77' lang='grc' dir='ltr'>ἁρπάζουσιν</span> <span class='ocrx_word' id='word_1_633' title='bbox 3231 1951 3446 2020; x_wconf 82' lang='grc' dir='ltr'>αὑτήν.</span> <span class='ocrx_word' id='word_1_634' title='bbox 3479 1952 3585 2003; x_wconf 75' lang='grc' dir='ltr'>Καὶ</span> <span class='ocrx_word' id='word_1_635' title='bbox 3613 1948 3782 2002; x_wconf 89' lang='grc' dir='ltr'>ποίαν</span> 
     </span>
    </p>
   </div>
   <div class='ocr_carea' id='block_1_79' title="bbox 2083 2037 3780 2114">
    <p class='ocr_par' dir='ltr' id='par_1_79' title="bbox 2083 2037 3780 2114">
     <span class='ocr_line' id='line_1_79' title="bbox 2083 2037 3780 2114; baseline -0.002 -21"><span class='ocrx_word' id='word_1_636' title='bbox 2083 2041 2241 2095; x_wconf 92' lang='grc' dir='ltr'>τοῦτο</span> <span class='ocrx_word' id='word_1_637' title='bbox 2279 2041 2602 2096; x_wconf 88' lang='grc' dir='ltr'>ἀκολουθίαν</span> <span class='ocrx_word' id='word_1_638' title='bbox 2630 2041 2743 2112; x_wconf 80' lang='grc' dir='ltr'>ἔχοι</span> <span class='ocrx_word' id='word_1_639' title='bbox 2793 2042 2835 2074; x_wconf 76' lang='grc'>³³</span> <span class='ocrx_word' id='word_1_640' title='bbox 2862 2041 2998 2114; x_wconf 83' lang='grc' dir='ltr'>πρὸς</span> <span class='ocrx_word' id='word_1_641' title='bbox 3031 2041 3100 2094; x_wconf 94' lang='grc' dir='ltr'>τά</span> <span class='ocrx_word' id='word_1_642' title='bbox 3137 2039 3447 2112; x_wconf 77' lang='grc' dir='ltr'>ἔμπροσθεν</span> <span class='ocrx_word' id='word_1_643' title='bbox 3467 2037 3738 2109; x_wconf 78' lang='grc' dir='ltr'>εἰρημένα</span> <span class='ocrx_word' id='word_1_644' title='bbox 3764 2053 3780 2098; x_wconf 88' lang='lat'><strong>;</strong></span> 
     </span>
    </p>
   </div>
   <div class='ocr_carea' id='block_1_80' title="bbox 2086 2125 3787 2202">
    <p class='ocr_par' dir='ltr' id='par_1_80' title="bbox 2086 2125 3787 2202">
     <span class='ocr_line' id='line_1_80' title="bbox 2086 2125 3787 2202; baseline -0.004 -18"><span class='ocrx_word' id='word_1_645' title='bbox 2086 2130 2297 2198; x_wconf 81' lang='grc' dir='ltr'>Πολλὴν</span> <span class='ocrx_word' id='word_1_646' title='bbox 2331 2130 2430 2200; x_wconf 85' lang='grc' dir='ltr'>μὲν</span> <span class='ocrx_word' id='word_1_647' title='bbox 2453 2125 2546 2184; x_wconf 84' lang='grc' dir='ltr'>οῦν</span> <span class='ocrx_word' id='word_1_648' title='bbox 2578 2131 2673 2184; x_wconf 75' lang='grc' dir='ltr'>καὶ</span> <span class='ocrx_word' id='word_1_649' title='bbox 2714 2129 2921 2202; x_wconf 85' lang='grc' dir='ltr'>σφόδρα</span> <span class='ocrx_word' id='word_1_650' title='bbox 2963 2129 3315 2200; x_wconf 83' lang='grc' dir='ltr'>συνᾴδουσαν.</span> <span class='ocrx_word' id='word_1_651' title='bbox 3354 2126 3457 2180; x_wconf 84' lang='grc' dir='ltr'>Καὶ</span> <span class='ocrx_word' id='word_1_652' title='bbox 3487 2127 3596 2198; x_wconf 75' lang='grc' dir='ltr'>γάρ</span> <span class='ocrx_word' id='word_1_653' title='bbox 3643 2126 3787 2178; x_wconf 88' lang='grc' dir='ltr'>ώθεί</span> 
     </span>
    </p>
   </div>
   <div class='ocr_carea' id='block_1_81' title="bbox 2085 2213 3783 2285">
    <p class='ocr_par' dir='ltr' id='par_1_81' title="bbox 2085 2213 3783 2285">
     <span class='ocr_line' id='line_1_81' title="bbox 2085 2213 3783 2285; baseline -0.004 -15"><span class='ocrx_word' id='word_1_654' title='bbox 2085 2218 2179 2271; x_wconf 73' lang='grc' dir='ltr'>καὶ</span> <span class='ocrx_word' id='word_1_655' title='bbox 2208 2217 2421 2285; x_wconf 79' lang='grc' dir='ltr'>ἐπείγει</span> <span class='ocrx_word' id='word_1_656' title='bbox 2452 2217 2638 2271; x_wconf 83' lang='grc' dir='ltr'>λοιπὸν</span> <span class='ocrx_word' id='word_1_657' title='bbox 2683 2217 2881 2281; x_wconf 85' lang='grc' dir='ltr'>αὐτοὺς</span> <span class='ocrx_word' id='word_1_658' title='bbox 2927 2217 3024 2272; x_wconf 75' lang='grc' dir='ltr'>καὶ</span> <span class='ocrx_word' id='word_1_659' title='bbox 3068 2216 3319 2270; x_wconf 86' lang='grc' dir='ltr'>ἐντεῦθεν</span> <span class='ocrx_word' id='word_1_660' title='bbox 3350 2218 3427 2280; x_wconf 89' lang='grc' dir='ltr'>εἰς</span> <span class='ocrx_word' id='word_1_661' title='bbox 3461 2215 3558 2285; x_wconf 76' lang='grc' dir='ltr'>τὴν</span> <span class='ocrx_word' id='word_1_662' title='bbox 3589 2213 3783 2267; x_wconf 83' lang='grc' dir='ltr'>πίστιν</span> 
     </span>
    </p>
   </div>
   <div class='ocr_carea' id='block_1_82' title="bbox 2083 2302 3781 2377">
    <p class='ocr_par' dir='ltr' id='par_1_82' title="bbox 2083 2302 3781 2377">
     <span class='ocr_line' id='line_1_82' title="bbox 2083 2302 3781 2377; baseline -0.003 -19"><span class='ocrx_word' id='word_1_663' title='bbox 2083 2305 2181 2376; x_wconf 87' lang='grc' dir='ltr'>τὴν</span> <span class='ocrx_word' id='word_1_664' title='bbox 2209 2305 2404 2359; x_wconf 88' lang='grc' dir='ltr'>ἐαυτοῦ</span> <span class='ocrx_word' id='word_1_665' title='bbox 2424 2322 2439 2337; x_wconf 86' lang='grc'>⁶</span> <span class='ocrx_word' id='word_1_666' title='bbox 2473 2305 2590 2377; x_wconf 78' lang='grc' dir='ltr'>ἅμα</span> <span class='ocrx_word' id='word_1_667' title='bbox 2612 2305 2669 2358; x_wconf 85' lang='lat'>65</span> <span class='ocrx_word' id='word_1_668' title='bbox 2697 2305 2792 2359; x_wconf 70' lang='grc' dir='ltr'>καὶ</span> <span class='ocrx_word' id='word_1_669' title='bbox 2817 2307 2929 2369; x_wconf 90' lang='grc' dir='ltr'>τοῖς</span> <span class='ocrx_word' id='word_1_670' title='bbox 2954 2304 3262 2376; x_wconf 77' lang='grc' dir='ltr'>ἔμπροσθεν</span> <span class='ocrx_word' id='word_1_671' title='bbox 3287 2303 3595 2375; x_wconf 74' lang='grc' dir='ltr'>εἰρημένοις</span> <span class='ocrx_word' id='word_1_672' title='bbox 3621 2302 3781 2370; x_wconf 83' lang='grc' dir='ltr'>παρά</span> 
     </span>
    </p>
   </div>
   <div class='ocr_carea' id='block_1_83' title="bbox 2096 2391 3780 2466">
    <p class='ocr_par' dir='ltr' id='par_1_83' title="bbox 2096 2391 3780 2466">
     <span class='ocr_line' id='line_1_83' title="bbox 2096 2391 3780 2466; baseline -0.003 -20"><span class='ocrx_word' id='word_1_673' title='bbox 2096 2395 2340 2449; x_wconf 83' lang='grc' dir='ltr'>Ἰωάννου</span> <span class='ocrx_word' id='word_1_674' title='bbox 2381 2396 2691 2466; x_wconf 84' lang='grc' dir='ltr'>συνηγορεῖ.</span> <span class='ocrx_word' id='word_1_675' title='bbox 2733 2395 2794 2447; x_wconf 88' lang='grc' dir='ltr'>Εἰ</span> <span class='ocrx_word' id='word_1_676' title='bbox 2827 2392 2937 2465; x_wconf 92' lang='lat'>7&amp;9</span> <span class='ocrx_word' id='word_1_677' title='bbox 2977 2391 3400 2465; x_wconf 83' lang='grc' dir='ltr'>μέχριΊωάννου</span> <span class='ocrx_word' id='word_1_678' title='bbox 3458 2391 3634 2443; x_wconf 86' lang='grc' dir='ltr'>πάντα</span> <span class='ocrx_word' id='word_1_679' title='bbox 3674 2407 3780 2442; x_wconf 83' lang='grc' dir='ltr'>πε-</span> 
     </span>
    </p>
   </div>
   <div class='ocr_carea' id='block_1_84' title="bbox 2085 2467 3779 2553">
    <p class='ocr_par' dir='ltr' id='par_1_84' title="bbox 2085 2467 3779 2553">
     <span class='ocr_line' id='line_1_84' title="bbox 2085 2467 3779 2553; baseline -0.005 -17"><span class='ocrx_word' id='word_1_680' title='bbox 2085 2482 2388 2553; x_wconf 86' lang='grc' dir='ltr'>πλήρωται,</span> <span class='ocrx_word' id='word_1_681' title='bbox 2416 2481 2528 2550; x_wconf 85' lang='grc' dir='ltr'>ἐγώ</span> <span class='ocrx_word' id='word_1_682' title='bbox 2571 2483 2687 2552; x_wconf 77' lang='grc' dir='ltr'>εἰμι</span> <span class='ocrx_word' id='word_1_683' title='bbox 2735 2483 2764 2535; x_wconf 91' lang='grc' dir='ltr'>ό</span> <span class='ocrx_word' id='word_1_684' title='bbox 2811 2482 3124 2553; x_wconf 87' lang='grc' dir='ltr'>ἐρχόμενος.</span> <span class='ocrx_word' id='word_1_685' title='bbox 3160 2467 3389 2545; x_wconf 68' lang='grc' dir='ltr'>Πάντες</span> <span class='ocrx_word' id='word_1_686' title='bbox 3417 2479 3548 2549; x_wconf 82' lang='grc' dir='ltr'>γάρ,</span> <span class='ocrx_word' id='word_1_687' title='bbox 3582 2478 3779 2549; x_wconf 78' lang='grc' dir='ltr'>φησὶν,</span> 
     </span>
    </p>
   </div>
   <div class='ocr_carea' id='block_1_85' title="bbox 2085 2565 3781 2639">
    <p class='ocr_par' dir='ltr' id='par_1_85' title="bbox 2085 2565 3781 2639">
     <span class='ocr_line' id='line_1_85' title="bbox 2085 2565 3781 2639; baseline -0.004 -15"><span class='ocrx_word' id='word_1_688' title='bbox 2085 2573 2137 2624; x_wconf 87' lang='grc' dir='ltr'>οί</span> <span class='ocrx_word' id='word_1_689' title='bbox 2165 2569 2465 2639; x_wconf 68' lang='grc' dir='ltr'>προφῆται</span> <span class='ocrx_word' id='word_1_690' title='bbox 2509 2569 2607 2623; x_wconf 79' lang='grc' dir='ltr'>καὶ</span> <span class='ocrx_word' id='word_1_691' title='bbox 2637 2573 2668 2624; x_wconf 87' lang='grc' dir='ltr'><em>ὀ</em></span> <span class='ocrx_word' id='word_1_692' title='bbox 2705 2569 2891 2638; x_wconf 82' lang='grc' dir='ltr'>νόμος</span> <span class='ocrx_word' id='word_1_693' title='bbox 2919 2569 3031 2634; x_wconf 82' lang='grc' dir='ltr'>ἕως</span> <span class='ocrx_word' id='word_1_694' title='bbox 3084 2568 3357 2622; x_wconf 77' lang='grc' dir='ltr'>Ἰωάννου</span> <span class='ocrx_word' id='word_1_695' title='bbox 3396 2565 3781 2636; x_wconf 61' lang='grc' dir='ltr'>προεφήτευ-</span> 
     </span>
    </p>
   </div>
   <div class='ocr_carea' id='block_1_86' title="bbox 2090 2649 3778 2728">
    <p class='ocr_par' dir='ltr' id='par_1_86' title="bbox 2090 2649 3778 2728">
     <span class='ocr_line' id='line_1_86' title="bbox 2090 2649 3778 2728; baseline -0.002 -17"><span class='ocrx_word' id='word_1_696' title='bbox 2090 2673 2232 2713; x_wconf 79' lang='grc' dir='ltr'>σαν.</span> <span class='ocrx_word' id='word_1_697' title='bbox 2259 2659 2333 2711; x_wconf 90' lang='grc' dir='ltr'>Οὐ</span> <span class='ocrx_word' id='word_1_698' title='bbox 2364 2659 2472 2728; x_wconf 87' lang='lat'>7&amp;9</span> <span class='ocrx_word' id='word_1_699' title='bbox 2500 2659 2565 2712; x_wconf 87' lang='grc' dir='ltr'>ἂν</span> <span class='ocrx_word' id='word_1_700' title='bbox 2595 2658 2830 2728; x_wconf 72' lang='grc' dir='ltr'>ἔστησαν</span> <span class='ocrx_word' id='word_1_701' title='bbox 2857 2658 2907 2712; x_wconf 91' lang='grc' dir='ltr'>οἰ</span> <span class='ocrx_word' id='word_1_702' title='bbox 2937 2657 3234 2728; x_wconf 78' lang='grc' dir='ltr'>προφῆται,</span> <span class='ocrx_word' id='word_1_703' title='bbox 3264 2657 3311 2709; x_wconf 86' lang='grc' dir='ltr'>εἰ</span> <span class='ocrx_word' id='word_1_704' title='bbox 3339 2657 3413 2728; x_wconf 84' lang='grc' dir='ltr'>μὴ</span> <span class='ocrx_word' id='word_1_705' title='bbox 3439 2649 3601 2727; x_wconf 81' lang='grc' dir='ltr'>ἦλθον</span> <span class='ocrx_word' id='word_1_706' title='bbox 3637 2653 3778 2721; x_wconf 82' lang='grc' dir='ltr'>ἐγώ.</span> 
     </span>
    </p>
   </div>
   <div class='ocr_carea' id='block_1_87' title="bbox 2083 2743 3781 2818">
    <p class='ocr_par' dir='ltr' id='par_1_87' title="bbox 2083 2743 3781 2818">
     <span class='ocr_line' id='line_1_87' title="bbox 2083 2743 3781 2818; baseline -0.003 -18"><span class='ocrx_word' id='word_1_707' title='bbox 2083 2747 2269 2818; x_wconf 86' lang='grc' dir='ltr'>Μηδὲν</span> <span class='ocrx_word' id='word_1_708' title='bbox 2313 2747 2491 2799; x_wconf 85' lang='grc' dir='ltr'>τοίνυν</span> <span class='ocrx_word' id='word_1_709' title='bbox 2535 2745 2869 2816; x_wconf 80' lang='grc' dir='ltr'>προσδοκᾶτε</span> <span class='ocrx_word' id='word_1_710' title='bbox 2906 2745 3235 2816; x_wconf 86' lang='grc' dir='ltr'>περαιτέρω,</span> <span class='ocrx_word' id='word_1_711' title='bbox 3272 2744 3406 2816; x_wconf 84' lang='grc' dir='ltr'>μηδὲ</span> <span class='ocrx_word' id='word_1_712' title='bbox 3434 2743 3621 2815; x_wconf 71' lang='grc' dir='ltr'>ἕτερόν</span> <span class='ocrx_word' id='word_1_713' title='bbox 3648 2754 3781 2795; x_wconf 83' lang='grc' dir='ltr'>τινα</span> 
     </span>
    </p>
   </div>
   <div class='ocr_carea' id='block_1_88' title="bbox 2087 2825 3781 2902">
    <p class='ocr_par' dir='ltr' id='par_1_88' title="bbox 2087 2825 3781 2902">
     <span class='ocr_line' id='line_1_88' title="bbox 2087 2825 3781 2902; baseline -0.004 -18"><span class='ocrx_word' id='word_1_714' title='bbox 2087 2831 2299 2902; x_wconf 88' lang='grc' dir='ltr'>μένετε.</span> <span class='ocrx_word' id='word_1_715' title='bbox 2335 2830 2457 2884; x_wconf 87' lang='grc' dir='ltr'>Ὅτι</span> <span class='ocrx_word' id='word_1_716' title='bbox 2489 2831 2598 2900; x_wconf 87' lang='grc' dir='ltr'>γὰρ</span> <span class='ocrx_word' id='word_1_717' title='bbox 2628 2828 2740 2898; x_wconf 89' lang='grc' dir='ltr'>ἐγώ</span> <span class='ocrx_word' id='word_1_718' title='bbox 2767 2835 2904 2900; x_wconf 85' lang='grc' dir='ltr'>εἰμι,</span> <span class='ocrx_word' id='word_1_719' title='bbox 2943 2828 3102 2901; x_wconf 83' lang='grc' dir='ltr'>δῆλον</span> <span class='ocrx_word' id='word_1_720' title='bbox 3131 2829 3225 2882; x_wconf 77' lang='grc' dir='ltr'>καὶ</span> <span class='ocrx_word' id='word_1_721' title='bbox 3257 2828 3322 2880; x_wconf 90' lang='grc' dir='ltr'>ἐκ</span> <span class='ocrx_word' id='word_1_722' title='bbox 3363 2825 3457 2880; x_wconf 89' lang='grc' dir='ltr'>τοῦ</span> <span class='ocrx_word' id='word_1_723' title='bbox 3479 2828 3605 2889; x_wconf 82' lang='grc' dir='ltr'>τοὺς</span> <span class='ocrx_word' id='word_1_724' title='bbox 3636 2843 3781 2898; x_wconf 88' lang='grc' dir='ltr'>προ-</span> 
     </span>
    </p>
   </div>
   <div class='ocr_carea' id='block_1_89' title="bbox 2083 2915 3781 2992">
    <p class='ocr_par' dir='ltr' id='par_1_89' title="bbox 2083 2915 3781 2992">
     <span class='ocr_line' id='line_1_89' title="bbox 2083 2915 3781 2992; baseline -0.004 -17"><span class='ocrx_word' id='word_1_725' title='bbox 2083 2921 2259 2992; x_wconf 78' lang='grc' dir='ltr'>φήτας</span> <span class='ocrx_word' id='word_1_726' title='bbox 2301 2921 2513 2991; x_wconf 82' lang='grc' dir='ltr'>στῆναι,</span> <span class='ocrx_word' id='word_1_727' title='bbox 2549 2919 2644 2973; x_wconf 79' lang='grc' dir='ltr'>καὶ</span> <span class='ocrx_word' id='word_1_728' title='bbox 2696 2919 2763 2972; x_wconf 87' lang='grc' dir='ltr'>ἐκ</span> <span class='ocrx_word' id='word_1_729' title='bbox 2815 2918 2923 2972; x_wconf 89' lang='grc' dir='ltr'>τῶν</span> <span class='ocrx_word' id='word_1_730' title='bbox 2973 2918 3094 2971; x_wconf 89' lang='grc' dir='ltr'>καθ’</span> <span class='ocrx_word' id='word_1_731' title='bbox 3118 2918 3356 2988; x_wconf 76' lang='grc' dir='ltr'>ἑκάστην</span> <span class='ocrx_word' id='word_1_732' title='bbox 3415 2915 3781 2988; x_wconf 77' lang='grc' dir='ltr'>ἁρπαζόντων</span> 
     </span>
    </p>
   </div>
   <div class='ocr_carea' id='block_1_90' title="bbox 2079 3003 3781 3080">
    <p class='ocr_par' dir='ltr' id='par_1_90' title="bbox 2079 3003 3781 3080">
     <span class='ocr_line' id='line_1_90' title="bbox 2079 3003 3781 3080; baseline -0.004 -17"><span class='ocrx_word' id='word_1_733' title='bbox 2079 3009 2292 3080; x_wconf 79' lang='grc' dir='ltr'>ἡμέραν</span> <span class='ocrx_word' id='word_1_734' title='bbox 2311 3007 2354 3040; x_wconf 67' lang='grc' dir='ltr'>⁸ο</span> <span class='ocrx_word' id='word_1_735' title='bbox 2389 3006 2486 3078; x_wconf 82' lang='grc' dir='ltr'>τὴν</span> <span class='ocrx_word' id='word_1_736' title='bbox 2519 3007 2704 3059; x_wconf 86' lang='grc' dir='ltr'>πίστιν</span> <span class='ocrx_word' id='word_1_737' title='bbox 2731 3004 2829 3077; x_wconf 76' lang='grc' dir='ltr'>τὴν</span> <span class='ocrx_word' id='word_1_738' title='bbox 2858 3007 2938 3069; x_wconf 89' lang='grc' dir='ltr'>εἰς</span> <span class='ocrx_word' id='word_1_739' title='bbox 2985 3005 3108 3076; x_wconf 85' lang='grc' dir='ltr'>ἐμέ.</span> <span class='ocrx_word' id='word_1_740' title='bbox 3143 3003 3302 3058; x_wconf 86' lang='grc' dir='ltr'>Οὑτω</span> <span class='ocrx_word' id='word_1_741' title='bbox 3343 3003 3454 3076; x_wconf 84' lang='lat'>7&amp;9</span> <span class='ocrx_word' id='word_1_742' title='bbox 3481 3003 3615 3074; x_wconf 83' lang='grc' dir='ltr'>δήλη</span> <span class='ocrx_word' id='word_1_743' title='bbox 3654 3003 3781 3057; x_wconf 77' lang='grc' dir='ltr'>ἐστὶ</span> 
     </span>
    </p>
   </div>
   <div class='ocr_carea' id='block_1_91' title="bbox 2079 3091 3780 3168">
    <p class='ocr_par' dir='ltr' id='par_1_91' title="bbox 2079 3091 3780 3168">
     <span class='ocr_line' id='line_1_91' title="bbox 2079 3091 3780 3168; baseline -0.004 -18"><span class='ocrx_word' id='word_1_744' title='bbox 2079 3097 2173 3150; x_wconf 73' lang='grc' dir='ltr'>καὶ</span> <span class='ocrx_word' id='word_1_745' title='bbox 2219 3096 2419 3168; x_wconf 80' lang='grc' dir='ltr'>σαφὴς,</span> <span class='ocrx_word' id='word_1_746' title='bbox 2461 3094 2536 3158; x_wconf 86' lang='grc' dir='ltr'>ὡς</span> <span class='ocrx_word' id='word_1_747' title='bbox 2574 3093 2670 3147; x_wconf 75' lang='grc' dir='ltr'>καὶ</span> <span class='ocrx_word' id='word_1_748' title='bbox 2719 3092 2946 3157; x_wconf 84' lang='grc' dir='ltr'>πολλοὺς</span> <span class='ocrx_word' id='word_1_749' title='bbox 2991 3092 3260 3165; x_wconf 77' lang='grc' dir='ltr'>ἁρπάζειν</span> <span class='ocrx_word' id='word_1_750' title='bbox 3291 3091 3482 3163; x_wconf 77' lang='grc' dir='ltr'>αὑτήν.</span> <span class='ocrx_word' id='word_1_751' title='bbox 3532 3093 3645 3146; x_wconf 78' lang='grc' dir='ltr'>Καὶ</span> <span class='ocrx_word' id='word_1_752' title='bbox 3685 3092 3780 3155; x_wconf 86' lang='grc' dir='ltr'>τίς</span> 
     </span>
    </p>
   </div>
   <div class='ocr_carea' id='block_1_92' title="bbox 2077 3180 3781 3256">
    <p class='ocr_par' dir='ltr' id='par_1_92' title="bbox 2077 3180 3781 3256">
     <span class='ocr_line' id='line_1_92' title="bbox 2077 3180 3781 3256; baseline -0.001 -19"><span class='ocrx_word' id='word_1_753' title='bbox 2077 3185 2361 3256; x_wconf 73' lang='grc' dir='ltr'>ἥρπασεν;</span> <span class='ocrx_word' id='word_1_754' title='bbox 2399 3181 2522 3236; x_wconf 89' lang='grc' dir='ltr'>εἰπέ</span> <span class='ocrx_word' id='word_1_755' title='bbox 2553 3199 2663 3253; x_wconf 85' lang='grc' dir='ltr'>μοι.</span> <span class='ocrx_word' id='word_1_756' title='bbox 2700 3181 2910 3242; x_wconf 89' lang='grc' dir='ltr'>Πάντες</span> <span class='ocrx_word' id='word_1_757' title='bbox 2949 3183 2997 3234; x_wconf 89' lang='grc' dir='ltr'>οί</span> <span class='ocrx_word' id='word_1_758' title='bbox 3051 3181 3188 3253; x_wconf 87' lang='grc' dir='ltr'>μετά</span> <span class='ocrx_word' id='word_1_759' title='bbox 3233 3180 3467 3252; x_wconf 85' lang='grc' dir='ltr'>σπουδῆς</span> <span class='ocrx_word' id='word_1_760' title='bbox 3514 3180 3781 3252; x_wconf 80' lang='grc' dir='ltr'>προσιόν·-</span> 
     </span>
    </p>
   </div>
   <div class='ocr_carea' id='block_1_93' title="bbox 2078 3268 3781 3340">
    <p class='ocr_par' dir='ltr' id='par_1_93' title="bbox 2078 3268 3781 3340">
     <span class='ocr_line' id='line_1_93' title="bbox 2078 3268 3781 3340; baseline -0.002 -15"><span class='ocrx_word' id='word_1_761' title='bbox 2078 3289 2190 3335; x_wconf 90' lang='grc' dir='ltr'>τες.</span> <span class='ocrx_word' id='word_1_762' title='bbox 2223 3269 2357 3325; x_wconf 88' lang='grc' dir='ltr'>Εῐτα</span> <span class='ocrx_word' id='word_1_763' title='bbox 2396 3271 2490 3325; x_wconf 80' lang='grc' dir='ltr'>καὶ</span> <span class='ocrx_word' id='word_1_764' title='bbox 2543 3270 2732 3340; x_wconf 72' lang='grc' dir='ltr'>ἕτερον</span> <span class='ocrx_word' id='word_1_765' title='bbox 2773 3270 3072 3340; x_wconf 87' lang='grc' dir='ltr'>τεκμήριον</span> <span class='ocrx_word' id='word_1_766' title='bbox 3109 3268 3291 3339; x_wconf 88' lang='grc' dir='ltr'>τίθησι</span> <span class='ocrx_word' id='word_1_767' title='bbox 3337 3268 3543 3336; x_wconf 88' lang='grc' dir='ltr'>λέγων·</span> <span class='ocrx_word' id='word_1_768' title='bbox 3571 3270 3640 3322; x_wconf 78' lang='lat' dir='ltr'>El</span> <span class='ocrx_word' id='word_1_769' title='bbox 3677 3270 3781 3324; x_wconf 87' lang='grc' dir='ltr'>θέ-</span> 
     </span>
    </p>
   </div>
   <div class='ocr_carea' id='block_1_94' title="bbox 2077 3355 3782 3427">
    <p class='ocr_par' dir='ltr' id='par_1_94' title="bbox 2077 3355 3782 3427">
     <span class='ocr_line' id='line_1_94' title="bbox 2077 3355 3782 3427; baseline -0.003 -13"><span class='ocrx_word' id='word_1_770' title='bbox 2077 3362 2214 3414; x_wconf 78' lang='grc' dir='ltr'>λετε</span> <span class='ocrx_word' id='word_1_771' title='bbox 2245 3358 2554 3423; x_wconf 80' lang='grc' dir='ltr'>δέξασθαι,</span> <span class='ocrx_word' id='word_1_772' title='bbox 2582 3358 2766 3423; x_wconf 83' lang='grc' dir='ltr'>αὐτός</span> <span class='ocrx_word' id='word_1_773' title='bbox 2807 3357 2980 3410; x_wconf 82' lang='grc' dir='ltr'>ἐστιν</span> <span class='ocrx_word' id='word_1_774' title='bbox 3025 3357 3244 3424; x_wconf 85' lang='grc' dir='ltr'>Ἠλίας,</span> <span class='ocrx_word' id='word_1_775' title='bbox 3281 3360 3315 3411; x_wconf 85' lang='grc' dir='ltr'><em>ὀ</em></span> <span class='ocrx_word' id='word_1_776' title='bbox 3331 3356 3576 3427; x_wconf 81' lang='grc' dir='ltr'>μέλλων</span> <span class='ocrx_word' id='word_1_777' title='bbox 3603 3355 3782 3426; x_wconf 81' lang='grc' dir='ltr'>ἔρχε-</span> 
     </span>
    </p>
   </div>
   <div class='ocr_carea' id='block_1_95' title="bbox 2077 3443 3783 3516">
    <p class='ocr_par' dir='ltr' id='par_1_95' title="bbox 2077 3443 3783 3516">
     <span class='ocr_line' id='line_1_95' title="bbox 2077 3443 3783 3516; baseline -0.001 -16"><span class='ocrx_word' id='word_1_778' title='bbox 2077 3449 2236 3501; x_wconf 89' lang='grc' dir='ltr'>σθαι.</span> <span class='ocrx_word' id='word_1_779' title='bbox 2282 3443 2625 3499; x_wconf 79' lang='grc' dir='ltr'>Ἀποστελῶ</span> <span class='ocrx_word' id='word_1_780' title='bbox 2671 3444 2802 3515; x_wconf 83' lang='grc' dir='ltr'>γάρ,</span> <span class='ocrx_word' id='word_1_781' title='bbox 2849 3445 3032 3516; x_wconf 73' lang='grc' dir='ltr'>φησὶν,</span> <span class='ocrx_word' id='word_1_782' title='bbox 3075 3445 3220 3514; x_wconf 80' lang='grc' dir='ltr'>ὑμῖν</span> <span class='ocrx_word' id='word_1_783' title='bbox 3252 3447 3456 3501; x_wconf 85' lang='grc' dir='ltr'>Ἠλίαν</span> <span class='ocrx_word' id='word_1_784' title='bbox 3511 3443 3621 3497; x_wconf 81' lang='grc' dir='ltr'>τὸν</span> <span class='ocrx_word' id='word_1_785' title='bbox 3669 3447 3783 3499; x_wconf 81' lang='grc' dir='ltr'>Θε-</span> 
     </span>
    </p>
   </div>
   <div class='ocr_carea' id='block_1_96' title="bbox 2078 3532 3777 3603">
    <p class='ocr_par' dir='ltr' id='par_1_96' title="bbox 2078 3532 3777 3603">
     <span class='ocr_line' id='line_1_96' title="bbox 2078 3532 3777 3603; baseline 0.001 -14"><span class='ocrx_word' id='word_1_786' title='bbox 2078 3535 2316 3602; x_wconf 80' lang='grc' dir='ltr'>σϐίτην,</span> <span class='ocrx_word' id='word_1_787' title='bbox 2359 3533 2430 3599; x_wconf 81' lang='grc' dir='ltr'>ὃς</span> <span class='ocrx_word' id='word_1_788' title='bbox 2472 3533 2823 3603; x_wconf 76' lang='grc' dir='ltr'>ἐπιστρέψει</span> <span class='ocrx_word' id='word_1_789' title='bbox 2875 3532 3128 3602; x_wconf 80' lang='grc' dir='ltr'>καρδίαν</span> <span class='ocrx_word' id='word_1_790' title='bbox 3165 3533 3388 3602; x_wconf 82' lang='grc' dir='ltr'>πατρὸς</span> <span class='ocrx_word' id='word_1_791' title='bbox 3429 3534 3529 3587; x_wconf 78' lang='grc' dir='ltr'>ἐπὶ</span> <span class='ocrx_word' id='word_1_792' title='bbox 3565 3533 3777 3590; x_wconf 81' lang='grc' dir='ltr'>τέκνα.</span> 
     </span>
    </p>
   </div>
   <div class='ocr_carea' id='block_1_97' title="bbox 2080 3615 3780 3693">
    <p class='ocr_par' dir='ltr' id='par_1_97' title="bbox 2080 3615 3780 3693">
     <span class='ocr_line' id='line_1_97' title="bbox 2080 3615 3780 3693; baseline -0.001 -18"><span class='ocrx_word' id='word_1_793' title='bbox 2080 3615 2248 3684; x_wconf 77' lang='grc' dir='ltr'>Οὗτος</span> <span class='ocrx_word' id='word_1_794' title='bbox 2303 3615 2397 3675; x_wconf 82' lang='grc' dir='ltr'>οῦν</span> <span class='ocrx_word' id='word_1_795' title='bbox 2457 3621 2607 3674; x_wconf 87' lang='grc' dir='ltr'>ἐστιν</span> <span class='ocrx_word' id='word_1_796' title='bbox 2645 3620 2850 3684; x_wconf 85' lang='grc' dir='ltr'>Ἠλίας,</span> <span class='ocrx_word' id='word_1_797' title='bbox 2885 3621 2981 3675; x_wconf 84' lang='grc' dir='ltr'>ἐὰν</span> <span class='ocrx_word' id='word_1_798' title='bbox 3036 3621 3341 3692; x_wconf 87' lang='grc' dir='ltr'>προσέχητε</span> <span class='ocrx_word' id='word_1_799' title='bbox 3424 3620 3563 3691; x_wconf 86' lang='grc' dir='ltr'>μετά</span> <span class='ocrx_word' id='word_1_800' title='bbox 3607 3622 3780 3693; x_wconf 83' lang='grc' dir='ltr'>ἀκρι-</span> 
     </span>
    </p>
   </div>
   <div class='ocr_carea' id='block_1_98' title="bbox 2079 3707 3781 3780">
    <p class='ocr_par' dir='ltr' id='par_1_98' title="bbox 2079 3707 3781 3780">
     <span class='ocr_line' id='line_1_98' title="bbox 2079 3707 3781 3780; baseline 0 -18"><span class='ocrx_word' id='word_1_801' title='bbox 2079 3709 2251 3776; x_wconf 79' lang='grc' dir='ltr'>ϐείας,</span> <span class='ocrx_word' id='word_1_802' title='bbox 2285 3710 2438 3780; x_wconf 85' lang='grc' dir='ltr'>φησί.</span> <span class='ocrx_word' id='word_1_803' title='bbox 2471 3709 2582 3762; x_wconf 78' lang='grc' dir='ltr'>Καὶ</span> <span class='ocrx_word' id='word_1_804' title='bbox 2605 3709 2736 3780; x_wconf 79' lang='grc' dir='ltr'>γὰρ,</span> <span class='ocrx_word' id='word_1_805' title='bbox 2778 3707 3134 3773; x_wconf 80' lang='grc' dir='ltr'>Ἀποστελῶ,</span> <span class='ocrx_word' id='word_1_806' title='bbox 3169 3709 3324 3779; x_wconf 77' lang='grc' dir='ltr'>φησὶ,</span> <span class='ocrx_word' id='word_1_807' title='bbox 3359 3708 3470 3763; x_wconf 85' lang='grc' dir='ltr'>τὸν</span> <span class='ocrx_word' id='word_1_808' title='bbox 3509 3708 3781 3779; x_wconf 78' lang='grc' dir='ltr'>ἄγγελόν</span> 
     </span>
    </p>
   </div>
   <div class='ocr_carea' id='block_1_99' title="bbox 2073 3785 3783 3862">
    <p class='ocr_par' dir='ltr' id='par_1_99' title="bbox 2073 3785 3783 3862">
     <span class='ocr_line' id='line_1_99' title="bbox 2073 3785 3783 3862; baseline 0 -17"><span class='ocrx_word' id='word_1_809' title='bbox 2073 3810 2193 3862; x_wconf 84' lang='grc' dir='ltr'>μου</span> <span class='ocrx_word' id='word_1_810' title='bbox 2221 3792 2336 3860; x_wconf 85' lang='grc' dir='ltr'>πρὸ</span> <span class='ocrx_word' id='word_1_811' title='bbox 2369 3791 2695 3860; x_wconf 85' lang='grc' dir='ltr'>προσώπου</span> <span class='ocrx_word' id='word_1_812' title='bbox 2724 3805 2862 3846; x_wconf 89' lang='grc' dir='ltr'>σου.</span> <span class='ocrx_word' id='word_1_813' title='bbox 2895 3792 3006 3846; x_wconf 81' lang='grc' dir='ltr'>Καὶ</span> <span class='ocrx_word' id='word_1_814' title='bbox 3037 3791 3221 3854; x_wconf 88' lang='grc' dir='ltr'>καλῶς</span> <span class='ocrx_word' id='word_1_815' title='bbox 3250 3785 3424 3855; x_wconf 75' lang='grc' dir='ltr'>εἶπεν,</span> <span class='ocrx_word' id='word_1_816' title='bbox 3451 3793 3521 3845; x_wconf 80' lang='lat' dir='ltr'>El</span> <span class='ocrx_word' id='word_1_817' title='bbox 3567 3793 3783 3847; x_wconf 82' lang='grc' dir='ltr'>θέλετε</span> 
     </span>
    </p>
   </div>
   <div class='ocr_carea' id='block_1_100' title="bbox 2079 3873 3776 3946">
    <p class='ocr_par' dir='ltr' id='par_1_100' title="bbox 2079 3873 3776 3946">
     <span class='ocr_line' id='line_1_100' title="bbox 2079 3873 3776 3946; baseline 0.001 -19"><span class='ocrx_word' id='word_1_818' title='bbox 2079 3875 2391 3939; x_wconf 78' lang='grc' dir='ltr'>δέξασθαι,</span> <span class='ocrx_word' id='word_1_819' title='bbox 2410 3873 2472 3926; x_wconf 87' lang='grc' dir='ltr'><strong>τὸ</strong></span> <span class='ocrx_word' id='word_1_820' title='bbox 2494 3874 2750 3928; x_wconf 79' lang='grc' dir='ltr'>ἀϐίαστον</span> <span class='ocrx_word' id='word_1_821' title='bbox 2778 3873 3011 3938; x_wconf 88' lang='grc' dir='ltr'>δεικνύς.</span> <span class='ocrx_word' id='word_1_822' title='bbox 3036 3875 3111 3928; x_wconf 87' lang='grc' dir='ltr'>Οὐ</span> <span class='ocrx_word' id='word_1_823' title='bbox 3135 3875 3244 3946; x_wconf 88' lang='lat'>7&amp;9</span> <span class='ocrx_word' id='word_1_824' title='bbox 3264 3875 3580 3944; x_wconf 83' lang='grc' dir='ltr'>ἀναγκάζω,</span> <span class='ocrx_word' id='word_1_825' title='bbox 3611 3876 3776 3946; x_wconf 76' lang='grc' dir='ltr'>φησί.</span> 
     </span>
    </p>
   </div>
   <div class='ocr_carea' id='block_1_101' title="bbox 2081 3955 3780 4032">
    <p class='ocr_par' dir='ltr' id='par_1_101' title="bbox 2081 3955 3780 4032">
     <span class='ocr_line' id='line_1_101' title="bbox 2081 3955 3780 4032; baseline 0.001 -21"><span class='ocrx_word' id='word_1_826' title='bbox 2081 3957 2252 4011; x_wconf 88' lang='grc' dir='ltr'>Τοῦτο</span> <span class='ocrx_word' id='word_1_827' title='bbox 2289 3957 2346 4010; x_wconf 84' lang='grc' dir='ltr'>δὲ</span> <span class='ocrx_word' id='word_1_828' title='bbox 2387 3956 2593 4026; x_wconf 77' lang='grc' dir='ltr'>ἔλεγεν,</span> <span class='ocrx_word' id='word_1_829' title='bbox 2623 3955 2942 4028; x_wconf 88' lang='grc' dir='ltr'>εὐγνώμονα</span> <span class='ocrx_word' id='word_1_830' title='bbox 2993 3957 3238 4012; x_wconf 86' lang='grc' dir='ltr'>ἀπαιτῶν</span> <span class='ocrx_word' id='word_1_831' title='bbox 3281 3958 3643 4024; x_wconf 81' lang='grc' dir='ltr'>διάνοιαν,καὶ</span> <span class='ocrx_word' id='word_1_832' title='bbox 3677 3961 3780 4032; x_wconf 78' lang='grc' dir='ltr'>δη-</span> 
     </span>
    </p>
   </div>
   <div class='ocr_carea' id='block_1_102' title="bbox 2080 4033 3779 4117">
    <p class='ocr_par' dir='ltr' id='par_1_102' title="bbox 2080 4033 3779 4117">
     <span class='ocr_line' id='line_1_102' title="bbox 2080 4033 3779 4117; baseline 0.004 -24"><span class='ocrx_word' id='word_1_833' title='bbox 2080 4042 2187 4094; x_wconf 88' lang='grc' dir='ltr'>λῶν</span> <span class='ocrx_word' id='word_1_834' title='bbox 2219 4041 2301 4094; x_wconf 85' lang='grc' dir='ltr'>ὅτι</span> <span class='ocrx_word' id='word_1_835' title='bbox 2331 4033 2486 4104; x_wconf 71' lang='grc' dir='ltr'>οὗτος</span> <span class='ocrx_word' id='word_1_836' title='bbox 2518 4040 2724 4104; x_wconf 85' lang='grc' dir='ltr'>ἐκεῖνός</span> <span class='ocrx_word' id='word_1_837' title='bbox 2763 4043 2900 4106; x_wconf 87' lang='grc' dir='ltr'>ἐστι,</span> <span class='ocrx_word' id='word_1_838' title='bbox 2937 4041 3188 4114; x_wconf 84' lang='grc' dir='ltr'>κάκεῖνος</span> <span class='ocrx_word' id='word_1_839' title='bbox 3217 4036 3394 4106; x_wconf 76' lang='grc' dir='ltr'>οὗτος.</span> <span class='ocrx_word' id='word_1_840' title='bbox 3440 4043 3779 4117; x_wconf 81' lang='grc' dir='ltr'>Ἀμφότεροι</span> 
     </span>
    </p>
   </div>
   <div class='ocr_carea' id='block_1_103' title="bbox 2082 4123 3778 4200">
    <p class='ocr_par' dir='ltr' id='par_1_103' title="bbox 2082 4123 3778 4200">
     <span class='ocr_line' id='line_1_103' title="bbox 2082 4123 3778 4200; baseline 0.003 -23"><span class='ocrx_word' id='word_1_841' title='bbox 2082 4125 2191 4195; x_wconf 82' lang='lat'>7&amp;9</span> <span class='ocrx_word' id='word_1_842' title='bbox 2233 4123 2360 4194; x_wconf 91' lang='grc' dir='ltr'>μίαν</span> <span class='ocrx_word' id='word_1_843' title='bbox 2409 4123 2559 4194; x_wconf 77' lang='grc'>[418]</span> <span class='ocrx_word' id='word_1_844' title='bbox 2613 4123 2888 4178; x_wconf 85' lang='grc' dir='ltr'>διακονίαν</span> <span class='ocrx_word' id='word_1_845' title='bbox 2933 4124 3284 4191; x_wconf 81' lang='grc' dir='ltr'>ἀνεδέξαντο,</span> <span class='ocrx_word' id='word_1_846' title='bbox 3320 4127 3414 4180; x_wconf 71' lang='grc' dir='ltr'>καὶ</span> <span class='ocrx_word' id='word_1_847' title='bbox 3469 4127 3778 4200; x_wconf 85' lang='grc' dir='ltr'>πρόδρομοι</span> 
     </span>
    </p>
   </div>
   <div class='ocr_carea' id='block_1_104' title="bbox 2084 4205 3778 4278">
    <p class='ocr_par' dir='ltr' id='par_1_104' title="bbox 2084 4205 3778 4278">
     <span class='ocr_line' id='line_1_104' title="bbox 2084 4205 3778 4278; baseline 0.003 -20"><span class='ocrx_word' id='word_1_848' title='bbox 2084 4206 2372 4276; x_wconf 90' lang='grc' dir='ltr'>γεγόνασιν</span> <span class='ocrx_word' id='word_1_849' title='bbox 2421 4205 2738 4276; x_wconf 87' lang='grc' dir='ltr'>ἀμφότεροι.</span> <span class='ocrx_word' id='word_1_850' title='bbox 2774 4207 2973 4278; x_wconf 88' lang='grc' dir='ltr'>Διόπερ</span> <span class='ocrx_word' id='word_1_851' title='bbox 3017 4207 3138 4260; x_wconf 81' lang='grc' dir='ltr'>οὐδὲ</span> <span class='ocrx_word' id='word_1_852' title='bbox 3177 4208 3365 4273; x_wconf 89' lang='grc' dir='ltr'>ἁπλῶς</span> <span class='ocrx_word' id='word_1_853' title='bbox 3395 4205 3571 4274; x_wconf 78' lang='grc' dir='ltr'>εἶπεν,</span> <span class='ocrx_word' id='word_1_854' title='bbox 3597 4207 3778 4276; x_wconf 76' lang='grc' dir='ltr'>Οὗτός</span> 
     </span>
    </p>
   </div>
   <div class='ocr_carea' id='block_1_105' title="bbox 2089 4287 3776 4360">
    <p class='ocr_par' dir='ltr' id='par_1_105' title="bbox 2089 4287 3776 4360">
     <span class='ocr_line' id='line_1_105' title="bbox 2089 4287 3776 4360; baseline 0.004 -18"><span class='ocrx_word' id='word_1_855' title='bbox 2089 4290 2233 4342; x_wconf 90' lang='grc' dir='ltr'>ἐστιν</span> <span class='ocrx_word' id='word_1_856' title='bbox 2280 4287 2484 4350; x_wconf 87' lang='grc' dir='ltr'>Ἠλίας,</span> <span class='ocrx_word' id='word_1_857' title='bbox 2522 4287 2659 4355; x_wconf 89' lang='grc' dir='ltr'>ἀλλ’,</span> <span class='ocrx_word' id='word_1_858' title='bbox 2693 4291 2762 4342; x_wconf 76' lang='lat' dir='ltr'>EI</span> <span class='ocrx_word' id='word_1_859' title='bbox 2805 4289 3008 4344; x_wconf 85' lang='grc' dir='ltr'>θέλετε</span> <span class='ocrx_word' id='word_1_860' title='bbox 3031 4289 3344 4357; x_wconf 81' lang='grc' dir='ltr'>δέξασθαι,</span> <span class='ocrx_word' id='word_1_861' title='bbox 3394 4288 3572 4360; x_wconf 82' lang='grc' dir='ltr'>οὗτός</span> <span class='ocrx_word' id='word_1_862' title='bbox 3609 4295 3776 4349; x_wconf 76' lang='grc' dir='ltr'>ἐστι’</span> 
     </span>
    </p>
   </div>
   <div class='ocr_carea' id='block_1_106' title="bbox 2085 4371 3776 4447">
    <p class='ocr_par' dir='ltr' id='par_1_106' title="bbox 2085 4371 3776 4447">
     <span class='ocr_line' id='line_1_106' title="bbox 2085 4371 3776 4447; baseline 0.005 -24"><span class='ocrx_word' id='word_1_863' title='bbox 2085 4371 2358 4424; x_wconf 86' lang='grc' dir='ltr'>τουτέστιν</span> <span class='ocrx_word' id='word_1_864' title='bbox 2388 4371 2452 4402; x_wconf 64' lang='grc' dir='ltr'>δι·</span> <span class='ocrx_word' id='word_1_865' title='bbox 2491 4371 2553 4423; x_wconf 80' lang='grc' dir='ltr'><strong>Εἰ</strong></span> <span class='ocrx_word' id='word_1_866' title='bbox 2587 4371 2723 4442; x_wconf 87' lang='grc' dir='ltr'>μετὰ</span> <span class='ocrx_word' id='word_1_867' title='bbox 2757 4372 3099 4444; x_wconf 84' lang='grc' dir='ltr'>εὐγνώμονος</span> <span class='ocrx_word' id='word_1_868' title='bbox 3130 4375 3367 4440; x_wconf 89' lang='grc' dir='ltr'>διανοίας</span> <span class='ocrx_word' id='word_1_869' title='bbox 3397 4377 3699 4447; x_wconf 85' lang='grc' dir='ltr'>προσέχετε</span> <span class='ocrx_word' id='word_1_870' title='bbox 3723 4378 3776 4412; x_wconf 73' lang='grc'><strong>⁸⁸</strong></span> 
     </span>
    </p>
   </div>
   <div class='ocr_carea' id='block_1_107' title="bbox 2085 4453 3778 4530">
    <p class='ocr_par' dir='ltr' id='par_1_107' title="bbox 2085 4453 3778 4530">
     <span class='ocr_line' id='line_1_107' title="bbox 2085 4453 3778 4530; baseline 0.005 -24"><span class='ocrx_word' id='word_1_871' title='bbox 2085 4457 2196 4517; x_wconf 85' lang='grc' dir='ltr'>τοῖς</span> <span class='ocrx_word' id='word_1_872' title='bbox 2248 4453 2572 4525; x_wconf 88' lang='grc' dir='ltr'>γινομένοις.</span> <span class='ocrx_word' id='word_1_873' title='bbox 2625 4455 2735 4507; x_wconf 79' lang='grc' dir='ltr'>Καὶ</span> <span class='ocrx_word' id='word_1_874' title='bbox 2777 4455 2899 4508; x_wconf 92' lang='lat'><strong>0665</strong></span> <span class='ocrx_word' id='word_1_875' title='bbox 2958 4457 3194 4512; x_wconf 88' lang='grc' dir='ltr'>ἐνταῦθα</span> <span class='ocrx_word' id='word_1_876' title='bbox 3240 4457 3393 4529; x_wconf 73' lang='grc' dir='ltr'>ἔστη,</span> <span class='ocrx_word' id='word_1_877' title='bbox 3427 4458 3567 4512; x_wconf 87' lang='grc' dir='ltr'>ἀλλά</span> <span class='ocrx_word' id='word_1_878' title='bbox 3602 4477 3778 4530; x_wconf 89' lang='grc' dir='ltr'>προσ-</span> 
     </span>
    </p>
   </div>
   <div class='ocr_carea' id='block_1_108' title="bbox 2086 4537 3778 4612">
    <p class='ocr_par' dir='ltr' id='par_1_108' title="bbox 2086 4537 3778 4612">
     <span class='ocr_line' id='line_1_108' title="bbox 2086 4537 3778 4612; baseline 0.005 -21"><span class='ocrx_word' id='word_1_879' title='bbox 2086 4539 2268 4607; x_wconf 86' lang='grc' dir='ltr'>έθηκε,</span> <span class='ocrx_word' id='word_1_880' title='bbox 2299 4537 2514 4600; x_wconf 84' lang='grc' dir='ltr'>δεικνὺς</span> <span class='ocrx_word' id='word_1_881' title='bbox 2534 4539 2614 4591; x_wconf 82' lang='grc' dir='ltr'>ὅτι</span> <span class='ocrx_word' id='word_1_882' title='bbox 2643 4538 2911 4602; x_wconf 88' lang='grc' dir='ltr'>συνέσεως</span> <span class='ocrx_word' id='word_1_883' title='bbox 2932 4541 3115 4610; x_wconf 90' lang='grc' dir='ltr'>χρεία,</span> <span class='ocrx_word' id='word_1_884' title='bbox 3136 4541 3270 4612; x_wconf 80' lang='grc' dir='ltr'>πρὸς</span> <span class='ocrx_word' id='word_1_885' title='bbox 3290 4542 3374 4605; x_wconf 81' lang='grc' dir='ltr'>τὸ,</span> <span class='ocrx_word' id='word_1_886' title='bbox 3393 4539 3585 4610; x_wconf 85' lang='grc' dir='ltr'>Οὗτός</span> <span class='ocrx_word' id='word_1_887' title='bbox 3599 4545 3778 4599; x_wconf 76' lang='grc' dir='ltr'>ἐστιν</span> 
     </span>
    </p>
   </div>
   <div class='ocr_carea' id='block_1_109' title="bbox 2097 4619 3772 4695">
    <p class='ocr_par' dir='ltr' id='par_1_109' title="bbox 2097 4619 3772 4695">
     <span class='ocr_line' id='line_1_109' title="bbox 2097 4619 3772 4695; baseline 0.005 -20"><span class='ocrx_word' id='word_1_888' title='bbox 2097 4621 2295 4686; x_wconf 83' lang='grc' dir='ltr'>Ἠλίας</span> <span class='ocrx_word' id='word_1_889' title='bbox 2339 4624 2371 4673; x_wconf 83' lang='grc' dir='ltr'>ό</span> <span class='ocrx_word' id='word_1_890' title='bbox 2413 4619 2659 4689; x_wconf 76' lang='grc' dir='ltr'>μέλλων</span> <span class='ocrx_word' id='word_1_891' title='bbox 2701 4620 2984 4690; x_wconf 74' lang='grc' dir='ltr'>ἔρχεσθαι</span> <span class='ocrx_word' id='word_1_892' title='bbox 3007 4663 3022 4687; x_wconf 92' lang='grc'>,</span> <span class='ocrx_word' id='word_1_893' title='bbox 3085 4627 3120 4680; x_wconf 82' lang='grc' dir='ltr'><em>ὁ</em></span> <span class='ocrx_word' id='word_1_894' title='bbox 3161 4625 3320 4695; x_wconf 78' lang='grc' dir='ltr'>ἔχων</span> <span class='ocrx_word' id='word_1_895' title='bbox 3345 4621 3466 4683; x_wconf 83' lang='grc' dir='ltr'>ὦτα</span> <span class='ocrx_word' id='word_1_896' title='bbox 3499 4627 3772 4695; x_wconf 83' lang='grc' dir='ltr'>ἀκούειν,</span> 
     </span>
    </p>
   </div>
   <div class='ocr_carea' id='block_1_110' title="bbox 2085 4703 3777 4780">
    <p class='ocr_par' dir='ltr' id='par_1_110' title="bbox 2085 4703 3777 4780">
     <span class='ocr_line' id='line_1_110' title="bbox 2085 4703 3777 4780; baseline 0.005 -24"><span class='ocrx_word' id='word_1_897' title='bbox 2085 4703 2367 4757; x_wconf 82' lang='grc' dir='ltr'>ἀκουέτω.</span> <span class='ocrx_word' id='word_1_898' title='bbox 2383 4703 2633 4757; x_wconf 89' lang='grc' dir='ltr'>Τοσαῦτα</span> <span class='ocrx_word' id='word_1_899' title='bbox 2659 4703 2716 4757; x_wconf 84' lang='grc' dir='ltr'>δὲ</span> <span class='ocrx_word' id='word_1_900' title='bbox 2741 4704 3038 4775; x_wconf 87' lang='grc' dir='ltr'>αἰνίγματα</span> <span class='ocrx_word' id='word_1_901' title='bbox 3059 4707 3247 4770; x_wconf 82' lang='grc' dir='ltr'>ἐτίθει,</span> <span class='ocrx_word' id='word_1_902' title='bbox 3268 4708 3552 4780; x_wconf 88' lang='grc' dir='ltr'>διεγείρων</span> <span class='ocrx_word' id='word_1_903' title='bbox 3573 4712 3777 4776; x_wconf 75' lang='grc' dir='ltr'>αὐτοὺς</span> 
     </span>
    </p>
   </div>
   <div class='ocr_carea' id='block_1_111' title="bbox 2087 4785 3775 4864">
    <p class='ocr_par' dir='ltr' id='par_1_111' title="bbox 2087 4785 3775 4864">
     <span class='ocr_line' id='line_1_111' title="bbox 2087 4785 3775 4864; baseline 0.004 -26"><span class='ocrx_word' id='word_1_904' title='bbox 2087 4787 2168 4848; x_wconf 89' lang='grc' dir='ltr'>εἰς</span> <span class='ocrx_word' id='word_1_905' title='bbox 2204 4785 2492 4856; x_wconf 88' lang='grc' dir='ltr'>ἐρώτησιν.</span> <span class='ocrx_word' id='word_1_906' title='bbox 2552 4787 2616 4839; x_wconf 76' lang='grc' dir='ltr'>ΕΞ</span> <span class='ocrx_word' id='word_1_907' title='bbox 2661 4787 2718 4840; x_wconf 84' lang='grc' dir='ltr'>δὲ</span> <span class='ocrx_word' id='word_1_908' title='bbox 2758 4787 2878 4841; x_wconf 86' lang='grc' dir='ltr'>οὑδέ</span> <span class='ocrx_word' id='word_1_909' title='bbox 2925 4787 3098 4853; x_wconf 75' lang='grc' dir='ltr'>οὕτως</span> <span class='ocrx_word' id='word_1_910' title='bbox 3144 4789 3529 4856; x_wconf 77' lang='grc' dir='ltr'>ἐξυπνίζοντο,</span> <span class='ocrx_word' id='word_1_911' title='bbox 3585 4793 3775 4864; x_wconf 86' lang='grc' dir='ltr'>πολλῷ</span> 
     </span>
    </p>
   </div>
   <div class='ocr_carea' id='block_1_112' title="bbox 2091 4868 3772 4948">
    <p class='ocr_par' dir='ltr' id='par_1_112' title="bbox 2091 4868 3772 4948">
     <span class='ocr_line' id='line_1_112' title="bbox 2091 4868 3772 4948; baseline 0.005 -25"><span class='ocrx_word' id='word_1_912' title='bbox 2091 4868 2291 4940; x_wconf 83' lang='grc' dir='ltr'>μᾶλλον</span> <span class='ocrx_word' id='word_1_913' title='bbox 2338 4872 2387 4922; x_wconf 90' lang='grc' dir='ltr'>εἰ</span> <span class='ocrx_word' id='word_1_914' title='bbox 2429 4869 2564 4940; x_wconf 85' lang='grc' dir='ltr'>δῆλα</span> <span class='ocrx_word' id='word_1_915' title='bbox 2607 4887 2677 4940; x_wconf 89' lang='grc' dir='ltr'>ην</span> <span class='ocrx_word' id='word_1_916' title='bbox 2707 4871 2801 4924; x_wconf 78' lang='grc' dir='ltr'>καί</span> <span class='ocrx_word' id='word_1_917' title='bbox 2833 4874 2999 4944; x_wconf 82' lang='grc' dir='ltr'>σαφῆ.</span> <span class='ocrx_word' id='word_1_918' title='bbox 3043 4872 3177 4926; x_wconf 88' lang='grc' dir='ltr'>Οὐδέ</span> <span class='ocrx_word' id='word_1_919' title='bbox 3213 4874 3322 4945; x_wconf 76' lang='lat'>7&amp;9</span> <span class='ocrx_word' id='word_1_920' title='bbox 3351 4876 3528 4928; x_wconf 84' lang='grc' dir='ltr'>ἐκεῖνο</span> <span class='ocrx_word' id='word_1_921' title='bbox 3557 4876 3625 4930; x_wconf 80' lang='grc' dir='ltr'>ἀν</span> <span class='ocrx_word' id='word_1_922' title='bbox 3653 4876 3772 4948; x_wconf 73' lang='grc' dir='ltr'>ἔχοι</span> 
     </span>
    </p>
   </div>
   <div class='ocr_carea' id='block_1_113' title="bbox 2086 4952 3774 5032">
    <p class='ocr_par' dir='ltr' id='par_1_113' title="bbox 2086 4952 3774 5032">
     <span class='ocr_line' id='line_1_113' title="bbox 2086 4952 3774 5032; baseline 0.005 -27"><span class='ocrx_word' id='word_1_923' title='bbox 2086 4969 2168 5032; x_wconf 73' lang='grc' dir='ltr'>τις</span> <span class='ocrx_word' id='word_1_924' title='bbox 2188 4953 2380 5016; x_wconf 87' lang='grc' dir='ltr'>εἰπεῖν,</span> <span class='ocrx_word' id='word_1_925' title='bbox 2415 4952 2496 5004; x_wconf 83' lang='grc' dir='ltr'>ὅτι</span> <span class='ocrx_word' id='word_1_926' title='bbox 2522 4953 2622 5006; x_wconf 91' lang='grc' dir='ltr'>οὐκ</span> <span class='ocrx_word' id='word_1_927' title='bbox 2647 4954 2890 5025; x_wconf 87' lang='grc' dir='ltr'>ἐτόλμων</span> <span class='ocrx_word' id='word_1_928' title='bbox 2919 4957 3149 5026; x_wconf 83' lang='grc' dir='ltr'>ἐρωτᾶν,</span> <span class='ocrx_word' id='word_1_929' title='bbox 3183 4959 3277 5012; x_wconf 77' lang='grc' dir='ltr'>καὶ</span> <span class='ocrx_word' id='word_1_930' title='bbox 3304 4959 3384 5011; x_wconf 78' lang='grc' dir='ltr'>ὅτι</span> <span class='ocrx_word' id='word_1_931' title='bbox 3409 4958 3774 5032; x_wconf 77' lang='grc' dir='ltr'>δυσπρόσιτος</span> 
     </span>
    </p>
   </div>
   <div class='ocr_carea' id='block_1_114' title="bbox 2085 5029 3774 5112">
    <p class='ocr_par' dir='ltr' id='par_1_114' title="bbox 2085 5029 3774 5112">
     <span class='ocr_line' id='line_1_114' title="bbox 2085 5029 3774 5112; baseline 0.007 -26"><span class='ocrx_word' id='word_1_932' title='bbox 2085 5029 2172 5104; x_wconf 82' lang='grc' dir='ltr'>ἦν.</span> <span class='ocrx_word' id='word_1_933' title='bbox 2227 5035 2292 5088; x_wconf 87' lang='grc' dir='ltr'>Οἱ</span> <span class='ocrx_word' id='word_1_934' title='bbox 2335 5034 2444 5107; x_wconf 82' lang='grc' dir='ltr'>γὰρ</span> <span class='ocrx_word' id='word_1_935' title='bbox 2494 5036 2632 5108; x_wconf 80' lang='grc' dir='ltr'>ὑπὲρ</span> <span class='ocrx_word' id='word_1_936' title='bbox 2660 5036 2769 5091; x_wconf 90' lang='grc' dir='ltr'>τῶν</span> <span class='ocrx_word' id='word_1_937' title='bbox 2811 5039 3087 5109; x_wconf 90' lang='grc' dir='ltr'>τυχόντων</span> <span class='ocrx_word' id='word_1_938' title='bbox 3132 5041 3294 5095; x_wconf 84' lang='grc' dir='ltr'>αὑτὸν</span> <span class='ocrx_word' id='word_1_939' title='bbox 3323 5029 3638 5112; x_wconf 78' lang='grc' dir='ltr'>ἐρωτῶντες</span> <span class='ocrx_word' id='word_1_940' title='bbox 3672 5047 3774 5098; x_wconf 74' lang='grc' dir='ltr'>καὶ</span> 
     </span>
    </p>
   </div>
   <div class='ocr_carea' id='block_1_115' title="bbox 2086 5118 3775 5196">
    <p class='ocr_par' dir='ltr' id='par_1_115' title="bbox 2086 5118 3775 5196">
     <span class='ocr_line' id='line_1_115' title="bbox 2086 5118 3775 5196; baseline 0.006 -24"><span class='ocrx_word' id='word_1_941' title='bbox 2086 5118 2473 5190; x_wconf 80' lang='grc' dir='ltr'>πειράζοντες,</span> <span class='ocrx_word' id='word_1_942' title='bbox 2524 5120 2620 5173; x_wconf 74' lang='grc' dir='ltr'>καὶ</span> <span class='ocrx_word' id='word_1_943' title='bbox 2657 5122 2918 5192; x_wconf 90' lang='grc' dir='ltr'>μυριάκις</span> <span class='ocrx_word' id='word_1_944' title='bbox 2965 5125 3484 5196; x_wconf 87' lang='grc' dir='ltr'>ἐπιστομισθέντες,</span> <span class='ocrx_word' id='word_1_945' title='bbox 3535 5128 3632 5182; x_wconf 74' lang='grc' dir='ltr'>καὶ</span> <span class='ocrx_word' id='word_1_946' title='bbox 3669 5129 3775 5182; x_wconf 83' lang='grc' dir='ltr'>οὐκ</span> 
     </span>
    </p>
   </div>
   <div class='ocr_carea' id='block_1_116' title="bbox 2086 5203 3774 5279">
    <p class='ocr_par' dir='ltr' id='par_1_116' title="bbox 2086 5203 3774 5279">
     <span class='ocr_line' id='line_1_116' title="bbox 2086 5203 3774 5279; baseline 0.005 -23"><span class='ocrx_word' id='word_1_947' title='bbox 2086 5203 2442 5269; x_wconf 85' lang='grc' dir='ltr'>ἀποστάντες,</span> <span class='ocrx_word' id='word_1_948' title='bbox 2475 5203 2595 5267; x_wconf 83' lang='grc' dir='ltr'>πῶς</span> <span class='ocrx_word' id='word_1_949' title='bbox 2627 5203 2694 5258; x_wconf 85' lang='grc' dir='ltr'>ἂν</span> <span class='ocrx_word' id='word_1_950' title='bbox 2719 5206 2858 5279; x_wconf 86' lang='grc' dir='ltr'>ὑπὲρ</span> <span class='ocrx_word' id='word_1_951' title='bbox 2883 5206 2990 5261; x_wconf 89' lang='grc' dir='ltr'>τῶν</span> <span class='ocrx_word' id='word_1_952' title='bbox 3026 5209 3340 5278; x_wconf 83' lang='grc' dir='ltr'>ἀναγκαίων</span> <span class='ocrx_word' id='word_1_953' title='bbox 3371 5211 3472 5264; x_wconf 86' lang='grc' dir='ltr'>οὐκ</span> <span class='ocrx_word' id='word_1_954' title='bbox 3504 5210 3774 5265; x_wconf 86' lang='grc' dir='ltr'>ἐπύθοντο</span> 
     </span>
    </p>
   </div>
   <div class='ocr_carea' id='block_1_117' title="bbox 2087 5289 3773 5370">
    <p class='ocr_par' dir='ltr' id='par_1_117' title="bbox 2087 5289 3773 5370">
     <span class='ocr_line' id='line_1_117' title="bbox 2087 5289 3773 5370; baseline 0.006 -28"><span class='ocrx_word' id='word_1_955' title='bbox 2087 5290 2182 5343; x_wconf 80' lang='grc' dir='ltr'>καὶ</span> <span class='ocrx_word' id='word_1_956' title='bbox 2207 5290 2521 5363; x_wconf 80' lang='grc' dir='ltr'>ἠρώτησαν,</span> <span class='ocrx_word' id='word_1_957' title='bbox 2557 5289 2673 5360; x_wconf 76' lang='grc' dir='ltr'>εῐγε</span> <span class='ocrx_word' id='word_1_958' title='bbox 2721 5293 2816 5346; x_wconf 79' lang='grc' dir='ltr'>καὶ</span> <span class='ocrx_word' id='word_1_959' title='bbox 2839 5293 2886 5326; x_wconf 70' lang='grc'>⁵³</span> <span class='ocrx_word' id='word_1_960' title='bbox 2932 5295 3126 5365; x_wconf 82' lang='grc' dir='ltr'>μαθεῖν</span> <span class='ocrx_word' id='word_1_961' title='bbox 3154 5297 3500 5368; x_wconf 86' lang='grc' dir='ltr'>ἐπεθύμουν;</span> <span class='ocrx_word' id='word_1_962' title='bbox 3555 5296 3623 5352; x_wconf 87' lang='grc' dir='ltr'>Εἰ</span> <span class='ocrx_word' id='word_1_963' title='bbox 3658 5299 3773 5370; x_wconf 85' lang='grc' dir='ltr'>γὰρ</span> 
     </span>
    </p>
   </div>
   <div class='ocr_carea' id='block_1_118' title="bbox 297 5372 3776 5454">
    <p class='ocr_par' dir='ltr' id='par_1_118' title="bbox 297 5372 3776 5454">
     <span class='ocr_line' id='line_1_118' title="bbox 297 5372 3776 5454; baseline 0.002 -26"><span class='ocrx_word' id='word_1_964' title='bbox 297 5381 476 5454; x_wconf 70' lang='grc' dir='ltr'>ἕτεροι</span> <span class='ocrx_word' id='word_1_965' title='bbox 529 5377 587 5430; x_wconf 85' lang='grc' dir='ltr'>δὲ</span> <span class='ocrx_word' id='word_1_966' title='bbox 631 5375 762 5448; x_wconf 86' lang='grc' dir='ltr'>περί</span> <span class='ocrx_word' id='word_1_967' title='bbox 803 5372 1050 5443; x_wconf 89' lang='grc' dir='ltr'>ἀγγέλων</span> <span class='ocrx_word' id='word_1_968' title='bbox 1099 5373 1165 5426; x_wconf 65' lang='grc'>³³.</span> <span class='ocrx_word' id='word_1_969' title='bbox 1203 5373 1371 5426; x_wconf 87' lang='grc' dir='ltr'>’Ὀταν</span> <span class='ocrx_word' id='word_1_970' title='bbox 1419 5372 1529 5443; x_wconf 87' lang='grc' dir='ltr'>γὰρ</span> <span class='ocrx_word' id='word_1_971' title='bbox 1577 5372 1677 5444; x_wconf 86' lang='grc' dir='ltr'>τῆς</span> <span class='ocrx_word' id='word_1_972' title='bbox 1731 5372 1988 5445; x_wconf 86' lang='grc' dir='ltr'>ἀληθείας</span> <span class='ocrx_word' id='word_1_973' title='bbox 2093 5373 2236 5446; x_wconf 85' lang='grc' dir='ltr'>ὑπὲρ</span> <span class='ocrx_word' id='word_1_974' title='bbox 2285 5375 2394 5428; x_wconf 88' lang='grc' dir='ltr'>τῶν</span> <span class='ocrx_word' id='word_1_975' title='bbox 2439 5375 2687 5446; x_wconf 88' lang='grc' dir='ltr'>νομίμων</span> <span class='ocrx_word' id='word_1_976' title='bbox 2722 5377 2984 5449; x_wconf 71' lang='grc' dir='ltr'>ἠρώτων,</span> <span class='ocrx_word' id='word_1_977' title='bbox 3027 5381 3158 5435; x_wconf 90' lang='grc' dir='ltr'>ποία</span> <span class='ocrx_word' id='word_1_978' title='bbox 3201 5381 3389 5454; x_wconf 85' lang='grc' dir='ltr'>ἐντολὴ</span> <span class='ocrx_word' id='word_1_979' title='bbox 3424 5381 3641 5454; x_wconf 82' lang='grc' dir='ltr'>πρώτη,</span> <span class='ocrx_word' id='word_1_980' title='bbox 3675 5385 3776 5438; x_wconf 77' lang='grc' dir='ltr'>καὶ</span> 
     </span>
    </p>
   </div>
   <div class='ocr_carea' id='block_1_119' title="bbox 370 5467 1981 5552">
    <p class='ocr_par' dir='ltr' id='par_1_119' title="bbox 370 5467 1981 5552">
     <span class='ocr_line' id='line_1_119' title="bbox 370 5467 1981 5552; baseline -0.009 -22"><span class='ocrx_word' id='word_1_981' title='bbox 370 5481 417 5510; x_wconf 80' lang='grc'>’⁸</span> <span class='ocrx_word' id='word_1_982' title='bbox 455 5471 664 5552; x_wconf 65' lang='grc' dir='ltr'>εὐχαῖς]</span> <span class='ocrx_word' id='word_1_983' title='bbox 697 5470 862 5542; x_wconf 83' lang='grc' dir='ltr'>ᾠδαῖς</span> <span class='ocrx_word' id='word_1_984' title='bbox 882 5467 1146 5552; x_wconf 40' lang='lat' dir='ltr'>‘F.‘paulo</span> <span class='ocrx_word' id='word_1_985' title='bbox 1175 5475 1300 5552; x_wconf 39' lang='lat' dir='ltr'>ante</span> <span class='ocrx_word' id='word_1_986' title='bbox 1319 5467 1590 5552; x_wconf 38' lang='grc' dir='ltr'>ἀγώὶτερος</span> <span class='ocrx_word' id='word_1_987' title='bbox 1615 5467 1680 5525; x_wconf 81' lang='lat' dir='ltr'><strong>D.</strong></span> <span class='ocrx_word' id='word_1_988' title='bbox 1848 5469 1893 5502; x_wconf 78' lang='grc'><strong><em>³⁸</em></strong></span> <span class='ocrx_word' id='word_1_989' title='bbox 1931 5470 1981 5552; x_wconf 53' lang='grc' dir='ltr'>ρί</span> 
     </span>
    </p>
   </div>
   <div class='ocr_carea' id='block_1_120' title="bbox 2093 5467 3777 5552">
    <p class='ocr_par' dir='ltr' id='par_1_120' title="bbox 2110 5467 3777 5552">
     <span class='ocr_line' id='line_1_120' title="bbox 2110 5467 3777 5552; baseline 0.008 -30"><span class='ocrx_word' id='word_1_990' title='bbox 2110 5469 2220 5551; x_wconf 84' lang='grc' dir='ltr'>γάρ</span> <span class='ocrx_word' id='word_1_991' title='bbox 2260 5469 2359 5540; x_wconf 87' lang='lat' dir='ltr'><strong>Ep.</strong></span> <span class='ocrx_word' id='word_1_992' title='bbox 2383 5541 2395 5552; x_wconf 82' lang='lat'><strong>_</strong></span> <span class='ocrx_word' id='word_1_993' title='bbox 2439 5471 2483 5503; x_wconf 77' lang='lat'>“</span> <span class='ocrx_word' id='word_1_994' title='bbox 2525 5473 2654 5546; x_wconf 73' lang='grc' dir='ltr'>περὶ</span> <span class='ocrx_word' id='word_1_995' title='bbox 2689 5473 2856 5552; x_wconf 83' lang='grc' dir='ltr'>αὐτοῦ</span> <span class='ocrx_word' id='word_1_996' title='bbox 2890 5467 3034 5552; x_wconf 67' lang='grc' dir='ltr'>(ιιιοᾴ</span> <span class='ocrx_word' id='word_1_997' title='bbox 3065 5478 3229 5552; x_wconf 59' lang='lat' dir='ltr'><strong>vulgo</strong></span> <span class='ocrx_word' id='word_1_998' title='bbox 3254 5478 3490 5552; x_wconf 22' lang='lat' dir='ltr'>deestte</span> <span class='ocrx_word' id='word_1_999' title='bbox 3521 5479 3686 5552; x_wconf 88' lang='lat' dir='ltr'>co_dd.</span> <span class='ocrx_word' id='word_1_1000' title='bbox 3719 5490 3777 5535; x_wconf 80' lang='lat' dir='ltr'><strong>et</strong></span> 
     </span>
    </p>
   </div>
   <div class='ocr_carea' id='block_1_121' title="bbox 296 5535 1981 5682">
    <p class='ocr_par' dir='ltr' id='par_1_121' title="bbox 296 5535 1981 5682">
     <span class='ocr_line' id='line_1_121' title="bbox 296 5535 1981 5662; baseline -0.006 -58"><span class='ocrx_word' id='word_1_1001' title='bbox 296 5547 394 5604; x_wconf 86' lang='lat' dir='ltr'><strong>Ge.</strong></span> <span class='ocrx_word' id='word_1_1002' title='bbox 430 5535 726 5623; x_wconf 52' lang='lat' dir='ltr'>rec&#39;épi.&#39;p.&#39;</span> <span class='ocrx_word' id='word_1_1003' title='bbox 749 5557 802 5610; x_wconf 94' lang='lat' dir='ltr'><strong>p.</strong></span> <span class='ocrx_word' id='word_1_1004' title='bbox 837 5535 1017 5594; x_wconf 77' lang='grc' dir='ltr'>αὐτῶν</span> <span class='ocrx_word' id='word_1_1005' title='bbox 1040 5555 1152 5594; x_wconf 92' lang='lat' dir='ltr'>om.</span> <span class='ocrx_word' id='word_1_1006' title='bbox 1183 5536 1247 5593; x_wconf 83' lang='grc' dir='ltr'>Ι).</span> <span class='ocrx_word' id='word_1_1007' title='bbox 1321 5535 1367 5569; x_wconf 83' lang='grc'>³²</span> <span class='ocrx_word' id='word_1_1008' title='bbox 1407 5535 1538 5593; x_wconf 63' lang='lat' dir='ltr'><strong>Post</strong></span> <span class='ocrx_word' id='word_1_1009' title='bbox 1568 5539 1793 5662; x_wconf 56' lang='grc' dir='ltr'>μικρότε</span> <span class='ocrx_word' id='word_1_1010' title='bbox 1833 5557 1892 5604; x_wconf 91' lang='grc' dir='ltr'>ος</span> <span class='ocrx_word' id='word_1_1011' title='bbox 1915 5541 1981 5595; x_wconf 81' lang='lat' dir='ltr'>di:</span> 
     </span>
     <span class='ocr_line' id='line_1_122' title="bbox 299 5557 1981 5682; baseline -0.003 -12"><span class='ocrx_word' id='word_1_1012' title='bbox 299 5635 384 5670; x_wconf 90' lang='grc' dir='ltr'>σιν</span> <span class='ocrx_word' id='word_1_1013' title='bbox 412 5618 474 5671; x_wconf 79' lang='grc' dir='ltr'>Α.</span> <span class='ocrx_word' id='word_1_1014' title='bbox 506 5615 568 5669; x_wconf 89' lang='lat' dir='ltr'><strong>F.</strong></span> <span class='ocrx_word' id='word_1_1015' title='bbox 595 5611 1035 5682; x_wconf 67' lang='lat' dir='ltr'>Articulgmnqn</span> <span class='ocrx_word' id='word_1_1016' title='bbox 1067 5608 1230 5682; x_wconf 61' lang='lat' dir='ltr'><strong>habgt</strong></span> <span class='ocrx_word' id='word_1_1017' title='bbox 1256 5605 1359 5682; x_wconf 68' lang='lat' dir='ltr'>Ep.</span> <span class='ocrx_word' id='word_1_1018' title='bbox 1453 5607 1506 5682; x_wconf 74' lang='lat'>“_</span> <span class='ocrx_word' id='word_1_1019' title='bbox 1537 5610 1675 5682; x_wconf 83' lang='grc' dir='ltr'>ἀγγέ</span> <span class='ocrx_word' id='word_1_1020' title='bbox 1711 5557 1830 5682; x_wconf 74' lang='grc' dir='ltr'>ωνῘρ</span> <span class='ocrx_word' id='word_1_1021' title='bbox 1858 5611 1981 5682; x_wconf 76' lang='lat' dir='ltr'>add.</span> 
     </span>
    </p>
   </div>
   <div class='ocr_carea' id='block_1_122' title="bbox 2093 5535 3775 5682">
    <p class='ocr_par' dir='ltr' id='par_1_122' title="bbox 2093 5535 3775 5682">
     <span class='ocr_line' id='line_1_123' title="bbox 2093 5535 3775 5623; baseline 0.007 -30"><span class='ocrx_word' id='word_1_1022' title='bbox 2093 5535 2162 5622; x_wconf 52' lang='lat' dir='ltr'>xi:</span> <span class='ocrx_word' id='word_1_1023' title='bbox 2188 5535 2495 5596; x_wconf 61' lang='lat' dir='ltr'>&#39;secmindum</span> <span class='ocrx_word' id='word_1_1024' title='bbox 2528 5535 2764 5598; x_wconf 74' lang='lat' dir='ltr'><strong>méntom</strong></span> <span class='ocrx_word' id='word_1_1025' title='bbox 2793 5535 3073 5604; x_wconf 59' lang='lat' dir='ltr'>Auc&#39;toris.</span> <span class='ocrx_word' id='word_1_1026' title='bbox 3151 5535 3196 5581; x_wconf 63' lang='grc'>⁸⁵</span> <span class='ocrx_word' id='word_1_1027' title='bbox 3235 5549 3378 5605; x_wconf 87' lang='grc' dir='ltr'>κατά</span> <span class='ocrx_word' id='word_1_1028' title='bbox 3406 5535 3506 5622; x_wconf 68' lang='grc' dir='ltr'>τὴν</span> <span class='ocrx_word' id='word_1_1029' title='bbox 3538 5549 3775 5623; x_wconf 87' lang='grc' dir='ltr'>σύγκρι-</span> 
     </span>
     <span class='ocr_line' id='line_1_124' title="bbox 2093 5609 3769 5682; baseline 0.006 -18"><span class='ocrx_word' id='word_1_1030' title='bbox 2093 5628 2200 5674; x_wconf 86' lang='grc' dir='ltr'>κως</span> <span class='ocrx_word' id='word_1_1031' title='bbox 2231 5609 2294 5666; x_wconf 86' lang='lat' dir='ltr'><strong>C.</strong></span> <span class='ocrx_word' id='word_1_1032' title='bbox 2328 5611 2387 5664; x_wconf 89' lang='lat' dir='ltr'>E.</span> <span class='ocrx_word' id='word_1_1033' title='bbox 2423 5611 2518 5666; x_wconf 89' lang='lat' dir='ltr'>Ge.</span> <span class='ocrx_word' id='word_1_1034' title='bbox 2548 5611 2670 5667; x_wconf 84' lang='lat' dir='ltr'>Non</span> <span class='ocrx_word' id='word_1_1035' title='bbox 2715 5615 2877 5671; x_wconf 83' lang='lat' dir='ltr'><strong>habet</strong></span> <span class='ocrx_word' id='word_1_1036' title='bbox 2917 5616 3056 5672; x_wconf 79' lang='lat' dir='ltr'>Mor.</span> <span class='ocrx_word' id='word_1_1037' title='bbox 3097 5634 3271 5682; x_wconf 81' lang='lat' dir='ltr'><strong>neque</strong></span> <span class='ocrx_word' id='word_1_1038' title='bbox 3305 5619 3582 5682; x_wconf 83' lang='lat' dir='ltr'>expressit</span> <span class='ocrx_word' id='word_1_1039' title='bbox 3611 5621 3769 5675; x_wconf 82' lang='lat' dir='ltr'><strong>Arm.</strong></span> 
     </span>
    </p>
   </div>
   <div class='ocr_carea' id='block_1_123' title="bbox 299 5605 1675 5678">
    <p class='ocr_par' dir='ltr' id='par_1_123' title="bbox 299 5605 1675 5678">
     <span class='ocr_line' id='line_1_125' title="bbox 299 5605 1675 5678; baseline -0.006 -8"><span class='ocrx_word' id='word_1_1040' title='bbox 299 5635 384 5670; x_wconf 90' lang='grc' dir='ltr'>σιν</span> <span class='ocrx_word' id='word_1_1041' title='bbox 412 5618 474 5671; x_wconf 78' lang='grc' dir='ltr'>Α.</span> <span class='ocrx_word' id='word_1_1042' title='bbox 506 5605 575 5669; x_wconf 66' lang='grc' dir='ltr'>ΕΣ</span> <span class='ocrx_word' id='word_1_1043' title='bbox 595 5605 900 5668; x_wconf 70' lang='lat' dir='ltr'><strong>Atticinum</strong></span> <span class='ocrx_word' id='word_1_1044' title='bbox 927 5626 1035 5664; x_wconf 88' lang='lat' dir='ltr'>non</span> <span class='ocrx_word' id='word_1_1045' title='bbox 1067 5608 1230 5663; x_wconf 84' lang='lat' dir='ltr'><strong>habet</strong></span> <span class='ocrx_word' id='word_1_1046' title='bbox 1256 5605 1359 5678; x_wconf 88' lang='lat' dir='ltr'>Ep.</span> <span class='ocrx_word' id='word_1_1047' title='bbox 1453 5607 1500 5641; x_wconf 75' lang='lat'><strong>“</strong></span> <span class='ocrx_word' id='word_1_1048' title='bbox 1537 5605 1675 5678; x_wconf 72' lang='grc' dir='ltr'>ἀγγέ</span> 
     </span>
    </p>
   </div>
   <div class='ocr_carea' id='block_1_124' title="bbox 1858 5609 3769 5688">
    <p class='ocr_par' dir='ltr' id='par_1_124' title="bbox 1858 5609 3769 5688">
     <span class='ocr_line' id='line_1_126' title="bbox 1858 5609 3769 5688; baseline 0.005 -24"><span class='ocrx_word' id='word_1_1049' title='bbox 1858 5611 1982 5688; x_wconf 49' lang='lat' dir='ltr'>add;</span> <span class='ocrx_word' id='word_1_1050' title='bbox 2015 5609 2294 5688; x_wconf 38' lang='grc' dir='ltr'>κακῶς-Ο.</span> <span class='ocrx_word' id='word_1_1051' title='bbox 2328 5611 2387 5664; x_wconf 88' lang='grc' dir='ltr'>Ε.</span> <span class='ocrx_word' id='word_1_1052' title='bbox 2413 5611 2518 5688; x_wconf 37' lang='lat' dir='ltr'>.Ge.</span> <span class='ocrx_word' id='word_1_1053' title='bbox 2533 5611 2670 5688; x_wconf 61' lang='lat' dir='ltr'><strong>_1}10n</strong></span> <span class='ocrx_word' id='word_1_1054' title='bbox 2715 5615 2877 5671; x_wconf 84' lang='lat' dir='ltr'><strong>habet</strong></span> <span class='ocrx_word' id='word_1_1055' title='bbox 2917 5616 3056 5672; x_wconf 78' lang='lat' dir='ltr'>Mor.</span> <span class='ocrx_word' id='word_1_1056' title='bbox 3097 5634 3271 5688; x_wconf 81' lang='lat' dir='ltr'><strong>neque</strong></span> <span class='ocrx_word' id='word_1_1057' title='bbox 3305 5609 3582 5688; x_wconf 83' lang='lat' dir='ltr'>expréssit</span> <span class='ocrx_word' id='word_1_1058' title='bbox 3611 5609 3769 5675; x_wconf 66' lang='lat' dir='ltr'><strong>Ar&#39;m.</strong></span> 
     </span>
    </p>
   </div>
   <div class='ocr_carea' id='block_1_125' title="bbox 299 5677 1981 5764">
    <p class='ocr_par' dir='ltr' id='par_1_125' title="bbox 299 5677 1981 5764">
     <span class='ocr_line' id='line_1_127' title="bbox 299 5677 1981 5764; baseline -0.004 -24"><span class='ocrx_word' id='word_1_1059' title='bbox 299 5685 345 5721; x_wconf 76' lang='grc'><strong><em>³⁸</em></strong></span> <span class='ocrx_word' id='word_1_1060' title='bbox 385 5688 512 5764; x_wconf 70' lang='grc' dir='ltr'>περὶ</span> <span class='ocrx_word' id='word_1_1061' title='bbox 538 5683 774 5764; x_wconf 36' lang='grc' dir='ltr'>τῶν,</span> <span class='ocrx_word' id='word_1_1062' title='bbox 803 5679 936 5764; x_wconf 51' lang='lat' dir='ltr'>Egi-d.</span> <span class='ocrx_word' id='word_1_1063' title='bbox 975 5677 1669 5764; x_wconf 34' lang='lat' dir='ltr'><strong>6x01000£a.;51.1:591&amp;77.</strong></span> <span class='ocrx_word' id='word_1_1064' title='bbox 1697 5680 1738 5764; x_wconf 56' lang='lat' dir='ltr'>ﬂ</span> <span class='ocrx_word' id='word_1_1065' title='bbox 1761 5677 1888 5752; x_wconf 72' lang='grc' dir='ltr'>περὶ</span> <span class='ocrx_word' id='word_1_1066' title='bbox 1907 5680 1981 5760; x_wconf 83' lang='grc' dir='ltr'>τῶ</span> 
     </span>
    </p>
   </div>
   <div class='ocr_carea' id='block_1_126' title="bbox 2093 5677 3770 5764">
    <p class='ocr_par' dir='ltr' id='par_1_126' title="bbox 2093 5677 3770 5764">
     <span class='ocr_line' id='line_1_128' title="bbox 2093 5677 3770 5764; baseline 0.006 -30"><span class='ocrx_word' id='word_1_1067' title='bbox 2093 5699 2136 5736; x_wconf 76' lang='grc' dir='ltr'>τ.</span> <span class='ocrx_word' id='word_1_1068' title='bbox 2170 5682 2343 5764; x_wconf 76' lang='grc' dir='ltr'>ἔλεγε,</span> <span class='ocrx_word' id='word_1_1069' title='bbox 2371 5682 2426 5764; x_wconf 72' lang='grc' dir='ltr'>τί</span> <span class='ocrx_word' id='word_1_1070' title='bbox 2447 5681 2682 5764; x_wconf 76' lang='grc' dir='ltr'>ἐκώλυεν</span> <span class='ocrx_word' id='word_1_1071' title='bbox 2711 5689 3127 5764; x_wconf 42' lang='grc' dir='ltr'>(σμικραὶ-ἰδῇς)</span> <span class='ocrx_word' id='word_1_1072' title='bbox 3155 5677 3216 5744; x_wconf 77' lang='lat' dir='ltr'><strong>E.</strong></span> <span class='ocrx_word' id='word_1_1073' title='bbox 3291 5690 3337 5722; x_wconf 83' lang='grc'>³⁸</span> <span class='ocrx_word' id='word_1_1074' title='bbox 3376 5677 3457 5744; x_wconf 73' lang='grc' dir='ltr'>ἔτι</span> <span class='ocrx_word' id='word_1_1075' title='bbox 3487 5689 3607 5764; x_wconf 75' lang='lat' dir='ltr'><strong>x_9.]</strong></span> <span class='ocrx_word' id='word_1_1076' title='bbox 3643 5692 3770 5764; x_wconf 77' lang='grc' dir='ltr'>ἐπι-</span> 
     </span>
    </p>
   </div>
   <div class='ocr_carea' id='block_1_127' title="bbox 300 5748 3774 5834">
    <p class='ocr_par' dir='ltr' id='par_1_127' title="bbox 300 5748 3774 5834">
     <span class='ocr_line' id='line_1_129' title="bbox 300 5748 3774 5834; baseline -0.008 -23"><span class='ocrx_word' id='word_1_1077' title='bbox 300 5748 607 5834; x_wconf 69' lang='grc' dir='ltr'>κρατοῦσαν</span> <span class='ocrx_word' id='word_1_1078' title='bbox 631 5752 775 5834; x_wconf 58' lang='grc' dir='ltr'>ΕιίιΙἶ</span> <span class='ocrx_word' id='word_1_1079' title='bbox 930 5749 1093 5804; x_wconf 87' lang='grc' dir='ltr'>αὐτόν</span> <span class='ocrx_word' id='word_1_1080' title='bbox 1115 5750 1182 5834; x_wconf 71' lang='grc' dir='ltr'>Α.</span> <span class='ocrx_word' id='word_1_1081' title='bbox 1215 5748 1403 5834; x_wconf 59' lang='grc' dir='ltr'>εωῑετξ</span> <span class='ocrx_word' id='word_1_1082' title='bbox 1429 5748 1618 5834; x_wconf 79' lang='grc' dir='ltr'>αὑτοῦ.</span> <span class='ocrx_word' id='word_1_1083' title='bbox 1695 5748 1740 5783; x_wconf 78' lang='grc'>³⁸</span> <span class='ocrx_word' id='word_1_1084' title='bbox 1777 5748 2034 5834; x_wconf 67' lang='grc' dir='ltr'>γεννητὸς</span> <span class='ocrx_word' id='word_1_1085' title='bbox 2057 5748 2126 5824; x_wconf 83' lang='grc' dir='ltr'>ἦν</span> <span class='ocrx_word' id='word_1_1086' title='bbox 2155 5748 2315 5834; x_wconf 57' lang='grc' dir='ltr'>αὑτρς</span> <span class='ocrx_word' id='word_1_1087' title='bbox 2341 5752 2539 5834; x_wconf 48' lang='lat' dir='ltr'>utubi</span> <span class='ocrx_word' id='word_1_1088' title='bbox 2561 5748 2820 5834; x_wconf 52' lang='grc' dir='ltr'>γυγαικδς</span> <span class='ocrx_word' id='word_1_1089' title='bbox 2939 5757 3003 5834; x_wconf 73' lang='lat' dir='ltr'>E__</span> <span class='ocrx_word' id='word_1_1090' title='bbox 3035 5753 3480 5834; x_wconf 38' lang='lat' dir='ltr'>gy&#39;ﬁvmiokx.</span> <span class='ocrx_word' id='word_1_1091' title='bbox 3505 5748 3774 5834; x_wconf 57' lang='grc' dir='ltr'>ἦνδᾳὺτές</span> 
     </span>
    </p>
   </div>
   <div class='ocr_carea' id='block_1_128' title="bbox 235 5819 1981 5894">
    <p class='ocr_par' dir='ltr' id='par_1_128' title="bbox 235 5819 1981 5894">
     <span class='ocr_line' id='line_1_130' title="bbox 235 5819 1981 5894; baseline -0.006 -9"><span class='ocrx_word' id='word_1_1092' title='bbox 235 5836 237 5838; x_wconf 76' lang='grc'><strong><em>’</em></strong></span> <span class='ocrx_word' id='word_1_1093' title='bbox 301 5819 437 5888; x_wconf 70' lang='grc' dir='ltr'>Εὶιιί.</span> <span class='ocrx_word' id='word_1_1094' title='bbox 475 5827 730 5880; x_wconf 78' lang='lat' dir='ltr'><strong>Nostram</strong></span> <span class='ocrx_word' id='word_1_1095' title='bbox 763 5821 1048 5894; x_wconf 69' lang='lat' dir='ltr'>lectionem</span> <span class='ocrx_word' id='word_1_1096' title='bbox 1074 5827 1354 5894; x_wconf 58' lang='lat' dir='ltr'><strong>vertgrunt</strong></span> <span class='ocrx_word' id='word_1_1097' title='bbox 1383 5819 1620 5894; x_wconf 46' lang='lat' dir='ltr'>[met-pp.</span> <span class='ocrx_word' id='word_1_1098' title='bbox 1651 5819 1981 5894; x_wconf 65' lang='grc' dir='ltr'>γυναικόςῖγ</span> 
     </span>
    </p>
   </div>
   <div class='ocr_carea' id='block_1_129' title="bbox 2093 5819 2329 5894">
    <p class='ocr_par' dir='ltr' id='par_1_129' title="bbox 2093 5821 2329 5894">
     <span class='ocr_line' id='line_1_131' title="bbox 2093 5821 2329 5894; baseline 0.017 -22"><span class='ocrx_word' id='word_1_1099' title='bbox 2093 5822 2232 5894; x_wconf 59' lang='lat' dir='ltr'>nul}?</span> <span class='ocrx_word' id='word_1_1100' title='bbox 2265 5821 2329 5877; x_wconf 83' lang='grc' dir='ltr'>Ι).</span> 
     </span>
    </p>
   </div>
   <div class='ocr_carea' id='block_1_130' title="bbox 2430 5822 3770 5903">
    <p class='ocr_par' dir='ltr' id='par_1_130' title="bbox 2430 5822 3770 5903">
     <span class='ocr_line' id='line_1_132' title="bbox 2430 5822 3770 5903; baseline -0.008 -8"><span class='ocrx_word' id='word_1_1101' title='bbox 2515 5823 2926 5903; x_wconf 72' lang='grc' dir='ltr'>ἔχοι],σχοίη,βο</span> <span class='ocrx_word' id='word_1_1102' title='bbox 2961 5828 3023 5882; x_wconf 82' lang='grc' dir='ltr'>Ε·</span> <span class='ocrx_word' id='word_1_1103' title='bbox 3055 5822 3567 5903; x_wconf 48' lang='grc' dir='ltr'>ἄν’ἔχοιίβξέχοιέν</span> <span class='ocrx_word' id='word_1_1104' title='bbox 3594 5831 3663 5886; x_wconf 78' lang='grc' dir='ltr'>ἄν</span> <span class='ocrx_word' id='word_1_1105' title='bbox 3705 5822 3770 5885; x_wconf 71' lang='lat' dir='ltr'><strong>F.</strong></span> 
     </span>
    </p>
   </div>
   <div class='ocr_carea' id='block_1_131' title="bbox 302 5889 1981 5975">
    <p class='ocr_par' dir='ltr' id='par_1_131' title="bbox 302 5889 1981 5975">
     <span class='ocr_line' id='line_1_133' title="bbox 302 5889 1981 5975; baseline 0.004 -36"><span class='ocrx_word' id='word_1_1106' title='bbox 302 5908 347 5939; x_wconf 75' lang='grc' dir='ltr'>ιο</span> <span class='ocrx_word' id='word_1_1107' title='bbox 386 5898 484 5968; x_wconf 81' lang='grc' dir='ltr'>τὴν</span> <span class='ocrx_word' id='word_1_1108' title='bbox 515 5896 727 5966; x_wconf 82' lang='grc' dir='ltr'>ἡμέραν</span> <span class='ocrx_word' id='word_1_1109' title='bbox 754 5892 934 5975; x_wconf 36' lang='grc' dir='ltr'>τίω...</span> <span class='ocrx_word' id='word_1_1110' title='bbox 1049 5891 1457 5975; x_wconf 51' lang='grc' dir='ltr'>του-ι’έΙιΞτιν-οιῐ]ἐ</span> <span class='ocrx_word' id='word_1_1111' title='bbox 1484 5889 1981 5975; x_wconf 27' lang='grc' dir='ltr'>Αζλῡεῐθηὶῃνὶξξξί</span> 
     </span>
    </p>
   </div>
   <div class='ocr_carea' id='block_1_132' title="bbox 2093 5889 3773 5975">
    <p class='ocr_par' dir='ltr' id='par_1_132' title="bbox 2097 5889 3773 5975">
     <span class='ocr_line' id='line_1_134' title="bbox 2097 5889 3773 5975; baseline 0.003 -26"><span class='ocrx_word' id='word_1_1112' title='bbox 2097 5903 2151 5950; x_wconf 81' lang='lat' dir='ltr'><strong>et</strong></span> <span class='ocrx_word' id='word_1_1113' title='bbox 2174 5892 2357 5951; x_wconf 83' lang='lat' dir='ltr'>Verss.</span> <span class='ocrx_word' id='word_1_1114' title='bbox 2409 5893 2474 5968; x_wconf 57' lang='lat' dir='ltr'>f‘</span> <span class='ocrx_word' id='word_1_1115' title='bbox 2500 5889 2803 5968; x_wconf 73' lang='grc' dir='ltr'>προσέχητε</span> <span class='ocrx_word' id='word_1_1116' title='bbox 2823 5889 2896 5953; x_wconf 70' lang='grc' dir='ltr'>Ἐ.</span> <span class='ocrx_word' id='word_1_1117' title='bbox 2914 5889 3233 5972; x_wconf 75' lang='grc' dir='ltr'>προσέχοι-ἷτέ</span> <span class='ocrx_word' id='word_1_1118' title='bbox 3260 5901 3393 5959; x_wconf 83' lang='lat' dir='ltr'><strong>Edd.</strong></span> <span class='ocrx_word' id='word_1_1119' title='bbox 3520 5918 3572 5975; x_wconf 89' lang='lat' dir='ltr'><strong>p.</strong></span> <span class='ocrx_word' id='word_1_1120' title='bbox 3595 5916 3773 5974; x_wconf 82' lang='grc' dir='ltr'>προσ-</span> 
     </span>
    </p>
   </div>
   <div class='ocr_carea' id='block_1_133' title="bbox 304 5960 2007 6049">
    <p class='ocr_par' dir='ltr' id='par_1_133' title="bbox 304 5960 2007 6049">
     <span class='ocr_line' id='line_1_135' title="bbox 304 5960 2007 6049; baseline -0.002 -27"><span class='ocrx_word' id='word_1_1121' title='bbox 304 5960 462 6040; x_wconf 74' lang='grc' dir='ltr'>έυηκὲ</span> <span class='ocrx_word' id='word_1_1122' title='bbox 499 5960 810 6038; x_wconf 59' lang='grc' dir='ltr'>ρὸεϊχρεία</span> <span class='ocrx_word' id='word_1_1123' title='bbox 841 5960 1080 6031; x_wconf 84' lang='lat' dir='ltr'>rejicitur</span> <span class='ocrx_word' id='word_1_1124' title='bbox 1110 5962 1164 6016; x_wconf 91' lang='lat' dir='ltr'><strong>in</strong></span> <span class='ocrx_word' id='word_1_1125' title='bbox 1198 5960 1333 6018; x_wconf 85' lang='lat' dir='ltr'><strong>Edd.</strong></span> <span class='ocrx_word' id='word_1_1126' title='bbox 1411 5961 1456 5996; x_wconf 75' lang='lat'>“</span> <span class='ocrx_word' id='word_1_1127' title='bbox 1497 5961 1588 6016; x_wconf 84' lang='grc' dir='ltr'>καί</span> <span class='ocrx_word' id='word_1_1128' title='bbox 1611 5961 1772 6049; x_wconf 73' lang='lat' dir='ltr'>deest</span> <span class='ocrx_word' id='word_1_1129' title='bbox 1795 5964 1850 6019; x_wconf 88' lang='lat' dir='ltr'>in</span> <span class='ocrx_word' id='word_1_1130' title='bbox 1874 5963 2007 6049; x_wconf 64' lang='lat' dir='ltr'>1‘1de</span> 
     </span>
    </p>
   </div>
  </div>
