4074 6358
380 364 485 420 421

378 481 548 535 xisset
574 479 718 533 illum
746 479 1001 550 propheta
1030 482 1284 551 majorem
1312 499 1431 540 esse
1449 528 1463 552 ,
1493 487 1725 542 ostendit
1761 489 1813 542 in
1860 504 1965 558 quo

374 571 452 623 sit
498 570 687 639 major.
742 570 799 624 In
851 586 957 641 quo
994 587 1121 642 ergo
1165 574 1335 643 major
1362 586 1443 631 est
1468 577 1491 629 ?
1516 577 1669 644 Quod
1701 578 1771 633 sit
1800 593 1966 649 prope

372 678 500 715 eum
544 662 633 731 qui
677 662 911 717 advenit.
966 663 1097 717 Nam
1144 666 1217 719 ait
1251 682 1263 717 :
1297 666 1498 721 Mittam
1536 670 1773 738 angelum
1802 687 1965 723 meum

371 763 496 807 ante
538 754 720 824 faciem
765 765 944 821 tuam;
973 756 1022 809 id
1054 766 1172 823 est,
1205 774 1370 828 prope
1407 769 1478 815 te.
1507 761 1964 829 Quemadmodum

370 850 520 903 enim
564 848 702 918 apud
743 864 929 919 reges,
961 851 1048 918 qui
1081 866 1245 921 prope
1275 867 1490 907 currum
1532 855 1812 922 incedunt,
1845 858 1963 913 aliis

369 944 634 1012 dignitate
674 950 905 1016 majores
935 958 1060 1005 sunt
1090 969 1101 1001 :
1135 953 1211 1006 sic
1240 950 1474 1007 Joannes
1500 968 1666 1023 prope
1693 952 1960 1009 Christum

368 1035 743 1092 advenientem
787 1040 1035 1095 incedere
1080 1042 1338 1097 cernitur.
1366 1042 1500 1098 Vide
1529 1045 1796 1114 quomodo
1839 1045 1963 1101 hinc

370 1125 491 1192 ejus
521 1128 894 1183 excellentiam
921 1130 1186 1198 declarat;
1217 1148 1388 1203 neque
1416 1132 1505 1188 hic
1534 1134 1754 1203 gradum
1782 1136 1957 1197 sistit,

365 1217 468 1270 sed
501 1234 648 1272 suam
679 1231 864 1290 postea
893 1222 1044 1276 effert
1075 1225 1393 1279 sententiam
1432 1225 1614 1279 dicens
1642 1244 1655 1279 :
1686 1227 1772 1280 11.
1800 1226 1960 1280 Amen

366 1311 487 1364 dico
532 1312 668 1366 vobis
693 1355 706 1377 ,
760 1331 859 1368 non
898 1317 1115 1370 surrexit
1154 1317 1284 1371 inter
1327 1327 1471 1372 natos
1497 1320 1766 1373 mulierum
1796 1322 1960 1391 major

363 1403 575 1459 Joanne
601 1406 852 1477 Baptista.
882 1408 939 1464 Id
960 1419 1061 1474 est,
1090 1425 1196 1465 non
1224 1412 1431 1483 peperit
1458 1412 1647 1467 mulier
1676 1412 1764 1467 illo
1793 1413 1961 1483 majo-

366 1511 509 1550 rem.
543 1496 749 1553 Sulﬁcit
773 1499 889 1555 haec
927 1502 1217 1568 sententia;
1253 1502 1351 1557 sed
1383 1502 1428 1558 si
1450 1503 1529 1557 vis
1558 1517 1623 1557 ex
1650 1503 1806 1558 rebus
1828 1504 1957 1572 ipsis

364 1589 613 1646 ediscere
635 1633 649 1657 ,
693 1593 971 1649 considera
1004 1594 1142 1649 illius
1170 1610 1408 1651 mensam
1429 1637 1443 1661 ,
1485 1597 1681 1651 victum
1706 1637 1723 1664 ,
1763 1598 1957 1652 mentis

364 1682 774 1739 sublimitatem.
806 1684 936 1739 Nam
966 1687 1045 1741 sic
1069 1686 1303 1753 vivebat,
1331 1702 1395 1742 ac
1418 1689 1464 1742 si
1494 1689 1548 1742 in
1576 1688 1708 1743 cmlo
1734 1687 1951 1754 fuisset,

360 1783 529 1841 atque
559 1776 887 1831 naturalibus
914 1776 1158 1845 superior
1183 1778 1588 1833 necessitatibus
1608 1820 1623 1845 ,
1653 1778 1953 1833 mirabilem

363 1867 652 1933 quamdam
702 1869 957 1940 carpebat
996 1872 1135 1925 viam
1160 1913 1176 1938 ,
1223 1872 1275 1925 in
1306 1871 1517 1942 hymnis
1546 1881 1599 1926 et
1625 1872 1954 1927 orationibus

362 1966 537 2013 totum
576 1968 784 2032 tempus
828 1962 1124 2032 transigens
1150 2003 1167 2029 ,
1198 1978 1320 2018 cum
1357 1964 1659 2018 mortalium
1702 1966 1949 2032 nemine,

361 2050 462 2105 sed
487 2067 607 2108 cum
638 2053 754 2107 solo
777 2054 886 2109 Deo
906 2053 1166 2124 colloquia
1188 2054 1436 2110 miscens.
1461 2054 1734 2109 Neminem
1758 2056 1952 2126 quippe

358 2160 744 2201 conservorum
764 2154 1000 2211 noverat,
1019 2161 1123 2200 non
1137 2160 1195 2201 se
1210 2146 1639 2216 conspiciendum
1658 2147 1947 2218 praebebat,

362 2251 473 2289 non
500 2236 638 2291 lacte
665 2236 940 2302 alebatur,
975 2251 1083 2291 non
1109 2237 1283 2305 lecto,
1316 2254 1421 2293 non
1453 2248 1627 2305 tecto,
1662 2253 1767 2293 non
1804 2238 1946 2302 loro,

359 2343 471 2380 non
518 2327 620 2381 alia
666 2329 914 2398 quapiam
961 2327 1193 2383 humana
1233 2343 1292 2384 re
1330 2328 1632 2395 fruebatur;
1674 2336 1730 2383 et
1772 2337 1947 2383 tamen

361 2433 675 2474 mansuetus
714 2429 829 2476 erat
871 2420 1030 2475 simul
1067 2430 1227 2491 atque
1263 2420 1574 2477 vehemens.
1613 2420 1753 2475 Audi
1792 2421 1948 2492 igitur

355 2530 483 2567 cum
525 2522 721 2583 quanta
754 2514 1118 2570 moderatione
1161 2513 1447 2584 discipulos
1475 2514 1796 2585 alloquatur,
1824 2528 1944 2568 cum

355 2616 555 2673 quanta
582 2607 631 2659 vi
660 2604 892 2671 Judmos,
923 2621 1042 2660 cum
1069 2614 1265 2676 quanta
1295 2606 1539 2661 libertate
1564 2620 1766 2674 regem.
1791 2604 1944 2659 Ideo-

354 2712 463 2766 que
487 2697 696 2751 dicebat
727 2697 970 2752 Christus
988 2739 1003 2763 ,
1035 2697 1157 2751 Non
1182 2699 1400 2753 surrexit
1437 2699 1566 2752 inter
1589 2705 1732 2752 natos
1760 2697 1939 2751 mulie-

354 2805 471 2842 rum
514 2789 679 2859 major
700 2788 901 2844 Joanne
918 2788 1171 2861 Baptista.
1203 2789 1307 2846 Sed
1334 2805 1402 2845 ne
1430 2789 1647 2845 laudum
1679 2791 1940 2859 magnitu-

352 2883 425 2938 do
456 2883 651 2954 aliquid
685 2884 882 2938 erroris
914 2892 1157 2953 pareret,
1188 2897 1321 2939 neve
1350 2881 1519 2937 Judaei
1556 2883 1704 2938 illum
1731 2881 1943 2937 Christo

354 2976 705 3044 prmferrent,
754 2975 875 3031 vide
914 2975 1181 3046 quomodo
1227 2976 1328 3030 hoc
1375 2976 1762 3032 accommodet.
1808 2976 1953 3031 Nam

352 3070 496 3125 sicut
523 3085 584 3123 ex
627 3069 818 3139 quibus
846 3068 1089 3139 discipuli
1119 3067 1499 3134 ﬁrmabantur,
1552 3068 1722 3123 turba:
1769 3068 1938 3122 detri-

353 3169 595 3213 mentum
623 3159 988 3228 accipiebant,
1018 3158 1188 3213 levem
1214 3158 1365 3213 illum
1404 3173 1523 3214 esse
1555 3166 1799 3228 putantes
1825 3176 1837 3211 :
1861 3158 1941 3215 sic

350 3264 419 3305 ex
446 3251 636 3321 quibus
666 3250 832 3306 turbae
854 3249 1291 3318 emendabantur,
1313 3249 1486 3319 majus
1506 3249 1757 3305 damnum
1788 3264 1940 3304 acce-

350 3341 534 3407 debat,
566 3357 685 3397 cum
706 3357 770 3398 ex
797 3341 953 3397 dictis
981 3341 1237 3411 majorem
1258 3342 1324 3398 de
1349 3343 1441 3397 illo
1461 3358 1619 3413 quam
1641 3342 1707 3397 de
1725 3340 1939 3396 Christo

349 3435 635 3493 sumebant
673 3434 999 3506 opinionem.
1032 3434 1162 3489 Illud
1193 3450 1321 3504 ergo
1347 3477 1363 3503 ,
1402 3435 1600 3491 nullam
1630 3434 1938 3504 relinquens

350 3529 730 3598 suspicionem,
783 3526 1001 3596 corrigit
1041 3526 1125 3581 his
1177 3527 1352 3583 verbis
1394 3543 1411 3584 :
1457 3527 1557 3594 Qui
1581 3536 1749 3581 autem
1773 3526 1937 3580 minor

349 3630 423 3675 est
449 3622 504 3675 in
526 3636 683 3691 regno
707 3620 965 3684 caelorum,
991 3622 1156 3691 major
1174 3629 1247 3675 est
1273 3620 1384 3674 illo.
1420 3618 1611 3684 Minor,
1643 3618 1937 3675 secundum

348 3722 600 3781 aetatem,
647 3722 702 3769 et
743 3714 1035 3769 secundum
1078 3713 1718 3781 multorum‘opinionem
1756 3728 1769 3765 :
1812 3727 1935 3767 nam

348 3807 597 3863 dicebant
652 3807 827 3877 ipsum
881 3805 1100 3861 edacem
1167 3819 1287 3860 esse
1334 3813 1389 3860 et
1461 3804 1571 3858 vini
1637 3813 1935 3875 potatorem

353 3897 568 3968 (Matth.
590 3898 675 3952 II.
694 3897 804 3967 I9):
820 3907 895 3963 et,
916 3896 1102 3950 Nonne
1121 3897 1201 3950 hic
1225 3895 1357 3967 fabri
1376 3896 1513 3966 filius
1528 3905 1598 3966 est
1616 3895 1824 3967 (Matth.
1845 3896 1932 3950 I5.

348 3988 477 4049 55)?
505 3996 665 4058 atque
708 3988 900 4057 ubique
932 3988 1104 4057 ipsum
1138 3987 1519 4056 despiciebant.
1556 3985 1692 4054 Quid
1737 3986 1895 4057 igitur
1916 4027 1932 4053 ,

349 4081 590 4150 inquies,
621 4087 959 4149 comparatus
1000 4094 1120 4133 cum
1148 4078 1354 4134 Joanne
1384 4080 1552 4147 major
1578 4077 1730 4133 erat?
1757 4078 1931 4134 Absit.

351 4173 533 4243 Neque
582 4173 723 4227 enim
771 4171 1005 4226 Joannes
1048 4170 1259 4241 quando
1302 4170 1470 4234 dicit,
1522 4169 1728 4223 Fortior
1757 4186 1835 4223 me
1862 4178 1935 4224 est

352 4264 566 4334 (Matth.
598 4264 649 4320 5.
696 4264 822 4333 11),
851 4264 903 4318 id
930 4262 1477 4333 comparaudO‘dicit;
1508 4277 1679 4333 neque
1710 4262 1930 4331 Paulus,

348 4370 468 4409 cum
498 4359 732 4427 Moysem
782 4356 860 4411 sic
889 4366 1188 4420 memorat,
1220 4355 1470 4423 Ampliori
1504 4355 1635 4409 enim
1669 4356 1832 4425 gloria
1853 4355 1933 4409 hic

346 4465 500 4518 quam
522 4447 720 4518 Moyses
741 4447 977 4518 dignatus
994 4456 1064 4501 est
1090 4446 1272 4518 (Hebr.
1298 4448 1349 4501 5.
1381 4446 1457 4516 5),
1488 4446 1602 4500 haec
1628 4457 1932 4516 comparate

347 4540 492 4595 dicit.
531 4541 595 4594 Et
620 4543 731 4610 ipse
758 4556 879 4594 cum
910 4540 1010 4607 ait,
1043 4538 1173 4593 Ecce
1209 4541 1324 4610 plus
1370 4556 1522 4608 quam
1562 4539 1810 4595 Salomon
1850 4541 1931 4594 hic

349 4635 561 4705 (Matth.
595 4634 683 4690 12.
715 4634 835 4705 24),
859 4634 975 4688 haec
1003 4648 1107 4688 non
1135 4634 1497 4702 comparando
1522 4634 1668 4689 dicit.
1703 4634 1856 4701 Quod
1884 4634 1927 4688 si

346 4728 705 4784 concedamus
756 4727 904 4781 illum
946 4727 1060 4782 hare
1086 4742 1183 4795 per
1210 4728 1663 4796 comparationem
1693 4727 1925 4791 dixisse,

348 4832 434 4873 res
485 4821 554 4872 ita
611 4817 676 4872 ad
724 4816 1050 4872 audientium
1099 4817 1462 4873 inﬁrmitatem
1526 4819 1923 4873 accommodata

347 4905 527 4963 fuerit.
583 4908 639 4963 In
688 4924 878 4978 magna
933 4910 1074 4963 enim
1141 4909 1531 4964 existimatione
1596 4909 1925 4974 habebatur,

349 4997 601 5071 illumque
637 5015 823 5055 carcer
850 5001 1191 5072 insigniorem
1242 5001 1586 5068 reddiderat,
1625 5018 1831 5059 necnon
1861 5003 1925 5055 Ii-

347 5104 527 5150 bertas
570 5096 620 5149 in
671 5094 944 5164 arguendo
973 5110 1097 5165 rege
1123 5136 1137 5161 ,
1167 5106 1324 5166 atque
1356 5096 1406 5150 id
1434 5096 1661 5150 libenter
1686 5111 1715 5148 a
1746 5096 1927 5149 multis

346 5189 422 5244 sic
470 5189 849 5259 accipiebatur.
899 5190 1111 5243 Etenim
1165 5190 1328 5244 Vetus
1377 5206 1588 5260 quoque
1651 5189 1924 5258 Scriptura

349 5282 480 5338 solet
521 5283 813 5338 errantium
860 5282 1067 5335 animos
1114 5282 1407 5336 emendare
1433 5324 1447 5349 ,
1476 5281 1836 5351 comparando
1863 5296 1924 5335 ea

353 5390 461 5440 iure
491 5373 792 5443 comparari
815 5388 920 5427 non
946 5381 1201 5442 possunt;
1222 5385 1278 5427 ut
1304 5374 1515 5441 quando
1542 5373 1735 5428 dicitur
1762 5391 1773 5426 :
1805 5372 1926 5427 Non

352 5476 415 5519 9st
441 5467 621 5521 simiﬁs
667 5467 739 5520 tui
778 5467 830 5519 in
870 5467 989 5530 diis,
1033 5465 1252 5520 Domine
1277 5466 1446 5538 (Psal.
1476 5468 1565 5522 85.
1596 5468 1685 5533 8),
1717 5476 1772 5521 et
1799 5484 1923 5521 rur-

346 5572 457 5613 sum
478 5600 495 5626 ,
543 5558 667 5613 Non
708 5568 781 5613 est
819 5559 940 5612 deus
964 5560 1093 5613 sicut
1129 5558 1265 5614 Deus
1290 5569 1456 5613 noster
1484 5558 1655 5629 (Psal.
1687 5559 1775 5614 76.
1806 5559 1919 5629 14).

352 5648 539 5706 Volunt
581 5659 760 5705 autem
799 5650 1012 5720 quidam
1044 5650 1096 5704 id
1136 5650 1203 5704 de
1243 5650 1499 5719 apostolis
1525 5649 1727 5705 dixisse
1764 5649 1922 5705 Chri-

347 5751 483 5797 stum
548 5740 637 5796 alii
675 5740 742 5796 de
778 5741 1016 5811 angelis;
1057 5740 1150 5794 sed
1219 5742 1377 5797 male.
1426 5740 1558 5797 Nam
1606 5757 1727 5796 cum
1754 5742 1920 5797 semel

348 5836 554 5905 quidam
584 5852 615 5894 a
637 5838 858 5894 veritate
888 5836 1201 5905 aberraiint,
1225 5835 1399 5893 solent
1425 5837 1477 5891 in
1507 5835 1703 5892 multos
1725 5834 1914 5893 deduci

1273 368 1339 423 IN
1376 366 1783 425 MATTHJEUM
1825 368 2055 425 HOMIL.
2088 370 2348 430 XXXVII.
2392 380 2459 431 al.
2505 380 2787 436 XXXVIII.

3550 391 3656 447 4‘29

2077 500 2307 545 errores.
2341 492 2452 559 Qua
2483 496 2625 548 enim
2654 501 3031 569 consequentia
3063 502 3113 555 id
3141 503 3221 557 vel
3254 506 3319 560 de
3357 509 3613 575 apostolis
3636 554 3651 577 ,

2071 580 2154 633 vel
2183 581 2250 636 de
2273 586 2475 653 angelis
2503 586 2769 644 dixisset?
2792 592 3041 663 Alioquin
3062 612 3209 661 vero,
3238 600 3282 651 si
3306 599 3372 654 de
3395 604 3654 670 apostolis

2070 670 2322 740 dixisset,
2370 679 2496 746 quid
2540 681 2753 737 vetabat
2800 687 3084 753 quominus
3130 692 3469 747 nominaret?
3520 695 3651 750 Cum

2069 772 2245 818 autem
2288 765 2356 821 de
2402 770 2579 838 seipso
2610 771 2775 839 dicit,
2801 774 2923 843 jure
2959 792 3239 845 personam
3268 783 3408 837 celat
3437 784 3505 839 ob
3532 801 3651 841 eam

2068 869 2186 923 qute
2210 857 2482 915 obtinebat
2521 864 2824 932 opinionem
2853 885 2867 933 ;
2909 883 2971 923 ac
3007 886 3073 923 ne
3102 871 3376 928 videretur
3400 892 3652 947 magnum

2068 947 2337 1017 quidpiam
2359 951 2426 1006 de
2453 968 2510 1007 se
2539 955 2717 1011 dicere
2750 975 2763 1012 :
2794 959 2845 1013 id
2875 962 3015 1029 quod
3045 976 3187 1033 smpe
3213 965 3481 1022 observat.
3514 970 3649 1036 Quid
3720 992 3723 997 ν

2067 1048 2245 1093 autem
2276 1041 2404 1095 illud
2434 1055 2536 1111 est,
2568 1045 2634 1100 In
2664 1065 2818 1119 regno
2842 1052 3127 1107 caelorum?
3155 1055 3211 1110 In
3243 1058 3641 1126 Spiritualibus,

2065 1139 2119 1186 et
2158 1134 2210 1187 in
2254 1136 2555 1193 caelestibus
2600 1143 2867 1199 omnibus.
2910 1147 3041 1201 Cum
3088 1159 3265 1205 autem
3314 1152 3478 1219 dicit,
3528 1154 3657 1209 Non

2064 1220 2283 1281 surrexit
2312 1226 2452 1279 inter
2486 1242 2631 1288 natos
2670 1238 2935 1291 mulierum
2974 1241 3139 1310 major
3188 1248 3424 1314 Joanne,
3455 1246 3650 1302 distin-

2063 1317 2258 1384 guebat
2282 1333 2341 1374 se
2365 1335 2394 1373 a
2420 1321 2645 1390 Joanne,
2669 1336 2723 1381 et
2749 1343 2806 1383 se
2833 1331 3181 1387 subtrahebat
3199 1340 3579 1405 comparationi
3606 1343 3643 1392 ι.

2064 1444 2070 1451 ε
2132 1408 2185 1462 5.
2224 1409 2356 1466 Nam
2387 1413 2433 1468 si
2461 1415 2573 1485 ipse
2599 1418 2739 1474 inter
2767 1431 2919 1477 natos
2946 1424 3229 1482 mulierum
3259 1439 3406 1499 erat,
3451 1442 3504 1487 at
3543 1449 3648 1491 non

2061 1500 2200 1556 sicut
2225 1504 2459 1563 Joannes
2490 1529 2501 1563 :
2532 1527 2704 1584 neque
2733 1516 2874 1571 enim
2920 1517 3081 1575 homo
3121 1530 3322 1578 tantum
3360 1536 3503 1591 erat,
3548 1544 3648 1583 nec

2060 1592 2197 1649 sicut
2238 1594 2400 1653 homo
2438 1600 2611 1656 editus
2651 1604 2851 1671 fuerat,
2901 1610 2996 1665 sed
3038 1615 3297 1680 stupende
3334 1618 3562 1686 quodam
3594 1630 3647 1674 et

2060 1686 2287 1781 mirabili
2317 1704 2489 1760 partu.
2524 1695 2610 1750 12.
2653 1697 2697 1751 Α
2736 1698 2908 1754 diebus
2934 1714 3097 1756 autem
3125 1703 3339 1763 Joannis
3366 1707 3642 1781 Baptistw,

2059 1775 2258 1849 inquit,
2291 1798 2446 1853 usque
2478 1802 2644 1854 nunc,
2688 1806 2897 1861 regnum
2935 1796 3174 1848 cwlorum
3208 1799 3307 1851 vim
3347 1802 3556 1871 patitur,
3598 1812 3646 1857 et

2058 1871 2262 1964 violenti
2285 1876 2491 1944 rapiunt
2508 1877 2657 1937 illud.
2682 1882 2749 1936 Et
2767 1899 2872 1953 quo
2899 1896 3079 1954 pacto,
3111 1888 3316 1959 inquies
3335 1933 3350 1958 ,
3376 1892 3488 1949 haec
3509 1911 3645 1964 pra:-

2057 1959 2367 2019 cedentibus
2389 1967 2697 2025 cohaerent?
2724 1972 2934 2044 Optime
2955 1988 3101 2034 certe
3126 1991 3179 2035 et
3205 1981 3486 2040 admodum
3509 1959 3643 2041 cou-

2057 2065 2341 2123 sequenter
2366 2076 2378 2111 :
2401 2063 2595 2117 etenim
2622 2064 2743 2121 hinc
2766 2066 2881 2122 illos
2904 2069 2970 2124 ad
2992 2073 3314 2129 credendum
3335 2077 3383 2130 in
3412 2094 3468 2131 se
3490 2094 3639 2133 eom-

2055 2145 2204 2213 pellit
2231 2156 2284 2202 et
2311 2150 2527 2217 incitat,
2562 2155 2825 2227 simulque
2866 2160 2953 2215 illa
2997 2179 3117 2233 qua:
3158 2180 3317 2235 supra
3348 2169 3486 2223 dicta
3517 2181 3640 2226 sunt

2053 2248 2085 2289 a
2112 2235 2317 2294 Joanne
2344 2246 2675 2314 comprobat.
2705 2248 2835 2303 Nam
2863 2252 2905 2305 si
2941 2269 3109 2324 usque
3137 2256 3203 2310 ad
3232 2258 3490 2315 Joannem
3518 2278 3605 2317 om
3623 2295 3638 2308 ι

2054 2327 2141 2381 nia
2169 2333 2433 2402 completa
2461 2348 2602 2404 sunt,
2632 2340 2747 2411 Ego
2772 2357 2887 2397 sum
2916 2348 3006 2415 qui
3035 2349 3228 2404 venio:
3258 2368 3379 2407 nam
3410 2357 3484 2408 ait
3509 2375 3519 2408 :
3548 2348 3636 2411 I5.

2057 2418 2251 2516 Omnes
2272 2426 2532 2494 propheta:
2560 2439 2606 2483 et
2645 2433 2728 2486 lex
2754 2450 2910 2504 usque
2936 2439 3004 2490 ad
3030 2438 3280 2495 Joannem
3308 2446 3639 2516 praphetave-

2049 2521 2187 2604 runt.
2206 2513 2321 2569 Non
2339 2519 2479 2572 enim
2498 2535 2797 2579 cessassent
2813 2530 3105 2597 prophetae,
3121 2532 3221 2587 nisi
3238 2549 3337 2604 ego
3351 2513 3635 2594 venissem.

2048 2600 2191 2659 Nihil
2220 2618 2348 2677 ergo
2377 2610 2511 2665 ultra
2541 2618 2881 2686 exspectetis,
2914 2635 3011 2674 nec
3038 2621 3197 2677 alium
3242 2600 3465 2695 speretis
3501 2646 3635 2685 ven-

2050 2701 2245 2751 turum.
2271 2697 2423 2765 Quod
2444 2716 2542 2773 ego
2570 2705 2667 2759 sim
2696 2707 2867 2776 palam
2897 2720 2977 2765 est
3004 2727 3071 2770 ex
3101 2728 3166 2768 eo
3195 2717 3333 2785 quod
3362 2719 3651 2789 prophetae

2047 2790 2326 2881 cessarint,
2346 2794 2559 2863 etquod
2583 2798 2736 2852 multi
2757 2802 2991 2870 quotidie
3014 2804 3174 2860 ﬁdem
3197 2808 3249 2861 in
3272 2825 3358 2865 me
3380 2812 3588 2881 rapiant
3612 2834 3627 2869 :

2046 2879 2119 2935 ita
2148 2882 2342 2953 quippe
2367 2886 2511 2942 clara
2541 2899 2623 2944 est
2651 2900 2704 2946 et
2732 2894 3036 2963 manifesta,
3069 2909 3125 2953 ut
3163 2916 3280 2956 eam
3311 2879 3460 2959 multi
3487 2907 3636 2961 abri-

2047 2973 2211 3041 piant.
2242 2976 2311 3030 Et
2338 2979 2485 3048 quis,
2514 2998 2717 3050 quaeso,
2752 2987 2962 3054 rapuit?
2990 2990 3259 3062 Quotquot
3296 3010 3418 3051 cum
3457 3000 3635 3055 studio

2044 3080 2403 3125 accesserunt.
2458 3074 2617 3129 Aliud
2659 3076 2851 3134 deinde
2898 3081 3147 3137 indicium
3199 3088 3347 3155 ponit
3388 3088 3572 3148 dicens
3613 3114 3627 3149 :

2045 3159 2132 3214 14.
2165 3160 2226 3216 Si
2254 3164 2403 3219 vultis
2428 3167 2646 3238 recipere
2662 3211 2677 3234 ,
2706 3171 2815 3240 ipse
2839 3182 2913 3226 est
2935 3174 3115 3230 Helias
3131 3217 3146 3243 ,
3166 3179 3260 3246 qui
3278 3192 3514 3239 venturus
3535 3197 3631 3242 est.

2043 3252 2246 3309 Mittam
2293 3259 2453 3350 enim,
2496 3261 2698 3331 inquit,
2748 3264 2885 3318 vobis
2930 3265 3134 3323 Heliam
3179 3271 3497 3342 Thesbitem,
3543 3281 3631 3350 qui

2042 3355 2298 3400 convertat
2322 3346 2475 3402 corda
2506 3353 2664 3417 patris
2697 3354 2750 3407 in
2788 3357 2922 3424 ﬁlios
2961 3358 3130 3430 (Mal.
3161 3363 3214 3417 4.
3259 3363 3348 3436 5).
3384 3367 3478 3422 Hic
3506 3346 3628 3435 est,

2041 3435 2148 3503 ait,
2179 3436 2354 3493 Helias
2373 3481 2389 3506 ,
2420 3441 2465 3495 si
2489 3443 2774 3500 attendatis
2801 3447 3095 3519 diligenter.
3133 3451 3274 3507 Nam
3299 3435 3513 3526 mittam,
3547 3461 3630 3514 in-

2041 3529 2192 3623 quit,
2224 3532 2459 3602 angelum
2487 3550 2650 3589 meum
2679 3547 2797 3592 ante
2833 3541 3012 3609 faciem
3051 3551 3188 3597 tuam
3221 3544 3398 3615 (Ibid.
3434 3551 3487 3605 5.
3539 3552 3626 3623 1).

2041 3619 2207 3677 Recte
2247 3624 2412 3689 dixit,
2460 3624 2520 3681 Si
2558 3628 2707 3682 vultis
2746 3631 2993 3699 recipere,
3034 3635 3323 3693 ostendens
3358 3619 3625 3697 neminem

2042 3715 2306 3772 violenter
2332 3717 2469 3789 cogi.
2501 3718 2616 3779 Non
2655 3735 2817 3792 cogo,
2856 3723 3045 3793 inquit.
3096 3725 3210 3783 Hoc
3250 3738 3425 3784 autem
3460 3732 3626 3800 dixit,

2039 3814 2243 3875 gratam
2266 3818 2451 3878 petens
2478 3812 2803 3868 voluntatem
2822 3856 2837 3881 ,
2865 3825 2919 3870 et
2956 3818 3243 3874 ostendens
3276 3820 3415 3876 hunc
3442 3823 3586 3878 illum
3608 3867 3623 3891 ,

2039 3908 2094 3953 et
2122 3899 2267 3954 illum
2297 3900 2439 3957 hunc
2466 3917 2605 3958 esse.
2649 3905 2823 3959 Ambo
2848 3908 2987 3961 enim
3018 3924 3179 3964 unum
3208 3926 3490 3981 suscepere
3520 3918 3624 3970 mi-

2039 3992 2315 4047 nisterium
2336 4035 2350 4057 ,
2383 4002 2439 4049 et
2462 4011 2820 4065 prtecursores
2846 4000 3005 4054 ambo
3030 4000 3260 4057 fuerunt.
3294 4004 3628 4077 Quapropter

2038 4100 2144 4139 non
2182 4086 2491 4156 simpliciter
2518 4086 2683 4151 dixit,
2717 4088 2816 4142 Hic
2846 4100 2917 4144 est
2959 4089 3167 4159 Helias,
3209 4094 3335 4160 sed,
3380 4096 3443 4151 Si
3477 4099 3626 4153 vultis

2038 4177 2257 4245 recipere
2274 4218 2290 4239 ,
2322 4178 2402 4231 hic
2426 4188 2498 4232 est
2514 4194 2533 4244 ;
2554 4179 2606 4233 id
2630 4188 2743 4247 est,
2776 4181 2830 4236 Si
2862 4182 3027 4250 proba
3054 4193 3231 4239 mente
3260 4188 3421 4254 gestis
3446 4198 3625 4244 atten-

2037 4267 2192 4324 datis.
2238 4269 2420 4341 Neque
2467 4270 2554 4325 bic
2591 4276 2769 4340 stetit,
2813 4274 2906 4328 sed
2952 4275 3239 4330 ostendens
3278 4277 3625 4350 intelligentia

2036 4376 2156 4416 esse
2185 4377 2318 4432 opus
2338 4404 2353 4428 ,
2400 4363 2523 4418 huic
2551 4364 2724 4432 dicto,
2768 4364 2869 4419 Hic
2906 4377 2978 4419 est
3010 4366 3189 4422 Helias
3209 4411 3222 4433 ,
3245 4372 3348 4442 'qui
3392 4384 3625 4430 venturus

2036 4465 2136 4518 est,
2166 4455 2393 4524 adjecit,
2424 4456 2511 4511 15.
2544 4456 2644 4522 Qui
2668 4456 2813 4510 habet
2838 4474 2985 4510 aures
3008 4460 3281 4529 audiendi,
3304 4466 3498 4517 audiat.
3523 4466 3626 4521 Tot

2036 4547 2313 4616 aenigmata
2356 4548 2617 4616 ponebat,
2664 4558 2720 4601 ut
2764 4548 2827 4601 ad
2880 4548 3309 4620 interrogandum
3357 4557 3619 4613 incitaret.

2035 4638 2187 4705 Quod
2229 4638 2273 4693 si
2305 4656 2373 4694 ne
2401 4640 2477 4693 sic
2516 4639 2727 4707 quidem
2760 4640 3110 4709 evigilabant,
3155 4645 3322 4699 multo
3359 4647 3533 4702 minus
3577 4649 3622 4703 si

2034 4732 2178 4785 clara
2208 4742 2263 4785 et
2290 4729 2568 4784 manifesta
2596 4729 2840 4785 fuissent.
2875 4730 3059 4801 Neque
3087 4733 3137 4787 id
3167 4735 3268 4789 dici
3297 4738 3482 4805 possit,
3516 4754 3622 4793 non

2034 4838 2195 4878 ausos
2222 4823 2382 4876 fuisse
2412 4822 2737 4892 interrogare
2760 4863 2774 4889 ,
2806 4823 2887 4877 vel
2921 4823 3063 4877 illum
3096 4825 3255 4881 fuisse
3295 4828 3441 4883 aditu
3478 4829 3622 4884 difﬁ-

2035 4917 2210 4969 cilem.
2242 4913 2372 4967 Nam
2401 4914 2489 4982 qui
2522 4914 2667 4968 illum
2694 4915 2760 4967 de
2792 4915 2987 4969 nullius
3014 4918 3167 4985 pretii
3200 4919 3357 4974 rebus
3388 4921 3621 4975 interro-

2032 5016 2285 5076 gavcrant
2333 5015 2797 5073 tentaverautque,
2848 5008 2951 5060 etsi
3001 5011 3303 5064 sexcenties
3356 5013 3621 5079 repulsam
3680 5020 3711 5078 «Ξ

2035 5103 2310 5164 tulissent,
2358 5114 2530 5169 neque
2559 5107 2866 5166 cessarent,
2909 5100 3176 5169 quomodo
3216 5116 3321 5154 non
3366 5101 3515 5157 illum
3554 5106 3624 5159 de

2033 5192 2349 5249 necessariis
2392 5194 2837 5259 interrogassent,
2872 5192 2917 5244 si
2946 5192 3159 5259 quidem
3198 5193 3438 5248 ediscere
3471 5197 3623 5264 cnpi-
3700 5214 3712 5247 ξ

2031 5286 2272 5341 vissent?
2309 5286 2363 5341 Si
2398 5285 2465 5339 de
2496 5283 2751 5351 legalibus
2783 5282 3213 5351 interrogabant,
3251 5284 3391 5353 quod
3425 5302 3621 5355 praece-

2032 5391 2177 5451 ptum
2230 5380 2457 5449 primum
2503 5387 2678 5443 esset,
2726 5385 2780 5430 et
2826 5376 2893 5430 de
2937 5376 3230 5441 similibus,
3274 5393 3393 5431 eum
3444 5388 3621 5435 tamen

2033 5474 2173 5527 nulla
2204 5480 2418 5543 urgeret
2444 5471 2764 5538 necessitas,
2795 5469 3063 5540 quomodo
3092 5484 3211 5523 cum
3241 5470 3363 5524 talia
3393 5471 3618 5539 diceret,

2031 5566 2098 5620 de
2143 5564 2335 5633 quibus
2381 5563 2713 5632 respondere
2762 5561 2980 5616 omnino
3023 5558 3291 5626 debebat,
3350 5576 3455 5616 non
3505 5564 3623 5632 ejus

2029 5672 2261 5720 mentem
2302 5658 2705 5730 explorassent?
2748 5670 2870 5711 cum
2916 5652 3145 5707 maxime
3189 5653 3254 5707 ad
3286 5652 3388 5709 hoc
3416 5652 3620 5710 hortari

2091 5780 2109 5811 ί
2146 5776 2230 5826 Alii
2249 5775 2449 5828 habent,
2471 5776 2515 5820 et
2553 5783 2602 5819 se
2626 5766 2929 5818 subtrahebat
2951 5762 3309 5827 comparationi,
3337 5776 3550 5827 quamvis
3570 5772 3621 5817 et

2030 5844 2131 5908 ipse
2151 5854 2214 5891 ex
2234 5834 2435 5889 muliere
2455 5840 2575 5885 esset
2596 5838 2750 5885 natus.
3494 5876 3499 5879 _
