4084 6354
408 363 520 423 tas

411 488 469 534 ct
497 477 709 532 trahere
737 469 1044 527 videretur?
1069 467 1200 522 Nam
1227 481 1349 522 cum
1377 465 1589 522 dicebat
1606 505 1622 532 ,
1660 463 1877 519 Violenti
1903 480 1990 517 ra—

415 574 563 644 piunt
589 568 720 624 illud
737 609 753 633 ,
787 565 838 620 id
867 564 1074 619 illorum
1101 560 1363 616 excitabat
1387 559 1657 623 animum;
1681 565 1880 612 etcum
1908 555 1995 609 di-

412 670 594 727 ceret,
625 659 726 725 Qui
751 658 896 712 habet
935 669 1081 708 aures
1105 652 1378 718 audiendi,
1409 651 1581 705 audiat
1603 691 1620 716 ,
1649 649 1875 718 idipsum
1915 648 1994 700 ta-

413 754 604 809 eiebat.
649 751 738 806 16.
777 748 872 806 Cui
907 755 1070 801 autem
1107 744 1394 800 assimilabo
1421 741 1789 814 generatione»:
1824 737 1996 794 hanc!

415 845 602 914 inquit.
635 841 831 897 Similis
859 849 930 894 est
959 837 1128 908 pueris
1153 833 1435 890 sedentibus
1475 833 1526 886 in
1567 834 1705 904 foro,
1739 839 1788 884 et
1819 831 1994 883 dicen-

413 937 544 990 tibus
563 975 578 1000 ,
609 935 700 990 17.
731 933 872 988 Tibia
899 931 1162 985 cecinimus
1191 926 1327 981 vobis
1347 967 1364 993 ,
1407 934 1455 978 et
1491 941 1592 978 non
1621 923 1878 986 saltastis;
1911 921 1992 977 la-

413 1029 620 1085 mentati
656 1043 828 1082 sumus
856 1023 991 1078 vobis
1009 1064 1024 1087 ,
1052 1031 1098 1075 et
1124 1036 1223 1074 non
1249 1017 1534 1090 planxistis.

485 1120 672 1175 Christi
709 1127 754 1172 et
793 1115 1012 1171 Joannis
1051 1113 1185 1168 idem
1211 1126 1391 1181 scapus
1420 1117 1621 1163 erat.—
1641 1106 1767 1162 Haec
1811 1119 1996 1160 rursus

412 1213 659 1269 videntur
681 1225 710 1264 a
737 1205 1161 1280 przeeedentibus
1189 1219 1293 1258 non
1324 1201 1576 1273 pendere,
1598 1200 1694 1255 sed
1715 1199 1781 1254 ad
1808 1213 1993 1254 eorum

415 1307 635 1362 omnino
679 1304 872 1358 seriem
916 1299 1182 1371 pertinent
1224 1312 1238 1348 :
1279 1294 1476 1352 etenim
1525 1292 1590 1347 ad
1635 1291 1875 1346 eamdem
1920 1290 1994 1345 rei

413 1411 675 1454 summam
706 1402 983 1464 spectant,
1013 1398 1071 1444 ut
1095 1387 1406 1444 ostendatur
1427 1384 1687 1441 Joannem
1717 1383 1816 1452 ipsi
1858 1396 1992 1438 con-

413 1504 544 1546 sona
563 1487 770 1550 iecisse,
793 1482 997 1540 etiamsi
1018 1496 1136 1551 qua:
1159 1478 1358 1533 ﬁebant
1375 1475 1639 1532 contraria
1657 1474 1994 1529 viderentur:

405 1578 554 1650 quod
579 1579 737 1634 etiam
763 1575 829 1630 de
854 1573 1264 1642 interrogatione
1287 1569 1484 1624 dictum
1505 1575 1588 1622 est
1613 1584 1628 1621 :
1657 1564 1997 1635 ostenditque

403 1671 546 1726 nihil
567 1668 982 1740 praetermissum
1004 1665 1164 1719 fuisse
1185 1677 1368 1718 eorum
1384 1676 1502 1731 quae
1520 1658 1587 1714 ad
1609 1658 1833 1714 salutem
1854 1657 2000 1728 ipso-

407 1780 529 1820 rum
550 1761 792 1818 conferre
809 1766 1047 1831 possent;
1065 1754 1206 1827 quod
1222 1753 1290 1811 de
1305 1755 1456 1810 vinea
1470 1751 1680 1809 dicebat
1699 1750 1959 1823 propheta
1977 1766 1994 1806 :

415 1856 554 1922 Quid
580 1854 746 1909 adhuc
765 1853 950 1925 faciam
968 1851 1125 1904 vinea:
1151 1847 1290 1914 huic,
1319 1845 1454 1918 quod
1481 1861 1582 1900 non
1611 1845 1813 1913 fecerim
1842 1842 1893 1915 (ι
1899 1845 1995 1899 sai.

412 1945 564 2018 5.4)?
581 1946 671 2000 Cui
688 1944 840 2007 enim,
857 1943 950 2006 ait,
966 1939 1254 1997 assimitabo
1269 1939 1634 2011 generationem
1655 1937 1786 1990 hanc
1801 1937 1826 1990 Ξ)
1841 1936 2000 1992 Simi-

416 2039 478 2094 lis
491 2047 564 2092 est
585 2037 751 2108 pueris
763 2034 1044 2090 sedentibus
1061 2032 1114 2086 in
1130 2033 1264 2102 foro,
1279 2041 1324 2086 et
1340 2029 1636 2095 dicentibus,
1656 2027 1802 2082 Tibia
1823 2029 2000 2082 cecini-

413 2146 524 2184 mus
539 2128 744 2193 vobis,et
757 2143 855 2182 non
869 2124 1088 2180 sattastis
1103 2140 1120 2178 :
1135 2122 1391 2178 lamentati
1404 2138 1597 2187 sumus,
1615 2131 1662 2174 et
1678 2137 1778 2174 non
1791 2119 1998 2191 planxi-

411 2221 520 2276 stis.
552 2219 640 2276 18.
686 2217 833 2272 Venit
873 2217 1004 2272 enim
1048 2213 1274 2270 Joannes
1303 2229 1459 2284 neque
1485 2213 1819 2276 ntanducans,
1843 2228 1999 2282 neque

403 2313 602 2380 bibens,
625 2319 670 2368 et
691 2311 864 2366 dicunt
879 2309 1228 2366 :Dtemonium
1248 2307 1414 2361 habet.
1443 2305 1529 2362 i9.
1554 2304 1700 2360 Venit
1718 2304 1886 2360 Filius
1904 2305 1998 2359 Ito-

409 2404 562 2459 minis
605 2402 920 2458 manducans
958 2411 1004 2456 et
1045 2400 1211 2454 bibens
1235 2439 1252 2464 ,
1297 2409 1342 2452 et
1381 2398 1556 2452 dicunt
1601 2413 1622 2454 :
1669 2395 1800 2451 Ecce
1848 2397 1998 2451 homo

411 2511 570 2551 voras:
593 2504 640 2549 et
663 2493 766 2548 vini
795 2502 1017 2564 potator,
1048 2490 1428 2562 publicanorum
1455 2498 1500 2544 et
1529 2497 1846 2558 peccatorum
1869 2487 1998 2544 ami-

411 2605 521 2644 cus.
551 2588 664 2644 Hoc
689 2595 794 2652 est,
817 2586 1092 2641 Contraria
1121 2598 1222 2654 ego
1240 2593 1293 2639 et
1318 2582 1551 2638 Joannes
1571 2581 1655 2636 via
1677 2579 1995 2645 incedimus,

414 2689 471 2736 et
499 2678 726 2749 idipsum
753 2677 1005 2744 facimus,
1031 2689 1094 2730 ac
1119 2675 1164 2730 si
1194 2683 1495 2738 venatores,
1521 2671 1686 2728 feram
1711 2681 1870 2742 captu
1892 2671 1998 2727 dif-

416 2771 610 2827 ﬁcilem
631 2769 872 2825 videntes
891 2810 906 2836 ,
933 2783 1053 2838 quae
1077 2782 1173 2837 per
1194 2765 1305 2821 vias
1324 2764 1456 2821 duas
1474 2765 1540 2820 ad
1569 2779 1751 2821 casses
1779 2763 2000 2820 tendere

412 2861 610 2933 possit,
640 2869 918 2930 utramque
952 2859 1093 2912 viam
1121 2857 1309 2928 singuli
1337 2863 1632 2926 occupent,
1662 2864 1718 2912 et
1741 2855 1876 2912 alter
1903 2871 2000 2926 per

413 2951 734 3008 contrariam
776 2951 930 3006 alteri
973 2949 1111 3004 viam
1161 2947 1429 3018 impellat,
1479 2956 1537 3002 ut
1581 2947 1634 3002 in
1682 2947 2000 3004 alterutrum

413 3045 633 3100 omnino
655 3042 885 3099 decidat.
917 3040 1143 3109 Βεεβίοε
1179 3039 1321 3095 enim
1360 3039 1662 3094 universum
1699 3055 1868 3110 genus
1897 3038 2000 3093 hu—

414 3153 629 3195 manum
649 3179 664 3203 ,
694 3134 963 3208 quomodo
986 3133 1245 3205 jejunium
1275 3133 1448 3188 soleat
1473 3131 1753 3199 admirari,
1791 3146 1999 3188 necnon

414 3231 576 3286 vitam
619 3243 863 3301 asperam
894 3236 948 3283 et
976 3224 1420 3297 philosophicam.
1456 3222 1582 3280 Ideo
1610 3223 1688 3279 sic
1714 3223 2001 3280 constituta

415 3339 504 3380 res
547 3323 673 3389 fuit,
717 3331 774 3376 ut
809 3321 1041 3377 Joannes
1079 3335 1107 3374 a
1133 3319 1320 3391 .prima
1351 3328 1508 3374 aetate
1536 3317 1640 3373 hoc
1675 3318 1798 3374 vitae
1833 3333 2003 3389 genus

414 3417 635 3474 duceret
656 3457 672 3483 ,
715 3425 774 3471 ut
816 3431 934 3486 qua:
962 3414 1195 3480 diceret,
1227 3412 1352 3468 hinc
1388 3411 1491 3467 (ide
1516 3411 1673 3482 digna
1708 3420 1909 3468 essent.
1936 3412 2005 3468 Et

418 3527 514 3581 qua
554 3509 620 3564 de
649 3524 807 3564 causa
830 3549 845 3573 ,
875 3506 1116 3578 inquies,
1142 3504 1386 3560 Christus
1407 3517 1512 3558 non
1536 3502 1776 3559 eamdem
1806 3503 2002 3574 ingres-

417 3622 505 3663 sus
549 3606 685 3660 viam
730 3603 848 3659 est?
894 3602 1004 3657 lmo
1028 3615 1156 3656 vero
1195 3601 1464 3670 ingressus
1492 3607 1610 3664 εει,
1649 3598 1862 3668 quando
1905 3613 2002 3668 per

416 3697 758 3767 quadraginta
785 3695 900 3751 dies
923 3693 1218 3764 jejunavit,
1260 3690 1852 3768 etdocenspircuibat,
1892 3706 1999 3746 non

419 3790 625 3846 habens
654 3789 742 3844 ubi
775 3798 929 3858 caput
961 3787 1244 3843 reclinaret
1273 3803 1285 3838 :
1315 3793 1567 3840 caeterum
1599 3783 1688 3839 ille
1712 3783 1820 3839 alio
1845 3783 2006 3839 modo

427 3886 527 3936 hoc
557 3881 712 3947 fecit,
742 3888 801 3935 ut
829 3879 952 3934 inde
995 3878 1198 3932 lucrum
1239 3875 1352 3930 ﬁeri
1385 3873 1706 3944 provideret.
1745 3873 1877 3929 Nam
1922 3873 2006 3929 id-

422 3979 589 4041 ipsunt
617 3981 764 4037 erat,
808 3969 947 4040 quod
976 3967 1218 4023 eamdem
1258 3973 1463 4021 teneret
1499 3964 1673 4029 viam;
1705 3965 1813 4019 imo
1852 3965 2008 4036 longe

421 4064 593 4134 majus
617 4071 762 4130 erat,
790 4059 930 4132 quod
958 4060 1034 4126 is,
1063 4059 1153 4129 qui
1195 4059 1283 4113 illa
1315 4057 1396 4112 via
1426 4057 1731 4122 incederet,
1763 4058 2004 4114 testimo-

421 4160 512 4218 nio
535 4174 632 4216 suo
656 4159 829 4230 ipsum
855 4157 1170 4214 celebraret.
1193 4155 1438 4226 Alioquin
1465 4168 1594 4212 vero
1619 4154 1852 4211 Joannes
1875 4155 2007 4210 nihil

419 4251 560 4308 aliud
588 4267 745 4323 quam
776 4252 896 4306 vitm
918 4249 1258 4320 asperitatem
1285 4246 1590 4304 exhibebat.
1621 4247 1833 4303 Nullum
1861 4247 2006 4303 enim

421 4344 629 4414 signum
657 4341 783 4398 fecit
825 4360 837 4396 :
881 4341 1126 4396 Christus
1153 4352 1280 4394 vero
1305 4347 1360 4394 et
1395 4337 1666 4408 signorum
1695 4346 1750 4395 et
1775 4339 2006 4393 miracu-

421 4436 595 4491 lorum
627 4433 990 4488 testimonium
1016 4430 1199 4486 habuit
1224 4428 1418 4500 (Joan.
1449 4429 1539 4485 10.
1570 4429 1634 4484 41
1660 4428 1700 4500 ).
1745 4429 2005 4484 Joannem

419 4526 547 4597 ergo
577 4525 883 4594 relinquens
910 4538 938 4576 a
975 4521 1178 4592 jejunio
1215 4520 1513 4586 celebrari,
1557 4521 1647 4575 ille
1685 4521 2007 4575 contrariam

421 4617 558 4671 viam
603 4616 808 4682 tenuit,
856 4613 922 4669 ad
969 4627 1180 4669 mensas
1217 4611 1520 4684 ingrediens
1565 4612 2002 4684 publicanorum,

424 4707 750 4765 manducans
779 4715 835 4762 et
859 4704 1066 4760 bibens.

385 4857 388 4864 ,
492 4801 546 4854 4.
591 4797 982 4867 lnterrogemus
1010 4795 1190 4866 itaque
1217 4793 1431 4851 Judaaos
1475 4812 1491 4848 :
1530 4793 1746 4849 Bonane
1790 4809 1878 4849 res
1925 4805 2008 4850 est

416 4891 678 4964 jejunium
701 4930 717 4956 ,
757 4898 814 4944 et
853 4886 1200 4942 admiranda?
1229 4885 1369 4956 Ergo
1405 4884 1638 4955 oportuit
1668 4883 1856 4938 Joanni
1887 4899 2008 4939 crc-

423 4989 586 5052 dere,
613 4995 669 5042 et
692 4985 839 5040 illum
869 4984 1148 5040 admittere
1170 5026 1187 5051 ,
1219 4982 1440 5053 ejusque
1468 4982 1625 5038 dictis
1665 4995 1872 5051 parere.
1919 4979 2009 5035 Sic

422 5081 564 5136 enim
595 5079 681 5134 illa
719 5079 880 5133 verba
921 5091 1017 5130 vos
1053 5075 1120 5130 ad
1161 5074 1340 5132 Jesum
1379 5074 1673 5130 adductura
1709 5082 1880 5129 erant.
1923 5072 2006 5126 An

421 5186 648 5227 onerosa
675 5181 724 5226 et
755 5169 887 5224 dura
919 5184 1007 5224 res
1032 5177 1116 5223 est
1153 5166 1452 5237 jejunium?
1483 5165 1623 5239 Ergo
1643 5165 1768 5222 Jesu
1791 5165 2008 5221 Christo

421 5262 899 5334 obtemperandum
929 5269 1077 5326 erat,
1107 5261 1310 5331 ipsique
1333 5258 1584 5325 credere,
1624 5259 1716 5331 qui
1741 5262 2005 5314 contraria

426 5353 704 5410 incedebat
733 5353 835 5408 via.
864 5351 966 5407 Per
993 5359 1271 5419 utramque
1297 5351 1314 5382 ¹
1340 5350 1478 5404 viam
1507 5349 1560 5404 in
1590 5364 1809 5420 regnum
1838 5349 2005 5403 intra.

425 5443 528 5500 turi
552 5443 736 5499 eratis.
768 5442 837 5496 At
865 5441 939 5496 illi
969 5440 1118 5512 quasi
1150 5441 1255 5495 tera
1288 5439 1538 5496 immanis
1561 5448 1844 5510 utrumque
1868 5439 2006 5494 male

421 5533 770 5604 accipiebant.
813 5531 964 5586 Nulla
1000 5546 1126 5601 ergo
1152 5531 1304 5600 culpa
1331 5540 1626 5586 esteorum
1667 5531 1862 5600 quibus
1901 5546 2004 5584 non

422 5625 684 5681 creditum
707 5631 820 5688 est,
844 5621 938 5678 sed
962 5637 1148 5678 eorum
1174 5630 1374 5676 tantum
1395 5621 1483 5692 qui
1511 5637 1616 5677 non
1643 5619 2000 5675 crediderunt.

422 5717 589 5774 Nemo
609 5715 750 5772 enim
769 5713 1032 5771 contraria
1053 5713 1207 5768 simul
1229 5712 1511 5786 vituperet,
1528 5720 1587 5771 ut
1609 5727 1781 5783 neque
1803 5711 1998 5768 laudet.

482 5830 503 5863 ι
535 5827 750 5890 Quidam,
773 5840 859 5890 per
882 5824 1178 5878 alterutram

1024 373 1035 381 '
1140 355 1198 411 5.
1234 352 1509 410 JOANNIS
1541 349 2012 408 CHRYSOSTOMI
2049 350 2368 423 ARCHIIP.
2406 348 2937 409 CONSTANTINOP.

3580 351 3678 412 tet

2106 463 2264 520 Verbi
2286 465 2455 535 gratia
2472 506 2488 531 ,
2516 465 2606 536 qui
2631 466 2807 522 virum
2833 466 3060 520 hilarem
3086 479 3151 521 ac
3175 465 3462 522 remissum
3489 480 3683 537 appro-

2100 553 2192 608 bat
2209 595 2226 619 ,
2252 570 2499 611 severum
2525 555 2609 612 vel
2632 556 2918 612 barbarum
2953 570 3062 612 non
3088 557 3404 628 approbabit
3429 575 3444 612 :
3470 559 3561 629 qui
3597 573 3687 614 se-

2102 660 2281 700 verum
2308 645 2520 714 laudat,
2555 647 2735 702 laetum
2765 663 2872 704 non
2901 647 3155 705 laudabit.
3185 647 3306 704 Non
3335 657 3512 719 potest
3543 651 3686 706 enim

2100 744 2156 792 et
2179 735 2295 793 bare
2321 745 2378 792 et
2404 737 2496 793 illa
2536 736 2693 794 simul
2720 739 3003 810 approbari
3033 739 3317 795 sententia.
3349 738 3580 812 Ideoque
3615 742 3690 796 ait

2101 829 2224 898 ille,
2270 829 2415 886 Tibia
2449 832 2719 887 cecinimus
2742 831 2901 900 vobis,
2938 841 2985 888 et
3023 848 3126 887 non
3153 833 3408 898 sattastis;
3437 834 3541 888 hoc
3567 843 3650 889 est
3670 874 3686 899 ,

2100 923 2398 980 Remissam
2424 924 2639 982 exhibui
2675 926 2872 995 vitam,
2901 935 2959 982 et
3000 941 3106 981 non
3144 925 3583 996 oblemperastis;
3611 937 3688 993 et,

2100 1012 2387 1069 Lamentati
2425 1032 2633 1082 sumus,
2670 1027 2718 1072 et
2754 1033 2857 1071 non
2887 1017 3196 1088 planxistis;
3233 1017 3284 1072 id
3312 1028 3428 1084 est,
3457 1017 3692 1073 Joannes

2100 1119 2340 1162 severam
2367 1116 2421 1163 et
2437 1123 2656 1178 gravem
2683 1110 2842 1164 vitam
2869 1109 3145 1180 amplexus
3168 1118 3274 1176 est,
3302 1119 3357 1165 et
3383 1124 3486 1164 non
3516 1119 3691 1166 atten-

2100 1199 2274 1256 distis.
2303 1200 2418 1257 Non
2448 1201 2613 1268 dixit,
2640 1203 2755 1274 Ego
2782 1203 2926 1257 illam
2952 1244 2969 1271 ,
2999 1203 3090 1258 ille
3128 1202 3268 1258 hanc
3293 1203 3456 1258 vitam
3485 1203 3636 1258 duxit
3672 1219 3687 1258 :

2099 1293 2194 1349 sed
2220 1295 2342 1365 quia
2368 1297 2644 1368 utriusque
2664 1313 2766 1352 una
2792 1306 2906 1353 erat
2933 1299 3218 1366 sententia,
3241 1298 3341 1353 etsi
3363 1298 3537 1353 studia
3557 1313 3690 1354 eon-

2103 1387 2295 1452 traria,
2326 1387 2446 1442 ideo
2496 1389 2797 1444 communia
2845 1399 2992 1460 gesta
3042 1390 3171 1447 dicit
3211 1405 3352 1450 esse.
3379 1390 3510 1447 Nam
3550 1391 3692 1464 quod

2099 1479 2422 1532 contrariam
2451 1479 2608 1534 iniret
2633 1481 2771 1534 viam
2791 1519 2809 1547 ,
2848 1496 2914 1536 ex
2954 1482 3159 1552 majore
3181 1484 3466 1539 concordia
3494 1483 3692 1540 factum

2100 1577 2185 1626 est
2202 1609 2218 1636 ,
2245 1585 2364 1640 qua:
2389 1571 2635 1626 eumdem
2665 1572 2940 1642 Spectabat
2965 1571 3146 1628 linem.
3187 1573 3357 1641 Quam
3388 1589 3516 1646 ergo
3538 1574 3693 1630 dein-

2101 1678 2230 1734 ceps
2257 1663 2625 1719 defensionem
2655 1663 2927 1720 habeatis?
2958 1665 3081 1720 Ideo
3106 1665 3381 1735 subjunxit
3412 1685 3425 1719 :
3455 1667 3522 1721 Et
3536 1667 3695 1738 justi.

2102 1756 2256 1825 licata
2279 1763 2351 1810 est
2379 1755 2628 1825 sapientia
2653 1772 2686 1809 a
2713 1756 2834 1824 [iliis
2870 1757 3013 1821 suis;
3058 1757 3158 1811 hoc
3185 1765 3270 1812 est
3290 1797 3306 1823 ,
3332 1755 3555 1812 Etiamsi
3596 1773 3694 1813 vos

2101 1863 2208 1904 non
2234 1847 2748 1920 obtemperaveritis,
2766 1858 2822 1904 at
2839 1865 2926 1905 me
2947 1850 3082 1904 ultra
3109 1850 3383 1905 criminari
3412 1866 3517 1906 non
3538 1861 3692 1922 pote-

2102 1943 2238 1998 ritis.
2265 1941 2419 2008 Quod
2447 1941 2516 1998 de
2545 1941 2704 1998 Patre
2727 1941 2856 1998 dicit
2882 1943 3138 2012 pr0pheta
3172 1961 3186 1997 :
3223 1943 3293 1998 Ut
3319 1945 3612 2016 iusti/iceris
3638 1947 3693 2000 in

2099 2035 2410 2091 sermonibus
2435 2034 2720 2108 tuis(Psat.
2748 2036 2837 2092 50.
2871 2037 2947 2104 6).
2977 2037 3115 2092 Deus
3135 2037 3277 2092 enim
3304 2038 3534 2106 etiamsi,
3563 2039 3692 2094 dum

2101 2129 2269 2183 nostri
2295 2143 2476 2184 curam
2504 2129 2676 2199 gerit,
2717 2129 2849 2184 nihil
2877 2131 3119 2200 perﬁciat
3139 2171 3155 2195 ,
3186 2145 3281 2186 sua
3314 2139 3491 2187 tamen
3515 2134 3694 2188 omnia

2101 2219 2317 2289 implet,
2347 2222 2419 2275 ita
2445 2229 2595 2276 utne
2622 2220 2838 2291 quidem
2866 2220 3106 2276 umbram
3135 2221 3488 2279 dubitationis
3515 2224 3694 2295 impu-

2100 2311 2349 2368 dentibus
2377 2311 2739 2383 improbisque
2766 2313 3051 2384 relinquat.
3077 2311 3136 2369 Si
3163 2329 3293 2370 vero
3330 2315 3574 2386 exempla
3603 2316 3692 2371 illa

2101 2404 2292 2476 quibus
2309 2405 2476 2460 utitur
2495 2405 2615 2460 vilia
2632 2407 2740 2460 sint
2755 2415 2809 2461 et
2826 2406 3197 2476 incomposita.
3221 2421 3288 2462 ne
3304 2407 3545 2473 mireris;
3566 2424 3688 2462 nam

2101 2498 2167 2553 ad
2197 2498 2500 2554 auditorum
2531 2498 2894 2556 inﬁmitatem
2925 2515 3046 2556 sese
3069 2499 3300 2569 aptabat.
3334 2499 3610 2571 Siquidem
3639 2512 3697 2555 et

2105 2589 2353 2647 Ezechiel
2385 2591 2550 2645 multa
2580 2590 2735 2646 aﬂ'ert
2761 2593 3006 2663 exempla
3036 2592 3141 2646 illis
3169 2603 3488 2662 Opportuna,
3513 2602 3567 2647 ct
3602 2593 3694 2647 Dei

2103 2680 2384 2752 majestate
2412 2681 2626 2753 indigna
2657 2681 2882 2754 (Ezech.
2922 2683 2958 2737 4
2995 2693 3044 2737 et
3080 2683 3212 2753 16).
3259 2683 3454 2738 Verum
3496 2693 3550 2738 et
3595 2684 3698 2738 hoc

2102 2774 2263 2830 etiam
2288 2775 2503 2847 dignum
2532 2783 2616 2832 est
2641 2775 2807 2846 ipsius
2834 2775 3185 2845 providentia.
3215 2776 3502 2833 Considera
3536 2791 3699 2846 porro

2103 2867 2223 2923 illos
2247 2868 2407 2922 etiam
2443 2866 2659 2923 aliunde
2700 2867 2754 2922 in
2791 2869 3087 2922 contrarias
3111 2869 3438 2924 circumferri
3470 2879 3696 2923 sentcn-

2105 2958 2227 3014 tias.
2254 2957 2387 3014 Nam
2407 2974 2526 3014 cum
2545 2959 2804 3015 Joannem
2832 2959 3093 3016 dixissent
3109 2961 3432 3016 daemonium
3473 2961 3695 3027 habere,

2105 3068 2212 3107 non
2243 3051 2330 3108 hic
2355 3060 2655 3120 steterunt,
2687 3052 2784 3109 sed
2812 3052 2914 3109 hoc
2939 3053 3113 3124 ipsum
3139 3053 3208 3108 de
3232 3053 3445 3108 Christo
3484 3063 3699 3109 contra-

2105 3144 2188 3200 rio
2215 3143 2376 3200 modo
2400 3145 2610 3201 vivente
2638 3144 2888 3201 dixerunt
2920 3151 2942 3199 ':
2983 3147 3060 3201 sic
3084 3161 3298 3216 semper
3324 3148 3375 3200 in
3403 3147 3702 3202 sententias

2105 3249 2288 3291 secum
2313 3244 2609 3306 pugnantes
2649 3234 3047 3291 deferebantur.
3096 3237 3265 3291 Lucas
3303 3251 3432 3292 vero
3463 3250 3584 3291 cum
3617 3235 3701 3292 his

2105 3327 2269 3383 aliam
2294 3342 2508 3399 quoque
2547 3327 2806 3398 majorem
2845 3328 3000 3384 atl‘ert
3036 3343 3220 3384 eorum
3270 3331 3699 3394 accusationem,

2107 3419 2335 3476 dicens:
2379 3419 2651 3476 Publicani
2693 3421 2826 3475 enim
2862 3421 3266 3492 justiﬁeaverunt
3311 3422 3503 3488 Deum,
3534 3425 3701 3478 susei-

2111 3511 2303 3582 pientes
2328 3511 2584 3582 baptisma
2624 3511 2842 3567 Joannis
2871 3511 3035 3583 (Luc.
3067 3513 3119 3567 7.
3147 3513 3278 3584 29).
3307 3513 3457 3569 Tune
3481 3514 3699 3568 demum

2107 3603 2410 3658 civitatibus
2445 3603 2766 3673 exprobrat,
2810 3617 2930 3658 cum
2956 3604 3240 3673 jnstiticata
3271 3605 3367 3659 fuit
3392 3605 3652 3674 sapientia
3682 3647 3698 3670 ,

2108 3693 2320 3764 quando
2341 3693 2517 3750 omnia
2539 3694 2758 3765 impleta
2783 3694 2946 3750 [uisse
2965 3694 3369 3750 demonstravit.
3397 3696 3530 3764 Quia
3555 3697 3702 3750 enim

2109 3785 2162 3841 id
2193 3802 2298 3841 non
2338 3785 2604 3857 persuasit
2641 3787 2776 3854 illis,
2821 3787 3048 3842 miseros
3079 3789 3198 3843 illos
3237 3789 3520 3857 praedicat;
3559 3789 3702 3859 quod

2111 3879 2265 3949 pejus
2283 3887 2545 3948 estquam
2562 3880 2606 3934 si
2625 3882 3083 3950 perterrefaceret.
3109 3881 3316 3936 Etenim
3334 3892 3388 3936 et
3406 3881 3705 3936 doctrinam

2109 3971 2354 4026 adhibuit
2388 3980 2447 4027 et
2484 3971 2763 4027 miracula.
2793 3972 2928 4041 Quia
2957 3987 3085 4028 vero
3116 3973 3167 4027 in
3194 3973 3379 4028 eadem
3412 3974 3705 4028 increduli-

2113 4071 2221 4118 tate
2245 4072 2588 4128 manserunt,
2615 4063 2833 4118 demum
2859 4065 3165 4134 exprobrat.
3209 4064 3300 4120 20.
3344 4063 3489 4119 Tunc
3531 4068 3663 4119 enim
3686 4107 3701 4128 ,

2110 4153 2220 4220 ait,
2245 4152 2398 4208 Iesus
2426 4155 2573 4225 erepit
2601 4154 2908 4225 exprobrare
2936 4155 3240 4220 civitatibus,
3267 4157 3320 4208 in
3349 4156 3526 4225 quibus
3553 4157 3707 4224 facta:

2114 4251 2313 4319 fuerant
2356 4247 2590 4318 plurima:
2624 4247 2832 4301 virtutes
2861 4249 3006 4318 ejus,
3049 4248 3170 4304 auia
3216 4249 3558 4316 penitentiam
3601 4265 3705 4302 non

2109 4348 2316 4410 egerant
2338 4379 2354 4404 ,
2385 4339 2557 4393 dicens
2589 4355 2608 4393 :
2631 4339 2722 4393 2|.
2766 4339 2852 4393 γω
2879 4340 2969 4394 tibi
2998 4339 3290 4404 Chorasin;
3320 4356 3391 4395 ea:
3416 4340 3501 4394 tibi
3542 4339 3702 4395 Beth-

2110 4431 2278 4485 saida.
2324 4430 2524 4485 Deinde
2571 4438 2630 4484 ut
2671 4429 2847 4486 discas
2888 4446 2984 4486 eos
3013 4445 3119 4486 non
3164 4439 3350 4486 natura
3380 4431 3511 4486 tales
3538 4447 3700 4498 esse,

2111 4539 2306 4579 nomen
2336 4523 2486 4578 urbis
2527 4523 2668 4577 illius
2707 4524 2893 4594 ponit,
2940 4525 3082 4580 unde
3119 4526 3353 4595 quinque
3395 4525 3704 4595 prodierant

2110 4615 2357 4685 apostoli.
2379 4613 2510 4669 Nam
2536 4614 2812 4684 Philippus
2837 4625 2892 4671 et
2918 4615 3028 4670 duo
3053 4616 3138 4670 illa
3167 4618 3576 4688 coryphaeorum
3606 4633 3703 4689 pa-

2111 4709 2190 4761 ria
2221 4708 2294 4778 (a)
2328 4706 2451 4761 inde
2473 4715 2644 4762 erant.
2679 4707 2812 4771 Quia
2852 4708 2898 4761 si
2934 4708 2987 4761 in
3032 4706 3167 4778 Tyro
3206 4717 3254 4763 et
3299 4708 3492 4764 Sidone
3519 4751 3534 4773 ,
3585 4713 3700 4772 ait.

2113 4801 2262 4868 facta:
2291 4799 2501 4870 fuissent
2527 4800 2754 4860 virtutes,
2786 4815 2898 4864 quis
2917 4799 2969 4852 in
2992 4799 3127 4853 vobis
3155 4799 3304 4869 facta!
3329 4812 3466 4868 sum,
3495 4802 3617 4856 olim
3647 4803 3700 4857 in

2111 4906 2257 4944 sacco
2291 4901 2338 4944 et
2368 4890 2534 4944 cinere
2562 4891 2904 4960 paenitentiam
2931 4892 3166 4961 egissent.
3211 4891 3305 4947 22.
3345 4889 3704 4950 Verumtamen

2112 4980 2224 5034 dico
2250 4980 2408 5046 vobis,
2437 4979 2573 5050 Tyro
2602 4990 2648 5034 et
2679 4980 2864 5036 Sidoni
2889 4982 3146 5036 remissius
3174 4984 3268 5036 erit
3294 4983 3347 5036 in
3375 4984 3458 5037 die
3490 4985 3700 5055 judicii,

2111 5087 2261 5141 quant
2285 5071 2441 5125 vobis.
2469 5071 2559 5126 23.
2583 5070 2653 5126 Et
2679 5082 2732 5126 tu
2752 5072 3068 5142 Capernaum
3084 5115 3100 5141 ,
3128 5090 3242 5144 quas
3260 5091 3416 5146 usque
3441 5077 3508 5129 ad
3524 5078 3703 5132 uelum

2111 5163 2332 5216 exaltata
2361 5179 2413 5216 es
2431 5203 2447 5228 ,
2490 5179 2647 5234 usque
2681 5163 2752 5216 ad
2787 5164 3042 5233 infernum
3069 5166 3340 5221 descendes
3371 5183 3390 5222 :
3431 5169 3548 5238 quia
3577 5169 3621 5223 si
3647 5170 3703 5224 in

2114 5253 2352 5307 Sodomis
2378 5255 2527 5325 facta:
2556 5254 2766 5325 fuissent
2791 5255 3019 5319 virtutes,
3048 5271 3160 5325 quae
3185 5257 3336 5325 facta:
3358 5267 3477 5312 sunt
3516 5259 3570 5312 in
3612 5268 3660 5314 te
3683 5300 3702 5327 ,

2111 5346 2410 5398 mansissent
2440 5344 2611 5416 utique
2638 5345 2706 5398 ad
2733 5345 2864 5400 hanc
2893 5346 3046 5400 diem.
3075 5345 3167 5401 2i.
3208 5345 3558 5405 Verumtamen
3587 5351 3701 5406 dico

2113 5436 2248 5490 vobis
2272 5476 2286 5500 ,
2327 5437 2446 5507 quia
2486 5448 2633 5491 terrtz
2661 5437 3000 5492 Sodomorum
3035 5439 3292 5494 remissius
3315 5440 3408 5494 erit
3433 5442 3485 5494 in
3513 5443 3594 5496 die
3610 5443 3700 5514 jn-

2113 5527 2234 5580 dicii
2255 5568 2269 5590 ,
2300 5543 2452 5595 quam
2481 5526 2588 5580 tibi.
2616 5527 2730 5581 Non
2760 5529 2876 5583 sine
2895 5542 3055 5582 causa
3083 5528 3313 5584 Sodoma
3342 5531 3580 5600 apponit,
3607 5531 3700 5586 sed

2114 5629 2170 5673 ut
2193 5629 2383 5690 augeat
2400 5620 2814 5675 accusationem.
2848 5619 3092 5689 Magnum
3118 5623 3314 5693 quippe
3341 5624 3588 5694 nequitia:
3611 5638 3698 5679 ar-

2178 5761 2251 5830 (α)
2284 5760 2394 5810 Duo
2415 5761 2776 5824 coryphzeorum
2797 5764 2929 5826 paria
2949 5769 3082 5824 sunt,
3105 5769 3279 5814 Petrus
3296 5771 3346 5815 et
3370 5764 3602 5830 Andreas,
3623 5774 3701 5817 Ja-

2113 5825 2265 5874 cobus
2285 5833 2336 5873 et
2355 5832 2579 5874 Joannes.
