4074 6358
153 376 157 381 ’
259 383 372 439 4‘25

258 496 367 550 ὅσα
391 492 636 557 τοιαῦτα,
669 493 913 561 καίτοιγε
936 494 1164 565 οὐδεμία
1190 491 1259 565 ἦν
1300 497 1512 565 ἀνάγκη
1545 495 1716 550 ταῦτα
1745 495 1938 557 εἰπεῖν,

253 582 382 643 πῶς
408 582 518 633 τῶν
549 600 623 635 πα
634 583 679 652 ρ’
702 581 868 635 αὑτοῦ
899 582 1226 652 λεγομένων,
1252 578 1327 638 ὧν
1352 586 1447 638 καὶ
1470 588 1590 648 ταῖς
1620 583 1941 652 ἀποκρίσεσι

258 671 469 741 μᾶλλον
504 670 803 734 ὑπεύθυνος
844 666 942 741 ἦν,
993 672 1093 725 ούκ
1136 672 1202 725 ἂν
1237 672 1499 743 ἐξήταζον
1530 673 1628 742 τὴν
1664 672 1939 734 διάνοιαν;

256 758 377 811 Καὶ
407 758 640 826 μάλιστα
672 760 833 811 ὁπότε
862 758 1023 822 αὐτὸς
1050 754 1117 828 ἦν
1142 762 1169 813 ὁ
1196 760 1519 831 προτρέπων
1548 762 1628 823 είς
1650 758 1944 822 τοῦτο,ηκαὶ

257 846 670 917 ὲεέυελκόξιιενοω
715 847 806 917 Τῷ
826 848 872 878 ⁸³
914 848 1020 919 γὰρ
1047 850 1239 914 εἰπεῖν,
1276 848 1528 903 Βιασταί
1575 846 1944 916 ἁρπάζουσιν

256 934 484 1001 αὐτὴν,
520 937 600 997 είς
626 936 935 1006 προθυμίαν
961 938 1159 1001 αὐτοὺς
1188 936 1443 1007 διεγείρει
1469 954 1482 967 ·
1520 936 1616 990 καὶ
1648 935 1725 1005 τῷ
1747 936 1941 997 είπεῖν,

270 1020 342 1073 '0
370 1020 530 1089 ἔχων
567 1018 688 1077 ὦτα
714 1023 980 1088 ἀκούειν,
1015 1023 1296 1088 ἀκουέτω,
1336 1024 1398 1077 τὸ
1430 1023 1561 1078 αὐτὸ
1591 1021 1749 1075 τοῦτο
1779 1023 1939 1076 ποιεῖ.

265 1106 394 1159 Τίνι
421 1106 491 1159 δὲ
517 1106 785 1176 ὁμοιώσω
817 1107 933 1175 τὴν
963 1106 1178 1179 γενεὰν
1202 1109 1430 1177 ταύτην
1455 1124 1474 1172 ;
1514 1106 1697 1178 φησίν.
1742 1106 1946 1176 Ὁμοία

258 1194 398 1248 ἐστὶ
434 1196 693 1261 παιδίοις
727 1195 1084 1266 καθημένοις
1120 1197 1219 1250 ἐπὶ
1264 1193 1373 1267 τῆς
1410 1195 1653 1267 ἀγορᾶς,
1706 1194 1801 1249 καί
1843 1192 1944 1249 λέ-

260 1298 521 1352 τουσιν·
572 1285 941 1353 Ηύλήσαμεν
984 1285 1161 1355 ὑμῖν,
1219 1285 1317 1339 καί
1380 1287 1491 1338 οὐκ
1545 1283 1941 1353 ὠρχήσασθε·

259 1372 689 1441 ἐθρηνήσαμεν
716 1372 875 1441 ὑμῖν,
914 1373 1011 1426 καὶ
1039 1376 1148 1429 οὐκ
1176 1374 1502 1441 ἐκόψασθε.

340 1458 514 1510 Πάλιν
553 1458 726 1512 ταῦτα
767 1458 915 1512 δοκεῖ
954 1460 1052 1531 μὲν
1100 1460 1448 1531 ἀπηρτῆσθαι
1488 1458 1597 1512 τῶν
1640 1457 1944 1530 προτέρων,

264 1546 479 1616 σφόδρα
501 1546 557 1599 δὲ
586 1547 767 1609 αὐτοῖς
798 1549 944 1601 ἐστιν
971 1549 1256 1603 ἀκόλουθα.
1286 1550 1394 1601 Καὶ
1417 1548 1525 1619 γὰρ
1552 1547 1631 1600 ἔτι
1657 1546 1751 1599 τοῦ
1779 1563 1946 1614 κεφα-

262 1634 421 1687 λαίου
456 1634 639 1705 ἔχεται
668 1634 761 1688 τοῦ
796 1635 986 1698 αὑτοῦ,
1028 1638 1123 1690 καὶ
1153 1637 1245 1689 τοῦ
1270 1636 1313 1668 ⁸³
1358 1635 1530 1700 δεῖξαι
1560 1633 1770 1705 συνῳδά
1798 1631 1945 1702 αύτῷ

265 1724 583 1793 πράττοντα
629 1724 719 1776 τὸν
770 1724 1055 1796 Ἰωάννην,
1106 1728 1154 1778 εί
1190 1724 1378 1779 καὶτὰ
1419 1724 1678 1795 γινόμενα
1727 1722 1942 1774 ἐναντία

264 1807 338 1883 ἦν
357 1829 373 1843 ⁶
419 1811 611 1885 ὥσπερ
645 1809 739 1867 οὖν
768 1815 863 1867 καὶ
888 1815 979 1867 ἐπί
1008 1816 1106 1887 τῆς
1137 1816 1456 1885 ἐρωτήσεως
1481 1833 1494 1846 ο
1540 1814 1635 1866 καὶ
1679 1813 1950 1866 δείκνυσιν

265 1903 352 1957 ὅτι
378 1902 533 1955 οὐδὲν
575 1898 643 1973 ἦν
670 1903 880 1971 ὀφεῖλον
920 1904 1168 1972 γενέσθαι
1207 1906 1286 1966 είς
1316 1903 1586 1973 σωτηρίαν
1617 1901 1815 1959 αὐτῶν,
1857 1901 1950 1953 καὶ

267 1988 614 2059 παρελείφθη
636 2005 650 2020 ο
693 1990 722 2043 δ
751 1990 887 2061 πρὸς
915 1990 1006 2043 τὸν
1038 1989 1339 2061 ἀμπελῶνά
1368 2006 1528 2059 φησιν
1562 1991 1590 2041 ὁ
1618 1989 1907 2060 προφήτης
1934 2004 1946 2017 ’

275 2076 338 2128 Τί
388 2074 511 2128 ἔδει
551 2093 630 2144 με
669 2076 917 2145 ποιῆσαι
959 2076 1041 2143 τῷ
1068 2076 1375 2147 ἀμπελῶνι
1424 2078 1649 2143 τούτῳ,
1700 2076 1797 2129 καί
1838 2078 1949 2129 οὐκ

267 2161 534 2229 ἐποίησα
558 2178 579 2225 ;
616 2164 739 2217 Τίνι
763 2164 893 2235 γὰρ,
922 2164 1105 2234 φησὶν.
1142 2162 1415 2233 ὁμοιώσω
1432 2162 1550 2230 τὴν
1571 2164 1784 2232 γενεὰν
1812 2163 1950 2217 ταύ-

268 2266 385 2317 την
395 2266 417 2316 ;
450 2251 644 2319 Ὁμοία
658 2252 790 2306 ἐστὶ
810 2251 1068 2317 παιδίοις
1087 2251 1444 2319 καθημένοις
1464 2251 1560 2303 ἐπὶ
1582 2249 1692 2317 τῆς
1710 2248 1947 2317 ἀγορᾶς,

269 2337 370 2390 καί
389 2337 707 2407 λέγουσιν·
730 2339 1101 2408 Ηύλήσαμεν
1119 2340 1282 2408 ὑμῖν,
1308 2338 1408 2391 καί
1429 2341 1539 2391 οὐκ
1560 2337 1917 2406 ὠρχήσασθε
1935 2353 1946 2366 ’

268 2426 693 2495 ἐθρηνήσαμεν
703 2427 862 2496 ὑμῖν,
879 2427 975 2479 καὶ
991 2429 1100 2480 οὐκ
1117 2429 1221 2481 ἐκό
1228 2422 1627 2495 ψασθε.Ἦλθε
1643 2426 1753 2495 γὰρ
1766 2424 1954 2478 Ἰωάνα

271 2532 386 2582 νης
393 2514 549 2585 μήτε
564 2516 803 2581 ἐσθίων,
820 2515 974 2584 μήτε
993 2516 1204 2577 πίνων,
1226 2514 1323 2567 καὶ
1345 2513 1613 2583 λέγουσι·
1636 2512 1953 2582 Δαιμόνιον

271 2602 420 2671 ἔχει.
440 2598 661 2657 Ἦλθεν
684 2604 717 2656 ό
742 2603 874 2666 Υἱός
897 2602 1002 2655 τοῦ
1028 2601 1342 2671 ἀνθρώ-του
1367 2601 1587 2655 ἐσθίων
1613 2600 1711 2654 καί
1738 2600 1949 2664 πίνων,

273 2687 681 2758 καίλέγουσιν
699 2706 712 2720 ο
761 2688 915 2743 Ἰδοὺ
938 2688 1248 2757 ἅνθρωπος
1270 2687 1461 2757 φάγος
1488 2687 1585 2743 καὶ
1607 2688 1949 2753 οίνοπότης,

272 2774 552 2830 τελωνῶν
582 2777 762 2844 φίλος
799 2776 898 2829 καί
928 2772 1309 2844 ἁμαρτωλῶν.
1342 2776 1407 2828 Ὃ
1434 2774 1490 2828 δέ
1516 2773 1684 2843 λέγει,
1711 2772 1952 2826 τοιοῦτόν

272 2864 454 2919 ἐστιν’
491 2862 767 2917 Ἐναντίαν
792 2863 1051 2932 ἐκάτερος
1076 2862 1310 2933 ἤλθομεν
1337 2862 1475 2924 ὁδὸν,
1511 2860 1621 2931 ἐγὼ
1654 2863 1746 2915 καὶ
1777 2861 1954 2915 Ἰωάν-

272 2967 372 3019 νης
393 2990 410 3016 ,
453 2949 549 3002 καὶ
588 2950 785 3003 ταύτὸν
831 2951 1187 3020 ἐποιήσαμεν,
1222 2943 1336 3003 οἷον
1363 2950 1429 3003 ἂν
1464 2949 1517 3001 εί
1537 2965 1681 3012 τινες
1717 2947 1951 3019 θηραταί

272 3038 415 3103 ζῶον
446 3037 781 3109 δυσθήρατον
821 3038 911 3094 διὰ
941 3037 1034 3092 δύο
1066 3036 1259 3109 μέλλον
1288 3036 1579 3107 ἐμπίπτειν
1613 3035 1747 3090 ὁδῶν
1772 3039 1852 3099 είς
1882 3036 1951 3089 τὰ

272 3127 561 3198 θήρατρα,
630 3125 896 3196 ἑκατέραν
954 3125 1183 3188 ἕκαστος
1236 3123 1526 3177 ἀπολαϐὼν
1574 3123 1691 3177 ὁδὸν
1741 3124 1952 3178 ἐλαύνοι

272 3214 584 3281 ἐξεναντίας
620 3212 793 3276 ἑστὼς
834 3212 913 3286 τῷ
942 3213 1131 3284 ἑτέρῳ,
1174 3212 1312 3265 ὥστε
1361 3213 1575 3279 πάντως
1604 3214 1683 3275 είς
1728 3211 1952 3283 θάτερον

272 3303 557 3373 ἐμπεσεῖν.
582 3301 781 3356 Σκόπει
799 3300 927 3370 γοῦν
944 3300 1089 3354 ἀπαν
1104 3300 1163 3353 τὸ
1176 3300 1286 3353 τῶν
1301 3299 1599 3371 ἀνθρώπων
1616 3299 1790 3368 γένος,
1806 3300 1953 3365 ὅπως

273 3390 414 3461 πρὸς
442 3390 503 3443 τὸ
529 3390 631 3461 τῆς
672 3389 924 3459 νηστείας
956 3388 1217 3459 ἐπτόηται
1245 3387 1450 3458 θαῦμα,
1476 3387 1569 3440 καὶ
1598 3387 1688 3440 τὸν
1720 3387 1954 3457 σκληρὸν

272 3479 466 3533 τοῦτον
491 3478 587 3532 καὶ
611 3478 897 3548 φιλόσοφον
929 3476 1059 3547 βίον.
1100 3476 1199 3530 Διά
1242 3475 1399 3529 τοῦτο
1428 3475 1746 3546 ᾠκονόμητο
1775 3475 1952 3539 τοῦτο,

273 3567 342 3621 ἐκ
369 3565 592 3637 πρώτης
627 3565 843 3637 ἡλικίας
886 3564 1029 3618 οῦτω
1062 3565 1334 3635 τραφῆναι
1374 3562 1464 3616 τὸν
1500 3564 1778 3635 Ἰωάννην,
1814 3562 1953 3616 ὥστε

274 3655 372 3709 καὶ
399 3652 551 3725 [M9]
582 3652 832 3707 ἐντεῦθεν
861 3652 1150 3717 ἀξιόπιστα
1170 3649 1422 3719 γενέσθαι
1448 3651 1517 3705 τά
1536 3651 1803 3722 λεγόμενα
1823 3652 1953 3721 παρ’

273 3741 467 3796 αὐτοῦ.
515 3741 627 3796 Καὶ
658 3741 803 3805 τίνος
850 3740 1037 3794 ἕνεκεν
1083 3740 1183 3793 οὐκ
1216 3738 1397 3803 αὐτὸς,
1444 3740 1597 3809 φησὶ,
1644 3738 1849 3810 ταύτην
1879 3738 1958 3791 εῖ-

272 3831 398 3883 λετο
427 3830 474 3861 ⁸⁸
522 3830 622 3902 τὴν
651 3830 803 3893 ὁδὸν;
851 3828 1102 3883 Μάλιστα
1137 3827 1233 3897 μὲν
1260 3822 1355 3879 οὖν
1399 3826 1496 3880 καὶ
1545 3826 1709 3890 αὐτὸς
1751 3826 1956 3897 ταύτην

272 3914 477 3991 ἦλθεν,
522 3918 613 3972 ἅτε
653 3916 754 3980 τάς
784 3915 1190 3987 τεσσαράκοντα
1242 3914 1455 3984 ἡμέρας
1487 3915 1775 3986 ἐνήστευσε
1801 3956 1815 3979 ,
1861 3916 1956 3969 καὶ

273 4005 493 4078 περιῄει
514 4004 802 4067 διδάσκων,
834 4005 930 4059 καὶ
952 4004 1052 4057 ούκ
1079 4003 1219 4075 έχων
1246 4002 1348 4056 ποῦ
1376 4002 1474 4074 τὴν
1503 4001 1743 4073 κεφαλὴν
1775 4003 1952 4076 κλίνῃο

275 4094 416 4166 πλὴν
451 4093 588 4148 ἀλλά
615 4094 711 4148 καὶ
741 4093 943 4165 ἑτέρως
984 4093 1044 4146 τὸ
1081 4092 1213 4146 αὐτὸ
1244 4092 1402 4146 τοῦτο
1435 4091 1824 4158 κατεσκεύαζε,
1860 4093 1955 4145 καὶ

273 4186 337 4239 τὸ
370 4184 620 4238 ἐντεῦθεν
644 4184 913 4255 ᾠκονόμει
942 4184 1148 4255 κέρδος.
1188 4182 1295 4235 Τοῦ
1322 4181 1429 4254 γὰρ
1457 4181 1633 4235 ἐλθεῖν
1665 4181 1827 4235 αὐτὸν
1852 4181 1955 4253 τὴν

273 4271 394 4326 ὁδὸν
424 4271 651 4342 ταύτην,
686 4272 879 4325 ταύτὸν
906 4267 997 4343 ἦν,
1022 4270 1055 4342 ἢ
1087 4272 1180 4324 καὶ
1204 4269 1383 4341 πολλῷ
1418 4270 1625 4340 μεῖζον,
1644 4269 1705 4322 τὸ
1734 4268 1839 4321 ὑπὸ
1858 4266 1951 4321 τοῦ

274 4359 524 4423 ἐλθόντος
551 4358 963 4431 μαρτυρεῖσθαι.
1009 4357 1218 4421 ’Ἄλλως
1252 4357 1329 4423 δὲ,
1361 4360 1389 4411 ὁ
1425 4357 1522 4427 μὲν
1566 4354 1821 4427 Ἰωάννης
1860 4354 1952 4408 ού-

273 4448 366 4503 δὲν
390 4449 550 4502 πλέον
579 4450 916 4515 ἐπεδείξατο,
946 4448 1084 4519 πλὴν
1113 4447 1207 4500 τοῦ
1238 4446 1354 4517 βίου
1385 4446 1481 4499 καὶ
1509 4446 1609 4516 τῆς
1638 4443 1912 4507 πολιτείας
1932 4460 1950 4475 ο

244 4570 260 4595 .
288 4536 566 4604 Ἰωάννης
614 4539 753 4609 γάρ,
807 4537 972 4607 φησὶν
995 4536 1063 4599 ⁸⁷,
1126 4534 1311 4588 οὐδὲν
1360 4534 1613 4601 ἐποίησε
1661 4531 1950 4601 σημεῖονο

277 4626 442 4689 αὐτὸς
462 4627 519 4679 δέ
542 4626 635 4679 καὶ
659 4627 759 4696 τὴν
782 4625 889 4678 ἀπὸ
917 4624 1026 4676 τῶν
1057 4622 1295 4693 σημείων
1322 4621 1418 4674 καὶ
1438 4620 1534 4691 τὴν
1562 4619 1669 4673 ἀπὸ
1695 4619 1805 4673 τῶν
1829 4618 1956 4672 θαυ-

282 4715 469 4784 μάτων
504 4712 807 4785 μαρτυρίαν
832 4708 997 4782 εἶχεν.
1040 4710 1220 4779 Ἀφεὶς
1244 4709 1423 4762 τοίνυν
1457 4707 1707 4777 Ἰωάννην
1730 4706 1838 4760 ἀπὸ
1858 4707 1956 4776 τῆς

279 4802 534 4873 νηστείας
583 4803 857 4873 λάμπειν,
910 4800 1070 4863 αὐτὸς
1114 4800 1213 4870 τὴν
1264 4798 1513 4852 ἐναντίαν
1561 4792 1714 4867 ἦλθε,
1750 4796 1845 4850 καὶ
1876 4797 1957 4860 είς

278 4890 557 4963 τραπέζας
580 4890 765 4943 εἰσιὼν
793 4889 1058 4951 τελωνῶν,
1093 4889 1185 4942 καὶ
1212 4886 1407 4941 ἐσθίων
1434 4887 1527 4940 καὶ
1554 4886 1741 4940 πίνων.

350 4977 415 5031 δ’.
468 4976 754 5049 Ἐρώμεθα
778 4978 953 5031 τοίνυν
990 4976 1275 5039 Ἰουδαίους
1298 4993 1310 5004 ·
1349 4975 1526 5028 Καλὸν
1553 4975 1587 5045 ἡ
1619 4972 1839 5043 νηστεία
1865 4973 1960 5025 καὶ

279 5066 629 5137 θαυμαστόν;
666 5066 874 5119 Οὐκοῦν
907 5066 1013 5118 ἔδει
1042 5064 1327 5117 πείθεσθαι
1365 5061 1606 5131 Ἰωάννῃ,
1642 5061 1734 5113 καὶ
1768 5060 1960 5113 ἀποδέ-

282 5153 476 5223 χεσθαι
506 5153 691 5216 αὑτὸν,
715 5154 809 5206 καὶ
837 5152 1113 5206 πιστεύειν
1159 5154 1270 5215 τοῖς
1301 5150 1394 5203 ὑπ’
1426 5147 1592 5202 αὐτοῦ
1624 5147 1957 5218 λεγομένοις.

283 5240 441 5293 υῦτω
473 5242 581 5311 γὰρ
632 5242 776 5312 ὑμᾶς
810 5240 1033 5311 ἔμελλεν
1080 5243 1261 5294 ἐκεῖνα
1294 5238 1363 5291 τά
1393 5238 1614 5308 ῥήματα
1663 5236 1963 5306 προσάγειν

281 5328 360 5400 τῷ
418 5328 613 5400 Ἰησοῦ.
681 5328 840 5383 Ἀλλά
890 5329 1146 5401 φορτικὸν
1192 5329 1227 5398 ή
1273 5325 1495 5396 νηστεία
1540 5323 1634 5377 καὶ
1684 5322 1960 5393 ἐπαχθές;

283 5416 497 5472 Οὐκοῦν
523 5417 630 5471 ἔδει
687 5417 970 5471 πείθεσθαι
1017 5417 1096 5486 τῷ
1140 5413 1336 5486 Ἰησοῦ,
1370 5413 1464 5466 καὶ
1508 5411 1785 5465 πιστεύειν
1815 5409 1964 5479 αύτῷ

281 5506 384 5577 τὴν
417 5506 667 5559 ἐναντίαν
693 5505 921 5562 ἐλθόντι.
965 5506 1043 5558 Δι’
1071 5503 1384 5575 ἀμφοτέρας
1405 5501 1451 5531 ⁸⁸
1479 5501 1588 5571 γὰρ
1614 5500 1732 5552 ὁδοῦ
1763 5500 1841 5563 είς
1867 5499 1965 5567 τὴν

286 5592 566 5665 βασιλείαν
600 5593 855 5666 ἐμέλλετε
884 5594 1197 5665 ἐμπίπτειν.
1251 5590 1391 5645 Ἀλλ’
1417 5588 1606 5660 ὥσπερ
1631 5588 1818 5660 θηρίον
1841 5586 1967 5640 δύσ-

358 5760 406 5792 οι
443 5759 558 5833 Τῷ]
588 5761 650 5814 τό
681 5762 765 5833 b_i_s
800 5761 861 5815 ο.

289 5831 332 5862 "'
375 5831 677 5901 φησίνοιη.
708 5831 844 5886 Mor.
876 5831 1008 5887 Ben.
1103 5832 1144 5863 ’⁵⁸

290 5903 337 5935 ιο
377 5901 622 5935 τρίχας..
659 5902 799 5935 vnn.
895 5904 940 5935 ιη
981 5905 1014 5935 ,ι
1048 5901 1144 5935 ...με

375 5901 823 5974 ἐπέδειξα-Ευῑιιί.
895 5904 940 5935 ⁸⁸
981 5905 1015 5974 ἡ
1048 5901 1241 5972 γνώμη

1192 386 1255 442 ΙΝ
1297 384 1709 444 ΜΑΤΤΙΙᾹΞΗΜ
1748 380 1981 438 IIOMIL.
2027 378 2290 433 XXXVII.
2323 382 2393 436 al.
2438 380 2719 435 XXXVIII.

971 5761 1016 5793 ⁸⁸
1054 5760 1148 5814 τοῦ
1176 5776 1288 5815 om.
1322 5758 1386 5811 A.
1418 5757 1480 5811 Ω.
1628 5754 1949 5829 συνῳδάἶηαι

2054 5752 2301 5829 βούλεται
2323 5752 2390 5829 _C.
2428 5753 2489 5829 E_.
2519 5763 2574 5808 et
2605 5753 3002 5829 pr._a9':q3_0m_.

1103 5832 1149 5902 δέ
1186 5827 1524 5902 ἀμφοτέρας]
1563 5823 1752 5902 519A?
1784 5823 1932 5902 υςᾟι

2054 5826 2292 5902 ._c:nle_ri‘
2315 5823 2617 5902 ἐκατέρας.
2636 5824 2773 5902 γάρ]
2818 5823 2916 5897 μέν
2961 5825 3096 5902 Ειω.

1309 5849 1524 5900 οτεραςι
1563 5849 1653 5881 ou:
1680 5849 1741 5881 Α.
1784 5849 1841 5877 ιι.
1871 5849 1926 5876 r.

1270 5849 1335 5955 ἓ.
1374 5900 1433 5953 Ε.
1507 5901 1550 5932 ⁵³
1578 5897 1794 5966 ἐγένετο
1820 5895 1951 5948 ιιιιιι.

2054 5866 2062 5877 ι
2092 5849 2272 5879 υἱυιῦΙΊ
2315 5849 2604 5895 εκατερας.
2818 5849 2916 5897 μεν
2961 5849 3096 5879 LIIII.
3205 5849 3245 5857 "
3290 5849 3566 5895 Ραρυαρυν
3610 5849 3747 5881 Duu.

2058 5896 2078 5926 ³
2115 5894 2293 5981 σκιάν]
2327 5895 2771 5981 thl.:czya1Egtl.
2808 5907 2996 5981 (Ξοηῑςια
3029 5896 3125 5981 Εειέ
3148 5897 3400 5981 (ιιρρόιίῖ
3432 5896 3750 5981 ’δδπάπιρόσῖ-

3616 377 3719 433 ιιι

2047 510 2243 563 τροπον
2264 493 2555 564 ἑκατέρους
2587 492 2859 556 ἐκάκιζον.
2886 495 2998 547 Οὐκ
3024 495 3130 565 ἄρα
3151 494 3210 546 τὸ
3237 495 3483 568 ἔγκλημα
3510 501 3617 552 τῶι
3642 503 3715 570 μὴ

2049 578 2447 631 πιστευθέντων
2467 619 2480 641 ,
2530 579 2644 631 ἀλλ’
2673 579 2707 648 η
2733 578 3037 650 κατηγορία
3067 580 3175 631 τῶν
3209 579 3284 650 μὴ
3318 585 3723 637 πιστευσάντων

2047 659 2136 734 ἦν.
2170 665 2357 729 Οὐδεὶς
2386 667 2496 736 γάρ
2530 683 2660 719 ποτε
2685 664 2755 719 τά
2779 668 2994 720 ἐναντία
3033 667 3278 730 κακίζειν
3309 669 3498 730 ἕλοιτο,
3534 671 3724 744 ὥσπερ

2048 749 2143 806 οὖν
2171 753 2294 805 οὐδὲ
2324 755 2586 807 ἐπαινεῖν.
2620 749 2745 807 Οίόν
2773 770 2827 806 τι
2864 754 3007 822 λέγω
3033 771 3047 784 ·
3100 756 3129 808 ὁ
3161 756 3253 809 τὸν
3284 757 3504 828 φαιδρὸν
3532 759 3726 813 ἀποδε-

2050 842 2277 913 χόμενος
2320 840 2608 911 ἄνθρωπον
2655 843 2749 895 καὶ
2793 842 3097 912 ἀνειμένον,
3140 842 3232 895 τὸν
3278 844 3601 915 σκυθρωπὸν
3630 848 3724 899 καὶ

2052 928 2224 1000 βαρὺν
2239 929 2284 960 δ’
2309 929 2409 982 οὐκ
2431 929 2751 996 ἀποδέξεται
2771 944 2786 959 ο
2822 931 2851 982 ὁ
2877 930 2968 983 τὸν
3001 931 3324 1002 σκυθρωπὸν
3353 932 3611 996 ἐπαινῶν,
3633 933 3725 988 τὸν

2053 1016 2276 1090 φαιδρὸν
2312 1017 2414 1071 ούκ
2454 1018 2749 1072 ἐπαινέσει.
2792 1019 3099 1090 ⁹Ἀμήχανον
3138 1020 3247 1090 γάρ
3274 1020 3367 1074 καὶ
3391 1020 3594 1091 ταύτην
3626 1022 3725 1074 κά-

2051 1106 2237 1177 κείνην
2260 1106 2468 1161 τιθέναι
2498 1107 2598 1183 την
2623 1107 2824 1177 ψῆφον.
2866 1107 2965 1160 Διά
2995 1107 3155 1161 τοῦτο
3200 1111 3294 1163 καὶ
3326 1109 3488 1173 αὑτός
3517 1126 3683 1180 φησιν
3706 1122 3721 1138 '

2051 1194 2424 1265 Ηύλήσαμεν
2445 1195 2607 1265 ὑμῖν,
2642 1197 2739 1249 καὶ
2764 1198 2874 1251 οὐκ
2904 1196 3262 1266 ὠρχήσασθε
3279 1215 3291 1227 ·
3330 1197 3595 1261 τουτέστι,
3621 1196 3724 1250 Τὸν

2051 1283 2337 1353 ἀνειμένον
2384 1282 2497 1353 βίον
2547 1283 2800 1349 ὑπέδειξα
2820 1286 2899 1350 ⁸⁰,
2953 1286 3047 1339 καὶ
3088 1286 3187 1339 οὐκ
3233 1285 3542 1356 ἐπείσθητε.
3590 1285 3723 1351 Καὶ,

2064 1370 2531 1441 Ἐθρηνήσαμεν,
2564 1371 2662 1425 καί
2686 1375 2797 1425 οὐκ
2820 1373 3128 1442 ἐκόψασθε
3154 1391 3166 1403 ’
3202 1373 3499 1438 τουτέστιν,
3546 1373 3725 1427 Ἰωάν-

2051 1475 2151 1529 νης
2174 1457 2266 1512 τὸν
2297 1459 2532 1530 σκληρὸν
2566 1460 2658 1511 καὶ
2692 1459 2861 1530 βαρὺν
2892 1461 3126 1532 μετῆλθε
3164 1460 3298 1531 βίον,
3330 1462 3426 1515 καὶ
3456 1461 3516 1513 οὐ
3552 1477 3727 1533 προσ-

2052 1546 2260 1617 έσχετε.
2314 1547 2422 1599 Καὶ
2449 1547 2509 1599 ού
2544 1546 2711 1614 λέγει,
2754 1548 2989 1610 Ἐκεῖνος
3027 1547 3246 1612 τοῦτον,
3301 1546 3456 1617 κάγὼ
3493 1548 3684 1603 τοῦτον
3706 1564 3719 1579 ’

2052 1635 2166 1688 ἀλλ’
2195 1634 2380 1704 ἐπειδὴ
2411 1635 2510 1705 μία
2539 1634 2728 1706 γνώμη
2748 1636 2792 1666 σί
2826 1636 3101 1706 ἑκατέρων
3132 1632 3219 1708 ἦν,
3252 1638 3300 1689 εί
3324 1636 3508 1691 καὶτὰ
3539 1638 3723 1709 ἐπιτη-

2050 1722 2296 1793 δεύματα
2320 1723 2557 1784 ἐναντία,
2587 1724 2671 1775 διὰ
2708 1723 2866 1776 τοῦτο
2896 1725 3049 1777 κοινά
3087 1725 3154 1776 τά
3185 1726 3524 1795 γεγενημένα
3559 1726 3723 1795 φησὶν

2053 1807 2208 1864 εἶναι.
2246 1811 2355 1865 Καὶ
2384 1811 2492 1883 γάρ
2514 1812 2608 1865 καὶ
2636 1811 2694 1863 τὸ
2715 1812 2811 1881 τὴν
2831 1813 3079 1866 ἐναντίαν
3104 1812 3276 1866 ἐλθεῖν
3292 1813 3431 1875 ὁδὸν,
3463 1812 3572 1866 ἀπὸ
3594 1831 3725 1884 συμ-

2054 1900 2256 1969 φωνίας
2288 1901 2685 1971 ἐπιτεταμένης
2716 1902 2923 1968 ἐγίνετο
2941 1902 3008 1965 ⁸⁸,
3054 1903 3147 1955 καὶ
3168 1902 3303 1973 πρὸς
3332 1903 3388 1955 ἓν
3420 1902 3722 1973 βλεπούσης

2050 1988 2223 2051 τέλος.
2268 1989 2435 2042 Ποίαν
2466 1983 2558 2040 οὖν
2598 1987 2813 2057 σχοίητε
2846 1989 3031 2041 λοιπὸν
3067 1990 3397 2059 ἀπολογίαν;
3434 1990 3531 2044 Διά
3567 1990 3726 2045 τοῦτο

2052 2077 2145 2129 καὶ
2176 2077 2422 2147 ἐπήγαγε
2454 2092 2467 2107 ⁶
2504 2076 2615 2130 Kal
2664 2076 2973 2145 ἐδικαιώθη
3008 2080 3045 2147 ή
3096 2079 3283 2148 σοφία
3329 2079 3449 2136 ἀπὸ
3481 2079 3601 2134 τῶν
3629 2078 3720 2135 τέ-

2052 2183 2211 2219 κνων
2255 2164 2478 2232 αὐτῆς·
2530 2165 2838 2226 τουτέστιν,
2873 2167 2935 2218 Εἰ
2964 2168 3057 2221 καὶ
3088 2167 3246 2238 ὑμεῖς
3276 2168 3377 2222 οὐκ
3411 2167 3725 2240 ἐπείσθητε,

2052 2254 2166 2307 ἀλλ’
2205 2255 2328 2323 ἐμοὶ
2363 2252 2549 2306 λοιπὸν
2588 2253 2835 2321 ἐγκαλεῖν
2865 2255 2965 2307 οὐκ
2992 2255 3164 2326 ἔχετε.
3207 2257 3271 2309 Ὃ
3320 2255 3450 2327 περὶ
3480 2257 3572 2311 τοῦ
3614 2253 3728 2310 Πα-

2051 2338 2181 2407 τρός
2213 2352 2378 2407 φησιν
2406 2339 2435 2389 ό
2466 2340 2752 2409 προφήτης
2774 2356 2789 2369 ο
2824 2339 3023 2406 Ὅπως
3055 2338 3133 2394 ἂν
3159 2340 3480 2409 δικαιωθῇς
3506 2341 3577 2394 ἐν
3602 2340 3727 2407 τοῖς

2051 2419 2257 2489 λόγοις
2288 2435 2426 2474 σου.
2474 2421 2534 2475 '0
2567 2422 2677 2493 γὰρ
2705 2421 2856 2485 Θεὸς.
2906 2423 3010 2477 κᾶν
3047 2424 3211 2493 μηδὲν
3252 2423 3389 2494 ἀνύῃ
3431 2424 3591 2478 πλέον
3620 2425 3730 2479 ἀπὸ

2051 2505 2150 2575 τῆς
2174 2520 2242 2557 πε
2251 2504 2305 2575 pl
2323 2506 2471 2575 ἡμᾶς
2492 2504 2835 2575 κηδεμονίας,
2858 2505 2926 2558 τὰ
2947 2510 3077 2577 παρ’
3098 2507 3290 2560 ἐαυτοῦ
3314 2508 3489 2562 πάντα
3508 2508 3725 2582 πληροῖ,

2052 2586 2194 2641 ὥστε
2214 2591 2328 2651 τοῖς
2354 2589 2731 2659 ἀναισχυντεῖν
2764 2588 3112 2658 βουλομένοις
3150 2590 3284 2661 μηδέ
3310 2590 3467 2644 σκιὰν
3485 2590 3533 2623 ⁸³
3563 2607 3731 2646 κατα-

2052 2670 2232 2724 λιπεῖν
2273 2672 2586 2739 ἀγνώμονος
2621 2670 2969 2740 ἀμφιϐολίας.
3017 2672 3079 2725 Εἰ
3107 2672 3163 2725 δὲ
3208 2672 3278 2727 τά
3310 2673 3732 2744 παραδείγματα

2052 2752 2248 2822 εὐτελῆ
2290 2753 2385 2806 καὶ
2431 2754 2785 2823 κακέμφατα,
2832 2753 2906 2824 μὴ
2950 2753 3276 2827 θαυμάσῃς*
3323 2757 3460 2828 πρὸς
3496 2757 3605 2829 γὰρ
3631 2758 3729 2829 τὴν

2054 2835 2340 2890 ἀσθένειαν
2379 2836 2487 2888 τῶν
2515 2836 2822 2889 ἀκουόντων
2844 2835 3133 2906 διελέγετο.
3194 2839 3346 2893 Ἐπεὶ
3388 2842 3481 2894 καὶ
3502 2842 3530 2894 ὁ
3566 2840 3729 2906 Ἰεζε-

2054 2919 2179 2989 κιὴλ
2226 2919 2395 2971 πολλά
2442 2919 2589 2986 λέγει
2641 2920 3062 2990 παραδείγματα
3117 2923 3299 2987 αὐτοῖς
3356 2926 3638 2994 πρόσφορα
3659 2925 3729 2989 ⁸⁵,

2055 3000 2207 3074 [420]
2242 3002 2337 3054 καὶ
2364 3002 2463 3071 τῆς
2492 3000 2584 3053 τοῦ
2604 3002 2740 3054 Θεοῦ
2775 3003 3163 3074 μεγαλωσύνης
3197 3005 3411 3070 ἀνάξια.
3455 3007 3612 3061 Ἀλλά
3637 3008 3733 3062 καὶ

2052 3084 2210 3138 τοῦτο
2256 3084 2489 3155 μάλιστα
2522 3084 2673 3150 ἄξιον
2715 3085 2878 3138 αὑτοῦ
2913 3086 3014 3155 τῆς
3052 3088 3399 3158 κηδεμονίας.
3441 3091 3641 3144 Σκόπει
3673 3092 3730 3145 δὲ

2052 3167 2250 3231 αὐτοὺς
2280 3167 2373 3220 καὶ
2394 3166 2660 3237 ἑτέρωθεν
2691 3169 2770 3231 είς
2801 3170 3052 3234 ἐναντίας
3080 3172 3527 3241 περιενεχθέντας
3553 3172 3728 3239 δόξας.

2054 3251 2313 3314 Είπόντες
2351 3249 2459 3320 γάρ
2490 3250 2618 3321 περὶ
2670 3251 2942 3317 Ἰωάννου,
2990 3254 3071 3307 ὅτι
3124 3254 3398 3325 δαιμόνιον
3444 3256 3593 3326 ἔχει,
3631 3257 3734 3311 ούκ

2053 3334 2289 3405 ἔστησαν
2314 3333 2475 3404 μέχρι
2505 3331 2720 3395 τούτου,
2752 3332 2888 3386 ἀλλά
2922 3334 3018 3388 καὶ
3045 3336 3174 3405 περὶ
3200 3334 3368 3389 αὑτοῦ
3409 3336 3477 3391 τά
3513 3339 3733 3392 ἐναντία

2054 3416 2380 3487 αἱρουμένου
2409 3416 2471 3469 τὸ
2508 3417 2640 3469 αὐτὸ
2677 3415 2837 3469 τοῦτο
2867 3412 3019 3470 εἷπον
3050 3419 3212 3473 πάλιν
3237 3436 3251 3449 ο
3302 3419 3478 3484 οὕτως
3518 3423 3598 3485 εἰς
3630 3440 3734 3493 μα-

2054 3500 2289 3571 χομένας
2329 3500 2418 3552 ἀεὶ
2464 3500 2857 3570 περιεφέροντο
2896 3500 3075 3566 δόξας.
3120 3503 3177 3555 '0
3222 3502 3277 3555 δέ
3312 3505 3529 3568 Λουκᾶς
3596 3507 3732 3575 μετά

2053 3583 2260 3637 τούτων
2298 3582 2392 3636 καὶ
2421 3582 2613 3654 ἑτέραν
2647 3581 2870 3653 μείζονα
2906 3584 3118 3653 τίθησιν
3156 3585 3337 3638 αὐτῶν
3373 3588 3731 3657 κατηγορίαν,

2056 3663 2225 3719 είπών
2247 3683 2260 3697 ο
2309 3668 2374 3719 Οί
2410 3665 2519 3735 γάρ
2556 3663 2806 3720 τελῶναι
2835 3665 3197 3721 ἐδικαίωσαν
3226 3668 3334 3722 τὸν
3368 3670 3536 3735 Θεὸν,
3567 3670 3737 3735 δεξά-

2049 3765 2222 3818 μενοι
2268 3748 2335 3801 τὸ
2370 3748 2689 3817 ,βάπτισμα
2741 3748 3046 3804 Ἰωάννου.
3094 3751 3228 3803 Τότε
3267 3750 3454 3805 λοιπὸν
3485 3753 3733 3818 ὀνειδίζει

2054 3830 2155 3891 τάς
2184 3830 2387 3894 πόλεις,
2416 3831 2504 3883 ὅτε
2532 3829 2825 3903 ἐδικαιὼοη
2854 3834 2888 3903 ἡ
2921 3832 3101 3900 σοφία,
3136 3833 3225 3887 ὅτε
3268 3835 3518 3901 ἀπέδειξε
3558 3838 3733 3892 πάντα

2057 3913 2484 3985 πεπληρωμένα.
2534 3914 2749 3985 Ἐπειδὴ
2780 3916 2889 3986 γάρ
2912 3916 3013 3969 ούκ
3048 3915 3254 3980 ἐπεισε,
3303 3917 3576 3982 ταλανίζει
3619 3920 3732 3974 λοι-

2055 3998 2179 4063 πὸν,
2214 3997 2243 4051 ὃ
2275 3996 2371 4051 τοῦ
2418 3997 2651 4067 φοόῆσαι
2680 3998 2842 4051 πλέον
2870 4000 3007 4053 ἐστί.
3036 4001 3169 4053 ’Καὶ
3192 4000 3301 4071 γάρ
3337 4001 3435 4071 τὴν
3471 4001 3583 4056 ἀπὸ
3625 4002 3730 4058 τῶν

2055 4081 2229 4150 λόγων
2268 4080 2630 4134 διδασκαλίαν·
2671 4082 3002 4148 ἐπεδείξατο,
3055 4083 3148 4136 καὶ
3196 4085 3294 4153 τὴν
3344 4083 3455 4137 ἀπὸ
3499 4084 3607 4139 τῶν
3638 4103 3734 4155 ση-

2060 4165 2228 4235 μείων
2258 4163 2723 4235 θαυματουργίαν.
2782 4165 2999 4236 Ἐπειδὴ
3037 4166 3093 4219 δὲ
3127 4165 3347 4235 ἔμειναν
3386 4169 3479 4221 ἐπὶ
3506 4168 3611 4239 τῆς
3636 4170 3735 4223 αύ-

2056 4246 2165 4299 τῶν
2202 4246 2482 4310 ἀπειθείας
2497 4248 2567 4309 ⁸³,
2613 4245 2858 4312 ὀνειδίζει
2887 4248 3095 4303 λοιπόν.
3141 4250 3280 4302 Τότε
3317 4249 3446 4320 γάρ.
3481 4253 3667 4320 φησὶν,
3700 4256 3734 4307 ό

2069 4328 2298 4397 Ἰησοῦς
2346 4330 2571 4399 ἤρξατο
2599 4329 2905 4390 ὀνειδίζειν
2940 4331 3045 4395 τὰς
3086 4332 3313 4398 πόλεις,
3356 4334 3425 4386 ἐν
3474 4329 3569 4400 αἷς
3604 4334 3734 4399 ἐγέ-

2054 4429 2234 4466 νοντο
2264 4415 2323 4467 al
2348 4412 2626 4466 πλεῖσται
2667 4411 2951 4482 δυνάμεις
2974 4414 3181 4477 αὐτοῦ,
3224 4414 3313 4468 ὅτι
3347 4417 3420 4469 οὐ
3454 4416 3736 4485 μετενσή-

2056 4511 2198 4557 σαν.
2224 4496 2445 4566 λέγων·
2475 4495 2623 4550 Οὐαί
2645 4512 2767 4560 σοι,
2788 4496 3036 4564 Χοραζίν
3056 4511 3071 4527 ·
3100 4500 3237 4551 οὐαί
3264 4514 3382 4562 σοι,
3407 4498 3732 4569 Βηθσαϊδὰ.

2058 4574 2194 4633 Εἶτα
2220 4578 2308 4632 ἵνα
2336 4579 2513 4649 μάθῃς
2541 4578 2642 4631 οὐκ
2662 4578 2770 4632 ἀπὸ
2794 4578 3010 4648 φύσεως
3039 4582 3237 4645 αὐτοὺς
3259 4582 3534 4648 τοιούτους
3553 4584 3731 4650 ὄντας,

2056 4660 2238 4731 τίθησι
2270 4660 2365 4713 καὶ
2393 4661 2453 4712 τὸ
2473 4660 2644 4731 ὄνομα
2668 4660 2765 4732 τῆς
2789 4661 3017 4726 πόλεως,
3052 4664 3146 4732 ἀφ’
3174 4660 3242 4735 ἦς
3273 4665 3435 4719 πέντε
3466 4669 3735 4739 προῆλθον

2057 4743 2367 4797 ἀπόστολοι.
2419 4745 2487 4797 ’Ὀ
2521 4760 2581 4795 τε
2612 4742 2721 4814 γάρ
2758 4743 3025 4808 Φίλιππος
3074 4748 3167 4799 καὶ
3212 4750 3265 4800 αἱ
3315 4748 3407 4802 δύο
3448 4748 3737 4821 ξυνωρίδες

2058 4832 2263 4885 ἐκεῖναι
2285 4833 2341 4884 αἱ
2372 4831 2419 4862 ⁵⁸
2451 4831 2559 4884 τῶν
2585 4832 2896 4902 κορυφαίων
2955 4836 3204 4889 ἐντεῦθεν
3236 4833 3398 4907 ἦσαν.
3428 4838 3554 4891 Ὅτι
3585 4841 3638 4892 εί
3668 4840 3738 4893 ἐν

2067 4916 2225 4981 Τύρῳ
2246 4914 2345 4967 καὶ
2368 4913 2580 4968 Σιδῶνι
2607 4915 2908 4985 ἐγένοντο,
2944 4920 3129 4989 φησιν,
3161 4922 3220 4972 αἱ
3245 4920 3533 4989 δυνάμεις
3558 4924 3618 4975 αἱ
3644 4940 3738 4992 τε·

2060 5000 2307 5067 νόμεναι
2329 4999 2399 5053 ἐν
2414 5000 2555 5068 ὑμῖν
2570 5001 2639 5063 ⁵⁷,
2660 5000 2727 5052 ἐν
2759 5000 2969 5066 σάκκῳ
2992 5003 3088 5055 καὶ
3115 5002 3324 5068 σποδῷ
3334 5007 3734 5072 μετενόησαν.

2061 5083 2240 5149 Πλὴν
2262 5085 2419 5153 λέγω
2434 5083 2599 5152 ὑμῖν,
2628 5085 2791 5151 Τύρῳ
2809 5085 2906 5138 καί
2926 5086 3135 5140 Σιδῶνι
3154 5089 3548 5155 ἀνεκτότερον
3565 5089 3738 5144 ἕσται

2060 5165 2130 5219 ἐν
2163 5165 2351 5233 ἡμέρᾳ
2396 5165 2673 5233 κρίσεως,
2704 5167 2743 5234 ἢ
2772 5166 2937 5235 ὑμῖν.
2988 5170 3099 5222 Καὶ
3129 5169 3211 5223 σὺ
3243 5171 3658 5241 Καπερναοὺμ,
3701 5174 3739 5241 ή

2061 5248 2174 5315 ἕως
2202 5248 2313 5303 τοῦ
2344 5249 2604 5316 οὐρανοῦ
2642 5251 2976 5318 ὑψωθεῖσα,
3007 5251 3120 5318 ἕως
3155 5251 3304 5319 ᾅδου
3340 5254 3385 5285 ⁸⁸
3429 5257 3741 5309 καταϐιϐα-

2063 5330 2277 5400 σθήσῃ
2302 5347 2316 5361 ·
2348 5330 2436 5385 ὅτι
2459 5334 2513 5386 εὶ
2536 5333 2607 5386 ἐν
2628 5333 2915 5402 Σοδόμοις
2951 5334 3234 5404 ἐγένοντο
3281 5340 3343 5391 al
3379 5337 3662 5406 δυνάμεις
3683 5344 3743 5393 al

2065 5415 2381 5485 γενόμεναι
2410 5415 2481 5469 ἐν
2510 5415 2634 5478 σοί,
2679 5415 2926 5486 ἔμειναν
2951 5417 3029 5471 ἂν
3074 5418 3254 5488 μέχρι
3308 5420 3417 5487 τῆς
3453 5420 3739 5490 σήμερον.

2068 5498 2245 5568 Πλὴν
2262 5499 2418 5568 λέγω
2438 5500 2599 5570 ὑμῖν,
2626 5499 2715 5553 ὅτι
2738 5498 2816 5570 γῇ
2836 5500 3119 5571 Σοδόμων
3147 5503 3544 5572 ἀνεκτότερον
3571 5506 3743 5559 ἔσται

2068 5583 2138 5638 ἐν
2159 5583 2349 5654 ήμέρα
2377 5585 2652 5654 κρίσεως,
2676 5585 2713 5654 ἢ
2740 5586 2863 5639 σοί.
2910 5587 3020 5640 Καὶ
3040 5587 3108 5640 τά
3132 5587 3338 5659 Σόδομα
3354 5588 3411 5641 δὲ
3445 5590 3628 5653 αὐτοῖς
3647 5592 3744 5661 οὐχ

3217 5754 3262 5785 ⁵⁸
3300 5751 3492 5823 είλετο]
3523 5748 3652 5823 ἦλθε
3683 5755 3746 5812 F.

3202 5822 3247 5857 δ’
3290 5822 3566 5895 βάρϐαρον
3610 5824 3747 5881 Edd.

294 5990 433 6052 εορα
454 5975 518 6052 έὲε
548 5964 1124 6052 (ἐσβιτεῐιεεθηείιιὶιξ
1158 5964 1393 6052 ιἠίθιῑνιν;
1472 5971 1517 6003 ⁸⁵
1557 5964 1653 6052 τῆς
1684 5968 1857 6052 αιὶτῗιε
1883 5968 1951 6018 ἀπ

2054 5966 2216 6052 Lamia;
2249 5964 2640 6039 1⁹.ὐπ;ιοείας]
2677 5966 2901 6031 ἀτοπίας
2942 5966 3003 6020 D.
3082 5968 3125 5998 δέ
3168 5969 3225 6019 αί
3258 5967 3405 6023 dcvsl
3431 5968 3483 6020 in
3520 5964 3655 6021 Edd'.
3695 5977 3752 6023 ει

296 6035 397 6115 Ep'.
471 6045 516 6078 ⁸⁷
558 6035 1158 6117 ὑμῖν]ει1ι1.”πάλαιῖιν
1182 6048 1247 6099 Α.
1282 6035 1511 6114 mosq.
1590 6035 1633 6072 η
1673 6037 1766 6093 τοῦ
1794 6035 1919 6112 ᾅδου
1951 6037 2083 6093 Edd.
