4074 6358
429 364 537 420 425
857 365 897 415 ει
910 404 918 412 .

427 477 616 542 ἁπλῶς
639 476 992 549 προστίθησιν
1017 475 1086 540 ⁵³,
1135 476 1249 529 ἀλλ’
1292 474 1470 541 αὔξων
1492 476 1588 548 τὴν
1606 478 1959 548 κατηγορίαν.
1982 477 2093 531 Kal

426 557 533 630 γὰρ
573 556 809 627 μεγίστη
831 555 1029 618 κακίας
1068 554 1364 620 ἀπόδειξις,
1383 557 1512 608 ὅταν
1536 554 1613 625 μὴ
1635 554 1742 609 τῶν
1765 556 1884 608 τότε
1901 556 2092 620 όντων,

426 636 562 691 ἀλλά
582 637 675 690 καὶ
693 636 800 689 τῶν
831 634 1048 688 πώποτε
1064 635 1369 703 γενομένων
1393 633 1646 703 πονηρῶν
1661 633 1957 702 φαίνωνται
1987 653 2047 706 χε
2055 636 2099 688 ί-

427 732 555 788 ρους
588 716 802 768 ἐκεῖνοι.
843 713 1003 768 Οὕτω
1037 712 1135 766 καὶ
1155 711 1388 782 ἀλλαχοῦ
1421 715 1656 765 ποιεῖται
1679 713 1988 785 σύγκρισιν,
2009 714 2098 767 διὰ

328 822 337 827 -
424 793 722 850 Νινευῖτῶν
734 793 928 854 αὐτοὺς
948 791 1288 862 κατακρίνων
1310 791 1404 844 καὶ
1425 790 1515 843 διὰ
1538 791 1638 862 τῆς
1664 790 1981 862 βασιλίσσης
2000 792 2095 845 τοῦ

426 873 602 927 νότου·
627 873 740 927 ἀλλ’
761 875 877 926 ἐκεῖ
899 871 1017 942 μὲν,
1034 870 1121 924 διά
1139 869 1245 923 τῶν
1268 868 1704 941 κατωρθωκότων
1727 887 1740 903 ’
1764 871 1997 925 ἐνταῦθα
2018 871 2093 937 δὲ,

426 953 522 1006 καὶ¹
553 952 639 1006 διὰ
661 951 769 1005 τῶν
800 950 1219 1023 ἡμαρτηκότων,
1239 948 1267 1001 ὃ
1292 948 1425 1002 πολὺ
1454 947 1748 1021 βαρύτερον
1769 946 1858 1021 ἦν.
1895 949 2097 1004 Τοῦτον

426 1032 521 1087 καὶ
553 1032 582 1084 ὁ
624 1030 884 1102 Ἰεζεκιὴλ
925 1025 1031 1083 οἶδε
1070 1029 1169 1100 τῆς
1214 1028 1591 1099 κατακρίσεως
1633 1029 1723 1082 τὸν
1770 1028 1933 1099 νόμον
1957 1046 1971 1059 ·
2016 1029 2097 1082 διὸ

426 1113 524 1165 καὶ
553 1111 706 1180 ἔλεγε
741 1113 808 1182 τῇ
854 1109 1209 1181 Ἰερουσαλήμ
1229 1126 1242 1140 ·
1289 1108 1677 1175 Ἐδικαίωσας
1695 1109 1800 1175 τὰς
1828 1109 2096 1178 ἀδελφάς

426 1207 543 1245 σου
561 1191 630 1244 ἐν
649 1190 874 1256 πάσαις
899 1189 1029 1256 ταῖς
1056 1189 1368 1258 ἁμαρτίαις
1383 1201 1521 1241 σου.
1544 1188 1700 1241 Οὕτω
1731 1188 2003 1258 πανταχοῦ
2026 1190 2093 1259 τῇ

426 1270 638 1342 Παλαιᾷ
661 1269 1052 1341 ἐμφιλοχωρεῖν
1080 1267 1258 1321 εἴωθε.
1284 1269 1393 1321 Kal
1420 1268 1540 1320 οὐδὲ
1568 1266 1802 1321 ἐνταῦθα
1822 1268 1911 1320 τὸν
1939 1267 2096 1337 λόγον

427 1350 660 1421 ἵστησιν,
695 1349 830 1402 ἀλλά
858 1348 954 1402 καὶ
993 1347 1082 1400 τὸν
1115 1346 1276 1416 φόϐον
1306 1347 1563 1401 ἐπιτείνει
1596 1346 1791 1415 λέγων,
1819 1347 1901 1400 ὄτι
1934 1346 2095 1417 χαλε-

426 1426 650 1500 πώτερα
676 1427 952 1481 πείσονται
982 1425 1296 1497 Σοδομηνῶν
1336 1426 1431 1479 καὶ
1461 1426 1696 1498 Τυρίων,
1733 1425 1872 1479 ῶστε
1898 1442 2098 1478 παντα-

427 1509 585 1581 χόθεν
612 1509 813 1572 αὐτοὺς
850 1510 1158 1577 ἐναγαγεῖν,
1196 1505 1293 1560 καί⁵
1337 1505 1445 1560 ἀπὸ
1490 1504 1584 1559 τοῦ
1630 1505 1970 1570 ταλανίξειν,
2001 1505 2096 1559 καὶ

426 1589 536 1642 ἀπὸ
566 1587 658 1641 τοῦ
692 1586 893 1657 φοϐεῖν.
959 1621 963 1624 ν

498 1672 560 1721 ε’.
583 1666 768 1721 Ταῦτα
785 1667 828 1698 ⁶⁰
848 1664 911 1736 δὴ
936 1664 1030 1718 καί
1050 1665 1209 1734 ἡμεῖς
1232 1663 1536 1735 ἀκούωμεν.
1568 1664 1703 1717 Οὐδὲ
1717 1664 1826 1735 γάρ
1846 1664 1959 1726 τοῖς
1976 1662 2096 1716 ἀπι-

429 1744 615 1801 στοῦσι
646 1745 826 1817 μόνον,
856 1743 992 1798 ἀλλά
1011 1744 1105 1797 καὶ
1125 1745 1255 1814 ἡμῖν
1271 1743 1658 1816 χαλεπωτέραν
1686 1742 1853 1814 ῶρισε
1878 1742 2095 1796 κόλασιν

429 1825 584 1899 [421]
598 1824 937 1896 Σοδομηνῶν,
950 1824 1088 1895 εἰμὴ
1099 1822 1361 1894 δεξόμεθα
1376 1825 1499 1886 τοὺς
1514 1823 1781 1891 εἰσιόντας
1798 1822 1931 1893 πρὸς
1946 1825 1980 1894 ἡ
1990 1822 2098 1893 μᾶς

428 1903 634 1970 ξένους,
666 1904 754 1956 ὅτε
801 1903 896 1957 καί¹
936 1902 1027 1955 τὸν
1073 1902 1345 1975 κονιορτὸν
1372 1902 1646 1967 ἐκτινάξαι
1677 1901 1929 1956 ἐκέλευσε
1953 1917 1965 1930 ⁸
2003 1901 2099 1955 καὶ

430 1982 576 2054 μάλα
606 1981 848 2044 εἰκότως,
866 1981 1091 2034 Ἐκεῖνοι
1127 1981 1222 2051 μὲν
1252 1979 1380 2053 γὰρ,
1398 1983 1445 2034 εἰ
1478 1981 1572 2036 καὶ
1602 1982 1893 2051 παράνομα
1919 1981 2101 2052 ἦμαρ-

426 2078 539 2127 τον,
567 2060 702 2116 ἀλλά
730 2059 836 2132 πρὸ
862 2058 955 2113 τοῦ
983 2059 1148 2131 νόμου
1170 2060 1264 2112 καὶ
1287 2060 1385 2131 τῆς
1419 2060 1638 2132 χάριτος
1655 2076 1669 2090 ·
1689 2061 1848 2131 ἡμεῖς
1880 2060 1936 2113 δὲ
1964 2059 2101 2131 μετά

425 2140 694 2213 τοσαύτην
740 2139 1055 2211 ἐπιμέλειαν
1079 2139 1145 2207 ⁸³,
1204 2138 1346 2202 τίνος
1399 2138 1465 2193 ἂν
1492 2170 1497 2179 ι
1524 2141 1715 2211 εἴημεν
1773 2138 2101 2209 συγγνώμης

426 2220 585 2287 ἄξιοι,
635 2218 939 2291 μισοξενίαν
1001 2217 1270 2288 τοσαύτην
1320 2218 1791 2290 ἐπιδεικνύμενοι,
1840 2217 1934 2271 καί⁵
1987 2220 2102 2282 τοῖς

425 2300 698 2369 δεομένοις
726 2298 826 2361 τάς
854 2296 1022 2369 θύρας
1070 2296 1468 2363 ἀποκλείοντες,
1506 2299 1603 2351 καὶ
1651 2296 1757 2369 πρὸ
1784 2295 1892 2349 τῶν
1923 2295 2103 2367 θυρῶν

424 2379 527 2443 τὰς
574 2379 777 2445 ἀκοάς;
830 2376 1028 2445 μᾶλλον
1086 2375 1142 2429 δὲ
1186 2376 1248 2428 ού
1300 2378 1412 2439 τοῖς
1470 2377 1665 2447 πένησι
1719 2374 1878 2445 μόνον
1901 2414 1917 2438 ,
1966 2373 2103 2428 ἀλλά

427 2459 522 2513 καὶ
568 2458 750 2520 αὐτοῖς
800 2458 912 2519 τοῖς
957 2453 1312 2521 ἀποστόλοις;
1346 2453 1444 2507 Διά
1486 2454 1595 2526 γὰρ
1640 2452 1797 2506 τοῦτο
1841 2452 1938 2507 καὶ
1991 2455 2105 2518 τοῖς

408 2538 676 2610 ιτπένησιν,
703 2534 889 2604 ἐπειδὴ
938 2532 1033 2586 καὶ
1069 2534 1180 2596 τοῖς
1226 2532 1564 2610 ἀποστόλοις,
1599 2531 1766 2610 Ὅταν
1820 2531 1929 2603 γὰρ
1976 2531 2107 2586 ἀνα.

425 2608 758 2685 γινώσκηται
790 2610 1019 2677 Παῦλος,
1053 2610 1146 2663 καὶ
1174 2611 1237 2663 σὺ
1270 2609 1344 2681 μὴ
1383 2609 1675 2680 προσέχῃς,
1702 2608 1831 2663 ὅταν
1859 2610 2103 2683 κηρύττῃ

441 2695 711 2765 Ἰωάννης,
758 2692 853 2746 καὶ
896 2691 961 2744 σὺ
997 2689 1072 2761 μὴ
1111 2689 1495 2765 ἀκούῃςεπότε
1529 2686 1655 2762 δέξῃ
1695 2688 1926 2757 πένητα,
1968 2690 2103 2744 ἀπό-

429 2773 615 2827 στολον
648 2762 741 2843 ’μὴ
796 2769 1081 2840 δεχόμενος
1105 2784 1120 2833 ;
1143 2762 1263 2823 Ἵνα
1300 2762 1392 2821 οῦν
1440 2767 1534 2821 καί
1569 2766 1775 2831 τούτοις
1819 2770 1874 2843 αἱ
1914 2769 2103 2843 οἰκίαι,

427 2840 700 2914 κάκείνοις
729 2840 801 2903 Kal
846 2848 1030 2909 ἀκοαὶ,
1074 2848 1338 2919 διηνεκῶς
1360 2847 1404 2878 ⁸³
1439 2845 1781 2918 ἀνεῳγμέναι
1822 2840 1974 2910 ὦσιν,
2015 2840 2107 2902 ἐκῤ

427 2930 756 3002 καθάρωμεν
804 2926 898 2981 τὸν
962 2925 1132 2997 ῥύπον
1189 2925 1297 2979 ἀπὸ
1351 2924 1461 2979 τῶν
1521 2926 1620 3002 τῆς
1688 2925 1866 2997 ψυχῆς
1929 2925 2102 2981 ὢτων.

425 2999 696 3080 Καθάπερ
741 3005 851 3078 γὰρ
902 3005 1071 3077 ῥύπος
1116 3006 1211 3059 καί¹
1260 3003 1428 3076 πηλὸς
1476 3005 1547 3058 τά
1586 2999 1701 3058 ὦτα
1743 3005 1843 3075 τῆς
1878 3006 2101 3077 σαρκὸς,

428 3089 569 3148 οὕτω
590 3087 660 3142 τὰ
692 3084 926 3157 πορνικά
962 3083 1203 3156 ᾄσματα,
1244 3085 1339 3137 καὶ
1387 3082 1457 3136 τά
1494 3082 1721 3152 βιωτικά
1771 3084 2101 3155 διηγήματα,

426 3171 520 3226 καὶ
544 3170 612 3225 τὰ
649 3167 808 3241 χρέα,
835 3166 928 3221 καὶ
959 3166 1027 3219 τά
1055 3166 1185 3235 περὶ
1225 3164 1401 3217 τόκων
1441 3164 1535 3216 καὶ
1576 3162 1967 3233 δανεισμάτων,
2006 3164 2104 3234 ῥύ-

426 3269 531 3305 που
582 3249 783 3311 παντὸς
833 3244 1211 3317 χαλεπώτερον
1260 3242 1561 3314 ἐμφράττει
1598 3242 1697 3313 τῆς
1729 3242 1966 3306 διανοίας
2006 3241 2106 3314 τὴν

427 3331 624 3403 ἀκοήν·
663 3328 861 3401 μᾶλλον
887 3327 946 3380 δὲ
987 3327 1088 3380 οὐκ
1116 3327 1418 3398 ἐμφράττει
1451 3324 1630 3395 μόνον,
1666 3323 1802 3403 ἀλλά
1838 3324 1932 3377 καί¹
1970 3324 2107 3379 ἀκά-

428 3402 623 3481 θαρτον
649 3410 811 3462 ποιεῖ.
844 3407 955 3461 Kal
978 3405 1087 3477 γὰρ
1113 3405 1319 3474 κόπρον
1350 3404 1559 3457 ἐνιᾶσιν
1586 3403 1616 3455 ὑ
1625 3402 1742 3481 μῶν
1767 3404 1888 3465 ταῖς
1914 3403 2105 3468 ἀκοαῖς

427 3489 478 3542 οί
505 3479 690 3543 ταῦτα
724 3484 1093 3557 διηγούμενοι.
1127 3484 1239 3538 Kal
1271 3483 1317 3515 ⁸³
1355 3483 1494 3553 ὅπερ
1527 3483 1557 3535 6
1591 3479 1864 3553 βάρϐαρος
1895 3482 2104 3551 ἡπείλει

426 3569 627 3637 λέγων’
671 3566 938 3635 Φὰτεσθε
987 3562 1104 3631 τὴν
1158 3563 1387 3629 κόπρον
1436 3557 1623 3628 ὑμῶν,
1674 3559 1769 3613 καὶ
1817 3560 1886 3613 τά
1948 3561 2102 3631 ἐξῆςο

426 3648 585 3702 τοῦτο
615 3646 705 3702 καὶ
736 3641 879 3700 οὗτοι
900 3645 961 3698 ού
984 3643 1146 3714 λόγῳ,
1172 3641 1308 3696 ἀλλά
1338 3640 1427 3695 διὰ
1458 3640 1568 3693 τῶν
1597 3639 1772 3712 ἔργων
1799 3640 1941 3711 ὑμᾶς
1974 3640 2106 3694 ὐπο-

431 3728 612 3800 μένειν
639 3727 853 3781 ποιοῦσι
872 3742 886 3756 ·
923 3724 1121 3796 μᾶλλον
1147 3723 1204 3775 δὲ
1229 3722 1324 3775 καὶ
1357 3720 1535 3791 πολλῷ
1568 3718 1965 3800 χαλεπώτερον.
1990 3721 2106 3800 Kal

427 3798 537 3880 γάρ
581 3806 676 3861 καὶ
722 3804 924 3859 τούτων
952 3801 1256 3880 ἀηδέστερα
1306 3802 1502 3880 ἐκεῖνα,
1532 3798 1852 3880 τά-ᾀσματα
1872 3814 1886 3829 ο
2043 3799 2107 3853 τὸ

427 3888 491 3958 δὴ
504 3876 912 3957 χαλεπώτερον,
943 3882 1026 3935 ὅτι
1063 3881 1125 3933 o6
1164 3879 1324 3950 μόνον
1352 3879 1453 3931 οὐκ
1490 3876 1833 3958 ἐνοχλεῖσθαι
1859 3876 2107 3958 νομίζετε

427 3956 631 4021 τούτων
677 3964 984 4023 ἀκούοντες,
1024 3959 1161 4015 ἀλλά
1196 3960 1291 4012 καὶ
1319 3958 1535 4027 γελᾶτε,
1573 3957 1690 4010 δέον
1732 3956 2109 4027 βδελύττεσθαι

428 4050 524 4102 καὶ
546 4047 787 4119 φεύγειν.
821 4046 883 4098 Εἰ
914 4045 972 4098 δὲ
1009 4043 1072 4095 οὐ
1099 4040 1383 4112 βδελυκτά,
1414 4036 1689 4119 κατάϐηθι
1703 4038 1793 4119 εἰς
1813 4038 1912 4119 τῂν
1941 4038 2107 4119 ὀρχὴ-

432 4115 620 4202 στραν,
651 4115 893 4197 ζήλωσον
924 4124 1066 4194 ὅπερ
1109 4121 1396 4202 ἐπῌαινεῖςο⁸
1423 4116 1623 4202 μᾶλλον
1670 4115 1728 4202 δέ
1771 4116 2108 4202 βάδισονιμότ

429 4194 521 4261 νον
544 4206 683 4279 μετά
703 4194 895 4258 τούτου
924 4202 1016 4257 τοῦ
1046 4198 1322 4279 κινοῦντος
1350 4196 1442 4251 τὸν
1462 4195 1676 4279 γέλωτα
1709 4196 1936 4279 ἐκεῖνον.
1964 4194 2102 4279 ’ᾼλὶς

429 4273 624 4341 ούκάν
663 4284 937 4354 ἀνάσχοιο.
973 4279 1038 4333 Τί
1085 4278 1265 4331 τοίνυν
1315 4274 1591 4354 τοσαύτην
1623 4273 1916 4354 ἀπονέμεις
1958 4273 2107 4345 αὐτῷ

429 4365 626 4437 τιμὴν;
661 4362 772 4417 Kal
802 4351 851 4415 οἰ
902 4358 1002 4432 μὲν
1035 4355 1285 4437 νόμοιῌοί
1328 4354 1478 4437 παρά
1524 4352 1633 4406 τῶν
1670 4351 2109 4437 Ἑλλήνων-γρᾳ-

432 4429 621 4511 φέντες
654 4441 882 4503 ἀτίμους
905 4429 1123 4500 αὐτοὺς
1171 4429 1310 4488 εἶναι
1357 4431 1636 4503 βούλονται
1659 4446 1687 4511 Ἀ
1724 4430 1789 4483 σὺ
1824 4429 1880 4482 δὲ
1913 4430 2109 4511 αὐτοὺς

429 4508 528 4593 ὅλῃ
558 4523 624 4592 τῇ
657 4521 808 4573 πόλει
846 4518 996 4588 δέχῃ,
1021 4514 1208 4586 ὥσπερ
1239 4508 1703 4593 πρεσϐευτάςὲκαὶ
1744 4510 2105 4593 στρατηγοὺς,

431 4590 526 4657 καί
546 4590 793 4662 ἅπαντας
817 4597 1124 4667 συγκαλεῖς,
1153 4596 1237 4648 ἵνα
1256 4592 1512 4657 δέξωνται
1532 4590 1735 4661 κόπρον
1754 4593 1876 4654 ταῖς
1893 4592 2105 4648 ἀκοαῖς.

431 4682 543 4737 Kal
566 4683 596 4734 6
637 4680 735 4751 μὲν
770 4677 987 4746 οἰκέτης
1031 4673 1254 4745 αἰσχρόν
1305 4690 1356 4727 τι
1404 4671 1772 4751 φθεγγόμενος
1818 4669 2104 4751 ἀκούοντός

434 4778 547 4825 σου,
578 4749 777 4831 μύρίας
805 4756 1033 4826 λήψεται
1067 4754 1342 4831 μάστιγας
1355 4749 1498 4831 ίκᾶν
1523 4750 1658 4831 υ-ἰὸς,
1690 4750 1791 4831 κᾷν
1816 4749 1977 4831 γυνὴ,
2003 4750 2107 4803 κᾶν

432 4827 678 4893 ὁστισοῦν
708 4835 838 4890 αὐτὸ
868 4834 1026 4888 τοῦτο
1058 4833 1279 4903 ποιήσῃ,
1318 4828 1474 4900 ὕϐριν
1517 4828 1577 4881 τὸ
1622 4829 1854 4898 πρᾶγμα
1893 4827 2105 4892 καλεῖς·

434 4921 500 4973 ἂν
526 4918 581 4972 δέ
610 4917 885 4989 ἄνθρωποι
922 4911 1202 4985 μαστιγίαι
1249 4909 1344 4962 καὶ
1386 4906 1795 4989 τριωϐολιμαῖοι
1840 4906 2107 4989 καλέσωᾼσί

435 5016 495 5052 σε
547 4994 656 5050 τῶν
708 4985 949 5065 αἰσχρῶν
993 4990 1357 5059 ἀκουσόμενον
1405 4986 1682 5056 ῥημάτων,
1725 4986 1785 5037 οὐ
1820 4985 1978 5054 μόνον
2010 4987 2110 5040 οὐκ

434 5079 776 5148 ἀγανακτεῖς,
812 5072 946 5128 ἀλλά
974 5072 1068 5125 καὶ
1098 5069 1308 5140 χαίρεις
1337 5067 1732 5148 καίᾂέπαινεῖς.
1766 5066 1876 5148 Καὶ
1900 5066 1957 5148 τί
1978 5067 2108 5121 ταύ-

434 5143 533 5229 της
556 5158 655 5228 τῆς
678 5154 899 5223 ἀλογίας
935 5153 1050 5206 ἴσον
1077 5149 1270 5229 γένοιτ’
1302 5148 1399 5229 av;
1421 5144 1583 5229 βάλλ’
1612 5143 1780 5229 αὐτός
1805 5144 1865 5196 οὑ
1894 5146 2106 5229 φθέγγῃ

434 5222 503 5292 τά
530 5222 731 5306 αἰσχρά
759 5222 966 5297 ταῦτα;
1007 5231 1119 5284 Kal
1169 5228 1219 5281 τί
1268 5227 1331 5279 τὸ
1371 5224 1607 5306 κέρδος,
1658 5222 1855 5306 μᾶλλον
1887 5224 1965 5306 δὲ,
2019 5229 2110 5306 καὶ

438 5317 570 5372 αὐτὸ
604 5300 763 5367 τοῦτο
791 5310 957 5365 πόθεν
996 5308 1153 5379 δῆλον
1182 5324 1197 5369 ;
1236 5307 1299 5358 Εἰ
1331 5303 1438 5373 γὰρ
1472 5301 1546 5373 μὴ
1593 5300 1882 5370 ἐφθέγγου,
1910 5303 2009 5355 οὐκ
2046 5302 2111 5355 ἂν

437 5397 560 5450 οὐδὲ
604 5391 816 5449 ἀκούων
860 5378 1072 5459 ἐγέλας,
1130 5384 1238 5439 οὐδ’
1270 5382 1336 5437 ἂν
1390 5381 1527 5453 μετά
1571 5379 1837 5450 τοσαύτης
1880 5378 2112 5450 σπουδῆς

1229 361 1286 418 s.
1321 357 1607 416 JOANNIS
1642 355 2138 417 cumsosmm
2175 358 2496 416 ARCHIEP.
2537 318 3089 419 CONSTANTINOP.
3338 334 3363 388 ί

3732 350 3825 408 496

2192 478 2425 550 ἔδραμες
2457 476 2550 530 ἐπὶ
2585 477 2682 547 τὴν
2731 475 3195 547 καταισχύνουσάν
3230 491 3291 527 σε
3341 473 3536 542 φωνήν.
3578 473 3703 530 Εἰπέ
3732 479 3825 548 γάρ

2195 575 2307 629 μοι,
2354 557 2567 628 χαίρεις
2610 556 2834 629 ,ἀκούων
2884 554 3376 626 βλασφημούντωνς
3411 550 3519 629 ἀλλ’
3551 554 3660 623 οὐχὶ
3687 556 3824 624 φρίτ-

2189 627 2322 700 ⁵τεις,
2353 627 2444 688 καὶ
2482 634 2551 688 τὰ
2599 628 2715 688 ὦτα
2757 633 3365 705 ἐμφράττεις;η“Ἐγωγε
3408 627 3636 701 ollam“.
3663 633 3721 685 Τί
3746 633 3825 704 δὴ-

2194 730 2356 778 ποτες
2396 715 2515 767 Ὅτι
2568 712 2690 766 οὐδὲ
2732 712 2895 776 αὐτὸς
2944 712 3303 783 βλασφημεῖς.
3350 707 3501 761 Οῦτω
3535 708 3594 780 δὴ
3631 711 3716 763 καὶ
3748 711 3829 765 ἐπὶ

2191 792 2289 862 τῆς
2307 792 2687 863 αἰσχρολογίας
2715 793 2882 845 ποίει·
2913 791 3008 845 καὶ
3038 792 3086 843 εἰ
3111 788 3289 859 βούλει
3312 787 3478 853 δεῖξαι
3667 789 3828 857 σαφῶς

2192 874 2344 942 ἡμῖν,
2376 872 2456 923 ὅτι
2490 871 2550 924 οὐ
2585 870 2793 941 χαίρεις
2815 870 3016 941 αἰσχρά
3038 867 3388 938 φθέγγεσθαι,
3421 866 3548 936 μηδὲ
3570 868 3612 899 ⁸⁸
3639 868 3829 922 ἀκούειν

2194 950 2410 1020 ἀνέχου.
2440 949 2578 1003 Πότε
2606 950 2713 1020 γάρ
2741 949 2949 1020 δυνήσῃ
2989 947 3242 1017 γενέσθαι
3274 945 3572 1010 σπουδαῖος,
3600 947 3828 1009 τοιούτοίς

2193 1029 2584 1100 ἐντρεφόμενος
2631 1026 2974 1098 ἀκούσμασι;
3017 1026 3146 1080 πότε
3185 1026 3311 1089 τοὺς
3343 1025 3480 1095 ὑπὲρ
3513 1025 3829 1097 σωφροσύνης

2197 1107 2424 1179 ἱδρῶτας
2458 1110 2698 1177 ἐνεγκεῖν
2729 1105 2914 1177 ἀνέξῃ,
2944 1105 3086 1159 κατά
3111 1105 3305 1177 μικρὸν
3329 1106 3608 1175 ύποῤῥέων
3630 1105 3730 1159 ἀπὸ
3750 1100 3830 1158 τοῦ

2193 1189 2429 1257 γέλωτος
2463 1189 2560 1243 καὶ
2604 1188 2711 1242 τῶν
2741 1189 3001 1259 ᾀσμάτων
3046 1188 3141 1240 καὶ
3181 1188 3289 1241 τῶν
3322 1186 3559 1258 αἰσχρῶν
3603 1188 3831 1259 ῥημάτων

2192 1266 2434 1333 τούτων;
2487 1268 2598 1320 Kal
2644 1266 2754 1338 γὰρ
2800 1267 3082 1339 ἀγαπητὸν
3135 1266 3391 1320 ἁπάντων
3447 1265 3645 1319 τούτων
3686 1266 3834 1318 καθα-

2198 1345 2460 1418 ρεύουσαν
2499 1346 2673 1418 ψυχὴν
2730 1346 3024 1417 δυνηθῆναι
3068 1344 3322 1414 γενέσθαι
3368 1343 3565 1416 σεμνὴν
3612 1344 3700 1397 καὶ
3743 1343 3834 1397 σώ-

2195 1443 2385 1498 φρονα,
2436 1426 2631 1497 μήτιγε
2677 1426 2940 1489 τοιούτοις
2968 1426 3014 1457 “
3042 1424 3383 1494 ἀκούσμασιν
3444 1423 3832 1495 ἐντρεφομένην.

2195 1507 2267 1559 Ἢ
2301 1506 2401 1560 οὐκ
2445 1507 2580 1568 ίστε,
2615 1506 2699 1560 ὅτι
2740 1506 2876 1578 πρὸς
2916 1505 3113 1559 κακίαν
3140 1504 3594 1576 ἐπιρῥεπέστερον
3625 1503 3832 1576 ἐχομεν;

2196 1586 2363 1638 Ὅταν
2394 1581 2487 1639 οὖν
2519 1585 2615 1639 καὶ
2641 1585 2837 1656 τέχνην
2862 1585 2993 1639 αὐτὸ
3022 1583 3376 1656 ποιησώμεθα
3414 1586 3508 1637 καὶ
3530 1583 3698 1654 ἔργον,
3721 1585 3834 1637 πότε

2191 1663 2591 1735 διαφευξόμεθα
2639 1665 2740 1736 τὴν
2791 1664 3019 1735 κάμινον
3069 1663 3327 1732 ἐκείνην;
3378 1663 3492 1718 Οὐκ
3535 1664 3754 1736 ἤκουσας
3791 1665 3836 1716 τί

2197 1760 2360 1814 φησιν
2404 1746 2432 1797 6
2458 1734 2722 1809 Παῦλος·
2766 1744 3007 1812 Χαίρετε
3051 1741 3121 1796 ἐν
3152 1743 3382 1811 Κυριῳ;
3442 1734 3565 1795 Οὐκ
3584 1734 3751 1795 εἶπεν
3786 1744 3836 1797 ἐν

2195 1823 2445 1878 διαϐόλω.

2270 1908 2344 1968 ς’.
2384 1903 2523 1956 Πότε
2551 1895 2644 1955 οῦν
2665 1899 2891 1955 ἀκοῦσαι
2928 1901 3134 1976 δυνήσῃ
3163 1900 3414 1967 Παύλου;
3449 1900 3577 1954 πότε
3615 1899 3838 1970 αἴσθησιν

2197 1981 2381 2036 λαϐεῖν
2405 1980 2513 2035 τῶν
2542 1979 3111 2052 πεπλημμελημένων,
3140 1980 3355 2052 μεθύων
3383 1979 3471 2034 ἀεὶ
3492 1979 3585 2033 καὶ
3604 1977 3838 2050 διηνεκῶς

2198 2061 2307 2115 ἀπὸ
2344 2061 2444 2132 τῆς
2492 2059 2724 2131 θεωρίας
2758 2060 3012 2130 ἐκείνης;
3042 2061 3165 2115 Ὅτι
3205 2060 3314 2131 γὰρ
3355 2059 3723 2131 παραγέγονας
3762 2059 3839 2110 ἐν-

2199 2139 2392 2204 ταῦθα,
2417 2141 2477 2194 ού
2504 2138 2814 2210 θαυμαστὸν
2835 2140 2930 2193 καὶ
2957 2139 3101 2209 μέγα
3131 2141 3175 2172 ⁵⁷
3195 2157 3209 2172 ο
3234 2140 3436 2211 μᾶλλον
3455 2139 3513 2193 δὲ
3533 2136 3834 2209 θαυμαστόν.

2213 2221 2479 2275 Ἐνταῦθα
2529 2220 2629 2292 μὲν
2657 2219 2767 2291 γὰρ
2794 2221 2890 2273 καὶ
2921 2219 3109 2284 ἁπλῶς
3138 2221 3232 2275 καὶ
3261 2218 3652 2291 ἀφοσιούμενος
3680 2235 3837 2290 παρα-

2200 2301 2328 2373 γίνῃ
2346 2316 2361 2331 ο
2395 2302 2511 2354 ἐκεῖ
2531 2299 2610 2365 δὲ,
2645 2299 2784 2368 μετά
2812 2300 3045 2371 σπουδῆς
3069 2301 3164 2354 κα)⁸
3191 2300 3395 2371 δρόμου
3423 2300 3518 2353 καὶ
3545 2296 3733 2365 πολλῆς
3753 2298 3838 2367 τῆς

2203 2379 2531 2450 προθυμίας.
2564 2380 2674 2433 Kal
2699 2378 2857 2450 δῆλον
2880 2378 2940 2444 ἐξ
2963 2373 3038 2433 ὧν
3059 2379 3240 2433 οἶκαδε
3260 2378 3394 2451 φέρε
3403 2396 3471 2443 ις.
3499 2377 3696 2431 ἐκεῖθεν
3723 2376 3837 2430 ἀνα·

2202 2459 2415 2532 χωρῶν.
2464 2459 2574 2512 Kal
2605 2459 2712 2531 γάρ
2743 2459 2833 2513 τὸν
2869 2458 3128 2533 βόρϐορον
3171 2459 3390 2514 ἅπαντα
3428 2459 3520 2513 τὸν
3572 2455 3838 2529 ὲκχυθέντα

2203 2540 2332 2611 ὑμῖν
2360 2540 2476 2592 ἐκεῖ
2505 2537 2593 2592 διὰ
2615 2537 2725 2591 τῶν
2754 2538 3041 2610 ῥημάτων,
3074 2536 3162 2592 διὰ
3189 2537 3300 2591 τῶν
3326 2536 3505 2608 ᾠδῶν,
3530 2537 3615 2590 διὰ
3649 2535 3736 2589 τοῦ
3759 2534 3839 2604 γέ-

2202 2620 2392 2683 λωτος,
2420 2618 2498 2681 εἰς
2530 2619 2630 2690 τὴν
2649 2618 2825 2671 οἰκίαν
2854 2618 3085 2682 ἕκαστος
3111 2617 3441 2686 συνάγοντες
3475 2617 3664 2688 φέρετε
3687 2631 3701 2647 °
3729 2614 3841 2685 μᾶλ-

2202 2698 2294 2753 λον
2320 2698 2377 2752 δὲ
2414 2698 2516 2751 οὐκ
2541 2698 2620 2761 είς
2646 2697 2747 2764 τὴν
2781 2696 2959 2750 οἰκίαν
2991 2696 3171 2767 μόνον,
3210 2695 3349 2750 ἀλλά
3381 2696 3478 2749 καί
3513 2699 3592 2759 εἰς
3620 2694 3712 2765 τὴν
3738 2694 3839 2747 διά-

2205 2793 2355 2833 νοιαν
2402 2777 2632 2838 ἕκαστος
2660 2770 2759 2845 τὴν
2801 2775 3018 2830 ἐαυτοῦ.
3067 2775 3180 2829 Kal
3224 2775 3293 2829 τά
3343 2776 3444 2846 μὲν
3471 2775 3571 2829 οὐκ
3617 2774 3734 2841 ἀξια
3759 2771 3839 2826 τοῦ

2208 2855 2584 2929 βδελύττεσθαι
2628 2853 2950 2926 ἀποστρέφῃ
2972 2893 2987 2919 ,
3038 2852 3107 2907 τὰ
3136 2854 3194 2907 δέ
3241 2853 3508 2925 βδελυκτά
3539 2854 3598 2907 οὐ
3646 2856 3838 2925 μισεῖς,

2205 2936 2341 2991 ἀλλὰ
2372 2935 2465 2989 καὶ
2492 2934 2731 3004 ἀγαπᾷς.
2765 2932 2958 2986 Πολλοὶ
2984 2932 3115 3002 γοῦν
3146 2932 3254 2987 ἀπὸ
3281 2934 3383 3004 μὲν
3417 2933 3464 2966 ⁸⁸
3496 2934 3673 3003 τάφων
3698 2935 3843 2986 ἐπαν-

2205 3015 2449 3077 ελθόντες
2496 3012 2784 3067 ἐλούσαντο
2802 3028 2818 3043 ο
2849 3011 2958 3066 ἀπὸ
2983 3010 3040 3064 δέ
3066 3010 3309 3084 θεάτρων
3337 3012 3735 3085 ἀναχωροῦντες
3757 3013 3844 3065 οὐκ

2206 3092 2522 3158 ἐστέναξαν,
2576 3091 2695 3145 οὐδὲ
2742 3089 2963 3161 ἐξέχεαν
3015 3090 3267 3162 δακρύων
3298 3093 3519 3162 πηγάς·
3560 3092 3783 3160 καίτοιγε
3818 3093 3842 3144 ό

2209 3174 2307 3245 μὲν
2333 3171 2526 3241 νεκρὸς
2559 3171 2660 3223 οὐκ
2682 3170 3022 3241 ἀκάθαρτον·
3055 3171 3090 3241 ἡ
3112 3170 3171 3223 δέ
3197 3171 3447 3242 ἁμαρτία
3479 3170 3737 3241 τοσαύτην
3771 3172 3845 3223 ἐν·

2204 3252 2385 3322 τίθησι
2408 3252 2452 3284 ⁸⁸
2482 3250 2674 3321 κηλῖδα
2696 3292 2712 3317 ,
2757 3250 2833 3313 ὡς
2889 3249 3025 3320 μηδὲ
3057 3250 3281 3322 μυρίαις
3317 3254 3529 3323 πηγαῖς
3568 3250 3844 3320 ἐκκαθᾶραι

2202 3330 2406 3401 ταύτην
2439 3328 2716 3392 δύνασθαι,
2752 3327 2889 3382 ἀλλά
2927 3329 3108 3400 μόνοις
3153 3328 3385 3402 δάκρυσι
3422 3332 3518 3385 καὶ
3553 3329 3848 3402 ἐξομολογή-

2207 3424 2375 3463 σεσιν.
2421 3406 2560 3461 Ἀλλ’
2588 3407 2762 3472 οὐδεὶς
2788 3409 2817 3461 ό
2849 3406 3235 3479 αἰσθανόμενος
3261 3409 3363 3479 τῆς
3396 3409 3612 3480 κηλῖδος
3644 3409 3845 3479 ταύτης.

2217 3486 2435 3557 Ἐπειδὴ
2464 3486 2573 3558 γάρ
2599 3485 2636 3540 ἃ.
2662 3485 2771 3558 χρὴ
2801 3487 2862 3538 ού
2903 3486 3216 3559 φοϐούμεθα
3239 3530 3255 3553 ,
3291 3487 3381 3542 διὰ
3416 3490 3573 3542 τοῦτο
3602 3488 3637 3543 ἃ
3660 3488 3729 3560 μὴ
3755 3491 3845 3559 χρὴ

2204 3566 2539 3636 δεδοίκαμεν.
2580 3565 2675 3628 Τίς
2702 3564 2758 3618 δὲ
2795 3565 2893 3619 καὶ
2937 3567 2965 3619 6
3007 3566 3285 3636 πάταγος;
3320 3567 3410 3631 τίς
3439 3566 3497 3620 δὲ
3534 3568 3628 3622 καὶ
3653 3569 3680 3620 6
3709 3567 3850 3638 θόρυ-

2205 3646 2299 3709 ϐος
2320 3686 2334 3711 ,
2368 3646 2464 3699 καὶ
2510 3646 2563 3699 αἰ
2589 3645 2874 3698 σατανικαί
2901 3646 3140 3715 κραυγαὶ
3164 3686 3180 3711 ,
3212 3646 3306 3698 καί¹
3332 3646 3405 3699 τά
3433 3647 3704 3700 διαϐολικά
3730 3647 3847 3715 σχή-

2209 3741 2389 3797 ματα;
2432 3723 2491 3777 '0
2522 3723 2621 3794 μὲν
2666 3722 2776 3794 γὰρ
2826 3722 3051 3776 ὄπισθεν
3086 3724 3199 3794 ἔχει
3247 3724 3430 3795 κόμην
3470 3725 3589 3789 νέος
3632 3724 3721 3789 ῶν,
3767 3724 3849 3777 καὶ

2203 3805 2305 3876 τὴν
2324 3804 2484 3873 φύσιν
2511 3802 2838 3871 ἐκθηλύνων,
2869 3803 2964 3856 καὶ
2988 3802 3068 3873 τῷ
3093 3803 3387 3874 βλέμματι,
3406 3805 3592 3875 καὶτῷ
3613 3806 3848 3875 σχήματι,

2205 3885 2301 3939 καὶ
2332 3885 2448 3946 τοῖς
2491 3882 2729 3953 ἰματίοις
2751 3921 2766 3947 ,
2813 3882 2908 3935 καὶ
2937 3884 3105 3936 πᾶσιν
3147 3882 3333 3947 ἀπλῶς
3367 3885 3453 3947 εἰς
3496 3884 3675 3938 εἰκόνα
3701 3884 3848 3952 κόρης

2205 3963 2424 4032 ἁπαλῆς
2459 3961 2686 4032 ἐκϐῆναι
2730 3960 3041 4029 φιλονεικεῖ.
3079 3962 3271 4027 Ἀλλος
3316 3963 3378 4017 δέ
3421 3981 3509 4028 τις
3550 3963 3849 4033 γεγηρακὼς

2207 4041 2542 4104 ὑπεναντίως
2582 4042 2628 4073 ⁷⁰
2678 4039 2853 4111 τούτῳ
2885 4041 2985 4103 τὰς
3030 4043 3221 4114 τρίχας
3267 4042 3422 4115 ξυρῷ
3467 4041 3739 4112 περιελὼν,
3767 4040 3848 4093 καὶ

2206 4120 2513 4192 ἐζωσμένος
2543 4118 2642 4182 τὰς
2677 4118 2938 4191 πλευράς,
2971 4120 3076 4190 πρὸ
3107 4120 3215 4174 τῶν
3239 4121 3446 4193 τριχῶν
3469 4122 3738 4191 ἐκτέμνων
3762 4118 3849 4187 τὴν

2208 4198 2376 4263 αἰδῶ,
2409 4197 2543 4269 πρὸς
2571 4198 2633 4250 τὸ
2664 4196 2987 4269 ῥαπίζεσθαι
3039 4197 3258 4270 ἕτοιμος
3286 4200 3494 4271 ἕστηκε
3517 4240 3531 4264 ,
3564 4202 3733 4253 πάντα
3766 4205 3848 4251 καί

2206 4278 2386 4347 λέγειν
2434 4276 2529 4329 καὶ
2578 4278 2753 4329 ποιεῖν
2799 4277 3339 4347 παρεσκευασμένος.
3398 4280 3467 4331 Αἰ
3518 4278 3574 4331 δὲ
3616 4279 3848 4346 γυναῖκες

2204 4357 2382 4427 γυμνῇ
2405 4357 2477 4427 τῇ
2494 4355 2701 4425 κεφαλῇ
2726 4355 3392 4429 ἀπηρυθριασμέναιπρδς
3410 4358 3587 4427 δῆμον
3610 4358 3849 4425 ἑστήκασι

2202 4434 2599 4503 διαλεγόμεναι,
2630 4431 2901 4503 τοσαύτην
2932 4433 3161 4505 μελέτην
3191 4436 3582 4507 ἀναισχυντίας
3617 4435 3847 4504 ποιούμε-

2204 4529 2313 4577 ναι,
2354 4513 2449 4566 καὶ
2495 4513 2676 4564 πᾶσαν
2730 4512 3031 4582 ἰταμότητα
3074 4514 3170 4566 καὶ
3195 4514 3494 4583 ἀσέλγειαν
3529 4517 3610 4580 εἰς
3635 4515 3728 4579 τὰς
3752 4512 3847 4567 τῶν

2206 4592 2511 4647 ἀκουόντων
2561 4591 2846 4662 ἐκχέουσαι
2882 4590 3078 4663 ψυχάς.
3134 4592 3246 4646 Kal
3289 4595 3394 4664 μία
3431 4596 3662 4665 σπουδὴ,
3693 4595 3848 4647 πᾶσαν

2209 4675 2275 4726 ἐκ
2324 4672 2538 4742 βάθρων
2584 4672 2897 4725 ἀνασπάσαι
2949 4672 3047 4743 τὴν
3083 4675 3468 4748 σωφροσύνην,
3520 4674 3847 4744 καταισχῦναι

2207 4752 2307 4822 τὴν
2335 4750 2494 4820 φύσιν
2512 4791 2527 4815 ,
2560 4749 2837 4820 ἐμπλῆσαι
2865 4750 2959 4803 τοῦ
3006 4753 3243 4823 πονηροῦ
3271 4754 3533 4825 δαίμονος
3569 4755 3663 4826 τὴν
3691 4752 3849 4805 ἐπιθυ-

2212 4832 2357 4901 μίαν.
2395 4829 2507 4882 Kal
2538 4829 2642 4901 γάρ
2668 4830 2761 4882 καὶ
2787 4831 3006 4900 ῥήματα
3036 4830 3237 4902 αἰσχρά
3262 4832 3474 4897 αὐτόθι,
3503 4836 3597 4889 καὶ
3625 4835 3848 4906 σχήματα

2208 4908 2534 4979 αἰσχρότερα
2581 4907 2648 4970 τί,
2689 4910 2783 4961 καὶ
2836 4908 3010 4976 κουρά
3057 4910 3304 4983 τοιαύτη,
3357 4916 3455 4967 καὶ
3489 4914 3722 4985 βάδισις,
3770 4911 3850 4963 καί

2208 4988 2387 5058 στολὴ,
2418 4988 2512 5040 καὶ
2545 4988 2694 5057 φωνὴ
2723 5027 2737 5050 ,
2770 4988 2863 5040 καὶ
2905 4988 3082 5058 μελῶν
3108 4988 3393 5056 διάκλασις
3416 5033 3432 5054 ,
3463 4995 3557 5045 καὶ
3585 4988 3847 5060 ὀφθαλμῶν

2204 5066 2498 5138 ἐκστροφαί
2518 5104 2533 5128 ,
2562 5066 2658 5119 καὶ
2704 5065 2993 5137 σύριγγες,
3023 5067 3119 5121 καὶ
3142 5069 3316 5131 αὐλοὶ,
3353 5073 3451 5125 καὶ
3477 5071 3739 5141 δράματα,
3771 5067 3850 5120 καὶ

2207 5145 2487 5207 ὑποθέσεις
2510 5185 2525 5208 ,
2559 5147 2651 5197 καὶ
2697 5143 2843 5215 [4⁸35]
2884 5145 3060 5199 πάντα
3104 5148 3290 5211 ἀπλῶς
3332 5153 3436 5220 τῆς
3470 5151 3697 5220 ἐσχάτης
3718 5145 3849 5200 ἀσελ-

2205 5225 2361 5290 γείας
2392 5224 2695 5294 ἀνάμεστα.
2727 5224 2865 5277 Πότε
2903 5220 2996 5279 οὖν
3026 5227 3346 5299 ἀνανὴψεις,
3378 5231 3506 5284 εἰπέ
3536 5246 3661 5300 μοι,
3682 5223 3848 5279 τοσοῦ-

2205 5302 2296 5354 τόν
2333 5320 2413 5355 σοι
2451 5302 2706 5371 πορνείας
2730 5304 2964 5373 ἄκρατον
2993 5305 3277 5376 ἐγχέοντος
3300 5309 3397 5361 τοῦ
3443 5308 3708 5367 διαϐόλου,
3740 5320 3847 5356 τοσ-

2210 5380 2380 5445 αύτας
2424 5382 2720 5445 ἀκολασίας
2774 5381 3001 5449 κύλικας
3049 5386 3448 5458 κεραννύντος;
3496 5388 3607 5442 Kal
3642 5386 3742 5457 γὰρ
3768 5382 3849 5436 καὶ

509 5522 555 5555 ⁸⁸
595 5519 689 5574 Sic
714 5517 814 5588 Ep.
843 5514 978 5571 Mor.
1001 5521 1055 5569 et
1070 5512 1224 5588 c0651..
1249 5508 1568 5588 προτίθησιν
1602 5506 1729 5588 εον.
1749 5522 1910 5588 (ι-ιιεηι
1932 5515 2105 5588 s_ecuu

2204 5518 2267 5588 σε
2282 5506 2505 5588 Νξορῑεί.
2584 5508 2628 5539 ⁶⁰
2653 5508 3071 5588 ῌΘΙΙΣΟΝῘΌ-τι
3098 5516 3159 5566 ού
3180 5513 3264 5588 δεῖ
3281 5516 3505 5588 ἀπιέναι
3528 5516 3593 5588 ἐνΔ
3610 5516 3714 5574 τοῖς
3739 5509 3848 5588 θεά-

436 5607 729 5681 ἱτροὶεῙῩιΞ
739 5603 1004 5681 Ξτῗῖἳροέέ
1043 5600 1132 5681 ι-ῗῗῖἐ

438 5653 486 5717 Ε
531 5653 681 5716 Ᾱηιι.
711 5659 770 5713 In
791 5653 913 5714 cod}
946 5656 1010 5709 Ι).
1043 5653 1232 5709 folium

892 5583 1233 5658 ροὲςοςιφλλὰ
1256 5576 1655 5658 valesii???“
1681 5577 1888 5658 ἐκεῖθεν
1915 5577 2157 5658 τίκτεται
2184 5581 2294 5658 τρῖς
2312 5576 2702 5658 Mamm-
2782 5579 2827 5658 “.
2861 5581 3200 5658 ἐπιμέλειαν]
3227 5587 3351 5658 add-
3378 5584 3770 5658 ἁμαρτάνογτες
3792 5578 3845 5658 ος

1263 5647 1439 5722 be'riit-
1514 5649 1559 5680 θ’
1587 5647 1871 5722 διηνεὲῶς,
1891 5661 2001 5722 2m:
2031 5647 2105 5702 M0

2204 5648 2295 5722 ϐε.
2329 5647 2530 5722 ([ιιίὶειιε
2564 5648 2703 5722 gdd_e_
2729 5648 2851 5722 cod.
2882 5647 3032 5706 F.'in
3066 5647 3373 5722 quo‘etiam
3400 5647 3780 5722 νν.’κάκείνοις
3800 5648 3847 5701 αἰ

438 5713 634 5788 ἀκόῦαί
656 5713 992 5784 éxciderunt.
1012 5724 1074 5779 P.
1102 5740 1155 5794 p.
1179 5713 1780 5790 ἀπὸκαθάρωμενἘιιᾶ.
1826 5716 1874 5748 ⁸³
1893 5717 2001 5770 Καί
2018 5733 2105 5771 om

441 5802 738 5843 anu-Ionicae
758 5798 994 5843 Interim-
1035 5796 1080 5828 ⁸⁸
1102 5792 1256 5843 ιιηδὲὶ
1286 5792 1358 5843 wh
1378 5790 1439 5843 C.
1464 5787 1527 5843 Ε.
1553 5788 1597 5820 ⁸⁸
1618 5790 1732 5843 τοῖς
1757 5787 2016 5843 τοιούτοις
2038 5787 2105 5842 Ed

2211 5756 2225 5772 .
2244 5716 2307 5772 F.
2350 5713 2395 5747 ⁸⁵
2412 5713 2583 5787 οἶμαι]
2603 5718 2728 5772 add.
2757 5719 2945 5786 φάναι,
3007 5713 3262 5792 ὴγένοιτο
3289 5725 3356 5777 A.
3382 5725 3447 5779 C.
3467 5724 3528 5778 E.
3549 5723 3660 5777 Non
3686 5720 3847 5773 viden-

2204 5804 2251 5843 D.
2277 5803 2328 5843 ι).
2353 5788 2785 5843 ἐνστοεφομένην
2801 5787 2865 5843 Α.
2885 5791 2947 5843 C.
3056 5794 3116 5843 E.
3134 5796 3225 5843 aui
3245 5797 3299 5843 in
3329 5796 3412 5843 his
3439 5797 3562 5843 vivit
3587 5792 3677 5843 Ge.
3714 5792 3752 5821 ⁸⁷
3768 5785 3847 5841 καὶ

441 5787 738 5865 iul-legisse
758 5798 994 5865 lnlerpp.
1035 5796 1080 5828 ⁸⁸
1101 5787 1257 5865 μηδὲ]
1285 5787 1533 5865 μη
1553 5788 1606 5865 σξ
1618 5790 1732 5865 τοῖς
1757 5787 2016 5865 rugat-oi;
2038 5787 2105 5842 Ed

2204 5804 2256 5865 pi
2277 5788 2475 5865 pLévat
2484 5787 2865 5865 psqpogévnvé.
2885 5791 2926 5845 C

599 5802 738 5871 gisse
758 5798 994 5866 lnlerpp.
1035 5796 1080 5828 ⁸⁸
1177 5792 1257 5865 δὲ]
1378 5792 1439 5844 C.
1465 5792 1527 5843 E.
1553 5792 1597 5820 ⁸⁸
1618 5792 1732 5851 τοῖς
1757 5792 2016 5850 τοιούτοις
2038 5792 2172 5842 Edd.
2199 5804 2251 5857 p.

609 5885 719 5925 om.
742 5868 803 5922 F.
844 5868 887 5898 ⁸⁸
914 5812 1217 5934 μένοηιλ.
1248 5792 1370 5934 μζῆ
1393 5859 1518 5934 θός.
1542 5859 1648 5934 τῶν
1672 5857 1802 5934 pr.
1847 5858 1892 5888 ⁶⁹
1920 5858 2101 5934 τίθησι
2223 5858 2264 5934 ρ

489 5867 719 5941 aha—om,
741 5868 887 5941 ειη-οε
914 5867 1135 5941 μένοιῃ.

3056 5785 3116 5847 Ε.
3134 5796 3225 5864 qui
3245 5797 3299 5849 in
3329 5796 3412 5848 his
3439 5797 3562 5849 vivit
3587 5792 3677 5864 Ge.
3714 5785 3847 5864 Ἶκαὶ

2312 5857 2371 5929 Ε.
2392 5874 2446 5927 p.
2554 5858 2757 5929 ταύτην
2783 5859 3043 5916 δύνασθαι
3071 5857 3184 5919 oui.
3214 5865 3275 5919 F.
3317 5866 3365 5896 ⁷⁰
3391 5863 3706 5923 ὑπεναντίας

471 5901 875 6012 ῗῗῗσςξὲἒὸἶῖ.
899 5901 1380 6005 ἷὶτᾏᾙὲῖἆὲἆῗέ.
1393 5901 1779 6001 ᾗῐὲῐσὶξῇιιῖιῖιῗ
1790 5901 2101 6001 ὶοιαᾰὲἧἫζ

2223 5901 2283 5983 BI
2308 5901 2371 5984 ii
2394 5901 2527 5984 5&5."
2548 5901 3292 5999 δεῖᾶίᾶ⁴ἑιῖιῖ.’ῑδὲἷιῗὶνὲἱῖἱὶιῖιὶι
3321 5901 3703 6008 εεῖιόἓὲἷιὶιῖἓῗ
3722 5901 3840 5983 ῐιῦἶζ
