4074 6358
284 702 307 807 Ξ

278 904 315 1112 ἒ

343 416 451 471 8Ξὸ

336 537 653 601 gumentum
686 533 787 591 est,
811 538 929 579 cum
952 536 1058 576 non
1082 520 1242 575 modo
1264 519 1632 588 prresentibus,
1656 517 1751 572 sed
1771 517 1931 571 etiam

338 625 405 677 iis
427 622 516 692 qui
539 620 666 675 olim
688 618 902 673 fuerunt
920 614 1195 671 sceleratis
1215 613 1508 667 deteriores
1526 626 1645 665 esse
1666 610 1928 664 videntur.

335 716 429 769 Sic
454 722 510 768 et
536 712 660 767 alibi
692 712 834 781 ipsos
868 708 1189 764 condemnat
1226 706 1623 774 comparatione
1650 703 1784 759 facta
1810 718 1932 757 cum

338 805 594 860 Ninivitis
618 813 671 858 et
704 818 826 859 cum
864 802 1047 870 regina
1076 799 1255 855 Austri
1291 798 1500 870 (Matth.
1538 798 1628 853 I2.
1660 798 1750 852 41.
1782 795 1881 867 42)
1915 814 1927 850 :

336 913 526 951 verum
557 896 664 951 illic
702 896 767 950 iis
805 895 891 964 qui
934 902 1081 948 recte
1122 890 1396 955 fecerunt,
1444 892 1534 947 hic
1576 905 1705 945 vero
1738 890 1802 945 iis
1843 889 1931 959 qui

336 988 484 1042 male
503 994 727 1057 egerunt
750 985 897 1056 ipsos
920 992 1215 1053 comparat,
1242 982 1384 1053 quod
1412 983 1567 1053 longe
1592 983 1804 1051 gravius
1826 989 1927 1036 est.

337 1078 497 1133 IIunc
516 1092 727 1148 quoque
754 1075 1038 1131 damnandi
1065 1073 1279 1130 modum
1300 1074 1445 1129 novit
1466 1072 1740 1138 Ezechiel;
1767 1086 1932 1142 quare

336 1170 477 1223 dixit
499 1168 846 1239 Jerosolymae
876 1183 890 1219 :
930 1164 1239 1231 Justiﬁcasti
1265 1181 1461 1220 sorores
1482 1173 1594 1218 tuas
1621 1164 1675 1217 in
1701 1161 1931 1217 omnibus

337 1263 678 1332 peccatistuis
707 1259 931 1330 (Ezech.
977 1257 1061 1313 I6.
1108 1258 1168 1313 51
1202 1259 1237 1325 ).
1283 1257 1371 1313 Sic
1415 1257 1613 1328 ubique
1656 1257 1709 1311 in
1750 1254 1930 1312 Veteri

335 1354 687 1409 Testamento
715 1353 766 1406 in
798 1352 880 1406 his
908 1350 1116 1417 versari
1136 1352 1289 1405 solet.
1322 1349 1503 1419 Neque
1534 1349 1619 1404 hic
1655 1349 1813 1405 ﬁnem
1850 1349 1929 1403 di-

335 1445 495 1501 cendi
522 1445 668 1511 facit,
701 1443 796 1499 sed
829 1444 1076 1499 timorem
1102 1449 1258 1511 auget
1281 1440 1465 1494 dicens
1488 1479 1504 1505 ,
1532 1440 1773 1510 graviora
1802 1454 1928 1509 pas-

335 1552 496 1592 suros
523 1536 644 1591 illos
667 1550 786 1591 esse
804 1575 819 1601 ,
848 1549 1007 1605 quam
1030 1532 1335 1589 Sodomitas
1360 1541 1414 1587 et
1438 1531 1651 1603 Tyrios.
1680 1531 1756 1586 Ita
1784 1532 1929 1601 ipsos

335 1630 575 1701 undique
603 1629 870 1695 concitat,
902 1636 956 1682 et
981 1641 1103 1682 cum
1145 1626 1373 1681 miseros
1397 1625 1686 1696 praadicat,
1716 1635 1771 1682 et
1805 1641 1928 1681 cum

337 1718 733 1792 perterrefacit.

412 1813 470 1867 5.
500 1810 553 1865 Η
557 1810 840 1880 ospitafilas
864 1808 1261 1863 commendatur.
1293 1806 1480 1863 Contra
1504 1809 1784 1863 meretricia
1807 1825 1929 1863 can-

336 1905 462 1958 tica.
503 1933 576 1943 —
616 1901 743 1957 Htec
769 1916 984 1972 quoque
1012 1915 1111 1955 nos
1140 1899 1435 1955 audiamus.
1469 1900 1652 1971 Neque
1676 1901 1818 1956 enim
1845 1901 1927 1955 in-

335 1993 578 2049 credulis
619 2000 824 2047 tantum
848 2034 865 2059 ,
901 1991 996 2046 sed
1035 1992 1194 2046 etiam
1227 1992 1380 2045 nobis
1408 1992 1618 2061 gravius
1655 1993 1929 2048 constituit

336 2085 657 2154 supplicium
678 2124 693 2149 ,
725 2098 884 2154 quam
914 2081 1203 2137 Sodomitis
1227 2123 1242 2147 ,
1273 2081 1375 2136 nisi
1406 2082 1712 2152 peregrinos
1739 2082 1803 2137 ad
1830 2098 1928 2137 nos

336 2178 617 2232 venientes
648 2175 972 2246 excipiamus
997 2219 1011 2240 ,
1038 2190 1157 2229 cum
1186 2174 1345 2230 etiam
1372 2174 1645 2244 pulverem
1672 2184 1928 2230 excutere

332 2270 591 2340 jusserit;
640 2284 703 2326 ac
737 2269 859 2340 jure
886 2269 1095 2322 merito.
1140 2267 1217 2322 Illi
1259 2282 1524 2337 namque,
1555 2268 1657 2324 etsi
1697 2268 1929 2338 graviter

337 2368 631 2433 pcccarunt
653 2403 670 2428 ,
701 2371 755 2416 at
782 2370 905 2415 ante
934 2362 1106 2431 legem
1132 2372 1186 2415 et
1212 2361 1437 2431 gratiam
1462 2360 1595 2429 lapsi
1624 2369 1785 2426 sunt;
1829 2375 1928 2415 nos

335 2469 469 2509 vero
494 2454 583 2525 qui
622 2460 742 2523 post
776 2461 974 2506 tantam
1023 2452 1175 2507 nobis
1204 2451 1492 2507 exhibitam
1522 2465 1705 2506 curam
1743 2466 1929 2522 pecca-

335 2560 459 2598 mus
480 2584 497 2609 ,
523 2559 627 2615 qua
655 2543 856 2599 erimus
897 2542 1053 2598 venia
1082 2542 1227 2611 digni
1253 2584 1268 2609 ,
1297 2542 1388 2613 qui
1425 2551 1629 2597 tantum
1656 2542 1926 2612 hospitum

333 2636 519 2691 odium
552 2634 865 2691 exhibemus
891 2676 906 2702 ,
950 2633 1238 2704 egenisque
1272 2643 1455 2703 portas
1474 2674 1488 2697 ,
1516 2642 1569 2689 et
1592 2642 1716 2689 ante
1747 2644 1928 2704 portas

248 2746 251 2747 ν
332 2744 495 2784 aures
536 2727 877 2783 claudimus?
921 2742 1021 2782 nec
1057 2727 1220 2783 modo
1256 2726 1576 2797 pauperibus
1600 2768 1616 2794 ,
1646 2726 1741 2782 sed
1767 2726 1926 2781 etiam

333 2821 467 2890 ipsis
494 2821 785 2890 apostolis?
814 2818 937 2876 Ideo
962 2820 1104 2874 enim
1130 2820 1477 2889 pauperibus,
1503 2820 1625 2888 quia
1651 2819 1923 2888 apostolis.

331 2916 469 2970 Cum
492 2914 636 2970 enim
666 2914 861 2985 legitur
888 2913 1083 2969 Paulus
1103 2954 1116 2977 ,
1144 2926 1243 2967 nec
1275 2920 1327 2966 tu
1354 2911 1615 2976 attendis;
1645 2926 1765 2966 cum
1792 2926 1928 2980 pra:-

331 3007 478 3063 dicat
503 3006 773 3074 Joannes,
804 3014 859 3062 et
900 3015 956 3060 tu
1000 3019 1108 3060 non
1140 3003 1293 3059 audis
1321 3021 1335 3057 :
1362 3003 1697 3074 quandonam
1731 3018 1927 3073 paupe-

330 3114 448 3155 rem
477 3099 725 3169 recipies,
753 3099 843 3169 qui
868 3098 1174 3168 apostolum
1200 3112 1307 3151 non
1333 3096 1560 3165 recipis?
1584 3094 1653 3151 Ut
1677 3095 1853 3166 itaque
1872 3104 1928 3150 et

331 3192 419 3248 his
445 3192 611 3259 mdes,
642 3201 698 3249 et
725 3192 829 3248 illis
854 3205 1014 3247 aures
1041 3199 1298 3260 perpetuo
1325 3197 1524 3258 aperta:
1549 3188 1677 3254 sint,
1708 3187 1925 3243 sordem

330 3299 548 3341 omnem
591 3282 661 3338 ab
699 3282 917 3339 auribus
957 3284 1150 3337 animae
1190 3294 1566 3352 expurgemus.
1604 3279 1753 3336 Sicut
1780 3280 1924 3335 enim

331 3376 521 3433 sordes
545 3385 599 3432 et
623 3377 781 3431 limus
801 3390 956 3431 aures
982 3374 1245 3444 corporis,
1270 3374 1347 3428 sic
1371 3372 1671 3431 meretricia
1696 3373 1922 3439 cantica,

331 3472 619 3527 saeculares
656 3469 990 3524 narrationes
1008 3509 1022 3530 ,
1050 3467 1249 3534 debita,
1283 3481 1559 3522 sermones
1589 3465 1655 3521 de
1684 3480 1843 3521 usura
1870 3474 1927 3520 et

329 3572 516 3618 mutuo
539 3605 555 3630 ,
596 3563 762 3633 magis
788 3576 947 3630 quam
980 3560 1179 3628 qumvis
1207 3560 1392 3613 sordes
1421 3573 1579 3613 aures
1607 3558 1798 3612 anima:
1824 3557 1921 3612 ob-

332 3664 547 3719 turant;
582 3654 688 3707 imo
718 3668 822 3707 non
853 3652 1107 3706 obturant
1136 3651 1315 3718 modo,
1347 3650 1441 3704 sed
1472 3649 1774 3703 immundas
1803 3650 1925 3704 red-

329 3745 481 3799 dunt.
516 3745 644 3799 Nam
676 3745 764 3815 qui
815 3744 916 3799 ista
953 3750 1205 3807 narrant,
1239 3741 1421 3794 fimum
1454 3741 1505 3794 in
1536 3756 1692 3795 aures
1719 3748 1924 3795 vestras

330 3838 595 3905 injiciunt.
637 3837 715 3891 Ac
735 3835 875 3906 quod
896 3834 1150 3890 barbarus
1169 3832 1257 3887 ille
1273 3832 1695 3887 comminabatur
1708 3830 1923 3887 dicens:

331 3930 612 3984 Comedetis
636 3938 825 3982 stercus
864 3936 1097 3990 vestrum,
1128 3936 1231 3979 etc.
1265 3925 1285 3995 (
1316 3923 1442 3977 Isai.
1471 3923 1559 3977 56.
1588 3923 1692 3993 12)
1724 3941 1737 3978 :
1764 3923 1841 3977 sic
1870 3930 1923 3977 et

329 4023 419 4077 isti
447 4037 553 4076 non
580 4020 763 4084 verbo,
796 4018 890 4073 sed
914 4018 1166 4089 operibus
1194 4032 1258 4071 eo
1282 4031 1377 4070 vos
1401 4015 1687 4079 deducunt,
1717 4023 1777 4068 ut
1805 4013 1921 4067 haec

329 4112 673 4177 sustineatis;
705 4112 812 4165 imo
837 4118 889 4163 et
922 4109 1076 4179 longe
1101 4108 1330 4177 gravius.
1362 4106 1569 4161 Etenim
1600 4105 1689 4159 illa
1714 4104 1920 4159 cantica

330 4204 415 4258 his
456 4204 614 4272 longe
657 4200 877 4256 foediora
910 4208 1036 4253 sunt
1077 4217 1089 4252 :
1136 4198 1380 4267 quodque
1408 4197 1642 4252 deterius
1666 4204 1778 4261 est,
1815 4210 1920 4250 non

330 4293 492 4349 modo
515 4293 631 4347 haec
659 4291 882 4346 moleste
914 4305 1020 4343 non
1051 4288 1228 4355 fertis,
1259 4288 1354 4342 sed
1380 4289 1539 4342 etiam
1567 4286 1769 4352 ridetis,
1800 4301 1920 4341 cum

330 4394 605 4457 oporteret
629 4383 896 4439 exsecrari
928 4398 990 4436 ac
1023 4380 1223 4451 fugere.
1254 4380 1404 4448 Quod
1438 4381 1483 4434 si
1506 4379 1620 4435 haec
1648 4378 1922 4433 abomina-

328 4478 457 4533 bilia
485 4492 591 4530 non
617 4483 760 4539 sunt,
788 4472 1052 4528 descende
1083 4474 1133 4525 in
1162 4472 1509 4535 orchestram,
1543 4471 1751 4524 imitare
1780 4468 1921 4538 quod

330 4569 547 4634 laudas;
595 4568 702 4622 imo
727 4567 811 4620 adi
842 4581 960 4620 eum
985 4566 1074 4635 qui
1102 4565 1241 4619 hunc
1267 4564 1433 4618 risum
1459 4564 1673 4619 excitat.
1722 4563 1919 4618 Verum

331 4661 385 4716 id
413 4674 699 4729 numquam
726 4658 900 4712 facere
927 4658 1089 4712 ausis.
1121 4656 1226 4712 Cur
1249 4672 1376 4726 ergo
1403 4657 1478 4709 illi
1507 4665 1707 4710 tantum
1736 4656 1921 4710 tribuis

334 4756 590 4805 honorem
613 4751 637 4803 ?
659 4750 820 4818 Atqui
850 4748 1157 4803 Graecorum
1191 4747 1335 4817 leges
1360 4746 1658 4815 descriptze,
1693 4747 1810 4800 illos
1835 4746 1919 4800 in-

330 4842 499 4897 fames
529 4842 711 4896 haberi
743 4841 929 4894 volunt
960 4858 972 4893 :
1002 4848 1057 4893 tu
1096 4854 1225 4893 vero
1265 4839 1385 4893 illos
1416 4853 1535 4892 cum
1568 4846 1677 4892 tota
1706 4838 1920 4894 civitate

331 4934 525 5003 recipis
545 4973 561 4999 ,
606 4933 757 5003 quasi
785 4932 985 5001 legatos
1012 4931 1027 4962 ¹
1059 4940 1111 4984 et
1137 4930 1302 4984 duces
1320 4971 1335 4994 ,
1367 4943 1658 4999 omnesque
1686 4943 1878 4983 evocas
1900 4970 1915 4994 ,

332 5035 389 5079 ut
436 5026 616 5078 limum
660 5025 713 5077 in
753 5024 970 5076 auribus
1010 5022 1291 5091 accipiant.
1355 5021 1432 5075 Ac
1475 5035 1661 5075 servus
1705 5020 1918 5089 quidem

332 5130 472 5184 tuus,
502 5119 546 5174 si
578 5117 703 5187 quid
732 5125 916 5185 turpe,
949 5124 1000 5169 te
1029 5114 1308 5177 audiente,
1339 5113 1601 5183 loquatur,
1632 5114 1776 5167 mille
1802 5113 1918 5182 pla-

330 5226 423 5280 gas
449 5210 678 5279 accipit;
707 5216 761 5262 et
786 5209 827 5261 si
862 5207 999 5260 filius
1019 5248 1032 5270 ,
1062 5207 1104 5260 si
1136 5221 1287 5271 uxor,
1314 5205 1360 5259 si
1390 5205 1629 5275 quisquis
1652 5205 1790 5259 alius
1817 5204 1920 5259 hoc

331 5304 524 5367 faciat,
555 5316 668 5355 rem
708 5299 850 5353 illam
882 5312 1039 5352 vocas
1068 5297 1442 5351 contumeliam
1474 5312 1486 5348 :
1515 5297 1559 5350 si
1591 5311 1718 5350 vero
1746 5295 1920 5349 homi-

331 5409 425 5450 nes
456 5392 779 5447 verberones
811 5384 860 5444 ei
900 5389 1089 5459 abjecti
1131 5397 1182 5442 te
1206 5396 1436 5453 vocent,
1469 5395 1526 5440 ut
1558 5387 1726 5454 turpia
1757 5386 1917 5440 verba

331 5486 535 5551 audias,
569 5499 675 5538 non
707 5481 867 5537 modo
895 5497 1000 5536 non
1028 5480 1341 5549 indignaris,
1370 5479 1463 5534 sed
1490 5479 1649 5533 etiam
1677 5478 1874 5547 gaudes
1898 5520 1913 5544 ,

334 5577 532 5630 laudas.
563 5573 766 5644 Ecquid
793 5572 919 5627 huic
944 5572 1224 5627 dementia!
1249 5586 1342 5639 par
1365 5570 1592 5624 fuerit‘?
1616 5569 1721 5623 Sed
1745 5569 1915 5638 turpia

335 5665 700 5737 hujuscemodi
743 5680 850 5719 non
893 5664 1163 5733 loqueris?
1208 5661 1409 5732 Ecquid
1450 5660 1573 5715 hinc
1602 5660 1776 5715 lucri?
1806 5660 1916 5714 Imo

394 5803 411 5865 ξ
446 5799 659 5865 Quidam,
682 5798 819 5865 quasi
843 5796 1157 5865 consiliarios:
1272 5858 1282 5865 _
1429 5855 1456 5865 Α,
1572 5858 1580 5863 _
1672 5857 1689 5865 _
1777 5856 1785 5864 _

392 5862 417 5893 ⁸
445 5855 663 5918 ιέοιιιωιιί
682 5855 869 5912 habent
895 5874 904 5910 :
932 5859 1115 5923 Ecquid
1138 5858 1225 5909 hac
1250 5855 1487 5908 dementia
1501 5858 1637 5921 pejus
1657 5856 1803 5917 facta
1827 5855 1851 5905 ?

1166 405 1229 459 IN
1270 404 1674 461 MATTIIASUM
1713 402 1941 459 I-IOMIL.
1983 400 2249 457 XXXVII.
2290 404 2360 458 al.
2403 403 2692 459 XXXVIII.

3522 415 3625 467 6‘28

2040 529 2168 570 vero
2189 515 2327 571 unde
2348 516 2547 587 liqueat
2568 526 2618 573 te
2640 531 2743 572 non
2766 519 2946 589 loqui?
2967 519 3022 575 Si
3044 521 3184 577 enim
3208 521 3321 579 haec
3340 541 3625 596 numquam

2039 604 2310 674 proferres
2330 648 2344 671 ,
2380 622 2483 661 non
2525 607 2731 664 rideres
2772 610 2995 664 audiens
3019 651 3034 677 ,
3067 628 3240 681 neque
3281 624 3427 671 tanto
3452 618 3628 673 studio

2037 710 2284 751 curreres
2309 697 2375 751 ad
2407 713 2591 754 vocem
2618 715 2737 770 quae
2766 709 2817 754 te
2842 701 3107 758 dedecore
3129 704 3311 759 afficit.
3362 708 3454 762 Dio
3483 710 3624 764 enim

2039 787 2169 841 mihi
2196 828 2210 852 ,
2236 789 2508 858 gaudesne
2536 791 2757 846 audiens
2797 791 3196 863 blasphemias?
3224 800 3621 853 annonexhor—

2037 879 2223 946 reseis,
2247 888 2302 936 et
2324 895 2481 937 aures
2503 881 2783 937 obstruis?
2812 884 2925 955 Ego
2948 895 3093 941 certe
3115 886 3175 940 id.
3190 897 3336 957 puto.
3358 888 3467 944 Cur
3491 890 3626 945 hoc?

2035 968 2166 1037 Quia
2206 978 2262 1026 tu
2303 987 2586 1043 numquam
2626 974 2983 1044 blasphemas.
3029 976 3259 1047 Idipsum
3291 978 3449 1034 facito
3482 983 3623 1037 circa

2035 1064 2207 1133 turpia
2236 1064 2330 1119 illa
2360 1065 2543 1121 verba.
2591 1067 2659 1121 Et
2687 1068 2732 1122 si
2756 1068 2833 1122 vis
2862 1068 3018 1124 nobis
3045 1069 3187 1125 clare
3215 1070 3619 1139 demonstrare,

2035 1164 2091 1209 te
2108 1170 2214 1211 non
2236 1158 2473 1227 gaudere
2493 1158 2617 1214 dum
2642 1161 2812 1231 turpia
2832 1161 3098 1227 dicuntur,
3122 1179 3190 1219 ne
3208 1165 3390 1220 auditu
3410 1167 3622 1236 quidem

2036 1246 2124 1301 illa
2149 1248 2307 1304 feras.
2341 1250 2687 1316 Quandonam
2715 1253 2913 1322 probus
2940 1255 3021 1309 vir
3043 1270 3162 1310 esse
3191 1258 3408 1326 poteris,
3441 1260 3495 1314 in
3524 1260 3623 1315 hu-

2030 1338 2265 1409 jusmodi
2291 1344 2532 1413 turpibus
2558 1345 2836 1400 audiendis
2856 1347 3153 1403 enutritus?
3176 1351 3511 1419 quandonam
3534 1369 3624 1408 ca-

2034 1433 2231 1490 SIitatis
2260 1435 2485 1491 sudores
2522 1436 2663 1491 ferre
2705 1439 2904 1507 poteris
2928 1481 2941 1505 ,
2971 1440 3049 1495 sic
3088 1442 3336 1509 paulatim
3373 1443 3620 1501 difﬂuens

2032 1540 2099 1580 ex
2141 1527 2252 1582 risu
2275 1569 2290 1595 ,
2322 1528 2564 1584 cantibus
2586 1570 2602 1596 ,
2635 1539 2688 1584 et
2737 1531 2912 1585 verbis
2938 1532 3245 1588 obsccenis?
3285 1535 3418 1590 Nam
3461 1538 3505 1592 si
3533 1539 3619 1593 vix

2033 1618 2208 1672 anima
2234 1659 2247 1683 ,
2280 1635 2397 1689 quae
2422 1620 2490 1674 ab
2519 1619 2603 1675 his
2630 1622 2877 1676 omnibus
2899 1637 2960 1677 se
2990 1638 3174 1691 puram
3201 1638 3415 1692 servat,
3447 1636 3622 1696 potest

2034 1724 2154 1763 esse
2180 1709 2401 1765 honesta
2430 1722 2483 1766 et
2512 1721 2677 1779 casta,
2705 1721 2903 1782 quanto
2925 1714 3100 1768 minus
3126 1718 3320 1785 poterit
3346 1733 3467 1787 quae
3506 1718 3621 1774 lucc

2033 1801 2217 1857 audire
2240 1802 2413 1857 solet?
2442 1806 2523 1856 An
2550 1804 2784 1869 nescitis,
2816 1819 2913 1859 nos
2933 1806 2999 1858 ad
3032 1806 3320 1875 nequitiam
3342 1809 3621 1878 proniores

2032 1896 2190 1951 esse?
2212 1895 2347 1951 Cum
2373 1904 2550 1951 autem
2578 1897 2693 1951 haec
2720 1897 2774 1951 in
2800 1906 2970 1952 artem
2992 1907 3046 1953 et
3068 1912 3202 1968 opus
3222 1912 3616 1965 convertamus,

2032 1987 2300 2056 quomodo
2342 1987 2612 2043 fornacem
2660 1988 2804 2042 illam
2848 1988 3081 2059 effugere
3127 1991 3458 2059 poterimus?
3502 1993 3617 2047 Non

2031 2078 2223 2133 audisti
2243 2079 2369 2149 quid
2393 2079 2521 2134 dicit
2543 2079 2756 2147 Paulus,
2790 2078 3018 2135 Gaudete
3039 2081 3090 2135 in
3114 2080 3331 2137 Domino
3357 2083 3615 2155 (Philipp.

2031 2171 2085 2224 4.
2112 2171 2146 2225 4
2165 2171 2224 2242 )?
2246 2170 2362 2226 Non
2390 2170 2545 2240 dixit,
2576 2170 2634 2226 In
2663 2171 2895 2227 diabolo.

2104 2263 2153 2317 6.
2193 2261 2529 2318 Theatrorum
2553 2266 2845 2335 spectacula
2876 2282 3029 2337 quam
3056 2266 3301 2322 damnosa
3337 2279 3387 2324 et
3426 2272 3613 2340 turpia.

2031 2353 2345 2420 —Quando
2371 2355 2531 2425 igitur
2553 2355 2738 2411 audire
2766 2356 2985 2411 Paulum
3025 2358 3259 2428 poteris?
3303 2358 3527 2426 Quando
3566 2362 3618 2416 in

2031 2458 2246 2500 sensum
2286 2446 2472 2501 venire
2521 2455 2860 2516 peccatorum
2885 2486 2904 2513 ,
2943 2448 3031 2518 qui
3080 2463 3146 2502 ex
3188 2451 3490 2519 spectaculo
3528 2451 3619 2507 illo

2030 2536 2211 2591 ebrius
2236 2552 2450 2607 semper
2473 2538 2578 2593 es?
2624 2537 2775 2605 Quod
2804 2539 2944 2593 enim
2974 2540 3079 2595 huc
3104 2543 3317 2596 veneris
3333 2583 3350 2610 ,
3387 2558 3497 2598 non
3520 2545 3621 2598 mi-

2031 2644 2151 2683 rum
2192 2645 2292 2685 nec
2335 2645 2584 2701 magnum
2621 2640 2738 2697 est;
2786 2631 2894 2686 imo
2932 2633 3108 2702 potius
3136 2634 3333 2689 mirum
3359 2644 3460 2690 est.
3503 2635 3620 2691 Huc

2030 2721 2173 2775 enim
2208 2728 2262 2776 et
2301 2722 2538 2791 segniter
2575 2729 2629 2777 et
2666 2722 3029 2792 perfunctorie
3061 2726 3247 2792 venis;
3286 2726 3413 2783 illuc
3439 2738 3616 2785 autem

2030 2827 2228 2883 magno
2262 2813 2442 2869 studio
2470 2823 2524 2868 et
2559 2815 2739 2869 animo
2770 2817 3023 2871 accurris.
3054 2817 3217 2888 quue
3242 2821 3414 2890 palam
3444 2830 3526 2876 est
3553 2838 3618 2878 ex

2029 2902 2095 2957 iis
2123 2918 2242 2974 quae
2270 2903 2488 2959 domum
2508 2905 2681 2961 refers
2701 2947 2715 2971 ,
2742 2922 2862 2962 cum
2892 2908 3017 2964 inde
3040 2910 3269 2965 recedis.
3297 2912 3505 2967 Etenim
3532 2914 3616 2969 lu-

2030 3001 2141 3047 tum
2170 2994 2324 3049 vobis
2360 2995 2470 3050 illie
2509 2994 2742 3051 infusum
2773 3012 2872 3066 per
2899 2999 3062 3054 verba
3087 3041 3103 3065 ,
3132 3000 3336 3057 cantica
3362 3044 3377 3070 ,
3406 3004 3569 3059 risum
3600 3046 3614 3070 ,

2030 3086 2221 3157 singuli
2240 3087 2460 3143 domum
2480 3089 2794 3159 reportatis;
2816 3090 2923 3145 imo
2946 3106 3051 3146 non
3079 3092 3133 3147 in
3152 3092 3368 3149 domum
3391 3104 3614 3161 tantum,

2029 3178 2123 3233 sed
2150 3179 2205 3233 in
2232 3189 2467 3236 mentem
2496 3190 2731 3237 vestram
2757 3181 3049 3238 inducitis:
3076 3192 3131 3239 et
3155 3185 3224 3240 ab
3249 3186 3317 3241 iis
3342 3202 3462 3257 qua:
3485 3187 3617 3245 abo-

2028 3272 2323 3327 minatione
2364 3271 2525 3343 digna
2567 3288 2673 3329 non
2714 3282 2879 3343 sunt,
2921 3277 3216 3343 averteris;
3262 3276 3615 3336 abominanda

2028 3377 2157 3418 vero
2182 3377 2289 3451 non
2320 3363 2445 3419 odio
2471 3364 2655 3431 habes,
2687 3366 2796 3421 imo
2815 3364 3012 3438 diligis.
3043 3367 3188 3423 Multi
3211 3378 3357 3425 certe
3384 3384 3417 3426 a
3443 3372 3619 3451 sepul-

2028 3454 2132 3507 cris
2170 3450 2454 3510 redeuntes
2491 3468 2613 3510 sese
2648 3455 2908 3523 abluunt;
2936 3471 2967 3511 a
2998 3456 3220 3514 theatris
3252 3474 3379 3515 vero
3416 3464 3616 3525 reversi

2029 3561 2135 3600 non
2157 3554 2396 3616 gemunt,
2417 3562 2522 3604 non
2545 3548 2905 3620 Iacrymarum
2917 3548 3092 3607 fontes
3112 3551 3420 3621 efl’undunt;
3440 3570 3618 3625 quam-

2028 3654 2187 3709 quam
2234 3649 2479 3696 mortuus
2523 3656 2630 3695 non
2675 3641 2744 3695 sit
2786 3642 3132 3698 immundus:
3172 3655 3448 3715 peccatum
3489 3663 3616 3703 vero

2030 3744 2230 3793 tantam
2260 3733 2525 3787 maculam
2553 3744 2829 3804 aspergat,
2859 3744 2915 3790 ut
2944 3751 3011 3791 ne
3040 3736 3188 3794 mille
3216 3740 3430 3809 quidem
3459 3741 3617 3796 fonti—

2027 3822 2127 3878 bus
2155 3825 2324 3894 possit
2345 3824 2512 3889 ablui,
2540 3826 2634 3880 sed
2661 3826 2790 3881 solis
2818 3826 3069 3897 Iacrymis
3091 3837 3144 3883 et
3169 3830 3613 3887 confessionibus.

2026 3914 2129 3970 Sed
2161 3931 2320 3971 nemo
2345 3918 2607 3972 maculam
2635 3916 3001 3988 hujuscemodi
3026 3922 3204 3975 sentit.
3234 3922 3365 3989 Quia
3391 3925 3531 3978 enim
3553 3938 3616 3979 ea

2027 4022 2145 4075 qure
2177 4008 2409 4063 timenda
2438 4018 2618 4064 essent
2643 4025 2748 4064 non
2784 4009 3033 4065 timemus
3057 4053 3072 4077 ,
3100 4027 3161 4067 ea
3187 4055 3203 4081 ,
3235 4029 3352 4083 qua:
3384 4014 3613 4070 timenda

2028 4117 2132 4157 non
2159 4111 2321 4169 sunt,
2352 4103 2659 4157 metuimus.
2692 4103 2823 4171 Quis
2847 4112 3026 4159 autem
3058 4105 3146 4159 ille
3175 4107 3466 4175 strepitus?
3495 4108 3615 4178 quis

2028 4195 2307 4262 tumultus,
2335 4194 2423 4265 qui
2450 4195 2671 4250 sataniei
2702 4195 2970 4250 clamores
3015 4204 3070 4251 et
3098 4196 3341 4251 diabolici
3370 4197 3616 4255 habitus?

2026 4287 2175 4341 Alius
2196 4286 2406 4357 juvenis
2427 4302 2549 4342 cum
2578 4287 2681 4353 sit,
2715 4302 2921 4341 comam
2950 4296 3093 4342 retro
3116 4287 3388 4342 reductam
3414 4289 3613 4355 habet,

2027 4387 2081 4432 et
2124 4386 2366 4432 naturam
2406 4378 2574 4448 ipsam
2612 4378 2884 4433 effeminat
2920 4388 3134 4447 aspectu
3159 4419 3174 4444 ,
3207 4379 3387 4434 habitu
3412 4421 3426 4444 ,
3458 4382 3618 4436 vesti-

2026 4469 2254 4535 mentis,
2286 4469 2501 4525 demum
2528 4469 2774 4524 omnibus
2793 4511 2807 4535 ,
2839 4469 3172 4540 formamque
3197 4479 3398 4526 tenera:
3426 4473 3616 4541 puclla:

2027 4561 2259 4618 affectat.
2305 4563 2457 4617 Alius
2490 4578 2617 4617 vero
2644 4562 2904 4631 quispiam
2941 4578 3104 4617 senex
3130 4605 3144 4628 ,
3172 4578 3205 4619 e
3230 4565 3500 4620 contrario
3530 4580 3618 4620 ca-

2027 4655 2167 4725 pillis
2196 4656 2448 4709 novacula
2477 4654 2703 4720 abrasis,
2732 4653 2951 4708 renibus
2982 4654 3302 4721 succinctus,
3332 4666 3613 4727 postquam

2027 4747 2282 4816 pudorem
2326 4757 2449 4802 ante
2491 4747 2713 4816 capillos
2751 4746 2997 4812 succidit,
3029 4755 3136 4801 stat
3164 4748 3228 4802 ad
3270 4748 3449 4818 alapas
3475 4751 3626 4827 accio,‘

2028 4839 2248 4910 piendas
2287 4848 2341 4895 et
2390 4840 2454 4894 ad
2498 4840 2674 4894 omnia
2712 4838 2933 4894 dicenda
2984 4838 3332 4911 faciendaque
3375 4834 3619 4933 paratus;

2026 4931 2272 4987 Mulieres
2315 4940 2489 4986 autem
2534 4930 2677 4985 nudo
2717 4931 2928 5000 capite,
2970 4932 3116 4986 omni
3164 4932 3332 4986 misso
3371 4931 3572 4987 rubore
3608 4930 3627 5001 ς

2026 5032 2168 5079 stant
2188 5024 2438 5094 populum
2461 5022 2810 5093 alloquentes,
2837 5030 3040 5076 tantum
3062 5022 3310 5078 videlicet
3331 5023 3612 5092 impuden-

2030 5117 2117 5170 tia}
2145 5115 2380 5170 studium
2410 5115 2665 5169 habentes
2685 5154 2701 5180 ,
2729 5128 3049 5184 omnemque
3079 5114 3421 5183 petulantiam
3450 5122 3503 5169 et
3532 5116 3610 5169 la-

2028 5206 2249 5261 sciviam
2274 5207 2324 5259 in
2351 5206 2648 5261 auditorum
2676 5204 2882 5260 animos
2906 5204 3261 5259 infundentes.
3292 5204 3423 5259 Illud
3446 5221 3607 5260 unum

2027 5297 2258 5353 studium
2288 5296 2505 5361 habent,
2536 5306 2591 5350 ut
2619 5297 2914 5351 castitatem
2942 5310 3157 5351 onmem
3186 5296 3438 5351 radicitus
3467 5299 3612 5354 evel-

2026 5390 2157 5457 lant,
2189 5401 2432 5444 naturam
2460 5389 2762 5458 deturpent,
2797 5389 2919 5442 mali
2945 5389 3203 5443 dazmonis
3231 5391 3614 5459 concupisccn~

2026 5484 2152 5537 tiam
2201 5481 2475 5551 expleant.
2528 5480 2660 5535 Nam
2710 5480 2798 5534 hic
2839 5481 2998 5534 verba
3049 5480 3343 5546 obscaena,
3402 5481 3611 5537 habitus

2022 5574 2269 5641 ridiculi,
2313 5584 2528 5629 tonsura
2568 5574 2795 5639 similis,
2838 5574 3116 5637 incessus,
3159 5584 3381 5630 vestitus
3405 5618 3419 5641 ,
3467 5592 3565 5631 vox
3592 5617 3609 5641 .

2024 5666 2387 5722 membrorum
2414 5666 2683 5729 mollities,
2714 5665 2988 5719 oculorum
3020 5667 3368 5733 inrersioncs,
3398 5668 3606 5732 fistulae,

2025 5759 2183 5823 tibiae,
2212 5758 2448 5812 dramata
2470 5799 2485 5821 ,
2517 5766 2849 5827 argumenta,
2882 5758 3165 5827 omniaque
3194 5760 3406 5814 demum
3433 5769 3609 5817 extre-

2024 5865 2123 5904 ma:
2155 5850 2380 5906 lascivizc
2407 5851 2557 5921 plena
2589 5858 2729 5904 sunt.
2761 5848 3108 5916 Quandonam
3130 5891 3144 5915 ,
3176 5867 3385 5921 quwso,
3421 5854 3611 5921 rcsipi~
