4074 6358
531 322 638 376 4⁴27

528 452 682 503 sees,
708 451 830 492 cum
861 445 1064 492 tantum
1097 435 1187 491 tibi
1215 435 1578 492 fornicationis
1601 436 1846 507 poculum
1879 433 2121 488 infundat

527 528 806 595 diabolus,
830 536 1013 597 totque
1039 529 1463 597 intemperantia:
1487 529 1682 583 calices
1707 527 1961 582 misceat?
1986 525 2117 580 Nam

526 621 638 676 illic
681 620 1102 687 fornicationes,
1147 619 1402 676 adulteria
1427 660 1442 684 ,
1485 621 1738 681 mulieres
1783 619 2114 688 prostitutae,

529 713 630 768 viri
661 711 939 773 muliebria
969 712 1236 782 patientes
1255 752 1270 776 ,
1298 713 1524 783 juvenes
1553 711 1744 766 molles
1769 750 1783 774 ,
1815 710 1990 764 omnia
2019 709 2118 762 ini-

524 808 728 876 quitate
775 806 934 876 plena
959 844 975 872 ,
1015 806 1340 875 portentosis
1384 804 1543 858 rebus
1580 818 1644 859 ac
1684 801 1954 872 prodigiis.
1998 800 2115 856 Non

525 914 655 969 ergo
679 898 748 954 de
780 897 1084 966 hujusmodi
1124 897 1282 959 rebus
1317 896 1495 951 ridere
1532 895 1779 951 sedentes
1803 903 2074 964 Oporterct
2094 933 2112 959 ,

523 992 620 1047 sed
650 992 932 1062 lacrymari
957 1001 1012 1045 et
1041 989 1410 1058 ingemiscere.
1439 989 1576 1057 Quid
1604 989 1798 1059 igitur?
1825 1003 1894 1043 an
1920 988 2114 1043 orche-

523 1095 690 1142 stram
716 1085 1046 1149 claudemus,
1073 1084 1299 1153 inquies,
1324 1091 1380 1137 et
1400 1082 1553 1150 jussu
1575 1090 1668 1136 tuo
1693 1081 1870 1136 omnia
1895 1079 2117 1136 subver-

523 1177 743 1242 tentur?
787 1175 940 1232 Nunc
963 1183 1111 1232 certe
1140 1175 1318 1230 omnia
1348 1174 1602 1228 subversa
1643 1181 1785 1227 sunt.
1833 1171 2111 1228 Undenam

522 1270 562 1326 ii
603 1271 694 1340 qui
736 1270 933 1340 nuptiis
963 1267 1183 1323 insidias
1223 1267 1450 1337 parant?
1483 1280 1660 1320 nonne
1687 1265 1754 1319 ab
1782 1264 1882 1319 hac
1911 1263 2114 1319 scena?

523 1363 678 1419 Unde
719 1363 755 1418 ii
784 1362 876 1433 qui
913 1362 1175 1421 thalamos
1214 1358 1508 1415 etl'odiunt?
1539 1372 1718 1412 nonne
1745 1357 1812 1410 ab
1837 1355 2110 1411 orchestra

521 1457 658 1522 illa?-
688 1471 867 1512 nonne
910 1455 1035 1510 hinc
1069 1454 1168 1508 viri
1207 1452 1460 1508 uxoribus
1497 1460 1620 1505 sunt
1650 1448 1903 1504 molesti?
1935 1463 2113 1502 nonne

522 1549 648 1603 hinc
673 1563 704 1602 a
732 1547 862 1602 viris
889 1561 1082 1602 uxores
1111 1541 1521 1614 despiciuntur?
1550 1556 1726 1596 nonne
1755 1539 1880 1595 hinc
1915 1537 2110 1594 mtechi

519 1640 783 1713 plurimi?
813 1639 997 1707 Itaque
1035 1637 1127 1707 qui
1169 1634 1348 1690 omnia
1389 1633 1683 1696 subvertit,
1727 1631 1772 1685 is
1814 1629 2012 1699 estqui
2043 1629 2111 1682 ad

521 1733 790 1788 theatrum
819 1730 1026 1800 pergit,
1055 1728 1251 1798 quique
1275 1740 1490 1795 gravem
1520 1721 1854 1796 tyrannidem
1887 1721 2106 1775 inducit.

520 1826 885 1895 Nequaquam,
917 1821 1147 1891 inquies,
1173 1819 1268 1874 sed
1293 1819 1345 1874 id
1372 1819 1514 1874 bono
1544 1818 1720 1887 legum
1745 1815 1933 1871 ordine
1958 1814 2108 1868 insti-

519 1923 692 1972 tutum
716 1925 817 1972 est.
844 1914 978 1969 Nam
999 1913 1250 1968 mulieres
1269 1911 1535 1980 abripere,
1561 1922 1754 1978 pueros
1771 1905 2110 1962 contumeliis

519 2013 807 2076 adhibere,
839 2008 1028 2065 domos
1057 2014 1300 2062 evertere
1319 2045 1334 2071 ,
1369 2004 1484 2058 haec
1512 2006 1579 2057 ad
1607 2003 1726 2057 illos
1751 2010 1994 2071 spectant
2018 1999 2109 2068 qui

517 2119 670 2158 arces
711 2109 992 2170 occupant.
1042 2097 1112 2153 Et
1151 2098 1272 2166 quis
1312 2094 1592 2160 moechus,
1623 2093 1830 2162 inquies
1855 2135 1871 2159 ,
1909 2107 1973 2146 ex
2024 2091 2110 2144 his

517 2194 837 2266 spectaculis
881 2192 1048 2245 factus
1090 2188 1214 2244 est?
1261 2187 1374 2242 lmo
1412 2186 1530 2256 quis
1574 2200 1679 2241 non
1721 2184 2005 2240 mwcltus?
2050 2182 2108 2239 Si

517 2288 706 2352 liceret
744 2282 1058 2339 nominatim
1091 2279 1283 2336 efferre
1305 2318 1320 2342 ,
1350 2277 1533 2333 dicere
1578 2276 1776 2346 possim
1808 2284 1938 2345 quot
1964 2273 2108 2328 viros

519 2377 636 2440 hate
665 2376 735 2430 ab
760 2373 1013 2430 uxoribus
1045 2369 1429 2441 sequestrarint
1451 2411 1467 2438 ,
1495 2377 1550 2424 et
1572 2377 1703 2439 quot
1729 2367 1967 2436 captivos
1995 2380 2110 2421 me-

517 2469 742 2524 retrices
771 2465 876 2520 illae
904 2463 1176 2533 ceperint,
1205 2476 1432 2531 quorum
1461 2460 1593 2516 alios
1619 2475 1652 2515 a
1680 2459 1943 2530 conjugali
1968 2459 2106 2514 lecto

516 2560 872 2623 abduxerunt,
895 2555 1030 2614 alios
1050 2568 1118 2608 ne
1141 2566 1335 2610 uxores
1356 2551 1615 2608 ducerent
1633 2549 1944 2606 effecerunt.
1968 2549 2103 2624 Quid

517 2654 719 2724 igitur?
761 2666 944 2722 quaeso
972 2667 986 2703 :
1017 2651 1230 2720 legesne
1256 2663 1443 2704 omnes
1468 2646 1812 2702 evertemus?
1854 2645 2106 2712 Quinimo

517 2745 740 2801 theatris
755 2743 958 2798 eversis
977 2743 1152 2812 legum
1170 2739 1620 2810 transgressiones
1637 2738 1948 2793 evertimus.
1969 2737 2102 2793 Nam

516 2838 607 2908 qui
642 2837 888 2890 civitates
927 2833 1270 2904 pessumdant
1292 2872 1307 2897 ,
1343 2847 1414 2886 ex
1453 2831 1643 2888 horum
1675 2847 1901 2888 numero
1929 2842 2054 2887 sunt
2085 2849 2100 2886 :

515 2931 645 3000 hinc
669 2931 958 3000 seditiones
986 2938 1038 2984 ct
1063 2927 1513 2998 perturbationes.
1553 2927 1686 2982 Nam
1713 2927 1802 2997 qui
1833 2928 1885 2982 in
1911 2927 1997 2983 his
2022 2927 2103 2983 lu-

513 3023 598 3082 dis
639 3020 1112 3091 aluntur",'quique
1154 3034 1340 3074 vocem
1385 3020 1586 3074 ventris
1622 3034 1779 3074 causa
1823 3020 2100 3086 vendunt,

512 3129 740 3186 quorum
757 3129 892 3184 opus
908 3112 1247 3182 officiumque
1263 3117 1346 3166 est
1361 3111 1612 3176 clamare,
1631 3122 1683 3165 et
1699 3111 1907 3180 quidvis
1921 3111 2102 3167 absur-

511 3208 640 3269 dum
670 3207 878 3272 facere;
911 3205 964 3259 hi
994 3205 1223 3260 maxime
1259 3213 1385 3259 sunt
1417 3205 1504 3274 qui
1536 3203 1757 3274 populos
1785 3205 2054 3260 concitant
2080 3246 2097 3272 ,

510 3300 604 3369 qui
628 3299 883 3354 tumultus
904 3297 957 3350 in
981 3297 1197 3351 urbibus
1221 3294 1439 3350 faciunt.
1461 3295 1722 3350 Juventus
1743 3295 1884 3350 enim
1904 3295 2095 3364 otiosa,

510 3393 565 3450 in
594 3390 742 3446 hisce
766 3389 923 3452 malis
950 3389 1194 3454 educata,
1224 3387 1334 3442 fera
1359 3387 1545 3456 quavis
1570 3388 1746 3442 acrior
1772 3386 2023 3440 efficitur.

581 3485 636 3537 7.
678 3481 956 3538 Undenam
981 3521 995 3544 ,
1025 3493 1208 3548 quaeso
1233 3521 1248 3544 ,
1273 3478 1730 3548 praistigiatores?
1763 3493 1943 3534 nonne
1972 3478 2098 3534 inde

511 3573 954 3647 proficiscuntur,
979 3580 1038 3625 ut
1064 3570 1316 3641 populum
1345 3579 1621 3624 vacantem
1649 3579 1851 3625 temere
1880 3568 2093 3624 inﬂam-

507 3675 679 3730 ment,
713 3664 870 3734 idque
896 3662 1090 3717 faciant
1119 3669 1178 3718 ut
1203 3677 1270 3716 ex
1299 3661 1611 3716 tumultibus
1638 3661 1918 3720 saltatores
1941 3661 2095 3717 bon-is

509 3760 773 3822 fruantur,
805 3765 859 3810 et
899 3752 1483 3809 meretrices-honestis
1521 3752 1835 3808 mulieribus
1863 3752 2092 3822 impedi-

507 3859 692 3906 mento
721 3848 866 3903 sint?
895 3848 951 3902 In
996 3855 1200 3900 tantum
1227 3845 1371 3900 enim
1409 3845 1655 3900 maleflcii
1691 3861 1863 3915 genus
1904 3861 2093 3916 perve-

506 3945 677 4008 niunt,
700 3953 756 3996 ut
777 3949 1106 3997 mortuorum
1127 3954 1246 3994 ossa
1266 3953 1482 3993 movere
1503 3953 1607 3994 non
1623 3937 1885 3998 dubitent.
1906 3939 2093 3995 Nonne

508 4053 623 4100 tunc
648 4035 772 4091 inde
803 4035 922 4097 ideo
942 4033 1206 4099 oriuntur,
1229 4031 1370 4102 quod
1395 4031 1462 4086 ad
1485 4032 1631 4086 illum
1651 4032 1848 4086 diaboli
1867 4031 2091 4089 chorum

505 4138 747 4198 sumptus
764 4128 1074 4181 innumeros
1093 4138 1406 4179 consumere
1425 4124 1719 4193 cogantur?
1737 4124 1974 4180 Lascivia
1996 4141 2090 4179 au-

505 4228 614 4274 tem
645 4217 804 4283 unde,
833 4231 1040 4278 necnon
1071 4214 1209 4269 mala
1235 4214 1550 4268 innumera?
1575 4213 1762 4270 Viden‘
1786 4223 1837 4269 te
1859 4229 1978 4270 esse
1997 4216 2088 4285 qui

502 4312 662 4366 vitam
689 4310 974 4364 humanam
1003 4307 1234 4372 evertis,
1261 4306 1388 4364 dum
1413 4307 1478 4360 ad
1505 4305 1620 4362 lucc
1645 4306 1947 4377 pet-trahis?
1977 4307 2089 4378 Ego

501 4417 632 4456 vero
657 4415 772 4455 rem
799 4398 1178 4462 destruendam
1208 4411 1430 4454 censeo.
1450 4397 1721 4453 Tollamus
1745 4413 1873 4469 ergo
1896 4400 2087 4454 orche—

500 4501 687 4558 stram,
716 4491 940 4560 inquies.
965 4490 1178 4550 Utinam
1201 4489 1316 4548 tolli
1337 4499 1551 4559 posset;
1577 4491 1683 4545 imo
1710 4505 1860 4558 vero,
1894 4492 1939 4546 si
1965 4493 2085 4548 vul-

499 4586 570 4640 tis
592 4627 608 4651 ,
641 4585 781 4654 quod
811 4583 877 4637 ad
907 4592 1142 4637 nostram
1172 4592 1376 4652 partem
1405 4583 1628 4650 attinet,
1662 4585 1771 4654 jam
1799 4586 2006 4641 sublata
2030 4596 2086 4643 et

498 4677 756 4731 subversa
781 4683 882 4728 est.
915 4675 1162 4738 Attamen
1192 4688 1299 4728 non
1325 4674 1426 4729 hoc
1451 4674 1632 4744 jubeo.
1665 4675 1904 4731 Stantem
1936 4677 2081 4733 illam

499 4782 603 4820 non
647 4766 1034 4834 frequentatam
1077 4763 1322 4831 reddite,
1365 4779 1484 4835 qua:
1529 4765 1700 4835 major
1739 4767 1855 4823 laus
1896 4779 2078 4836 esset,

497 4872 652 4928 quam
671 4856 905 4912 diruere.
929 4855 982 4912 Si
1005 4869 1109 4910 non
1126 4854 1280 4921 alios,
1301 4856 1555 4910 barbaros
1571 4858 1756 4912 saltem
1775 4859 2078 4926 imitamini,

1314 321 1370 375 S.
1409 319 1687 375 JOANNIS
1722 315 2198 375 CHRYSOSTOMI
2239 317 2559 380 ARCIllEP.
2600 323 3139 382 CONSTANTINOP.

3706 334 3805 387 ΕΒ

2227 436 2316 505 qui
2348 435 2649 505 hujusmodi
2675 438 2961 508 spectaculi
2986 435 3310 507 turpitudine
3335 451 3536 496 carent.
3559 442 3690 510 Qua:
3709 460 3804 503 no-

2225 524 2308 580 bis
2337 526 2494 596 igitur
2517 527 2768 595 deinceps
2797 529 3068 582 cxcusatio
3099 530 3200 584 erit
3222 571 3239 587 .
3265 544 3386 590 cum
3423 547 3520 587 nos
3557 535 3806 592 caelorum

2223 617 2402 682 cives,
2450 617 2873 672 Cherubinorum
2912 619 3079 674 choro
3119 606 3408 691 adscripti,
3449 626 3758 693 angelorum
3788 635 3807 659 δ

2223 719 2502 765 consortes
2521 752 2535 775 ,
2560 711 2803 769 barbaris
2832 713 2931 768 hac
2962 715 3016 769 in
3043 730 3102 768 re
3129 715 3337 785 pejores
3362 717 3530 773 simus
3549 760 3564 783 ,
3593 735 3711 774 cum
3742 722 3805 776 li-

2220 811 2343 856 ceat
2371 813 2652 857 sexcentas
2678 803 2810 857 alias
2839 803 2922 858 his
2949 805 3179 874 majores
3205 807 3500 876 voluptates
3531 810 3805 877 reperire?

2221 893 2276 949 Si
2303 895 2384 948 vis
2408 895 2549 948 enim
2579 897 2814 950 animum
2847 912 3092 952 recreare
3117 940 3131 959 .
3161 897 3294 954 vade
3329 899 3395 954 ad
3431 902 3666 970 potitaria
3691 945 3707 968 ,
3741 903 3804 960 ad

2220 986 2461 1053 ﬂuvium,
2486 987 2554 1042 ad
2580 1001 2798 1058 stagna:
2826 988 3010 1044 hortos
3035 991 3421 1061 contemplare,
3452 993 3664 1048 cicadas
3689 995 3806 1050 audi

2217 1089 2507 1147 canentes;
2547 1094 2841 1154 martyrum
2871 1084 3113 1154 sepulcra
3144 1085 3419 1154 frequenta
3449 1128 3461 1147 ,
3496 1087 3584 1139 ubi
3614 1103 3804 1158 corpo-

2218 1173 2294 1227 ris
2317 1172 2567 1228 valetudo
2587 1213 2604 1240 ,
2648 1174 2840 1229 anima:
2879 1175 3076 1230 utilitas
3095 1215 3112 1243 ,
3161 1176 3397 1246 nihilque
3423 1177 3640 1245 damni,
3669 1180 3806 1243 nulla

2219 1274 2338 1335 post
2367 1265 2562 1321 factum
2593 1267 2924 1336 paenitentia,
2955 1278 3013 1322 ut
3044 1280 3162 1337 post
3192 1269 3279 1324 illa
3311 1271 3635 1340 spectacula.
3663 1271 3802 1327 Uxo-

2217 1372 2331 1412 rem
2360 1356 2525 1412 habes
2544 1367 2596 1412 et
2617 1356 2753 1414 ﬁlios
2775 1375 2789 1412 :
2813 1375 2932 1429 qua:
2958 1359 3202 1428 voluptas
3227 1360 3346 1415 huic
3379 1376 3474 1430 par
3494 1363 3619 1416 est?
3640 1361 3804 1418 [labes

2216 1449 2431 1504 domum
2461 1460 2516 1506 et
2542 1451 2743 1506 amicos
2773 1468 2786 1504 :
2821 1452 2934 1505 haec
2957 1451 3212 1521 jucunda,
3240 1461 3433 1507 etcum
3459 1463 3808 1524 temperantur

2215 1557 2464 1612 magnum
2504 1541 2710 1596 lucrum
2755 1543 2981 1611 pariunt.
3035 1543 3172 1611 Quid
3213 1544 3390 1610 enim,
3419 1560 3604 1614 quaeso
3632 1588 3646 1610 ,
3689 1546 3804 1601 filiis

2210 1633 2536 1703 jucundius?
2560 1633 2686 1703 quid
2723 1650 2889 1688 uxore
2917 1633 3122 1689 dulcius
3159 1635 3224 1690 iis
3243 1676 3258 1699 ,
3287 1636 3378 1705 qui
3408 1637 3687 1692 continere
3712 1653 3800 1693 vo-

2217 1725 2368 1778 lunt?
2390 1724 2584 1780 Fertur
2609 1725 2958 1779 barbarorum
2981 1725 3179 1780 dictum
3209 1727 3542 1798 philosophia
3571 1731 3796 1800 plenum.

2215 1815 2346 1870 Nam
2372 1815 2440 1870 de
2471 1815 2690 1871 theatris
2719 1817 2822 1872 illis
2849 1818 3064 1887 iniquis,
3090 1828 3143 1872 et
3168 1817 3235 1872 de
3266 1821 3569 1888 importuna
3603 1821 3690 1876 illa
3715 1839 3800 1878 vo-

2213 1909 2415 1974 luptate
2452 1907 2730 1964 audientes
2771 1909 3020 1964 dicebant
3055 1927 3068 1964 :
3103 1909 3334 1964 Romani
3375 1925 3438 1966 ac
3483 1911 3530 1966 si
3575 1911 3712 1967 ﬁlios
3748 1925 3796 1970 et

2214 2015 2408 2054 uxores
2437 2015 2542 2053 non
2587 1999 2878 2066 haberent,
2923 1999 3016 2055 has
3056 2003 3430 2070 excogitavcre
3459 2003 3794 2073 voluptates:

2212 2091 2404 2160 quibus
2432 2091 2737 2154 ostendunt,
2769 2091 2897 2144 nihil
2926 2090 3133 2151 dulcius
3159 2107 3281 2147 esse
3312 2093 3434 2147 filiis
3465 2102 3521 2148 et
3545 2110 3726 2160 uxore,
3753 2096 3794 2149 si

2211 2183 2330 2252 quis
2356 2183 2578 2238 honeste
2605 2183 2781 2238 vivere
2808 2183 2950 2237 velit.
2980 2183 3116 2251 Quid
3148 2199 3277 2254 ergo
3301 2184 3346 2239 si
3376 2186 3656 2241 ostendam
3678 2229 3691 2249 .
3716 2188 3794 2242 in-

2211 2277 2382 2347 quies,
2409 2276 2539 2330 nihil
2560 2276 2738 2330 damni
2760 2291 2829 2329 ex
2859 2275 2961 2330 hac
2986 2276 3283 2346 frequentia
3310 2280 3626 2348 emergere?
3645 2279 3794 2335 Certe

2211 2367 2296 2422 vel
2323 2367 2425 2422 hoc
2451 2366 2624 2436 ipsum
2650 2367 2905 2422 danmum
2922 2378 3025 2435 est,
3049 2369 3165 2423 sine
3188 2385 3352 2428 causa
3369 2384 3434 2424 ac
3452 2379 3650 2425 temere
3673 2379 3794 2425 tetu-

2211 2475 2309 2530 pus
2350 2460 2619 2515 insumere
2642 2501 2658 2526 ,
2702 2467 2758 2515 et
2796 2460 2914 2514 aliis
2951 2459 3272 2515 oﬂendiculo
3301 2476 3444 2516 esse.
3490 2460 3622 2516 Nam
3662 2461 3709 2517 si
3741 2471 3790 2516 tu

2208 2554 2461 2610 damnum
2492 2569 2599 2609 non
2627 2553 2869 2625 patiaris,
2901 2553 3062 2608 alium
3093 2553 3251 2622 hujus
3279 2554 3574 2624 spectaculi
3600 2553 3790 2608 studio-

2208 2647 2404 2700 siorem
2427 2644 2628 2701 reddis.
2651 2643 2929 2713 Quomodo
2951 2654 3126 2699 autem
3149 2645 3402 2698 damnum
3423 2661 3530 2698 non
3560 2646 3785 2714 patiaris,

2207 2737 2296 2805 qui
2324 2735 2529 2806 pra:ch
2559 2731 2642 2789 his
2668 2734 2986 2804 spectaculis
3015 2735 3398 2790 occasionem?
3428 2734 3565 2790 Nam
3593 2735 3786 2804 pmsti-
3833 2719 3836 2722 ’

2207 2828 2398 2897 giator,
2432 2836 2715 2895 corruptus
2745 2841 2910 2896 puer,
2943 2825 3227 2880 fornicaria
3258 2826 3476 2891 mulier,
3507 2841 3786 2894 omnesque

2208 2918 2285 2972 illi
2311 2917 2558 2972 diabolici
2589 2916 2736 2971 chori
2768 2917 2827 2970 in
2847 2925 3008 2987 caput
3034 2927 3181 2971 tuum
3211 2931 3428 2972 causam
3471 2917 3784 2987 Spectaculo-

2207 3026 2323 3063 rum
2347 3020 2616 3080 regerunt.
2635 3009 3094 3078 Quemadmodum
3111 3009 3251 3064 enim
3276 3010 3322 3064 si
3343 3020 3670 3079 spectatores
3686 3027 3780 3065 non

2205 3113 2424 3169 essent,
2456 3117 2554 3158 nec
2582 3112 2764 3157 essent
2804 3103 2893 3174 qui
2924 3102 3079 3158 ludos
3103 3103 3410 3173 hujusmodi
3439 3104 3776 3159 exhiberem:

2204 3197 2282 3252 sic
2320 3197 2444 3266 quia
2485 3205 2815 3266 spectatores
2854 3203 3021 3262 sunt,
3064 3205 3120 3250 et
3164 3195 3264 3265 ipsi
3307 3206 3582 3266 gestorum
3620 3198 3780 3266 ignem

2203 3291 2522 3361 partiuntur.
2541 3289 2723 3360 Itaque
2741 3289 2863 3342 licet
2886 3289 3002 3343 sine
3019 3289 3278 3343 castitatis
3299 3290 3582 3358 dispendio
3599 3289 3647 3344 id
3663 3303 3776 3357 age-

2202 3397 2310 3446 res,
2340 3380 2392 3436 id
2417 3380 2558 3450 quod
2584 3388 2730 3435 certe
2758 3379 2875 3434 fieri
2905 3379 3122 3449 nequit,
3155 3381 3379 3434 aliorum
3409 3392 3584 3436 tamen
3612 3379 3777 3450 pernis

2201 3473 2301 3526 eiei
2329 3486 2518 3542 graves
2547 3469 2697 3526 dabis
2727 3485 2913 3540 pinnas
2932 3512 2947 3535 ,
2975 3471 3091 3526 sive
3121 3473 3477 3541 spectantium
3499 3513 3513 3538 ,
3537 3473 3645 3526 sive
3665 3487 3776 3540 spe-

2200 3563 2406 3618 ctacula
2457 3560 2751 3616 edentium.
2795 3563 2971 3632 Atque
3011 3563 3080 3616 ad
3125 3563 3428 3617 castitatem
3477 3561 3775 3618 servandam

2199 3657 2370 3727 majus
2397 3656 2604 3712 lucrum
2639 3655 2858 3711 fecisses
2879 3696 2894 3724 ,
2931 3656 2977 3712 si
3018 3656 3111 3712 illo
3139 3672 3244 3712 non
3277 3659 3540 3713 venisses.
3567 3657 3620 3713 Si
3643 3657 3771 3711 enim

2197 3760 2378 3806 castus
2408 3764 2551 3805 nunc
2579 3763 2642 3804 es
2664 3789 2679 3814 ,
2709 3748 2878 3803 multo
2901 3749 3099 3804 castior
3123 3764 3272 3804 esses
3298 3749 3341 3804 si
3368 3749 3665 3819 spectacula
3689 3748 3769 3802 illa

2201 3845 2440 3900 vitasses.
2466 3843 2543 3899 Ne
2563 3843 2740 3914 itaque
2761 3843 3017 3900 inutiliter
3035 3845 3448 3913 contendamus,
3475 3862 3639 3916 neque
3659 3847 3767 3900 inu-

2196 3939 2319 3994 tiles
2341 3937 2681 3994 defensiones
2707 3938 3091 4008 excogitemus.
3119 3937 3236 3994 Una
3268 3939 3511 3994 defensio
3540 3951 3591 3993 et
3617 3954 3764 3994 excu-

2195 4032 2332 4087 satio
2356 4039 2460 4096 est,
2487 4031 2532 4085 si
2563 4029 2826 4100 fugiamus
2854 4029 3125 4085 fornacem
3159 4029 3558 4099 Babylonicam,
3586 4031 3627 4084 si
3658 4046 3764 4098 pro-

2195 4123 2281 4178 cul
2317 4123 2385 4177 ab
2421 4122 2669 4194 [Egyptia
2706 4121 2990 4177 meretrice
3034 4121 3289 4191 degamus
3311 4165 3326 4187 ,
3357 4124 3569 4178 etiamsi
3610 4121 3767 4177 nudos

2194 4220 2440 4284 oporteat
2472 4207 2540 4267 ab
2569 4211 2661 4268 illa
2689 4213 2946 4282 eﬂ‘ugere.
2987 4211 3060 4266 Ita
3093 4213 3235 4268 enim
3265 4224 3320 4269 et
3349 4215 3515 4268 multa
3544 4217 3761 4269 fruemur

2191 4308 2486 4376 voluptate,
2513 4306 2836 4361 conscientia
2868 4320 2969 4361 nos
2994 4320 3098 4360 non
3128 4317 3434 4374 accusante,
3464 4315 3759 4378 praesentem

2193 4401 2352 4454 vitam
2392 4407 2538 4454 caste
2574 4413 2792 4468 agemus
2815 4439 2830 4463 ,
2871 4397 3152 4468 futuraque
3191 4398 3327 4453 bona
3367 4412 3753 4468 consequemur,

2191 4492 2363 4562 gratia
2388 4500 2443 4546 et
2471 4490 2796 4560 benignitate
2825 4489 3034 4544 Domini
3073 4490 3237 4544 nostri
3275 4489 3403 4544 Jesu
3429 4490 3651 4555 Christi,
3679 4487 3753 4541 cui

2188 4583 2357 4653 gloria
2386 4591 2440 4637 et
2465 4581 2769 4651 imperium,
2799 4595 2940 4662 nunc
2964 4591 3019 4636 et
3039 4596 3272 4651 semper,
3295 4595 3348 4637 ct
3372 4581 3428 4636 in
3457 4582 3642 4638 szecula
3666 4594 3754 4634 sa:-

2188 4675 2448 4731 culorum.
2480 4674 2668 4728 Amen.

2250 4812 2268 4843 ί
2303 4808 2520 4871 Nonnulli
2542 4809 2753 4871 habent,
2775 4805 3194 4871 archangelorum,
3215 4820 3318 4868 pro,
3343 4805 3634 4871 angelorum.
3657 4809 3743 4853 Mos

2188 4872 2352 4934 tidem,
2373 4869 2591 4921 barbaris
2614 4869 2706 4920 hac
2726 4870 2779 4920 in
2799 4883 2852 4919 re
2871 4867 3058 4932 pejores
3079 4867 3347 4922 videamur.

499 5000 3709 5026 ww

1525 5088 1870 5151 IIOMILIA
1907 5092 2266 5163 XXXVIII.
2309 5091 2396 5152 a1.
2437 5089 2745 5153 XXXIX.

491 5231 620 5286 Car.
651 5232 737 5285 ll.
761 5247 813 5287 v.
841 5231 932 5285 ‘25.
963 5229 1029 5283 In
1054 5231 1142 5284 illo
1167 5239 1389 5298 tempore
1411 5232 1718 5301 respondens
1735 5231 1886 5287 Jesus
1909 5236 2072 5290 dixit:

562 5322 817 5390 Conﬁteor
845 5322 952 5387 tibi,
978 5321 1151 5388 Pater,
1177 5319 1390 5374 Domine
1409 5321 1522 5376 cwli
1540 5331 1586 5376 et
1607 5333 1780 5389 terra,
1809 5326 1929 5393 quia
1953 5325 2073 5380 abs-

560 5415 775 5470 condisti
801 5417 906 5469 huic
927 5431 960 5468 a
984 5413 1290 5486 sapientibus
1315 5423 1363 5468 et
1394 5415 1741 5483 prudentibus,
1771 5426 1820 5470 et
1844 5418 2074 5473 revelasti

557 5522 616 5560 ea
650 5505 894 5576 parvulis.
935 5504 1029 5560 26.
1069 5505 1158 5560 Ita
1180 5547 1196 5574 ,
1237 5503 1412 5572 Pater,
1446 5508 1567 5576 quia
1601 5507 1673 5561 sic
1698 5509 1795 5578 fuit
1830 5510 2072 5579 placitum

554 5607 673 5651 ante
695 5606 762 5651 ιε.
1889 5669 1893 5672 _

557 5690 609 5742 l.
627 5687 762 5743 Vide
789 5698 920 5758 quot
946 5689 1264 5759 quantisque
1289 5689 1462 5744 modis
1489 5689 1608 5744 il'os
1633 5691 1700 5744 ad
1723 5691 1877 5746 fidem
1901 5692 2068 5748 dedu-

481 5786 589 5841 cat.
616 5777 798 5844 Primo
819 5819 836 5846 ,
869 5795 961 5850 per
985 5780 1203 5836 Joannis
1233 5780 1435 5838 laudes.
1461 5780 1595 5845 Nam
1622 5797 1744 5839 cum
1774 5785 2066 5846 ostenderit

2179 5251 2302 5290 eum
2339 5249 2589 5304 magnum
2625 5233 3030 5305 mirabilemque
3057 5249 3176 5290 esse
3198 5275 3213 5298 ,
3237 5235 3354 5304 ejus
3379 5235 3521 5290 dicta
3542 5243 3595 5289 et
3617 5230 3735 5286 facta

2181 5325 2287 5380 fide
2316 5325 2476 5395 digna
2505 5339 2625 5380 esse
2651 5325 2929 5394 probavit,
2960 5340 3058 5394 per
3085 5341 3206 5396 qua:
3233 5326 3351 5381 illos
3375 5325 3438 5380 ad
3468 5324 3547 5379 sui
3570 5320 3731 5392 cogni-

2181 5417 2376 5471 tionem
2393 5416 2630 5490 attraxit.
2653 5416 2921 5484 Secundo,
2946 5417 3087 5488 quod
3112 5417 3326 5484 dixerit,
3354 5417 3573 5489 Regnum
3597 5413 3728 5468 calo-

2177 5525 2291 5562 rum
2315 5496 2416 5563 vim
2450 5510 2663 5579 patitur,
2694 5519 2741 5564 et
2768 5509 2973 5564 violenti
3005 5510 3211 5579 rapiunt
3249 5511 3378 5564 illud
3403 5509 3420 5581 (
3445 5507 3614 5561 Manli.
3653 5504 3725 5558 11.

2179 5600 2301 5671 12).
2334 5600 2446 5655 Hoc
2488 5602 2630 5656 enim
2671 5601 2938 5656 incitantis
2966 5611 3020 5656 et
3053 5602 3373 5670 impellentis
3409 5609 3507 5654 est.
3538 5595 3724 5657 Tertio,

2175 5693 2316 5763 quod
2342 5693 2789 5749 dcmonstraverit
2820 5693 3194 5763 prophetarum
3227 5693 3365 5748 dicta
3400 5689 3571 5745 omnia
3596 5699 3721 5740 com-

2176 5786 2314 5858 υιεῑθ
2338 5803 2478 5845 οδεθο
2507 5787 2641 5844 Nam
2670 5784 2795 5851 hinc
2833 5786 3136 5853 declaratur
3162 5787 3338 5858 ipsum~
3361 5783 3427 5840 ab
3451 5782 3549 5848 illis
3581 5776 3720 5833 fuisse
