  <div class='ocr_page' id='page_1' title='image "/cluster/home/n/w/nwhite01/storage/ocr_20150623/57/nnc1.0046980075/356.png"; bbox 0 0 4074 6358; ppageno 0'>
   <div class='ocr_carea' id='block_1_1' title="bbox 301 419 403 473">
    <p class='ocr_par' dir='ltr' id='par_1_1' title="bbox 301 419 403 473">
     <span class='ocr_line' id='line_1_1' title="bbox 301 419 403 473; baseline 0 0"><span class='ocrx_word' id='word_1_1' title='bbox 301 419 403 473; x_wconf 65' lang='grc' dir='ltr'><strong>λεί)</strong></span> 
     </span>
    </p>
   </div>
   <div class='ocr_carea' id='block_1_2' title="bbox 301 522 1884 600">
    <p class='ocr_par' dir='ltr' id='par_1_2' title="bbox 301 522 1884 600">
     <span class='ocr_line' id='line_1_2' title="bbox 301 522 1884 600; baseline -0.006 -16"><span class='ocrx_word' id='word_1_2' title='bbox 301 531 733 600; x_wconf 69' lang='lat' dir='ltr'><strong>pra-nuntiatum.</strong></span> <span class='ocrx_word' id='word_1_3' title='bbox 754 529 973 595; x_wconf 85' lang='lat' dir='ltr'><strong>Quarto,</strong></span> <span class='ocrx_word' id='word_1_4' title='bbox 990 527 1130 597; x_wconf 88' lang='lat' dir='ltr'><strong>quod</strong></span> <span class='ocrx_word' id='word_1_5' title='bbox 1149 528 1441 583; x_wconf 89' lang='lat' dir='ltr'><strong>ostenderit</strong></span> <span class='ocrx_word' id='word_1_6' title='bbox 1460 527 1635 580; x_wconf 85' lang='lat' dir='ltr'><strong>omnia</strong></span> <span class='ocrx_word' id='word_1_7' title='bbox 1649 524 1715 577; x_wconf 92' lang='lat' dir='ltr'><strong>ab</strong></span> <span class='ocrx_word' id='word_1_8' title='bbox 1733 539 1790 577; x_wconf 88' lang='lat' dir='ltr'><strong>se</strong></span> <span class='ocrx_word' id='word_1_9' title='bbox 1807 522 1884 575; x_wconf 89' lang='lat' dir='ltr'><strong>fa-</strong></span> 
     </span>
    </p>
   </div>
   <div class='ocr_carea' id='block_1_3' title="bbox 296 620 1887 692">
    <p class='ocr_par' dir='ltr' id='par_1_3' title="bbox 296 620 1887 692">
     <span class='ocr_line' id='line_1_3' title="bbox 296 620 1887 692; baseline -0.004 -15"><span class='ocrx_word' id='word_1_10' title='bbox 296 636 377 678; x_wconf 86' lang='lat' dir='ltr'><strong>cta</strong></span> <span class='ocrx_word' id='word_1_11' title='bbox 403 639 522 676; x_wconf 89' lang='lat' dir='ltr'><strong>esse</strong></span> <span class='ocrx_word' id='word_1_12' title='bbox 539 638 656 692; x_wconf 78' lang='lat' dir='ltr'><strong>qua:</strong></span> <span class='ocrx_word' id='word_1_13' title='bbox 678 624 789 675; x_wconf 89' lang='lat' dir='ltr'><strong>fieri</strong></span> <span class='ocrx_word' id='word_1_14' title='bbox 808 620 1104 690; x_wconf 72' lang='lat' dir='ltr'><strong>Oportebat,</strong></span> <span class='ocrx_word' id='word_1_15' title='bbox 1122 620 1335 689; x_wconf 82' lang='lat' dir='ltr'><strong>quando</strong></span> <span class='ocrx_word' id='word_1_16' title='bbox 1355 626 1411 673; x_wconf 90' lang='lat' dir='ltr'><strong>et</strong></span> <span class='ocrx_word' id='word_1_17' title='bbox 1430 633 1710 687; x_wconf 89' lang='lat' dir='ltr'><strong>puerorum</strong></span> <span class='ocrx_word' id='word_1_18' title='bbox 1736 632 1887 686; x_wconf 87' lang='lat' dir='ltr'><strong>para-</strong></span> 
     </span>
    </p>
   </div>
   <div class='ocr_carea' id='block_1_4' title="bbox 296 701 1883 779">
    <p class='ocr_par' dir='ltr' id='par_1_4' title="bbox 296 701 1883 779">
     <span class='ocr_line' id='line_1_4' title="bbox 296 701 1883 779; baseline -0.004 -11"><span class='ocrx_word' id='word_1_19' title='bbox 296 714 474 768; x_wconf 88' lang='lat' dir='ltr'><strong>bolam</strong></span> <span class='ocrx_word' id='word_1_20' title='bbox 497 716 833 767; x_wconf 82' lang='lat' dir='ltr'><strong>memoravit.</strong></span> <span class='ocrx_word' id='word_1_21' title='bbox 850 712 1065 779; x_wconf 84' lang='lat' dir='ltr'><strong>Quinto,</strong></span> <span class='ocrx_word' id='word_1_22' title='bbox 1083 727 1201 764; x_wconf 90' lang='lat' dir='ltr'><strong>cum</strong></span> <span class='ocrx_word' id='word_1_23' title='bbox 1220 709 1505 764; x_wconf 77' lang='lat' dir='ltr'><strong>incredulis</strong></span> <span class='ocrx_word' id='word_1_24' title='bbox 1524 701 1883 778; x_wconf 79' lang='lat' dir='ltr'><strong>exprobravit,</strong></span> 
     </span>
    </p>
   </div>
   <div class='ocr_carea' id='block_1_5' title="bbox 297 799 1885 875">
    <p class='ocr_par' dir='ltr' id='par_1_5' title="bbox 297 799 1885 875">
     <span class='ocr_line' id='line_1_5' title="bbox 297 799 1885 875; baseline -0.004 -16"><span class='ocrx_word' id='word_1_25' title='bbox 297 807 592 861; x_wconf 74' lang='lat' dir='ltr'><strong>terroribus</strong></span> <span class='ocrx_word' id='word_1_26' title='bbox 604 816 761 875; x_wconf 88' lang='lat' dir='ltr'><strong>atque</strong></span> <span class='ocrx_word' id='word_1_27' title='bbox 778 806 936 857; x_wconf 85' lang='lat' dir='ltr'><strong>minis</strong></span> <span class='ocrx_word' id='word_1_28' title='bbox 952 803 1163 857; x_wconf 89' lang='lat' dir='ltr'><strong>additis.</strong></span> <span class='ocrx_word' id='word_1_29' title='bbox 1181 802 1363 864; x_wconf 76' lang='lat' dir='ltr'><strong>Sexto,</strong></span> <span class='ocrx_word' id='word_1_30' title='bbox 1381 817 1497 855; x_wconf 93' lang='lat' dir='ltr'><strong>cum</strong></span> <span class='ocrx_word' id='word_1_31' title='bbox 1519 818 1613 871; x_wconf 88' lang='lat' dir='ltr'><strong>pro</strong></span> <span class='ocrx_word' id='word_1_32' title='bbox 1627 799 1885 855; x_wconf 64' lang='lat' dir='ltr'><strong>credentiv</strong></span> 
     </span>
    </p>
   </div>
   <div class='ocr_carea' id='block_1_6' title="bbox 296 892 1879 965">
    <p class='ocr_par' dir='ltr' id='par_1_6' title="bbox 296 892 1879 965">
     <span class='ocr_line' id='line_1_6' title="bbox 296 892 1879 965; baseline -0.004 -16"><span class='ocrx_word' id='word_1_33' title='bbox 296 895 397 949; x_wconf 91' lang='lat' dir='ltr'><strong>bus</strong></span> <span class='ocrx_word' id='word_1_34' title='bbox 418 896 615 965; x_wconf 88' lang='lat' dir='ltr'><strong>gratias</strong></span> <span class='ocrx_word' id='word_1_35' title='bbox 635 897 760 965; x_wconf 89' lang='lat' dir='ltr'><strong>agit.</strong></span> <span class='ocrx_word' id='word_1_36' title='bbox 786 894 913 949; x_wconf 88' lang='lat' dir='ltr'><strong>Nam</strong></span> <span class='ocrx_word' id='word_1_37' title='bbox 933 894 1081 957; x_wconf 93' lang='lat' dir='ltr'><strong>illud,</strong></span> <span class='ocrx_word' id='word_1_38' title='bbox 1100 892 1474 960; x_wconf 79' lang='lat' dir='ltr'><strong>Conﬁteortibi,</strong></span> <span class='ocrx_word' id='word_1_39' title='bbox 1502 892 1585 945; x_wconf 90' lang='lat' dir='ltr'><strong>hic</strong></span> <span class='ocrx_word' id='word_1_40' title='bbox 1598 892 1879 959; x_wconf 74' lang='lat' dir='ltr'><strong>significat,</strong></span> 
     </span>
    </p>
   </div>
   <div class='ocr_carea' id='block_1_7' title="bbox 294 982 1884 1055">
    <p class='ocr_par' dir='ltr' id='par_1_7' title="bbox 294 982 1884 1055">
     <span class='ocr_line' id='line_1_7' title="bbox 294 982 1884 1055; baseline -0.004 -14"><span class='ocrx_word' id='word_1_41' title='bbox 294 986 508 1042; x_wconf 81' lang='lat' dir='ltr'><strong>Gratias</strong></span> <span class='ocrx_word' id='word_1_42' title='bbox 532 1003 632 1055; x_wconf 90' lang='lat' dir='ltr'><strong>ago</strong></span> <span class='ocrx_word' id='word_1_43' title='bbox 662 987 788 1042; x_wconf 87' lang='lat' dir='ltr'><strong>tibi:</strong></span> <span class='ocrx_word' id='word_1_44' title='bbox 813 986 1023 1041; x_wconf 86' lang='lat' dir='ltr'><strong>Gratias</strong></span> <span class='ocrx_word' id='word_1_45' title='bbox 1052 1002 1172 1055; x_wconf 90' lang='lat' dir='ltr'><strong>ago,</strong></span> <span class='ocrx_word' id='word_1_46' title='bbox 1197 986 1384 1053; x_wconf 87' lang='lat' dir='ltr'><strong>inquit,</strong></span> <span class='ocrx_word' id='word_1_47' title='bbox 1418 984 1550 1051; x_wconf 83' lang='lat' dir='ltr'><strong>Quia</strong></span> <span class='ocrx_word' id='word_1_48' title='bbox 1580 982 1884 1035; x_wconf 87' lang='lat' dir='ltr'><strong>abscondisti</strong></span> 
     </span>
    </p>
   </div>
   <div class='ocr_carea' id='block_1_8' title="bbox 296 1074 1880 1150">
    <p class='ocr_par' dir='ltr' id='par_1_8' title="bbox 296 1074 1880 1150">
     <span class='ocr_line' id='line_1_8' title="bbox 296 1074 1880 1150; baseline -0.003 -18"><span class='ocrx_word' id='word_1_49' title='bbox 296 1081 445 1133; x_wconf 75' lang='lat' dir='ltr'><strong>luth</strong></span> <span class='ocrx_word' id='word_1_50' title='bbox 462 1081 769 1150; x_wconf 75' lang='lat' dir='ltr'><strong>sapientibus</strong></span> <span class='ocrx_word' id='word_1_51' title='bbox 790 1091 834 1133; x_wconf 89' lang='lat' dir='ltr'><strong>et</strong></span> <span class='ocrx_word' id='word_1_52' title='bbox 852 1079 1196 1149; x_wconf 74' lang='lat' dir='ltr'><strong>prudentibus.</strong></span> <span class='ocrx_word' id='word_1_53' title='bbox 1217 1076 1351 1143; x_wconf 82' lang='lat' dir='ltr'><strong>Quid</strong></span> <span class='ocrx_word' id='word_1_54' title='bbox 1377 1076 1572 1146; x_wconf 80' lang='lat' dir='ltr'><strong>igitur?</strong></span> <span class='ocrx_word' id='word_1_55' title='bbox 1589 1091 1653 1128; x_wconf 90' lang='lat' dir='ltr'><strong>au</strong></span> <span class='ocrx_word' id='word_1_56' title='bbox 1677 1074 1742 1129; x_wconf 91' lang='lat' dir='ltr'><strong>de</strong></span> <span class='ocrx_word' id='word_1_57' title='bbox 1762 1090 1880 1141; x_wconf 79' lang='lat' dir='ltr'><strong>per-</strong></span> 
     </span>
    </p>
   </div>
   <div class='ocr_carea' id='block_1_9' title="bbox 294 1165 1881 1241">
    <p class='ocr_par' dir='ltr' id='par_1_9' title="bbox 294 1165 1881 1241">
     <span class='ocr_line' id='line_1_9' title="bbox 294 1165 1881 1241; baseline -0.004 -15"><span class='ocrx_word' id='word_1_58' title='bbox 294 1172 435 1226; x_wconf 84' lang='lat' dir='ltr'><strong>nicie</strong></span> <span class='ocrx_word' id='word_1_59' title='bbox 462 1171 690 1241; x_wconf 88' lang='lat' dir='ltr'><strong>gaudet,</strong></span> <span class='ocrx_word' id='word_1_60' title='bbox 721 1180 773 1225; x_wconf 89' lang='lat' dir='ltr'><strong>et</strong></span> <span class='ocrx_word' id='word_1_61' title='bbox 798 1170 936 1240; x_wconf 90' lang='lat' dir='ltr'><strong>quod</strong></span> <span class='ocrx_word' id='word_1_62' title='bbox 968 1170 1041 1224; x_wconf 86' lang='lat' dir='ltr'><strong>illi</strong></span> <span class='ocrx_word' id='word_1_63' title='bbox 1070 1170 1184 1224; x_wconf 77' lang='lat' dir='ltr'><strong>ll:l‘C</strong></span> <span class='ocrx_word' id='word_1_64' title='bbox 1214 1167 1493 1222; x_wconf 85' lang='lat' dir='ltr'><strong>noverint?</strong></span> <span class='ocrx_word' id='word_1_65' title='bbox 1522 1167 1731 1221; x_wconf 81' lang='lat' dir='ltr'><strong>Minime</strong></span> <span class='ocrx_word' id='word_1_66' title='bbox 1753 1185 1764 1218; x_wconf 92' lang='lat'><strong>:</strong></span> <span class='ocrx_word' id='word_1_67' title='bbox 1788 1165 1881 1220; x_wconf 89' lang='lat' dir='ltr'><strong>sed</strong></span> 
     </span>
    </p>
   </div>
   <div class='ocr_carea' id='block_1_10' title="bbox 295 1260 1883 1332">
    <p class='ocr_par' dir='ltr' id='par_1_10' title="bbox 295 1260 1883 1332">
     <span class='ocr_line' id='line_1_10' title="bbox 295 1260 1883 1332; baseline -0.004 -13"><span class='ocrx_word' id='word_1_68' title='bbox 295 1264 412 1319; x_wconf 68' lang='lat' dir='ltr'><strong>bazc</strong></span> <span class='ocrx_word' id='word_1_69' title='bbox 432 1273 517 1319; x_wconf 90' lang='lat' dir='ltr'><strong>est</strong></span> <span class='ocrx_word' id='word_1_70' title='bbox 538 1264 724 1318; x_wconf 90' lang='lat' dir='ltr'><strong>salutis</strong></span> <span class='ocrx_word' id='word_1_71' title='bbox 751 1266 833 1317; x_wconf 85' lang='lat' dir='ltr'><strong>via</strong></span> <span class='ocrx_word' id='word_1_72' title='bbox 861 1264 1082 1331; x_wconf 88' lang='lat' dir='ltr'><strong>optima,</strong></span> <span class='ocrx_word' id='word_1_73' title='bbox 1111 1272 1166 1317; x_wconf 92' lang='lat' dir='ltr'><strong>ut</strong></span> <span class='ocrx_word' id='word_1_74' title='bbox 1193 1263 1280 1332; x_wconf 87' lang='lat' dir='ltr'><strong>qui</strong></span> <span class='ocrx_word' id='word_1_75' title='bbox 1310 1272 1585 1331; x_wconf 88' lang='lat' dir='ltr'><strong>respuunt,</strong></span> <span class='ocrx_word' id='word_1_76' title='bbox 1615 1271 1670 1314; x_wconf 92' lang='lat' dir='ltr'><strong>et</strong></span> <span class='ocrx_word' id='word_1_77' title='bbox 1699 1260 1883 1314; x_wconf 90' lang='lat' dir='ltr'><strong>nolunt</strong></span> 
     </span>
    </p>
   </div>
   <div class='ocr_carea' id='block_1_11' title="bbox 293 1357 1879 1427">
    <p class='ocr_par' dir='ltr' id='par_1_11' title="bbox 293 1357 1879 1427">
     <span class='ocr_line' id='line_1_11' title="bbox 293 1357 1879 1427; baseline -0.001 -16"><span class='ocrx_word' id='word_1_78' title='bbox 293 1373 356 1411; x_wconf 88' lang='lat' dir='ltr'><strong>ea</strong></span> <span class='ocrx_word' id='word_1_79' title='bbox 372 1372 493 1427; x_wconf 74' lang='lat' dir='ltr'><strong>qua:</strong></span> <span class='ocrx_word' id='word_1_80' title='bbox 507 1357 752 1411; x_wconf 88' lang='lat' dir='ltr'><strong>dicuntur</strong></span> <span class='ocrx_word' id='word_1_81' title='bbox 768 1358 1055 1425; x_wconf 86' lang='lat' dir='ltr'><strong>suscipere,</strong></span> <span class='ocrx_word' id='word_1_82' title='bbox 1074 1357 1217 1410; x_wconf 92' lang='lat' dir='ltr'><strong>nullo</strong></span> <span class='ocrx_word' id='word_1_83' title='bbox 1232 1365 1385 1425; x_wconf 88' lang='lat' dir='ltr'><strong>pacto</strong></span> <span class='ocrx_word' id='word_1_84' title='bbox 1396 1366 1671 1425; x_wconf 84' lang='lat' dir='ltr'><strong>cogantur,</strong></span> <span class='ocrx_word' id='word_1_85' title='bbox 1688 1363 1744 1408; x_wconf 93' lang='lat' dir='ltr'><strong>ut</strong></span> <span class='ocrx_word' id='word_1_86' title='bbox 1756 1357 1879 1426; x_wconf 84' lang='lat' dir='ltr'><strong>quia</strong></span> 
     </span>
    </p>
   </div>
   <div class='ocr_carea' id='block_1_12' title="bbox 294 1448 1879 1509">
    <p class='ocr_par' dir='ltr' id='par_1_12' title="bbox 294 1448 1879 1509">
     <span class='ocr_line' id='line_1_12' title="bbox 294 1448 1879 1509; baseline 0.001 -8"><span class='ocrx_word' id='word_1_87' title='bbox 294 1448 468 1502; x_wconf 83' lang='lat' dir='ltr'><strong>vocati</strong></span> <span class='ocrx_word' id='word_1_88' title='bbox 491 1465 597 1503; x_wconf 91' lang='lat' dir='ltr'><strong>non</strong></span> <span class='ocrx_word' id='word_1_89' title='bbox 623 1448 876 1502; x_wconf 89' lang='lat' dir='ltr'><strong>meliores</strong></span> <span class='ocrx_word' id='word_1_90' title='bbox 897 1448 1018 1502; x_wconf 88' lang='lat' dir='ltr'><strong>facti</strong></span> <span class='ocrx_word' id='word_1_91' title='bbox 1058 1460 1200 1509; x_wconf 88' lang='lat' dir='ltr'><strong>sunt,</strong></span> <span class='ocrx_word' id='word_1_92' title='bbox 1224 1449 1317 1503; x_wconf 91' lang='lat' dir='ltr'><strong>sed</strong></span> <span class='ocrx_word' id='word_1_93' title='bbox 1341 1450 1638 1503; x_wconf 89' lang='lat' dir='ltr'><strong>reciderunt</strong></span> <span class='ocrx_word' id='word_1_94' title='bbox 1668 1460 1722 1504; x_wconf 91' lang='lat' dir='ltr'><strong>et</strong></span> <span class='ocrx_word' id='word_1_95' title='bbox 1748 1466 1879 1503; x_wconf 84' lang='lat' dir='ltr'><strong>con-</strong></span> 
     </span>
    </p>
   </div>
   <div class='ocr_carea' id='block_1_13' title="bbox 293 1539 1881 1609">
    <p class='ocr_par' dir='ltr' id='par_1_13' title="bbox 293 1539 1881 1609">
     <span class='ocr_line' id='line_1_13' title="bbox 293 1539 1881 1609; baseline 0.002 -17"><span class='ocrx_word' id='word_1_96' title='bbox 293 1547 648 1609; x_wconf 87' lang='lat' dir='ltr'><strong>tempserunt,</strong></span> <span class='ocrx_word' id='word_1_97' title='bbox 666 1539 806 1608; x_wconf 87' lang='lat' dir='ltr'><strong>quod</strong></span> <span class='ocrx_word' id='word_1_98' title='bbox 824 1556 881 1594; x_wconf 90' lang='lat' dir='ltr'><strong>se</strong></span> <span class='ocrx_word' id='word_1_99' title='bbox 897 1540 1123 1609; x_wconf 84' lang='lat' dir='ltr'><strong>rejectos</strong></span> <span class='ocrx_word' id='word_1_100' title='bbox 1139 1541 1375 1605; x_wconf 84' lang='lat' dir='ltr'><strong>videant,</strong></span> <span class='ocrx_word' id='word_1_101' title='bbox 1395 1542 1444 1594; x_wconf 93' lang='lat' dir='ltr'><strong>in</strong></span> <span class='ocrx_word' id='word_1_102' title='bbox 1466 1541 1652 1594; x_wconf 88' lang='lat' dir='ltr'><strong>borum</strong></span> <span class='ocrx_word' id='word_1_103' title='bbox 1672 1540 1881 1595; x_wconf 89' lang='lat' dir='ltr'><strong>deside-</strong></span> 
     </span>
    </p>
   </div>
   <div class='ocr_carea' id='block_1_14' title="bbox 293 1629 1876 1702">
    <p class='ocr_par' dir='ltr' id='par_1_14' title="bbox 293 1629 1876 1702">
     <span class='ocr_line' id='line_1_14' title="bbox 293 1629 1876 1702; baseline 0.003 -19"><span class='ocrx_word' id='word_1_104' title='bbox 293 1631 431 1683; x_wconf 93' lang='lat' dir='ltr'><strong>rium</strong></span> <span class='ocrx_word' id='word_1_105' title='bbox 450 1629 801 1684; x_wconf 87' lang='lat' dir='ltr'><strong>adducantur.</strong></span> <span class='ocrx_word' id='word_1_106' title='bbox 824 1629 897 1684; x_wconf 88' lang='lat' dir='ltr'><strong>Ita</strong></span> <span class='ocrx_word' id='word_1_107' title='bbox 916 1632 1055 1685; x_wconf 92' lang='lat' dir='ltr'><strong>enim</strong></span> <span class='ocrx_word' id='word_1_108' title='bbox 1084 1632 1140 1697; x_wconf 91' lang='lat' dir='ltr'><strong>ii,</strong></span> <span class='ocrx_word' id='word_1_109' title='bbox 1164 1632 1252 1702; x_wconf 89' lang='lat' dir='ltr'><strong>qui</strong></span> <span class='ocrx_word' id='word_1_110' title='bbox 1279 1632 1512 1685; x_wconf 92' lang='lat' dir='ltr'><strong>animum</strong></span> <span class='ocrx_word' id='word_1_111' title='bbox 1540 1632 1876 1699; x_wconf 84' lang='lat' dir='ltr'><strong>adhiberent,</strong></span> 
     </span>
    </p>
   </div>
   <div class='ocr_carea' id='block_1_15' title="bbox 292 1720 1875 1792">
    <p class='ocr_par' dir='ltr' id='par_1_15' title="bbox 292 1720 1875 1792">
     <span class='ocr_line' id='line_1_15' title="bbox 292 1720 1875 1792; baseline 0.003 -18"><span class='ocrx_word' id='word_1_112' title='bbox 292 1720 644 1775; x_wconf 88' lang='lat' dir='ltr'><strong>studiosiores</strong></span> <span class='ocrx_word' id='word_1_113' title='bbox 675 1721 831 1775; x_wconf 90' lang='lat' dir='ltr'><strong>futuri</strong></span> <span class='ocrx_word' id='word_1_114' title='bbox 863 1732 1034 1775; x_wconf 89' lang='lat' dir='ltr'><strong>erant.</strong></span> <span class='ocrx_word' id='word_1_115' title='bbox 1065 1722 1197 1777; x_wconf 88' lang='lat' dir='ltr'><strong>Nam</strong></span> <span class='ocrx_word' id='word_1_116' title='bbox 1226 1725 1363 1792; x_wconf 89' lang='lat' dir='ltr'><strong>quod</strong></span> <span class='ocrx_word' id='word_1_117' title='bbox 1389 1740 1449 1778; x_wconf 91' lang='lat' dir='ltr'><strong>ea</strong></span> <span class='ocrx_word' id='word_1_118' title='bbox 1476 1724 1605 1792; x_wconf 84' lang='lat' dir='ltr'><strong>ipsis</strong></span> <span class='ocrx_word' id='word_1_119' title='bbox 1628 1726 1875 1779; x_wconf 81' lang='lat' dir='ltr'><strong>revolen-</strong></span> 
     </span>
    </p>
   </div>
   <div class='ocr_carea' id='block_1_16' title="bbox 294 1812 1880 1885">
    <p class='ocr_par' dir='ltr' id='par_1_16' title="bbox 294 1812 1880 1885">
     <span class='ocr_line' id='line_1_16' title="bbox 294 1812 1880 1885; baseline 0.004 -20"><span class='ocrx_word' id='word_1_120' title='bbox 294 1822 400 1877; x_wconf 88' lang='lat' dir='ltr'><strong>tur,</strong></span> <span class='ocrx_word' id='word_1_121' title='bbox 425 1812 477 1867; x_wconf 92' lang='lat' dir='ltr'><strong>id</strong></span> <span class='ocrx_word' id='word_1_122' title='bbox 502 1814 624 1883; x_wconf 88' lang='lat' dir='ltr'><strong>jure</strong></span> <span class='ocrx_word' id='word_1_123' title='bbox 648 1815 894 1884; x_wconf 83' lang='lat' dir='ltr'><strong>gaudium</strong></span> <span class='ocrx_word' id='word_1_124' title='bbox 929 1814 1097 1883; x_wconf 90' lang='lat' dir='ltr'><strong>pariat</strong></span> <span class='ocrx_word' id='word_1_125' title='bbox 1123 1834 1135 1868; x_wconf 93' lang='lat'>:</span> <span class='ocrx_word' id='word_1_126' title='bbox 1163 1815 1304 1885; x_wconf 90' lang='lat' dir='ltr'><strong>quod</strong></span> <span class='ocrx_word' id='word_1_127' title='bbox 1334 1831 1461 1870; x_wconf 89' lang='lat' dir='ltr'><strong>vero</strong></span> <span class='ocrx_word' id='word_1_128' title='bbox 1488 1816 1880 1871; x_wconf 87' lang='lat' dir='ltr'><strong>abscondantur</strong></span> 
     </span>
    </p>
   </div>
   <div class='ocr_carea' id='block_1_17' title="bbox 294 1904 1877 1976">
    <p class='ocr_par' dir='ltr' id='par_1_17' title="bbox 294 1904 1877 1976">
     <span class='ocr_line' id='line_1_17' title="bbox 294 1904 1877 1976; baseline 0.003 -19"><span class='ocrx_word' id='word_1_129' title='bbox 294 1904 417 1970; x_wconf 89' lang='lat' dir='ltr'><strong>illis,</strong></span> <span class='ocrx_word' id='word_1_130' title='bbox 448 1920 554 1958; x_wconf 91' lang='lat' dir='ltr'><strong>non</strong></span> <span class='ocrx_word' id='word_1_131' title='bbox 577 1905 791 1975; x_wconf 88' lang='lat' dir='ltr'><strong>gaudio,</strong></span> <span class='ocrx_word' id='word_1_132' title='bbox 821 1905 915 1960; x_wconf 92' lang='lat' dir='ltr'><strong>sed</strong></span> <span class='ocrx_word' id='word_1_133' title='bbox 943 1906 1192 1975; x_wconf 87' lang='lat' dir='ltr'><strong>lacrymis</strong></span> <span class='ocrx_word' id='word_1_134' title='bbox 1222 1906 1437 1976; x_wconf 88' lang='lat' dir='ltr'><strong>dignum</strong></span> <span class='ocrx_word' id='word_1_135' title='bbox 1465 1914 1565 1960; x_wconf 88' lang='lat' dir='ltr'><strong>est.</strong></span> <span class='ocrx_word' id='word_1_136' title='bbox 1593 1905 1725 1961; x_wconf 91' lang='lat' dir='ltr'><strong>Illud</strong></span> <span class='ocrx_word' id='word_1_137' title='bbox 1751 1923 1877 1961; x_wconf 90' lang='lat' dir='ltr'><strong>vero</strong></span> 
     </span>
    </p>
   </div>
   <div class='ocr_carea' id='block_1_18' title="bbox 292 1995 1876 2069">
    <p class='ocr_par' dir='ltr' id='par_1_18' title="bbox 292 1995 1876 2069">
     <span class='ocr_line' id='line_1_18' title="bbox 292 1995 1876 2069; baseline 0.003 -21"><span class='ocrx_word' id='word_1_138' title='bbox 292 1995 439 2060; x_wconf 82' lang='lat' dir='ltr'><strong>facit,</strong></span> <span class='ocrx_word' id='word_1_139' title='bbox 465 1996 589 2049; x_wconf 89' lang='lat' dir='ltr'><strong>dum</strong></span> <span class='ocrx_word' id='word_1_140' title='bbox 619 1996 942 2068; x_wconf 88' lang='lat' dir='ltr'><strong>Iacrymatur</strong></span> <span class='ocrx_word' id='word_1_141' title='bbox 971 1997 1230 2051; x_wconf 86' lang='lat' dir='ltr'><strong>miserans</strong></span> <span class='ocrx_word' id='word_1_142' title='bbox 1254 1999 1547 2053; x_wconf 87' lang='lat' dir='ltr'><strong>civitatem.</strong></span> <span class='ocrx_word' id='word_1_143' title='bbox 1580 1998 1693 2053; x_wconf 83' lang='lat' dir='ltr'><strong>Non</strong></span> <span class='ocrx_word' id='word_1_144' title='bbox 1720 1999 1876 2069; x_wconf 83' lang='lat' dir='ltr'><strong>igitur</strong></span> 
     </span>
    </p>
   </div>
   <div class='ocr_carea' id='block_1_19' title="bbox 291 2085 1873 2156">
    <p class='ocr_par' dir='ltr' id='par_1_19' title="bbox 291 2085 1873 2156">
     <span class='ocr_line' id='line_1_19' title="bbox 291 2085 1873 2156; baseline 0.003 -18"><span class='ocrx_word' id='word_1_145' title='bbox 291 2085 413 2140; x_wconf 88' lang='lat' dir='ltr'><strong>ideo</strong></span> <span class='ocrx_word' id='word_1_146' title='bbox 443 2086 673 2155; x_wconf 89' lang='lat' dir='ltr'><strong>gaudet,</strong></span> <span class='ocrx_word' id='word_1_147' title='bbox 704 2086 795 2142; x_wconf 89' lang='lat' dir='ltr'><strong>sed</strong></span> <span class='ocrx_word' id='word_1_148' title='bbox 833 2086 973 2156; x_wconf 91' lang='lat' dir='ltr'><strong>quod</strong></span> <span class='ocrx_word' id='word_1_149' title='bbox 1015 2103 1076 2140; x_wconf 85' lang='lat' dir='ltr'><strong>ea</strong></span> <span class='ocrx_word' id='word_1_150' title='bbox 1106 2104 1224 2156; x_wconf 70' lang='lat' dir='ltr'><strong>qua:</strong></span> <span class='ocrx_word' id='word_1_151' title='bbox 1254 2089 1519 2156; x_wconf 88' lang='lat' dir='ltr'><strong>sapientes</strong></span> <span class='ocrx_word' id='word_1_152' title='bbox 1564 2105 1668 2143; x_wconf 94' lang='lat' dir='ltr'><strong>non</strong></span> <span class='ocrx_word' id='word_1_153' title='bbox 1706 2105 1873 2144; x_wconf 86' lang='lat' dir='ltr'><strong>nove—</strong></span> 
     </span>
    </p>
   </div>
   <div class='ocr_carea' id='block_1_20' title="bbox 291 2177 1875 2250">
    <p class='ocr_par' dir='ltr' id='par_1_20' title="bbox 291 2177 1875 2250">
     <span class='ocr_line' id='line_1_20' title="bbox 291 2177 1875 2250; baseline 0.004 -22"><span class='ocrx_word' id='word_1_154' title='bbox 291 2185 436 2241; x_wconf 88' lang='lat' dir='ltr'><strong>runt,</strong></span> <span class='ocrx_word' id='word_1_155' title='bbox 466 2177 561 2246; x_wconf 89' lang='lat' dir='ltr'><strong>ipsi</strong></span> <span class='ocrx_word' id='word_1_156' title='bbox 592 2177 862 2241; x_wconf 83' lang='lat' dir='ltr'><strong>noverint,</strong></span> <span class='ocrx_word' id='word_1_157' title='bbox 891 2185 948 2231; x_wconf 92' lang='lat' dir='ltr'><strong>ut</strong></span> <span class='ocrx_word' id='word_1_158' title='bbox 975 2192 1095 2231; x_wconf 92' lang='lat' dir='ltr'><strong>cum</strong></span> <span class='ocrx_word' id='word_1_159' title='bbox 1126 2178 1253 2231; x_wconf 85' lang='lat' dir='ltr'><strong>dicit</strong></span> <span class='ocrx_word' id='word_1_160' title='bbox 1282 2178 1476 2232; x_wconf 80' lang='lat' dir='ltr'><strong>Paulus</strong></span> <span class='ocrx_word' id='word_1_161' title='bbox 1502 2196 1514 2230; x_wconf 92' lang='lat'><strong>:</strong></span> <span class='ocrx_word' id='word_1_162' title='bbox 1546 2178 1751 2233; x_wconf 82' lang='lat' dir='ltr'><strong>Gratias</strong></span> <span class='ocrx_word' id='word_1_163' title='bbox 1778 2197 1875 2250; x_wconf 87' lang='lat' dir='ltr'><strong>ago</strong></span> 
     </span>
    </p>
   </div>
   <div class='ocr_carea' id='block_1_21' title="bbox 291 2265 1876 2337">
    <p class='ocr_par' dir='ltr' id='par_1_21' title="bbox 291 2265 1876 2337">
     <span class='ocr_line' id='line_1_21' title="bbox 291 2265 1876 2337; baseline 0.004 -18"><span class='ocrx_word' id='word_1_164' title='bbox 291 2265 404 2320; x_wconf 88' lang='lat' dir='ltr'><strong>Deo</strong></span> <span class='ocrx_word' id='word_1_165' title='bbox 427 2308 443 2335; x_wconf 91' lang='lat'><strong>,</strong></span> <span class='ocrx_word' id='word_1_166' title='bbox 471 2268 709 2336; x_wconf 87' lang='lat' dir='ltr'><strong>quoniam</strong></span> <span class='ocrx_word' id='word_1_167' title='bbox 739 2268 905 2337; x_wconf 78' lang='lat' dir='ltr'><strong>fuistis</strong></span> <span class='ocrx_word' id='word_1_168' title='bbox 932 2268 1058 2321; x_wconf 83' lang='lat' dir='ltr'><strong>servi</strong></span> <span class='ocrx_word' id='word_1_169' title='bbox 1092 2269 1281 2337; x_wconf 84' lang='lat' dir='ltr'><strong>peccati</strong></span> <span class='ocrx_word' id='word_1_170' title='bbox 1307 2311 1321 2335; x_wconf 96' lang='lat'><strong>,</strong></span> <span class='ocrx_word' id='word_1_171' title='bbox 1354 2269 1589 2323; x_wconf 87' lang='lat' dir='ltr'><strong>obedistis</strong></span> <span class='ocrx_word' id='word_1_172' title='bbox 1618 2281 1785 2323; x_wconf 89' lang='lat' dir='ltr'><strong>autem</strong></span> <span class='ocrx_word' id='word_1_173' title='bbox 1814 2287 1876 2325; x_wconf 69' lang='lat' dir='ltr'><strong>em</strong></span> 
     </span>
    </p>
   </div>
   <div class='ocr_carea' id='block_1_22' title="bbox 289 2357 1869 2431">
    <p class='ocr_par' dir='ltr' id='par_1_22' title="bbox 289 2357 1869 2431">
     <span class='ocr_line' id='line_1_22' title="bbox 289 2357 1869 2431; baseline 0.003 -21"><span class='ocrx_word' id='word_1_174' title='bbox 289 2357 442 2411; x_wconf 85' lang='lat' dir='ltr'><strong>corde</strong></span> <span class='ocrx_word' id='word_1_175' title='bbox 470 2358 523 2411; x_wconf 89' lang='lat' dir='ltr'><strong>in</strong></span> <span class='ocrx_word' id='word_1_176' title='bbox 551 2374 703 2428; x_wconf 87' lang='lat' dir='ltr'><strong>quam</strong></span> <span class='ocrx_word' id='word_1_177' title='bbox 731 2358 904 2411; x_wconf 82' lang='lat' dir='ltr'><strong>traditi</strong></span> <span class='ocrx_word' id='word_1_178' title='bbox 931 2359 1046 2413; x_wconf 83' lang='lat' dir='ltr'><strong>estis</strong></span> <span class='ocrx_word' id='word_1_179' title='bbox 1078 2363 1295 2428; x_wconf 77' lang='lat' dir='ltr'><strong>[orntum</strong></span> <span class='ocrx_word' id='word_1_180' title='bbox 1321 2360 1563 2414; x_wconf 79' lang='lat' dir='ltr'><strong>doctrina:</strong></span> <span class='ocrx_word' id='word_1_181' title='bbox 1590 2359 1608 2431; x_wconf 95' lang='lat'><strong>(</strong></span> <span class='ocrx_word' id='word_1_182' title='bbox 1632 2358 1783 2413; x_wconf 88' lang='lat' dir='ltr'><strong>Rom.</strong></span> <span class='ocrx_word' id='word_1_183' title='bbox 1815 2361 1869 2415; x_wconf 85' lang='lat'><strong>6.</strong></span> 
     </span>
    </p>
   </div>
   <div class='ocr_carea' id='block_1_23' title="bbox 290 2446 1874 2521">
    <p class='ocr_par' dir='ltr' id='par_1_23' title="bbox 290 2446 1874 2521">
     <span class='ocr_line' id='line_1_23' title="bbox 290 2446 1874 2521; baseline 0.003 -19"><span class='ocrx_word' id='word_1_184' title='bbox 290 2448 418 2517; x_wconf 78' lang='grc'><strong>17).</strong></span> <span class='ocrx_word' id='word_1_185' title='bbox 444 2446 561 2503; x_wconf 82' lang='grc' dir='ltr'>Νοιι</span> <span class='ocrx_word' id='word_1_186' title='bbox 589 2464 716 2519; x_wconf 85' lang='lat' dir='ltr'><strong>ergo</strong></span> <span class='ocrx_word' id='word_1_187' title='bbox 744 2448 939 2504; x_wconf 90' lang='lat' dir='ltr'><strong>Paulus</strong></span> <span class='ocrx_word' id='word_1_188' title='bbox 966 2460 1247 2519; x_wconf 87' lang='lat' dir='ltr'><strong>propterea</strong></span> <span class='ocrx_word' id='word_1_189' title='bbox 1277 2451 1492 2521; x_wconf 85' lang='lat' dir='ltr'><strong>gaudet,</strong></span> <span class='ocrx_word' id='word_1_190' title='bbox 1524 2452 1665 2521; x_wconf 92' lang='lat' dir='ltr'><strong>quod</strong></span> <span class='ocrx_word' id='word_1_191' title='bbox 1694 2462 1874 2507; x_wconf 88' lang='lat' dir='ltr'><strong>essent</strong></span> 
     </span>
    </p>
   </div>
   <div class='ocr_carea' id='block_1_24' title="bbox 288 2539 1873 2611">
    <p class='ocr_par' dir='ltr' id='par_1_24' title="bbox 288 2539 1873 2611">
     <span class='ocr_line' id='line_1_24' title="bbox 288 2539 1873 2611; baseline 0.004 -18"><span class='ocrx_word' id='word_1_192' title='bbox 288 2539 431 2593; x_wconf 86' lang='lat' dir='ltr'><strong>servi</strong></span> <span class='ocrx_word' id='word_1_193' title='bbox 459 2540 701 2609; x_wconf 89' lang='lat' dir='ltr'><strong>peccati,</strong></span> <span class='ocrx_word' id='word_1_194' title='bbox 738 2540 832 2595; x_wconf 89' lang='lat' dir='ltr'><strong>sed</strong></span> <span class='ocrx_word' id='word_1_195' title='bbox 871 2540 1011 2611; x_wconf 91' lang='lat' dir='ltr'><strong>quod</strong></span> <span class='ocrx_word' id='word_1_196' title='bbox 1048 2542 1182 2596; x_wconf 87' lang='lat' dir='ltr'><strong>tales</strong></span> <span class='ocrx_word' id='word_1_197' title='bbox 1209 2557 1330 2596; x_wconf 91' lang='lat' dir='ltr'><strong>cum</strong></span> <span class='ocrx_word' id='word_1_198' title='bbox 1361 2552 1578 2609; x_wconf 83' lang='lat' dir='ltr'><strong>essent,</strong></span> <span class='ocrx_word' id='word_1_199' title='bbox 1617 2552 1695 2597; x_wconf 92' lang='lat' dir='ltr'><strong>tot</strong></span> <span class='ocrx_word' id='word_1_200' title='bbox 1733 2543 1873 2599; x_wconf 89' lang='lat' dir='ltr'><strong>bona</strong></span> 
     </span>
    </p>
   </div>
   <div class='ocr_carea' id='block_1_25' title="bbox 289 2629 1868 2703">
    <p class='ocr_par' dir='ltr' id='par_1_25' title="bbox 289 2629 1868 2703">
     <span class='ocr_line' id='line_1_25' title="bbox 289 2629 1868 2703; baseline 0.004 -20"><span class='ocrx_word' id='word_1_201' title='bbox 289 2629 505 2684; x_wconf 90' lang='lat' dir='ltr'><strong>tandem</strong></span> <span class='ocrx_word' id='word_1_202' title='bbox 540 2630 647 2685; x_wconf 91' lang='lat' dir='ltr'><strong>sint</strong></span> <span class='ocrx_word' id='word_1_203' title='bbox 682 2632 1018 2701; x_wconf 91' lang='lat' dir='ltr'><strong>consequuti.</strong></span> <span class='ocrx_word' id='word_1_204' title='bbox 1064 2632 1346 2703; x_wconf 87' lang='lat' dir='ltr'><strong>Sapientes</strong></span> <span class='ocrx_word' id='word_1_205' title='bbox 1381 2645 1557 2689; x_wconf 91' lang='lat' dir='ltr'><strong>autem</strong></span> <span class='ocrx_word' id='word_1_206' title='bbox 1602 2634 1688 2689; x_wconf 91' lang='lat' dir='ltr'><strong>hic</strong></span> <span class='ocrx_word' id='word_1_207' title='bbox 1717 2649 1868 2690; x_wconf 89' lang='lat' dir='ltr'><strong>vocat</strong></span> 
     </span>
    </p>
   </div>
   <div class='ocr_carea' id='block_1_26' title="bbox 286 2719 1871 2794">
    <p class='ocr_par' dir='ltr' id='par_1_26' title="bbox 286 2719 1871 2794">
     <span class='ocr_line' id='line_1_26' title="bbox 286 2719 1871 2794; baseline 0.005 -21"><span class='ocrx_word' id='word_1_208' title='bbox 286 2719 492 2774; x_wconf 83' lang='lat' dir='ltr'><strong>scribas</strong></span> <span class='ocrx_word' id='word_1_209' title='bbox 517 2730 572 2774; x_wconf 91' lang='lat' dir='ltr'><strong>et</strong></span> <span class='ocrx_word' id='word_1_210' title='bbox 601 2719 917 2775; x_wconf 67' lang='lat' dir='ltr'><strong>Phariszeos.</strong></span> <span class='ocrx_word' id='word_1_211' title='bbox 949 2721 1075 2776; x_wconf 56' lang='lat' dir='ltr'><strong>Ilaec</strong></span> <span class='ocrx_word' id='word_1_212' title='bbox 1106 2738 1265 2792; x_wconf 90' lang='lat' dir='ltr'><strong>porro</strong></span> <span class='ocrx_word' id='word_1_213' title='bbox 1291 2724 1451 2790; x_wconf 91' lang='lat' dir='ltr'><strong>dicit,</strong></span> <span class='ocrx_word' id='word_1_214' title='bbox 1487 2734 1544 2777; x_wconf 92' lang='lat' dir='ltr'><strong>ut</strong></span> <span class='ocrx_word' id='word_1_215' title='bbox 1577 2725 1871 2794; x_wconf 83' lang='lat' dir='ltr'><strong>discipulos</strong></span> 
     </span>
    </p>
   </div>
   <div class='ocr_carea' id='block_1_27' title="bbox 285 2810 1871 2884">
    <p class='ocr_par' dir='ltr' id='par_1_27' title="bbox 285 2810 1871 2884">
     <span class='ocr_line' id='line_1_27' title="bbox 285 2810 1871 2884; baseline 0.004 -21"><span class='ocrx_word' id='word_1_216' title='bbox 285 2810 579 2866; x_wconf 87' lang='lat' dir='ltr'><strong>alacriores</strong></span> <span class='ocrx_word' id='word_1_217' title='bbox 598 2811 804 2875; x_wconf 84' lang='lat' dir='ltr'><strong>reddat,</strong></span> <span class='ocrx_word' id='word_1_218' title='bbox 837 2822 891 2867; x_wconf 89' lang='lat' dir='ltr'><strong>et</strong></span> <span class='ocrx_word' id='word_1_219' title='bbox 911 2813 1183 2881; x_wconf 84' lang='lat' dir='ltr'><strong>ostendat,</strong></span> <span class='ocrx_word' id='word_1_220' title='bbox 1205 2823 1400 2884; x_wconf 90' lang='lat' dir='ltr'><strong>quanta</strong></span> <span class='ocrx_word' id='word_1_221' title='bbox 1423 2817 1739 2884; x_wconf 83' lang='lat' dir='ltr'><strong>consequuti</strong></span> <span class='ocrx_word' id='word_1_222' title='bbox 1764 2817 1871 2869; x_wconf 89' lang='lat' dir='ltr'><strong>sint</strong></span> 
     </span>
    </p>
   </div>
   <div class='ocr_carea' id='block_1_28' title="bbox 286 2902 1871 2972">
    <p class='ocr_par' dir='ltr' id='par_1_28' title="bbox 286 2902 1871 2972">
     <span class='ocr_line' id='line_1_28' title="bbox 286 2902 1871 2972; baseline 0.003 -17"><span class='ocrx_word' id='word_1_223' title='bbox 286 2902 604 2971; x_wconf 89' lang='lat' dir='ltr'><strong>piscatores,</strong></span> <span class='ocrx_word' id='word_1_224' title='bbox 631 2917 661 2954; x_wconf 89' lang='lat' dir='ltr'><strong>a</strong></span> <span class='ocrx_word' id='word_1_225' title='bbox 688 2902 879 2972; x_wconf 89' lang='lat' dir='ltr'><strong>quibus</strong></span> <span class='ocrx_word' id='word_1_226' title='bbox 907 2903 979 2956; x_wconf 90' lang='lat' dir='ltr'><strong>illi</strong></span> <span class='ocrx_word' id='word_1_227' title='bbox 1006 2919 1195 2959; x_wconf 91' lang='lat' dir='ltr'><strong>omnes</strong></span> <span class='ocrx_word' id='word_1_228' title='bbox 1219 2905 1551 2962; x_wconf 86' lang='lat' dir='ltr'><strong>exciderunt.</strong></span> <span class='ocrx_word' id='word_1_229' title='bbox 1581 2906 1714 2959; x_wconf 91' lang='lat' dir='ltr'><strong>Cum</strong></span> <span class='ocrx_word' id='word_1_230' title='bbox 1739 2922 1871 2959; x_wconf 89' lang='lat' dir='ltr'><strong>vero</strong></span> 
     </span>
    </p>
   </div>
   <div class='ocr_carea' id='block_1_29' title="bbox 284 2991 1870 3064">
    <p class='ocr_par' dir='ltr' id='par_1_29' title="bbox 284 2991 1870 3064">
     <span class='ocr_line' id='line_1_29' title="bbox 284 2991 1870 3064; baseline 0.003 -19"><span class='ocrx_word' id='word_1_231' title='bbox 284 2991 556 3058; x_wconf 84' lang='lat' dir='ltr'><strong>sapientes</strong></span> <span class='ocrx_word' id='word_1_232' title='bbox 586 3000 735 3047; x_wconf 89' lang='lat' dir='ltr'><strong>vocat</strong></span> <span class='ocrx_word' id='word_1_233' title='bbox 767 2992 905 3057; x_wconf 91' lang='lat' dir='ltr'><strong>illos,</strong></span> <span class='ocrx_word' id='word_1_234' title='bbox 936 3009 1039 3047; x_wconf 92' lang='lat' dir='ltr'><strong>non</strong></span> <span class='ocrx_word' id='word_1_235' title='bbox 1067 2992 1134 3049; x_wconf 90' lang='lat' dir='ltr'><strong>de</strong></span> <span class='ocrx_word' id='word_1_236' title='bbox 1159 3009 1282 3048; x_wconf 90' lang='lat' dir='ltr'><strong>vera</strong></span> <span class='ocrx_word' id='word_1_237' title='bbox 1305 3003 1359 3048; x_wconf 92' lang='lat' dir='ltr'><strong>et</strong></span> <span class='ocrx_word' id='word_1_238' title='bbox 1384 2994 1627 3049; x_wconf 88' lang='lat' dir='ltr'><strong>laudabili</strong></span> <span class='ocrx_word' id='word_1_239' title='bbox 1660 2996 1870 3064; x_wconf 87' lang='lat' dir='ltr'><strong>sapien-</strong></span> 
     </span>
    </p>
   </div>
   <div class='ocr_carea' id='block_1_30' title="bbox 286 3081 1868 3155">
    <p class='ocr_par' dir='ltr' id='par_1_30' title="bbox 286 3081 1868 3155">
     <span class='ocr_line' id='line_1_30' title="bbox 286 3081 1868 3155; baseline 0.004 -22"><span class='ocrx_word' id='word_1_240' title='bbox 286 3082 357 3133; x_wconf 87' lang='lat' dir='ltr'><strong>tia</strong></span> <span class='ocrx_word' id='word_1_241' title='bbox 387 3081 640 3151; x_wconf 90' lang='lat' dir='ltr'><strong>loquitur,</strong></span> <span class='ocrx_word' id='word_1_242' title='bbox 663 3081 756 3136; x_wconf 89' lang='lat' dir='ltr'><strong>sed</strong></span> <span class='ocrx_word' id='word_1_243' title='bbox 784 3081 853 3137; x_wconf 89' lang='lat' dir='ltr'><strong>de</strong></span> <span class='ocrx_word' id='word_1_244' title='bbox 878 3083 965 3136; x_wconf 91' lang='lat' dir='ltr'><strong>illa</strong></span> <span class='ocrx_word' id='word_1_245' title='bbox 992 3099 1147 3153; x_wconf 89' lang='lat' dir='ltr'><strong>quam</strong></span> <span class='ocrx_word' id='word_1_246' title='bbox 1181 3084 1497 3138; x_wconf 83' lang='lat' dir='ltr'><strong>videbantur</strong></span> <span class='ocrx_word' id='word_1_247' title='bbox 1521 3100 1587 3140; x_wconf 84' lang='lat' dir='ltr'><strong>ex</strong></span> <span class='ocrx_word' id='word_1_248' title='bbox 1608 3086 1868 3155; x_wconf 84' lang='lat' dir='ltr'><strong>gravitate</strong></span> 
     </span>
    </p>
   </div>
   <div class='ocr_carea' id='block_1_31' title="bbox 284 3175 1864 3242">
    <p class='ocr_par' dir='ltr' id='par_1_31' title="bbox 284 3175 1864 3242">
     <span class='ocr_line' id='line_1_31' title="bbox 284 3175 1864 3242; baseline 0.002 -13"><span class='ocrx_word' id='word_1_249' title='bbox 284 3175 620 3242; x_wconf 85' lang='lat' dir='ltr'><strong>consequuti.</strong></span> <span class='ocrx_word' id='word_1_250' title='bbox 654 3175 855 3230; x_wconf 90' lang='lat' dir='ltr'><strong>Idcirco</strong></span> <span class='ocrx_word' id='word_1_251' title='bbox 882 3192 991 3230; x_wconf 86' lang='lat' dir='ltr'><strong>non</strong></span> <span class='ocrx_word' id='word_1_252' title='bbox 1019 3176 1181 3239; x_wconf 81' lang='lat' dir='ltr'><strong>dixit,</strong></span> <span class='ocrx_word' id='word_1_253' title='bbox 1219 3176 1484 3231; x_wconf 84' lang='lat' dir='ltr'><strong>Revelasti</strong></span> <span class='ocrx_word' id='word_1_254' title='bbox 1512 3179 1714 3242; x_wconf 92' lang='lat' dir='ltr'><strong>stultis,</strong></span> <span class='ocrx_word' id='word_1_255' title='bbox 1749 3178 1864 3242; x_wconf 88' lang='lat' dir='ltr'><strong>sed,</strong></span> 
     </span>
    </p>
   </div>
   <div class='ocr_carea' id='block_1_32' title="bbox 288 3266 1867 3340">
    <p class='ocr_par' dir='ltr' id='par_1_32' title="bbox 288 3266 1867 3340">
     <span class='ocr_line' id='line_1_32' title="bbox 288 3266 1867 3340; baseline 0.004 -20"><span class='ocrx_word' id='word_1_256' title='bbox 288 3266 526 3320; x_wconf 75' lang='lat' dir='ltr'><strong>Porculis</strong></span> <span class='ocrx_word' id='word_1_257' title='bbox 586 3267 811 3321; x_wconf 90' lang='lat' dir='ltr'><strong>sinceris</strong></span> <span class='ocrx_word' id='word_1_258' title='bbox 840 3266 1043 3322; x_wconf 90' lang='lat' dir='ltr'><strong>scilicet</strong></span> <span class='ocrx_word' id='word_1_259' title='bbox 1063 3284 1125 3322; x_wconf 90' lang='lat' dir='ltr'><strong>ac</strong></span> <span class='ocrx_word' id='word_1_260' title='bbox 1142 3269 1471 3337; x_wconf 88' lang='lat' dir='ltr'><strong>simplicibus</strong></span> <span class='ocrx_word' id='word_1_261' title='bbox 1495 3288 1507 3323; x_wconf 91' lang='lat'><strong>:</strong></span> <span class='ocrx_word' id='word_1_262' title='bbox 1532 3271 1867 3340; x_wconf 89' lang='lat' dir='ltr'><strong>ostenditque</strong></span> 
     </span>
    </p>
   </div>
   <div class='ocr_carea' id='block_1_33' title="bbox 284 3358 1864 3429">
    <p class='ocr_par' dir='ltr' id='par_1_33' title="bbox 284 3358 1864 3429">
     <span class='ocr_line' id='line_1_33' title="bbox 284 3358 1864 3429; baseline 0.002 -18"><span class='ocrx_word' id='word_1_263' title='bbox 284 3358 409 3411; x_wconf 89' lang='lat' dir='ltr'><strong>illos</strong></span> <span class='ocrx_word' id='word_1_264' title='bbox 427 3373 532 3411; x_wconf 90' lang='lat' dir='ltr'><strong>non</strong></span> <span class='ocrx_word' id='word_1_265' title='bbox 561 3358 730 3411; x_wconf 88' lang='lat' dir='ltr'><strong>solum</strong></span> <span class='ocrx_word' id='word_1_266' title='bbox 753 3358 893 3428; x_wconf 91' lang='lat' dir='ltr'><strong>quod</strong></span> <span class='ocrx_word' id='word_1_267' title='bbox 920 3358 1062 3429; x_wconf 82' lang='lat' dir='ltr'><strong>digni</strong></span> <span class='ocrx_word' id='word_1_268' title='bbox 1092 3376 1196 3415; x_wconf 92' lang='lat' dir='ltr'><strong>non</strong></span> <span class='ocrx_word' id='word_1_269' title='bbox 1224 3370 1422 3423; x_wconf 83' lang='lat' dir='ltr'><strong>essent,</strong></span> <span class='ocrx_word' id='word_1_270' title='bbox 1452 3361 1544 3415; x_wconf 88' lang='lat' dir='ltr'><strong>sed</strong></span> <span class='ocrx_word' id='word_1_271' title='bbox 1563 3363 1681 3429; x_wconf 91' lang='lat' dir='ltr'><strong>jure</strong></span> <span class='ocrx_word' id='word_1_272' title='bbox 1706 3363 1864 3416; x_wconf 90' lang='lat' dir='ltr'><strong>etiam</strong></span> 
     </span>
    </p>
   </div>
   <div class='ocr_carea' id='block_1_34' title="bbox 282 3449 1864 3521">
    <p class='ocr_par' dir='ltr' id='par_1_34' title="bbox 282 3449 1864 3521">
     <span class='ocr_line' id='line_1_34' title="bbox 282 3449 1864 3521; baseline 0.002 -18"><span class='ocrx_word' id='word_1_273' title='bbox 282 3449 398 3504; x_wconf 66' lang='lat' dir='ltr'><strong>llaec</strong></span> <span class='ocrx_word' id='word_1_274' title='bbox 426 3465 531 3503; x_wconf 94' lang='lat' dir='ltr'><strong>non</strong></span> <span class='ocrx_word' id='word_1_275' title='bbox 561 3465 678 3505; x_wconf 89' lang='lat' dir='ltr'><strong>esse</strong></span> <span class='ocrx_word' id='word_1_276' title='bbox 704 3451 924 3521; x_wconf 89' lang='lat' dir='ltr'><strong>adeptos</strong></span> <span class='ocrx_word' id='word_1_277' title='bbox 952 3469 964 3505; x_wconf 90' lang='lat'>:</span> <span class='ocrx_word' id='word_1_278' title='bbox 994 3466 1197 3520; x_wconf 72' lang='lat' dir='ltr'><strong>nosque</strong></span> <span class='ocrx_word' id='word_1_279' title='bbox 1226 3468 1317 3520; x_wconf 88' lang='lat' dir='ltr'><strong>per</strong></span> <span class='ocrx_word' id='word_1_280' title='bbox 1344 3452 1519 3506; x_wconf 87' lang='lat' dir='ltr'><strong>omnia</strong></span> <span class='ocrx_word' id='word_1_281' title='bbox 1547 3452 1720 3517; x_wconf 86' lang='lat' dir='ltr'><strong>docet,</strong></span> <span class='ocrx_word' id='word_1_282' title='bbox 1754 3462 1808 3507; x_wconf 93' lang='lat' dir='ltr'><strong>ut</strong></span> <span class='ocrx_word' id='word_1_283' title='bbox 1835 3468 1864 3506; x_wconf 89' lang='lat' dir='ltr'><strong>a</strong></span> 
     </span>
    </p>
   </div>
   <div class='ocr_carea' id='block_1_35' title="bbox 283 3539 1865 3611">
    <p class='ocr_par' dir='ltr' id='par_1_35' title="bbox 283 3539 1865 3611">
     <span class='ocr_line' id='line_1_35' title="bbox 283 3539 1865 3611; baseline 0.004 -18"><span class='ocrx_word' id='word_1_284' title='bbox 283 3540 531 3609; x_wconf 87' lang='lat' dir='ltr'><strong>superbia</strong></span> <span class='ocrx_word' id='word_1_285' title='bbox 562 3539 855 3611; x_wconf 79' lang='lat' dir='ltr'><strong>fugiamus,</strong></span> <span class='ocrx_word' id='word_1_286' title='bbox 886 3541 978 3596; x_wconf 85' lang='lat' dir='ltr'><strong>sed</strong></span> <span class='ocrx_word' id='word_1_287' title='bbox 1009 3543 1400 3611; x_wconf 89' lang='lat' dir='ltr'><strong>simplicitatem</strong></span> <span class='ocrx_word' id='word_1_288' title='bbox 1426 3553 1711 3598; x_wconf 90' lang='lat' dir='ltr'><strong>sectemur.</strong></span> <span class='ocrx_word' id='word_1_289' title='bbox 1743 3544 1865 3599; x_wconf 91' lang='lat' dir='ltr'><strong>Ideo</strong></span> 
     </span>
    </p>
   </div>
   <div class='ocr_carea' id='block_1_36' title="bbox 282 3630 1865 3705">
    <p class='ocr_par' dir='ltr' id='par_1_36' title="bbox 282 3630 1865 3705">
     <span class='ocr_line' id='line_1_36' title="bbox 282 3630 1865 3705; baseline 0.003 -20"><span class='ocrx_word' id='word_1_290' title='bbox 282 3630 478 3685; x_wconf 83' lang='lat' dir='ltr'><strong>Paulus</strong></span> <span class='ocrx_word' id='word_1_291' title='bbox 504 3632 619 3685; x_wconf 76' lang='lat' dir='ltr'><strong>lucc</strong></span> <span class='ocrx_word' id='word_1_292' title='bbox 646 3632 882 3702; x_wconf 90' lang='lat' dir='ltr'><strong>pluribus</strong></span> <span class='ocrx_word' id='word_1_293' title='bbox 908 3632 1225 3702; x_wconf 87' lang='lat' dir='ltr'><strong>amplificat,</strong></span> <span class='ocrx_word' id='word_1_294' title='bbox 1261 3636 1330 3688; x_wconf 88' lang='lat' dir='ltr'><strong>ita</strong></span> <span class='ocrx_word' id='word_1_295' title='bbox 1357 3636 1598 3689; x_wconf 87' lang='lat' dir='ltr'><strong>scribens</strong></span> <span class='ocrx_word' id='word_1_296' title='bbox 1624 3651 1637 3686; x_wconf 88' lang='lat'><strong>:</strong></span> <span class='ocrx_word' id='word_1_297' title='bbox 1665 3635 1723 3689; x_wconf 88' lang='lat' dir='ltr'><strong>Si</strong></span> <span class='ocrx_word' id='word_1_298' title='bbox 1752 3637 1865 3705; x_wconf 89' lang='lat' dir='ltr'><strong>quis</strong></span> 
     </span>
    </p>
   </div>
   <div class='ocr_carea' id='block_1_37' title="bbox 281 3723 1859 3796">
    <p class='ocr_par' dir='ltr' id='par_1_37' title="bbox 281 3723 1859 3796">
     <span class='ocr_line' id='line_1_37' title="bbox 281 3723 1859 3796; baseline 0.003 -21"><span class='ocrx_word' id='word_1_299' title='bbox 281 3724 336 3776; x_wconf 89' lang='lat' dir='ltr'><strong>in</strong></span> <span class='ocrx_word' id='word_1_300' title='bbox 361 3723 496 3777; x_wconf 84' lang='lat' dir='ltr'><strong>vobis</strong></span> <span class='ocrx_word' id='word_1_301' title='bbox 520 3723 713 3777; x_wconf 87' lang='lat' dir='ltr'><strong>videtur</strong></span> <span class='ocrx_word' id='word_1_302' title='bbox 728 3725 779 3776; x_wconf 89' lang='lat' dir='ltr'><strong>in</strong></span> <span class='ocrx_word' id='word_1_303' title='bbox 796 3724 888 3778; x_wconf 83' lang='lat' dir='ltr'><strong>hoc</strong></span> <span class='ocrx_word' id='word_1_304' title='bbox 908 3724 1092 3779; x_wconf 67' lang='lat' dir='ltr'><strong>saeculo</strong></span> <span class='ocrx_word' id='word_1_305' title='bbox 1114 3727 1313 3796; x_wconf 85' lang='lat' dir='ltr'><strong>sapiens</strong></span> <span class='ocrx_word' id='word_1_306' title='bbox 1333 3744 1457 3792; x_wconf 86' lang='lat' dir='ltr'><strong>esse,</strong></span> <span class='ocrx_word' id='word_1_307' title='bbox 1480 3728 1524 3781; x_wconf 91' lang='lat' dir='ltr'><strong>is</strong></span> <span class='ocrx_word' id='word_1_308' title='bbox 1550 3729 1639 3795; x_wconf 80' lang='lat' dir='ltr'><strong>ﬁat</strong></span> <span class='ocrx_word' id='word_1_309' title='bbox 1657 3729 1859 3793; x_wconf 88' lang='lat' dir='ltr'><strong>stultus,</strong></span> 
     </span>
    </p>
   </div>
   <div class='ocr_carea' id='block_1_38' title="bbox 281 3816 1861 3890">
    <p class='ocr_par' dir='ltr' id='par_1_38' title="bbox 281 3816 1861 3890">
     <span class='ocr_line' id='line_1_38' title="bbox 281 3816 1861 3890; baseline 0.004 -21"><span class='ocrx_word' id='word_1_310' title='bbox 281 3828 335 3869; x_wconf 91' lang='lat' dir='ltr'><strong>ut</strong></span> <span class='ocrx_word' id='word_1_311' title='bbox 374 3817 576 3883; x_wconf 81' lang='lat' dir='ltr'><strong>sapiens</strong></span> <span class='ocrx_word' id='word_1_312' title='bbox 611 3817 851 3887; x_wconf 68' lang='lat' dir='ltr'><strong>efficiatur</strong></span> <span class='ocrx_word' id='word_1_313' title='bbox 884 3816 973 3888; x_wconf 79' lang='grc'><strong>(1.</strong></span> <span class='ocrx_word' id='word_1_314' title='bbox 1002 3816 1119 3872; x_wconf 88' lang='lat' dir='ltr'><strong>Cor.</strong></span> <span class='ocrx_word' id='word_1_315' title='bbox 1156 3820 1208 3871; x_wconf 82' lang='lat'><strong>5.</strong></span> <span class='ocrx_word' id='word_1_316' title='bbox 1242 3820 1308 3873; x_wconf 77' lang='grc'><strong>18</strong></span> <span class='ocrx_word' id='word_1_317' title='bbox 1330 3820 1367 3889; x_wconf 92' lang='grc'><strong>).</strong></span> <span class='ocrx_word' id='word_1_318' title='bbox 1409 3820 1495 3874; x_wconf 86' lang='lat' dir='ltr'><strong>Sic</strong></span> <span class='ocrx_word' id='word_1_319' title='bbox 1525 3821 1664 3875; x_wconf 90' lang='lat' dir='ltr'><strong>enim</strong></span> <span class='ocrx_word' id='word_1_320' title='bbox 1693 3821 1861 3890; x_wconf 87' lang='lat' dir='ltr'><strong>gratia</strong></span> 
     </span>
    </p>
   </div>
   <div class='ocr_carea' id='block_1_39' title="bbox 283 3907 1860 3980">
    <p class='ocr_par' dir='ltr' id='par_1_39' title="bbox 283 3907 1860 3980">
     <span class='ocr_line' id='line_1_39' title="bbox 283 3907 1860 3980; baseline 0.004 -21"><span class='ocrx_word' id='word_1_321' title='bbox 283 3907 374 3960; x_wconf 87' lang='lat' dir='ltr'><strong>Dei</strong></span> <span class='ocrx_word' id='word_1_322' title='bbox 408 3907 820 3961; x_wconf 88' lang='lat' dir='ltr'><strong>demonstratur.</strong></span> <span class='ocrx_word' id='word_1_323' title='bbox 855 3908 962 3962; x_wconf 91' lang='lat' dir='ltr'><strong>Cur</strong></span> <span class='ocrx_word' id='word_1_324' title='bbox 987 3918 1161 3961; x_wconf 89' lang='lat' dir='ltr'><strong>autem</strong></span> <span class='ocrx_word' id='word_1_325' title='bbox 1195 3909 1336 3963; x_wconf 89' lang='lat' dir='ltr'><strong>Patri</strong></span> <span class='ocrx_word' id='word_1_326' title='bbox 1364 3911 1560 3979; x_wconf 84' lang='lat' dir='ltr'><strong>gratias</strong></span> <span class='ocrx_word' id='word_1_327' title='bbox 1588 3912 1715 3980; x_wconf 87' lang='lat' dir='ltr'><strong>agit,</strong></span> <span class='ocrx_word' id='word_1_328' title='bbox 1741 3928 1860 3965; x_wconf 91' lang='lat' dir='ltr'><strong>cum</strong></span> 
     </span>
    </p>
   </div>
   <div class='ocr_carea' id='block_1_40' title="bbox 285 3997 1850 4069">
    <p class='ocr_par' dir='ltr' id='par_1_40' title="bbox 285 3997 1850 4069">
     <span class='ocr_line' id='line_1_40' title="bbox 285 3997 1850 4069; baseline 0.001 -17"><span class='ocrx_word' id='word_1_329' title='bbox 285 3998 391 4053; x_wconf 84' lang='lat' dir='ltr'><strong>hoc</strong></span> <span class='ocrx_word' id='word_1_330' title='bbox 418 3998 532 4066; x_wconf 88' lang='lat' dir='ltr'><strong>ipse</strong></span> <span class='ocrx_word' id='word_1_331' title='bbox 565 3997 793 4053; x_wconf 88' lang='lat' dir='ltr'><strong>fecerit?</strong></span> <span class='ocrx_word' id='word_1_332' title='bbox 824 3999 888 4054; x_wconf 91' lang='lat' dir='ltr'><strong>Ut</strong></span> <span class='ocrx_word' id='word_1_333' title='bbox 920 3998 1085 4052; x_wconf 91' lang='lat' dir='ltr'><strong>Deum</strong></span> <span class='ocrx_word' id='word_1_334' title='bbox 1120 4010 1386 4067; x_wconf 88' lang='lat' dir='ltr'><strong>precatur,</strong></span> <span class='ocrx_word' id='word_1_335' title='bbox 1421 4016 1671 4069; x_wconf 86' lang='lat' dir='ltr'><strong>magnam</strong></span> <span class='ocrx_word' id='word_1_336' title='bbox 1697 4016 1850 4054; x_wconf 90' lang='lat' dir='ltr'><strong>suam</strong></span> 
     </span>
    </p>
   </div>
   <div class='ocr_carea' id='block_1_41' title="bbox 285 4094 1848 4166">
    <p class='ocr_par' dir='ltr' id='par_1_41' title="bbox 285 4094 1848 4166">
     <span class='ocr_line' id='line_1_41' title="bbox 285 4094 1848 4166; baseline 0.003 -20"><span class='ocrx_word' id='word_1_337' title='bbox 285 4107 416 4162; x_wconf 90' lang='lat' dir='ltr'><strong>erga</strong></span> <span class='ocrx_word' id='word_1_338' title='bbox 465 4108 563 4148; x_wconf 90' lang='lat' dir='ltr'><strong>nos</strong></span> <span class='ocrx_word' id='word_1_339' title='bbox 601 4094 879 4148; x_wconf 87' lang='lat' dir='ltr'><strong>caritatem</strong></span> <span class='ocrx_word' id='word_1_340' title='bbox 914 4096 1216 4161; x_wconf 86' lang='lat' dir='ltr'><strong>declarans,</strong></span> <span class='ocrx_word' id='word_1_341' title='bbox 1266 4097 1342 4150; x_wconf 89' lang='lat' dir='ltr'><strong>sic</strong></span> <span class='ocrx_word' id='word_1_342' title='bbox 1364 4106 1417 4150; x_wconf 91' lang='lat' dir='ltr'><strong>et</strong></span> <span class='ocrx_word' id='word_1_343' title='bbox 1456 4097 1655 4166; x_wconf 82' lang='lat' dir='ltr'><strong>gratias</strong></span> <span class='ocrx_word' id='word_1_344' title='bbox 1699 4096 1848 4166; x_wconf 88' lang='lat' dir='ltr'><strong>agit:</strong></span> 
     </span>
    </p>
   </div>
   <div class='ocr_carea' id='block_1_42' title="bbox 285 4184 1852 4254">
    <p class='ocr_par' dir='ltr' id='par_1_42' title="bbox 285 4184 1852 4254">
     <span class='ocr_line' id='line_1_42' title="bbox 285 4184 1852 4254; baseline 0.003 -18"><span class='ocrx_word' id='word_1_345' title='bbox 285 4198 412 4237; x_wconf 88' lang='lat' dir='ltr'><strong>nam</strong></span> <span class='ocrx_word' id='word_1_346' title='bbox 445 4184 577 4237; x_wconf 90' lang='lat' dir='ltr'><strong>illud</strong></span> <span class='ocrx_word' id='word_1_347' title='bbox 615 4201 825 4254; x_wconf 79' lang='lat' dir='ltr'><strong>magna:</strong></span> <span class='ocrx_word' id='word_1_348' title='bbox 855 4188 1097 4241; x_wconf 88' lang='lat' dir='ltr'><strong>caritatis</strong></span> <span class='ocrx_word' id='word_1_349' title='bbox 1126 4196 1208 4241; x_wconf 89' lang='lat' dir='ltr'><strong>est</strong></span> <span class='ocrx_word' id='word_1_350' title='bbox 1248 4187 1541 4254; x_wconf 90' lang='lat' dir='ltr'><strong>indicium;</strong></span> <span class='ocrx_word' id='word_1_351' title='bbox 1582 4197 1637 4242; x_wconf 91' lang='lat' dir='ltr'><strong>et</strong></span> <span class='ocrx_word' id='word_1_352' title='bbox 1670 4198 1852 4241; x_wconf 91' lang='lat' dir='ltr'><strong>osten-</strong></span> 
     </span>
    </p>
   </div>
   <div class='ocr_carea' id='block_1_43' title="bbox 280 4277 1853 4347">
    <p class='ocr_par' dir='ltr' id='par_1_43' title="bbox 280 4277 1853 4347">
     <span class='ocr_line' id='line_1_43' title="bbox 280 4277 1853 4347; baseline 0.003 -17"><span class='ocrx_word' id='word_1_353' title='bbox 280 4277 400 4341; x_wconf 92' lang='lat' dir='ltr'><strong>dit,</strong></span> <span class='ocrx_word' id='word_1_354' title='bbox 450 4278 569 4333; x_wconf 92' lang='lat' dir='ltr'><strong>illos</strong></span> <span class='ocrx_word' id='word_1_355' title='bbox 616 4295 721 4333; x_wconf 87' lang='lat' dir='ltr'><strong>non</strong></span> <span class='ocrx_word' id='word_1_356' title='bbox 768 4295 797 4332; x_wconf 90' lang='lat' dir='ltr'><strong>a</strong></span> <span class='ocrx_word' id='word_1_357' title='bbox 832 4282 1012 4347; x_wconf 75' lang='lat' dir='ltr'><strong>seipso</strong></span> <span class='ocrx_word' id='word_1_358' title='bbox 1052 4280 1248 4340; x_wconf 88' lang='lat' dir='ltr'><strong>solum,</strong></span> <span class='ocrx_word' id='word_1_359' title='bbox 1286 4281 1376 4335; x_wconf 89' lang='lat' dir='ltr'><strong>sed</strong></span> <span class='ocrx_word' id='word_1_360' title='bbox 1423 4281 1584 4334; x_wconf 90' lang='lat' dir='ltr'><strong>etiam</strong></span> <span class='ocrx_word' id='word_1_361' title='bbox 1616 4296 1647 4334; x_wconf 90' lang='lat' dir='ltr'><strong>a</strong></span> <span class='ocrx_word' id='word_1_362' title='bbox 1697 4282 1853 4335; x_wconf 88' lang='lat' dir='ltr'><strong>Patre</strong></span> 
     </span>
    </p>
   </div>
   <div class='ocr_carea' id='block_1_44' title="bbox 278 4367 1861 4441">
    <p class='ocr_par' dir='ltr' id='par_1_44' title="bbox 278 4367 1861 4441">
     <span class='ocr_line' id='line_1_44' title="bbox 278 4367 1861 4441; baseline 0.003 -19"><span class='ocrx_word' id='word_1_363' title='bbox 278 4368 561 4423; x_wconf 80' lang='lat' dir='ltr'><strong>excidisse.</strong></span> <span class='ocrx_word' id='word_1_364' title='bbox 594 4367 726 4423; x_wconf 90' lang='lat' dir='ltr'><strong>Nam</strong></span> <span class='ocrx_word' id='word_1_365' title='bbox 764 4368 904 4439; x_wconf 93' lang='lat' dir='ltr'><strong>quod</strong></span> <span class='ocrx_word' id='word_1_366' title='bbox 933 4370 1068 4426; x_wconf 82' lang='lat' dir='ltr'><strong>dixit</strong></span> <span class='ocrx_word' id='word_1_367' title='bbox 1091 4370 1364 4441; x_wconf 88' lang='lat' dir='ltr'><strong>discipulis</strong></span> <span class='ocrx_word' id='word_1_368' title='bbox 1386 4412 1403 4440; x_wconf 93' lang='lat'><strong>,</strong></span> <span class='ocrx_word' id='word_1_369' title='bbox 1433 4371 1606 4427; x_wconf 84' lang='lat' dir='ltr'><strong>Nolite</strong></span> <span class='ocrx_word' id='word_1_370' title='bbox 1630 4385 1861 4426; x_wconf 89' lang='lat' dir='ltr'><strong>sanctum</strong></span> 
     </span>
    </p>
   </div>
   <div class='ocr_carea' id='block_1_45' title="bbox 277 4458 1857 4532">
    <p class='ocr_par' dir='ltr' id='par_1_45' title="bbox 277 4458 1857 4532">
     <span class='ocr_line' id='line_1_45' title="bbox 277 4458 1857 4532; baseline 0.003 -22"><span class='ocrx_word' id='word_1_371' title='bbox 277 4459 403 4515; x_wconf 87' lang='lat' dir='ltr'><strong>dare</strong></span> <span class='ocrx_word' id='word_1_372' title='bbox 431 4459 636 4512; x_wconf 86' lang='lat' dir='ltr'><strong>canibus</strong></span> <span class='ocrx_word' id='word_1_373' title='bbox 664 4458 887 4528; x_wconf 82' lang='lat' dir='ltr'><strong>(Matth.</strong></span> <span class='ocrx_word' id='word_1_374' title='bbox 916 4461 966 4514; x_wconf 88' lang='lat'><strong>7.</strong></span> <span class='ocrx_word' id='word_1_375' title='bbox 999 4460 1103 4532; x_wconf 89' lang='lat'><strong>6),</strong></span> <span class='ocrx_word' id='word_1_376' title='bbox 1136 4461 1187 4515; x_wconf 92' lang='lat' dir='ltr'><strong>id</strong></span> <span class='ocrx_word' id='word_1_377' title='bbox 1208 4462 1317 4530; x_wconf 90' lang='lat' dir='ltr'><strong>jam</strong></span> <span class='ocrx_word' id='word_1_378' title='bbox 1353 4462 1494 4531; x_wconf 85' lang='lat' dir='ltr'><strong>prius</strong></span> <span class='ocrx_word' id='word_1_379' title='bbox 1526 4462 1612 4515; x_wconf 91' lang='lat' dir='ltr'><strong>ille</strong></span> <span class='ocrx_word' id='word_1_380' title='bbox 1639 4461 1857 4516; x_wconf 84' lang='lat' dir='ltr'><strong>fecerat.</strong></span> 
     </span>
    </p>
   </div>
   <div class='ocr_carea' id='block_1_46' title="bbox 278 4552 1855 4622">
    <p class='ocr_par' dir='ltr' id='par_1_46' title="bbox 278 4552 1855 4622">
     <span class='ocr_line' id='line_1_46' title="bbox 278 4552 1855 4622; baseline 0.002 -15"><span class='ocrx_word' id='word_1_381' title='bbox 278 4552 483 4608; x_wconf 89' lang='lat' dir='ltr'><strong>Deinde</strong></span> <span class='ocrx_word' id='word_1_382' title='bbox 499 4569 593 4622; x_wconf 91' lang='lat' dir='ltr'><strong>per</strong></span> <span class='ocrx_word' id='word_1_383' title='bbox 609 4554 724 4608; x_wconf 65' lang='lat' dir='ltr'><strong>haec</strong></span> <span class='ocrx_word' id='word_1_384' title='bbox 743 4554 975 4610; x_wconf 87' lang='lat' dir='ltr'><strong>ostendit</strong></span> <span class='ocrx_word' id='word_1_385' title='bbox 988 4562 1042 4609; x_wconf 90' lang='lat' dir='ltr'><strong>et.</strong></span> <span class='ocrx_word' id='word_1_386' title='bbox 1062 4569 1212 4609; x_wconf 89' lang='lat' dir='ltr'><strong>suam</strong></span> <span class='ocrx_word' id='word_1_387' title='bbox 1235 4564 1287 4609; x_wconf 90' lang='lat' dir='ltr'><strong>et</strong></span> <span class='ocrx_word' id='word_1_388' title='bbox 1311 4556 1478 4609; x_wconf 89' lang='lat' dir='ltr'><strong>Patris</strong></span> <span class='ocrx_word' id='word_1_389' title='bbox 1495 4557 1819 4610; x_wconf 89' lang='lat' dir='ltr'><strong>voluntatem</strong></span> <span class='ocrx_word' id='word_1_390' title='bbox 1841 4572 1855 4610; x_wconf 88' lang='lat'>:</span> 
     </span>
    </p>
   </div>
   <div class='ocr_carea' id='block_1_47' title="bbox 276 4646 1859 4718">
    <p class='ocr_par' dir='ltr' id='par_1_47' title="bbox 276 4646 1859 4718">
     <span class='ocr_line' id='line_1_47' title="bbox 276 4646 1859 4718; baseline 0.002 -18"><span class='ocrx_word' id='word_1_391' title='bbox 276 4661 452 4715; x_wconf 86' lang='lat' dir='ltr'><strong>suam,</strong></span> <span class='ocrx_word' id='word_1_392' title='bbox 475 4646 614 4717; x_wconf 90' lang='lat' dir='ltr'><strong>quod</strong></span> <span class='ocrx_word' id='word_1_393' title='bbox 637 4649 833 4718; x_wconf 89' lang='lat' dir='ltr'><strong>gratias</strong></span> <span class='ocrx_word' id='word_1_394' title='bbox 853 4657 972 4718; x_wconf 85' lang='lat' dir='ltr'><strong>agat</strong></span> <span class='ocrx_word' id='word_1_395' title='bbox 994 4657 1049 4702; x_wconf 90' lang='lat' dir='ltr'><strong>et</strong></span> <span class='ocrx_word' id='word_1_396' title='bbox 1070 4648 1296 4718; x_wconf 87' lang='lat' dir='ltr'><strong>gaudeat</strong></span> <span class='ocrx_word' id='word_1_397' title='bbox 1314 4648 1383 4703; x_wconf 92' lang='lat' dir='ltr'><strong>de</strong></span> <span class='ocrx_word' id='word_1_398' title='bbox 1407 4664 1464 4702; x_wconf 91' lang='lat' dir='ltr'><strong>re</strong></span> <span class='ocrx_word' id='word_1_399' title='bbox 1483 4657 1628 4718; x_wconf 88' lang='lat' dir='ltr'><strong>gesta</strong></span> <span class='ocrx_word' id='word_1_400' title='bbox 1650 4666 1664 4714; x_wconf 89' lang='lat'><strong>;</strong></span> <span class='ocrx_word' id='word_1_401' title='bbox 1688 4649 1859 4703; x_wconf 88' lang='lat' dir='ltr'><strong>Patris</strong></span> 
     </span>
    </p>
   </div>
   <div class='ocr_carea' id='block_1_48' title="bbox 275 4739 1857 4809">
    <p class='ocr_par' dir='ltr' id='par_1_48' title="bbox 275 4739 1857 4809">
     <span class='ocr_line' id='line_1_48' title="bbox 275 4739 1857 4809; baseline 0.002 -17"><span class='ocrx_word' id='word_1_402' title='bbox 275 4754 427 4805; x_wconf 88' lang='lat' dir='ltr'><strong>vero,</strong></span> <span class='ocrx_word' id='word_1_403' title='bbox 456 4748 515 4793; x_wconf 91' lang='lat' dir='ltr'><strong>ut</strong></span> <span class='ocrx_word' id='word_1_404' title='bbox 540 4739 803 4802; x_wconf 88' lang='lat' dir='ltr'><strong>ostendat,</strong></span> <span class='ocrx_word' id='word_1_405' title='bbox 830 4740 974 4793; x_wconf 87' lang='lat' dir='ltr'><strong>illum</strong></span> <span class='ocrx_word' id='word_1_406' title='bbox 1002 4754 1107 4793; x_wconf 94' lang='lat' dir='ltr'><strong>non</strong></span> <span class='ocrx_word' id='word_1_407' title='bbox 1136 4750 1377 4809; x_wconf 86' lang='lat' dir='ltr'><strong>rogatum</strong></span> <span class='ocrx_word' id='word_1_408' title='bbox 1403 4739 1504 4794; x_wconf 91' lang='lat' dir='ltr'><strong>hoc</strong></span> <span class='ocrx_word' id='word_1_409' title='bbox 1528 4740 1737 4803; x_wconf 82' lang='lat' dir='ltr'><strong>fecisse,</strong></span> <span class='ocrx_word' id='word_1_410' title='bbox 1763 4742 1857 4795; x_wconf 90' lang='lat' dir='ltr'><strong>sed</strong></span> 
     </span>
    </p>
   </div>
   <div class='ocr_carea' id='block_1_49' title="bbox 274 4832 1857 4902">
    <p class='ocr_par' dir='ltr' id='par_1_49' title="bbox 274 4832 1857 4902">
     <span class='ocr_line' id='line_1_49' title="bbox 274 4832 1857 4902; baseline 0 -17"><span class='ocrx_word' id='word_1_411' title='bbox 274 4840 467 4899; x_wconf 88' lang='lat' dir='ltr'><strong>sponte</strong></span> <span class='ocrx_word' id='word_1_412' title='bbox 504 4845 595 4885; x_wconf 91' lang='lat' dir='ltr'><strong>sua</strong></span> <span class='ocrx_word' id='word_1_413' title='bbox 632 4846 698 4885; x_wconf 90' lang='lat' dir='ltr'><strong>eo</strong></span> <span class='ocrx_word' id='word_1_414' title='bbox 735 4832 969 4885; x_wconf 90' lang='lat' dir='ltr'><strong>animum</strong></span> <span class='ocrx_word' id='word_1_415' title='bbox 1004 4833 1310 4901; x_wconf 89' lang='lat' dir='ltr'><strong>appulisse;</strong></span> <span class='ocrx_word' id='word_1_416' title='bbox 1354 4847 1474 4886; x_wconf 86' lang='lat' dir='ltr'><strong>nam</strong></span> <span class='ocrx_word' id='word_1_417' title='bbox 1505 4834 1614 4898; x_wconf 90' lang='lat' dir='ltr'><strong>ait,</strong></span> <span class='ocrx_word' id='word_1_418' title='bbox 1648 4834 1737 4888; x_wconf 89' lang='lat' dir='ltr'><strong>Sic</strong></span> <span class='ocrx_word' id='word_1_419' title='bbox 1762 4835 1857 4902; x_wconf 77' lang='lat' dir='ltr'><strong>fuit</strong></span> 
     </span>
    </p>
   </div>
   <div class='ocr_carea' id='block_1_50' title="bbox 275 4922 1857 4993">
    <p class='ocr_par' dir='ltr' id='par_1_50' title="bbox 275 4922 1857 4993">
     <span class='ocr_line' id='line_1_50' title="bbox 275 4922 1857 4993; baseline 0.003 -19"><span class='ocrx_word' id='word_1_420' title='bbox 275 4922 517 4990; x_wconf 84' lang='lat' dir='ltr'><strong>placitum</strong></span> <span class='ocrx_word' id='word_1_421' title='bbox 535 4932 650 4975; x_wconf 90' lang='lat' dir='ltr'><strong>ante</strong></span> <span class='ocrx_word' id='word_1_422' title='bbox 670 4932 751 4986; x_wconf 88' lang='lat' dir='ltr'><strong>te;</strong></span> <span class='ocrx_word' id='word_1_423' title='bbox 778 4922 828 4976; x_wconf 92' lang='lat' dir='ltr'><strong>id</strong></span> <span class='ocrx_word' id='word_1_424' title='bbox 847 4933 947 4987; x_wconf 83' lang='lat' dir='ltr'><strong>est,</strong></span> <span class='ocrx_word' id='word_1_425' title='bbox 976 4923 1044 4977; x_wconf 85' lang='lat' dir='ltr'><strong>Ita</strong></span> <span class='ocrx_word' id='word_1_426' title='bbox 1070 4924 1162 4977; x_wconf 91' lang='lat' dir='ltr'><strong>tibi</strong></span> <span class='ocrx_word' id='word_1_427' title='bbox 1187 4924 1400 4993; x_wconf 87' lang='lat' dir='ltr'><strong>placuit.</strong></span> <span class='ocrx_word' id='word_1_428' title='bbox 1424 4924 1530 4979; x_wconf 81' lang='lat' dir='ltr'><strong>Cur</strong></span> <span class='ocrx_word' id='word_1_429' title='bbox 1551 4935 1728 4979; x_wconf 85' lang='lat' dir='ltr'><strong>autem</strong></span> <span class='ocrx_word' id='word_1_430' title='bbox 1756 4927 1857 4978; x_wconf 88' lang='lat' dir='ltr'><strong>illis</strong></span> 
     </span>
    </p>
   </div>
   <div class='ocr_carea' id='block_1_51' title="bbox 274 5013 1856 5085">
    <p class='ocr_par' dir='ltr' id='par_1_51' title="bbox 274 5013 1856 5085">
     <span class='ocr_line' id='line_1_51' title="bbox 274 5013 1856 5085; baseline 0.002 -17"><span class='ocrx_word' id='word_1_431' title='bbox 274 5015 586 5070; x_wconf 90' lang='lat' dir='ltr'><strong>abscondita</strong></span> <span class='ocrx_word' id='word_1_432' title='bbox 618 5013 832 5078; x_wconf 80' lang='lat' dir='ltr'><strong>fuerint,</strong></span> <span class='ocrx_word' id='word_1_433' title='bbox 862 5014 984 5069; x_wconf 89' lang='lat' dir='ltr'><strong>audi</strong></span> <span class='ocrx_word' id='word_1_434' title='bbox 1015 5016 1236 5070; x_wconf 93' lang='lat' dir='ltr'><strong>Paulum</strong></span> <span class='ocrx_word' id='word_1_435' title='bbox 1263 5016 1527 5071; x_wconf 87' lang='lat' dir='ltr'><strong>dicentem</strong></span> <span class='ocrx_word' id='word_1_436' title='bbox 1559 5034 1572 5071; x_wconf 87' lang='lat'>:</span> <span class='ocrx_word' id='word_1_437' title='bbox 1604 5018 1856 5085; x_wconf 81' lang='lat' dir='ltr'><strong>Quoniam</strong></span> 
     </span>
    </p>
   </div>
   <div class='ocr_carea' id='block_1_52' title="bbox 272 5110 1855 5181">
    <p class='ocr_par' dir='ltr' id='par_1_52' title="bbox 272 5110 1855 5181">
     <span class='ocr_line' id='line_1_52' title="bbox 272 5110 1855 5181; baseline 0.002 -20"><span class='ocrx_word' id='word_1_438' title='bbox 272 5117 547 5179; x_wconf 47' lang='lat' dir='ltr'><strong>quaerentes</strong></span> <span class='ocrx_word' id='word_1_439' title='bbox 568 5110 827 5180; x_wconf 84' lang='lat' dir='ltr'><strong>prapriam</strong></span> <span class='ocrx_word' id='word_1_440' title='bbox 845 5110 1097 5179; x_wconf 84' lang='lat' dir='ltr'><strong>justitiam</strong></span> <span class='ocrx_word' id='word_1_441' title='bbox 1121 5120 1353 5175; x_wconf 87' lang='lat' dir='ltr'><strong>statuere,</strong></span> <span class='ocrx_word' id='word_1_442' title='bbox 1376 5112 1592 5181; x_wconf 80' lang='lat' dir='ltr'><strong>justitia:</strong></span> <span class='ocrx_word' id='word_1_443' title='bbox 1621 5110 1712 5165; x_wconf 88' lang='lat' dir='ltr'><strong>Dei</strong></span> <span class='ocrx_word' id='word_1_444' title='bbox 1736 5112 1855 5165; x_wconf 88' lang='lat' dir='ltr'><strong>sub-</strong></span> 
     </span>
    </p>
   </div>
   <div class='ocr_carea' id='block_1_53' title="bbox 272 5199 1857 5271">
    <p class='ocr_par' dir='ltr' id='par_1_53' title="bbox 272 5199 1857 5271">
     <span class='ocr_line' id='line_1_53' title="bbox 272 5199 1857 5271; baseline 0.002 -19"><span class='ocrx_word' id='word_1_445' title='bbox 272 5200 393 5262; x_wconf 80' lang='lat' dir='ltr'><strong>iecti</strong></span> <span class='ocrx_word' id='word_1_446' title='bbox 430 5216 531 5257; x_wconf 81' lang='lat' dir='ltr'><strong>non</strong></span> <span class='ocrx_word' id='word_1_447' title='bbox 569 5203 772 5271; x_wconf 81' lang='lat' dir='ltr'><strong>fuerunt</strong></span> <span class='ocrx_word' id='word_1_448' title='bbox 800 5199 985 5270; x_wconf 87' lang='lat' dir='ltr'><strong>(Rom.</strong></span> <span class='ocrx_word' id='word_1_449' title='bbox 1022 5200 1107 5255; x_wconf 79' lang='lat' dir='ltr'><strong>IO.</strong></span> <span class='ocrx_word' id='word_1_450' title='bbox 1139 5202 1231 5271; x_wconf 81' lang='lat'><strong>‘5).</strong></span> <span class='ocrx_word' id='word_1_451' title='bbox 1268 5201 1541 5270; x_wconf 89' lang='lat' dir='ltr'><strong>Perpende</strong></span> <span class='ocrx_word' id='word_1_452' title='bbox 1572 5203 1727 5271; x_wconf 88' lang='lat' dir='ltr'><strong>igitur</strong></span> <span class='ocrx_word' id='word_1_453' title='bbox 1752 5218 1857 5271; x_wconf 91' lang='lat' dir='ltr'><strong>quo</strong></span> 
     </span>
    </p>
   </div>
   <div class='ocr_carea' id='block_1_54' title="bbox 272 5289 1855 5359">
    <p class='ocr_par' dir='ltr' id='par_1_54' title="bbox 272 5289 1855 5359">
     <span class='ocr_line' id='line_1_54' title="bbox 272 5289 1855 5359; baseline 0.004 -19"><span class='ocrx_word' id='word_1_454' title='bbox 272 5290 467 5344; x_wconf 79' lang='lat' dir='ltr'><strong>affectu</strong></span> <span class='ocrx_word' id='word_1_455' title='bbox 496 5289 661 5345; x_wconf 87' lang='lat' dir='ltr'><strong>fuisse</strong></span> <span class='ocrx_word' id='word_1_456' title='bbox 699 5290 986 5359; x_wconf 83' lang='lat' dir='ltr'><strong>discipulos</strong></span> <span class='ocrx_word' id='word_1_457' title='bbox 1023 5292 1310 5346; x_wconf 90' lang='lat' dir='ltr'><strong>verisimile</strong></span> <span class='ocrx_word' id='word_1_458' title='bbox 1339 5302 1423 5347; x_wconf 92' lang='lat' dir='ltr'><strong>est</strong></span> <span class='ocrx_word' id='word_1_459' title='bbox 1445 5334 1460 5358; x_wconf 94' lang='lat'><strong>,</strong></span> <span class='ocrx_word' id='word_1_460' title='bbox 1496 5293 1610 5345; x_wconf 63' lang='lat' dir='ltr'><strong>bare</strong></span> <span class='ocrx_word' id='word_1_461' title='bbox 1635 5295 1855 5347; x_wconf 85' lang='lat' dir='ltr'><strong>audien-</strong></span> 
     </span>
    </p>
   </div>
   <div class='ocr_carea' id='block_1_55' title="bbox 275 5382 1850 5452">
    <p class='ocr_par' dir='ltr' id='par_1_55' title="bbox 275 5382 1850 5452">
     <span class='ocr_line' id='line_1_55' title="bbox 275 5382 1850 5452; baseline 0.001 -17"><span class='ocrx_word' id='word_1_462' title='bbox 275 5391 394 5446; x_wconf 89' lang='lat' dir='ltr'><strong>tes;</strong></span> <span class='ocrx_word' id='word_1_463' title='bbox 428 5382 569 5450; x_wconf 88' lang='lat' dir='ltr'><strong>quod</strong></span> <span class='ocrx_word' id='word_1_464' title='bbox 612 5396 805 5452; x_wconf 86' lang='lat' dir='ltr'><strong>nempe</strong></span> <span class='ocrx_word' id='word_1_465' title='bbox 840 5382 925 5435; x_wconf 88' lang='lat' dir='ltr'><strong>illa</strong></span> <span class='ocrx_word' id='word_1_466' title='bbox 957 5398 1075 5451; x_wconf 70' lang='lat' dir='ltr'><strong>qua:</strong></span> <span class='ocrx_word' id='word_1_467' title='bbox 1112 5383 1383 5452; x_wconf 90' lang='lat' dir='ltr'><strong>sapientes</strong></span> <span class='ocrx_word' id='word_1_468' title='bbox 1423 5399 1525 5438; x_wconf 89' lang='lat' dir='ltr'><strong>non</strong></span> <span class='ocrx_word' id='word_1_469' title='bbox 1558 5394 1850 5449; x_wconf 88' lang='lat' dir='ltr'><strong>noverant,</strong></span> 
     </span>
    </p>
   </div>
   <div class='ocr_carea' id='block_1_56' title="bbox 273 5474 1855 5546">
    <p class='ocr_par' dir='ltr' id='par_1_56' title="bbox 273 5474 1855 5546">
     <span class='ocr_line' id='line_1_56' title="bbox 273 5474 1855 5546; baseline 0.003 -19"><span class='ocrx_word' id='word_1_470' title='bbox 273 5474 372 5544; x_wconf 79' lang='lat' dir='ltr'><strong>ipsi</strong></span> <span class='ocrx_word' id='word_1_471' title='bbox 404 5475 668 5537; x_wconf 92' lang='lat' dir='ltr'><strong>noverint,</strong></span> <span class='ocrx_word' id='word_1_472' title='bbox 702 5475 1051 5544; x_wconf 90' lang='lat' dir='ltr'><strong>noverintque</strong></span> <span class='ocrx_word' id='word_1_473' title='bbox 1082 5476 1283 5544; x_wconf 85' lang='lat' dir='ltr'><strong>parvuli</strong></span> <span class='ocrx_word' id='word_1_474' title='bbox 1316 5486 1610 5542; x_wconf 88' lang='lat' dir='ltr'><strong>manentes,</strong></span> <span class='ocrx_word' id='word_1_475' title='bbox 1641 5478 1855 5546; x_wconf 90' lang='lat' dir='ltr'><strong>Deoque</strong></span> 
     </span>
    </p>
   </div>
   <div class='ocr_carea' id='block_1_57' title="bbox 274 5565 1855 5637">
    <p class='ocr_par' dir='ltr' id='par_1_57' title="bbox 274 5565 1855 5637">
     <span class='ocr_line' id='line_1_57' title="bbox 274 5565 1855 5637; baseline 0.004 -18"><span class='ocrx_word' id='word_1_476' title='bbox 274 5565 569 5620; x_wconf 88' lang='lat' dir='ltr'><strong>revelante.</strong></span> <span class='ocrx_word' id='word_1_477' title='bbox 613 5566 785 5620; x_wconf 87' lang='lat' dir='ltr'><strong>Lucas</strong></span> <span class='ocrx_word' id='word_1_478' title='bbox 838 5565 985 5636; x_wconf 87' lang='lat' dir='ltr'><strong>(Cap.</strong></span> <span class='ocrx_word' id='word_1_479' title='bbox 1012 5566 1099 5621; x_wconf 80' lang='grc'><strong>10.</strong></span> <span class='ocrx_word' id='word_1_480' title='bbox 1132 5584 1179 5620; x_wconf 87' lang='grc' dir='ltr'><strong>υ.</strong></span> <span class='ocrx_word' id='word_1_481' title='bbox 1207 5569 1291 5621; x_wconf 83' lang='lat' dir='ltr'><strong>I7.</strong></span> <span class='ocrx_word' id='word_1_482' title='bbox 1323 5567 1415 5637; x_wconf 72' lang='grc'><strong>21)</strong></span> <span class='ocrx_word' id='word_1_483' title='bbox 1442 5584 1569 5621; x_wconf 84' lang='lat' dir='ltr'><strong>vero</strong></span> <span class='ocrx_word' id='word_1_484' title='bbox 1599 5570 1756 5633; x_wconf 91' lang='lat' dir='ltr'><strong>dicit,</strong></span> <span class='ocrx_word' id='word_1_485' title='bbox 1804 5572 1855 5627; x_wconf 91' lang='lat' dir='ltr'><strong>in</strong></span> 
     </span>
    </p>
   </div>
   <div class='ocr_carea' id='block_1_58' title="bbox 274 5656 1856 5729">
    <p class='ocr_par' dir='ltr' id='par_1_58' title="bbox 274 5656 1856 5729">
     <span class='ocr_line' id='line_1_58' title="bbox 274 5656 1856 5729; baseline 0.006 -19"><span class='ocrx_word' id='word_1_486' title='bbox 274 5657 364 5710; x_wconf 75' lang='lat' dir='ltr'><strong>illa</strong></span> <span class='ocrx_word' id='word_1_487' title='bbox 394 5656 543 5717; x_wconf 88' lang='lat' dir='ltr'><strong>hora,</strong></span> <span class='ocrx_word' id='word_1_488' title='bbox 572 5671 674 5726; x_wconf 91' lang='lat' dir='ltr'><strong>qua</strong></span> <span class='ocrx_word' id='word_1_489' title='bbox 703 5669 965 5712; x_wconf 86' lang='lat' dir='ltr'><strong>venerunt</strong></span> <span class='ocrx_word' id='word_1_490' title='bbox 991 5660 1319 5729; x_wconf 84' lang='lat' dir='ltr'><strong>septuaginta</strong></span> <span class='ocrx_word' id='word_1_491' title='bbox 1348 5662 1651 5716; x_wconf 91' lang='lat' dir='ltr'><strong>nuntiantes</strong></span> <span class='ocrx_word' id='word_1_492' title='bbox 1675 5663 1761 5718; x_wconf 92' lang='lat' dir='ltr'><strong>illa</strong></span> <span class='ocrx_word' id='word_1_493' title='bbox 1789 5665 1856 5719; x_wconf 85' lang='lat' dir='ltr'><strong>de</strong></span> 
     </span>
    </p>
   </div>
   <div class='ocr_carea' id='block_1_59' title="bbox 274 5749 1858 5822">
    <p class='ocr_par' dir='ltr' id='par_1_59' title="bbox 274 5749 1858 5822">
     <span class='ocr_line' id='line_1_59' title="bbox 274 5749 1858 5822; baseline 0.004 -21"><span class='ocrx_word' id='word_1_494' title='bbox 274 5749 607 5803; x_wconf 64' lang='lat' dir='ltr'><strong>(immunibus</strong></span> <span class='ocrx_word' id='word_1_495' title='bbox 628 5790 640 5812; x_wconf 93' lang='lat'><strong>,</strong></span> <span class='ocrx_word' id='word_1_496' title='bbox 672 5758 797 5803; x_wconf 89' lang='lat' dir='ltr'><strong>tunc</strong></span> <span class='ocrx_word' id='word_1_497' title='bbox 823 5750 1172 5805; x_wconf 80' lang='lat' dir='ltr'><strong>exsultavisse</strong></span> <span class='ocrx_word' id='word_1_498' title='bbox 1197 5759 1250 5803; x_wconf 89' lang='lat' dir='ltr'><strong>et</strong></span> <span class='ocrx_word' id='word_1_499' title='bbox 1278 5750 1365 5804; x_wconf 89' lang='lat' dir='ltr'><strong>illa</strong></span> <span class='ocrx_word' id='word_1_500' title='bbox 1392 5750 1591 5806; x_wconf 83' lang='lat' dir='ltr'><strong>dixisse</strong></span> <span class='ocrx_word' id='word_1_501' title='bbox 1612 5791 1626 5815; x_wconf 87' lang='lat'><strong>,</strong></span> <span class='ocrx_word' id='word_1_502' title='bbox 1659 5770 1776 5822; x_wconf 80' lang='lat' dir='ltr'><strong>qua:</strong></span> <span class='ocrx_word' id='word_1_503' title='bbox 1802 5765 1858 5809; x_wconf 89' lang='lat' dir='ltr'><strong>ut</strong></span> 
     </span>
    </p>
   </div>
   <div class='ocr_carea' id='block_1_60' title="bbox 276 5838 1853 5907">
    <p class='ocr_par' dir='ltr' id='par_1_60' title="bbox 276 5838 1853 5907">
     <span class='ocr_line' id='line_1_60' title="bbox 276 5838 1853 5907; baseline 0.006 -16"><span class='ocrx_word' id='word_1_504' title='bbox 276 5838 623 5894; x_wconf 80' lang='lat' dir='ltr'><strong>studiosiores</strong></span> <span class='ocrx_word' id='word_1_505' title='bbox 673 5841 791 5895; x_wconf 90' lang='lat' dir='ltr'><strong>illos</strong></span> <span class='ocrx_word' id='word_1_506' title='bbox 839 5840 1171 5907; x_wconf 75' lang='lat' dir='ltr'><strong>reddebant,</strong></span> <span class='ocrx_word' id='word_1_507' title='bbox 1213 5841 1281 5896; x_wconf 86' lang='lat' dir='ltr'><strong>ita</strong></span> <span class='ocrx_word' id='word_1_508' title='bbox 1326 5841 1390 5896; x_wconf 88' lang='lat' dir='ltr'><strong>ad</strong></span> <span class='ocrx_word' id='word_1_509' title='bbox 1434 5842 1853 5901; x_wconf 87' lang='lat' dir='ltr'><strong>moderationem</strong></span> 
     </span>
    </p>
   </div>
   <div class='ocr_carea' id='block_1_61' title="bbox 1215 408 2713 473">
    <p class='ocr_par' dir='ltr' id='par_1_61' title="bbox 1215 408 2713 473">
     <span class='ocr_line' id='line_1_61' title="bbox 1215 408 2713 473; baseline 0.002 -3"><span class='ocrx_word' id='word_1_510' title='bbox 1215 415 1278 472; x_wconf 80' lang='lat' dir='ltr'><strong>IN</strong></span> <span class='ocrx_word' id='word_1_511' title='bbox 1317 411 1725 470; x_wconf 68' lang='lat' dir='ltr'><strong>MATTII/EUM</strong></span> <span class='ocrx_word' id='word_1_512' title='bbox 1764 408 1992 465; x_wconf 82' lang='lat' dir='ltr'><strong>lIOMIL.</strong></span> <span class='ocrx_word' id='word_1_513' title='bbox 2032 411 2318 470; x_wconf 81' lang='lat' dir='ltr'><strong>XXXVIII.</strong></span> <span class='ocrx_word' id='word_1_514' title='bbox 2360 417 2429 470; x_wconf 94' lang='lat' dir='ltr'><strong>al.</strong></span> <span class='ocrx_word' id='word_1_515' title='bbox 2471 418 2713 473; x_wconf 75' lang='lat' dir='ltr'><strong>XXXIX.</strong></span> 
     </span>
    </p>
   </div>
   <div class='ocr_carea' id='block_1_62' title="bbox 3470 426 3571 478">
    <p class='ocr_par' dir='ltr' id='par_1_62' title="bbox 3470 426 3571 478">
     <span class='ocr_line' id='line_1_62' title="bbox 3470 426 3571 478; baseline 0 0"><span class='ocrx_word' id='word_1_516' title='bbox 3470 429 3493 478; x_wconf 78' lang='lat' dir='ltr'><strong>.I</strong></span> <span class='ocrx_word' id='word_1_517' title='bbox 3507 426 3571 478; x_wconf 66' lang='grc' dir='ltr'><strong>ΞΟ</strong></span> 
     </span>
    </p>
   </div>
   <div class='ocr_carea' id='block_1_63' title="bbox 1995 523 3563 598">
    <p class='ocr_par' dir='ltr' id='par_1_63' title="bbox 1995 523 3563 598">
     <span class='ocr_line' id='line_1_63' title="bbox 1995 523 3563 598; baseline 0.012 -24"><span class='ocrx_word' id='word_1_518' title='bbox 1995 523 2365 595; x_wconf 88' lang='lat' dir='ltr'><strong>disponebant.</strong></span> <span class='ocrx_word' id='word_1_519' title='bbox 2391 532 2521 598; x_wconf 88' lang='lat' dir='ltr'><strong>Quia</strong></span> <span class='ocrx_word' id='word_1_520' title='bbox 2548 533 2688 587; x_wconf 90' lang='lat' dir='ltr'><strong>enim</strong></span> <span class='ocrx_word' id='word_1_521' title='bbox 2708 536 2990 591; x_wconf 86' lang='lat' dir='ltr'><strong>verisimile</strong></span> <span class='ocrx_word' id='word_1_522' title='bbox 3010 547 3123 591; x_wconf 89' lang='lat' dir='ltr'><strong>erat</strong></span> <span class='ocrx_word' id='word_1_523' title='bbox 3148 539 3266 592; x_wconf 91' lang='lat' dir='ltr'><strong>illos</strong></span> <span class='ocrx_word' id='word_1_524' title='bbox 3292 540 3450 592; x_wconf 86' lang='lat' dir='ltr'><strong>altum</strong></span> <span class='ocrx_word' id='word_1_525' title='bbox 3478 558 3563 592; x_wconf 83' lang='lat' dir='ltr'><strong>sa-</strong></span> 
     </span>
    </p>
   </div>
   <div class='ocr_carea' id='block_1_64' title="bbox 1995 622 3561 699">
    <p class='ocr_par' dir='ltr' id='par_1_64' title="bbox 1995 622 3561 699">
     <span class='ocr_line' id='line_1_64' title="bbox 1995 622 3561 699; baseline 0.011 -30"><span class='ocrx_word' id='word_1_526' title='bbox 1995 633 2120 686; x_wconf 89' lang='lat' dir='ltr'><strong>pere</strong></span> <span class='ocrx_word' id='word_1_527' title='bbox 2144 660 2157 682; x_wconf 97' lang='lat'><strong>,</strong></span> <span class='ocrx_word' id='word_1_528' title='bbox 2189 622 2327 689; x_wconf 92' lang='lat' dir='ltr'><strong>quod</strong></span> <span class='ocrx_word' id='word_1_529' title='bbox 2354 624 2625 680; x_wconf 67' lang='lat' dir='ltr'><strong>dmmonas</strong></span> <span class='ocrx_word' id='word_1_530' title='bbox 2667 626 2959 695; x_wconf 89' lang='lat' dir='ltr'><strong>pellerent,</strong></span> <span class='ocrx_word' id='word_1_531' title='bbox 3004 628 3126 683; x_wconf 85' lang='lat' dir='ltr'><strong>hinc</strong></span> <span class='ocrx_word' id='word_1_532' title='bbox 3157 630 3276 684; x_wconf 91' lang='lat' dir='ltr'><strong>illos</strong></span> <span class='ocrx_word' id='word_1_533' title='bbox 3306 633 3561 699; x_wconf 90' lang='lat' dir='ltr'><strong>reprimit.</strong></span> 
     </span>
    </p>
   </div>
   <div class='ocr_carea' id='block_1_65' title="bbox 1994 708 3562 788">
    <p class='ocr_par' dir='ltr' id='par_1_65' title="bbox 1994 708 3562 788">
     <span class='ocr_line' id='line_1_65' title="bbox 1994 708 3562 788; baseline 0.009 -27"><span class='ocrx_word' id='word_1_534' title='bbox 1994 708 2263 765; x_wconf 74' lang='lat' dir='ltr'><strong>Revelalio</strong></span> <span class='ocrx_word' id='word_1_535' title='bbox 2285 714 2425 768; x_wconf 90' lang='lat' dir='ltr'><strong>enim</strong></span> <span class='ocrx_word' id='word_1_536' title='bbox 2445 725 2560 770; x_wconf 89' lang='lat' dir='ltr'><strong>erat</strong></span> <span class='ocrx_word' id='word_1_537' title='bbox 2585 716 2709 771; x_wconf 93' lang='lat' dir='ltr'><strong>illud</strong></span> <span class='ocrx_word' id='word_1_538' title='bbox 2729 719 2868 788; x_wconf 92' lang='lat' dir='ltr'><strong>quod</strong></span> <span class='ocrx_word' id='word_1_539' title='bbox 2896 718 3089 773; x_wconf 87' lang='lat' dir='ltr'><strong>factum</strong></span> <span class='ocrx_word' id='word_1_540' title='bbox 3112 721 3302 787; x_wconf 89' lang='lat' dir='ltr'><strong>fuerat,</strong></span> <span class='ocrx_word' id='word_1_541' title='bbox 3324 738 3427 775; x_wconf 91' lang='lat' dir='ltr'><strong>non</strong></span> <span class='ocrx_word' id='word_1_542' title='bbox 3456 731 3562 775; x_wconf 84' lang='lat' dir='ltr'><strong>stu-</strong></span> 
     </span>
    </p>
   </div>
   <div class='ocr_carea' id='block_1_66' title="bbox 1990 801 2307 861">
    <p class='ocr_par' dir='ltr' id='par_1_66' title="bbox 1990 801 2307 861">
     <span class='ocr_line' id='line_1_66' title="bbox 1990 801 2307 861; baseline 0.022 -7"><span class='ocrx_word' id='word_1_543' title='bbox 1990 801 2062 856; x_wconf 89' lang='lat' dir='ltr'><strong>dii</strong></span> <span class='ocrx_word' id='word_1_544' title='bbox 2089 802 2307 861; x_wconf 88' lang='lat' dir='ltr'><strong>fructus.</strong></span> 
     </span>
    </p>
   </div>
   <div class='ocr_carea' id='block_1_67' title="bbox 2060 892 3560 975">
    <p class='ocr_par' dir='ltr' id='par_1_67' title="bbox 2060 892 3560 975">
     <span class='ocr_line' id='line_1_67' title="bbox 2060 892 3560 975; baseline 0.009 -30"><span class='ocrx_word' id='word_1_545' title='bbox 2060 892 2110 945; x_wconf 74' lang='lat'><strong>2.</strong></span> <span class='ocrx_word' id='word_1_546' title='bbox 2144 894 2371 966; x_wconf 89' lang='lat' dir='ltr'><strong>Ideoque</strong></span> <span class='ocrx_word' id='word_1_547' title='bbox 2397 900 2584 954; x_wconf 74' lang='lat' dir='ltr'><strong>scribae</strong></span> <span class='ocrx_word' id='word_1_548' title='bbox 2613 911 2667 954; x_wconf 89' lang='lat' dir='ltr'><strong>et</strong></span> <span class='ocrx_word' id='word_1_549' title='bbox 2694 903 2988 971; x_wconf 88' lang='lat' dir='ltr'><strong>sapientes,</strong></span> <span class='ocrx_word' id='word_1_550' title='bbox 3018 906 3106 975; x_wconf 93' lang='lat' dir='ltr'><strong>qui</strong></span> <span class='ocrx_word' id='word_1_551' title='bbox 3137 922 3194 960; x_wconf 89' lang='lat' dir='ltr'><strong>se</strong></span> <span class='ocrx_word' id='word_1_552' title='bbox 3224 906 3475 975; x_wconf 88' lang='lat' dir='ltr'><strong>putabant</strong></span> <span class='ocrx_word' id='word_1_553' title='bbox 3499 922 3560 959; x_wconf 81' lang='lat' dir='ltr'><strong>ex</strong></span> 
     </span>
    </p>
   </div>
   <div class='ocr_carea' id='block_1_68' title="bbox 1988 986 3560 1068">
    <p class='ocr_par' dir='ltr' id='par_1_68' title="bbox 1988 986 3560 1068">
     <span class='ocr_line' id='line_1_68' title="bbox 1988 986 3560 1068; baseline 0.01 -31"><span class='ocrx_word' id='word_1_554' title='bbox 1988 986 2176 1053; x_wconf 88' lang='lat' dir='ltr'><strong>seipsis</strong></span> <span class='ocrx_word' id='word_1_555' title='bbox 2204 989 2487 1056; x_wconf 88' lang='lat' dir='ltr'><strong>prudentes</strong></span> <span class='ocrx_word' id='word_1_556' title='bbox 2508 1009 2645 1057; x_wconf 88' lang='lat' dir='ltr'><strong>esse,</strong></span> <span class='ocrx_word' id='word_1_557' title='bbox 2674 994 2743 1048; x_wconf 91' lang='lat' dir='ltr'><strong>ob</strong></span> <span class='ocrx_word' id='word_1_558' title='bbox 2769 1005 3025 1051; x_wconf 90' lang='lat' dir='ltr'><strong>tumorem</strong></span> <span class='ocrx_word' id='word_1_559' title='bbox 3054 999 3321 1068; x_wconf 90' lang='lat' dir='ltr'><strong>proprium</strong></span> <span class='ocrx_word' id='word_1_560' title='bbox 3350 1000 3560 1053; x_wconf 80' lang='lat' dir='ltr'><strong>excide-</strong></span> 
     </span>
    </p>
   </div>
   <div class='ocr_carea' id='block_1_69' title="bbox 1988 1077 3561 1155">
    <p class='ocr_par' dir='ltr' id='par_1_69' title="bbox 1988 1077 3561 1155">
     <span class='ocr_line' id='line_1_69' title="bbox 1988 1077 3561 1155; baseline 0.009 -26"><span class='ocrx_word' id='word_1_561' title='bbox 1988 1087 2129 1130; x_wconf 90' lang='lat' dir='ltr'><strong>runt.</strong></span> <span class='ocrx_word' id='word_1_562' title='bbox 2160 1077 2212 1133; x_wconf 94' lang='lat' dir='ltr'><strong>Si</strong></span> <span class='ocrx_word' id='word_1_563' title='bbox 2243 1080 2416 1149; x_wconf 88' lang='lat' dir='ltr'><strong>itaque</strong></span> <span class='ocrx_word' id='word_1_564' title='bbox 2445 1083 2493 1137; x_wconf 92' lang='lat' dir='ltr'><strong>id</strong></span> <span class='ocrx_word' id='word_1_565' title='bbox 2526 1085 2629 1139; x_wconf 92' lang='lat' dir='ltr'><strong>illis</strong></span> <span class='ocrx_word' id='word_1_566' title='bbox 2656 1086 2775 1141; x_wconf 93' lang='lat' dir='ltr'><strong>ideo</strong></span> <span class='ocrx_word' id='word_1_567' title='bbox 2804 1087 3169 1142; x_wconf 89' lang='lat' dir='ltr'><strong>absconditum</strong></span> <span class='ocrx_word' id='word_1_568' title='bbox 3200 1098 3314 1155; x_wconf 89' lang='lat' dir='ltr'><strong>est,</strong></span> <span class='ocrx_word' id='word_1_569' title='bbox 3348 1091 3561 1154; x_wconf 87' lang='lat' dir='ltr'><strong>timete,</strong></span> 
     </span>
    </p>
   </div>
   <div class='ocr_carea' id='block_1_70' title="bbox 1988 1168 3561 1241">
    <p class='ocr_par' dir='ltr' id='par_1_70' title="bbox 1988 1168 3561 1241">
     <span class='ocr_line' id='line_1_70' title="bbox 1988 1168 3561 1241; baseline 0.008 -22"><span class='ocrx_word' id='word_1_570' title='bbox 1988 1168 2189 1236; x_wconf 81' lang='lat' dir='ltr'><strong>inquit,</strong></span> <span class='ocrx_word' id='word_1_571' title='bbox 2222 1180 2271 1224; x_wconf 90' lang='lat' dir='ltr'><strong>et</strong></span> <span class='ocrx_word' id='word_1_572' title='bbox 2315 1174 2517 1241; x_wconf 87' lang='lat' dir='ltr'><strong>parvuli</strong></span> <span class='ocrx_word' id='word_1_573' title='bbox 2550 1186 2778 1231; x_wconf 87' lang='lat' dir='ltr'><strong>manete.</strong></span> <span class='ocrx_word' id='word_1_574' title='bbox 2806 1176 2861 1231; x_wconf 91' lang='lat' dir='ltr'><strong>Id</strong></span> <span class='ocrx_word' id='word_1_575' title='bbox 2891 1179 3029 1232; x_wconf 90' lang='lat' dir='ltr'><strong>enim</strong></span> <span class='ocrx_word' id='word_1_576' title='bbox 3062 1180 3233 1234; x_wconf 81' lang='lat' dir='ltr'><strong>effecit</strong></span> <span class='ocrx_word' id='word_1_577' title='bbox 3265 1191 3315 1232; x_wconf 90' lang='lat' dir='ltr'><strong>ut</strong></span> <span class='ocrx_word' id='word_1_578' title='bbox 3353 1181 3561 1234; x_wconf 90' lang='lat' dir='ltr'><strong>revela-</strong></span> 
     </span>
    </p>
   </div>
   <div class='ocr_carea' id='block_1_71' title="bbox 1988 1258 3559 1339">
    <p class='ocr_par' dir='ltr' id='par_1_71' title="bbox 1988 1258 3559 1339">
     <span class='ocr_line' id='line_1_71' title="bbox 1988 1258 3559 1339; baseline 0.008 -29"><span class='ocrx_word' id='word_1_579' title='bbox 1988 1258 2131 1313; x_wconf 88' lang='lat' dir='ltr'><strong>tione</strong></span> <span class='ocrx_word' id='word_1_580' title='bbox 2159 1259 2459 1316; x_wconf 84' lang='lat' dir='ltr'><strong>frueremini</strong></span> <span class='ocrx_word' id='word_1_581' title='bbox 2481 1307 2494 1327; x_wconf 95' lang='lat'><strong>,</strong></span> <span class='ocrx_word' id='word_1_582' title='bbox 2527 1276 2581 1320; x_wconf 89' lang='lat' dir='ltr'><strong>ut</strong></span> <span class='ocrx_word' id='word_1_583' title='bbox 2610 1283 2671 1321; x_wconf 80' lang='lat' dir='ltr'><strong>ex</strong></span> <span class='ocrx_word' id='word_1_584' title='bbox 2694 1271 2963 1323; x_wconf 89' lang='lat' dir='ltr'><strong>contrario</strong></span> <span class='ocrx_word' id='word_1_585' title='bbox 2988 1270 3113 1322; x_wconf 90' lang='lat' dir='ltr'><strong>vitio</strong></span> <span class='ocrx_word' id='word_1_586' title='bbox 3141 1271 3239 1323; x_wconf 77' lang='lat' dir='ltr'><strong>liae</strong></span> <span class='ocrx_word' id='word_1_587' title='bbox 3270 1272 3341 1323; x_wconf 92' lang='lat' dir='ltr'><strong>illi</strong></span> <span class='ocrx_word' id='word_1_588' title='bbox 3374 1272 3559 1339; x_wconf 86' lang='lat' dir='ltr'><strong>privati</strong></span> 
     </span>
    </p>
   </div>
   <div class='ocr_carea' id='block_1_72' title="bbox 1984 1349 3565 1423">
    <p class='ocr_par' dir='ltr' id='par_1_72' title="bbox 1984 1349 3565 1423">
     <span class='ocr_line' id='line_1_72' title="bbox 1984 1349 3565 1423; baseline 0.009 -22"><span class='ocrx_word' id='word_1_589' title='bbox 1984 1358 2127 1401; x_wconf 87' lang='lat' dir='ltr'><strong>sunt.</strong></span> <span class='ocrx_word' id='word_1_590' title='bbox 2149 1349 2279 1404; x_wconf 83' lang='lat' dir='ltr'><strong>Nam</strong></span> <span class='ocrx_word' id='word_1_591' title='bbox 2308 1368 2426 1407; x_wconf 91' lang='lat' dir='ltr'><strong>cum</strong></span> <span class='ocrx_word' id='word_1_592' title='bbox 2454 1354 2598 1420; x_wconf 91' lang='lat' dir='ltr'><strong>dicit,</strong></span> <span class='ocrx_word' id='word_1_593' title='bbox 2624 1358 2892 1423; x_wconf 84' lang='lat' dir='ltr'><strong>Revelasti,</strong></span> <span class='ocrx_word' id='word_1_594' title='bbox 2913 1376 3014 1413; x_wconf 90' lang='lat' dir='ltr'><strong>non</strong></span> <span class='ocrx_word' id='word_1_595' title='bbox 3039 1370 3202 1414; x_wconf 91' lang='lat' dir='ltr'><strong>totum</strong></span> <span class='ocrx_word' id='word_1_596' title='bbox 3226 1378 3289 1415; x_wconf 81' lang='lat' dir='ltr'><strong>ex</strong></span> <span class='ocrx_word' id='word_1_597' title='bbox 3313 1363 3416 1414; x_wconf 75' lang='lat' dir='ltr'><strong>Deo</strong></span> <span class='ocrx_word' id='word_1_598' title='bbox 3445 1378 3565 1416; x_wconf 87' lang='lat' dir='ltr'><strong>esse</strong></span> 
     </span>
    </p>
   </div>
   <div class='ocr_carea' id='block_1_73' title="bbox 1984 1443 3564 1513">
    <p class='ocr_par' dir='ltr' id='par_1_73' title="bbox 1984 1443 3564 1513">
     <span class='ocr_line' id='line_1_73' title="bbox 1984 1443 3564 1513; baseline 0.007 -20"><span class='ocrx_word' id='word_1_599' title='bbox 1984 1443 2195 1505; x_wconf 88' lang='lat' dir='ltr'><strong>asserit,</strong></span> <span class='ocrx_word' id='word_1_600' title='bbox 2228 1443 2319 1498; x_wconf 88' lang='lat' dir='ltr'><strong>sed</strong></span> <span class='ocrx_word' id='word_1_601' title='bbox 2350 1446 2488 1499; x_wconf 90' lang='lat' dir='ltr'><strong>sicut</strong></span> <span class='ocrx_word' id='word_1_602' title='bbox 2512 1462 2631 1500; x_wconf 88' lang='lat' dir='ltr'><strong>cum</strong></span> <span class='ocrx_word' id='word_1_603' title='bbox 2661 1448 2850 1501; x_wconf 86' lang='lat' dir='ltr'><strong>Paulus</strong></span> <span class='ocrx_word' id='word_1_604' title='bbox 2876 1449 3021 1513; x_wconf 91' lang='lat' dir='ltr'><strong>dicit,</strong></span> <span class='ocrx_word' id='word_1_605' title='bbox 3044 1449 3275 1503; x_wconf 87' lang='lat' dir='ltr'><strong>Tradidit</strong></span> <span class='ocrx_word' id='word_1_606' title='bbox 3299 1465 3381 1504; x_wconf 85' lang='lat' dir='ltr'><strong>eos</strong></span> <span class='ocrx_word' id='word_1_607' title='bbox 3407 1454 3456 1503; x_wconf 86' lang='lat' dir='ltr'><strong>in</strong></span> <span class='ocrx_word' id='word_1_608' title='bbox 3484 1469 3564 1504; x_wconf 87' lang='lat' dir='ltr'><strong>re-</strong></span> 
     </span>
    </p>
   </div>
   <div class='ocr_carea' id='block_1_74' title="bbox 1984 1533 3557 1610">
    <p class='ocr_par' dir='ltr' id='par_1_74' title="bbox 1984 1533 3557 1610">
     <span class='ocr_line' id='line_1_74' title="bbox 1984 1533 3557 1610; baseline 0.008 -26"><span class='ocrx_word' id='word_1_609' title='bbox 1984 1533 2195 1600; x_wconf 85' lang='lat' dir='ltr'><strong>probum</strong></span> <span class='ocrx_word' id='word_1_610' title='bbox 2211 1552 2431 1603; x_wconf 88' lang='lat' dir='ltr'><strong>sensum,</strong></span> <span class='ocrx_word' id='word_1_611' title='bbox 2452 1547 2497 1591; x_wconf 90' lang='lat' dir='ltr'><strong>et</strong></span> <span class='ocrx_word' id='word_1_612' title='bbox 2514 1540 2773 1593; x_wconf 68' lang='lat' dir='ltr'><strong>excaecauit</strong></span> <span class='ocrx_word' id='word_1_613' title='bbox 2791 1540 3172 1610; x_wconf 78' lang='lat' dir='ltr'><strong>intelligentiam</strong></span> <span class='ocrx_word' id='word_1_614' title='bbox 3188 1558 3358 1594; x_wconf 87' lang='lat' dir='ltr'><strong>eorum</strong></span> <span class='ocrx_word' id='word_1_615' title='bbox 3381 1542 3557 1610; x_wconf 85' lang='lat' dir='ltr'><strong>(Rom.</strong></span> 
     </span>
    </p>
   </div>
   <div class='ocr_carea' id='block_1_75' title="bbox 1985 1625 3562 1700">
    <p class='ocr_par' dir='ltr' id='par_1_75' title="bbox 1985 1625 3562 1700">
     <span class='ocr_line' id='line_1_75' title="bbox 1985 1625 3562 1700; baseline 0.004 -21"><span class='ocrx_word' id='word_1_616' title='bbox 1985 1626 2037 1679; x_wconf 81' lang='lat' dir='ltr'><strong>l.</strong></span> <span class='ocrx_word' id='word_1_617' title='bbox 2068 1625 2171 1696; x_wconf 74' lang='grc'><strong>28)</strong></span> <span class='ocrx_word' id='word_1_618' title='bbox 2196 1666 2209 1688; x_wconf 86' lang='grc'>,</span> <span class='ocrx_word' id='word_1_619' title='bbox 2241 1641 2348 1681; x_wconf 83' lang='grc' dir='ltr'>ιιοη</span> <span class='ocrx_word' id='word_1_620' title='bbox 2376 1628 2523 1681; x_wconf 92' lang='lat' dir='ltr'><strong>illum</strong></span> <span class='ocrx_word' id='word_1_621' title='bbox 2558 1630 2671 1683; x_wconf 65' lang='lat' dir='ltr'><strong>haec</strong></span> <span class='ocrx_word' id='word_1_622' title='bbox 2698 1631 2875 1684; x_wconf 88' lang='lat' dir='ltr'><strong>omnia</strong></span> <span class='ocrx_word' id='word_1_623' title='bbox 2917 1632 3103 1685; x_wconf 89' lang='lat' dir='ltr'><strong>fecisse</strong></span> <span class='ocrx_word' id='word_1_624' title='bbox 3138 1632 3433 1700; x_wconf 88' lang='lat' dir='ltr'><strong>significat,</strong></span> <span class='ocrx_word' id='word_1_625' title='bbox 3468 1632 3562 1687; x_wconf 77' lang='lat' dir='ltr'><strong>St‘tl</strong></span> 
     </span>
    </p>
   </div>
   <div class='ocr_carea' id='block_1_76' title="bbox 1984 1717 3558 1787">
    <p class='ocr_par' dir='ltr' id='par_1_76' title="bbox 1984 1717 3558 1787">
     <span class='ocr_line' id='line_1_76' title="bbox 1984 1717 3558 1787; baseline 0.001 -17"><span class='ocrx_word' id='word_1_626' title='bbox 1984 1717 2103 1770; x_wconf 90' lang='lat' dir='ltr'><strong>illos</strong></span> <span class='ocrx_word' id='word_1_627' title='bbox 2132 1717 2219 1787; x_wconf 87' lang='lat' dir='ltr'><strong>qui</strong></span> <span class='ocrx_word' id='word_1_628' title='bbox 2245 1732 2458 1773; x_wconf 88' lang='lat' dir='ltr'><strong>causam</strong></span> <span class='ocrx_word' id='word_1_629' title='bbox 2486 1720 2821 1787; x_wconf 48' lang='lat' dir='ltr'><strong>praebuerunt</strong></span> <span class='ocrx_word' id='word_1_630' title='bbox 2849 1740 2859 1773; x_wconf 95' lang='lat'>:</span> <span class='ocrx_word' id='word_1_631' title='bbox 2893 1720 2960 1774; x_wconf 88' lang='lat' dir='ltr'><strong>ita</strong></span> <span class='ocrx_word' id='word_1_632' title='bbox 2987 1731 3041 1775; x_wconf 89' lang='lat' dir='ltr'><strong>et</strong></span> <span class='ocrx_word' id='word_1_633' title='bbox 3070 1718 3303 1775; x_wconf 87' lang='lat' dir='ltr'><strong>bicillud</strong></span> <span class='ocrx_word' id='word_1_634' title='bbox 3319 1717 3415 1781; x_wconf 86' lang='lat' dir='ltr'><strong>ait,</strong></span> <span class='ocrx_word' id='word_1_635' title='bbox 3435 1719 3558 1772; x_wconf 82' lang='lat' dir='ltr'><strong>Abs-</strong></span> 
     </span>
    </p>
   </div>
   <div class='ocr_carea' id='block_1_77' title="bbox 1968 1804 3563 1883">
    <p class='ocr_par' dir='ltr' id='par_1_77' title="bbox 1968 1804 3563 1883">
     <span class='ocr_line' id='line_1_77' title="bbox 1968 1804 3563 1883; baseline 0.003 -24"><span class='ocrx_word' id='word_1_636' title='bbox 1968 1804 2500 1874; x_wconf 87' lang='lat' dir='ltr'><strong>condisti.Quiacnim</strong></span> <span class='ocrx_word' id='word_1_637' title='bbox 2529 1810 2679 1876; x_wconf 84' lang='lat' dir='ltr'><strong>dixit,</strong></span> <span class='ocrx_word' id='word_1_638' title='bbox 2709 1810 2963 1879; x_wconf 83' lang='lat' dir='ltr'><strong>Conﬁteor</strong></span> <span class='ocrx_word' id='word_1_639' title='bbox 2984 1813 3090 1872; x_wconf 90' lang='lat' dir='ltr'><strong>tibi.</strong></span> <span class='ocrx_word' id='word_1_640' title='bbox 3113 1814 3234 1883; x_wconf 87' lang='lat' dir='ltr'><strong>quia</strong></span> <span class='ocrx_word' id='word_1_641' title='bbox 3256 1813 3563 1865; x_wconf 80' lang='lat' dir='ltr'><strong>abscondisti</strong></span> 
     </span>
    </p>
   </div>
   <div class='ocr_carea' id='block_1_78' title="bbox 1980 1901 3563 1975">
    <p class='ocr_par' dir='ltr' id='par_1_78' title="bbox 1980 1901 3563 1975">
     <span class='ocr_line' id='line_1_78' title="bbox 1980 1901 3563 1975; baseline 0.002 -21"><span class='ocrx_word' id='word_1_642' title='bbox 1980 1901 2103 1966; x_wconf 86' lang='lat' dir='ltr'><strong>illis,</strong></span> <span class='ocrx_word' id='word_1_643' title='bbox 2126 1913 2169 1956; x_wconf 87' lang='lat' dir='ltr'><strong>et</strong></span> <span class='ocrx_word' id='word_1_644' title='bbox 2192 1903 2418 1955; x_wconf 87' lang='lat' dir='ltr'><strong>revelasti</strong></span> <span class='ocrx_word' id='word_1_645' title='bbox 2439 1919 2497 1956; x_wconf 89' lang='lat' dir='ltr'><strong>ea</strong></span> <span class='ocrx_word' id='word_1_646' title='bbox 2518 1904 2758 1973; x_wconf 88' lang='lat' dir='ltr'><strong>parvulis,</strong></span> <span class='ocrx_word' id='word_1_647' title='bbox 2786 1921 2852 1959; x_wconf 87' lang='lat' dir='ltr'><strong>ne</strong></span> <span class='ocrx_word' id='word_1_648' title='bbox 2879 1916 3029 1973; x_wconf 89' lang='lat' dir='ltr'><strong>putes</strong></span> <span class='ocrx_word' id='word_1_649' title='bbox 3056 1906 3224 1975; x_wconf 91' lang='lat' dir='ltr'><strong>ipsum</strong></span> <span class='ocrx_word' id='word_1_650' title='bbox 3254 1904 3354 1958; x_wconf 83' lang='lat' dir='ltr'><strong>hac</strong></span> <span class='ocrx_word' id='word_1_651' title='bbox 3373 1906 3563 1957; x_wconf 89' lang='lat' dir='ltr'><strong>virtute</strong></span> 
     </span>
    </p>
   </div>
   <div class='ocr_carea' id='block_1_79' title="bbox 1982 1995 3559 2066">
    <p class='ocr_par' dir='ltr' id='par_1_79' title="bbox 1982 1995 3559 2066">
     <span class='ocr_line' id='line_1_79' title="bbox 1982 1995 3559 2066; baseline -0.001 -17"><span class='ocrx_word' id='word_1_652' title='bbox 1982 1995 2284 2064; x_wconf 87' lang='lat' dir='ltr'><strong>privatum,</strong></span> <span class='ocrx_word' id='word_1_653' title='bbox 2316 2011 2435 2049; x_wconf 91' lang='lat' dir='ltr'><strong>cum</strong></span> <span class='ocrx_word' id='word_1_654' title='bbox 2468 1996 2595 2050; x_wconf 90' lang='lat' dir='ltr'><strong>illud</strong></span> <span class='ocrx_word' id='word_1_655' title='bbox 2624 1996 2837 2051; x_wconf 86' lang='lat' dir='ltr'><strong>efficere</strong></span> <span class='ocrx_word' id='word_1_656' title='bbox 2873 2014 2978 2050; x_wconf 90' lang='lat' dir='ltr'><strong>non</strong></span> <span class='ocrx_word' id='word_1_657' title='bbox 3016 2006 3231 2066; x_wconf 86' lang='lat' dir='ltr'><strong>posset,</strong></span> <span class='ocrx_word' id='word_1_658' title='bbox 3260 1997 3336 2049; x_wconf 91' lang='lat' dir='ltr'><strong>sic</strong></span> <span class='ocrx_word' id='word_1_659' title='bbox 3363 1996 3559 2065; x_wconf 85' lang='lat' dir='ltr'><strong>gratias</strong></span> 
     </span>
    </p>
   </div>
   <div class='ocr_carea' id='block_1_80' title="bbox 1979 2085 3556 2155">
    <p class='ocr_par' dir='ltr' id='par_1_80' title="bbox 1979 2085 3556 2155">
     <span class='ocr_line' id='line_1_80' title="bbox 1979 2085 3556 2155; baseline -0.001 -17"><span class='ocrx_word' id='word_1_660' title='bbox 1979 2100 2158 2155; x_wconf 84' lang='lat' dir='ltr'><strong>agere,</strong></span> <span class='ocrx_word' id='word_1_661' title='bbox 2182 2086 2360 2155; x_wconf 88' lang='lat' dir='ltr'><strong>adjicit</strong></span> <span class='ocrx_word' id='word_1_662' title='bbox 2382 2105 2393 2139; x_wconf 90' lang='lat'>:</span> <span class='ocrx_word' id='word_1_663' title='bbox 2417 2086 2505 2139; x_wconf 75' lang='grc'><strong>27.</strong></span> <span class='ocrx_word' id='word_1_664' title='bbox 2529 2085 2709 2139; x_wconf 84' lang='lat' dir='ltr'><strong>Omnia</strong></span> <span class='ocrx_word' id='word_1_665' title='bbox 2726 2088 2847 2140; x_wconf 84' lang='lat' dir='ltr'><strong>mihi</strong></span> <span class='ocrx_word' id='word_1_666' title='bbox 2867 2087 3052 2140; x_wconf 87' lang='lat' dir='ltr'><strong>tradita</strong></span> <span class='ocrx_word' id='word_1_667' title='bbox 3071 2097 3186 2140; x_wconf 88' lang='lat' dir='ltr'><strong>sunt</strong></span> <span class='ocrx_word' id='word_1_668' title='bbox 3206 2104 3236 2139; x_wconf 89' lang='lat' dir='ltr'><strong>a</strong></span> <span class='ocrx_word' id='word_1_669' title='bbox 3263 2086 3413 2138; x_wconf 86' lang='lat' dir='ltr'><strong>Patre</strong></span> <span class='ocrx_word' id='word_1_670' title='bbox 3430 2103 3556 2138; x_wconf 84' lang='lat' dir='ltr'><strong>meo.</strong></span> 
     </span>
    </p>
   </div>
   <div class='ocr_carea' id='block_1_81' title="bbox 1978 2177 3560 2247">
    <p class='ocr_par' dir='ltr' id='par_1_81' title="bbox 1978 2177 3560 2247">
     <span class='ocr_line' id='line_1_81' title="bbox 1978 2177 3560 2247; baseline -0.001 -16"><span class='ocrx_word' id='word_1_671' title='bbox 1978 2177 2060 2231; x_wconf 81' lang='lat' dir='ltr'><strong>Ad</strong></span> <span class='ocrx_word' id='word_1_672' title='bbox 2098 2192 2189 2231; x_wconf 92' lang='lat' dir='ltr'><strong>eos</strong></span> <span class='ocrx_word' id='word_1_673' title='bbox 2217 2193 2341 2232; x_wconf 86' lang='lat' dir='ltr'><strong>vero</strong></span> <span class='ocrx_word' id='word_1_674' title='bbox 2367 2180 2456 2247; x_wconf 91' lang='lat' dir='ltr'><strong>qui</strong></span> <span class='ocrx_word' id='word_1_675' title='bbox 2489 2178 2820 2241; x_wconf 66' lang='lat' dir='ltr'><strong>laetabantur,</strong></span> <span class='ocrx_word' id='word_1_676' title='bbox 2848 2179 2987 2247; x_wconf 87' lang='lat' dir='ltr'><strong>quod</strong></span> <span class='ocrx_word' id='word_1_677' title='bbox 3025 2178 3297 2233; x_wconf 59' lang='lat' dir='ltr'><strong>daemones</strong></span> <span class='ocrx_word' id='word_1_678' title='bbox 3336 2178 3436 2232; x_wconf 89' lang='lat' dir='ltr'><strong>sibi</strong></span> <span class='ocrx_word' id='word_1_679' title='bbox 3471 2194 3560 2245; x_wconf 88' lang='lat' dir='ltr'><strong>pa-</strong></span> 
     </span>
    </p>
   </div>
   <div class='ocr_carea' id='block_1_82' title="bbox 1978 2268 3558 2338">
    <p class='ocr_par' dir='ltr' id='par_1_82' title="bbox 1978 2268 3558 2338">
     <span class='ocr_line' id='line_1_82' title="bbox 1978 2268 3558 2338; baseline -0.001 -16"><span class='ocrx_word' id='word_1_680' title='bbox 1978 2278 2157 2323; x_wconf 87' lang='lat' dir='ltr'><strong>rerent</strong></span> <span class='ocrx_word' id='word_1_681' title='bbox 2177 2310 2191 2332; x_wconf 95' lang='lat'><strong>,</strong></span> <span class='ocrx_word' id='word_1_682' title='bbox 2218 2268 2355 2335; x_wconf 87' lang='lat' dir='ltr'><strong>Quid</strong></span> <span class='ocrx_word' id='word_1_683' title='bbox 2386 2270 2672 2335; x_wconf 86' lang='lat' dir='ltr'><strong>miramini,</strong></span> <span class='ocrx_word' id='word_1_684' title='bbox 2703 2270 2901 2338; x_wconf 89' lang='lat' dir='ltr'><strong>inquit,</strong></span> <span class='ocrx_word' id='word_1_685' title='bbox 2926 2270 2968 2323; x_wconf 92' lang='lat' dir='ltr'><strong>si</strong></span> <span class='ocrx_word' id='word_1_686' title='bbox 2993 2270 3264 2323; x_wconf 70' lang='lat' dir='ltr'><strong>dtemones</strong></span> <span class='ocrx_word' id='word_1_687' title='bbox 3292 2269 3439 2323; x_wconf 88' lang='lat' dir='ltr'><strong>vobis</strong></span> <span class='ocrx_word' id='word_1_688' title='bbox 3468 2284 3558 2322; x_wconf 91' lang='lat' dir='ltr'><strong>ce-</strong></span> 
     </span>
    </p>
   </div>
   <div class='ocr_carea' id='block_1_83' title="bbox 1978 2359 3557 2424">
    <p class='ocr_par' dir='ltr' id='par_1_83' title="bbox 1978 2359 3557 2424">
     <span class='ocr_line' id='line_1_83' title="bbox 1978 2359 3557 2424; baseline -0.001 -8"><span class='ocrx_word' id='word_1_689' title='bbox 1978 2361 2143 2416; x_wconf 86' lang='lat' dir='ltr'><strong>dant?</strong></span> <span class='ocrx_word' id='word_1_690' title='bbox 2164 2360 2351 2416; x_wconf 90' lang='lat' dir='ltr'><strong>Omnia</strong></span> <span class='ocrx_word' id='word_1_691' title='bbox 2382 2377 2496 2416; x_wconf 91' lang='lat' dir='ltr'><strong>mea</strong></span> <span class='ocrx_word' id='word_1_692' title='bbox 2526 2371 2667 2424; x_wconf 88' lang='lat' dir='ltr'><strong>sunt,</strong></span> <span class='ocrx_word' id='word_1_693' title='bbox 2701 2360 2884 2415; x_wconf 82' lang='lat' dir='ltr'><strong>Omnia</strong></span> <span class='ocrx_word' id='word_1_694' title='bbox 2914 2362 3035 2415; x_wconf 85' lang='lat' dir='ltr'><strong>mihi</strong></span> <span class='ocrx_word' id='word_1_695' title='bbox 3057 2362 3240 2414; x_wconf 86' lang='lat' dir='ltr'><strong>tradita</strong></span> <span class='ocrx_word' id='word_1_696' title='bbox 3262 2371 3395 2415; x_wconf 86' lang='lat' dir='ltr'><strong>sunt.</strong></span> <span class='ocrx_word' id='word_1_697' title='bbox 3424 2359 3557 2414; x_wconf 86' lang='lat' dir='ltr'><strong>Cum</strong></span> 
     </span>
    </p>
   </div>
   <div class='ocr_carea' id='block_1_84' title="bbox 1977 2453 3553 2520">
    <p class='ocr_par' dir='ltr' id='par_1_84' title="bbox 1977 2453 3553 2520">
     <span class='ocr_line' id='line_1_84' title="bbox 1977 2453 3553 2520; baseline -0.003 -11"><span class='ocrx_word' id='word_1_698' title='bbox 1977 2463 2157 2509; x_wconf 85' lang='lat' dir='ltr'><strong>autem</strong></span> <span class='ocrx_word' id='word_1_699' title='bbox 2186 2455 2460 2518; x_wconf 89' lang='lat' dir='ltr'><strong>audieris,</strong></span> <span class='ocrx_word' id='word_1_700' title='bbox 2503 2454 2635 2508; x_wconf 82' lang='lat' dir='ltr'><strong>Mihi</strong></span> <span class='ocrx_word' id='word_1_701' title='bbox 2674 2454 2859 2509; x_wconf 90' lang='lat' dir='ltr'><strong>tradita</strong></span> <span class='ocrx_word' id='word_1_702' title='bbox 2900 2466 3050 2520; x_wconf 85' lang='lat' dir='ltr'><strong>sunt,</strong></span> <span class='ocrx_word' id='word_1_703' title='bbox 3096 2454 3224 2508; x_wconf 85' lang='lat' dir='ltr'><strong>nihil</strong></span> <span class='ocrx_word' id='word_1_704' title='bbox 3267 2453 3553 2507; x_wconf 84' lang='lat' dir='ltr'><strong>humanum</strong></span> 
     </span>
    </p>
   </div>
   <div class='ocr_carea' id='block_1_85' title="bbox 1976 2545 3554 2616">
    <p class='ocr_par' dir='ltr' id='par_1_85' title="bbox 1976 2545 3554 2616">
     <span class='ocr_line' id='line_1_85' title="bbox 1976 2545 3554 2616; baseline -0.003 -14"><span class='ocrx_word' id='word_1_705' title='bbox 1976 2547 2283 2615; x_wconf 87' lang='lat' dir='ltr'><strong>suspiceris.</strong></span> <span class='ocrx_word' id='word_1_706' title='bbox 2317 2546 2391 2600; x_wconf 86' lang='lat' dir='ltr'><strong>Ne</strong></span> <span class='ocrx_word' id='word_1_707' title='bbox 2417 2546 2559 2600; x_wconf 87' lang='lat' dir='ltr'><strong>enim</strong></span> <span class='ocrx_word' id='word_1_708' title='bbox 2585 2546 2718 2600; x_wconf 92' lang='lat' dir='ltr'><strong>duos</strong></span> <span class='ocrx_word' id='word_1_709' title='bbox 2748 2561 2853 2600; x_wconf 90' lang='lat' dir='ltr'><strong>non</strong></span> <span class='ocrx_word' id='word_1_710' title='bbox 2882 2546 3090 2616; x_wconf 87' lang='lat' dir='ltr'><strong>genitos</strong></span> <span class='ocrx_word' id='word_1_711' title='bbox 3110 2545 3240 2600; x_wconf 85' lang='lat' dir='ltr'><strong>deos</strong></span> <span class='ocrx_word' id='word_1_712' title='bbox 3261 2545 3554 2605; x_wconf 77' lang='lat' dir='ltr'><strong>existimes,</strong></span> 
     </span>
    </p>
   </div>
   <div class='ocr_carea' id='block_1_86' title="bbox 1978 2638 3558 2709">
    <p class='ocr_par' dir='ltr' id='par_1_86' title="bbox 1978 2638 3558 2709">
     <span class='ocr_line' id='line_1_86' title="bbox 1978 2638 3558 2709; baseline 0 -17"><span class='ocrx_word' id='word_1_713' title='bbox 1978 2638 2115 2693; x_wconf 90' lang='lat' dir='ltr'><strong>banc</strong></span> <span class='ocrx_word' id='word_1_714' title='bbox 2156 2640 2300 2708; x_wconf 84' lang='lat' dir='ltr'><strong>ponit</strong></span> <span class='ocrx_word' id='word_1_715' title='bbox 2345 2640 2652 2693; x_wconf 88' lang='lat' dir='ltr'><strong>dictionem.</strong></span> <span class='ocrx_word' id='word_1_716' title='bbox 2697 2638 2828 2693; x_wconf 90' lang='lat' dir='ltr'><strong>Nam</strong></span> <span class='ocrx_word' id='word_1_717' title='bbox 2870 2639 3013 2709; x_wconf 91' lang='lat' dir='ltr'><strong>quod</strong></span> <span class='ocrx_word' id='word_1_718' title='bbox 3053 2639 3210 2693; x_wconf 90' lang='lat' dir='ltr'><strong>simul</strong></span> <span class='ocrx_word' id='word_1_719' title='bbox 3252 2639 3463 2709; x_wconf 89' lang='lat' dir='ltr'><strong>genitus</strong></span> <span class='ocrx_word' id='word_1_720' title='bbox 3504 2648 3558 2692; x_wconf 89' lang='lat' dir='ltr'><strong>et</strong></span> 
     </span>
    </p>
   </div>
   <div class='ocr_carea' id='block_1_87' title="bbox 1974 2730 3245 2801">
    <p class='ocr_par' dir='ltr' id='par_1_87' title="bbox 1974 2730 3245 2801">
     <span class='ocr_line' id='line_1_87' title="bbox 1974 2730 3245 2801; baseline -0.002 -16"><span class='ocrx_word' id='word_1_721' title='bbox 1974 2732 2213 2785; x_wconf 90' lang='lat' dir='ltr'><strong>omnium</strong></span> <span class='ocrx_word' id='word_1_722' title='bbox 2246 2732 2498 2784; x_wconf 87' lang='lat' dir='ltr'><strong>Dominus</strong></span> <span class='ocrx_word' id='word_1_723' title='bbox 2524 2732 2612 2795; x_wconf 89' lang='lat' dir='ltr'><strong>sit,</strong></span> <span class='ocrx_word' id='word_1_724' title='bbox 2641 2746 2783 2800; x_wconf 71' lang='lat' dir='ltr'><strong>smpe</strong></span> <span class='ocrx_word' id='word_1_725' title='bbox 2809 2732 2932 2784; x_wconf 87' lang='lat' dir='ltr'><strong>alibi</strong></span> <span class='ocrx_word' id='word_1_726' title='bbox 2964 2730 3245 2801; x_wconf 87' lang='lat' dir='ltr'><strong>significat.</strong></span> 
     </span>
    </p>
   </div>
   <div class='ocr_carea' id='block_1_88' title="bbox 2048 2821 3556 2895">
    <p class='ocr_par' dir='ltr' id='par_1_88' title="bbox 2048 2821 3556 2895">
     <span class='ocr_line' id='line_1_88' title="bbox 2048 2821 3556 2895; baseline -0.002 -18"><span class='ocrx_word' id='word_1_727' title='bbox 2048 2824 2212 2878; x_wconf 86' lang='lat' dir='ltr'><strong>Filius</strong></span> <span class='ocrx_word' id='word_1_728' title='bbox 2242 2824 2464 2895; x_wconf 80' lang='lat' dir='ltr'><strong>ejusdem</strong></span> <span class='ocrx_word' id='word_1_729' title='bbox 2489 2841 2600 2877; x_wconf 90' lang='lat' dir='ltr'><strong>cum</strong></span> <span class='ocrx_word' id='word_1_730' title='bbox 2630 2823 2783 2878; x_wconf 85' lang='lat' dir='ltr'><strong>Patre</strong></span> <span class='ocrx_word' id='word_1_731' title='bbox 2807 2823 3116 2877; x_wconf 69' lang='lat' dir='ltr'><strong>substantiar.</strong></span> <span class='ocrx_word' id='word_1_732' title='bbox 3143 2821 3374 2877; x_wconf 82' lang='lat' dir='ltr'><strong>Marcion</strong></span> <span class='ocrx_word' id='word_1_733' title='bbox 3398 2821 3556 2875; x_wconf 84' lang='lat' dir='ltr'><strong>obiter</strong></span> 
     </span>
    </p>
   </div>
   <div class='ocr_carea' id='block_1_89' title="bbox 1973 2914 3555 2984">
    <p class='ocr_par' dir='ltr' id='par_1_89' title="bbox 1973 2914 3555 2984">
     <span class='ocr_line' id='line_1_89' title="bbox 1973 2914 3555 2984; baseline -0.001 -17"><span class='ocrx_word' id='word_1_734' title='bbox 1973 2917 2236 2983; x_wconf 71' lang='lat' dir='ltr'><strong>refellitur.</strong></span> <span class='ocrx_word' id='word_1_735' title='bbox 2267 2914 2537 2967; x_wconf 79' lang='lat' dir='ltr'><strong>Humilitas</strong></span> <span class='ocrx_word' id='word_1_736' title='bbox 2573 2924 2731 2967; x_wconf 86' lang='lat' dir='ltr'><strong>mater</strong></span> <span class='ocrx_word' id='word_1_737' title='bbox 2773 2923 2843 2967; x_wconf 88' lang='lat' dir='ltr'><strong>est</strong></span> <span class='ocrx_word' id='word_1_738' title='bbox 2897 2916 3058 2968; x_wconf 85' lang='lat' dir='ltr'><strong>omnis</strong></span> <span class='ocrx_word' id='word_1_739' title='bbox 3112 2914 3461 2984; x_wconf 74' lang='lat' dir='ltr'><strong>philosOpItite.</strong></span> <span class='ocrx_word' id='word_1_740' title='bbox 3486 2944 3555 2954; x_wconf 79' lang='lat'>—</span> 
     </span>
    </p>
   </div>
   <div class='ocr_carea' id='block_1_90' title="bbox 1974 3005 3553 3076">
    <p class='ocr_par' dir='ltr' id='par_1_90' title="bbox 1974 3005 3553 3076">
     <span class='ocr_line' id='line_1_90' title="bbox 1974 3005 3553 3076; baseline 0 -17"><span class='ocrx_word' id='word_1_741' title='bbox 1974 3006 2141 3075; x_wconf 86' lang='lat' dir='ltr'><strong>Majus</strong></span> <span class='ocrx_word' id='word_1_742' title='bbox 2169 3006 2436 3076; x_wconf 88' lang='lat' dir='ltr'><strong>quidpiam</strong></span> <span class='ocrx_word' id='word_1_743' title='bbox 2481 3005 2674 3059; x_wconf 90' lang='lat' dir='ltr'><strong>deinde</strong></span> <span class='ocrx_word' id='word_1_744' title='bbox 2713 3006 2858 3071; x_wconf 90' lang='lat' dir='ltr'><strong>dicit,</strong></span> <span class='ocrx_word' id='word_1_745' title='bbox 2894 3015 3230 3075; x_wconf 89' lang='lat' dir='ltr'><strong>mentemque</strong></span> <span class='ocrx_word' id='word_1_746' title='bbox 3261 3005 3553 3060; x_wconf 89' lang='lat' dir='ltr'><strong>tuamdiri-</strong></span> 
     </span>
    </p>
   </div>
   <div class='ocr_carea' id='block_1_91' title="bbox 1968 3096 3556 3167">
    <p class='ocr_par' dir='ltr' id='par_1_91' title="bbox 1968 3096 3556 3167">
     <span class='ocr_line' id='line_1_91' title="bbox 1968 3096 3556 3167; baseline 0 -16"><span class='ocrx_word' id='word_1_747' title='bbox 1968 3098 2041 3167; x_wconf 85' lang='lat' dir='ltr'><strong>git</strong></span> <span class='ocrx_word' id='word_1_748' title='bbox 2072 3099 2087 3128; x_wconf 74' lang='grc' dir='ltr'>ί</span> <span class='ocrx_word' id='word_1_749' title='bbox 2116 3116 2127 3147; x_wconf 92' lang='lat'><strong>:</strong></span> <span class='ocrx_word' id='word_1_750' title='bbox 2161 3097 2224 3150; x_wconf 81' lang='lat' dir='ltr'><strong>Et</strong></span> <span class='ocrx_word' id='word_1_751' title='bbox 2242 3115 2385 3150; x_wconf 86' lang='lat' dir='ltr'><strong>nemo</strong></span> <span class='ocrx_word' id='word_1_752' title='bbox 2407 3100 2539 3150; x_wconf 88' lang='lat' dir='ltr'><strong>novit</strong></span> <span class='ocrx_word' id='word_1_753' title='bbox 2570 3097 2781 3162; x_wconf 80' lang='lat' dir='ltr'><strong>Filium,</strong></span> <span class='ocrx_word' id='word_1_754' title='bbox 2818 3098 2913 3151; x_wconf 88' lang='lat' dir='ltr'><strong>nisi</strong></span> <span class='ocrx_word' id='word_1_755' title='bbox 2945 3096 3137 3162; x_wconf 87' lang='lat' dir='ltr'><strong>Pater;</strong></span> <span class='ocrx_word' id='word_1_756' title='bbox 3164 3114 3318 3164; x_wconf 85' lang='lat' dir='ltr'><strong>neque</strong></span> <span class='ocrx_word' id='word_1_757' title='bbox 3348 3097 3556 3151; x_wconf 84' lang='lat' dir='ltr'><strong>Patrem</strong></span> 
     </span>
    </p>
   </div>
   <div class='ocr_carea' id='block_1_92' title="bbox 1970 3190 3555 3261">
    <p class='ocr_par' dir='ltr' id='par_1_92' title="bbox 1970 3190 3555 3261">
     <span class='ocr_line' id='line_1_92' title="bbox 1970 3190 3555 3261; baseline 0 -19"><span class='ocrx_word' id='word_1_758' title='bbox 1970 3192 2083 3258; x_wconf 83' lang='lat' dir='ltr'><strong>quis</strong></span> <span class='ocrx_word' id='word_1_759' title='bbox 2111 3192 2263 3255; x_wconf 86' lang='lat' dir='ltr'><strong>novit,</strong></span> <span class='ocrx_word' id='word_1_760' title='bbox 2286 3191 2384 3243; x_wconf 88' lang='lat' dir='ltr'><strong>nisi</strong></span> <span class='ocrx_word' id='word_1_761' title='bbox 2403 3190 2586 3244; x_wconf 87' lang='lat' dir='ltr'><strong>Filius.</strong></span> <span class='ocrx_word' id='word_1_762' title='bbox 2608 3190 2829 3245; x_wconf 85' lang='lat' dir='ltr'><strong>Videtur</strong></span> <span class='ocrx_word' id='word_1_763' title='bbox 2853 3200 3028 3245; x_wconf 91' lang='lat' dir='ltr'><strong>autem</strong></span> <span class='ocrx_word' id='word_1_764' title='bbox 3055 3192 3136 3254; x_wconf 90' lang='lat' dir='ltr'><strong>iis,</strong></span> <span class='ocrx_word' id='word_1_765' title='bbox 3156 3193 3243 3261; x_wconf 89' lang='lat' dir='ltr'><strong>qui</strong></span> <span class='ocrx_word' id='word_1_766' title='bbox 3273 3206 3383 3245; x_wconf 91' lang='lat' dir='ltr'><strong>rem</strong></span> <span class='ocrx_word' id='word_1_767' title='bbox 3408 3191 3555 3261; x_wconf 87' lang='lat' dir='ltr'><strong>igno-</strong></span> 
     </span>
    </p>
   </div>
   <div class='ocr_carea' id='block_1_93' title="bbox 1973 3283 3555 3354">
    <p class='ocr_par' dir='ltr' id='par_1_93' title="bbox 1973 3283 3555 3354">
     <span class='ocr_line' id='line_1_93' title="bbox 1973 3283 3555 3354; baseline -0.003 -15"><span class='ocrx_word' id='word_1_768' title='bbox 1973 3294 2113 3351; x_wconf 90' lang='lat' dir='ltr'><strong>rant,</strong></span> <span class='ocrx_word' id='word_1_769' title='bbox 2139 3284 2253 3339; x_wconf 71' lang='lat' dir='ltr'><strong>lucc</strong></span> <span class='ocrx_word' id='word_1_770' title='bbox 2293 3300 2397 3338; x_wconf 90' lang='lat' dir='ltr'><strong>non</strong></span> <span class='ocrx_word' id='word_1_771' title='bbox 2429 3284 2635 3339; x_wconf 63' lang='lat' dir='ltr'><strong>haerere</strong></span> <span class='ocrx_word' id='word_1_772' title='bbox 2664 3284 3064 3354; x_wconf 88' lang='lat' dir='ltr'><strong>superioribus:</strong></span> <span class='ocrx_word' id='word_1_773' title='bbox 3094 3293 3147 3338; x_wconf 90' lang='lat' dir='ltr'><strong>at</strong></span> <span class='ocrx_word' id='word_1_774' title='bbox 3172 3285 3335 3339; x_wconf 90' lang='lat' dir='ltr'><strong>multa</strong></span> <span class='ocrx_word' id='word_1_775' title='bbox 3363 3294 3445 3338; x_wconf 90' lang='lat' dir='ltr'><strong>est</strong></span> <span class='ocrx_word' id='word_1_776' title='bbox 3476 3283 3555 3336; x_wconf 90' lang='lat' dir='ltr'><strong>in-</strong></span> 
     </span>
    </p>
   </div>
   <div class='ocr_carea' id='block_1_94' title="bbox 1973 3374 3555 3443">
    <p class='ocr_par' dir='ltr' id='par_1_94' title="bbox 1973 3374 3555 3443">
     <span class='ocr_line' id='line_1_94' title="bbox 1973 3374 3555 3443; baseline -0.001 -13"><span class='ocrx_word' id='word_1_777' title='bbox 1973 3386 2051 3430; x_wconf 88' lang='lat' dir='ltr'><strong>ter</strong></span> <span class='ocrx_word' id='word_1_778' title='bbox 2073 3376 2186 3431; x_wconf 81' lang='lat' dir='ltr'><strong>lucc</strong></span> <span class='ocrx_word' id='word_1_779' title='bbox 2208 3376 2573 3430; x_wconf 87' lang='lat' dir='ltr'><strong>consonantia.</strong></span> <span class='ocrx_word' id='word_1_780' title='bbox 2599 3375 2733 3443; x_wconf 86' lang='lat' dir='ltr'><strong>Quia</strong></span> <span class='ocrx_word' id='word_1_781' title='bbox 2777 3377 2919 3431; x_wconf 87' lang='lat' dir='ltr'><strong>enim</strong></span> <span class='ocrx_word' id='word_1_782' title='bbox 2946 3375 3169 3441; x_wconf 80' lang='lat' dir='ltr'><strong>dixerat,</strong></span> <span class='ocrx_word' id='word_1_783' title='bbox 3202 3374 3385 3428; x_wconf 85' lang='lat' dir='ltr'><strong>Omnia</strong></span> <span class='ocrx_word' id='word_1_784' title='bbox 3428 3375 3555 3428; x_wconf 82' lang='lat' dir='ltr'><strong>mihi</strong></span> 
     </span>
    </p>
   </div>
   <div class='ocr_carea' id='block_1_95' title="bbox 1969 3466 3548 3537">
    <p class='ocr_par' dir='ltr' id='par_1_95' title="bbox 1969 3466 3548 3537">
     <span class='ocr_line' id='line_1_95' title="bbox 1969 3466 3548 3537; baseline -0.001 -17"><span class='ocrx_word' id='word_1_785' title='bbox 1969 3470 2154 3521; x_wconf 89' lang='lat' dir='ltr'><strong>tradita</strong></span> <span class='ocrx_word' id='word_1_786' title='bbox 2194 3478 2309 3522; x_wconf 90' lang='lat' dir='ltr'><strong>sunt</strong></span> <span class='ocrx_word' id='word_1_787' title='bbox 2347 3487 2378 3521; x_wconf 92' lang='lat' dir='ltr'><strong>a</strong></span> <span class='ocrx_word' id='word_1_788' title='bbox 2417 3467 2571 3521; x_wconf 84' lang='lat' dir='ltr'><strong>Patre</strong></span> <span class='ocrx_word' id='word_1_789' title='bbox 2592 3485 2721 3535; x_wconf 88' lang='lat' dir='ltr'><strong>meo,</strong></span> <span class='ocrx_word' id='word_1_790' title='bbox 2745 3467 3012 3537; x_wconf 88' lang='lat' dir='ltr'><strong>subjungit</strong></span> <span class='ocrx_word' id='word_1_791' title='bbox 3044 3485 3056 3519; x_wconf 90' lang='lat'>:</span> <span class='ocrx_word' id='word_1_792' title='bbox 3093 3466 3292 3536; x_wconf 87' lang='lat' dir='ltr'><strong>Ecquid</strong></span> <span class='ocrx_word' id='word_1_793' title='bbox 3335 3466 3548 3531; x_wconf 90' lang='lat' dir='ltr'><strong>mirum,</strong></span> 
     </span>
    </p>
   </div>
   <div class='ocr_carea' id='block_1_96' title="bbox 1968 3556 3547 3627">
    <p class='ocr_par' dir='ltr' id='par_1_96' title="bbox 1968 3556 3547 3627">
     <span class='ocr_line' id='line_1_96' title="bbox 1968 3556 3547 3627; baseline -0.004 -13"><span class='ocrx_word' id='word_1_794' title='bbox 1968 3561 2011 3614; x_wconf 87' lang='lat' dir='ltr'><strong>si</strong></span> <span class='ocrx_word' id='word_1_795' title='bbox 2056 3562 2291 3613; x_wconf 90' lang='lat' dir='ltr'><strong>omnium</strong></span> <span class='ocrx_word' id='word_1_796' title='bbox 2334 3560 2433 3613; x_wconf 89' lang='lat' dir='ltr'><strong>sim</strong></span> <span class='ocrx_word' id='word_1_797' title='bbox 2464 3560 2736 3624; x_wconf 89' lang='lat' dir='ltr'><strong>Dominus,</strong></span> <span class='ocrx_word' id='word_1_798' title='bbox 2777 3574 2896 3613; x_wconf 92' lang='lat' dir='ltr'><strong>cum</strong></span> <span class='ocrx_word' id='word_1_799' title='bbox 2926 3557 3066 3611; x_wconf 90' lang='lat' dir='ltr'><strong>aliud</strong></span> <span class='ocrx_word' id='word_1_800' title='bbox 3099 3557 3268 3627; x_wconf 90' lang='lat' dir='ltr'><strong>majus</strong></span> <span class='ocrx_word' id='word_1_801' title='bbox 3303 3556 3547 3620; x_wconf 86' lang='lat' dir='ltr'><strong>habeam,</strong></span> 
     </span>
    </p>
   </div>
   <div class='ocr_carea' id='block_1_97' title="bbox 1968 3649 3551 3720">
    <p class='ocr_par' dir='ltr' id='par_1_97' title="bbox 1968 3649 3551 3720">
     <span class='ocr_line' id='line_1_97' title="bbox 1968 3649 3551 3720; baseline 0 -18"><span class='ocrx_word' id='word_1_802' title='bbox 1968 3652 2107 3720; x_wconf 89' lang='lat' dir='ltr'><strong>quod</strong></span> <span class='ocrx_word' id='word_1_803' title='bbox 2137 3650 2346 3705; x_wconf 88' lang='lat' dir='ltr'><strong>Patrem</strong></span> <span class='ocrx_word' id='word_1_804' title='bbox 2378 3665 2711 3720; x_wconf 87' lang='lat' dir='ltr'><strong>cognoscam,</strong></span> <span class='ocrx_word' id='word_1_805' title='bbox 2740 3660 2791 3704; x_wconf 90' lang='lat' dir='ltr'><strong>et</strong></span> <span class='ocrx_word' id='word_1_806' title='bbox 2814 3649 3051 3719; x_wconf 89' lang='lat' dir='ltr'><strong>ejusdem</strong></span> <span class='ocrx_word' id='word_1_807' title='bbox 3074 3664 3193 3703; x_wconf 92' lang='lat' dir='ltr'><strong>cum</strong></span> <span class='ocrx_word' id='word_1_808' title='bbox 3221 3663 3285 3702; x_wconf 81' lang='lat' dir='ltr'><strong>eo</strong></span> <span class='ocrx_word' id='word_1_809' title='bbox 3306 3649 3551 3703; x_wconf 85' lang='lat' dir='ltr'><strong>substan-</strong></span> 
     </span>
    </p>
   </div>
   <div class='ocr_carea' id='block_1_98' title="bbox 1970 3741 3546 3811">
    <p class='ocr_par' dir='ltr' id='par_1_98' title="bbox 1970 3741 3546 3811">
     <span class='ocr_line' id='line_1_98' title="bbox 1970 3741 3546 3811; baseline -0.003 -14"><span class='ocrx_word' id='word_1_810' title='bbox 1970 3745 2054 3797; x_wconf 72' lang='lat' dir='ltr'><strong>tim</strong></span> <span class='ocrx_word' id='word_1_811' title='bbox 2084 3745 2181 3797; x_wconf 91' lang='lat' dir='ltr'><strong>sim</strong></span> <span class='ocrx_word' id='word_1_812' title='bbox 2206 3744 2228 3794; x_wconf 91' lang='lat'><strong>?</strong></span> <span class='ocrx_word' id='word_1_813' title='bbox 2268 3742 2474 3796; x_wconf 89' lang='lat' dir='ltr'><strong>Etenim</strong></span> <span class='ocrx_word' id='word_1_814' title='bbox 2508 3742 2607 3795; x_wconf 85' lang='lat' dir='ltr'><strong>hoc</strong></span> <span class='ocrx_word' id='word_1_815' title='bbox 2634 3742 2891 3795; x_wconf 90' lang='lat' dir='ltr'><strong>occultius</strong></span> <span class='ocrx_word' id='word_1_816' title='bbox 2922 3741 3184 3811; x_wconf 87' lang='lat' dir='ltr'><strong>significat</strong></span> <span class='ocrx_word' id='word_1_817' title='bbox 3220 3756 3287 3794; x_wconf 83' lang='lat' dir='ltr'><strong>ex</strong></span> <span class='ocrx_word' id='word_1_818' title='bbox 3317 3756 3380 3794; x_wconf 92' lang='lat' dir='ltr'><strong>co</strong></span> <span class='ocrx_word' id='word_1_819' title='bbox 3409 3741 3546 3810; x_wconf 89' lang='lat' dir='ltr'><strong>quod</strong></span> 
     </span>
    </p>
   </div>
   <div class='ocr_carea' id='block_1_99' title="bbox 1969 3832 3547 3903">
    <p class='ocr_par' dir='ltr' id='par_1_99' title="bbox 1969 3832 3547 3903">
     <span class='ocr_line' id='line_1_99' title="bbox 1969 3832 3547 3903; baseline -0.003 -14"><span class='ocrx_word' id='word_1_820' title='bbox 1969 3837 2119 3889; x_wconf 83' lang='lat' dir='ltr'><strong>Solus</strong></span> <span class='ocrx_word' id='word_1_821' title='bbox 2150 3834 2322 3903; x_wconf 91' lang='lat' dir='ltr'><strong>ipsum</strong></span> <span class='ocrx_word' id='word_1_822' title='bbox 2371 3842 2674 3903; x_wconf 84' lang='lat' dir='ltr'><strong>cognoscat.</strong></span> <span class='ocrx_word' id='word_1_823' title='bbox 2706 3834 2837 3887; x_wconf 83' lang='lat' dir='ltr'><strong>Cum</strong></span> <span class='ocrx_word' id='word_1_824' title='bbox 2866 3834 3009 3887; x_wconf 91' lang='lat' dir='ltr'><strong>enim</strong></span> <span class='ocrx_word' id='word_1_825' title='bbox 3040 3833 3187 3898; x_wconf 90' lang='lat' dir='ltr'><strong>dicit,</strong></span> <span class='ocrx_word' id='word_1_826' title='bbox 3222 3832 3384 3885; x_wconf 81' lang='lat' dir='ltr'><strong>Nemo</strong></span> <span class='ocrx_word' id='word_1_827' title='bbox 3415 3834 3547 3884; x_wconf 76' lang='lat' dir='ltr'><strong>novit</strong></span> 
     </span>
    </p>
   </div>
   <div class='ocr_carea' id='block_1_100' title="bbox 1969 3925 3544 3995">
    <p class='ocr_par' dir='ltr' id='par_1_100' title="bbox 1969 3925 3544 3995">
     <span class='ocr_line' id='line_1_100' title="bbox 1969 3925 3544 3995; baseline -0.003 -15"><span class='ocrx_word' id='word_1_828' title='bbox 1969 3926 2180 3980; x_wconf 88' lang='lat' dir='ltr'><strong>Patrem</strong></span> <span class='ocrx_word' id='word_1_829' title='bbox 2197 3927 2293 3980; x_wconf 88' lang='lat' dir='ltr'><strong>nisi</strong></span> <span class='ocrx_word' id='word_1_830' title='bbox 2312 3925 2498 3991; x_wconf 86' lang='lat' dir='ltr'><strong>Filius,</strong></span> <span class='ocrx_word' id='word_1_831' title='bbox 2528 3926 2629 3980; x_wconf 85' lang='lat' dir='ltr'><strong>llOC</strong></span> <span class='ocrx_word' id='word_1_832' title='bbox 2653 3925 2933 3995; x_wconf 88' lang='lat' dir='ltr'><strong>significat.</strong></span> <span class='ocrx_word' id='word_1_833' title='bbox 2966 3925 3035 3979; x_wconf 86' lang='lat' dir='ltr'><strong>Et</strong></span> <span class='ocrx_word' id='word_1_834' title='bbox 3065 3925 3187 3979; x_wconf 85' lang='lat' dir='ltr'><strong>vide</strong></span> <span class='ocrx_word' id='word_1_835' title='bbox 3212 3925 3544 3995; x_wconf 87' lang='lat' dir='ltr'><strong>quandonam</strong></span> 
     </span>
    </p>
   </div>
   <div class='ocr_carea' id='block_1_101' title="bbox 1966 4016 3543 4086">
    <p class='ocr_par' dir='ltr' id='par_1_101' title="bbox 1966 4016 3543 4086">
     <span class='ocr_line' id='line_1_101' title="bbox 1966 4016 3543 4086; baseline -0.003 -15"><span class='ocrx_word' id='word_1_836' title='bbox 1966 4018 2081 4073; x_wconf 78' lang='lat' dir='ltr'><strong>haec</strong></span> <span class='ocrx_word' id='word_1_837' title='bbox 2106 4018 2268 4072; x_wconf 88' lang='lat' dir='ltr'><strong>dicat.</strong></span> <span class='ocrx_word' id='word_1_838' title='bbox 2292 4018 2423 4072; x_wconf 89' lang='lat' dir='ltr'><strong>Cum</strong></span> <span class='ocrx_word' id='word_1_839' title='bbox 2453 4033 2646 4086; x_wconf 83' lang='lat' dir='ltr'><strong>nempe</strong></span> <span class='ocrx_word' id='word_1_840' title='bbox 2676 4033 2771 4086; x_wconf 88' lang='lat' dir='ltr'><strong>per</strong></span> <span class='ocrx_word' id='word_1_841' title='bbox 2793 4032 2952 4085; x_wconf 90' lang='lat' dir='ltr'><strong>opera</strong></span> <span class='ocrx_word' id='word_1_842' title='bbox 2981 4016 3094 4085; x_wconf 89' lang='lat' dir='ltr'><strong>ejus</strong></span> <span class='ocrx_word' id='word_1_843' title='bbox 3125 4017 3409 4085; x_wconf 85' lang='lat' dir='ltr'><strong>potentiam</strong></span> <span class='ocrx_word' id='word_1_844' title='bbox 3437 4016 3543 4069; x_wconf 90' lang='lat' dir='ltr'><strong>cla-</strong></span> 
     </span>
    </p>
   </div>
   <div class='ocr_carea' id='block_1_102' title="bbox 1965 4107 3545 4177">
    <p class='ocr_par' dir='ltr' id='par_1_102' title="bbox 1965 4107 3545 4177">
     <span class='ocr_line' id='line_1_102' title="bbox 1965 4107 3545 4177; baseline -0.003 -12"><span class='ocrx_word' id='word_1_845' title='bbox 1965 4128 2023 4165; x_wconf 87' lang='lat' dir='ltr'><strong>re</strong></span> <span class='ocrx_word' id='word_1_846' title='bbox 2049 4111 2461 4165; x_wconf 89' lang='lat' dir='ltr'><strong>demonstratam</strong></span> <span class='ocrx_word' id='word_1_847' title='bbox 2490 4111 2764 4173; x_wconf 88' lang='lat' dir='ltr'><strong>haberent,</strong></span> <span class='ocrx_word' id='word_1_848' title='bbox 2789 4125 2908 4163; x_wconf 91' lang='lat' dir='ltr'><strong>cum</strong></span> <span class='ocrx_word' id='word_1_849' title='bbox 2938 4125 3040 4161; x_wconf 91' lang='lat' dir='ltr'><strong>non</strong></span> <span class='ocrx_word' id='word_1_850' title='bbox 3064 4109 3221 4161; x_wconf 91' lang='lat' dir='ltr'><strong>modo</strong></span> <span class='ocrx_word' id='word_1_851' title='bbox 3250 4109 3419 4177; x_wconf 88' lang='lat' dir='ltr'><strong>ipsum</strong></span> <span class='ocrx_word' id='word_1_852' title='bbox 3449 4107 3545 4160; x_wconf 77' lang='lat' dir='ltr'><strong>mi—</strong></span> 
     </span>
    </p>
   </div>
   <div class='ocr_carea' id='block_1_103' title="bbox 1964 4199 3544 4272">
    <p class='ocr_par' dir='ltr' id='par_1_103' title="bbox 1964 4199 3544 4272">
     <span class='ocr_line' id='line_1_103' title="bbox 1964 4199 3544 4272; baseline -0.002 -16"><span class='ocrx_word' id='word_1_853' title='bbox 1964 4203 2138 4257; x_wconf 89' lang='lat' dir='ltr'><strong>racula</strong></span> <span class='ocrx_word' id='word_1_854' title='bbox 2171 4210 2463 4272; x_wconf 83' lang='lat' dir='ltr'><strong>patrantem</strong></span> <span class='ocrx_word' id='word_1_855' title='bbox 2486 4202 2872 4265; x_wconf 87' lang='lat' dir='ltr'><strong>vidissent,sed</strong></span> <span class='ocrx_word' id='word_1_856' title='bbox 2899 4202 2993 4269; x_wconf 90' lang='lat' dir='ltr'><strong>ipsi</strong></span> <span class='ocrx_word' id='word_1_857' title='bbox 3016 4216 3225 4269; x_wconf 85' lang='lat' dir='ltr'><strong>quoque</strong></span> <span class='ocrx_word' id='word_1_858' title='bbox 3251 4200 3300 4253; x_wconf 93' lang='lat' dir='ltr'><strong>in</strong></span> <span class='ocrx_word' id='word_1_859' title='bbox 3330 4199 3544 4253; x_wconf 90' lang='lat' dir='ltr'><strong>nomine</strong></span> 
     </span>
    </p>
   </div>
   <div class='ocr_carea' id='block_1_104' title="bbox 1966 4292 3539 4364">
    <p class='ocr_par' dir='ltr' id='par_1_104' title="bbox 1966 4292 3539 4364">
     <span class='ocr_line' id='line_1_104' title="bbox 1966 4292 3539 4364; baseline -0.003 -16"><span class='ocrx_word' id='word_1_860' title='bbox 1966 4295 2132 4364; x_wconf 85' lang='lat' dir='ltr'><strong>ipsius</strong></span> <span class='ocrx_word' id='word_1_861' title='bbox 2167 4303 2310 4348; x_wconf 89' lang='lat' dir='ltr'><strong>tanta</strong></span> <span class='ocrx_word' id='word_1_862' title='bbox 2353 4294 2513 4348; x_wconf 89' lang='lat' dir='ltr'><strong>edere</strong></span> <span class='ocrx_word' id='word_1_863' title='bbox 2549 4294 2861 4363; x_wconf 86' lang='lat' dir='ltr'><strong>potuissent.</strong></span> <span class='ocrx_word' id='word_1_864' title='bbox 2893 4292 3123 4355; x_wconf 91' lang='lat' dir='ltr'><strong>Deinde,</strong></span> <span class='ocrx_word' id='word_1_865' title='bbox 3157 4293 3276 4362; x_wconf 91' lang='lat' dir='ltr'><strong>quia</strong></span> <span class='ocrx_word' id='word_1_866' title='bbox 3314 4292 3539 4357; x_wconf 81' lang='lat' dir='ltr'><strong>dixerat,</strong></span> 
     </span>
    </p>
   </div>
   <div class='ocr_carea' id='block_1_105' title="bbox 1964 4383 3542 4454">
    <p class='ocr_par' dir='ltr' id='par_1_105' title="bbox 1964 4383 3542 4454">
     <span class='ocr_line' id='line_1_105' title="bbox 1964 4383 3542 4454; baseline -0.002 -14"><span class='ocrx_word' id='word_1_867' title='bbox 1964 4386 2217 4441; x_wconf 84' lang='lat' dir='ltr'><strong>Revelasti</strong></span> <span class='ocrx_word' id='word_1_868' title='bbox 2242 4402 2302 4440; x_wconf 90' lang='lat' dir='ltr'><strong>ea</strong></span> <span class='ocrx_word' id='word_1_869' title='bbox 2333 4385 2575 4454; x_wconf 85' lang='lat' dir='ltr'><strong>parvulis,</strong></span> <span class='ocrx_word' id='word_1_870' title='bbox 2606 4385 2838 4440; x_wconf 88' lang='lat' dir='ltr'><strong>ostendit</strong></span> <span class='ocrx_word' id='word_1_871' title='bbox 2878 4384 2977 4438; x_wconf 89' lang='lat' dir='ltr'><strong>hoc</strong></span> <span class='ocrx_word' id='word_1_872' title='bbox 3003 4385 3161 4437; x_wconf 90' lang='lat' dir='ltr'><strong>etiam</strong></span> <span class='ocrx_word' id='word_1_873' title='bbox 3191 4383 3258 4437; x_wconf 90' lang='lat' dir='ltr'><strong>ad</strong></span> <span class='ocrx_word' id='word_1_874' title='bbox 3289 4399 3346 4437; x_wconf 87' lang='lat' dir='ltr'><strong>se</strong></span> <span class='ocrx_word' id='word_1_875' title='bbox 3377 4386 3542 4452; x_wconf 84' lang='lat' dir='ltr'><strong>perti-</strong></span> 
     </span>
    </p>
   </div>
   <div class='ocr_carea' id='block_1_106' title="bbox 1965 4476 3543 4543">
    <p class='ocr_par' dir='ltr' id='par_1_106' title="bbox 1965 4476 3543 4543">
     <span class='ocr_line' id='line_1_106' title="bbox 1965 4476 3543 4543; baseline -0.003 -10"><span class='ocrx_word' id='word_1_876' title='bbox 1965 4496 2092 4535; x_wconf 90' lang='lat' dir='ltr'><strong>nere</strong></span> <span class='ocrx_word' id='word_1_877' title='bbox 2121 4498 2133 4533; x_wconf 92' lang='lat'><strong>:</strong></span> <span class='ocrx_word' id='word_1_878' title='bbox 2168 4496 2288 4533; x_wconf 90' lang='lat' dir='ltr'><strong>nam</strong></span> <span class='ocrx_word' id='word_1_879' title='bbox 2318 4480 2412 4543; x_wconf 92' lang='lat' dir='ltr'><strong>ait,</strong></span> <span class='ocrx_word' id='word_1_880' title='bbox 2442 4477 2607 4531; x_wconf 88' lang='lat' dir='ltr'><strong>Nemo</strong></span> <span class='ocrx_word' id='word_1_881' title='bbox 2635 4480 2768 4532; x_wconf 89' lang='lat' dir='ltr'><strong>navit</strong></span> <span class='ocrx_word' id='word_1_882' title='bbox 2799 4477 3018 4543; x_wconf 86' lang='lat' dir='ltr'><strong>Patrem,</strong></span> <span class='ocrx_word' id='word_1_883' title='bbox 3060 4478 3157 4530; x_wconf 91' lang='lat' dir='ltr'><strong>nisi</strong></span> <span class='ocrx_word' id='word_1_884' title='bbox 3190 4476 3369 4542; x_wconf 85' lang='lat' dir='ltr'><strong>Filius,</strong></span> <span class='ocrx_word' id='word_1_885' title='bbox 3399 4486 3443 4529; x_wconf 91' lang='lat' dir='ltr'><strong>et</strong></span> <span class='ocrx_word' id='word_1_886' title='bbox 3462 4479 3543 4530; x_wconf 89' lang='lat' dir='ltr'><strong>cui</strong></span> 
     </span>
    </p>
   </div>
   <div class='ocr_carea' id='block_1_107' title="bbox 1963 4568 3537 4638">
    <p class='ocr_par' dir='ltr' id='par_1_107' title="bbox 1963 4568 3537 4638">
     <span class='ocr_line' id='line_1_107' title="bbox 1963 4568 3537 4638; baseline -0.003 -13"><span class='ocrx_word' id='word_1_887' title='bbox 1963 4572 2173 4626; x_wconf 85' lang='lat' dir='ltr'><strong>voluerit</strong></span> <span class='ocrx_word' id='word_1_888' title='bbox 2210 4571 2379 4624; x_wconf 86' lang='lat' dir='ltr'><strong>Filius</strong></span> <span class='ocrx_word' id='word_1_889' title='bbox 2416 4571 2669 4623; x_wconf 87' lang='lat' dir='ltr'><strong>revelare:</strong></span> <span class='ocrx_word' id='word_1_890' title='bbox 2699 4585 2803 4623; x_wconf 78' lang='lat' dir='ltr'><strong>nou</strong></span> <span class='ocrx_word' id='word_1_891' title='bbox 2836 4568 2917 4623; x_wconf 91' lang='lat' dir='ltr'><strong>cui</strong></span> <span class='ocrx_word' id='word_1_892' title='bbox 2949 4569 3284 4638; x_wconf 70' lang='lat' dir='ltr'><strong>prtcccperit,</strong></span> <span class='ocrx_word' id='word_1_893' title='bbox 3315 4584 3411 4623; x_wconf 90' lang='lat' dir='ltr'><strong>nec</strong></span> <span class='ocrx_word' id='word_1_894' title='bbox 3454 4571 3537 4622; x_wconf 91' lang='lat' dir='ltr'><strong>cui</strong></span> 
     </span>
    </p>
   </div>
   <div class='ocr_carea' id='block_1_108' title="bbox 1962 4661 3540 4730">
    <p class='ocr_par' dir='ltr' id='par_1_108' title="bbox 1962 4661 3540 4730">
     <span class='ocr_line' id='line_1_108' title="bbox 1962 4661 3540 4730; baseline -0.002 -14"><span class='ocrx_word' id='word_1_895' title='bbox 1962 4662 2312 4716; x_wconf 88' lang='lat' dir='ltr'><strong>mandaverit.</strong></span> <span class='ocrx_word' id='word_1_896' title='bbox 2343 4661 2493 4727; x_wconf 87' lang='lat' dir='ltr'><strong>Quod</strong></span> <span class='ocrx_word' id='word_1_897' title='bbox 2520 4662 2563 4716; x_wconf 93' lang='lat' dir='ltr'><strong>si</strong></span> <span class='ocrx_word' id='word_1_898' title='bbox 2593 4661 2803 4715; x_wconf 86' lang='lat' dir='ltr'><strong>Patrem</strong></span> <span class='ocrx_word' id='word_1_899' title='bbox 2836 4661 3053 4725; x_wconf 88' lang='lat' dir='ltr'><strong>revelat,</strong></span> <span class='ocrx_word' id='word_1_900' title='bbox 3077 4669 3131 4714; x_wconf 92' lang='lat' dir='ltr'><strong>et</strong></span> <span class='ocrx_word' id='word_1_901' title='bbox 3158 4662 3389 4730; x_wconf 89' lang='lat' dir='ltr'><strong>seipsmn</strong></span> <span class='ocrx_word' id='word_1_902' title='bbox 3410 4676 3540 4729; x_wconf 84' lang='lat' dir='ltr'><strong>quo-</strong></span> 
     </span>
    </p>
   </div>
   <div class='ocr_carea' id='block_1_109' title="bbox 1961 4753 3539 4824">
    <p class='ocr_par' dir='ltr' id='par_1_109' title="bbox 1961 4753 3539 4824">
     <span class='ocr_line' id='line_1_109' title="bbox 1961 4753 3539 4824; baseline -0.002 -16"><span class='ocrx_word' id='word_1_903' title='bbox 1961 4771 2082 4824; x_wconf 90' lang='lat' dir='ltr'><strong>que.</strong></span> <span class='ocrx_word' id='word_1_904' title='bbox 2114 4754 2308 4808; x_wconf 86' lang='lat' dir='ltr'><strong>Verum</strong></span> <span class='ocrx_word' id='word_1_905' title='bbox 2342 4754 2469 4807; x_wconf 91' lang='lat' dir='ltr'><strong>illud</strong></span> <span class='ocrx_word' id='word_1_906' title='bbox 2500 4753 2710 4823; x_wconf 91' lang='lat' dir='ltr'><strong>quidem</strong></span> <span class='ocrx_word' id='word_1_907' title='bbox 2737 4753 2884 4821; x_wconf 92' lang='lat' dir='ltr'><strong>quasi</strong></span> <span class='ocrx_word' id='word_1_908' title='bbox 2916 4754 2964 4806; x_wconf 93' lang='lat' dir='ltr'><strong>in</strong></span> <span class='ocrx_word' id='word_1_909' title='bbox 2991 4754 3236 4807; x_wconf 85' lang='lat' dir='ltr'><strong>confesso</strong></span> <span class='ocrx_word' id='word_1_910' title='bbox 3278 4754 3347 4806; x_wconf 88' lang='lat' dir='ltr'><strong>sit</strong></span> <span class='ocrx_word' id='word_1_911' title='bbox 3376 4754 3539 4806; x_wconf 87' lang='lat' dir='ltr'><strong>relin-</strong></span> 
     </span>
    </p>
   </div>
   <div class='ocr_carea' id='block_1_110' title="bbox 1962 4843 3539 4915">
    <p class='ocr_par' dir='ltr' id='par_1_110' title="bbox 1962 4843 3539 4915">
     <span class='ocr_line' id='line_1_110' title="bbox 1962 4843 3539 4915; baseline -0.001 -16"><span class='ocrx_word' id='word_1_912' title='bbox 1962 4846 2092 4914; x_wconf 92' lang='lat' dir='ltr'><strong>quit,</strong></span> <span class='ocrx_word' id='word_1_913' title='bbox 2124 4846 2223 4899; x_wconf 88' lang='lat' dir='ltr'><strong>boc</strong></span> <span class='ocrx_word' id='word_1_914' title='bbox 2253 4861 2381 4900; x_wconf 86' lang='lat' dir='ltr'><strong>vero</strong></span> <span class='ocrx_word' id='word_1_915' title='bbox 2403 4847 2597 4915; x_wconf 90' lang='lat' dir='ltr'><strong>posuit,</strong></span> <span class='ocrx_word' id='word_1_916' title='bbox 2625 4854 2785 4913; x_wconf 91' lang='lat' dir='ltr'><strong>atque</strong></span> <span class='ocrx_word' id='word_1_917' title='bbox 2811 4844 3004 4914; x_wconf 88' lang='lat' dir='ltr'><strong>ubique</strong></span> <span class='ocrx_word' id='word_1_918' title='bbox 3030 4843 3175 4910; x_wconf 91' lang='lat' dir='ltr'><strong>dicit,</strong></span> <span class='ocrx_word' id='word_1_919' title='bbox 3199 4855 3255 4898; x_wconf 93' lang='lat' dir='ltr'><strong>ut</strong></span> <span class='ocrx_word' id='word_1_920' title='bbox 3283 4860 3401 4897; x_wconf 92' lang='lat' dir='ltr'><strong>cum</strong></span> <span class='ocrx_word' id='word_1_921' title='bbox 3429 4844 3499 4897; x_wconf 89' lang='lat' dir='ltr'><strong>ait</strong></span> <span class='ocrx_word' id='word_1_922' title='bbox 3526 4862 3539 4896; x_wconf 91' lang='lat'>:</span> 
     </span>
    </p>
   </div>
   <div class='ocr_carea' id='block_1_111' title="bbox 1964 4934 3541 5005">
    <p class='ocr_par' dir='ltr' id='par_1_111' title="bbox 1964 4934 3541 5005">
     <span class='ocr_line' id='line_1_111' title="bbox 1964 4934 3541 5005; baseline -0.001 -15"><span class='ocrx_word' id='word_1_923' title='bbox 1964 4937 2129 4990; x_wconf 88' lang='lat' dir='ltr'><strong>Nemo</strong></span> <span class='ocrx_word' id='word_1_924' title='bbox 2161 4946 2316 5005; x_wconf 82' lang='lat' dir='ltr'><strong>potest</strong></span> <span class='ocrx_word' id='word_1_925' title='bbox 2342 4938 2505 4990; x_wconf 87' lang='lat' dir='ltr'><strong>venire</strong></span> <span class='ocrx_word' id='word_1_926' title='bbox 2528 4937 2595 4989; x_wconf 90' lang='lat' dir='ltr'><strong>ad</strong></span> <span class='ocrx_word' id='word_1_927' title='bbox 2627 4935 2830 4989; x_wconf 81' lang='lat' dir='ltr'><strong>Patrem</strong></span> <span class='ocrx_word' id='word_1_928' title='bbox 2854 4979 2869 5001; x_wconf 95' lang='lat'><strong>,</strong></span> <span class='ocrx_word' id='word_1_929' title='bbox 2906 4936 3001 4988; x_wconf 88' lang='lat' dir='ltr'><strong>nisi</strong></span> <span class='ocrx_word' id='word_1_930' title='bbox 3039 4954 3127 5005; x_wconf 87' lang='lat' dir='ltr'><strong>per</strong></span> <span class='ocrx_word' id='word_1_931' title='bbox 3159 4953 3253 4989; x_wconf 90' lang='lat' dir='ltr'><strong>me.</strong></span> <span class='ocrx_word' id='word_1_932' title='bbox 3286 4936 3387 4989; x_wconf 87' lang='lat' dir='ltr'><strong>Per</strong></span> <span class='ocrx_word' id='word_1_933' title='bbox 3424 4934 3541 4989; x_wconf 71' lang='lat' dir='ltr'><strong>hate</strong></span> 
     </span>
    </p>
   </div>
   <div class='ocr_carea' id='block_1_112' title="bbox 1961 5027 3543 5097">
    <p class='ocr_par' dir='ltr' id='par_1_112' title="bbox 1961 5027 3543 5097">
     <span class='ocr_line' id='line_1_112' title="bbox 1961 5027 3543 5097; baseline -0.001 -16"><span class='ocrx_word' id='word_1_934' title='bbox 1961 5039 2137 5081; x_wconf 86' lang='lat' dir='ltr'><strong>autem</strong></span> <span class='ocrx_word' id='word_1_935' title='bbox 2169 5028 2309 5081; x_wconf 89' lang='lat' dir='ltr'><strong>aliud</strong></span> <span class='ocrx_word' id='word_1_936' title='bbox 2334 5043 2542 5097; x_wconf 86' lang='lat' dir='ltr'><strong>quoque</strong></span> <span class='ocrx_word' id='word_1_937' title='bbox 2572 5029 2863 5092; x_wconf 87' lang='lat' dir='ltr'><strong>constituit,</strong></span> <span class='ocrx_word' id='word_1_938' title='bbox 2893 5029 3030 5097; x_wconf 89' lang='lat' dir='ltr'><strong>quod</strong></span> <span class='ocrx_word' id='word_1_939' title='bbox 3058 5027 3295 5096; x_wconf 88' lang='lat' dir='ltr'><strong>ejusdem</strong></span> <span class='ocrx_word' id='word_1_940' title='bbox 3310 5039 3431 5077; x_wconf 91' lang='lat' dir='ltr'><strong>cum</strong></span> <span class='ocrx_word' id='word_1_941' title='bbox 3450 5027 3543 5081; x_wconf 84' lang='lat' dir='ltr'><strong>lllt)</strong></span> 
     </span>
    </p>
   </div>
   <div class='ocr_carea' id='block_1_113' title="bbox 1962 5118 3543 5187">
    <p class='ocr_par' dir='ltr' id='par_1_113' title="bbox 1962 5118 3543 5187">
     <span class='ocr_line' id='line_1_113' title="bbox 1962 5118 3543 5187; baseline -0.003 -11"><span class='ocrx_word' id='word_1_942' title='bbox 1962 5122 2028 5176; x_wconf 89' lang='lat' dir='ltr'><strong>sit</strong></span> <span class='ocrx_word' id='word_1_943' title='bbox 2064 5121 2348 5175; x_wconf 87' lang='lat' dir='ltr'><strong>voluntatis</strong></span> <span class='ocrx_word' id='word_1_944' title='bbox 2384 5135 2445 5174; x_wconf 90' lang='lat' dir='ltr'><strong>ac</strong></span> <span class='ocrx_word' id='word_1_945' title='bbox 2474 5119 2769 5175; x_wconf 63' lang='lat' dir='ltr'><strong>sententia).</strong></span> <span class='ocrx_word' id='word_1_946' title='bbox 2801 5121 3025 5174; x_wconf 88' lang='lat' dir='ltr'><strong>Tantum</strong></span> <span class='ocrx_word' id='word_1_947' title='bbox 3056 5120 3240 5182; x_wconf 86' lang='lat' dir='ltr'><strong>abest,</strong></span> <span class='ocrx_word' id='word_1_948' title='bbox 3269 5118 3455 5187; x_wconf 89' lang='lat' dir='ltr'><strong>inquit,</strong></span> <span class='ocrx_word' id='word_1_949' title='bbox 3490 5128 3543 5172; x_wconf 92' lang='lat' dir='ltr'><strong>ut</strong></span> 
     </span>
    </p>
   </div>
   <div class='ocr_carea' id='block_1_114' title="bbox 1962 5210 3540 5282">
    <p class='ocr_par' dir='ltr' id='par_1_114' title="bbox 1962 5210 3540 5282">
     <span class='ocr_line' id='line_1_114' title="bbox 1962 5210 3540 5282; baseline -0.003 -14"><span class='ocrx_word' id='word_1_950' title='bbox 1962 5231 2081 5268; x_wconf 91' lang='lat' dir='ltr'><strong>cum</strong></span> <span class='ocrx_word' id='word_1_951' title='bbox 2111 5214 2199 5267; x_wconf 90' lang='lat' dir='ltr'><strong>illo</strong></span> <span class='ocrx_word' id='word_1_952' title='bbox 2230 5228 2489 5282; x_wconf 88' lang='lat' dir='ltr'><strong>pugnem,</strong></span> <span class='ocrx_word' id='word_1_953' title='bbox 2517 5219 2571 5264; x_wconf 92' lang='lat' dir='ltr'><strong>ut</strong></span> <span class='ocrx_word' id='word_1_954' title='bbox 2597 5227 2700 5264; x_wconf 89' lang='lat' dir='ltr'><strong>non</strong></span> <span class='ocrx_word' id='word_1_955' title='bbox 2730 5212 2893 5281; x_wconf 88' lang='lat' dir='ltr'><strong>possit</strong></span> <span class='ocrx_word' id='word_1_956' title='bbox 2921 5212 3037 5280; x_wconf 88' lang='lat' dir='ltr'><strong>quis</strong></span> <span class='ocrx_word' id='word_1_957' title='bbox 3062 5211 3125 5264; x_wconf 90' lang='lat' dir='ltr'><strong>ad</strong></span> <span class='ocrx_word' id='word_1_958' title='bbox 3152 5210 3297 5263; x_wconf 91' lang='lat' dir='ltr'><strong>illum</strong></span> <span class='ocrx_word' id='word_1_959' title='bbox 3321 5211 3504 5263; x_wconf 87' lang='lat' dir='ltr'><strong>venire</strong></span> <span class='ocrx_word' id='word_1_960' title='bbox 3526 5253 3540 5272; x_wconf 91' lang='lat'><strong>,</strong></span> 
     </span>
    </p>
   </div>
   <div class='ocr_carea' id='block_1_115' title="bbox 1963 5301 3541 5376">
    <p class='ocr_par' dir='ltr' id='par_1_115' title="bbox 1963 5301 3541 5376">
     <span class='ocr_line' id='line_1_115' title="bbox 1963 5301 3541 5376; baseline -0.005 -15"><span class='ocrx_word' id='word_1_961' title='bbox 1963 5308 2063 5361; x_wconf 91' lang='lat' dir='ltr'><strong>nisi</strong></span> <span class='ocrx_word' id='word_1_962' title='bbox 2110 5323 2203 5376; x_wconf 91' lang='lat' dir='ltr'><strong>per</strong></span> <span class='ocrx_word' id='word_1_963' title='bbox 2227 5322 2335 5359; x_wconf 89' lang='lat' dir='ltr'><strong>me.</strong></span> <span class='ocrx_word' id='word_1_964' title='bbox 2366 5305 2495 5372; x_wconf 84' lang='lat' dir='ltr'><strong>Quia</strong></span> <span class='ocrx_word' id='word_1_965' title='bbox 2529 5305 2670 5358; x_wconf 89' lang='lat' dir='ltr'><strong>enim</strong></span> <span class='ocrx_word' id='word_1_966' title='bbox 2720 5303 2771 5356; x_wconf 91' lang='lat' dir='ltr'><strong>id</strong></span> <span class='ocrx_word' id='word_1_967' title='bbox 2814 5304 3041 5357; x_wconf 82' lang='lat' dir='ltr'><strong>maxime</strong></span> <span class='ocrx_word' id='word_1_968' title='bbox 3087 5303 3187 5357; x_wconf 89' lang='lat' dir='ltr'><strong>illis</strong></span> <span class='ocrx_word' id='word_1_969' title='bbox 3220 5301 3541 5357; x_wconf 77' lang='lat' dir='ltr'><strong>offendicula</strong></span> 
     </span>
    </p>
   </div>
   <div class='ocr_carea' id='block_1_116' title="bbox 1962 5394 3543 5469">
    <p class='ocr_par' dir='ltr' id='par_1_116' title="bbox 1962 5394 3543 5469">
     <span class='ocr_line' id='line_1_116' title="bbox 1962 5394 3543 5469; baseline -0.005 -14"><span class='ocrx_word' id='word_1_970' title='bbox 1962 5410 2095 5463; x_wconf 86' lang='lat' dir='ltr'><strong>erat,</strong></span> <span class='ocrx_word' id='word_1_971' title='bbox 2146 5398 2286 5469; x_wconf 90' lang='lat' dir='ltr'><strong>quod</strong></span> <span class='ocrx_word' id='word_1_972' title='bbox 2331 5397 2598 5451; x_wconf 88' lang='lat' dir='ltr'><strong>videretur</strong></span> <span class='ocrx_word' id='word_1_973' title='bbox 2644 5396 2751 5451; x_wconf 87' lang='lat' dir='ltr'><strong>Deo</strong></span> <span class='ocrx_word' id='word_1_974' title='bbox 2796 5394 3129 5449; x_wconf 89' lang='lat' dir='ltr'><strong>adversarius</strong></span> <span class='ocrx_word' id='word_1_975' title='bbox 3177 5410 3314 5460; x_wconf 88' lang='lat' dir='ltr'><strong>esse,</strong></span> <span class='ocrx_word' id='word_1_976' title='bbox 3347 5394 3396 5447; x_wconf 92' lang='lat' dir='ltr'><strong>id</strong></span> <span class='ocrx_word' id='word_1_977' title='bbox 3450 5410 3543 5462; x_wconf 74' lang='lat' dir='ltr'><strong>per</strong></span> 
     </span>
    </p>
   </div>
   <div class='ocr_carea' id='block_1_117' title="bbox 1963 5486 3538 5555">
    <p class='ocr_par' dir='ltr' id='par_1_117' title="bbox 1963 5486 3538 5555">
     <span class='ocr_line' id='line_1_117' title="bbox 1963 5486 3538 5555; baseline -0.004 -9"><span class='ocrx_word' id='word_1_978' title='bbox 1963 5492 2138 5546; x_wconf 91' lang='lat' dir='ltr'><strong>omnia</strong></span> <span class='ocrx_word' id='word_1_979' title='bbox 2177 5488 2440 5554; x_wconf 89' lang='lat' dir='ltr'><strong>confutat,</strong></span> <span class='ocrx_word' id='word_1_980' title='bbox 2473 5504 2571 5543; x_wconf 88' lang='lat' dir='ltr'><strong>nec</strong></span> <span class='ocrx_word' id='word_1_981' title='bbox 2606 5488 2779 5541; x_wconf 88' lang='lat' dir='ltr'><strong>minus</strong></span> <span class='ocrx_word' id='word_1_982' title='bbox 2820 5487 2919 5540; x_wconf 85' lang='lat' dir='ltr'><strong>hoc</strong></span> <span class='ocrx_word' id='word_1_983' title='bbox 2947 5486 3163 5539; x_wconf 90' lang='lat' dir='ltr'><strong>curabat</strong></span> <span class='ocrx_word' id='word_1_984' title='bbox 3205 5502 3360 5555; x_wconf 90' lang='lat' dir='ltr'><strong>quam</strong></span> <span class='ocrx_word' id='word_1_985' title='bbox 3392 5487 3538 5553; x_wconf 85' lang='lat' dir='ltr'><strong>signa</strong></span> 
     </span>
    </p>
   </div>
   <div class='ocr_carea' id='block_1_118' title="bbox 1963 5577 3537 5650">
    <p class='ocr_par' dir='ltr' id='par_1_118' title="bbox 1963 5577 3537 5650">
     <span class='ocr_line' id='line_1_118' title="bbox 1963 5577 3537 5650; baseline -0.003 -14"><span class='ocrx_word' id='word_1_986' title='bbox 1963 5582 2142 5648; x_wconf 85' lang='lat' dir='ltr'><strong>edere,</strong></span> <span class='ocrx_word' id='word_1_987' title='bbox 2174 5583 2279 5635; x_wconf 92' lang='lat' dir='ltr'><strong>imo</strong></span> <span class='ocrx_word' id='word_1_988' title='bbox 2308 5582 2479 5650; x_wconf 91' lang='lat' dir='ltr'><strong>majus</strong></span> <span class='ocrx_word' id='word_1_989' title='bbox 2507 5596 2567 5635; x_wconf 91' lang='lat' dir='ltr'><strong>ea</strong></span> <span class='ocrx_word' id='word_1_990' title='bbox 2597 5580 2649 5633; x_wconf 94' lang='lat' dir='ltr'><strong>in</strong></span> <span class='ocrx_word' id='word_1_991' title='bbox 2681 5595 2739 5633; x_wconf 90' lang='lat' dir='ltr'><strong>re</strong></span> <span class='ocrx_word' id='word_1_992' title='bbox 2764 5577 2994 5632; x_wconf 91' lang='lat' dir='ltr'><strong>studium</strong></span> <span class='ocrx_word' id='word_1_993' title='bbox 3016 5577 3372 5647; x_wconf 89' lang='lat' dir='ltr'><strong>impendebat.</strong></span> <span class='ocrx_word' id='word_1_994' title='bbox 3406 5577 3537 5631; x_wconf 79' lang='lat' dir='ltr'><strong>Cum</strong></span> 
     </span>
    </p>
   </div>
   <div class='ocr_carea' id='block_1_119' title="bbox 1965 5666 3579 5742">
    <p class='ocr_par' dir='ltr' id='par_1_119' title="bbox 1965 5666 3579 5742">
     <span class='ocr_line' id='line_1_119' title="bbox 1965 5666 3579 5742; baseline -0.003 -15"><span class='ocrx_word' id='word_1_995' title='bbox 1965 5688 2123 5742; x_wconf 87' lang='lat' dir='ltr'><strong>porro</strong></span> <span class='ocrx_word' id='word_1_996' title='bbox 2159 5672 2306 5739; x_wconf 90' lang='lat' dir='ltr'><strong>dicit,</strong></span> <span class='ocrx_word' id='word_1_997' title='bbox 2332 5672 2509 5742; x_wconf 70' lang='lat' dir='ltr'><strong>Neque</strong></span> <span class='ocrx_word' id='word_1_998' title='bbox 2534 5672 2737 5726; x_wconf 86' lang='lat' dir='ltr'><strong>Patrem</strong></span> <span class='ocrx_word' id='word_1_999' title='bbox 2772 5671 2881 5741; x_wconf 87' lang='lat' dir='ltr'><strong>quis</strong></span> <span class='ocrx_word' id='word_1_1000' title='bbox 2914 5671 3067 5739; x_wconf 85' lang='lat' dir='ltr'><strong>novit,</strong></span> <span class='ocrx_word' id='word_1_1001' title='bbox 3092 5671 3187 5725; x_wconf 87' lang='lat' dir='ltr'><strong>nisi</strong></span> <span class='ocrx_word' id='word_1_1002' title='bbox 3218 5669 3402 5737; x_wconf 81' lang='lat' dir='ltr'><strong>Filius,</strong></span> <span class='ocrx_word' id='word_1_1003' title='bbox 3436 5684 3540 5723; x_wconf 89' lang='lat' dir='ltr'><strong>non</strong></span> <span class='ocrx_word' id='word_1_1004' title='bbox 3561 5666 3579 5677; x_wconf 80' lang='grc'><strong>“</strong></span> 
     </span>
    </p>
   </div>
   <div class='ocr_carea' id='block_1_120' title="bbox 2030 5851 2829 5916">
    <p class='ocr_par' dir='ltr' id='par_1_120' title="bbox 2030 5851 2829 5916">
     <span class='ocr_line' id='line_1_120' title="bbox 2030 5851 2829 5916; baseline -0.006 -13"><span class='ocrx_word' id='word_1_1005' title='bbox 2030 5858 2044 5889; x_wconf 77' lang='grc' dir='ltr'>ί</span> <span class='ocrx_word' id='word_1_1006' title='bbox 2082 5854 2186 5916; x_wconf 71' lang='lat' dir='ltr'><strong>Alii,</strong></span> <span class='ocrx_word' id='word_1_1007' title='bbox 2210 5860 2409 5905; x_wconf 76' lang='lat' dir='ltr'><strong>mentem</strong></span> <span class='ocrx_word' id='word_1_1008' title='bbox 2430 5860 2561 5903; x_wconf 82' lang='lat' dir='ltr'><strong>tuam</strong></span> <span class='ocrx_word' id='word_1_1009' title='bbox 2589 5851 2829 5914; x_wconf 80' lang='lat' dir='ltr'><strong>aperiens.</strong></span> 
     </span>
    </p>
   </div>
  </div>
