4074 6358
577 368 677 423 451

570 478 792 541 indicat,
839 476 989 533 illum
1029 494 1217 534 omnes
1261 478 1525 550 ignorare.
1554 478 1647 531 sed
1692 475 1958 530 nemiuem
2010 473 2151 527 illam

573 571 792 636 habere,
820 586 979 640 quiatn
1011 570 1123 640 ipse
1151 571 1387 635 haberet,
1422 569 1660 624 notitiam
1690 586 1702 620 :
1727 565 1867 637 quod
1897 565 2055 618 etiam
2085 560 2154 617 de

573 661 709 718 Fdio
741 661 1045 716 dicendum.
1082 660 1263 731 Neque
1309 663 1450 719 enim
1480 663 1548 717 de
1592 660 1772 728 ignoto
1794 666 1850 712 et
1876 671 1906 710 a
1938 654 2155 709 nemine

566 753 781 822 cognito
807 752 910 807 deo
938 753 1051 808 huic
1083 753 1311 818 dicebat,
1342 762 1398 806 ut
1434 752 1662 806 Marcion
1701 748 1909 808 asserit.
1939 745 2032 800 sed
2059 760 2152 799 ac-

568 855 807 899 curatam
834 844 921 902 hic
953 846 1251 901 subindicat
1278 846 1632 916 cognitionem
1662 860 1676 896 :
1704 856 1823 896 nam
1855 856 1923 895 ne
1956 837 2149 893 Filium

565 933 782 1003 quidem
807 936 1177 1006 cognoscimus
1218 944 1274 990 ut
1302 950 1459 990 nosse
1487 945 1696 1002 oportet
1722 951 1735 987 :
1767 941 1822 987 et
1852 933 1952 985 hoc
1978 929 2151 1000 ipsum

567 1026 764 1081 Paulus
805 1026 884 1082 sic
923 1028 1272 1085 declarabat:
1304 1026 1387 1083 Ea:
1423 1036 1567 1097 parte
1607 1024 1971 1095 cognoscimus,
2001 1031 2046 1076 et
2088 1036 2153 1074 ea:

567 1128 711 1186 parte
753 1119 1109 1189 proiihctanms
1135 1118 1212 1187 (Ι.
1244 1118 1361 1173 Cor.
1396 1118 1483 1172 15.
1523 1116 1635 1184 12).
1669 1114 1867 1169 Deinde
1894 1127 2014 1167 cum
2056 1125 2152 1181 per

565 1217 628 1261 ea
658 1226 777 1277 qua:
815 1209 1025 1263 dixerat
1058 1209 1187 1279 ipsis
1223 1208 1544 1264 desiderium
1572 1207 1869 1272 indidisset,
1896 1218 2151 1273 suamque

564 1298 887 1355 ini-ﬂabilem
917 1302 1205 1369 potentiam
1237 1301 1675 1364 demonstrasset,
1707 1307 1833 1351 tunc
1857 1295 2065 1350 vocavit
2088 1293 2151 1348 il-

563 1389 647 1446 los
687 1392 912 1446 dicens:
945 1393 1034 1447 ‘28.
1075 1391 1249 1446 Venite
1291 1392 1359 1445 ad
1391 1409 1469 1445 me
1493 1407 1663 1445 omnes
1695 1389 1779 1459 qui
1821 1387 2060 1442 laboratis
2103 1394 2151 1439 et

562 1486 757 1540 onerati
780 1487 918 1543 estis.
942 1496 991 1540 et
1030 1503 1120 1557 ego
1160 1486 1382 1553 reﬁciant
1419 1500 1527 1539 vos.
1558 1482 1672 1537 Non
1699 1481 1785 1539 hic
1814 1490 1869 1536 et
1915 1479 2025 1544 ille,
2055 1476 2151 1533 sed

561 1593 750 1631 omnes
768 1576 926 1647 quiin
945 1576 1319 1641 sollicitudine,
1346 1576 1396 1629 in
1418 1574 1646 1638 tristitia,
1669 1573 1723 1627 in
1750 1571 1980 1642 peccatis
1997 1570 2147 1625 estis.

567 1667 772 1733 Venite,
802 1682 907 1721 non
935 1676 991 1721 ut
1018 1676 1203 1737 paauas
1245 1676 1511 1736 expetam,
1541 1663 1636 1719 sed
1681 1674 1736 1718 ut
1776 1672 1992 1734 peccata
2035 1660 2150 1717 sol-

561 1773 684 1812 vam
709 1775 723 1822 ;
755 1760 951 1822 venite,
979 1775 1082 1814 non
1111 1758 1250 1829 quod
1274 1759 1440 1830 gloria
1463 1769 1636 1813 vestra
1665 1774 1871 1827 egeam,
1892 1755 1985 1811 sed
2007 1752 2149 1825 quod

558 1850 783 1904 salutem
812 1859 1041 1904 vestram
1067 1850 1261 1904 sitiam.
1280 1847 1415 1920 Ego,
1442 1849 1630 1919 inquit,
1655 1848 1878 1916 re/iciam
1902 1863 2007 1901 vos.
2029 1844 2149 1901 Non

512 1988 517 1992 .
559 1941 655 2007 ait,
703 1941 890 1996 Salvos
930 1941 1158 2007 faciam;
1189 1943 1282 1997 sed
1328 1940 1470 2009 quod
1510 1940 1681 1995 multo
1726 1940 1896 2009 magis
1940 1947 2057 2003 est,
2092 1937 2148 1992 In

556 2033 703 2087 muni
730 2034 910 2104 quiete
938 2034 1282 2088 constituam.
1308 2033 1399 2089 29.
1427 2033 1612 2088 Tollite
1642 2033 1827 2104 jugum
1865 2048 2029 2086 meum
2055 2048 2147 2085 su-

556 2140 647 2195 per
672 2140 776 2190 vos,
801 2134 847 2177 et
873 2124 1045 2179 discite
1068 2141 1100 2178 a
1120 2141 1215 2190 me,
1236 2127 1356 2190 quia
1377 2124 1510 2179 mitis
1532 2140 1644 2178 sum
1666 2133 1714 2178 et
1739 2122 1942 2177 humilis
1961 2120 2149 2189 corde;

555 2222 604 2266 et
628 2214 884 2267 invenietis
913 2214 1134 2283 requiem
1167 2212 1432 2268 animabus
1455 2214 1646 2267 vestris.
1675 2213 1765 2268 50.
1794 2211 1989 2284 Iugum
2015 2211 2149 2265 enim

555 2320 719 2357 meum
744 2320 894 2357 suave
919 2315 1011 2371 est,
1035 2314 1080 2359 et
1105 2322 1231 2359 onus
1270 2321 1432 2358 meum
1450 2302 1571 2359 leve.
1591 2303 1668 2359 Ne
1688 2304 1937 2369 timentis,
1956 2303 2145 2373 inquit,

552 2410 674 2448 cum
709 2395 894 2465 jugum
933 2395 1127 2450 auditis
1155 2413 1168 2449 :
1198 2411 1359 2450 suave
1384 2396 1579 2466 quippe
1608 2404 1727 2458 est;
1761 2410 1827 2449 ne
1851 2393 2149 2449 formidetis

552 2489 676 2557 quia
706 2488 838 2554 dixi,
867 2505 1004 2544 onus
1029 2507 1042 2543 :
1076 2490 1192 2545 leve
1234 2491 1428 2561 quippe
1457 2499 1559 2545 est.
1591 2489 1659 2544 Et
1688 2489 1957 2560 quomodo
1986 2505 2144 2558 supra

553 2578 723 2632 dixit:
752 2579 980 2650 Angusta
1021 2592 1092 2634 est
1121 2590 1302 2651 porta,
1333 2590 1380 2634 et
1407 2593 1550 2635 arcta
1588 2582 1669 2634 via
1690 2580 1902 2649 (Matth.
1924 2582 1978 2635 7.
2009 2580 2097 2651 M)
2123 2579 2148 2633 ?

550 2668 755 2740 Nempe
796 2672 840 2726 si
869 2673 1045 2744 segnis
1081 2674 1157 2728 sis
1180 2714 1197 2740 ,
1228 2674 1272 2728 si
1302 2673 1595 2729 remissus:
1641 2681 1699 2727 ut
1722 2673 1767 2728 si
1808 2688 1967 2743 supra
2006 2672 2147 2730 dicta

554 2762 879 2835 perfeceris,
910 2765 1022 2819 leve
1047 2765 1151 2820 erit
1178 2779 1357 2831 onus;
1400 2764 1601 2820 idcirco
1628 2780 1770 2821 nunc
1809 2765 1934 2820 illud
1962 2764 2145 2835 hujus-

554 2855 700 2911 nindi
722 2872 841 2912 esse
867 2856 1020 2912 dixit.
1047 2858 1327 2926 Quomodo
1351 2868 1528 2914 autem
1556 2857 1605 2913 id
1629 2859 1943 2930 perﬁcitur?
1973 2858 2028 2914 Si
2056 2859 2148 2913 hu.

550 2949 693 3004 milis
715 2949 897 3016 fueris,
925 2962 1235 3006 mansuetus
1260 2960 1314 3006 et
1340 2950 1637 3007 modestus.
1668 2950 1794 3006 llaec
1817 2951 2013 3022 quippe
2038 2950 2145 3005 vir-

551 3050 637 3097 tus
668 3052 836 3097 mater
876 3050 960 3097 est
1000 3042 1176 3098 omnis
1220 3041 1593 3113 philosophizr.
1620 3043 1957 3112 Quapropter
1999 3041 2145 3113 leges

550 3132 760 3189 divinas
799 3134 1068 3201 efferens,
1102 3133 1225 3188 hinc
1276 3134 1482 3203 incipit.
1525 3134 1625 3189 llic
1670 3149 1882 3205 quoque
1929 3148 2142 3190 rursum

551 3224 783 3292 idipsum
829 3225 993 3291 facit,
1045 3241 1400 3297 magnamque
1448 3227 1598 3296 ponit
1647 3227 1972 3283 mercedem.
2026 3225 2142 3282 Non

548 3325 755 3371 tantum
779 3316 944 3386 enim,
972 3318 1161 3388 inquit,
1185 3317 1341 3373 alteri
1364 3317 1507 3377 utilis
1531 3317 1658 3382 eris,
1684 3318 1778 3373 sed
1802 3331 1926 3373 ante
1955 3333 2142 3373 omnes

549 3409 646 3465 tibi
678 3412 918 3481 requiem
949 3425 1125 3481 paras.
1169 3409 1440 3468 Invenietis
1466 3413 1606 3467 enim
1632 3413 1852 3482 requiem
1877 3412 2142 3469 animabus

548 3504 744 3556 vestris.
772 3503 910 3558 Ante
933 3502 1111 3558 futura
1135 3502 1245 3574 jam
1268 3503 1355 3559 hic
1382 3504 1472 3561 tibi
1495 3504 1927 3572 datmercedem,
1947 3513 2002 3560 et
2019 3504 2143 3560 bra.

549 3595 693 3649 vium
727 3611 866 3650 nunc
891 3596 1094 3665 prmbet
1123 3613 1137 3649 :
1166 3606 1327 3667 atque
1368 3596 1493 3653 hinc
1527 3606 1582 3654 et
1605 3597 1749 3668 quod
1787 3597 2020 3668 seipsum
2049 3596 2142 3654 det

498 3700 507 3711 ·
551 3685 607 3740 in
634 3686 958 3755 exemplum.
986 3701 1288 3742 sermonem
1318 3688 1491 3743 reddit
1513 3689 1890 3758 aceeptiorem.

624 3775 680 3830 5.
707 3776 845 3842 Quid
884 3777 1026 3832 enim
1058 3777 1255 3832 times?
1277 3778 1481 3848 inquit;
1511 3793 1577 3835 ne
1606 3779 1782 3834 minor
1820 3778 2065 3834 habearis
2092 3777 2137 3835 si

546 3868 623 3922 sis
649 3868 903 3925 humilis?
947 3868 1032 3925 Me
1065 3869 1269 3939 respice
1294 3878 1349 3925 et
1376 3886 1494 3925 mea
1525 3871 1702 3924 omnia
1731 3885 1763 3925 a
1802 3885 1888 3925 me
1924 3869 2136 3936 discito,

547 3970 601 4014 et
639 3967 766 4014 tunc
792 3959 936 4014 clare
963 3959 1102 4014 scies
1132 3969 1390 4031 quantum
1426 3959 1499 4015 sit
1534 3960 1757 4015 bonum.
1784 3959 1975 4015 Viden’
2000 3975 2138 4029 quo-

548 4048 712 4104 modo
735 4050 879 4104 omni
904 4065 969 4104 ex
999 4058 1147 4119 parte
1174 4049 1317 4119 ipsos
1344 4050 1556 4106 inducat
1584 4049 1651 4105 ad
1674 4050 2068 4106 humilitatem?
2092 4051 2139 4106 Α

546 4142 741 4212 quibus
785 4143 898 4213 ipse
944 4142 1111 4199 fecit:
1148 4141 1360 4210 Discite,
1406 4143 1597 4215 inquit,
1629 4160 1661 4197 a
1702 4159 1802 4210 me,
1842 4144 1962 4214 quia
2005 4143 2140 4199 ruitis

547 4253 701 4301 sum;
729 4237 796 4291 ab
830 4237 896 4292 iis
923 4252 1042 4309 qua:
1073 4236 1173 4308 ipsi
1199 4236 1452 4292 lucraturi
1480 4246 1603 4291 sunt
1628 4254 1642 4291 :
1671 4250 1816 4301 nam,
1846 4233 2138 4301 Invenietis,

550 4329 741 4399 inquit,
766 4330 986 4398 requiem
1017 4328 1280 4383 animabus
1312 4328 1524 4394 vestris;
1546 4328 1614 4383 ab
1640 4328 1706 4384 iis
1730 4344 1849 4400 qua:
1882 4328 2009 4398 ipsis
2037 4328 2143 4382 Iar-

547 4421 693 4491 gitur
719 4440 733 4472 -.
768 4421 1011 4491 Reﬁciam
1041 4438 1150 4488 vos,
1181 4422 1352 4492 inquit
1374 4437 1389 4487 ;
1415 4420 1483 4477 ab
1507 4436 1573 4475 eo
1595 4420 1738 4492 quod
1765 4435 1901 4475 unus
1927 4421 2043 4476 leve
2060 4420 2140 4476 ef-

548 4513 735 4569 fecerit
764 4531 777 4568 :
806 4513 1001 4584 Jugnm
1040 4514 1168 4568 enim
1199 4529 1363 4567 meum
1403 4528 1558 4568 suave
1581 4523 1656 4567 est
1677 4553 1691 4576 ,
1722 4514 1776 4566 'et
1805 4528 1932 4566 onus
1975 4527 2143 4565 meum

552 4604 678 4659 leve.
710 4603 782 4657 Ita
829 4615 881 4659 et
913 4603 1109 4671 Paulus
1135 4587 1550 4658 suadet'dicens
1591 4620 1605 4656 :
1649 4601 2057 4656 Momentaneum
2095 4612 2143 4657 et

549 4696 656 4750 leve
681 4693 1038 4761 tribulationis,
1068 4696 1194 4749 mire
1218 4705 1264 4749 et
1288 4710 1443 4765 supra
1468 4693 1674 4747 modum
1693 4698 1937 4748 aeternum
1961 4693 2143 4764 gloria:

551 4787 750 4858 pondus
775 4796 1016 4856 aperatur
1037 4788 1053 4853 (
1077 4786 1132 4840 2.
1155 4786 1275 4841 Cor.
1307 4786 1361 4841 4.
1396 4786 1460 4840 17
1479 4785 1519 4855 ).
1544 4784 1610 4839 Ει
1632 4784 1901 4855 quomodo
1923 4784 2040 4839 leve
2061 4793 2144 4840 est

550 4892 710 4944 onus,
740 4877 969 4947 inquies,
991 4891 1113 4931 cum
1141 4877 1287 4931 dicat
1312 4895 1325 4930 :
1360 4874 1481 4930 Nisi
1508 4876 1620 4945 quis
1651 4875 1768 4929 odio
1797 4874 2027 4929 habuerit
2050 4891 2142 4945 pa-

551 4981 679 5024 trem
714 4979 761 5023 et
801 4979 1035 5033 matrem;
1056 4979 1130 5028 et.
1159 4968 1259 5037 Qui
1285 4986 1384 5023 non
1410 4968 1544 5023 tollit
1575 4984 1773 5022 crucem
1798 4984 1965 5033 suam,
1993 4977 2040 5021 et
2063 4985 2143 5022 se-

547 5063 720 5134 quitur
755 5076 856 5128 nse,
886 5076 987 5114 non
1029 5071 1099 5115 est
1128 5077 1207 5114 me
1230 5060 1455 5132 dignus;
1485 5070 1556 5126 et,
1590 5059 1693 5126 Qui
1736 5075 1839 5113 non
1886 5059 2143 5113 renuntiat

547 5152 781 5207 omnibus
808 5167 924 5221 qua’
960 5152 1202 5222 possidet,
1234 5168 1336 5206 non
1372 5160 1535 5222 potest
1564 5166 1701 5205 meus
1729 5165 1837 5205 esse
1865 5149 2142 5219 discipulus

544 5245 722 5318 (Luc.
753 5246 841 5301 14.
889 5245 981 5300 26.
1011 5244 1103 5303 27.
1130 5243 1278 5317 55);
1320 5259 1443 5300 cum
1487 5243 1674 5315 jubeat
1720 5244 1889 5315 ipsam
1930 5258 2142 5313 quoque

544 5338 780 5393 animam
809 5336 935 5392 odio
961 5336 1200 5393 habere?
1221 5337 1298 5392 Te
1322 5336 1522 5392 Paulus
1546 5336 1737 5392 doceat
1761 5335 1984 5390 dicens:
2016 5333 2142 5397 Quis

551 5446 645 5485 nos
674 5430 927 5501 separabit
969 5447 1002 5484 a
1030 5430 1243 5485 caritate
1284 5428 1519 5485 Christi?
1556 5429 1810 5484 tribulatio
1832 5428 1860 5485 ?
1881 5445 1949 5483 an
1976 5444 2141 5500 angu-

546 5521 647 5576 stia
666 5520 693 5576 .’
715 5538 783 5575 an
803 5521 1081 5594 persecutio
1099 5521 1126 5577 Ρ
1153 5539 1223 5577 an
1250 5525 1412 5595 fames
1429 5521 1455 5575 ?
1482 5538 1551 5575 an
1578 5520 1781 5575 auditas
1801 5521 1828 5576 .9
1854 5538 1921 5573 an
1940 5519 2142 5591 pericu-

553 5611 659 5669 lum
679 5611 706 5666 ἵ
734 5629 803 5667 an
826 5612 1029 5685 gladius
1061 5611 1235 5684 (Rom.
1259 5613 1314 5669 8.
1344 5610 1478 5684 35)?
1506 5621 1578 5676 et,
1609 5610 1733 5667 Non
1747 5621 1863 5667 sunt
1879 5610 2145 5682 condignae

551 5701 810 5774 passiones
854 5702 1009 5773 hujus
1045 5703 1286 5772 temporis
1326 5702 1396 5756 ad
1453 5706 1683 5775 futuram
1738 5701 1987 5774 gloriam,
2030 5719 2144 5773 qua:

546 5794 843 5851 τετειαωηη-
864 5786 915 5843 in
929 5786 1076 5846 nobis
1095 5787 1144 5862 (Ι
1151 5786 1562 5861 b.18).Doccant
1576 5800 1627 5851 te
1640 5795 1778 5868 quia
1793 5798 2079 5855 consesqu
2089 5818 2144 5857 u-

1357 365 1416 420 S.
1456 361 1733 420 JOANNIS
1769 360 2242 419 CHRYSOSTOMI
2279 361 2595 419 ARCIIIEP.
2635 361 3164 420 CONSTANTINOP.

3731 370 3831 425 43:.

2262 470 2500 525 dtcm‘ltlll
2530 480 2649 541 post
2696 472 2840 527 inille
2868 473 3085 528 verbera
3114 473 3355 529 redibant
3379 475 3684 543 Gaudentes,
3720 482 3828 546 quia

2258 564 2400 633 digni
2443 564 2601 617 habiti
2653 563 2854 634 fuerant
2900 581 2991 634 pro
3024 567 3223 620 nomine
3267 566 3451 622 Christi
3491 572 3827 625 contumeliam

2259 656 2365 724 pati
2391 652 2538 726 (Act.
2566 655 2620 710 5.
2649 655 2774 724 41).
2800 654 2952 723 Quod
2984 656 3030 711 si
3070 656 3243 713 adhuc
3275 658 3427 713 times
3468 669 3525 714 et
3552 660 3827 729 formidas,

2252 742 2436 813 juguui
2467 753 2521 797 et
2540 758 2675 798 onus
2702 745 2943 811 audiens,
2967 762 3072 800 non
3099 761 3129 801 a
3160 756 3347 802 natura
3372 750 3447 805 rei
3473 750 3631 804 timor
3653 753 3828 817 oritur,

2257 835 2352 890 sed
2379 851 2406 889 a
2441 846 2524 890 tua
2573 837 2839 906 segnitie;
2872 838 2941 893 ita
2969 850 3024 893 ut
3050 839 3096 894 si
3140 840 3215 895 sis
3253 850 3468 911 paratus
3497 849 3553 897 et
3580 841 3828 913 diligens,

2255 942 2434 981 omnia
2462 927 2556 984 tibi
2586 926 2757 982 facilia
2784 938 2841 984 et
2881 929 3012 984 levia
3040 929 3215 985 futura
3261 932 3386 987 sint.
3417 931 3750 1004 Quapmptcr
3779 944 3830 991 et

2255 1014 2497 1072 Christus
2521 1019 2811 1075 ostendens
2838 1020 2991 1076 nobis
3021 1035 3142 1076 esse
3167 1022 3539 1089 laborandum,
3568 1040 3677 1079 non
3718 1041 3833 1080 sua-

2256 1108 2342 1163 via
2374 1119 2574 1164 tautum
2608 1111 2801 1179 posuit,
2825 1126 2996 1183 neque
3015 1127 3240 1169 onerosa
3259 1114 3455 1181 solum,
3477 1114 3572 1170 sed
3599 1127 3828 1187 utraque.

2254 1198 2388 1256 Nam
2419 1210 2474 1257 et
2498 1202 2684 1274 jugum
2716 1205 2912 1273 posuit,
2941 1212 2996 1260 et
3015 1220 3178 1262 suave
3207 1206 3337 1262 illud
3369 1210 3608 1276 vocavit,
3629 1217 3683 1265 et
3705 1224 3832 1267 onus

2255 1296 2582 1362 nominavit,
2619 1296 2928 1367 addiditque
2959 1298 3111 1364 leve;
3143 1314 3210 1355 ne
3247 1300 3336 1354 illa
3361 1308 3422 1355 ut
3458 1300 3717 1356 laboriosa
3755 1301 3831 1357 fu-

2253 1388 2388 1456 gias,
2413 1403 2547 1443 neve
2573 1397 2630 1442 ut
2654 1389 2939 1443 admodum
2969 1389 3138 1446 facilia
3157 1390 3444 1461 despicias.
3474 1392 3626 1460 Quod
3652 1393 3695 1449 si
3721 1404 3829 1464 post

2255 1479 2370 1532 haec
2410 1478 2586 1533 omnia
2626 1479 2856 1536 difficilis
2894 1480 3062 1536 virtus
3100 1497 3223 1538 esse
3269 1483 3363 1538 tibi
3400 1482 3630 1553 videtur,
3668 1485 3829 1555 cogita

2253 1566 2606 1624 difficiliorem
2632 1584 2753 1625 esse
2782 1571 3093 1640 nequitiam,
3115 1572 3257 1642 quod
3286 1574 3458 1644 ipsum
3480 1573 3827 1639 subindicans,

2254 1674 2360 1713 non
2388 1659 2559 1728 primo
2587 1660 2741 1728 dixit,
2770 1659 2958 1716 Tollite
2983 1663 3171 1733 jugum
3216 1680 3403 1731 meum,
3430 1664 3526 1720 Sed
3556 1666 3827 1735 praemisit,

2262 1749 2440 1806 Venite
2453 1753 2539 1822 qui
2558 1752 2800 1808 laboratis
2825 1762 2873 1806 et
2892 1756 3087 1809 onerati
3111 1755 3250 1820 estis,
3269 1756 3551 1811 declarans
3569 1769 3826 1826 peccatum

2254 1841 2422 1897 labori
2466 1857 2585 1899 essie
2625 1843 2941 1908 obnoxiiun,
2971 1854 3026 1899 ct
3047 1860 3186 1901 onus
3208 1861 3329 1902 esse
3356 1860 3523 1918 grave
3549 1863 3610 1901 ac
3633 1857 3826 1919 gestata

2253 1931 2493 1990 difﬁcile.
2542 1933 2727 2005 Neque
2771 1936 2915 1991 enim
2971 1935 3282 1993 laborantes
3333 1938 3510 1993 solum
3564 1938 3713 2006 dixit,
3740 1941 3825 1994 sed

2253 2022 2413 2079 etiam
2442 2035 2710 2080 oneratos.
2735 2024 2847 2080 Hoc
2876 2026 3036 2081 etiam
3065 2026 3326 2098 propheta
3352 2028 3585 2093 dicebat,
3616 2029 3726 2100 ejus
3742 2046 3827 2083 na-

2255 2124 2424 2171 turam
2455 2116 2765 2173 describens
2794 2134 2809 2174 :
2839 2118 2985 2174 Sicut
3014 2136 3141 2176 onus
3165 2137 3317 2192 grave
3335 2132 3563 2192 gravata:
3596 2132 3709 2176 sunt
3750 2138 3826 2177 su-

2253 2226 2344 2278 per
2370 2227 2449 2264 me
2479 2210 2650 2279 (Psal.
2681 2211 2771 2267 57.
2795 2211 2874 2283 5).
2908 2211 3040 2267 Illud
3069 2228 3284 2284 quoque
3307 2213 3618 2271 describens
3643 2213 3825 2270 Zacha-

2250 2301 2397 2364 rias,
2428 2301 2503 2354 ait
2546 2301 2717 2370 ipsum
2764 2302 2966 2373 plumbi
3013 2303 3267 2360 talentum
3311 2320 3438 2361 esse
3481 2304 3658 2377 (Zach.
3684 2306 3735 2361 5.
3752 2306 3822 2375 7).

2251 2388 2592 2460 ldipsumque
2612 2392 2942 2462 experientia
2961 2393 3219 2449 declarat.
3237 2394 3383 2450 Nihil
3400 2396 3545 2450 enim
3567 2396 3636 2451 ita
3655 2411 3820 2466 aggra-

2251 2491 2339 2536 vat
2385 2482 2641 2550 animam,
2687 2483 2761 2537 ita
2807 2493 3042 2540 mentem
3094 2496 3329 2541 excaecat
3371 2501 3437 2542 ac
3484 2486 3744 2557 deprimit.
3770 2497 3823 2542 ut

2250 2574 2579 2629 conscientia
2610 2575 2813 2644 peccati
2837 2591 2852 2641 ;
2876 2576 3011 2632 nihil
3038 2575 3182 2632 illam
3211 2578 3543 2634 voluntatem
3577 2578 3643 2633 ita
3669 2578 3817 2633 subli-

2251 2680 2390 2718 mem
2421 2664 2605 2731 et‘tlcit,
2626 2674 2683 2721 ut
2699 2666 2919 2736 iustitiae
2942 2682 3005 2723 ac
3025 2667 3236 2722 virtutis
3254 2670 3549 2739 possessio.
3568 2669 3818 2735 Animum,

2249 2772 2452 2828 qua‘so,
2480 2757 2692 2813 adhibe.
2712 2757 2851 2826 Quid
2879 2760 3180 2828 onerosius,
3202 2776 3363 2832 quam
3388 2760 3519 2815 nihil
3544 2760 3818 2832 possidere,

2248 2858 2460 2904 vertere
2487 2850 2647 2905 aliam
2686 2850 2955 2905 maxillam
2975 2893 2991 2916 ,
3025 2852 3344 2922 percutienti
3381 2868 3492 2908 non
3527 2853 3689 2909 vicem
3713 2852 3819 2907 red-

2248 2940 2378 2997 dere
2400 2983 2416 3008 ,
2445 2943 2580 2997 mori
2620 2943 2851 3000 violenta
2880 2944 3091 3000 morte?
3112 2949 3365 3003 Attamen
3407 2944 3456 3001 si
3496 2944 3816 3017 philosophe-

2248 3049 2391 3099 mur,
2425 3034 2539 3090 hmc
2562 3035 2742 3090 omnia
2780 3036 2916 3092 levia
2946 3048 3003 3094 et
3027 3038 3202 3094 facilia
3232 3047 3379 3106 sunt,
3408 3039 3817 3110 voluptatemque

2249 3126 2601 3196 pariunt.Sed
2627 3143 2695 3184 ne
2723 3128 3028 3196 turbemiui,
3053 3145 3238 3186 eorum
3263 3130 3473 3202 singula
3502 3130 3818 3201 exploremus

2247 3226 2303 3272 et
2329 3227 2639 3286 tractemus,
2669 3227 2743 3286 et,
2770 3219 2814 3275 si
2838 3221 3020 3286 vultis,
3041 3221 3217 3292 primo
3242 3220 3296 3279 id
3319 3223 3466 3293 quod
3493 3222 3724 3294 plurimis
3750 3222 3816 3275 la-

2245 3307 2518 3364 boriosum
2549 3324 2669 3364 esse
2699 3309 2933 3367 videtur.
2965 3310 3179 3380 Utrum,
3208 3328 3393 3383 quaeso
3421 3323 3493 3379 te,
3511 3328 3667 3385 grave
3690 3321 3740 3368 et
3758 3311 3816 3367 la-

2245 3398 2521 3456 boriosum
2573 3401 2817 3470 videtur,
2852 3419 3014 3458 unum
3054 3414 3298 3460 ventrem
3347 3421 3571 3469 curare,
3596 3422 3659 3460 an
3687 3404 3818 3460 mille

2249 3491 2698 3549 sollicitudinibus
2742 3492 2982 3550 involvi?
3012 3510 3121 3551 uno
3145 3495 3470 3554 vestimento
3497 3497 3639 3553 indui
3659 3497 3814 3553 homi-

2245 3598 2391 3647 nem.
2418 3593 2475 3641 et
2492 3584 2623 3639 nihil
2650 3585 2787 3640 ultra
2813 3600 3074 3657 quaerere,
3100 3603 3169 3643 an
3197 3588 3363 3643 multa
3385 3588 3528 3645 intus
3556 3588 3813 3644 habenten.

2243 3675 2332 3731 die
2372 3686 2634 3748 nocteque
2669 3679 2925 3746 cruciari,
2954 3678 3008 3734 in
3036 3694 3222 3736 eorum
3265 3680 3508 3737 custodia
3543 3685 3813 3749 timentem,

2244 3778 2595 3839 trementem,
2623 3771 2840 3829 anxium
2865 3814 2881 3840 ,
2924 3788 2994 3829 ne
3039 3788 3072 3829 a
3111 3774 3272 3831 tineis
3317 3775 3696 3842 corrodantur,
3724 3789 3815 3828 neu

2244 3876 2435 3917 servus
2459 3877 2583 3917 cum
2612 3862 2717 3918 illis
2751 3863 3024 3935 aufugiat?
3058 3865 3252 3922 Verum
3276 3869 3605 3939 quantalibet
3627 3867 3812 3930 dixero,

2244 3950 2350 4007 tale
2373 3949 2525 4018 nihil,
2550 3952 2709 4024 quale
2729 3968 2906 4010 rerum
2932 3956 3284 4026 experientia,
3307 3958 3595 4032 depingere
3610 3959 3812 4014 valeam.

2244 4042 2423 4111 Quare
2446 4042 2642 4099 vellem
2670 4045 2860 4103 adesse
2883 4048 3171 4117 quemdam
3198 4064 3386 4105 eorum
3404 4092 3421 4117 ,
3452 4052 3541 4122 qui
3569 4065 3813 4107 summum

2246 4132 2603 4204 philosophia:
2630 4135 2842 4206 apicem
2883 4137 3195 4209 attigerunt,
3224 4150 3281 4195 et
3319 4148 3444 4197 tunc
3468 4141 3608 4197 clare
3630 4140 3703 4196 rei
3727 4156 3811 4193 vo-

2244 4224 2499 4295 luptatem
2520 4226 2845 4296 perciperes.
2871 4226 2941 4282 Et
2966 4243 3127 4285 nemo
3145 4244 3331 4286 eorum
3360 4231 3451 4301 qui
3476 4238 3813 4303 paupertatem

2244 4326 2448 4386 amant,
2465 4317 2678 4375 divitias
2700 4320 2860 4376 etiam
2878 4319 3087 4377 oblatas
3114 4322 3405 4393 acciperet.
3420 4322 3488 4379 Et
3509 4323 3582 4390 bi,
3606 4323 3813 4394 inquies,

2244 4424 2313 4464 an
2346 4424 2611 4479 pauperes
2653 4425 2904 4482 umquam
2949 4410 3065 4467 ﬁeri
3112 4412 3331 4479 vellent,
3361 4423 3418 4470 et
3442 4415 3807 4485 possessionum

2244 4515 2426 4556 curam
2456 4500 2724 4571 abjicere?
2751 4500 2822 4559 Et
2845 4501 2973 4573 quid
3007 4503 3109 4559 hoc
3135 4506 3258 4560 est?
3282 4507 3659 4579 Argumentum
3685 4514 3810 4560 certe

2246 4591 2485 4654 stultitia:
2533 4600 2587 4647 et
2625 4592 2929 4664 gravissimi
2970 4595 3302 4667 morbi,nec
3334 4599 3415 4654 rei
3454 4597 3819 4670 iucunditatem.

2245 4690 2545 4751 declarans.

2317 4782 2371 4837 4.
2398 4780 2564 4852 Cujus
2587 4781 2665 4837 rei
2695 4780 2851 4838 nobis
2879 4791 3045 4838 testes
3083 4781 3283 4839 fuerint
3311 4785 3369 4852 ii,
3401 4786 3491 4857 qui
3511 4783 3730 4858 quotidie
3750 4780 3807 4836 de

2248 4871 2333 4927 his
2361 4872 2804 4930 sollicitudinibus
2834 4872 3229 4943 lamentantur,
3259 4885 3316 4932 et
3341 4876 3503 4934 vitam
3534 4873 3805 4949 httjttsuzodi

2246 4978 2352 5018 non
2387 4963 2600 5018 vitalem
2640 4979 2762 5020 esse
2789 4974 2997 5036 putant.
3025 4967 3093 5021 At
3122 4966 3199 5025 illi
3243 4983 3348 5023 non
3388 4969 3520 5025 tales
3551 4962 3813 5033 sunt,sed.

2246 5056 2445 5123 rident,
2472 5057 2765 5122 exsultant,
2797 5074 2894 5113 nec
2918 5060 3096 5115 minus
3122 5058 3191 5117 de
3210 5072 3542 5132 paupertate,
3564 5075 3708 5133 quam
3733 5073 3802 5112 re-

2245 5163 2340 5219 ges
2362 5147 2432 5204 de
2456 5147 2760 5205 diademate
2786 5150 3105 5220 gloriantur.
3136 5151 3369 5208 Rursum
3417 5153 3670 5210 maxillam
3696 5163 3805 5219 pere

2246 5241 2467 5296 cutienti
2495 5238 2708 5304 oﬂ’erre,
2747 5254 2905 5311 quam
2936 5252 3236 5312 percutere,
3266 5242 3435 5299 levius
3458 5253 3513 5300 et
3546 5239 3801 5314 jucundius

2244 5341 2347 5399 est,
2375 5332 2421 5387 si
2462 5331 2747 5388 attendas:
2777 5348 2901 5388 nam
2945 5333 3091 5389 illinc
3132 5333 3342 5389 initium
3380 5334 3525 5401 belli,
3553 5333 3666 5388 hinc
3700 5329 3799 5399 ejus

2244 5423 2444 5480 solutio
2469 5425 2740 5494 provenit;
2771 5433 2826 5480 et
2847 5424 2938 5480 illo
2965 5424 3178 5497 quidem
3207 5426 3367 5483 modo
3391 5426 3607 5482 alterius
3637 5435 3797 5493 rogum

2244 5514 2570 5581 accendisti,
2624 5514 2726 5570 hoc
2774 5525 2951 5571 autem
3005 5515 3276 5572 ﬂammam
3330 5526 3472 5572 tuam
3509 5510 3795 5571 exstinxisti.

2245 5606 2396 5676 Quod
2436 5615 2615 5662 autem
2663 5622 2769 5662 non
2813 5608 2894 5662 uri
2932 5606 3139 5663 dulcius
3186 5610 3277 5677 sit,
3304 5625 3460 5680 quam
3498 5608 3595 5675 uri,
3626 5600 3794 5660 nemini

2247 5717 2354 5757 non
2384 5710 2566 5755 notum
2588 5709 2690 5756 est.
2713 5698 2865 5768 Quod
2891 5700 2935 5755 si
2963 5715 3050 5756 res
3071 5701 3124 5755 in
3155 5704 3425 5773 corporeis
3445 5700 3511 5755 ita
3530 5714 3588 5755 se
3610 5694 3792 5762 habent,

2248 5793 2414 5850 multo
2458 5793 2626 5865 magis
2676 5794 2729 5848 iu
2769 5793 2832 5849 iis
2872 5809 2991 5864 qua:
3019 5793 3088 5849 ad
3131 5794 3364 5851 animam
3405 5803 3652 5866 speetant.
3676 5783 3792 5856 Quid
