4084 6354
433 347 540 404 433

430 463 610 534 πολλῷ
659 464 860 535 μᾶλλον
903 465 996 519 ἐπί
1036 466 1235 538 ψυχῆς.
1270 470 1334 523 Τί
1360 471 1418 525 δὲ
1450 474 1804 545 κουφότερον,
1844 475 2108 544 ἀγωνίζε-

434 551 579 614 σθαι,
612 553 644 624 ἦ
677 553 1108 623 στεφανοῦσθαις
1140 558 1453 626 πυκτεύειν,
1485 562 1518 631 ἢ
1554 561 1615 615 τὸ
1646 562 1899 635 βραϐεῖον
1928 563 2106 634 Exeo);

431 641 591 693 καί²⁶
630 643 892 712 κυμάτων
938 643 1272 714 ἀνέχεσθαι,
1306 647 1338 718 ἢ
1384 651 1464 712 είς
1506 649 1700 720 λιμένα
1729 654 2108 724 καταίρειν²⁷ς

428 729 641 815 Οὐκοῦν
661 731 755 783 καὶ
779 731 838 783 το
865 731 1155 787 ἀποθανεῖν
1178 734 1271 787 τοῦ
1291 734 1392 808 ζῇν
1418 738 1647 807 βέλτιον.
1681 740 1856 795 Τοῦτο
1878 742 1979 812 μὲν
1996 742 2108 815 γὰρ

430 814 617 885 ἐξάγει
661 818 769 869 τῶν
816 817 1183 873 κλυδωνίων¹⁸
1232 824 1461 878 καὶτῶν
1502 826 1766 883 κινδύνων
1788 844 1803 859 ·
1836 831 2016 883 ἐκεῖνο
2051 814 2109 882 δέ

430 905 776 977 προστίθησι,
803 911 895 962 καὶ
925 908 1226 963 ὑπεύθυνον
1252 914 1398 965 ποιεῖ
1425 913 1647 985 μυρίαις
1671 914 1985 979 ἐπιϐουλαῖς
2013 916 2109 969 καί⁸

430 992 721 1062 ἀνάγκαις,
754 995 820 1048 δι’
842 996 909 1059 ἃς
941 996 1176 1051 ἀϐίωτον
1205 994 1344 1053 εἶναι
1375 1000 1467 1054 τὸν
1507 1001 1620 1072 βίον
1647 1004 1928 1073 ἐνόμισας.
1963 1005 2026 1057 Ei
2052 1004 2108 1057 δὲ

428 1082 680 1147 ἀπιστεῖς
723 1087 836 1148 τοῖς
875 1084 1209 1157 λεγομένοις,
1258 1088 1489 1160 ἄκουσον
1518 1090 1629 1144 τῶν
1677 1092 2003 1164 ἑωρακότων
2039 1093 2109 1148 τὰ

431 1170 696 1240 πρόσωπα
714 1171 825 1225 τῶν
866 1174 1160 1247 μαρτύρων
1186 1178 1244 1229 ὲν
1265 1176 1343 1249 τῷ
1371 1177 1549 1250 καιρῷ
1579 1179 1687 1233 τῶν
1714 1179 1962 1249 ἀγώνων,
1991 1180 2109 1246 πῶς

432 1258 819 1330 μαστιζόμενοι
856 1262 952 1316 καὶ
1002 1261 1268 1333 ξεόμενοι,
1316 1270 1638 1338 περιχαρεῖς
1668 1264 1810 1340 ἦσαν
1849 1271 1944 1324 καὶ
1977 1288 2106 1339 φαι-

426 1345 565 1416 δροὶ,
590 1349 685 1401 καὶ⁵
709 1349 817 1401 τῶν
840 1349 932 1403 ἐπὶ
953 1351 1210 1419 ῥοδωνιᾶς
1236 1341 1721 1427 κατακεκλιμένων
1741 1356 1832 1410 ἐπὶ
1855 1358 2107 1427 τηγάνων

430 1437 844 1508 προκείμενοι¹⁹
878 1439 1077 1510 μᾶλλον
1104 1439 1323 1511 ἔχαιρον
1365 1442 1457 1495 καὶ
1482 1443 1859 1516 εὐφραίνοντο.
1890 1445 1981 1498 Διὸ
2012 1448 2107 1501 καὶ

429 1523 645 1588 Παῦλος
688 1524 863 1595 ἔλεγε,
899 1527 1110 1598 μέλλων
1139 1529 1389 1584 ἐντεῦθεν
1430 1531 1656 1587 ἀπιέναι
1682 1534 1776 1588 καὶ
1816 1535 2105 1590 καταλύειν

429 1610 591 1682 βιαίῳ
633 1612 852 1685 θανάτῳ
876 1614 975 1687 τὴν
1005 1614 1154 1687 ζωήν
1174 1631 1187 1645 ·
1230 1618 1422 1687 Χαίρω
1452 1620 1551 1673 καὶ
1576 1623 1887 1691 συγχαίρω
1916 1621 2108 1679 πᾶσιν

429 1700 572 1770 ὑμῖν
598 1719 612 1734 ·
643 1702 710 1756 τὸ
732 1702 803 1756 δὲ
828 1704 977 1759 αὐτὸ
1010 1705 1112 1760 καί
1152 1706 1318 1776 ὑμεῖς
1350 1708 1587 1777 χαίρετε
1622 1710 1722 1763 καὶ
1748 1711 2107 1780 συγχαίρετέ

421 1806 544 1857 μοι.
570 1787 723 1854 Εἶδες
751 1792 870 1863 μεθ’
899 1794 1031 1865 ὅσης
1067 1796 1374 1868 ὑπερϐολῆς
1403 1797 1499 1868 τὴν
1525 1799 1851 1869 οἰκουμένην
1889 1800 2106 1857 ἅπασαν

425 1880 523 1932 ἐπὶ
552 1879 649 1950 τὴν
688 1882 974 1937 κοινωνίαν
1017 1885 1120 1954 τῆς
1167 1887 1508 1958 εὐφροσύνης
1556 1888 1742 1957 καλεῖς
1775 1888 1931 1943 Οὕτω
1960 1890 2106 1961 μέγα

427 1967 634 2034 ἀγαθὸν
658 1968 774 2040 ᾔδει
803 1971 902 2042 τὴν
924 1972 1174 2027 ἐντεῦθεν
1197 1975 1509 2046 ἀποδημίαν
1525 1972 1689 2031 οὖσαν
1710 1995 1724 2008 ⁸
1757 1976 1901 2031 οὓτω
1917 1980 2103 2033 ποθει-

425 2055 515 2108 νὸν
542 2058 634 2109 τὸν
667 2057 810 2112 οὕτω
833 2060 1063 2131 φοϐερὸν
1083 2062 1128 2094 ³⁸
1156 2063 1407 2128 θάνατον,
1433 2067 1527 2119 καὶ
1550 2065 1853 2138 ἐπέραστον
1884 2069 1979 2123 καὶ
2009 2070 2103 2122 εύ-

424 2144 527 2214 χῆς
556 2144 722 2210 ἄξιον.
762 2149 903 2202 Ἀλλ’
935 2151 1018 2204 ὅτι
1056 2152 1155 2222 μὲν
1188 2153 1318 2223 ἡδὺς
1351 2155 1446 2207 καὶ
1475 2154 1678 2224 κοῦφος
1710 2158 1739 2209 ὁ
1764 2157 1863 2226 τῆς
1894 2158 2099 2228 ἀρετῆς

424 2233 624 2303 ζυγὸς,
670 2238 763 2290 καὶ
796 2237 1063 2309 ἑτέρωθεν
1107 2240 1436 2312 πολλαχόθεν
1486 2243 1677 2314 δῆλον·
1707 2243 1893 2297 λοιπὸν
1925 2245 2011 2311 δὲ,
2052 2250 2101 2301 εἰ

417 2322 585 2381 δοκεῖ.
622 2325 716 2378 καὶ
746 2326 847 2397 τῆς
875 2328 1151 2399 ἁμαρτίας
1180 2327 1379 2400 ἴδωμεν
1412 2331 1480 2385 τά
1502 2331 1715 2401 φορτία.
1748 2332 1957 2387 Οὐκοῦν
1976 2337 2104 2399 τοὺς

424 2405 753 2473 πλεονέκτας
796 2411 874 2474 εἰς
920 2412 1085 2481 μέσον
1135 2412 1456 2484 ἀγάγωμεν,
1502 2415 1632 2477 τοὺς
1685 2415 1964 2488 καπήλους
2008 2418 2105 2472 καὶ

425 2493 878 2567 παλιγκαπήλους
918 2496 1029 2551 τῶν
1079 2498 1452 2569 ἀναισχύντων
1483 2499 1856 2571 συμϐολαίων.
1903 2503 1970 2557 Τί
2008 2499 2103 2559 οὗν

414 2581 825 2655 φορτικώτερον
862 2583 965 2655 τῆς
1008 2584 1264 2657 τοιαύτης
1305 2587 1694 2659 πραγματείας
1748 2589 1944 2658 γένοιτ’
1996 2593 2103 2659 ἀν;

422 2671 587 2724 πόσαι
615 2670 815 2737 λύπαι,
841 2674 1005 2727 πόσαι
1036 2675 1343 2746 φροντίδες,
1375 2676 1517 2730 πόσα
1544 2677 2012 2750 προσκρούσματα
2029 2681 2099 2747 ⁸¹,

423 2758 579 2812 πόσοι
623 2757 883 2826 κίνδυνοι,
914 2762 1079 2816 πόσαι
1110 2763 1395 2818 ἐπιϐουλαὶ
1425 2764 1520 2819 καὶ
1550 2766 1779 2838 πόλεμοι
1807 2766 1932 2821 καθ’
1972 2768 2101 2825 ἑκά-

423 2863 556 2918 στην
579 2848 795 2920 ἡμέραν
824 2848 1035 2914 τούτοις
1064 2849 1291 2921 φύονται
1319 2854 1437 2917 τοῖς
1456 2852 1709 2925 κέρδεσις
1748 2854 1906 2908 πόσοι
1938 2854 2101 2927 θόρυ-

421 2933 508 2987 ϐοι
550 2937 645 2991 καὶ
689 2938 958 3009 ταραχαί;
994 2939 1201 3014 Ὥσπερ
1231 2939 1342 3014 γάρ
1366 2941 1467 3013 τὴν
1513 2940 1787 2996 θάλατταν
1815 2943 1915 2998 οὐκ
1953 2942 2102 2997 ἑστιν

422 3022 552 3077 ίδεῖν
597 3043 726 3080 ποτε
776 3028 1037 3099 κυμάτων
1078 3029 1281 3101 χωρὶς,
1327 3028 1501 3094 οὕτως
1547 3029 1671 3084 οὐδέ
1708 3029 1808 3103 τὴν
1846 3031 2102 3104 τοιαύτην

416 3108 598 3183 ψυχὴν
644 3115 939 3187 φροντίδος
966 3118 1062 3173 καὶ
1108 3116 1349 3191 ἀθυμίας
1377 3118 1473 3173 καὶ
1504 3118 1672 3189 φόϐου
1715 3118 1811 3173 καὶ
1852 3121 2099 3192 ταραχῆς

1218 350 1276 408 S.
1308 353 1595 413 JOANNIS
1628 354 2125 417 CHRYSOSTOMI
2163 362 2484 422 ARCHIEP.
2514 364 3066 425 CONSTANTINOP.

3788 363 3897 421 431

2212 481 2393 548 ἐκτὸς,
2440 482 2577 538 ἀλλά
2604 485 2672 539 τὰ
2696 485 2940 557 πρότερα
2979 485 3390 557 καταλαμϐάνει
3423 485 3496 541 τὰ
3520 485 3777 556 δεύτερα,
3803 481 3905 537 καὶ

2192 572 2378 635 ,πάλιν
2394 572 2562 654 ἕτερα
2578 574 2778 640 ἔπεισι,
2793 575 2890 629 καὶ¹
2915 576 3121 632 τούτων
3150 578 3364 632 οὐδέπω
3386 577 3715 649 παυομένων
3731 574 3902 646 ἕτερα

2215 659 2573 715 κορυφουται.

2294 732 2456 786 Ἀλλά
2524 732 2635 788 τῶν
2676 734 2932 807 λοιδόρων
3001 735 3179 807 βούλει
3251 737 3346 792 καὶ
3402 738 3513 790 τῶν
3572 734 3893 809 ἀκροχόλων

2210 819 2312 884 τὰς
2360 820 2541 892 ψυχὰς
2591 823 2755 890 ίδεῖν;
2797 825 2909 878 Καὶ
2953 824 3008 878 τί
3042 824 3145 895 τῆς
3191 824 3427 895 βασάνου
3467 824 3896 896 ταύτηςχεῖρονς

2211 908 2265 961 τί
2308 908 2416 962 τῶν
2456 912 2791 981 τραυμάτων
2822 905 2898 966 ὧν
2953 912 3172 984 ἔχουσιν
3206 913 3382 981 ἔνδον;
3435 913 3487 967 τί
3535 913 3637 984 τῆς
3660 911 3897 984 καμίνου

2225 995 2327 1066 τῆς
2372 997 2635 1067 διηνεκῶς
2681 1001 3022 1070 καιομένης,
3067 1000 3163 1053 καὶ
3214 1000 3314 1070 τῆς
3361 1000 3560 1069 φλογὸς
3599 1002 3699 1071 τῆς
3728 998 3896 1071 μηδέ-

2212 1101 2343 1137 ποτε
2391 1084 2792 1157 σϐεννυμένης;
2866 1087 3026 1141 ’Λλλά
3082 1087 3191 1142 τῶν
3234 1088 3279 1120 "
3337 1088 3734 1159 φιλοσωμάτων
3799 1086 3898 1140 καὶ

2209 1174 2276 1244 τῇ
2310 1172 2561 1246 παρούσῃ
2593 1174 3042 1246 προστετηκότων
3086 1174 3237 1247 ζωῆς
3286 1176 3399 1230 Καὶ
3444 1176 3498 1229 τί
3536 1173 3741 1245 ταύτης
3789 1173 3895 1245 τῆς

2208 1259 2455 1325 δουλείας
2486 1261 2897 1333 χαλεπώτερον;
2926 1263 3031 1317 Τὸν
3062 1262 3156 1316 τοῦ
3188 1264 3329 1318 Κάῖν
3364 1262 3479 1334 βίον
3508 1262 3665 1328 ζῶσι,
3699 1262 3895 1334 τρόμῳ

2207 1350 2448 1420 διηνεκεῖ
2480 1352 2728 1415 συνόντες
2741 1352 2787 1383 ³³
2817 1353 2912 1405 καὶ
2946 1351 3119 1423 φόϐῳ,
3155 1353 3279 1406 καθ’
3304 1353 3537 1406 ’ἑκαστον
3566 1351 3676 1405 τῶν
3701 1351 3894 1405 τελευ-

2207 1437 2423 1493 τώντων
2444 1480 2459 1501 ,
2497 1440 2695 1510 μᾶλλον
2740 1439 2850 1493 τῶν
2893 1441 3123 1505 ἐκείνοις
3163 1442 3576 1512 προσηκόντων,
3608 1438 3758 1513 [451]
3790 1440 3896 1511 τὴν

2206 1527 2415 1581 οἰκείαν
2449 1526 2776 1600 θρηνοῦντες
2802 1529 3080 1601 τελευτήν.
3126 1529 3192 1582 Τί
3228 1529 3286 1583 δὲ
3312 1529 3423 1583 τῶν
3456 1526 3894 1597 πεφυσιωμένων

2206 1615 2690 1688 ταραχωδέστερόν
2718 1633 2777 1669 τε
2813 1616 2907 1670 καὶ
2935 1616 3337 1689 μανικώτερονς
3374 1616 3605 1671 Μάθετε
3629 1614 3759 1685 γάρ,
3784 1630 3896 1684 φη-

2210 1702 2314 1765 σὶν,
2339 1704 2440 1759 ἀπ’
2467 1703 2634 1773 ἐμοῦ,
2654 1703 2745 1757 ὅτι
2775 1702 2964 1774 πρᾶός
2982 1706 3096 1773 ειμι
3122 1705 3221 1759 καί
3247 1703 3533 1770 ταπεινὸς
3554 1701 3630 1772 τῇ
3650 1701 3890 1772 καρδίᾳ,

2207 1791 2307 1845 καί
2325 1791 2616 1860 εὑρήσετε
2647 1791 2996 1847 ἀνάπαυσιν
3028 1792 3160 1859 ταῖς
3186 1792 3415 1862 ψυχαῖς
3447 1790 3635 1862 ὑμῶν.
3678 1789 3889 1844 Ἀπάν-

2205 1897 2316 1934 των
2345 1880 2454 1951 γὰρ
2491 1882 2524 1951 ἡ
2568 1880 2889 1947 ἀνεξικακία
2925 1882 3108 1953 μήτηρ
3148 1881 3259 1935 τῶν
3289 1878 3532 1950 ἀγαθῶν.
3579 1878 3674 1951 Μὴ
3701 1879 3890 1932 τοίνυν

2210 1968 2475 2041 φοϐηθῇς,
2508 1968 2643 2040 μηδέ
2672 1968 3032 2040 ἀποπηδήσῃς
3059 1969 3153 2023 τὸν
3182 1969 3400 2023 πάντων
3433 1985 3493 2021 σε
3521 1966 3727 2021 τούτων
3751 1984 3890 2021 κου-

2209 2059 2433 2129 φίζοντα
2481 2057 2666 2127 ζυγὸν,
2713 2057 2827 2112 ἀλλ’
2875 2056 3077 2111 ῦπελθε
3119 2057 3260 2129 μετά
3308 2056 3620 2128 προθυμίας
3665 2055 3891 2125 ἀπάσης

2208 2148 2391 2213 αὐτὸν,
2422 2148 2517 2201 καὶ
2545 2147 2670 2200 τότε
2698 2145 2864 2200 αὐτοῦ
2886 2146 3007 2219 εῖσῃ
3038 2147 3227 2216 σαφῶς
3251 2147 3352 2217 τὴν
3374 2146 3588 2217 ἡδονήν.
3617 2145 3753 2200 Οὐδὲ
3774 2144 3891 2215 γὰρ

2207 2237 2385 2308 τρίϐει
2416 2253 2509 2290 σου
2546 2236 2640 2289 τὸν
2672 2236 2899 2306 αὐχένα,
2951 2235 3071 2290 ἀλλ’
3099 2235 3355 2299 εὐταξίας
3395 2234 3586 2288 ἑνεκεν
3612 2233 3890 2287 ἐπίκειται

2212 2326 2400 2396 μόνης,
2445 2326 2539 2379 καὶ
2573 2323 2667 2379 τοῦ
2695 2328 2879 2378 πεῖσαι
2913 2323 3149 2395 βαδίζειν
3176 2321 3445 2396 εὔρυθμα,
3479 2312 3575 2377 καὶ
3623 2321 3760 2392 πρὸς
3785 2321 3890 2391 τὴν

2205 2411 2491 2484 βασιλικὴν
2539 2429 2598 2465 σε
2637 2413 2753 2465 ὁδὸν
2791 2412 3038 2481 ἀγαγεῖν,
3076 2411 3172 2465 καὶ
3210 2409 3319 2463 τῶν
3346 2408 3688 2480 ἑκατέρωθεν
3715 2408 3887 2462 ἀπαλο

2201 2498 2361 2565 λάξαι
2404 2500 2686 2570 κρημνῶν,
2719 2499 2814 2552 καί
2866 2500 3089 2570 ποιῆσαι
3138 2499 3256 2570 μετ’
3305 2496 3561 2560 εὐκολίας
3610 2496 3713 2566 τὴν
3763 2512 3889 2548 στε-

2202 2589 2301 2659 νὴν
2329 2587 2543 2660 βαδίσαι
2568 2588 2705 2642 ὁδόν.
2747 2589 2901 2642 Ἐπεὶ
2944 2584 3039 2643 οὖν
3085 2588 3324 2642 τοσαῦτα
3367 2585 3533 2640 αὐτοῦ
3562 2585 3631 2640 τά
3677 2585 3888 2654 ἀγαθά,

2204 2676 2443 2749 τοσαύτη
2470 2678 2503 2747 ὴ
2532 2676 2822 2746 ἀσφάλεια,
2841 2675 3079 2749 τοσαύτη
3110 2678 3143 2747 ὴ
3177 2676 3507 2747 εὐφροσύνη,
3538 2675 3689 2746 πάσῃ
3710 2674 3886 2745 ψυχῇ,

2201 2766 2353 2839 πάσῃ
2378 2766 2584 2838 σπουδῇ
2608 2764 2795 2820 τοῦτον
2815 2766 3067 2836 ἕλκωμεν
3090 2766 3183 2820 τὸν
3205 2765 3391 2835 ζυγόν·
3411 2766 3500 2818 ἵνα
3529 2764 3625 2820 καὶ
3645 2763 3888 2819 ἐνταῦθα

2198 2854 2506 2910 ἀνάπαυσιν
2534 2852 2784 2926 εὕρωμεν
2812 2856 2931 2918 ταῖς
2951 2853 3150 2925 ψυχαῖς
3178 2856 3212 2925 ἡ
3222 2853 3359 2925 μῶν,
3394 2853 3489 2907 καὶ
3515 2852 3626 2906 τῶν
3660 2851 3887 2923 μελλόν-

2195 2961 2307 2998 των
2339 2941 2690 3014 ἐπιτύχωμεν
2721 2943 2964 3012 ἀγαθῶν,
3008 2943 3193 3016 χάριτι
3225 2942 3319 2997 καὶ
3364 2940 3753 3012 φιλανθρωπία
3786 2938 3886 2993 τοῦ

2197 3032 2406 3103 Κυρίου
2434 3031 2594 3103 ἡμῶν
2636 3032 2811 3101 Ἰησοῦ
2843 3032 3102 3103 Χριστοῦ,
3132 3024 3178 3102 ᾧ
3204 3034 3238 3102 ή
3270 3031 3401 3096 δόξα
3444 3030 3543 3085 καὶ
3569 3030 3631 3083 τὸ
3657 3031 3887 3100 κράτος,

2197 3121 2294 3176 νῦν
2320 3122 2416 3176 καὶ
2446 3121 2534 3175 ἀεὶ
2562 3122 2656 3175 καὶ
2684 3123 2765 3185 εἰς
2785 3122 2912 3185 τοὺς
2938 3120 3144 3188 αἰῶνας
3168 3121 3277 3176 τῶν
3300 3120 3538 3176 αἰώνων.
3578 3120 3778 3191 ’Δμήν.

572 3209 912 3302 θεῖαί-ιπηῖωιὶἒῖ
1022 3300 1036 3302 _
1138 3216 1429 3302 καρτερεῖν
1448 3214 1615 3302 Αᾴι),
1633 3215 1693 3269 E.
1718 3213 2099 3302 1:“.‘Vnggmng

2206 3217 2632 3302 Ippntlnterpp.
2709 3218 2754 3302 ξ’
2795 3217 3080 3302 κλυδώνωην
3127 3211 3788 3302 E_(id.ngtpoo*:£03ml1£0

423 3276 559 3335 Mor.
582 3279 835 3356 Bgn.___'f
871 3283 1104 3356 Codices
1142 3276 1408 3356 κείμενοι.
1440 3285 1530 3356 ,⁸³⁸
1566 3286 1658 3340 τὸν
1685 3286 1848 3341 αὐτὸν
1876 3276 1971 3342 κῖιὶ

1998 3233 2096 3272 ;um

1998 3288 2099 3357 φοϐ

1998 3375 2036 3413 .1.
2068 3375 2099 3416 ιι

2206 3231 2361 3274 mam
2399 3231 2632 3288 Interpp.
2709 3231 2754 3250 "
2795 3231 3080 3273 κλυοωνων
3127 3231 3263 3273 uua.
3314 3231 3664 3302 προοτιυησι]
3703 3231 3888 3339 tum?

2206 3288 2294 3377 (id.
2369 3288 2415 3384 τι
2455 3288 2888 3416 προσκροΕιΞματα
2923 3290 2989 3343 Α.
3020 3288 3084 3344 F.
3160 3289 3206 3322 ³⁸
3242 3286 3381 3342 ἀλλα
3418 3304 3470 3341 τι
3501 3304 3610 3341 των
3643 3287 3703 3342 (3.
3734 3285 3796 3341 D.
3867 3321 3887 3340 .

2206 3378 2242 3415 ιι
2267 3358 2371 3414 καθ
2414 3359 2647 3415 ἕκαστον
2757 3360 2812 3416 d.

418 3359 476 3402 et
500 3366 583 3421 pr.
612 3351 679 3406 A.
715 3352 850 3407 ἀλλά
876 3356 943 3426 τῇ
974 3355 1084 3408 τῶν
1118 3351 1264 3411 con".
1294 3357 1360 3409 A.
1435 3354 1483 3387 ³³
1521 3356 1794 3422 συζῶντες
1823 3356 1960 3413 Edd.
2068 3375 2099 3430 ρ

2206 3361 2242 3415 Li.
2267 3358 2391 3414 καθ’
2414 3351 2655 3415 ἕκαστον
2676 3351 2812 3416 Edd.

1953 3594 2199 3649 OMIAIA
2226 3595 2352 3650 AO'.

435 3754 534 3808 Ἑν
563 3754 775 3822 ἐκείνῳ
797 3753 878 3821 τῷ
931 3753 1116 3825 καιρῷ
1151 3755 1446 3825 ἐπορεύθη
1479 3759 1515 3811 ό
1553 3756 1786 3826 Ἰησοῦς
1809 3757 1935 3824 τοῖς
1960 3757 2103 3813 σάϐ-

494 3838 636 3893 600:
660 3834 761 3890 διὰ
775 3834 895 3889 τῶν
914 3836 1229 3905 σπορίμων
1249 3853 1263 3868 ·
1287 3838 1342 3890 οί
1370 3834 1440 3889 δὲ
1456 3836 1718 3906 μαθηταί
1738 3837 1928 3892 αὐτοῦ
1948 3838 2102 3893 ἐπεί-

491 3932 724 3982 νασαν,
793 3914 896 3971 καί
968 3915 1237 3985 ἤρξαντο
1290 3915 1526 3970 τίλλειν
1583 3915 1859 3987 στάχυας
1890 3917 1936 3950 ³⁸
1998 3917 2101 3973 καὶ

492 3998 747 4053 ἐσθίειν.

492 4125 561 4180 α’.
602 4126 661 4179 '0
677 4124 735 4179 δέ
762 4125 978 4187 Λουκᾶς
1004 4141 1187 4196 φησιν,
1205 4124 1308 4179 Ἔν
1332 4123 1607 4190 σαϐϐάτῳ
1625 4121 2097 4192 δευτεροπρώτῳ.

422 4212 488 4265 τί
514 4212 572 4266 δέ
600 4213 746 4267 ἐστιν
776 4214 834 4266 ἐν
858 4211 903 4243 ³⁵
958 4209 1422 4284 δευτεροπρώτῳ;
1457 4211 1624 4266 Ὅταν
1646 4210 1812 4281 διπλῆ
1860 4212 1894 4282 ἡ
1933 4210 2101 4281 ἀργία

420 4298 478 4374 ᾔ,
528 4303 623 4357 καί¹
670 4301 765 4356 τοῦ
830 4298 1104 4354 σαϐϐάτου
1135 4298 1230 4353 τοῦ
1293 4299 1507 4371 κυρίου,
1545 4298 1639 4353 καὶ
1682 4299 1877 4371 ἑτέρας
1907 4299 2100 4371 ἑορτῆς

418 4389 828 4461 διαδεχομένης.
876 4388 1152 4443 Σάϐϐατον
1185 4387 1295 4461 γὰρ
1333 4388 1572 4458 ἑκάστην
1604 4386 1802 4458 ἀργίαν
1848 4386 2097 4442 καλοῦσι.

421 4479 533 4534 Καί
564 4495 618 4532 τι
640 4477 837 4548 δήποτε
864 4476 1074 4531 ἐκεῖθεν
1093 4477 1291 4540 αὐτοὺς
1316 4476 1524 4548 ἢγαγεν
1545 4478 1574 4530 ὁ
1596 4475 1774 4530 πάντα
1808 4473 2097 4547 προειδὼς,

421 4568 472 4620 εἰ
523 4566 599 4639 μὴ
646 4564 897 4620 ἐϐούλετο
943 4564 1170 4633 λυθῆναι
1218 4564 1280 4618 τὸ
1320 4563 1623 4629 σάϐϐατον;
1663 4562 1945 4617 Ἐϐούλετο
1978 4563 2096 4634 μὲν,

422 4655 537 4709 ἀλλ’
580 4654 677 4723 οὐχ
735 4652 957 4717 ἁπλῶς⁸
1008 4652 1197 4724 διόπερ
1242 4651 1496 4705 οὐδέποτε
1543 4651 1714 4723 χωρὶς
1751 4652 1931 4715 αἰτίας
1968 4651 2102 4706 αὐτὸ

418 4744 559 4806 λύει,
585 4742 721 4796 ἀλλὰ
748 4742 923 4803 διδους
953 4740 1256 4812 προφάσεις
1283 4739 1560 4809 εὐλόγους,
1580 4740 1668 4793 ἴνα
1689 4741 1785 4795 καὶ
1816 4740 1906 4794 τὸν
1935 4741 2100 4813 νόμον

416 4829 730 4901 ἀναπαύσῃ,
762 4828 856 4881 καὶ
902 4827 1144 4891 ἐκείνους
1176 4827 1252 4898 μὴ
1297 4827 1496 4900 πλήξῃ.
1536 4828 1694 4881 Ἐστι
1735 4828 1792 4882 δέ
1834 4829 1970 4882 ὅπου
2006 4830 2100 4882 καὶ

422 4920 851 4991 προηγουμένως
884 4915 1014 4971 αὐτὸ
1032 4915 1169 4980 λύει,
1191 4916 1252 4969 οὐ
1278 4915 1415 4987 μετὰ
1443 4918 1816 4988 περιστάσεως
1833 4935 1846 4948 ·
1876 4918 1950 4982 ὠς
1970 4917 2098 4972 ὅταν

417 5008 510 5063 τδν
544 5007 714 5079 πηλὸν
750 5007 797 5039 ³⁸
829 5006 956 5080 χρίῃ
980 5006 1108 5070 τοὺς
1130 5004 1440 5077 ὀφθαλμοὺς
1470 5006 1564 5059 τοῦ
1591 5006 1794 5077 τυφλοῦ
1820 5020 1834 5035 °
1859 5007 1935 5070 ὡς
1968 5007 2098 5060 ὅταν

418 5093 555 5166 λέγῃ
575 5110 588 5123 ·
636 5094 699 5145 '0
726 5090 931 5159 Πατήρ
953 5108 1071 5160 μου
1099 5090 1212 5156 ἕως
1240 5090 1369 5158 ἄρτι
1383 5090 1703 5160 ἐργάζεται,
1745 5090 1908 5161 κάγὼ
1928 5091 2093 5161 ἐργά-

418 5181 604 5251 ζομαι.
630 5182 782 5234 Ποιεῖ
800 5179 859 5232 δὲ
886 5178 1077 5242 ταῦτα,
1102 5177 1252 5251 [432]
1280 5178 1455 5247 τούτῳ
1485 5179 1585 5250 μὲν
1604 5178 1844 5244 δοξάζων
1864 5179 1957 5234 τὸν
1979 5180 2100 5234 ἑαυ-

418 5267 515 5322 τοῦ
560 5266 804 5339 Πατέρα,
836 5266 1031 5335 ἐκείνῳ
1074 5266 1131 5319 δέ
1172 5265 1272 5337 τὴν
1328 5265 1615 5319 ἀσθένειαν
1658 5265 1774 5319 τῶν
1830 5266 2099 5321 Ἰουδαίων

418 5355 932 5429 παραμυθούμενος.
974 5356 1039 5407 Ὃ
1067 5353 1131 5425 δὴ
1160 5354 1257 5407 καὶ
1290 5353 1526 5407 ἐνταῦθα
1548 5354 1970 5420 κατασκευάζει,
1999 5356 2097 5426 τὴν

416 5446 518 5517 τῆς
572 5445 789 5514 φύσεως
842 5443 1089 5514 ἀνάγκην
1133 5442 1607 5513 προϐαλλόμενος·
1653 5441 1899 5512 καίτοιγε
1933 5443 2028 5497 ἐπὶ
2053 5445 2098 5478 ³⁷

416 5533 528 5590 τῶν
548 5531 962 5606 ἁμαρτημάτων
1001 5531 1112 5587 τῶν
1159 5529 1600 5603 ὡμολογημένων
1632 5530 1734 5584 οὐκ
1779 5530 1844 5584 ἂν
1887 5530 2100 5600 γένοιτό

419 5638 552 5676 ποτε
580 5620 868 5691 ἀπολογία.
897 5618 1038 5674 Οὔτε
1068 5618 1178 5691 γὰρ
1199 5619 1229 5673 ὁ
1254 5616 1495 5687 φονεύων
1527 5616 1620 5671 τὸν
1648 5615 1820 5687 θυμὸν
1845 5617 1913 5672 ἂν
1940 5620 2097 5691 σχοίη

418 5707 809 5780 προϐαλέσθαι,
836 5706 960 5761 οὐτε
992 5707 1038 5741 ⁸⁸
1063 5709 1092 5761 ὁ
1122 5704 1390 5778 μοιχεύων
1415 5705 1515 5775 τὴν
1545 5704 1862 5776 ἐπιθυμίαν,
1894 5708 2098 5777 μᾶλλον

2205 3756 2265 3811 δέ
2290 3756 2412 3812 οὐδέ
2448 3756 2617 3829 ἄλλην
2669 3759 2926 3830 οὐδεμίαν
2963 3760 3145 3815 αἰτίαν
3170 3761 3380 3814 εἰπεῖν’
3421 3756 3659 3812 ἐνταῦθα
3690 3757 3752 3812 δὲ
3788 3757 3896 3830 τὴν

2207 3848 2399 3901 πεῖναν
2440 3849 2630 3913 εἰπὼν,
2670 3847 2871 3912 παντὸς
2913 3847 3220 3919 ἀπήλλαξεν
3265 3846 3465 3911 αὐτοὺς
3512 3846 3896 3917 ἐγκλήματος.

2205 3933 2280 3991 Σὺ
2310 3934 2367 3988 δέ
2402 3951 2492 4006 μοι
2515 3933 2795 4005 θαύμασον
2822 3936 2949 3999 τοὺς
2986 3934 3257 4008 μαθητὰς,
3288 3935 3415 3999 τοὺς
3436 3933 3580 3987 οὕτω
3601 3934 3897 3987 συνεσταλ-

2210 4021 2405 4094 μένους
2441 4022 2535 4077 καὶ
2566 4022 2770 4095 μηδένα
2805 4022 2916 4077 τῶν
2962 4022 3291 4095 σωματικῶν
3320 4022 3677 4094 ποιουμένους
3706 4021 3895 4091 λόγον,

2206 4110 2343 4166 ἀλλά
2374 4111 2653 4183 πάρεργον
2687 4110 3007 4183 τιθεμένους
3053 4111 3153 4183 τὴν
3188 4111 3288 4183 τῆς
3332 4109 3535 4182 σαρκὸς
3582 4108 3894 4181 τράπεζαν,

2205 4199 2301 4253 καὶ
2322 4198 2467 4271 λιμῷ
2492 4199 2830 4271 μαχομένους
2847 4200 2891 4233 ³9
2911 4199 3166 4270 διηνεκεῖ,
3198 4198 3294 4254 καὶ
3318 4197 3439 4252 οὐδὲ
3458 4196 3635 4262 οὕτως
3655 4199 3895 4268 ἀφιστα-

2210 4284 2424 4357 μένους.
2451 4286 2515 4339 Εί
2535 4286 2644 4358 γὰρ
2671 4285 2747 4359 μὴ
2776 4287 3090 4358 ἠνάγκαζεν
3113 4287 3311 4353 αὐτοὺς
3340 4286 3547 4358 σφόδρα
3575 4286 3637 4339 τὸ
3666 4287 3888 4357 πεινᾷν,

2203 4362 2304 4428 οὐκ
2329 4373 2395 4428 ἂν
2415 4374 2536 4428 οὐδὲ
2560 4374 2720 4428 τοῦτο
2749 4375 3032 4445 ἐποίησαν.
3062 4374 3130 4430 Τί
3162 4370 3255 4429 οὖν
3283 4376 3335 4428 οἱ
3354 4376 3672 4446 Φαρισαῖοι;
3704 4372 3900 4428 Ἰδόνο

2203 4479 2323 4530 τες,
2359 4462 2544 4542 φησὶν,
2597 4459 2771 4518 εἷπον
2800 4461 2963 4529 αὑτῷ
2984 4478 2997 4493 ’
3049 4463 3195 4518 Ἰδοὺ
3231 4466 3285 4519 οἰ
3300 4463 3563 4532 μαθηταί
3594 4477 3714 4516 σου
3762 4476 3899 4515 ποι-

2203 4551 2385 4605 οὖσιν
2417 4550 2449 4605 ὃ
2478 4552 2589 4605 οὐκ
2619 4550 2822 4617 ἔξεστι
2840 4554 3035 4606 ποιεῖν
3055 4552 3127 4605 ἐν
3143 4551 3440 4619 σαϐϐάτῳ.
3485 4549 3755 4605 Ἐνταῦθα
3788 4549 3896 4621 μὲν

2202 4640 2264 4693 οὐ
2294 4639 2433 4693 πάνυ
2461 4639 2708 4709 σφοδρῶς
2729 4640 2775 4672 ⁸ο
2798 4637 3067 4709 (καίτοιγε
3113 4640 3408 4695 ἀκόλουθον
3430 4634 3499 4712 ἦν
3520 4639 3699 4709 τοῦτο)
3720 4656 3735 4670 '
3769 4639 3894 4694 ἀλλ’

2204 4728 2354 4799 ὅμως
2380 4729 2443 4782 οὐ
2481 4729 2688 4802 σφόδρα
2720 4728 3139 4801 παροξύνονται,
3174 4729 3290 4784 ἀλλ’
3318 4729 3639 4800 ἐγκαλοῦσιν
3677 4728 3892 4794 ἁπλῶς.

2203 4814 2336 4871 Ὅτε
2394 4816 2451 4870 δέ
2481 4816 2579 4888 τὴν
2627 4820 2785 4889 χεῖρα
2824 4817 2926 4889 τὴν
2974 4817 3147 4888 ξηρὰν
3194 4816 3427 4883 ἐξέτεινε
3460 4818 3556 4871 καὶ
3582 4815 3891 4890 διώρθωσε,

2199 4905 2323 4958 τότε
2351 4905 2523 4968 οὐτως
2570 4904 3035 4977 ἐξεθηριώθησαν,
3062 4905 3139 4969 ώς
3170 4906 3265 4960 καὶ
3305 4906 3435 4978 περὶ
3468 4905 3684 4975 σφαγῆς
3718 4906 3892 4960 αὐτοῦ

2203 4992 2552 5064 βουλεύεσθαι
2577 4994 2673 5048 καὶ
2704 4994 3053 5062 ἀναιρέσεως.
3084 4994 3255 5048 Ἔνθα
3296 4994 3395 5065 μὲν
3424 4994 3531 5066 γὰρ
3554 4994 3712 5048 οὐδὲν
3741 4994 3895 5064 γίνε-

2200 5098 2291 5135 ται
2327 5082 2469 5153 μέγα
2491 5081 2583 5135 καὶ
2601 5083 2870 5148 γενναῖον,
2892 5081 3256 5152 ἡσυχάζουσιν
3275 5098 3289 5112 ’
3314 5081 3444 5135 ἔνθα
3467 5082 3525 5135 δὲ
3550 5080 3719 5152 ὁρῶσί
3735 5100 3895 5147 τινας

2203 5172 2563 5244 σωζομένους,
2594 5172 2936 5243 ἀγριαίνουσι
2981 5171 3076 5226 καὶ
3118 5172 3499 5241 ταράττονται,
3538 5173 3632 5226 καὶ
3667 5172 3893 5227 πάντων

2200 5262 2309 5315 είσὶ
2358 5259 2749 5332 φορτικώτεροι
2780 5277 2794 5293 ·
2851 5259 3027 5324 οὕτως
3059 5260 3249 5331 ἐχθροὶ
3291 5261 3394 5332 τῆς
3414 5260 3525 5314 τῶν
3579 5260 3893 5331 ἀνθρώπων

2201 5349 2477 5420 σωτηρίας
2500 5347 2626 5402 εἰσί.
2654 5348 2779 5413 Πῶς
2806 5343 2899 5402 οῦν
2939 5348 3291 5418 ἀπολογεῖται
3326 5350 3457 5421 περὶ
3487 5347 3669 5403 αὐτῶν
3704 5350 3733 5402 ὁ
3779 5350 3890 5422 ’1η-

2202 5438 2365 5505 σοῦς;
2421 5439 2545 5492 Οὐκ
2595 5435 2915 5506 ἀνέγνωτε,
2947 5437 3105 5508 φησὶ,
3130 5438 3188 5491 τί
3210 5438 3463 5506 ἐποίησε
3496 5436 3681 5491 Δαυῒδ
3710 5436 3784 5490 έν
3809 5435 3893 5503 τῷ

2198 5525 2353 5595 ἱερῷ,
2398 5525 2497 5580 ὅτε
2524 5525 2869 5587 ἐπείνασεν,
2906 5526 3091 5592 αὐτὸς
3135 5525 3235 5580 καί
3268 5527 3325 5580 οί
3357 5527 3485 5596 μετ’
3517 5524 3708 5579 αὐτοῦ
3742 5523 3891 5579 πάν·

2199 5634 2299 5683 τες
2345 5615 2387 5648 “
2414 5632 2429 5680 ;
2474 5615 2602 5682 πῶς
2625 5612 2912 5683 είσῆλθεν
2957 5617 3048 5680 εὶς
3071 5614 3180 5669 τὸν
3228 5610 3401 5670 οἷκον
3440 5615 3549 5670 τοῦ
3579 5613 3757 5677 Θεοῦ,
3784 5615 3886 5669 καί

2201 5706 2343 5772 τοὺς
2363 5705 2582 5774 ἄρτους
2610 5702 2719 5772 τῆς
2760 5703 3101 5774 προθέσεως
3151 5704 3396 5775 ἔφαγεν,
3450 5704 3560 5772 οὓς
3595 5705 3710 5759 οὐκ
3738 5702 3889 5768 ἐξὸν

490 5820 535 5852 λι
598 5820 752 5893 ﬁgi
777 5818 1015 5893 ᾳτάχυας
1069 5817 1139 5893 ΑΣ
1182 5818 1210 5871 1
1253 5815 1442 5893 Mogq.
1508 5816 1563 5893 :5
1603 5816 1662 5869 ἐν
1689 5831 1798 5893 0131.
1824 5814 1995 5893 _F.__év
2044 5820 2099 5874 δε

2206 5817 2734 5893 ]Δδᾷευτερόπρωτον.
2761 5814 2895 5893 E1_i_d.
3073 5816 3165 5870 τὸν
3218 5815 3414 5893 πηλὸν]
3578 5814 3763 5893 _cod¢_1_.
3827 5822 3883 5893 _et

424 5887 558 5942 Mor.
589 5888 675 5946 Cf.
708 5887 946 5959 Hebni.
981 5891 1036 5944 9.
1071 5887 1150 5959 τῷ

1253 5887 1330 5958 λῷ
1358 5885 1483 5941 Sziv.
1508 5885 1641 5942 Ben.

422 5968 476 6028 cf;
515 5961 671 6013 codd.
718 5958 1052 6028 ἀγχομένους
1079 5957 1209 6014 Ειιᾱ.

1738 5888 1780 5960 ξτ
1819 5887 1936 5960 ἐπὶ]
1977 5893 2070 5944 καὶ
2105 5887 2367 5945 ἐπὶἘόά.

1288 5953 1534 6013 érsiones
1561 5958 1695 6014 nihil
1733 5953 2018 6015 deliniiim.
2094 5962 2099 5987 ‘

2206 5962 2274 6016 Sic
2298 5961 2393 6029 Ep.
2413 5968 2469 6013 cl
2493 5959 2651 6014 codd.
2676 5956 2896 6029 σφοδροὶ
2947 5953 3082 6013 ΕιΙιΙ.
3129 5953 3210 6009 "9"
3261 5953 3461 6023 πάντες
3500 5953 3712 6014 οηιίΔ.
3739 5953 3804 6010 F.
3852 5955 3876 6009 ί

2467 5888 2512 5920 ³⁸
2535 5884 2671 5942 ὀὐδέ
2706 5885 2869 5958 A._F.
2952 5886 3021 5958 :9;
3051 5884 3414 5958 μαχομένους]
3457 5887 3548 5942 Sic
3578 5887 3676 5958 Ep,
3716 5884 3881 5958 Ε-μιίι.

425 6026 598 6093 “usq.
625 6026 839 6087 Posl'i‘.
864 6029 1149 6086 ἐπείνασεν
1180 6029 1424 6096 distinxi,
1459 6040 1734 6097 praeeunte
1756 6032 1817 6089 C.
1850 6029 1917 6089 ιη’.
1951 6032 2019 6089 Α.
2059 6030 2099 6085 F

2206 6026 2358 6096 ιεσΙιίό
2383 6031 2448 6086 ad
2477 6030 2584 6087 loc.
