4074 6358
256 329 357 386 ωδ

255 455 433 495 autem
476 440 647 496 levius
674 448 787 505 est,
831 452 1092 510 pugnare,
1125 454 1193 493 an
1227 440 1513 496 coronari?
1554 440 1843 509 pugilatum

254 546 532 597 exercere,
562 546 630 585 an
674 529 919 585 bravium
953 529 1172 583 tenere?
1200 528 1445 584 ﬂuctibus
1473 529 1753 597 obsistere,
1775 545 1845 585 an

255 626 303 677 in
331 633 486 693 portu
513 623 755 677 solvere?
779 621 936 677 Certe
966 622 1125 676 etiam
1154 622 1289 675 mori
1326 622 1515 677 melius
1539 629 1657 689 est,
1686 637 1843 691 quam

249 718 453 771 vivere.
486 716 629 770 Mors
651 715 793 769 enim
821 729 885 767 es
915 713 1160 768 ﬂuctibus
1186 722 1240 769 et
1264 729 1328 768 ex
1360 714 1606 783 periculis
1631 713 1802 768 educit
1826 730 1840 780 ;

248 808 355 860 vita
396 822 525 861 vero
554 807 606 860 in
644 806 893 875 periculis
931 806 1233 868 constituit,
1266 813 1321 860 et
1348 805 1638 859 obnoxium
1666 805 1842 860 reddit

250 900 397 952 nulle
458 898 663 952 insidiis
706 907 760 953 et
804 898 1249 964 necessitatibus,
1293 897 1361 953 ob
1402 913 1537 967 quas
1583 899 1842 968 ingratam

248 993 412 1044 vitam
448 992 745 1046 existimes.
774 990 925 1057 Quod
959 991 1002 1044 si
1029 990 1185 1045 dictis
1212 1006 1317 1045 non
1345 991 1535 1046 credas
1555 1033 1570 1057 ,
1598 992 1721 1046 audi
1749 1007 1842 1047 eos

246 1084 334 1153 qui
366 1085 715 1138 certaminum
749 1092 989 1153 tempore
1031 1083 1282 1139 viderunt
1312 1084 1492 1139 vultus
1522 1093 1840 1156 martyrum,

249 1176 542 1242 quomodo,
570 1176 696 1230 dum
738 1175 1135 1245 ﬂagellarentur
1159 1186 1213 1231 et
1245 1176 1581 1231 caederentur
1604 1218 1618 1242 ,
1652 1176 1755 1230 laeti
1777 1185 1844 1233 .et

248 1267 446 1322 hilares
473 1278 629 1322 erant
659 1286 672 1319 :
704 1268 979 1338 magisque
1016 1267 1313 1337 gaudebant
1356 1276 1410 1321 ct
1448 1268 1760 1322 laetabantur
1788 1268 1840 1320 in

247 1360 565 1427 sartaginem
586 1359 829 1424 immissi,
845 1373 1004 1428 quam
1034 1359 1067 1412 ii
1088 1359 1177 1429 qui
1200 1360 1251 1413 in
1274 1358 1480 1413 rosario
1496 1358 1837 1412 reclinantur.

246 1449 477 1519 Ideoque
496 1450 693 1505 Paulus
718 1451 949 1505 violenta
974 1461 1143 1506 morte
1166 1452 1326 1505 vitam
1346 1451 1624 1506 clausurus
1644 1461 1700 1505 et
1719 1450 1840 1506 abs-

245 1554 513 1606 cessurus,
546 1541 792 1596 dicebat:
828 1540 1035 1596 Gaudeo
1076 1551 1122 1595 et
1164 1545 1455 1614 congaudeo
1496 1544 1631 1597 vobis
1672 1544 1839 1597 omni-

246 1630 371 1685 bus:
399 1640 446 1683 et
473 1648 558 1685 vos
606 1634 796 1701 pariter
825 1634 1040 1702 gaudete
1078 1640 1126 1687 et
1163 1634 1472 1705 congaudete
1509 1636 1633 1688 milii
1670 1633 1840 1705 (Plii-

246 1725 373 1791 Ιίρρ.
399 1724 453 1777 2.
490 1727 575 1778 l7.
610 1726 732 1795 18).
771 1726 928 1782 Vides
954 1736 1149 1797 quanta
1174 1742 1295 1781 cum
1325 1728 1486 1781 animi
1525 1710 1840 1783 celsitudine

248 1825 415 1870 totum
446 1817 629 1871 orbem
654 1818 719 1871 ad
742 1818 916 1888 gaudii
947 1820 1027 1873 sui
1045 1820 1371 1874 consortium
1394 1821 1579 1874 vocet?
1610 1821 1838 1875 Tantum

245 1921 364 1961 esse
406 1909 603 1962 bonum
655 1910 777 1963 hinc
815 1910 1090 1966 discedere
1131 1912 1386 1981 putabat;
1433 1912 1503 1966 ita
1551 1913 1837 1983 optabilem

244 2008 473 2053 mortem
521 2001 660 2055 illam
689 2002 979 2057 terribilem
999 2045 1011 2067 ,
1044 2004 1113 2057 ita
1141 2004 1422 2059 amabilem
1454 2013 1506 2059 et
1534 2003 1839 2059 desideran-

242 2089 384 2143 dam.
403 2090 508 2144 Sed
536 2092 677 2160 quod
710 2094 918 2147 virtutis
941 2094 1123 2164 jugum
1156 2096 1225 2149 sit
1247 2094 1401 2149 dulce
1426 2111 1487 2149 ac
1515 2096 1650 2160 leve,
1675 2098 1838 2151 multa

243 2183 345 2236 alia
378 2183 673 2238 declarant.
705 2186 927 2241 Demum
952 2229 966 2253 ,
999 2188 1044 2240 si
1089 2188 1297 2257 placet,
1329 2189 1526 2256 peccati
1554 2204 1716 2243 onera
1757 2190 1838 2243 vi-

243 2273 484 2329 deamus.
520 2278 724 2330 Avaros
752 2278 929 2347 itaque
960 2278 1012 2331 in
1059 2279 1291 2332 medium
1321 2280 1647 2335 adducamus
1669 2323 1683 2348 ,
1718 2282 1838 2336 illos

243 2381 437 2434 nempe
463 2367 552 2436 qui
583 2367 919 2437 impudentes
945 2368 1151 2425 fmnora
1184 2379 1411 2425 tractant
1445 2380 1499 2425 et
1525 2381 1833 2428 retractant.

243 2457 378 2521 Quid
425 2474 553 2529 ergo
590 2461 873 2516 onerosius
924 2463 1015 2516 tali
1054 2464 1446 2532 negotiatione‘
1478 2463 1674 2518 fuerit?
1710 2474 1841 2535 quot

244 2549 480 2615 dolores,
515 2560 646 2622 quot
673 2554 1078 2621 sollicitudines,
1110 2565 1242 2625 quot
1265 2556 1491 2627 scopuli,
1521 2566 1651 2626 quot
1693 2558 1838 2627 peri-

243 2642 360 2695 cula
386 2684 401 2706 ,
443 2653 575 2712 quot
615 2645 821 2700 insidiae
864 2656 919 2700 et
963 2648 1102 2702 bella
1149 2648 1387 2719 quotidie
1430 2665 1497 2705 ex
1542 2650 1644 2705 hoc
1690 2651 1840 2705 lucro

243 2732 530 2786 oriuntur?
571 2744 702 2804 quot
740 2735 909 2791 turba:
957 2746 1013 2791 et
1050 2738 1342 2793 tumultus?
1382 2738 1839 2805 Quemadmodum

243 2825 388 2878 enim
424 2840 572 2880 mare
610 2841 901 2897 numquam
929 2828 1045 2884 sine
1086 2828 1334 2886 ﬂuctibus
1370 2832 1585 2897 videas,
1628 2834 1705 2888 sic
1740 2847 1839 2889 nec

244 2915 556 2985 hujusmodi
586 2918 823 2973 animum
866 2920 982 2976 sine
1021 2935 1148 2976 cura
1172 2964 1188 2989 ,
1229 2938 1500 2988 maerore,
1545 2925 1735 2980 timore
1776 2940 1841 2980 ac

245 3009 649 3077 perturbatione
668 3052 683 3075 ,
711 3011 806 3067 sed
841 3012 1017 3082 priora
1045 3028 1077 3067 a
1104 3016 1451 3085 sequentibus
1480 3017 1835 3086 excipiuntur,

310 3122 327 3152 ι
364 3120 451 3171 Alii
472 3122 675 3182 habent,
695 3122 964 3188 iniquitate,
998 3138 1103 3187 pro,
1125 3125 1462 3189 negotiatione.

1220 323 1285 380 lN
1324 324 1729 381 MATTIIAEUM
1771 321 2000 379 IIOMIL.
2044 323 2285 380 XXXIX.
2326 327 2396 383 al.
2438 327 2549 383 XL.

3426 343 3535 401 43d

1953 435 2068 492 haec
2106 440 2173 494 ab
2222 442 2361 508 aliis,
2392 445 2583 514 quibus
2612 446 2846 503 nondum
2876 450 3073 507 sedatis
3101 453 3201 508 alia
3228 455 3528 528 insurgunt.

2022 530 2310 589 Iracundus
2337 552 2488 606 quam
2516 541 2781 594 crucietur.
2820 541 3058 597 Omnium
3096 544 3335 601 bonorum
3374 560 3535 605 mater

1949 623 2232 681 clementia.
2262 658 2333 667 —
2360 628 2524 685 Visne
2550 633 2918 688 contumeliosi
2947 645 3001 689 ct
3026 637 3264 692 iracundi
3295 641 3529 695 animum

1948 714 2252 784 dispicere?
2271 718 2407 785 Quid
2430 720 2729 788 hujnsmodi
2748 725 2982 778 cruciatu
3004 727 3187 796 pejus?
3207 730 3331 798 quid
3354 735 3530 786 acrius

1948 806 2214 864 intestinis
2234 811 2575 867 vulneribus?
2596 815 2720 883 quid
2745 816 3033 873 ferventius
3056 819 3269 877 fornace
3289 822 3375 876 illa
3399 839 3533 878 sem-

1947 917 2043 971 per
2066 904 2312 968 ardente,
2342 914 2397 960 et
2421 904 2633 961 ﬂamma
2662 909 2747 963 illa
2777 926 2896 978 qua:
2923 927 3208 980 numquam
3239 916 3530 985 exstingui-

1949 995 2073 1047 tur?
2100 994 2153 1049 Si
2183 996 2247 1050 ad
2272 996 2389 1051 illos
2414 1006 2467 1052 te
2490 1009 2767 1054 convertas
2788 1005 2877 1071 qui
2905 1018 3189 1073 corporum
3217 1005 3416 1062 formas
3436 1008 3528 1063 dc-

1947 1096 2173 1153 pereunt
2202 1095 2256 1142 et
2287 1091 2531 1157 praesenti
2565 1093 2686 1147 vita:
2716 1093 2908 1147 addicti
2939 1106 3100 1160 sunt,
3132 1099 3257 1167 quid
3285 1098 3385 1153 hac
3410 1115 3527 1156 ser-

1945 1175 2115 1231 vitute
2136 1179 2387 1245 gravius?
2415 1180 2561 1234 Caini
2591 1184 2748 1236 vitam
2772 1184 2848 1237 illi
2871 1184 3101 1250 ducunt,
3133 1188 3183 1240 in
3214 1189 3405 1243 timore
3434 1202 3529 1245 tre-

1946 1280 2202 1337 moreque
2242 1280 2498 1339 perpetuo
2536 1272 2774 1342 degunt,
2806 1284 2859 1329 et
2888 1276 2933 1328 si
2963 1277 3050 1345 qui
3083 1292 3149 1331 ex
3176 1281 3365 1334 amatis
3410 1298 3530 1334 ιιιο-

1945 1360 2183 1430 riantur,
2233 1365 2401 1433 magis
2445 1380 2601 1433 quam
2651 1368 2931 1437 prOpinqui
2976 1377 3028 1421 et
3066 1372 3276 1440 cognati
3318 1372 3531 1427 illorum

1945 1456 2143 1510 obitum
2178 1457 2376 1526 lugent.
2409 1458 2544 1526 Quid
2591 1477 2748 1529 porro
2795 1462 3149 1520 turbulentius
3194 1464 3531 1538 ferociusque

1944 1547 2227 1614 superbis?
2255 1547 2475 1615 Discite,
2506 1550 2707 1618 inquit,
2730 1569 2761 1605 a
2786 1570 2893 1616 me,
2920 1558 3039 1623 quia
3066 1556 3199 1609 mitis
3224 1573 3336 1611 sum
3362 1567 3408 1613 et
3428 1558 3527 1611 Itu-

1942 1637 2078 1691 mitis
2102 1638 2272 1705 corde,
2303 1650 2348 1692 et
2370 1642 2625 1695 invenietis
2651 1644 2870 1711 requiem
2895 1647 3158 1701 animabus
3177 1650 3370 1703 vestris.
3403 1651 3532 1704 Om-

1942 1730 2087 1783 nium
2116 1730 2311 1800 quippe
2338 1731 2595 1787 bonorum
2624 1745 2795 1789 mater
2816 1746 2897 1791 est
2917 1738 3220 1793 clementia.
3248 1740 3328 1795 Ne
3353 1742 3530 1812 itaque

1943 1824 2133 1877 timeas
2154 1866 2168 1889 ,
2202 1840 2373 1893 neque
2414 1826 2621 1880 resilias
2644 1841 2672 1879 a
2695 1827 2823 1897 jugo
2850 1829 2943 1881 illo
2962 1870 2977 1893 ,
3009 1845 3114 1900 quo
3144 1832 3211 1887 ab
3241 1831 3325 1887 his
3351 1836 3529 1888 omni-

1943 1913 2043 1969 bus
2071 1915 2351 1983 cripieris;
2384 1916 2479 1969 sed
2510 1916 2637 1970 illud
2668 1918 2915 1973 alacriter
2943 1922 3137 1976 subeas
3156 1962 3171 1986 ,
3202 1930 3258 1977 et
3287 1924 3403 1993 ejus
3430 1940 3528 1978 vo-

1943 2008 2194 2076 luptatem
2226 2017 2354 2062 tunc
2380 2010 2691 2078 experieris.
2715 2009 2899 2080 Neque
2922 2013 3062 2066 enim
3093 2015 3356 2069 cervicem
3385 2026 3526 2070 tuam

1940 2108 2161 2165 atteret,
2207 2099 2301 2154 sed
2340 2100 2461 2155 ideo
2497 2099 2803 2171 impositum
2844 2114 2961 2168 est,
2991 2116 3045 2158 ut
3074 2104 3247 2160 bonus
3286 2120 3530 2163 servetur

1942 2194 2094 2257 ordo,
2122 2203 2182 2247 ut
2219 2202 2269 2249 te
2298 2194 2561 2249 concinne
2591 2195 2839 2250 incedere
2893 2197 3104 2264 doceat,
3152 2209 3207 2254 et
3235 2200 3301 2255 ad
3330 2203 3526 2271 regiam

1942 2286 2080 2339 viam
2110 2285 2303 2350 ducat,
2336 2295 2495 2355 atque
2520 2303 2550 2339 a
2589 2288 2895 2355 praccipitiis
2933 2287 3059 2343 binc
3086 2298 3140 2343 et
3178 2290 3301 2345 inde
3341 2293 3529 2360 positis

1943 2377 2153 2443 liberet,
2182 2386 2238 2431 ut
2263 2388 2543 2447 angustam
2591 2379 2731 2432 viam
2763 2378 2918 2433 facile
2946 2381 3235 2436 emetiaris.
3267 2382 3526 2449 Quoniam

1945 2471 2102 2540 igitur
2129 2479 2206 2524 tot
2237 2479 2488 2539 tantaque
2512 2471 2650 2525 bona
2678 2471 3063 2537 subministrat,
3098 2482 3297 2529 tantam
3321 2477 3529 2531 securi-

1943 2574 2128 2628 tatem,
2148 2571 2347 2618 tantam
2373 2563 2629 2627 laetitiam,
2646 2573 2757 2617 tcto
2780 2564 2981 2631 animo,
3002 2573 3219 2635 totoque
3235 2567 3410 2621 studio
3428 2566 3529 2621 hoc

1942 2657 2123 2728 iugum
2154 2655 2428 2709 trabamus
2453 2671 2468 2720 ;
2501 2664 2558 2709 ut
2584 2664 2639 2710 et
2665 2654 2753 2710 hic
2780 2657 3113 2711 inveniamus
3142 2658 3380 2726 requiem
3410 2658 3527 2711 ani-

1941 2751 2130 2804 mabus
2160 2748 2359 2803 nostris
2382 2788 2397 2813 ,
2449 2757 2503 2802 et
2532 2746 2710 2804 futura
2740 2764 3130 2820 consequamur
3158 2750 3297 2805 bona
3317 2790 3332 2816 ,
3363 2752 3530 2819 gratia

1941 2850 1996 2898 et
2025 2841 2350 2912 benignitate
2380 2839 2591 2894 Domini
2620 2842 2789 2895 nostri
2830 2841 2956 2898 .lesu
2980 2841 3176 2897 Christi
3204 2882 3220 2907 ,
3248 2842 3331 2897 cui
3363 2842 3530 2911 gloria

1942 2944 1998 2990 et
2041 2934 2321 3003 imperium
2345 2974 2361 2999 ,
2392 2944 2535 2986 nunc
2559 2938 2615 2986 et
2641 2946 2855 3002 semper
2873 2972 2890 2998 ,
2918 2940 2973 2986 et
3001 2932 3053 2986 in
3081 2933 3274 2987 saecula
3304 2932 3531 2988 saaculo-

1942 3041 2083 3081 rum.
2124 3025 2318 3080 Amen.

250 3187 3534 3214 Μ

1400 3238 1739 3301 HOMILIA
1782 3242 2090 3303 XXXIX.
2136 3240 2222 3302 al.
2267 3238 2404 3299 XL.

244 3377 374 3435 Cn.
406 3381 493 3436 12.
524 3396 577 3435 v.
608 3381 661 3437 1.
706 3379 775 3435 In
813 3381 905 3437 illo
934 3390 1157 3452 tempore
1184 3382 1306 3436 abiit
1332 3380 1486 3437 Jesus
1511 3383 1717 3438 sabbato
1746 3401 1835 3454 per

314 3485 427 3529 sata
458 3491 476 3528 :
524 3475 764 3546 discipuli
803 3486 969 3529 autem
1000 3476 1109 3545 ejus
1137 3476 1408 3530 esurientes
1450 3484 1706 3546 coeperunt
1735 3476 1835 3529 vel.

316 3568 419 3622 fere
448 3569 615 3639 spicas
636 3579 683 3623 et
705 3568 1030 3623 manducare.
1059 3569 1116 3622 2.
1150 3568 1406 3623 Phariswi
1427 3579 1593 3624 autent
1616 3568 1840 3624 videntes

318 3660 558 3715 dixerunt
586 3662 630 3715 ei
653 3678 671 3715 :
706 3660 834 3715 Ecce
863 3661 1097 3731 discipuli
1125 3663 1197 3714 tui
1218 3662 1409 3733 faciunt
1437 3661 1571 3732 quod
1598 3679 1700 3716 non
1727 3663 1841 3716 licet

316 3755 485 3823 facere
528 3753 579 3807 in
614 3752 840 3807 sabbato.
866 3754 918 3807 5.
959 3752 1106 3806 Dixit
1142 3763 1308 3807 autem
1333 3754 1403 3806 eis
1427 3770 1445 3806 :
1475 3751 1596 3806 Non
1634 3753 1839 3824 'legistis

315 3845 440 3913 quid
466 3845 638 3916 fecerit
670 3846 836 3901 David
874 3864 988 3900 cum
1012 3848 1212 3901 esurivit
1250 3847 1358 3915 ipse
1383 3854 1429 3899 et
1467 3847 1552 3916 qui
1591 3863 1706 3900 cum
1744 3847 1835 3901 illo

314 3936 501 3991 erant?
524 3938 578 3992 4.
605 3937 856 4007 quomodo
906 3938 1159 4008 ingressus
1201 3946 1272 3991 est
1302 3938 1353 3991 in
1384 3937 1589 3990 domum
1644 3936 1761 4005 Dei,
1792 3946 1840 3993 et

316 4044 470 4098 panes
495 4028 852 4099 propositionis
878 4028 1112 4092 comedit,
1135 4044 1259 4098 quos
1288 4045 1389 4082 non
1419 4028 1600 4082 licebat
1625 4030 1671 4083 ei
1698 4045 1837 4082 com-

314 4118 480 4186 edere,
522 4136 678 4190 neque
701 4120 763 4173 iis
787 4119 875 4187 qui
910 4135 1023 4172 cum
1049 4119 1137 4173 illo
1161 4128 1338 4186 erant,
1380 4117 1469 4174 sed
1501 4119 1624 4174 solis
1665 4135 1837 4174 sacer-

316 4209 519 4262 dotibus
540 4209 564 4261 ?

314 4302 343 4355 1
356 4342 368 4353 .
387 4300 619 4355 Christus
630 4300 879 4371 quomodo
893 4301 1152 4356 sabbatum
1173 4300 1588 4358 solvit.—-Lucas
1600 4316 1729 4358 vero
1741 4302 1835 4357 ait:

245 4392 311 4445 In
329 4392 535 4445 sabbato
550 4393 769 4445 secundo
789 4393 950 4461 primo
967 4392 1042 4463 (a)
1062 4392 1211 4462 (Luc.
1232 4392 1366 4463 6.1).
1399 4392 1536 4460 Quid
1558 4404 1734 4448 autem
1757 4400 1840 4449 est

245 4484 541 4538 secundum
569 4483 835 4553 primum?
873 4484 1097 4552 Quando
1123 4482 1364 4554 duplices
1390 4484 1539 4540 ferite
1564 4494 1718 4540 erant
1736 4527 1750 4550 ,
1778 4495 1834 4542 et

244 4574 453 4629 sabbati
496 4572 734 4642 proprii,
769 4584 821 4629 et
848 4574 1067 4630 alterius
1093 4574 1215 4631 festi
1245 4575 1603 4631 succedentis.
1635 4575 1839 4632 Sabba-

244 4674 357 4719 tnm
388 4666 533 4719 enim
560 4666 822 4736 quaslibet
876 4666 1033 4722 ferias
1073 4676 1126 4721 et
1181 4667 1412 4738 quietem
1469 4668 1830 4737 appellabant.

246 4758 315 4813 Et
340 4774 437 4814 cur
458 4759 583 4814 illuc
610 4774 703 4815 eos
726 4760 897 4825 duxit,
923 4760 1013 4830 qui
1039 4760 1215 4813 omnia
1247 4760 1583 4830 prcesciebat,
1612 4761 1712 4814 nisi
1742 4776 1835 4814 vo-

246 4849 437 4905 luisset
461 4849 595 4904 solvi
621 4850 934 4905 sabbatum?
961 4849 1185 4906 Volebat
1204 4850 1439 4920 quidem,
1464 4850 1557 4905 sed
1584 4866 1689 4906 non
1716 4850 1835 4906 sine

245 4953 445 5004 causa;
488 4940 713 5009 ideoque
752 4956 1040 5011 numquam
1080 4943 1196 4997 sine
1229 4957 1391 4997 causa
1431 4942 1592 4997 solvit
1633 4943 1833 5012 ipsum,

247 5031 343 5085 sed
380 5045 451 5086 ex
496 5032 778 5089 occasione
818 5032 1046 5103 quadam
1093 5033 1442 5103 congruenti;
1476 5041 1533 5088 ut
1576 5040 1632 5089 et
1661 5034 1833 5104 legem

247 5124 555 5195 abrogaret,
568 5135 622 5180 et
642 5126 713 5181 illi
733 5140 839 5182 non
858 5125 1269 5182 otl'enderentur.
1288 5127 1383 5182 Est
1399 5127 1558 5182 etiam
1576 5142 1695 5182 cum
1712 5126 1838 5182 illIId

246 5215 438 5280 solvit,
473 5215 621 5270 nulla
669 5216 846 5271 oblata
876 5217 1193 5281 occasione;
1228 5226 1285 5279 ut
1313 5233 1433 5272 cum
1480 5218 1665 5273 oculos
1709 5219 1838 5273 czeci

248 5307 362 5361 luto
410 5306 652 5373 inunxit;
684 5317 739 5363 et
778 5324 898 5364 cum
928 5308 1058 5364 dicit
1084 5325 1099 5363 :
1133 5308 1290 5363 Pater
1333 5325 1474 5363 meus
1504 5325 1661 5379 usque
1686 5310 1837 5364 modo

247 5409 519 5465 operatur,
551 5409 597 5453 et
622 5416 713 5470 ego
739 5416 920 5470 aperor
949 5398 1141 5471 (Joan.
1172 5401 1225 5456 5.
1257 5400 1345 5469 7).
1380 5400 1511 5456 Illud
1540 5416 1670 5457 vero
1714 5401 1840 5456 facit

248 5498 359 5545 tum
385 5500 443 5545 nt
466 5490 569 5547 hoc
595 5492 756 5549 modo
780 5493 1042 5564 gloriﬁcet
1068 5494 1279 5549 Patrem
1308 5509 1461 5549 suum
1483 5536 1497 5561 ,
1532 5505 1640 5549 tum
1667 5504 1727 5549 ut
1748 5496 1836 5550 illa

226 5603 241 5671 ἶ
308 5651 382 5714 (a)
414 5650 493 5701 De
512 5652 716 5702 sabbato
736 5652 953 5703 secundo
974 5638 1127 5715 primo
1138 5664 1311 5716 magna
1330 5650 1597 5710 etdilﬁcilis
1611 5657 1689 5701 est
1706 5665 1838 5715 quaa-

246 5716 361 5764 stio.
382 5728 529 5764 (tuam
550 5716 661 5764 vide
682 5714 808 5764 apud
837 5714 1133 5764 Scaligerum
1174 5716 1224 5763 in
1254 5713 1434 5764 Canon.
1460 5713 1650 5764 Isaaoz.
1675 5712 1760 5764 lib.
1782 5716 1833 5764 3.

246 5720 361 5772 stic,
451 5728 529 5763 am
550 5720 661 5764 vide
682 5720 808 5777 apud
837 5720 1133 5777 Scaligerum
1174 5720 1224 5763 in
1254 5720 1434 5764 uanon.
1460 5720 1534 5763 lsa
1571 5726 1650 5775 og.
1676 5720 1760 5764 tib.
1782 5720 1833 5777 5,

249 5786 301 5838 p.
321 5728 447 5836 292:]
456 5775 486 5826 2
506 5776 624 5828 edit.
650 5785 701 5828 et
722 5777 772 5827 in
792 5779 987 5841 Synopsi
1006 5776 1291 5829 Criticorum
1311 5775 1368 5827 ad
1390 5775 1518 5827 hunc
1534 5727 1715 5827 locum.

1942 3384 2151 3440 ratione
2193 3382 2543 3439 imbecillitati
2594 3379 2839 3437 consulat
2892 3378 3222 3435 Iudaeorum.
3280 3380 3338 3437 ld
3391 3381 3532 3451 quod

1943 3475 2103 3531 etiam
2126 3475 2226 3531 hoc
2248 3474 2367 3530 loco
2388 3473 2534 3539 facit,
2556 3482 2765 3527 natura:
2790 3472 3166 3528 necessitatem
3192 3473 3488 3531 obtendens
3514 3492 3528 3529 :

1941 3583 2264 3640 quamquam
2285 3582 2494 3634 eorum,
2516 3582 2635 3637 qua:
2654 3574 2873 3636 peccata
2902 3579 3023 3621 esse
3052 3565 3106 3619 in
3134 3564 3383 3621 confesso
3423 3576 3530 3633 est,

1943 3662 2082 3717 nulla
2114 3661 2282 3731 possit
2302 3675 2422 3716 esse
2447 3658 2710 3714 defensio.
2734 3656 2919 3728 Neque
2940 3656 3085 3712 enim
3107 3658 3372 3713 homicida
3395 3658 3527 3714 iram

1943 3752 1996 3807 in
2042 3752 2440 3807 excusationem
2485 3750 2779 3806 obtendere
2822 3750 3024 3818 possit,
3072 3765 3246 3820 neque
3288 3752 3539 3809 moechus

1942 3843 2425 3912 concupiscentiam
2448 3883 2463 3909 ,
2498 3855 2671 3911 neque
2700 3840 2859 3894 aliam
2891 3840 3134 3910 quamvis
3161 3856 3413 3896 causam:
3445 3842 3532 3899 hic

1942 3952 2070 3992 vero
2091 3952 2211 3991 cum
2237 3934 2429 3990 famem
2452 3934 2667 4004 objecit,
2692 3934 2838 3988 omni
2861 3933 2979 3987 illos
3008 3933 3236 3989 crimine
3260 3934 3529 3990 liberavit.

1943 4028 2023 4083 Tu
2056 4043 2183 4083 vero
2229 4027 2357 4081 mihi
2390 4027 2475 4081 hic
2520 4025 2811 4095 discipulos
2862 4027 3081 4091 mirare,
3115 4027 3193 4081 sic
3230 4037 3449 4097 egentes
3477 4035 3534 4083 et

1943 4122 2143 4175 nullam
2167 4134 2544 4189 corporearum
2583 4133 2762 4173 rerum
2793 4133 2975 4172 curam
3008 4117 3301 4185 habentes;
3332 4121 3423 4174 sed
3458 4122 3529 4176 ita

1944 4212 2303 4282 perfunctorie
2331 4225 2567 4266 mensam
2590 4217 2931 4279 apparantes,
2958 4218 3016 4263 ut
3040 4208 3181 4265 fame
3207 4210 3521 4282 plerumque

1943 4311 2318 4373 premerentur
2338 4344 2353 4370 ,
2395 4318 2496 4357 nec
2523 4310 2698 4357 tamen
2730 4301 2809 4356 sic
2847 4300 3205 4357 discederent.
3235 4301 3348 4357 Nisi
3376 4305 3521 4359 enim

1944 4393 2113 4449 fames
2152 4395 2270 4449 illos
2299 4393 2587 4449 admodum
2634 4393 2948 4459 invasisset,
2982 4408 3086 4446 non
3125 4393 3175 4447 id
3220 4395 3404 4465 utique
3432 4397 3516 4449 fa-

1942 4486 2078 4541 cturi
2105 4494 2277 4539 erant.
2310 4482 2443 4552 Quid
2476 4484 2633 4553 igitur
2667 4482 2966 4537 Phariszui?
2998 4482 3055 4537 ld
3093 4481 3329 4539 Videntes
3373 4486 3523 4540 dixe-

1942 4588 2061 4633 runt
2088 4580 2134 4631 ei
2172 4594 2190 4634 :
2241 4577 2372 4631 Ecce
2412 4576 2651 4647 discipuli
2678 4576 2749 4630 tui
2781 4575 2976 4647 faciunt
3016 4577 3150 4646 quod
3179 4594 3280 4632 non
3308 4578 3420 4632 licet
3447 4583 3532 4650 [a-

1943 4688 2054 4725 cere
2072 4672 2124 4724 in
2163 4669 2390 4724 sabbato.
2419 4667 2517 4722 Hic
2541 4682 2701 4738 porro
2730 4683 2835 4723 non
2864 4666 3153 4722 admodum
3178 4669 3533 4727 vehementes

1943 4765 2087 4821 sunt,
2119 4755 2219 4811 etsi
2246 4754 2297 4808 id
2325 4768 2412 4808 res
2439 4753 2658 4824 exigere
2683 4752 2995 4818 videretur;
3026 4762 3262 4808 attamen
3307 4769 3412 4808 non
3434 4756 3530 4809 ad-

1943 4847 2160 4902 modum
2192 4845 2392 4900 incensi
2420 4853 2564 4910 sunt,
2595 4843 2693 4899 sed
2728 4843 3047 4913 simpliciter
3079 4854 3357 4904 accusant.
3386 4846 3518 4901 Cum

1944 4949 2119 4996 autem
2169 4954 2387 4995 manum
2414 4937 2619 4992 aridam
2664 4936 2908 4991 extendit
2946 4945 3001 4991 et
3024 4936 3231 4991 sanavit
3255 4977 3273 5004 ,
3301 4944 3426 4991 tunc
3456 4938 3527 4992 ita

1943 5033 2149 5089 efferati
2185 5040 2329 5097 sunt,
2359 5041 2419 5085 ut
2445 5030 2608 5085 etiam
2636 5029 2703 5084 de
2730 5043 2864 5084 nece
2888 5028 2992 5099 ipsi
3023 5028 3297 5084 inferenda
3323 5029 3529 5085 delibe-

1942 5135 2143 5181 rarent.
2174 5123 2274 5181 Ubi
2297 5122 2440 5178 enim
2464 5122 2596 5176 nihil
2622 5121 2814 5176 mirum
2841 5120 3034 5191 agitur,
3062 5122 3353 5190 quietiores
3372 5134 3527 5186 sunt:

1943 5220 2031 5275 ubi
2050 5233 2177 5275 vero
2198 5217 2456 5289 quosdam
2476 5216 2659 5272 vident
2687 5217 2876 5272 morbo
2900 5217 3125 5282 levatos,
3150 5216 3420 5272 ferociunt
3444 5228 3526 5274 at.

1943 5325 2046 5381 que
2075 5308 2377 5379 turbantur,
2394 5307 2742 5376 omniumque
2758 5307 3298 5361 suntmolestissimi:
3329 5308 3399 5361 ita
3427 5307 3526 5363 hoc

1940 5402 2141 5456 minum
2171 5398 2323 5453 saluti
2348 5396 2605 5452 invident.
2627 5397 2744 5465 Quo
2766 5407 2921 5467 pacto
2938 5406 3114 5453 autem
3136 5396 3291 5452 Jesus
3312 5398 3526 5453 illorum

1941 5491 2307 5548 defensionem
2358 5489 2614 5559 suscipit?
2644 5488 2767 5542 Non
2808 5489 3033 5560 legistis,
3065 5490 3171 5556 ait,
3200 5489 3323 5560 quid
3352 5492 3538 5561 fecerit

1939 5582 2110 5637 David
2136 5583 2191 5637 in
2217 5581 2439 5652 templo,
2485 5579 2689 5651 quando
2729 5581 2931 5635 esurivit
2974 5582 3084 5650 ipse
3112 5591 3160 5636 et
3203 5584 3288 5652 qui
3312 5599 3426 5636 cum
3462 5599 3523 5637 eo

1939 5674 2123 5729 erant?
2145 5672 2396 5747 quomodo
2415 5671 2675 5725 intraverit
2694 5672 2745 5725 in
2772 5671 2979 5725 domum
3000 5673 3115 5740 Dei,
3140 5682 3187 5726 et
3216 5690 3370 5743 panes
3398 5691 3521 5743 pro-

1939 5766 2198 5838 positionis
2219 5763 2508 5832 comederit,
2537 5778 2662 5835 quos
2674 5780 2772 5819 non
2798 5762 2979 5818 licebat
3001 5765 3045 5819 ei
3065 5766 3342 5835 comedere,
3362 5782 3519 5837 neque
