4074 6358
583 360 689 424 433

583 486 648 538 iis
670 482 755 554 qui
779 498 892 537 cum
917 498 976 536 eo
994 490 1166 546 erant,
1188 481 1289 536 nisi
1311 482 1433 536 satis
1456 479 1802 536 sacerdotibus
1820 478 1866 552 (1
1881 477 2030 549 .Reg.
2046 477 2111 531 21
2122 475 2170 547 γι

589 577 721 631 Nam
772 591 895 631 cum
939 592 1039 643 pro
1077 563 1356 646 discipulis
1406 588 1622 631 causam
1648 573 1798 640 dicit,
1832 570 2089 627 Davidem
2121 571 2176 625 in

588 672 824 726 medium
862 669 1120 735 adducit;
1181 662 1398 740 quando
1438 676 1624 723 autem
1669 680 1767 736 pro
1816 665 2030 734 seipso,
2085 661 2176 716 Pa-

590 772 727 819 trem
777 773 1061 817 memorat.
1111 762 1189 817 Ac
1214 759 1336 816 vide
1364 775 1526 831 quam
1567 759 1783 824 acriter,
1813 755 1934 811 Non
1964 756 2173 826 legistis,

589 857 781 926 inquit,
805 854 927 925 quid
950 853 1124 925 fecerit
1150 853 1312 908 David
1328 852 1354 906 .9
1381 852 1565 923 Magna
1586 850 1923 928 quippe'erat
1946 848 2176 921 prephe-

589 955 658 1000 ta:
688 945 848 1013 hujus
887 944 1247 1005 existimatio;
1274 943 1348 999 ita
1379 953 1438 998 ut
1467 951 1652 1014 postea
1675 941 1867 996 Petrus
1890 954 2013 995 cum
2035 937 2175 1008 apud

508 1037 512 1045 '
586 1035 803 1091 Judmos
828 1050 949 1091 sese
975 1034 1323 1098 defenderet,
1364 1034 1434 1087 ita
1462 1033 1704 1088 diceret:
1737 1030 1879 1086 Licet
1902 1030 1971 1084 ad
1998 1046 2084 1084 vos
2114 1030 2180 1084 li—

584 1127 704 1181 bere
729 1127 791 1181 de
821 1126 1111 1196 patriarcha
1141 1125 1307 1179 thid
1347 1125 1546 1186 dicere,
1592 1124 1833 1195 quoniam
1876 1122 1999 1177 obiit
2025 1130 2069 1175 et
2094 1136 2176 1175 se-

590 1212 861 1291 pultns'est
885 1221 903 1289 (
924 1220 1037 1273 Act.
1059 1221 1115 1274 2.
1145 1217 1274 1289 29‘).
1309 1220 1416 1273 Cur
1442 1227 1617 1272 autem
1645 1232 1766 1271 cum
1798 1216 1916 1286 ejus
1943 1215 2178 1270 mentio-

592 1331 715 1370 nem
746 1326 855 1369 tum
900 1314 986 1369 hic
1016 1323 1124 1367 tum
1157 1320 1340 1384 postea
1384 1312 1546 1376 facit,
1580 1309 1891 1380 dignitatem
1922 1309 2039 1377 ejus
2068 1322 2176 1362 non

585 1409 1017 1465 mmmemorat?
1049 1406 1208 1461 Forte
1231 1406 1353 1475 quia
1397 1421 1466 1460 ex
1510 1398 1602 1458 illo
1640 1417 1810 1473 genus
1839 1400 2086 1456 ducebat.
2119 1399 2177 1455 Si

591 1501 691 1555 viri
724 1500 870 1570 probi
902 1498 1349 1568 indulgentesqne
1378 1496 1635 1561 fuissent,
1667 1494 1821 1547 famis
1846 1506 2061 1547 causam
2092 1491 2176 1545 in-

595 1594 857 1649 ducturns
884 1601 999 1646 erat
1019 1609 1034 1651 ;
1058 1591 1178 1661 quia
1207 1604 1335 1645 vero
1364 1586 1578 1644 scelesti
1600 1584 1982 1654 inhumanique
2003 1590 2177 1650 erant,

594 1684 868 1740 historiam
912 1683 1018 1738 illis
1065 1682 1248 1737 refert.
1290 1680 1499 1735 Marcus
1543 1688 1720 1733 autem
1761 1675 1863 1732 sub
1892 1676 2180 1729 Abiathare

589 1775 871 1831 sacerdote
910 1774 960 1827 id
990 1774 1184 1828 factum
1214 1772 1381 1837 dicit,
1415 1786 1520 1825 non
1550 1768 1897 1839 repugnantia
1942 1766 2181 1821 histeri:e

586 1866 814 1929 dicens,
844 1864 940 1921 sed
983 1864 1273 1920 ostendens
1302 1863 1450 1918 illum
1495 1860 1821 1915 binominem
1855 1857 2018 1914 fuisse
2039 1899 2053 1920 ,
2082 1856 2182 1911 ad-

586 1959 776 2029 ditque
796 1959 971 2028 ipsum
993 1957 1042 2012 ei
1065 1971 1229 2027 panes
1255 1954 1468 2011 dedisse
1501 1953 1520 2026 (
1546 1953 1713 2007 Marc.
1738 1951 1794 2006 2.
1824 1950 1894 2008 ἳϐ
1915 1953 1934 2023 )
1954 1992 1969 2014 ,
1997 1950 2183 2005 simul-

595 2066 703 2120 que
749 2064 996 2120 magnam
1041 2040 1274 2104 aﬁerens
1317 2045 1688 2117 purgationem
1711 2083 1728 2110 ,
1757 2042 1899 2114 quod
1930 2040 2183 2099 sacerdos

589 2142 647 2197 id
678 2142 1041 2212 permisisset;
1073 2154 1173 2195 nee
1199 2137 1361 2194 modo
1385 2137 1736 2207 permisisset,
1765 2133 1859 2191 sed
1886 2135 2046 2191 etiam
2077 2134 2182 2188 mi-

587 2235 895 2289 nistrasset.
924 2231 1039 2288 Nec
1087 2230 1219 2285 mihi
1248 2229 1396 2285 dicas
1416 2270 1432 2295 ,
1466 2227 1721 2283 Davidcm
1752 2225 1918 2281 fuisse
1946 2223 2183 2295 prephe-

597 2337 703 2380 tam
725 2343 739 2380 :
766 2340 889 2379 nam
913 2338 1084 2394 neque
1104 2323 1183 2378 sic
1200 2321 1416 2385 licebat,
1439 2318 1531 2374 sed
1555 2332 1721 2389 penes
1740 2315 2048 2372 sacerdotes
2071 2315 2185 2370 lucc

587 2416 946 2487 prazrogativa
971 2423 1088 2470 erat
1117 2432 1130 2469 :
1157 2412 1359 2468 idcirco
1387 2410 1630 2475 addidit,
1663 2407 1784 2463 Nisi
1810 2407 1933 2462 solis
1951 2405 2187 2462 sacerdo-

594 2509 746 2562 tibus.
766 2506 987 2562 Etiamsi
1008 2505 1151 2561 enim
1175 2503 1433 2575 prepbeta
1452 2508 1619 2568 esset,
1640 2515 1745 2555 non
1765 2498 2017 2555 sacerdos
2036 2505 2182 2564 erat;

589 2600 707 2655 imo
722 2599 930 2654 etiamsi
949 2596 1208 2668 prepheta
1227 2604 1388 2661 esset,
1409 2603 1464 2648 at
1480 2608 1584 2648 non
1601 2592 1639 2648 ii
1655 2591 1745 2662 qui
1762 2606 1884 2646 cum
1903 2590 1995 2645 illo
2009 2598 2183 2657 erant;

598 2706 720 2745 nam
746 2698 800 2745 et
823 2690 925 2743 illis
945 2702 1159 2759 quoque
1182 2701 1373 2757 panem
1393 2684 1561 2740 dedit.
1588 2682 1726 2751 Quid
1747 2682 1929 2752 igitur,
1953 2681 2183 2752 inquies,

597 2791 824 2853 paresne
851 2789 1004 2836 erant
1030 2781 1105 2835 illi
1138 2778 1367 2834 Davidi?
1392 2776 1529 2847 Quid
1560 2775 1693 2832 mihi
1724 2775 2036 2846 dignitatem
2069 2788 2186 2830 me-

592 2886 796 2936 moras.
823 2874 911 2928 ubi
943 2873 1074 2946 legis
1101 2871 1455 2943 transgressio
1481 2884 1600 2926 esse
1628 2876 1868 2940 putatur,
1896 2875 1952 2923 et
1973 2875 2189 2922 natura-

591 2965 664 3019 tis
691 2965 854 3019 instat
873 2963 1164 3019 necessitas
1193 2964 1210 2994 ¹
1233 2964 1257 3016 ?
1284 2960 1495 3017 Etenim
1519 2960 1620 3015 hac
1643 2959 1850 3015 ratione
1875 2958 2045 3029 magis
2066 2958 2189 3013 illos

589 3076 624 3113 a
653 3056 875 3114 crimine
896 3065 1122 3128 purgat,
1150 3055 1341 3111 cumis
1360 3055 1451 3127 qui
1474 3054 1647 3122 maior
1673 3061 1758 3110 est
1778 3051 2009 3123 idipsum
2040 3050 2185 3106 fecit.

663 3153 721 3207 θ’.
753 3152 821 3207 Ει
839 3150 968 3221 quid
990 3151 1116 3214 hoc,
1148 3148 1381 3219 inquies,
1408 3147 1476 3206 ad
1502 3145 1895 3218 quiestionem?
1917 3161 2021 3200 non
2046 3145 2190 3200 enim

594 3234 693 3300 ἤιε
713 3244 992 3299 sabbatum
1020 3251 1386 3311 transgressus
1402 3248 1516 3295 est.
1549 3237 1719 3307 Majus
1741 3246 1889 3294 certe
1918 3236 2189 3308 quidpiam

592 3330 734 3390 dicis
755 3374 771 3398 ,
795 3333 946 3406 quod
972 3331 1173 3387 Christi
1198 3331 1513 3400 sapientiam
1543 3327 1897 3395 demonstrat,
1926 3328 2051 3398 quia
2078 3327 2189 3394 ille,

596 3426 767 3480 misso
793 3421 1037 3487 sabbato,
1065 3421 1208 3477 aliud
1230 3421 1537 3491 exemplum
1565 3420 1722 3476 affert
1745 3420 1969 3476 sabbato
1994 3418 2190 3488 majus.

602 3516 718 3572 Non
744 3517 890 3573 enim
915 3515 1119 3586 tequale
1143 3523 1279 3579 erat,
1304 3513 1449 3569 diem
1477 3513 1619 3567 illam
1647 3512 1869 3579 violare,
1900 3520 1956 3567 et
1981 3526 2190 3567 sacram

608 3609 752 3663 illam
785 3623 1024 3662 mensam
1045 3605 1336 3677 attingere,
1354 3619 1515 3677 quam
1544 3603 1693 3659 adire
1721 3604 1920 3659 nemini
1950 3604 2028 3658 fas
2053 3610 2187 3657 erat.

606 3700 741 3755 Nam
770 3700 1047 3755 sabbatum
1077 3713 1224 3769 saepe
1251 3697 1483 3752 solutum
1510 3696 1632 3763 fuit,
1656 3697 1764 3751 imo
1794 3710 2008 3767 semper
2037 3695 2197 3750 solvi-

604 3802 713 3857 tur,
738 3803 801 3847 et
829 3792 880 3846 in
907 3790 1340 3855 circumcisione,
1369 3797 1425 3845 et
1448 3789 1501 3843 in
1527 3788 1646 3844 aliis
1673 3787 1917 3859 plurimis
1944 3786 2196 3859 operibus

600 3884 808 3955 (Nam.
837 3883 929 3939 28.
960 3884 1032 3955 9)
1061 3901 1079 3939 :
1118 3893 1174 3938 et
1199 3882 1254 3938 in
1280 3880 1495 3937 Jericlro
1524 3880 1752 3951 idipsum
1784 3879 1981 3934 factum
2014 3878 2196 3934 videre

602 3988 689 4034 est
711 3978 733 4043 <
747 3976 907 4033 Iosue
955 3975 1011 4032 6.
1039 3973 1112 4048 4)
1136 3992 1152 4030 :
1183 3975 1287 4030 hoc
1309 3983 1487 4030 autem
1516 3984 1641 4029 tunc
1666 3975 1838 4029 solum
1867 3970 2065 4028 factum
2091 3979 2194 4027 est.

602 4071 785 4138 Quare
808 4085 840 4125 a
870 4068 1060 4138 majori
1089 4067 1337 4136 exemplo
1365 4080 1452 4121 res
1483 4065 1767 4120 evincitur.
1797 4064 1911 4120 Cur
1938 4079 2068 4133 ergo
2098 4077 2194 4119 ne-
2232 4092 2240 4099 -

609 4182 699 4220 mo
730 4165 984 4220 Davidem
1011 4162 1319 4228 accusavit,
1346 4161 1557 4216 etiamsi
1585 4161 1689 4215 alia
1717 4159 1890 4230 major
1914 4156 2202 4215 accusandi

608 4257 831 4312 materia
874 4256 1121 4324 adesset,
1153 4255 1223 4310 ob
1268 4252 1606 4309 sacerdotum
1638 4251 1842 4306 caedem
1866 4293 1881 4316 ,
1931 4265 2052 4321 quae
2077 4249 2203 4306 inde

605 4349 888 4405 exordium
919 4346 1189 4402 duxerat?
1230 4345 1430 4401 Verum
1459 4344 1590 4400 illud
1632 4360 1738 4399 non
1776 4346 2045 4398 memorat
2071 4343 2200 4409 ille,

607 4441 709 4497 sed
730 4441 783 4495 in
805 4456 866 4496 re
887 4440 1156 4510 proposita
1181 4439 1446 4493 consistit.
1475 4436 1682 4492 Deinde
1703 4444 1881 4491 autem
1907 4436 2015 4491 alio
2042 4434 2205 4490 modo

608 4533 1039 4588 'criminationem
1088 4531 1266 4586 solvnt.
1301 4528 1457 4584 Initio
1495 4529 1693 4598 quippe
1723 4525 1974 4581 Davidem
2004 4525 2060 4580 in
2090 4536 2207 4580 mte-

609 4624 761 4681 dium
784 4624 1024 4689 adduxit,
1053 4623 1169 4694 ejus
1195 4636 1439 4695 personae
1465 4620 1723 4691 dignitate
1750 4618 2110 4691 arrogantiam
2140 4618 2206 4672 il-

614 4716 792 4772 lorum
818 4716 1156 4786 reprimens;
1182 4726 1461 4787 postquam
1489 4724 1667 4767 autem
1696 4713 1818 4767 illos
1846 4719 2202 4783 represserat,

611 4811 1032 4880 superbiamque
1078 4807 1289 4863 illorum
1332 4814 1677 4871 coercuerat,
1722 4815 1848 4859 tunc
1876 4802 2042 4874 magis
2085 4803 2204 4858 ide-

615 4918 774 4958 ueam
816 4900 971 4957 all'crt
1017 4900 1359 4954 solutionem.
1388 4899 1644 4967 Quantam
1678 4898 1766 4953 illa
1807 4898 1959 4952 erat?
1988 4898 2043 4952 5.
2092 4895 2205 4950 Ne-

614 4996 758 5052 scitis
773 4994 1017 5066 quoniam
1036 4993 1089 5047 in
1116 4992 1301 5061 templo
1329 4990 1615 5045 sacerdotes
1639 4988 1900 5044 sabbatum
1927 4987 2137 5053 uiolant,
2160 4996 2209 5042 et

620 5088 727 5141 sine
768 5085 978 5140 crimine
998 5084 1159 5138 sunt?
1199 5082 1313 5137 Illic
1335 5125 1351 5148 ,
1383 5082 1554 5152 inquit
1579 5122 1593 5145 ,
1624 5081 1838 5136 occasio
1863 5096 1978 5136 rem
2008 5078 2163 5134 Solvit
2190 5097 2206 5145 ;

617 5179 711 5235 hic
733 5195 862 5234 vero
885 5176 1038 5233 adest
1056 5177 1173 5232 sine
1201 5175 1483 5231 occasione
1508 5174 1728 5229 solutio.
1756 5173 1860 5229 Sed
1890 5189 1995 5227 non
2026 5173 2208 5227 statim

621 5283 692 5327 tta
722 5271 919 5336 solvit;
947 5284 1134 5324 verum
1161 5269 1335 5341 primo
1362 5266 1513 5338 quasi
1543 5281 1660 5321 rem
1684 5265 1838 5320 venia
1867 5265 2081 5336 dignam
2115 5282 2212 5333 po-

620 5368 738 5435 nit,
779 5377 964 5438 postea
1011 5381 1143 5421 vero
1189 5363 1377 5419 fortius
1422 5363 1605 5417 instat.
1649 5360 1784 5417 Nam
1810 5361 1954 5431 quod
1986 5359 2211 5415 validius

618 5472 756 5527 erat,
786 5470 1060 5530 postremo
1087 5456 1417 5513 afferendum
1448 5455 1565 5522 fuit,
1597 5454 1806 5509 etiamsi
1838 5452 1889 5507 id
1918 5453 2059 5525 quod
2101 5453 2211 5524 pri-

621 5569 771 5610 mum
799 5553 1019 5608 aliatum
1045 5559 1163 5618 est,
1196 5549 1302 5604 vim
1332 5562 1484 5603 suam
1528 5545 1769 5600 haberet.
1800 5542 1877 5599 Ne
1908 5544 2035 5599 mihi
2066 5544 2209 5598 enim

617 5628 907 5710 dicas,“
955 5658 1062 5698 non
1104 5656 1225 5699 esse
1265 5655 1296 5695 a
1321 5639 1546 5697 crimine
1574 5636 1793 5692 liberari
1822 5678 1837 5701 ,
1864 5650 1962 5707 par
1990 5635 2212 5691 alterius

689 5818 1090 5886 ‘chCﬂItOMi‘iS
1114 5820 1348 5873 naturalis
1366 5819 1506 5872 instet
1530 5816 1801 5871 necessitas.

1299 359 1362 423 Β.
1399 360 1681 422 JOANNIS
1725 357 2191 420 CHRYSOSTOMI

2296 359 2577 418 .RCHIEP.
2615 357 3153 423 CONSTANTINOP.

3742 375 3837 430 ιῧῦ

2283 477 2487 533 crimen
2520 479 2572 533 in
2602 478 2837 536 medium
2880 480 3093 538 afferre.
3134 474 3267 536 Nam
3295 474 3507 553 quando
3532 484 3577 539 is
3601 486 3685 557 qui
3729 488 3839 548 fecit

2284 584 2387 623 non
2418 580 2729 636 acettsatnr,
2762 580 2886 628 tunc
2915 573 2965 626 id
2998 574 3048 633 in
3092 572 3458 629 defensionem
3487 579 3722 647 usurpari
3748 596 3838 652 po-

2281 668 2405 716 test.
2438 661 2633 717 Verum
2665 664 2756 719 illo
2787 680 2891 719 non
2922 675 3205 720 contentus
3235 665 3334 720 fuit
3356 706 3373 728 ,
3404 668 3496 723 sed
3527 670 3664 739 quod
3690 674 3841 745 magis

2280 763 2697 810 consentaneum
2741 763 2825 810 est
2865 754 3021 809 afTert
3042 796 3060 821 ,
3091 755 3277 811 dicens
3309 754 3360 810 id
3388 756 3531 827 quod
3560 758 3742 815 factum
3768 774 3842 817 est

2280 858 2387 899 non
2411 858 2528 899 esse
2547 855 2825 917 peccatum
2850 863 2863 898 :
2894 846 3034 915 quod
3062 847 3367 916 conspicua:
3395 849 3630 905 victoria:
3652 849 3840 921 signum

2281 944 2397 991 erat
2419 976 2436 1002 ,
2464 950 2585 990 cum
2630 936 2934 992 ostenderet
2965 953 3025 992 se
3067 937 3239 1008 legem
3270 938 3493 995 solvisse
3515 981 3530 1005 ,
3562 940 3667 994 imo
3694 941 3742 996 id
3771 942 3843 998 bis

2284 1029 2475 1086 fecisse
2497 1071 2513 1095 ,
2545 1040 2657 1086 tum
2695 1046 2725 1085 a
2770 1032 2889 1087 loco
2911 1073 2928 1098 ,
2962 1041 3073 1089 tum
3103 1047 3134 1086 a
3161 1032 3426 1099 sabbato;
3469 1034 3597 1104 quin
3625 1035 3773 1090 etiam
3796 1046 3844 1091 et

2284 1131 2367 1180 ter
2392 1124 2579 1180 fecisse
2599 1167 2616 1192 ,
2645 1113 2792 1196 quod
2820 1126 3018 1197 duplex
3045 1140 3179 1199 epos
3206 1127 3401 1182 factum
3430 1137 3609 1193 esset,
3641 1137 3694 1184 et
3717 1128 3844 1184 aliud

2281 1227 2353 1274 ex
2373 1218 2745 1275 sacerdotibus
2767 1219 3133 1292 subjunxisset
3155 1238 3170 1274 :
3193 1220 3445 1291 quodque
3466 1219 3634 1291 majus
3653 1232 3748 1288 est,
3770 1239 3847 1279 ne-

2283 1327 2388 1381 que
2424 1313 2626 1368 crimen
2658 1313 2786 1369 illud
2822 1328 2964 1369 esse.
3008 1313 3142 1369 Nam
3183 1314 3290 1377 ait.
3323 1314 3451 1370 Sine
3491 1317 3691 1372 crimine
3721 1331 3842 1374 sunt.

2286 1403 2473 1459 Viden‘
2502 1413 2701 1472 quanta
2731 1405 2949 1474 posuit?
2977 1406 3177 1461 Locum
3211 1418 3229 1457 ς
3255 1422 3406 1472 nam,
3440 1405 3509 1461 In
3539 1409 3717 1475 templo
3738 1452 3752 1474 ,
3776 1411 3848 1466 in-

2284 1497 2436 1567 quit,
2476 1495 2676 1552 factum
2722 1507 2844 1564 est;
2891 1513 3216 1567 personam:
3258 1509 3487 1568 nempe,
3523 1499 3843 1565 Sacerdotes;

2286 1597 2529 1660 tempus:
2552 1601 2700 1655 nam,
2725 1590 3002 1646 Sabbatum
3023 1600 3173 1657 erat;
3202 1605 3315 1647 rem
3342 1593 3542 1660 ipsam:
3566 1608 3683 1647 nam
3703 1634 3716 1657 ,
3744 1584 3849 1648 Vio-

2285 1679 2429 1745 lant,
2464 1682 2672 1751 inquit:
2706 1698 2882 1753 neque
2923 1685 3065 1739 enim
3115 1685 3282 1753 dixit,
3309 1684 3569 1751 Solvunt;
3599 1687 3689 1741 sed
3724 1689 3846 1758 quod

2286 1776 2501 1846 gravius
2543 1783 2657 1840 est,
2716 1774 2919 1830 i’iolant
2949 1792 2968 1829 :
3012 1776 3154 1847 quod
3203 1792 3308 1830 non
3355 1777 3517 1832 modo
3554 1792 3730 1847 ptenas
3756 1794 3849 1834 non

2288 1866 2447 1932 dent,
2492 1868 2585 1924 sed
2625 1867 2766 1940 quod
2806 1868 3030 1924 crimine
3076 1867 3410 1936 liberentur;
3444 1884 3564 1923 nam
3594 1869 3701 1933 ait,
3743 1866 3853 1925 Sine

2289 1961 2502 2015 crimine
2536 1970 2673 2016 sunt.
2714 1960 2772 2016 Id
2812 1975 2938 2016 vero
2978 1977 3045 2018 ne
3085 1962 3283 2032 putetis
3319 1962 3498 2018 simile
3534 1963 3691 2033 priori
3725 1977 3847 2019 esse.

2287 2048 2420 2107 Nam
2448 2052 2576 2107 illud
2606 2052 2771 2107 semel
2800 2052 2997 2108 factum
3023 2060 3147 2122 est,
3179 2068 3281 2109 nec
3305 2068 3337 2108 a
3364 2053 3757 2117 sacerdotibus,
3783 2065 3853 2107 at-

2289 2156 2393 2214 que
2420 2158 2485 2198 ex
2513 2144 2834 2198 necessitate
2858 2160 2872 2209 ;
2916 2143 3038 2199 ideo
3066 2143 3220 2199 venia
3247 2143 3392 2214 digni
3419 2152 3576 2200 erant
3603 2162 3618 2198 :
3651 2144 3746 2199 hoc
3765 2159 3850 2199 au-

2290 2245 2398 2291 tem
2427 2235 2651 2307 singulis
2680 2236 2918 2291 sabbatis
2942 2277 2955 2299 ,
2983 2251 3012 2289 a
3041 2234 3447 2298 sacerdotibus,
3476 2236 3531 2291 in
3562 2236 3751 2305 templo
3769 2277 3783 2298 ,
3806 2244 3854 2290 et

2289 2327 2580 2384 secundum
2610 2327 2804 2398 legem.
2833 2327 3171 2398 Quapropter
3198 2343 3303 2382 non
3355 2327 3521 2382 modo
3545 2329 3693 2382 venia
3726 2326 3852 2396 digni

2291 2428 2451 2486 sunt,
2478 2419 2574 2476 sed
2596 2421 2759 2475 etiam
2790 2419 3083 2476 secundum
3113 2421 3280 2490 legem
3308 2420 3467 2491 culpa
3497 2421 3662 2475 vacui.
3690 2420 3850 2492 Neque

2291 2511 2435 2566 enim
2472 2510 2808 2566 criminando
2834 2510 2955 2565 inec
2983 2510 3133 2576 dixi,
3176 2511 3384 2581 inquit,
3428 2526 3602 2581 neque
3626 2526 3687 2565 cx
3722 2512 3853 2565 venia

2292 2606 2465 2661 solum
2493 2605 2647 2676 culpa
2679 2596 2879 2660 liberos
2907 2614 3084 2660 statuo
3103 2645 3120 2672 ,
3148 2604 3244 2660 sed
3277 2621 3342 2658 ex
3375 2604 3599 2676 justitia:
3628 2605 3751 2674 lege.
3778 2594 3857 2658 Vi-

2292 2698 2557 2770 deturque
2585 2696 2706 2754 illos
2737 2691 3055 2762 defendere,
3085 2697 3185 2753 hos
3211 2706 3389 2753 autem
3421 2699 3643 2753 crimine
3668 2694 3853 2752 liberat.

2293 2792 2427 2848 Cum
2454 2792 2597 2847 enim
2624 2792 2714 2857 ait,
2747 2791 2873 2847 Sine
2897 2791 3109 2846 crimine
3136 2800 3294 2846 sunt:
3325 2799 3381 2846 at
3409 2791 3466 2846 hi
3494 2792 3660 2846 multo
3680 2790 3845 2860 magis,

2295 2882 2487 2953 inquit.
2518 2880 2623 2938 Sed
2648 2898 2754 2937 non
2776 2892 2902 2937 sunt
2921 2880 3256 2937 sacerdotes.
3283 2884 3352 2936 At
3376 2881 3739 2938 sacerdotibus
3761 2895 3856 2934 ma-

2290 2972 2440 3043 jores
2468 2990 2483 3027 :
2512 2973 2627 3044 ipse
2654 2984 2883 3043 namque
2911 2972 3093 3040 templi
3126 2971 3380 3026 Dominus
3412 2972 3500 3028 hic
3521 2971 3705 3038 adest;
3731 2971 3853 3026 veri-

2297 3071 2379 3119 tas
2400 3105 2418 3129 ,
2449 3079 2554 3118 non
2584 3065 2751 3134 figura
2778 3081 2792 3119 :
2836 3063 2956 3118 ideo
2993 3063 3206 3119 dicebat
3227 3105 3243 3129 ,
3276 3064 3328 3119 6.
3362 3061 3493 3118 Dico
3521 3074 3685 3118 autent
3705 3064 3855 3125 vobis,

2294 3156 2414 3224 quia
2433 3156 2619 3225 templo
2640 3160 2805 3226 major
2826 3164 2897 3209 est
2920 3155 3021 3208 hic.
3046 3155 3295 3209 Attamen
3317 3164 3442 3209 cum
3468 3155 3593 3209 talia
3618 3153 3855 3217 audirent,

2297 3248 2431 3304 nihil
2458 3247 2746 3303 dixerunt:
2781 3247 2904 3318 quia
2928 3261 3033 3300 non
3054 3246 3123 3302 de
3151 3246 3323 3301 salute
3350 3246 3585 3301 hominis
3610 3246 3857 3316 agebatur.

2298 3338 2503 3395 Deinde
2522 3340 2643 3410 quia
2668 3337 2720 3393 id
2743 3338 3086 3394 audientibus
3109 3354 3274 3409 grave
3296 3337 3592 3400 videbatur,
3609 3351 3741 3402 esse,
3769 3336 3861 3390 cito

2299 3430 2426 3487 illud
2455 3430 2773 3494 occultavit,
2805 3444 2989 3484 rursus
3026 3427 3094 3482 ad
3126 3428 3336 3483 veniam
3365 3442 3670 3484 sermonem
3698 3439 3855 3496 agens.

2302 3538 2401 3578 nec
2425 3523 2541 3577 sine
2568 3521 2933 3594 increpatione
2958 3521 3039 3576 sic
3065 3520 3251 3576 dicens
3279 3538 3293 3575 :
3328 3521 3381 3575 7.
3415 3520 3481 3576 Si
3507 3529 3670 3575 autem
3695 3517 3862 3573 sciretis

2302 3613 2426 3687 quid
2464 3622 2559 3678 est,
2594 3613 3000 3667 blisericordiam
3026 3613 3140 3667 volo
3158 3648 3175 3679 ,
3205 3622 3253 3666 et
3280 3628 3381 3666 non
3412 3612 3748 3681 sacriﬁcium,
3775 3623 3860 3663 non

2301 3706 2725 3780 condemnassetis
2746 3705 3035 3760 innocentes
3059 3702 3078 3774 (
3103 3702 3232 3758 Osee
3255 3703 3309 3759 6.
3334 3703 3430 3775 6).
3459 3702 3643 3759 Viden‘
3666 3714 3861 3773 quomo-

2298 3797 2372 3854 do
2400 3814 2585 3854 rursus
2614 3812 2917 3853 sermonem
2947 3796 3015 3851 ad
3045 3796 3254 3852 veniam
3282 3807 3408 3867 agat
3432 3838 3449 3865 ,
3480 3805 3535 3852 et
3561 3809 3760 3850 rursum
3784 3802 3861 3847 ve-

2302 3890 2390 3944 nia
2430 3888 2735 3960 superiores
2772 3892 2791 3922 ¹
2924 3887 3211 3944 ostendat?
3260 3888 3385 3942 Non
3428 3886 3861 3950 cendemnassetis,

2304 3981 2513 4054 inquit,
2550 3982 2860 4037 innocentes.
2902 3980 3054 4036 Prius
3092 3980 3436 4037 sacerdotum
3476 3980 3764 4052 exemplum
3789 3988 3860 4033 at-

2306 4075 2465 4142 tulit,
2496 4074 2685 4130 dicens
2713 4075 3025 4128 innocentes
3054 4073 3177 4127 illos
3203 4087 3324 4128 esse
3351 4089 3366 4127 τ
3412 4072 3519 4128 hoc
3544 4081 3713 4127 autem
3738 4086 3767 4125 a
3793 4084 3863 4122 se-

2306 4166 2535 4236 metipso
2562 4165 2742 4236 ponit;
2773 4164 2882 4219 imo
2907 4178 3035 4219 vero
3059 4163 3242 4219 ethoc
3267 4178 3297 4217 a
3328 4163 3449 4235 lege
3474 4182 3489 4219 :
3522 4161 3862 4235 propheticum

2306 4258 2450 4313 enim
2474 4256 2677 4311 dictum
2716 4256 2978 4310 recitavit.

2378 4349 2431 4405 '5.
2458 4347 2668 4404 Sabbati
2682 4348 2734 4401 in
2757 4347 2909 4402 veteri
2929 4347 3036 4417 lege
3056 4344 3269 4412 utilitas,
3286 4345 3543 4401 inutilitas
3559 4346 3611 4399 in
3630 4359 3749 4399 nova
3767 4357 3865 4414 pro-

2312 4441 2777 4497 batnr.—Demum
2825 4440 2982 4494 aliam
3022 4438 3178 4494 aﬂ‘ert
3201 4454 3420 4494 causam
3447 4439 3632 4495 dicens
3663 4456 3677 4493 :
3708 4437 3756 4492 8.
3773 4435 3865 4488 Do-

2307 4537 2477 4590 minus
2500 4536 2631 4589 enim
2658 4543 2731 4589 est
2779 4532 2991 4588 Sabbati
3030 4532 3198 4588 Filius
3227 4533 3485 4600 hominis,
3514 4532 3583 4588 de
3616 4532 3780 4600 seipse
3802 4528 3868 4581 lo-

2304 4640 2501 4698 quens.
2550 4624 2757 4679 Marcus
2814 4639 2945 4678 vero
2991 4623 3140 4677 illum
3187 4623 3256 4678 de
3281 4623 3558 4678 communi
3607 4632 3780 4677 natura
3824 4616 3865 4669 id

2306 4717 2512 4773 dixisse
2540 4716 2742 4772 refert:
2777 4714 3056 4771 Sabbatum
3081 4756 3097 4781 ,
3143 4715 3345 4785 inquit,
3384 4728 3595 4786 propter
3647 4712 3867 4768 hominem

2313 4811 2504 4881 factum
2524 4817 2637 4875 est,
2668 4823 2771 4860 non
2797 4814 2966 4861 autem
2992 4806 3140 4859 homo
3168 4814 3378 4875 propter
3400 4804 3665 4860 sabbatum
3693 4801 3859 4873 (Marc.

2304 4886 2370 4956 ‘2.
2401 4900 2514 4973 27).
2551 4900 2665 4955 Cur
2686 4913 2813 4971 ergo
2838 4898 3160 4973 supplicium
3190 4897 3292 4952 luit
3332 4897 3425 4953 ille
3451 4897 3542 4969 qui
3573 4896 3706 4967 ligna
3739 4891 3868 4948 colli-

2317 4996 2479 5068 gebat
2506 4991 2697 5067 (Nnm.
2722 4993 2808 5048 15.
2843 4990 2933 5048 '53.
2962 4993 3120 5067 sqq.)?
3135 4990 3268 5059 Quia
3318 4989 3365 5045 si
3394 4990 3547 5045 initio
3590 4988 3728 5057 leges
3763 4999 3868 5038 con-

2322 5098 2535 5161 temptae
2564 5087 2808 5152 fuissent,
2835 5085 2923 5140 vix
2949 5092 3132 5155 postea
3154 5083 3431 5139 servandae
3449 5091 3619 5139 erant.
3638 5080 3759 5136 Nam
3787 5075 3869 5130 ini-

2316 5182 2392 5236 tio
2417 5180 2697 5236 sabbatum
2728 5180 2778 5232 in
2807 5177 2987 5232 multis
3013 5176 3372 5247 gravibusque
3401 5176 3564 5230 rebus
3589 5172 3709 5229 utile
3740 5175 3864 5223 erat.

2314 5271 2544 5342 exempli
2576 5285 2733 5325 causa
2752 5309 2770 5336 ,
2799 5268 2850 5324 id
2877 5267 3145 5324 efficiebat
3170 5276 3228 5321 ut
3256 5267 3416 5321 mites
3461 5263 3772 5333 humanique
3795 5273 3868 5312 es-

2316 5372 2436 5419 sent
2468 5377 2590 5417 cum
2618 5360 2962 5431 propinquis;
3000 5357 3228 5414 docebat
3263 5372 3360 5413 eos
3385 5357 3481 5412 Dei
3519 5350 3868 5426 providentiam

2313 5466 2373 5512 et
2398 5456 2720 5512 creationem
2751 5472 2764 5509 :
2797 5453 2937 5525 quod
2966 5453 3043 5509 ait
3068 5452 3317 5509 Ezechiel
3346 5469 3359 5505 :
3389 5450 3631 5507 Erudivit
3649 5463 3734 5505 eos
3761 5458 3871 5516 pau-

2317 5549 2464 5604 latim
2484 5590 2501 5614 ,
2531 5558 2591 5603 ut
2629 5549 2958 5604 abstinerent
2977 5563 3005 5601 a
3050 5546 3287 5616 nequitia
3311 5586 3324 5608 ,
3353 5553 3408 5600 et
3455 5554 3512 5599 ut
3541 5537 3869 5615 spiritualibus

2319 5642 2687 5705 incumberent
2717 5640 2928 5696 (Ezecli.
2954 5638 3069 5713 20).
3100 5634 3233 5696 Nam
3277 5638 3321 5695 si
3344 5652 3468 5694 cum
3498 5637 3666 5709 legem
3694 5624 3869 5691 sabbati

2351 5814 2422 5878 (α)
2445 5816 2493 5868 id
2516 5824 2608 5877 cst,
2633 5821 2787 5881 potius
2808 5813 2951 5866 laude
2974 5826 3119 5879 quam
3137 5812 3275 5865 venia
3298 5810 3484 5875 dignos.
