4084 6354
350 355 456 412 455

346 470 508 536 αὑτῷ
528 469 758 541 φαγεῖν,
784 467 926 522 οὐδὲ
953 468 1076 534 τοῖς
1090 469 1215 538 μετ’
1235 467 1443 533 αὐτοῦ,
1474 470 1526 522 εἱ
1551 468 1637 537 μὴ
1664 470 1875 537 μόνοις
1896 471 2019 537 τοῖς

344 556 642 624 ἱερεῦσιν;
674 556 843 608 Ὅταν
881 554 978 624 μέν
1005 554 1114 624 γάρ
1143 553 1281 623 ύπέρ
1314 552 1422 604 τῶν
1457 553 1715 623 μαθητῶν
1740 554 2017 623 ἀπολογῆ-

340 657 456 699 ται,
484 639 575 691 τὸν
605 636 765 690 Δαυῖδ
792 638 872 699 εἱς
897 637 1059 706 μέσον
1088 637 1331 705 παράγει
1355 652 1367 664 ·
1388 636 1519 687 ὅταν
1542 636 1598 687 δέ
1629 637 1771 707 ὑπὲρ
1794 637 2015 703 ἐαυτοῦ,

341 722 433 774 τὸν
456 719 693 788 Πατέρα.
713 720 822 771 Kal
844 719 946 789 ὅρα
972 718 1086 781 πῶς
1107 718 1517 787 ἐπιπληκτικῶς
1538 736 1551 748 ⁸
1584 721 1705 771 Οὐκ
1721 720 2019 789 ἀνέγνωτε

342 802 401 854 τί
442 801 694 867 ἐποίησε
739 800 952 862 Auvt6;
1000 798 1103 851 Kal
1138 800 1246 868 γὰρ
1282 800 1448 870 πολλὴ
1474 800 1567 851 τοῦ
1586 802 1870 871 Προφήτου
1897 798 2015 873 ἦνή

342 882 489 947 δόξα,
506 883 580 947 ὡς
607 885 699 936 καὶ
720 884 923 951 Πέτρον
944 882 1079 952 μετά
1103 882 1273 936 ταῦτα
1284 884 1717 952 ἀπολογούμενον
1737 885 1872 954 πρὸς
1886 887 2019 939 Ἰου-

340 968 527 1030 δαίους
577 967 749 1030 οὕτως
796 969 1001 1019 εἰπεῖν·
1050 966 1229 1031 Ἐξύν
1256 967 1445 1020 εἰπεῖν
1487 966 1637 1034 μετὰ
1676 971 2017 1037 παρρησίας

341 1052 494 1119 πρὸς
519 1050 674 1117 ὑμᾶς
704 1051 837 1118 περὶ
869 1050 979 1104 τοῦ
1014 1050 1381 1119 πατριάρχου
1415 1052 1615 1115 Δαυῒδ,
1650 1051 1738 1105 ὅτι
1771 1053 1868 1106 καὶ
1901 1054 2019 1106 ἐτε-

338 1136 606 1202 λεύτησε
655 1134 754 1187 καὶ
802 1132 1011 1201 ἐτάφη.
1059 1134 1212 1185 Διατί
1264 1133 1320 1185 66
1372 1134 1533 1186 a6:6v
1578 1134 1699 1203 οὐχὶ
1739 1134 1877 1203 μετά
1922 1135 2016 1188 τοῦ

339 1216 647 1281 ἀξιώματος
674 1215 849 1279 καλεῖ,
883 1215 1006 1269 οὕτε
1029 1216 1284 1280 ἐνταῦθα,
1318 1216 1441 1270 οὔτε
1473 1216 1610 1287 μετά
1637 1217 1807 1271 ταῦτα
1833 1220 2017 1283 ;¹Ἰσως

336 1298 526 1368 ἐπειδὴ
552 1298 764 1351 ἐκεῖθεν
794 1299 854 1351 τὸ
877 1299 1032 1367 γένος
1060 1300 1322 1369 κατῆγεν.
1356 1301 1418 1353 Εἱ
1450 1301 1546 1369 μὲν
1568 1294 1661 1353 οὖν
1692 1318 2015 1371 συγγνωμο-

336 1381 477 1433 νικοί
519 1382 563 1412 ⁸³
580 1378 901 1451 τινεςῆσαν,
930 1382 1021 1434 ἐπὶ
1046 1382 1106 1436 :6
1132 1383 1301 1445 πάθος
1320 1382 1385 1436 ἂν
1405 1383 1505 1452 τῆς
1526 1384 1718 1453 πείνης
1752 1385 1844 1437 τὸν
1859 1385 2015 1453 λόγον

334 1462 545 1531 ἤγαγεν
563 1478 576 1491 ⁸
610 1464 797 1533 ἐπειδὴ
827 1463 884 1517 δὲ
909 1463 1097 1533 μιαροὶ
1119 1464 1214 1517 καὶ
1245 1463 1625 1534 ἀπάνθρωποι.
1650 1466 1745 1518 καὶ
1776 1466 2015 1537 ἱστορίαν

334 1544 519 1607 αὐτοῖς
538 1544 919 1613 ἀναγινώσκει.
960 1546 1017 1599 Ὀ
1058 1546 1114 1599 δὲ
1147 1546 1394 1617 Μάρκος,
1445 1547 1577 1601 Ἐπὶ
1623 1548 1885 1617 Ἀϐιάθαρ
1908 1550 2014 1603 τοῦ

331 1627 676 1695 ἀρχιερέως,
725 1629 912 1699 φησὶν,
961 1629 1061 1682 οὐκ
1117 1630 1335 1683 ἐναντία
1386 1630 1560 1700 λέγων
1610 1632 1656 1663 ⁸³
1683 1635 1747 1703 τῇ
1782 1632 2013 1703 ἱστορίᾳ,

332 1710 472 1763 ἀλλά
497 1711 708 1776 δεικνὺς
730 1713 810 1765 ὃτι
835 1713 1102 1783 διώνυμος
1134 1710 1201 1785 ἦν
1221 1731 1235 1745 ⁸
1267 1714 1362 1768 καὶ
1389 1716 1749 1787 προστίθησιν
1766 1717 1848 1769 ὅτι
1870 1718 2014 1770 ἐκεῖ·

330 1810 422 1858 νος
453 1794 649 1848 ἔδωκεν
674 1795 852 1866 αὐτῷ’
884 1797 1100 1861 δεικνὺς
1150 1800 1245 1852 καὶ
1292 1799 1547 1854 ἐντεῦθεν
1572 1802 1817 1872 μεγάλην
1844 1798 2012 1855 οὖσαν

329 1878 650 1946 ἀπολογίαν,
682 1879 817 1932 ὅπου
847 1896 911 1948 γε
944 1879 1081 1933 καὶὸ
1115 1881 1294 1953 ἱερεὺς
1316 1882 1582 1954 ἐπέτρεψε
1600 1900 1613 1915 ⁸
1644 1885 1739 1938 καὶ
1766 1886 1827 1938 06
1851 1886 2012 1955 μόνον

330 1962 648 2031 ἐπέτρεψεν,
707 1962 843 2016 ἀλλά
899 1965 993 2016 καὶ
1039 1964 1420 2035 διηκονήσατο.
1458 1968 1549 2036 Μὴ
1594 1970 1702 2040 γάρ
1742 1987 1831 2039 μοι
1860 1969 2008 2037 λέγε,

327 2045 412 2097 ὅτι
438 2047 721 2117 προφήτης
774 2042 843 2117 ἦν
872 2048 900 2099 6
931 2048 1122 2100 Δαυΐδ·
1152 2048 1272 2101 ούδέ
1330 2050 1439 2120 γάρ
1479 2051 1653 2116 οὕτως
1697 2051 1845 2123 ἐξῆν,
1876 2054 2011 2108 ἀλλά

327 2127 441 2181 τῶν
499 2128 687 2200 ἱερέων
739 2124 807 2200 ἦν
850 2130 909 2184 τὸ
955 2130 1314 2202 προτέρημα·
1374 2133 1455 2185 διὸ
1494 2137 1587 2187 καὶ
1646 2136 2007 2207 προσέθηκεν,

326 2212 400 2263 El
435 2210 522 2279 μὴ
552 2210 679 2276 τοῖς
732 2213 954 2280 ἱερεῦσι
994 2214 1226 2281 μόνοις.
1270 2214 1333 2267 Εἰ
1379 2216 1489 2288 γὰρ
1522 2220 1617 2272 καὶ
1650 2220 1912 2288 μυριάκις
1940 2216 2009 2289 ῆν

326 2295 636 2365 προφήτης.
668 2296 783 2347 ἀλλ’
816 2297 913 2365 οὐχ
947 2296 1125 2367 ἱερεύς
1146 2314 1159 2327 ⁸
1187 2299 1236 2349 εἱ
1266 2298 1321 2350 δὲ
1343 2302 1438 2351 καὶ
1468 2302 1673 2364 ἐκεῖνος
1701 2305 2008 2373 προφήτης,

326 2376 480 2449 H35]
512 2378 625 2431 ἀλλ’
655 2379 775 2447 οὐχὶ
804 2380 897 2431 καὶ
925 2381 974 2431 οἱ
1000 2382 1118 2450 μετ’
1150 2380 1313 2433 αὑτοῦ
1342 2398 1356 2410 ⁸
1391 2384 1485 2435 καὶ
1522 2384 1631 2452 γὰρ
1659 2385 1752 2436 καὶ
1778 2385 2009 2447 ἐκείνοις

324 2459 518 2512 ἔδωκε.
552 2460 617 2512 Τί
643 2456 771 2528 06v;
808 2462 1006 2531 φησίν⁸
1056 2461 1169 2515 ἴσον
1193 2463 1239 2494 ⁸⁵
1272 2463 1432 2517 Δαυῒδ
1466 2467 1559 2518 καὶ
1608 2460 1788 2531 οὖτοις
1826 2467 1890 2517 Τί
1920 2484 2008 2536 μοι

323 2543 507 2611 λέγεις
537 2543 715 2609 ἀξίαν,
740 2544 873 2596 ὅπου
920 2544 1084 2613 νόμου
1124 2546 1437 2616 παράϐασις
1472 2544 1609 2602 εἶναι
1632 2550 1799 2610 δοκεῖ,
1832 2549 1933 2602 κᾶν
1963 2549 2007 2581 ⁸⁵

324 2625 545 2692 φύσεώς
569 2627 717 2679 ἐστιν
758 2626 1004 2696 ἀνάγκης
1041 2629 1151 2681 Kal
1186 2630 1295 2699 γὰρ
1340 2630 1434 2683 καὶ
1472 2632 1645 2703 ταύτῃ
1684 2632 1884 2701 μᾶλλον
1909 2633 2007 2684 αὐ-

322 2709 455 2770 τοὺς
476 2707 751 2779 ἀπήλλαξε
782 2708 889 2760 τῶν
924 2709 1286 2780 ἐγκλημάτων
1318 2712 1385 2777 ⁸⁵,
1423 2712 1553 2768 ὅταν
1579 2716 1607 2767 6
1644 2714 1847 2785 μείζων
1882 2717 2009 2785 φαί-

322 2808 488 2861 νηται
512 2790 572 2843 τὸ
605 2786 738 2843 66:6
760 2790 1101 2862 πεποιηκώς.

400 2872 468 2943 β’.
498 2874 609 2927 Kal
634 2873 686 2926 τί
714 2874 873 2926 τοῦτο
915 2876 1052 2945 πρὸς
1081 2876 1143 2929 :6
1174 2876 1541 2949 ζητούμενονς
1573 2882 1738 2950 φησίν
1759 2899 1771 2911 ⁸
1803 2883 1864 2935 06
1897 2882 2007 2953 γὰρ

322 2956 390 3026 δὴ
431 2956 697 3009 σάϐϐατον
727 2958 932 3020 ἐκεῖνος
955 2958 1193 3029 παρέϐη.
1224 2962 1298 3013 Τὸ
1336 2963 1519 3032 μεῖζόν
1557 2982 1646 3033 μοι
1679 2964 1874 3033 λέγεις,
1912 2968 2006 3019 καὶ

319 3039 355 3092 ὅ
386 3041 623 3109 μάλιστα
648 3043 887 3095 δείκνυσι
908 3042 1002 3095 τοῦ
1029 3044 1267 3114 Χριστοῦ
1298 3046 1395 3115 τὴν
1428 3047 1641 3115 σοφίαν,
1665 3048 1745 3101 ὅτι
1780 3049 1840 3102 τὸ
1872 3049 2003 3102 σάϐ-

324 3122 490 3176 ϐατον
517 3124 697 3191 ἀφεὶς,
724 3125 909 3195 ἕτερον
928 3125 1233 3196 ὑπόδειγμα
1266 3128 1421 3198 φέρει
1458 3128 1552 3181 τοῦ
1581 3130 1850 3184 σαϐϐάτου
1887 3133 2004 3201 ρεῖ-

323 3206 440 3268 ζον.
473 3206 606 3258 0666
636 3206 745 3277 γὰρ
764 3206 805 3236 ⁵⁷
838 3207 974 3269 ίσον,
1002 3208 1317 3279 παραϐῆναι
1335 3211 1570 3281 ἡμέραν,
1596 3213 1689 3266 καὶ
1713 3214 1809 3284 τῆς
1853 3216 2001 3285 ἱερᾶς

325 3288 541 3356 ἐκείνης
574 3289 814 3357 ἅψασθαι
837 3291 1137 3361 τραπέζης,
1171 3287 1238 3363 ἦς
1271 3294 1458 3364 μηδενὶ
1489 3294 1645 3365 θέμις
1673 3291 1760 3365 ἦν.
1798 3297 1870 3349 T6
1902 3298 2001 3367 μὲν

322 3370 435 3441 γὰρ
466 3371 734 3424 σάϐϐατον
766 3375 857 3425 xal
884 3374 1048 3445 ἐλύθη
1076 3374 1359 3439 πολλάκις,
1385 3377 1653 3446 μᾶλλονδὲ
1687 3380 1773 3431 ἀεὶ
1793 3380 1996 3447 λύεται,

322 3454 420 3505 καὶ
466 3452 524 3505 ἐν
572 3457 636 3524 τῇ
695 3459 987 3527 περιτομῇ,
1034 3458 1129 3510 καὶ
1158 3459 1215 3511 ἐν
1262 3459 1469 3529 ἐτέροις
1508 3460 1747 3514 πλείοσιν
1781 3461 1996 3533 ἔργοις⁸

323 3536 420 3589 καὶ
450 3539 508 3590 ἐν
529 3540 594 3609 τῇ
625 3539 833 3609 Ἰεριχῶ
857 3539 913 3592 66
938 3539 996 3592 :6
1024 3540 1155 3592 αὐτὸ
1177 3542 1467 3611 γενόμενον
1492 3542 1586 3595 ἴδοι
1611 3561 1694 3605 τις
1726 3544 1791 3598 άν
1813 3564 1825 3576 ⁸
1844 3546 2000 3599 τοῦτο

320 3620 378 3673 δέ
406 3620 528 3674 τότε
562 3620 718 3691 μόνον
757 3622 991 3689 ἐγένετο.
1018 3624 1180 3676 Ὥστε
1227 3624 1335 3677 ἀπὸ
1367 3624 1461 3677 τοῦ
1497 3626 1739 3687 πλείονος
1771 3628 1805 3698 ἡ
1848 3628 1995 3697 νίκη.

322 3703 450 3766 Πῶς
480 3698 574 3756 οὖν
606 3704 780 3767 οὐδεὶς
812 3706 1095 3759 ἐνεκάλεσε
1130 3706 1208 3776 τῷ
1237 3707 1419 3769 Δαυῒδ,
1458 3709 1637 3761 καίτοι
1681 3708 1775 3760 καὶ
1806 3709 1995 3761 τούτου

326 3785 514 3853 μεῖζον
543 3786 791 3857 ἔγκλημα
817 3788 1003 3857 ἕτερον
1033 3783 1122 3859 ἦν,
1157 3789 1218 3841 :6
1243 3789 1336 3841 τοῦ
1362 3790 1523 3857 φόνου
1556 3790 1665 3843 τῶν
1700 3791 1888 3861 ἱερέων
1908 3794 1995 3845 ἐν·

319 3868 515 3922 τεύθεν
531 3869 691 3922 λαϐὸν
706 3871 806 3942 τὴν
828 3872 1030 3943 ἀρχήν;
1072 3873 1209 3925 Ἀλλ’
1229 3874 1288 3925 06
1311 3873 1520 3943 τίθησιν
1542 3873 1674 3927 αὐτό
1694 3892 1707 3905 ⁸
1735 3876 1873 3946 πρὸς
1888 3877 1996 3948 γὰρ

320 3954 384 4004 :6
411 3953 775 4024 προκείμενον
817 3956 1033 4008 ἵσταται
1085 3956 1264 4025 μόνον.
1303 3953 1436 4009 Εἶτα
1468 3957 1630 4010 πάλιν
1672 3960 1765 4011 καὶ
1794 3959 1997 4029 ἑτέρως

322 4036 456 4088 αὐτὸ
493 4035 630 4090 λύει.
673 4038 761 4089 Ἐν
804 4040 944 4109 ἀρχῇ
991 4040 1089 4108 μὲν
1119 4041 1228 4109 γάρ
1256 4039 1346 4093 τὸν
1384 4040 1546 4093 Δαυῒδ
1578 4044 1887 4113 παρήγαγε,
1916 4045 1996 4115 τῷ

320 4119 595 4189 ἀξιώματι
628 4121 723 4173 τοῦ
753 4123 1044 4193 προσώπου
1092 4124 1470 4177 καταστέλλων
1516 4126 1697 4178 αὐτῶν
1724 4128 1821 4198 τὴν
1858 4128 1998 4183 ἀπό-

321 4223 511 4259 νοιαν·
550 4207 737 4279 ἐπειδὴ
792 4209 849 4261 δέ
900 4211 1099 4273 αὐτοὺς
1151 4211 1499 4281 ἐπεστόμισε,
1545 4213 1636 4266 καὶ
1674 4212 1773 4285 τὴν
1799 4214 1994 4279 ἀλαζο-

319 4294 471 4348 νείαν
500 4294 736 4359 καθεῖλε,
786 4296 906 4348 τότε
941 4298 1035 4350 καὶ
1070 4296 1170 4365 τὴν
1208 4299 1549 4368 κυριωτέραν
1588 4300 1784 4369 ἐπάγει
1816 4301 1990 4356 λύσιν.

318 4381 461 4434 Ποία
493 4380 551 4433 δὲ
582 4377 651 4452 ἦν
683 4381 853 4451 αὓτης
893 4385 1014 4437 Οὐκ
1030 4384 1251 4446 οἴδατε,
1286 4384 1455 4440 ὅτιὲν
1471 4384 1551 4451 τῷ
1588 4388 1722 4455 ἱερῷ
1742 4391 1796 4442 οἱ
1821 4389 1995 4457 ἱερεῖς

319 4470 387 4521 τὸ
407 4468 710 4524 σάϐϐατον
721 4471 1078 4538 βεϐηλοῦσι,
1097 4472 1191 4525 καὶ
1217 4473 1476 4526 ἀναίτιοί
1495 4477 1654 4529 εἱσιν
1668 4491 1687 4539 ;
1721 4478 1868 4530 Ἐκεῖ
1898 4478 1995 4548 μὲν

224 4591 229 4595 -
318 4556 392 4623 γὲ
404 4573 454 4627 ρ,
477 4557 665 4628 φησὶν,
687 4559 720 4628 ἡ
742 4576 808 4611 πε
819 4559 1062 4628 ρίστασις
1081 4558 1178 4629 τὴν
1208 4559 1361 4613 λύσιν
1376 4560 1629 4632 ἐποίησεν
1650 4579 1663 4593 ⁸
1685 4564 1919 4617 ἐνταῦθα
1937 4566 1995 4620 δέ

318 4645 416 4697 καὶ
452 4646 621 4714 χωρὶς
659 4646 1087 4717 περιστάσεωςή
1117 4645 1290 4710 λύσις.
1322 4648 1459 4701 Ἀλλ’
1477 4650 1577 4701 οὐκ
1597 4650 1800 4715 εὐθέως
1825 4651 1996 4717 οὕτως

317 4731 509 4786 ἔλυσεν
534 4748 549 4763 ⁸
600 4732 736 4787 ἀλλά
774 4734 989 4804 πρῶτον
1014 4734 1155 4787 κατά
1199 4735 1548 4807 συγγνώμην,
1589 4733 1708 4791 εἶτα
1737 4740 1879 4794 κατά
1910 4740 1996 4795 ἐν·

320 4836 530 4873 στασιν.
560 4820 634 4873 Τὸ
662 4821 771 4893 γὰρ
818 4823 1163 4894 ἱσχυρότερον
1206 4822 1430 4894 ὕστερον
1469 4826 1516 4857 ⁸⁸
1545 4828 1770 4895 ἐπάγειν
1804 4831 1993 4901 ἐχρῆν,

317 4907 565 4974 καίτοιγε
595 4909 689 4960 καὶ
721 4909 783 4961 τὸ
822 4909 1088 4981 πρότερον
1107 4910 1205 4981 τὴν
1227 4912 1432 4965 οἰκείαν
1465 4908 1578 4983 εἷχε
1611 4914 1859 4987 δύναμιν.
1902 4918 1993 4990 Μὴ

317 4993 429 5064 γάρ
457 5012 548 5065 μοι
580 4994 731 5063 λέγε,
761 4997 965 5050 ὅτιούκ
995 4998 1141 5051 ἔστιν
1164 4999 1507 5070 ἀπηλλάχθαι
1537 5002 1899 5073 ἐγκλήματος,
1930 5006 1994 5058 τὸ

318 5083 415 5134 καὶ
470 5083 656 5153 ἕτερον
687 5083 747 5135 :6
802 5085 933 5138 a6:6
973 5087 1355 5158 ἁμαρτάνοντα
1394 5090 1474 5152 εἰς
1530 5090 1695 5160 μέσον
1727 5094 1988 5161 ἐνεγκεῖν.

320 5168 490 5223 Ὅταν
519 5168 627 5240 γάρ
653 5169 729 5241 μὴ
754 5172 1051 5241 ἐγκαλῆται
1082 5175 1111 5225 6
1139 5174 1474 5245 πεποιηκὼς,
1499 5177 1658 5246 νόμος
1696 5178 1991 5247 ἀπολογίας

317 5257 528 5324 γίνεται
554 5257 618 5310 τὸ
649 5259 935 5329 τολμηθέν.
964 5259 1109 5331 Πλὴν
1131 5262 1231 5314 ούκ
1260 5263 1504 5333 ἠρκέσθη
1526 5266 1719 5336 τούτῳ,
1742 5267 1877 5321 ἀλλά
1898 5271 1992 5322 καὶ

315 5344 377 5398 :6
406 5346 740 5418 κυριώτερον
778 5348 976 5416 ἐπάγει
1022 5348 1216 5417 λέγων,
1250 5351 1333 5403 ὅτι
1370 5352 1488 5404 0666
1521 5354 1824 5427 ἁμάρτημά
1875 5361 1991 5411 ἐστι

391 5482 437 5512 δ’
474 5480 564 5537 Sic
580 5483 752 5561 Eodd._
771 5492 825 5537 cl
853 5482 948 5537 Ge.
969 5481 1380 5561 .89T‘prOVEXO-E:
1402 5481 1531 5561 Eﬂel.
1563 5500 1767 5561 \fgregr_
1782 5495 1840 5539 ιιι
1861 5485 2004 5561 (1er

2140 5489 2186 5521 ’⁵³
2225 5490 2440 5544 ἐναντία
2464 5491 2661 5561 λέγων]
2691 5493 2982 5561 ἀντιλέγων
3009 5493 3143 5547 \Ior.
3180 5494 3310 5548 Bm.

316 5562 374 5625 (ft
394 5567 541 5625 τοῖν.
578 5552 637 5605 D.
672 5556 763 5606 καὶ
786 5565 913 5607 ante
940 5550 1084 5607 οὗτοι
1117 5550 1228 5609 oin.
1258 5554 1301 5605 Α
1548 5554 1623 5625 7”
1645 5556 1767 5625 κᾶν]
1801 5556 1894 5609 καὶ
1928 5558 2063 5612 Edd.

1474 350 1541 407 1N
1582 352 2001 411 MATTIUEUM
2036 354 2269 410 HOMIL.
2311 353 2553 410 XXXIX.
2592 355 2662 410 al.
2707 354 2821 411 XL.

3689 351 3793 406 456

2122 472 2182 523 τὸ
2212 471 2605 543 γεγενημένον·
2646 472 2784 539 ὅπερ
2826 468 3059 539 μάλιστα
3102 469 3362 539 λαμπρᾶς
3394 468 3551 538 νίκης
3595 463 3683 537 ῆν,
3733 468 3795 521 :6

2120 558 2290 622 δεῖξαι
2317 559 2408 611 τὸν
2440 560 2603 628 νόμον
2648 558 2840 611 ἐαυτὸν
2886 556 3254 627 παραλύοντα,
3304 556 3403 608 καὶ
3436 556 3597 625 διπλῇ
3634 554 3797 609 τοῦτο

2122 646 2402 705 ποιοῦντα,
2453 648 2547 698 καὶ
2596 645 2704 698 ἀπὸ
2753 643 2847 698 τοῦ
2876 644 3043 697 τόπου
3079 644 3171 696 καὶ
3210 643 3317 696 ἀπὸ
3342 640 3435 694 τοῦ
3487 641 3790 694 σαϐϐάτου·

2125 733 2325 802 μᾶλλον
2352 733 2408 786 δὲ
2436 735 2529 786 καὶ
2562 733 2784 804 τριπλῇ,
2826 732 2903 802 τῷ
2926 733 2971 764 ⁸⁵
2998 733 3091 785 καὶ
3114 730 3335 783 διπλοῦν
3358 730 3419 782 :6
3457 728 3617 799 ἔργον
3640 730 3795 796 γενέ-

2122 820 2264 882 σθαι,
2302 825 2391 874 καὶ
2441 822 2578 890 μετά
2607 821 2798 874 τούτου
2854 821 2946 873 καὶ
2974 820 3183 889 ἕτερον,
3207 818 3269 870 :6
3303 818 3407 870 ὑπὸ
3432 816 3539 870 τῶν
3563 819 3753 887 ἱερέων
3777 833 3791 845 ·

2120 907 2215 958 καὶ
2242 906 2302 959 τὸ
2328 908 2391 978 δὴ
2430 905 2633 976 μεῖζον,
2684 907 2745 958 τὸ
2775 907 2910 977 μηδέ
2944 906 2987 937 ¹⁰
3019 904 3269 976 ἔγκλημα
3299 899 3473 956 εἶναι’
3526 903 3796 957 Ἀναίτιοι

2119 998 2247 1067 γὰρ,
2284 999 2467 1068 φησὶν,
2489 999 2668 1050 εἰσίν.
2692 993 2846 1060 Εἶδες
2872 996 3018 1049 πόσα
3048 994 3293 1061 τέθεικε;
3322 993 3413 1046 τὸν
3443 993 3605 1045 τόπον
3629 1008 3653 1059 ⁸,
3693 992 3795 1043 Ἐν

2120 1085 2199 1151 τῷ
2231 1084 2363 1154 ἱερῷ
2403 1086 2512 1157 γάρ
2550 1103 2683 1155 φησι
2711 1102 2724 1115 ⁸
2761 1085 2821 1137 τὸ
2861 1084 3187 1154 πρόσωπον·
3226 1085 3289 1136 Οἱ
3328 1081 3500 1150 ἱερεῖς
3527 1079 3633 1152 γάρ
3656 1095 3668 1108 ⁸
3705 1080 3794 1131 τὸν

2118 1176 2307 1245 καιρόν
2333 1191 2345 1203 ⁸
2387 1174 2456 1227 Τὸ
2482 1173 2783 1227 σάϐϐατον
2804 1173 2913 1243 γάρ
2938 1190 3072 1243 φησι
3093 1190 3106 1203 ⁸
3129 1171 3191 1224 τὸ
3218 1172 3452 1239 πρᾶγμα
3484 1168 3616 1221 αὑτό
3638 1184 3650 1196 ⁸
3682 1171 3789 1219 Βε-

2120 1261 2375 1327 ϐηλοῦσι
2398 1262 2506 1331 γάρ
2530 1277 2544 1291 ⁸
2572 1261 2690 1313 0666
2719 1260 2827 1331 γὰρ
2866 1256 3006 1323 εἷπε,
3041 1258 3295 1321 Λύουσιν,
3348 1256 3485 1310 ἀλλά
3513 1256 3573 1308 :6
3608 1270 3791 1323 φορτι-

2118 1347 2379 1420 κώτερον,
2426 1348 2799 1414 Βεϐηλοῦσι·
2846 1346 2908 1400 τὸ
2946 1346 3020 1417 μὴ
3066 1347 3226 1417 μόνον
3258 1345 3331 1415 μὴ
3386 1345 3541 1414 δίκην
3568 1343 3790 1403 διδόναι,

2117 1435 2253 1489 ἀλλά
2284 1436 2376 1489 καὶ
2400 1436 2579 1498 αἱτίας
2608 1434 2953 1505 ἀπηλλάχθαι
2979 1451 2991 1464 ⁸
3034 1435 3301 1488 Ἀναίτιοι
3323 1433 3432 1502 γάρ
3460 1434 3577 1492 εἱσι
3612 1430 3679 1483 ⁸³.
3700 1430 3790 1500 Μὴ

2116 1523 2181 1593 δὴ
2216 1524 2260 1555 ⁵³
2290 1524 2547 1595 νομίσητε
2586 1522 2745 1576 τοῦτο
2771 1524 2957 1593 ὅμοιον
2995 1518 3155 1585 εἶναι,
3212 1521 3365 1590 φησὶ,
3400 1518 3477 1589 τῷ
3521 1518 3787 1587 προτέρῳ.

2121 1610 2270 1682 [454]
2316 1611 2521 1664 Ἐκεῖνο
2559 1611 2655 1680 μέν
2688 1610 2797 1682 γὰρ
2846 1610 2939 1662 καὶ
2975 1609 3122 1673 ἅπαξ
3168 1609 3391 1676 γέγονε,
3431 1607 3525 1659 καὶ
3560 1606 3656 1674 οὐχ
3689 1604 3792 1656 ὑπὸ

2119 1697 2310 1767 ἱερέως
2359 1697 2427 1761 ⁸³,
2473 1697 2569 1751 καὶ
2598 1697 2846 1767 ἀνάγκης
2878 1693 2945 1766 ἦν
2966 1714 2979 1727 ⁸
3012 1697 3100 1749 διὰ
3135 1696 3292 1748 τοῦτο
3325 1695 3418 1747 καὶ
3463 1694 3791 1762 συγγνώμης

2113 1784 2362 1852 ἐγένοντο
2415 1784 2555 1849 ἄξιοι
2578 1802 2593 1816 ⁸
2653 1784 2811 1837 τοῦτο
2860 1785 2915 1837 66
2952 1786 3046 1838 καὶ
3075 1783 3197 1837 καθ’
3232 1783 3460 1836 ’ἑκαστον
3498 1782 3788 1845 σάϐϐατον,

2114 1871 2207 1924 καὶ
2242 1871 2346 1924 ύπὺ
2389 1871 2602 1942 ἱερέων,
2640 1872 2735 1923 καὶ
2764 1873 2821 1923 ἐν
2850 1870 3012 1941 ἱερῷ,
3058 1871 3153 1924 καὶ
3196 1870 3336 1923 κατά
3371 1870 3552 1939 νόμον.
3591 1868 3788 1940 Διόπερ

2110 1959 2230 2012 ούδέ
2270 1958 2409 2011 κατά
2435 1957 2786 2028 συγγνώμην,
2820 1958 2954 2011 ἀλλά
2982 1957 3123 2011 κατά
3153 1957 3199 1989 ⁸⁸
3228 1958 3391 2028 νόμον
3421 1959 3557 2008 εἰσὶν
3604 1956 3789 2025 ἀπηλ-

2108 2044 2369 2115 λαγμένοι
2410 2045 2519 2098 τῶν
2553 2044 2935 2115 ἐγκλημάτων.
2984 2045 3119 2097 Ούδέ
3160 2044 3270 2115 γάρ
3322 2042 3571 2111 ἐγκαλῶν
3617 2043 3791 2094 ταῦτα

2110 2130 2284 2195 εἶπον,
2323 2133 2509 2203 φησὶν,
2544 2134 2665 2186 ούδέ
2697 2132 2840 2186 κατὰ
2890 2132 3222 2203 συγγνώμην
3282 2133 3481 2195 αὐτοὺς
3511 2132 3556 2163 ³⁵⁸
3610 2130 3791 2193 αἰτίας

2110 2220 2492 2286 ἀπαλλάττων,
2520 2221 2654 2274 ἀλλά
2678 2220 2820 2273 κατά
2842 2221 2930 2273 τὸν
2959 2221 3050 2273 τοῦ
3077 2220 3287 2273 δικαίου
3319 2219 3494 2287 λόγον.
3515 2219 3624 2270 Kal
3643 2219 3790 2271 δοκεῖ

2112 2308 2209 2377 μέν
2265 2308 2402 2379 ύπέρ
2449 2309 2673 2362 ἐκείνων
2723 2308 3129 2377 ἀπολογεῖσθαι,
3159 2307 3383 2371 τούτους
3432 2306 3488 2358 δὲ
3515 2304 3789 2375 ἐλευθεροῖ

2108 2395 2219 2447 τῶν
2271 2396 2657 2467 ἐγκλημάτων.
2704 2398 2873 2449 Ὅταν
2946 2395 3053 2467 γὰρ
3108 2396 3266 2465 εἴπῃ·
3319 2395 3593 2448 Ἀναίτιοί
3630 2395 3788 2445 εἶσιν

2109 2485 2307 2537 ἐκεῖνοι
2333 2502 2345 2514 ⁸
2402 2484 2589 2554 Πολλῷ
2651 2484 2853 2554 μᾶλλον
2883 2477 3052 2545 οὗτοι,
3094 2482 3280 2552 φησίν.
3336 2482 3473 2534 Ἀλλ’
3508 2481 3609 2534 οὐκ
3652 2481 3788 2532 εἰσὶν

2111 2573 2297 2641 ἱερεῖς.
2336 2572 2475 2624 Ἀλλ’
2518 2571 2708 2641 ἱερέων
2746 2572 2982 2642 μείζους.
3036 2571 3207 2633 Αὐτὸς
3239 2570 3349 2641 γάρ
3385 2571 3649 2640 πάρεστιν
3698 2569 3787 2620 ἐν-

2105 2658 2282 2711 ταῦθα
2313 2660 2341 2711 6
2369 2658 2460 2711 τοῦ
2515 2658 2659 2729 ίεροῦ
2700 2659 2974 2728 Δεσπότης
2996 2676 3009 2688 ⁸
3046 2659 3079 2727 ἡ
3129 2658 3374 2729 ἀλήθεια,
3408 2658 3506 2727 οὑχ
3538 2659 3566 2710 6
3594 2656 3785 2718 τύπος.

2107 2746 2198 2798 Διὸ
2232 2747 2278 2777 ⁸⁵
2307 2748 2396 2799 καὶ
2427 2747 2608 2814 ἔλεγε·
2643 2747 2807 2816 Λέγω
2840 2748 2908 2799 δὲ
2936 2747 3097 2816 ὑμῖν,
3130 2747 3219 2800 ὅτι
3256 2746 3364 2800 τοῦ
3394 2745 3554 2813 ἱεροῦ
3588 2744 3788 2813 μεῖζόν

2106 2829 2275 2881 ἐστιν
2330 2824 2467 2882 ὧδε.
2516 2830 2653 2881 Ἀλλ’
2704 2830 2856 2899 ὅμως
2883 2829 3187 2900 τηλικαῦτα
3236 2830 3587 2891 ἀκούσαντες,
3634 2829 3786 2880 οὐδὲν

2107 2911 2258 2967 εἷπον
2283 2932 2297 2946 ⁸
2321 2916 2381 2969 06
2413 2917 2457 2947 ⁸⁷
2490 2915 2597 2986 γὰρ
2622 2912 2690 2987 ἦν
2721 2918 2964 2987 σωτηρία
2998 2916 3286 2987 ἀνθρώπου
3317 2916 3378 2968 τὸ
3404 2916 3783 2987 προκείμενον.

2110 2997 2241 3053 Εἶτα
2294 3002 2480 3073 ἐπειδὴ
2533 3002 2671 3074 βαρὺ
2699 3006 2810 3067 τοῖς
2842 3002 3130 3056 ἀκούουσιν
3158 3003 3332 3056 ἐδόκει
3382 3001 3543 3063 εἶναι,
3574 3002 3785 3071 ταχέως

2110 3088 2241 3140 αὐτὸ
2276 3090 2631 3159 συνεκάλυψε,
2663 3089 2822 3143 πάλιν
2850 3091 2941 3142 ἐπὶ
2968 3091 3300 3161 συγγνώμην
3326 3089 3588 3157 τὸνλόγον
3611 3090 3782 3157 ἄγων,

2110 3177 2202 3229 καὶ
2230 3178 2275 3208 ⁵⁸
2309 3177 2446 3247 μετά
2480 3178 2823 3247 ἐπιπλήξεως
2862 3178 2957 3230 καὶ
2984 3178 3127 3231 οὕτω
3156 3177 3348 3245 λέγων.
3396 3179 3468 3231 El
3516 3178 3582 3229 δὲ
3603 3178 3784 3245 ἐγνώ-

2108 3279 2263 3316 κειτε
2285 3264 2341 3315 τί
2362 3264 2553 3327 ἐστιν,
2588 3265 2809 3317 Ἕλεον
2838 3263 2990 3317 θέλω
3010 3306 3023 3329 ,
3057 3264 3155 3317 καὶ
3192 3266 3264 3317 οὺ
3299 3266 3539 3326 θυσίαν,
3568 3265 3679 3317 οὐκ
3709 3262 3785 3316 ἂν

2108 3349 2536 3403 κατεδικάσατε
2587 3351 2730 3416 τοὺς
2761 3351 3088 3417 ἀναιτίους.
3143 3347 3297 3414 Εἶδες
3328 3351 3444 3413 πῶς
3488 3351 3650 3404 πάλιν
3692 3352 3784 3404 ἐπὶ

2110 3436 2440 3509 συγγνώμην
2467 3439 2590 3507 ἀγει
2624 3439 2715 3492 τὸν
2740 3438 2920 3508 λόγον,
2953 3440 3047 3492 καὶ
3082 3439 3244 3493 πάλιν
3278 3438 3607 3510 συγγνώμης
3640 3441 3783 3492 ἀνω-

2104 3526 2297 3595 τέρους
2314 3526 2605 3595 ἀποφαίνει
2628 3543 2643 3593 ;
2667 3527 2749 3580 Οὐ
2767 3526 2874 3598 γάρ
2902 3526 2977 3580 ἂν
2999 3525 3447 3585 κατεδικάσατε,
3468 3526 3621 3595 φησὶ,
3638 3525 3784 3589 τοὺς

2104 3613 2428 3679 ἀναιτίους.
2456 3612 2528 3665 Τὸ
2559 3614 2655 3683 μέν
2683 3614 2948 3685 πρότερον
2980 3615 3254 3685 συνήγαγε
3290 3613 3349 3664 τὸ
3378 3612 3485 3664 τῶν
3523 3612 3713 3682 ἱερέων
3734 3610 3781 3644 ⁸⁸

2104 3702 2184 3763 εἰς
2206 3699 2266 3752 :6
2296 3701 2427 3754 αὐτὸ
2452 3701 2646 3770 λέγων,
2696 3702 2969 3755 Ἀναίτιοί
2997 3704 3135 3755 εἱσι.
3186 3701 3356 3753 Τοῦτο
3385 3700 3441 3753 δέ
3470 3700 3562 3769 ἀφ’
3583 3699 3777 3753 ἐαυτοῦ

2102 3788 2281 3859 τίθησι
2298 3806 2310 3817 ⁸
2338 3789 2538 3858 μᾶλλον
2567 3789 2625 3841 δὲ
2650 3789 2743 3842 καὶ
2769 3787 2925 3841 τοῦτο
2951 3789 3059 3843 ἀπὸ
3078 3787 3178 3841 τοῦ
3206 3788 3371 3858 νόμον
3394 3804 3408 3817 ⁸
3435 3787 3777 3859 προφητικὴν

2102 3876 2211 3947 γάρ
2247 3878 2455 3945 ἀνέγνω
2482 3879 2661 3949 ῥῆσιν.

2171 3971 2240 4032 γ’.
2278 3961 2410 4018 Εἱτα
2435 3968 2527 4018 καὶ
2560 3966 2725 4035 ἄλλην
2749 3967 2932 4019 αἰτίαν
2960 3966 3137 4034 λέγει’
3173 3967 3392 4034 Κύριος
3429 3965 3557 4035 γάρ,
3589 3965 3767 4035 φησὶν.

2100 4050 2230 4105 ἐστὶ
2261 4053 2366 4105 τοῦ
2389 4052 2689 4107 σαϐϐάτου
2713 4057 2746 4107 ό
2775 4054 2907 4119 Υἱὸς
2932 4053 3040 4107 τοῦ
3066 4054 3399 4120 ἀνθρώπου,
3424 4054 3551 4122 περὶ
3583 4053 3776 4106 ἐαυτοῦ

2100 4136 2293 4205 λέγων.
2336 4139 2394 4191 'U
2432 4140 2489 4192 66
2510 4139 2731 4210 Μάρκος
2763 4140 2858 4193 καὶ
2891 4142 3018 4211 περὶ
3043 4141 3140 4211 τῆς
3165 4141 3348 4210 κοινῆς
3382 4139 3595 4207 φύσεως
3613 4141 3775 4193 αὐτὸν

2097 4224 2257 4278 τοῦτο
2276 4227 2553 4297 εἰρηκέναι
2584 4227 2782 4298 φησίν⁸
2811 4228 2966 4297 ἔλεγε
2996 4230 3103 4297 γάρ
3123 4245 3137 4259 ⁸
3203 4227 3274 4281 T6
3329 4226 3633 4281 σάϐϐατον
3678 4228 3777 4283 διὰ

2099 4311 2208 4364 τὸν
2231 4312 2544 4381 ἄνθρωπον
2564 4314 2822 4384 ἐγένετο,
2857 4318 2969 4383 οὐχ
3001 4318 3032 4368 ό
3056 4316 3366 4381 ἅνθρωπος
3414 4313 3513 4366 διὰ
3539 4314 3606 4367 τὸ
3631 4317 3774 4368 σάϐ-

2102 4399 2304 4455 ϐατον.
2339 4400 2495 4463 Τίνος
2523 4396 2615 4454 οὖν
2642 4401 2828 4455 ἐνεκεν
2866 4402 3154 4467 ἐκολάζετο
3176 4404 3204 4455 6
3232 4402 3298 4455 :6
3331 4402 3462 4468 ξύλα
3490 4404 3774 4470 συνάγων;

2103 4486 2225 4539 Ὅτι
2257 4487 2305 4539 εί
2337 4485 2562 4556 ἔμελλον
2604 4489 2697 4541 καὶ
2739 4490 2797 4542 ἐν
2834 4489 2975 4559 ἀρχῇ
3009 4490 3467 4558 καταφρονεῖσθαι
3503 4490 3553 4542 οἱ
3595 4490 3773 4560 νόμοι,

2103 4573 2264 4644 σχολῇ
2289 4575 2340 4642 γ’
2374 4576 2441 4627 ἂν
2477 4574 2702 4646 ὕστερον
2728 4575 3129 4648 ἐφυλάχθησαν.
3160 4578 3269 4629 Kal
3295 4576 3403 4648 γὰρ
3434 4577 3602 4630 πολλὰ
3634 4578 3776 4646 ὠφέ-

2098 4665 2183 4714 λει
2209 4661 2360 4731 παρὰ
2388 4662 2486 4733 τὴν
2514 4663 2689 4733 ἀρχὴν
2707 4664 2768 4717 :6
2794 4663 3060 4718 σάϐϐατον
3082 4666 3175 4719 καὶ
3200 4665 3411 4735 μεγάλα
3431 4682 3446 4697 ⁸
3478 4664 3609 4729 οἷον,
3636 4666 3773 4736 ἡμέ-

2098 4766 2227 4822 ρους
2260 4750 2433 4802 ἐποίει
2456 4751 2592 4819 πρὸς
2615 4752 2741 4813 τοὺς
2763 4753 2999 4817 οἰκείους
3021 4749 3162 4807 εἷναι
3194 4755 3289 4808 καὶ
3326 4753 3738 4824 φιλανθρώπους
3756 4769 3769 4783 ⁸

2096 4837 2373 4890 ἐδίδασκεν
2394 4839 2592 4903 αὐτοὺς
2621 4839 2712 4892 τοῦ
2732 4840 2865 4895 Θεοῦ
2883 4842 2982 4913 τὴν
3009 4842 3266 4915 πρόνοιαν
3286 4843 3381 4897 καὶ
3404 4843 3501 4912 τὴν
3523 4843 3773 4914 δημιουρ·

2095 4926 2221 4994 γίαν
2247 4941 2260 4955 ⁸
2299 4927 2435 4996 ὅπερ
2468 4928 2633 4997 φησὶν
2660 4930 2688 4980 6
2723 4927 2979 5001 Ἰεζεχιήλ
2999 4946 3013 4961 ⁸
3054 4930 3373 4983 ἐπαίδευσεν
3409 4930 3603 4992 αὐτοὺς
3633 4932 3771 4984 κατὰ

2098 5014 2293 5084 μικρὸν
2311 5014 2609 5084 ἀπέχεσθαι
2640 5018 2925 5086 πονηρίας,
2944 5017 3038 5069 καὶ
3059 5020 3172 5080 τοῖς
3194 5019 3583 5086 πνευματικοῖς
3607 5033 3773 5085 προσ-

2097 5102 2241 5170 έχειν
2273 5101 2704 5172 παρεσκεύαζεν.
2746 5105 2963 5173 Ἐπειδὴ
2988 5104 3117 5174 γὰρ,
3152 5104 3245 5157 τὸν
3272 5105 3436 5173 νόμον
3468 5104 3643 5166 διδοὺς
3680 5104 3773 5156 τὸν

2095 5189 2187 5243 τοῦ
2216 5190 2507 5250 σαϐϐάτου,
2544 5187 2756 5254 εἱεῖπε,
2802 5192 2882 5245 Τὰ
2929 5193 3026 5262 μὲν
3053 5191 3234 5260 ἀγαθά
3282 5193 3552 5263 πράττετε
3597 5194 3654 5243 ἐν
3696 5192 3773 5262 τῷ

2097 5277 2372 5348 σαϐϐάτῳ,
2414 5278 2482 5331 τά
2508 5278 2563 5331 66
2594 5279 2742 5332 κακά
2772 5281 2846 5349 μὴ
2896 5282 3102 5332 ποιεῖτε
3128 5321 3141 5343 ,
3189 5280 3289 5332 οὐκ
3340 5279 3407 5332 ἂν
3441 5279 3731 5347 ἠνέσχοντο
3753 5295 3767 5308 ⁸

2096 5365 2349 5418 ἁπάντων
2388 5366 2432 5396 ⁸ο
2480 5366 2682 5435 ὁμοίως
2727 5368 2959 5436 ἀπεῖργε
2986 5385 2997 5396 ·
3050 5366 3255 5434 Μηδὲν
3303 5366 3412 5438 γὰρ
3455 5366 3766 5433 ποιήσητε,

3388 5494 3435 5523 ⁸⁸
3478 5496 3576 5546 ἶσοι
3609 5495 3671 5547 Λ.
3701 5492 3763 5547 Ε.

2097 5561 2223 5628 quid
2250 5563 2295 5613 si
2327 5561 2473 5635 Ge.“
2501 5563 2545 5592 “‘
2568 5564 2736 5635 Aa6:0l
2765 5563 3193 5617 ἀπαλλάττονται
3224 5565 3582 5635 ἐγκλημάτων
3702 5565 3759 5617 Ε.

318 5623 417 5699 βο.
443 5622 738 5699 \'_u_l_galum_
774 5634 960 5699 ῑιιειυιξ
991 5627 1141 5699 Arn}.
1173 5625 1264 5699 ηδτ
1316 5622 1448 5692 γὰρ]
1473 5624 1617 5699 ﬁmi.
1642 5621 1899 5699 ﬁvﬂEdd:
1954 5628 2001 5658 ⁸⁸

2109 5621 2264 5699 τερον
2294 5648 2402 5682 mn.
2438 5632 2496 5685 E.
2529 5633 2597 5686 ob
2628 5634 2938 5687 Imlnmolel.
2985 5636 3159 5688 Simili
3194 5621 3321 5689 caéu
3351 5621 3512 5687 c't'iam
3543 5636 3593 5685 in
3628 5634 3759 5687 Ben.

318 5695 355 5746 2
380 5696 598 5764 entidil.
700 5696 743 5725 ⁴¹⁹
782 5696 842 5764 τᾷ

322 5765 384 5817 Ι).
417 5763 475 5816 Ε.
504 5779 557 5831 p.
589 5780 642 5833 p.
665 5766 797 5835 φησὶ
826 5763 977 5819 déesl
1014 5768 1065 5818 in
1114 5766 1244 5819 Edd.

320 5848 482 5887 0"].i

1339 5763 1383 5793 ⁵³
1403 5831 1406 5832 ν
1426 5763 1615 5832 ἱερέων
1640 5765 1771 5819 Edd.

700 5696 743 5725 "°
905 5695 963 5748 τό
1079 5697 1148 5770 CA.»
1173 5696 1232 5770 E_.
1268 5710 1317 5762 p.
1342 5709 1404 5770 Β.
1426 5692 1675 5770 γίνεσθαι
1942 5698 2097 5768 μηδὲ]
2134 5692 2224 5770 καὶ
2258 5702 2330 5770 μή
2360 5702 2491 5755 ΙσὶιΙιΙ.

1865 5767 1910 5797 ⁵⁸
1950 5767 2279 5839 συγγνώμην
2307 5767 2485 5839 μόνον,
2512 5772 2645 5824 ἀλλά
2673 5767 2929 5827 καὶκατὰ
2963 5776 3021 5829 Ε.
3054 5785 3107 5828 et
3135 5776 3213 5829 sic
3250 5767 3407 5829 Eddl‘
3446 5767 3457 5774 ’
3478 5767 3525 5805 ⁵⁸
3565 5778 3630 5824 au

564 5831 740 5909 αἰτίας
761 5852 871 5887 om.
895 5835 957 5888 C.
1084 5835 1143 5889 F.
1209 5836 1266 5909 [⁵⁸
1301 5831 1411 5909 Διό]
1435 5831 1533 5909 Διά
1563 5834 1720 5909 τούτο
1749 5836 1883 5891 Edd.
1961 5839 2003 5869 ⁵⁷

2109 5838 2124 5909 ]
2158 5831 2275 5896 οὐδέ
2307 5831 2369 5893 ἰ).

2569 5703 2632 5785 '3.
2656 5704 2785 5785 εεσξ]
2811 5721 2940 5785 φηςι
2964 5704 3031 5785 £3-
3112 5707 3177 5785 “_
3197 5706 3287 5785 Mn
3311 5704 3408 5785 δῇ]
3446 5705 3580 5785 μηδέ
3604 5705 3667 5781 Α.
3698 5708 3759 5785 ιλ.

3638 5795 3760 5836 luas

3582 5845 3626 5874 5’
3654 5844 3759 5895 Cu-

2444 5842 2490 5873 “
2528 5846 2621 5896 καί
2640 5858 2750 5896 om.
2778 5845 2839 5897 A.
2865 5845 2956 5897 καί
2988 5856 3113 5899 ante
3141 5846 3283 5899 ούτω
3305 5861 3415 5900 om.
3445 5844 3505 5901 Ι).

322 5906 470 5956 dit-«6
493 5906 812 5989 ἀρχιερέων.
844 5906 1174 5989 δαεεηάομιιηι
1196 5906 1292 5960 Ge.
1316 5907 1462 5989 Αηιιι.
1494 5903 1695 5989 Deinde
1724 5909 1971 5989 vogqiam
1999 5928 2004 5959 l

2109 5903 2320 5989 bﬂlcﬂt?)
2352 5912 2482 5989 αὐτό
2512 5930 2577 5989 εκ
2611 5914 2866 5989 qmnibus
2898 5916 3055 5973 codd.
3083 5917 3280 5989 recepi.
3361 5917 3406 5949 ⁶⁰
3443 5915 3611 5985 Vulgo
3636 5914 3757 5984 ῆνέ-

324 5990 501 6042 σχετο⁸
530 5974 946 6029 ἀλλ’ἀπὰντων.
983 5978 1268 6043 ἠνέσχοντο
1295 5974 1453 6029 codd.
1482 5985 1533 6030 Cl.
1557 5974 1738 6035 Vcrss.
1772 5978 1885 6034 ἀλλ’
1908 5995 1994 6036 0m

2109 6026 2110 6035 χ
2142 5982 2199 6037 Ε.
2226 5981 2285 6039 F.
2321 5996 2372 6039 Cl
2394 5982 2590 6040 delevi:
2622 5984 2747 6041 Sav.

717 6076 985 6136 ιἈτιιοι..
1036 6077 1152 6135 (in.
1210 6078 1387 6137 Ll'll.

3260 6075 3339 6137 :23
