4074 6358
348 466 451 521 437

347 576 524 641 dedit,
546 573 803 629 dixisset:
833 573 979 629 Bona
1008 571 1163 628 facite
1189 570 1242 627 in
1264 572 1506 637 sabbato,
1537 571 1631 628 sed
1661 571 1798 626 mala
1822 586 1929 625 non

346 668 684 739 operemini,
732 666 903 737 legem
960 681 1065 720 non
1111 675 1378 721 servasset
1442 666 1705 735 populus;
1747 679 1933 719 verum

345 760 527 815 omnia
556 758 712 814 simul
739 758 906 813 vetuit
933 775 947 811 :
972 757 1121 811 Nihil
1151 757 1345 828 facietis
1364 797 1379 821 ,
1408 756 1601 827 inquit.
1639 755 1823 825 Neque
1849 765 1932 810 ta-

346 867 470 907 men
499 852 581 908 sic
607 866 668 905 se
692 851 1020 905 continuere.
1070 848 1189 919 lpse
1213 863 1341 903 vero
1370 863 1492 903 cum
1526 848 1696 919 legem
1726 850 1932 905 sabbati

345 946 514 1012 dedit,
542 946 768 1003 obscure
790 945 1107 1017 signiﬁcavit
1125 987 1141 1012 ,
1171 946 1311 1003 velle
1335 961 1394 1002 se
1422 955 1479 1000 ut
1506 961 1538 1001 a
1582 946 1736 1000 malis
1760 947 1931 1001 solum

345 1042 697 1098 abstinerent.
748 1038 899 1095 Nihil
922 1039 1064 1095 enim
1095 1040 1323 1109 facietis,
1355 1040 1560 1110 inquit,
1604 1040 1701 1094 nisi
1732 1056 1790 1093 ea
1817 1056 1931 1107 qua:

346 1134 498 1202 faciet
525 1134 698 1187 anima
723 1131 916 1205 (Exod.
950 1131 1039 1188 12.
1072 1129 1186 1205 16).
1228 1130 1285 1186 In
1316 1131 1513 1201 templo
1549 1141 1726 1186 autem
1753 1132 1929 1186 omnia

349 1224 569 1289 fiebant,
600 1233 655 1278 et
682 1239 803 1278 cum
826 1223 1017 1293 majori
1054 1222 1232 1278 studio
1255 1262 1271 1285 ,
1298 1222 1604 1293 duplicique
1630 1238 1812 1292 opera.
1843 1222 1931 1279 Sic

344 1331 442 1387 per
471 1316 643 1387 ipsam
673 1316 913 1371 umbram
944 1316 1224 1371 veritatem
1250 1313 1353 1369 illis
1379 1315 1671 1385 aperiebat.
1700 1314 1928 1369 Tantum

344 1422 476 1477 ergo
502 1409 708 1463 lucrum
730 1450 747 1474 ,
780 1407 987 1478 inquies
1005 1448 1021 1475 ,
1049 1407 1271 1463 abstulit
1294 1407 1572 1463 Christus?
1598 1408 1782 1473 Absit;
1815 1408 1925 1462 imo

344 1498 477 1553 illud
508 1499 792 1553 admodum
818 1499 983 1553 auxit.
1018 1498 1250 1569 Tempus
1280 1499 1420 1554 enim
1447 1508 1565 1554 erat
1592 1508 1648 1552 ut
1676 1515 1772 1569 per
1800 1499 1928 1553 sub-

343 1592 555 1647 limiora
601 1592 980 1647 erudirentur:
1045 1607 1219 1662 neque
1264 1592 1544 1661 oportebat
1588 1606 1778 1646 manus
1812 1591 1928 1660 eius

342 1683 546 1753 ligare,
574 1684 663 1753 qui
692 1698 722 1737 a
758 1683 995 1754 nequitia
1022 1691 1238 1749 erutus,
1283 1682 1351 1736 ad
1396 1682 1533 1737 bona
1561 1682 1738 1737 omnia
1773 1681 1925 1736 vola-

340 1774 466 1842 bat;
507 1789 683 1844 neque
728 1759 1116 1830 inde'ediscere
1161 1773 1325 1829 Deum
1352 1773 1530 1828 omnia
1578 1773 1799 1839 fecisse;
1831 1787 1929 1828 nec

341 1864 467 1922 inde
495 1866 698 1921 institui
725 1864 791 1920 ad
836 1864 1298 1921 mansuetudinem
1326 1879 1421 1920 eos
1439 1905 1453 1928 ,
1479 1865 1568 1935 qui
1594 1864 1660 1919 ad
1706 1865 1799 1919 Dei
1828 1865 1926 1919 be-

339 1957 652 2028 nignitatem
696 1955 1005 2011 imitandam
1034 1956 1210 2011 vocati
1253 1964 1408 2011 erant
1443 1971 1457 2007 :
1487 1953 1657 2009 Estote
1680 1996 1695 2022 ,
1725 1956 1923 2024 inquit,

338 2048 690 2103 misericordes
736 2048 866 2102 sicut
904 2046 1064 2101 Pater
1104 2055 1263 2102 vester
1292 2046 1502 2101 caelestis
1528 2045 1681 2116 (Luc.
1708 2046 1761 2101 6.
1793 2046 1921 2117 56);

343 2138 549 2193 nullum
578 2137 720 2194 diem
768 2137 963 2194 festum
1005 2152 1166 2209 agere
1192 2152 1307 2205 eos,
1332 2137 1423 2208 qui
1452 2152 1546 2207 per
1571 2146 1735 2192 totam
1760 2137 1923 2191 vitam

339 2230 537 2287 festum
564 2245 725 2302 agere
735 2230 1089 2301 jubebantur:
1115 2245 1238 2285 nam
1256 2231 1350 2298 ait,
1370 2228 1578 2285 Festum
1595 2230 1918 2297 celebremus,

337 2338 440 2377 non
454 2323 507 2377 in
525 2323 767 2392 fermento
800 2322 971 2390 ueteri,
988 2338 1144 2391 neque
1156 2322 1211 2376 in
1226 2323 1470 2393 fermento
1481 2322 1687 2375 malitia:
1702 2331 1748 2376 et
1758 2322 1925 2391 nequi-

338 2417 443 2483 tie,
472 2415 566 2470 sed
590 2415 645 2469 in
672 2414 867 2485 azymis
888 2414 1190 2468 sinceritatis
1210 2422 1257 2467 et
1274 2413 1494 2467 veritatis
1513 2413 1591 2482 (1.
1613 2411 1733 2468 Cor.
1762 2414 1816 2468 ὅ.
1841 2413 1919 2482 8).

333 2508 452 2564 Non
499 2515 713 2579 oportet
758 2507 903 2564 enim
945 2521 1114 2578 prope
1159 2522 1340 2561 arcam
1384 2515 1441 2562 et
1491 2505 1658 2561 altare
1700 2520 1919 2561 aureum

331 2610 477 2657 stare
504 2614 618 2667 eos,
651 2599 740 2671 qui
766 2599 1006 2655 omnium
1046 2599 1330 2654 Dominum
1358 2597 1564 2653 habent
1604 2612 1785 2653 secum
1820 2598 1917 2651 lia-

332 2691 589 2747 bitantem
619 2731 635 2758 ,
664 2692 861 2763 quique
902 2706 1002 2762 per
1028 2692 1207 2746 omnia
1253 2691 1425 2760 ipsum
1472 2689 1830 2760 alloquuntur,
1865 2698 1919 2743 et

332 2800 429 2855 per
452 2785 769 2850 orationem,
796 2791 852 2839 et
880 2798 977 2854 per
1000 2782 1347 2850 oblationem,
1378 2791 1433 2837 et
1463 2797 1557 2851 per
1590 2780 1911 2850 Scripturas,

328 2884 387 2930 ct
426 2890 525 2946 per
553 2875 948 2947 eleemosynam
969 2914 985 2940 ,
1016 2884 1071 2930 ct
1106 2872 1251 2945 quod
1294 2873 1436 2929 intus
1468 2873 1615 2927 illum
1664 2871 1913 2926 habeant.

329 2959 630 3038 Quar'ergo
672 2965 878 3021 sabbati
918 2965 1209 3021 necessitas
1256 2965 1305 3019 ei
1334 2965 1423 3035 qui
1464 2979 1676 3033 semper
1720 2962 1913 3019 fesmm

327 3059 605 3127 celebrat,
635 3059 725 3129 qui
755 3058 808 3113 in
836 3059 968 3113 caelo
1011 3057 1287 3113 versatur?
1311 3056 1526 3111 Festum
1557 3070 1686 3126 ergo
1725 3071 1916 3126 perpe-

330 3163 423 3209 tuo
449 3167 690 3223 agamus,
711 3151 949 3222 nihilque
968 3151 1095 3205 mali
1119 3165 1435 3221 operemur;
1463 3149 1593 3205 illud
1616 3148 1757 3203 enim
1785 3163 1915 3203 vere

329 3245 525 3300 festum
568 3252 654 3299 est
689 3260 702 3296 :
745 3242 842 3298 sed
887 3242 1183 3314 spiritualia
1221 3240 1595 3307 intendamus,
1625 3240 1915 3295 abscedant

328 3347 579 3401 terrena,
609 3337 871 3407 spirituali
914 3338 1024 3391 otio
1052 3336 1318 3401 otiemur,
1348 3348 1538 3387 manus
1578 3332 1645 3387 ab
1691 3332 1912 3387 avaritia

328 3432 673 3496 cohibentes,
721 3444 917 3500 corpus
948 3443 977 3482 a
1021 3426 1309 3498 superfluis
1338 3435 1392 3482 et
1435 3424 1711 3479 inutilibus
1738 3424 1909 3479 abdu-

327 3532 514 3579 centes
541 3520 814 3577 laboribus
832 3562 848 3586 ,
870 3521 1060 3591 quibus
1083 3518 1311 3575 amictus
1336 3526 1419 3574 est
1443 3517 1569 3571 olim
1598 3516 1652 3570 in
1678 3515 1914 3587 ngypto

328 3613 679 3670 Hebraeorum
727 3610 995 3683 populus:
1038 3610 1170 3665 nihil
1212 3610 1357 3664 enim
1404 3607 1703 3663 differimus
1751 3616 1910 3676 quot-

328 3712 459 3774 quot
484 3718 673 3758 aurum
698 3701 1018 3772 colligimus,
1048 3700 1116 3755 ab
1140 3698 1205 3755 iis
1229 3699 1321 3770 qui
1345 3698 1490 3753 luteo
1517 3698 1666 3767 operi
1694 3696 1913 3752 addice-

326 3796 555 3861 bantur,
585 3795 888 3865 lateresque
916 3801 1201 3863 cperantes
1223 3831 1241 3860 ,
1288 3799 1344 3846 et
1372 3791 1552 3861 paleas
1600 3788 1912 3858 colligentes

326 3886 749 3958 ﬂagellabantur.
801 3883 936 3939 Nam
987 3897 1127 3937 nunc
1163 3896 1376 3953 quoque
1431 3879 1674 3936 diabolus
1720 3879 1914 3935 lateres

326 3980 474 4052 jubet
496 3993 755 4049 apparare
774 4020 790 4044 ,
816 3986 878 4032 ut
902 3976 1029 4032 olim
1058 3976 1289 4042 Pharao.
1317 3973 1453 4041 Quid
1475 3973 1616 4028 enim
1662 3971 1805 4028 aliud
1831 3981 1915 4027 est

327 4087 514 4127 aurum
536 4112 551 4136 ,
583 4085 741 4141 quam
788 4069 1003 4124 lutum?
1051 4066 1178 4137 quid
1225 4065 1371 4121 aliud
1408 4073 1684 4135 argentum
1708 4105 1722 4130 ,
1751 4078 1910 4134 quam

328 4164 522 4234 palea?
547 4162 678 4218 Nam
704 4168 983 4231 argentum
1011 4160 1155 4214 velut
1174 4159 1325 4229 palea
1351 4156 1693 4227 cupiditatem
1722 4170 1913 4211 accen—

327 4257 437 4319 dit,
467 4264 526 4310 et
553 4268 737 4309 aurum
769 4252 863 4307 luti
892 4252 1063 4306 instar
1092 4250 1241 4304 illum
1271 4249 1511 4319 inquinat
1534 4248 1625 4319 qui
1654 4246 1910 4318 possidet.

331 4348 458 4403 ideo
489 4346 638 4401 misit
680 4344 837 4401 nobis
878 4357 983 4398 non
1027 4342 1210 4397 Mosen
1240 4356 1308 4395 ex
1356 4339 1572 4396 deserto
1596 4338 1809 4410 [Egypti
1842 4339 1857 4369 ¹
1893 4379 1910 4405 ,

332 4438 429 4495 sed
453 4438 652 4494 Filium
677 4452 832 4493 suum
858 4434 927 4490 de
952 4434 1104 4490 caelo.
1130 4433 1187 4490 Si
1230 4434 1404 4503 itaque
1429 4441 1552 4502 post
1574 4431 1690 4500 ejus
1715 4430 1915 4485 adven-

328 4540 441 4585 tum
468 4530 520 4585 in
542 4528 773 4599 Egypto
801 4526 1061 4582 manseris
1080 4566 1096 4592 ,
1124 4525 1310 4581 eadem
1352 4524 1569 4595 patieris
1594 4538 1714 4593 qua:
1743 4522 1912 4592 Egy-

327 4624 424 4695 ptii
445 4640 461 4678 :
488 4623 570 4678 sin
599 4621 832 4692 IEgypto
852 4618 1037 4675 relicta
1057 4617 1253 4672 abieris
1272 4631 1394 4671 cum
1417 4614 1675 4685 spirituali
1696 4613 1910 4679 lsraele,

327 4719 710 4777 miraculorum
739 4715 976 4771 omnium
1006 4720 1275 4784 spectator
1300 4711 1432 4766 eris.

399 4813 453 4868 4.
485 4810 595 4865 Nec
634 4818 813 4863 tamen
856 4806 911 4861 id
960 4806 1131 4860 solum
1179 4801 1249 4857 ad
1286 4803 1511 4857 salutem
1538 4797 1754 4855 sufficit.
1794 4798 1910 4854 Non

327 4905 472 4961 enim
500 4903 567 4957 ab
586 4901 820 4972 IEgypto
837 4906 1043 4953 tantum
1071 4893 1427 4952 recedendum
1454 4901 1572 4957 est;
1602 4891 1697 4946 sed
1727 4890 1778 4945 in
1802 4897 1913 4945 ter-

327 5014 440 5054 ram
473 4994 846 5068 promissionis
876 4989 1203 5046 intrandum.
1230 4985 1669 5057 Quandoquidem
1711 4982 1910 5049 Judaei,

328 5101 387 5146 ut
432 5090 508 5144 ait
550 5088 744 5144 Paulus
792 5084 993 5157 (Hebr.
1035 5083 1124 5137 ll.
1163 5081 1435 5151 29),per
1481 5092 1628 5132 mare
1673 5075 1912 5130 Rubrum

327 5179 674 5244 transierunt,
701 5191 895 5232 manna
923 5173 1300 5238 comederunt,
1332 5180 1388 5226 et
1428 5178 1611 5241 potum
1660 5167 1913 5237 spiritua-

329 5274 435 5329 lem
464 5272 749 5336 biberunt,
785 5275 1016 5323 attamen
1047 5280 1233 5320 omnes
1272 5262 1499 5334 periere.
1525 5260 1604 5315 Ne
1628 5260 1787 5329 igitur
1815 5270 1913 5311 nos

327 5381 540 5438 quoque
563 5365 687 5419 talia
716 5364 1018 5433 patiamur,
1048 5375 1117 5415 ne
1144 5372 1337 5429 segnes
1366 5358 1534 5411 simus
1555 5397 1572 5421 ,
1597 5354 1689 5408 sed
1717 5352 1781 5406 ad
1812 5367 1911 5421 pu-

326 5472 488 5529 gnam
517 5458 684 5526 parati
717 5469 731 5507 :
762 5462 815 5508 at
843 5453 889 5507 si
912 5465 1054 5507 nunc
1092 5450 1277 5505 audias
1306 5447 1476 5502 malos
1503 5444 1873 5514 exploratores
1893 5483 1910 5508 ,

327 5549 421 5620 qui
450 5556 726 5618 angustam
770 5552 825 5600 et
867 5551 1068 5598 arctam
1097 5541 1238 5596 viam
1269 5538 1702 5604 calumnientur,
1748 5545 1911 5605 atque

386 5681 405 5711 ί
433 5675 517 5725 Sic
538 5676 690 5727 Savil.
716 5680 769 5723 et
787 5674 964 5723 Morel.
985 5686 999 5733 ;
1022 5671 1104 5721 alii
1129 5684 1191 5721 ea:
1219 5671 1429 5731 deserto,
1448 5676 1658 5734 tantum,
1684 5679 1740 5724 ut
1764 5672 1899 5724 Crte-

324 5752 386 5788 ce
410 5738 683 5798 edidimus;
711 5735 930 5799 quidam,
957 5748 1021 5786 ea:
1044 5736 1270 5799 Egypto,
1295 5740 1506 5783 tantum.

1300 460 1368 516 IN
1406 458 1814 517 ΜΛΤΤΙῙᾹΞΙΙΜ
1855 459 2085 527 llOMlL.
2128 462 2371 521 XXXIX.
2412 470 2483 524 al.
2529 469 2639 525 XL.

3524 473 3627 529 458

2048 572 2136 629 illa
2161 574 2362 643 dicant,
2392 596 2510 651 quae
2540 581 2671 636 olim
2694 581 2767 637 illi
2796 582 3049 641 dicebant
3075 585 3440 655 exploratores
3467 627 3481 651 ,
3516 605 3621 640 non

2041 668 2219 737 populi
2248 670 2476 736 turbam,
2506 672 2601 728 sed
2622 673 2803 729 Jesum
2832 674 3125 743 imitamur,
3149 686 3204 731 et
3228 675 3428 733 Chaleb
3454 677 3623 731 filium

2044 757 2322 827 Jephone;
2354 774 2526 832 neque
2554 764 2702 833 prius
2730 764 3006 833 abscedas,
3036 781 3193 838 quam
3221 768 3275 822 in
3301 767 3621 846 pmmissum

2042 850 2229 906 caelum
2270 853 2583 923 ingrediaris
2619 856 2638 927 (
2664 856 2826 911 Num.
2875 860 2962 914 15.
2988 859 3147 914 Josue
3185 862 3253 917 14
3278 871 3324 915 ει
3356 852 3425 917 15
3446 862 3485 929 ).
3513 862 3624 918 Ne-

2042 959 2147 1013 que
2175 944 2447 1001 difficilem
2491 957 2647 1017 putes
2672 965 2791 1004 esse
2820 951 2978 1005 viam.
3008 951 3141 1006 Nam
3172 953 3218 1007 si
3262 953 3463 1008 inimici
3499 970 3622 1009 cum

1996 1074 1999 1075 ν
2041 1050 2303 1103 essemus,
2331 1054 2429 1093 nos
2449 1054 2569 1094 cum
2597 1040 2707 1096 Deo
2727 1043 3189 1099 reconciliavimus
3214 1086 3227 1110 ,
3258 1046 3427 1101 multo
3453 1047 3624 1117 magis

2046 1129 2375 1183 reconciliati
2404 1130 2627 1186 salutem
2657 1148 3067 1203 consequemur.
3096 1134 3292 1190 Verum
3319 1146 3540 1207 angusta
3564 1144 3621 1192 et

2040 1226 2209 1284 arcta,
2232 1219 2456 1290 inquies,
2476 1222 2567 1275 illa
2589 1222 2673 1276 via
2694 1231 2795 1277 est.
2820 1224 2924 1278 Sed
2964 1225 3128 1293 prior,
3150 1240 3247 1295 per
3264 1241 3421 1296 quam
3448 1234 3622 1281 trans-

2038 1311 2197 1375 ivisti‘,
2231 1326 2337 1366 non
2361 1322 2579 1382 angusta
2606 1322 2661 1369 et
2686 1323 2829 1369 arcta
2855 1315 3015 1369 modo
3035 1324 3137 1381 est,
3162 1316 3255 1371 sed
3277 1318 3436 1372 etiam
3456 1318 3617 1384 invia,

2036 1416 2100 1456 ac
2134 1400 2262 1457 feris
2306 1404 2607 1473 agrestibus
2657 1404 2811 1472 plena
2859 1420 2965 1460 :ac
3011 1407 3465 1481 quemadmodum
3507 1424 3617 1471 non

2037 1502 2285 1562 poterant
2328 1509 2425 1564 per
2450 1510 2598 1549 mare
2646 1495 2887 1551 Rubrum
2936 1499 3163 1553 transire
3190 1500 3309 1553 sine
3347 1499 3617 1558 miraculo

2035 1583 2127 1638 illo
2164 1584 2279 1646 :sic
2321 1600 2428 1638 non
2473 1594 2780 1655 poteramus
2823 1586 2875 1640 in
2915 1589 3092 1657 priore
3123 1589 3227 1642 vita
3259 1599 3538 1644 manentes
3564 1591 3617 1651 in

2036 1675 2224 1729 caelum
2255 1676 2547 1731 ascendere
2569 1718 2586 1744 ,
2620 1677 2720 1733 nisi
2765 1678 3026 1747 baptisma
3060 1680 3112 1733 in
3140 1680 3315 1734 medio
3337 1681 3619 1750 apparuis-

2033 1774 2137 1821 set.
2165 1767 2220 1821 Si
2251 1778 2431 1823 autem
2474 1768 2600 1823 illud
2631 1769 2773 1839 quod
2800 1771 2914 1825 ﬁeri
2945 1788 3050 1825 non
3093 1780 3335 1840 poterat,
3386 1772 3499 1827 fieri
3533 1783 3616 1826 ta—

2032 1875 2153 1914 men
2185 1861 2384 1930 potuit,
2413 1861 2579 1916 multo
2607 1862 2777 1933 magis
2817 1861 2961 1932 quod
2999 1862 3216 1918 difficile
3259 1872 3409 1927 erat,
3456 1862 3610 1918 facile

2031 1951 2238 2006 evadet.

2104 2041 2294 2097 Gratia:
2323 2044 2507 2098 divina:
2536 2044 2679 2098 labor
2701 2054 2870 2098 noster
2910 2043 3194 2098 addendus.
3234 2045 3614 2116 Prwceptorum

2031 2137 2273 2207 facilitas.
2296 2137 2570 2192 -—Verum
2600 2137 2762 2205 illud,
2796 2138 3032 2208 inquies,
3065 2153 3161 2207 per
3185 2139 3355 2195 solam
3386 2140 3613 2209 gratiam

2028 2230 2207 2285 ﬁebat.
2256 2230 2323 2284 Et
2364 2229 2485 2285 ideo
2515 2232 2744 2285 maxime
2787 2230 2908 2300 jure
2953 2230 3214 2285 confidas.
3257 2230 3314 2286 Si
3343 2233 3483 2286 enim
3523 2231 3613 2287 ubi

2028 2322 2142 2376 sola
2172 2322 2343 2390 gratia
2374 2330 2522 2384 erat,
2552 2320 2637 2375 illa
2668 2331 2845 2376 tamen
2884 2333 3100 2391 operata
3127 2331 3212 2377 est
3245 2342 3259 2375 :
3286 2321 3378 2376 ubi
3404 2322 3613 2378 labores

2028 2410 2363 2476 addideritis,
2392 2426 2569 2466 annon
2600 2412 2769 2467 multo
2806 2414 2975 2482 magis
3003 2412 3411 2481 cooperahitur?
3437 2414 3484 2468 si
3526 2413 3613 2467 ni-

2028 2504 2103 2559 hil
2133 2514 2376 2576 agentem
2403 2505 2634 2559 servavit
2659 2546 2675 2572 ,
2711 2520 2888 2559 annon
2916 2505 3083 2560 multo
3108 2506 3276 2576 magis
3301 2514 3611 2575 operantem

2020 2598 2269 2668 juvabit?
2296 2598 2468 2668 Supra
2493 2597 2733 2652 dicebam
2756 2639 2770 2660 ,
2802 2613 2861 2655 ea
2910 2597 2975 2651 iis
3003 2612 3122 2667 quae
3165 2596 3279 2651 ﬁeri
3318 2612 3423 2652 non
3452 2612 3613 2667 posse

2022 2693 2360 2759 videbantur,
2392 2700 2449 2747 et
2475 2701 2649 2761 tamn
2680 2690 2819 2746 facta
2861 2700 3015 2756 sunt,
3054 2690 3106 2744 in
3134 2688 3438 2745 difficilibus
3467 2690 3608 2745 fidu-

2021 2784 2158 2837 ciam
2188 2783 2281 2838 tibi
2322 2783 2438 2838 dari
2464 2800 2477 2836 :
2508 2798 2650 2837 nunc
2687 2792 2864 2837 autem
2896 2783 3045 2847 dico,
3078 2783 3122 2835 si
3151 2781 3462 2852 vigilemus,
3495 2781 3612 2837 haec

2021 2891 2090 2930 ne
2140 2874 2372 2931 difﬁcilia
2416 2875 2632 2945 quidem
2684 2874 2818 2930 fore.
2858 2873 3180 2929 Consideres
3224 2873 3367 2928 enim
3409 2874 3606 2942 velim,

2020 2978 2249 3025 mortem
2300 2968 2663 3023 conculcatam
2720 2966 2913 3034 fuisse,
2961 2966 3227 3021 diabolum
3276 2967 3605 3035 concidisse,

2019 3063 2189 3133 legem
2209 3061 2407 3132 peccati
2430 3061 2743 3117 exstinctam
2762 3075 2902 3124 esse,
2921 3058 3147 3129 Spiritus
3163 3059 3384 3130 gratiam
3404 3059 3605 3121 datam.

2016 3157 2179 3210 vitam
2209 3155 2261 3209 in
2290 3154 2453 3209 breve
2480 3161 2689 3223 tempus
2708 3158 3056 3217 contractam,
3087 3166 3248 3205 onera
3274 3150 3514 3221 praecisa.
3537 3151 3609 3206 Et

2018 3254 2079 3301 ut
2102 3247 2214 3301 haec
2240 3245 2308 3300 ab
2335 3244 2466 3315 ipsis
2489 3244 2743 3314 operibus
2766 3242 2976 3298 ediscas
3000 3282 3015 3306 ,
3046 3242 3319 3312 perpende
3343 3250 3474 3311 quot
3498 3243 3608 3298 sint

2017 3339 2105 3409 qui
2135 3337 2335 3407 majora
2358 3378 2373 3401 ,
2401 3351 2560 3406 quam
2603 3333 2848 3389 Christus
2888 3333 3163 3402 praecipiat
3183 3374 3199 3401 ,
3247 3331 3474 3388 fecerint
3502 3350 3514 3384 :
3548 3341 3606 3387 tu

2015 3446 2143 3487 vero
2170 3428 2592 3484 mediocritatem
2624 3426 2823 3481 times?
2849 3424 3019 3493 Quam
3053 3438 3181 3494 ergo
3207 3424 3605 3479 excusationem

2017 3522 2239 3579 habebis
2264 3563 2279 3583 ,
2311 3535 2431 3576 cum
2460 3519 2581 3574 aliis
2621 3518 2756 3572 ultra
2800 3525 2973 3573 melas
3000 3516 3403 3581 exsilientibus,
3434 3524 3488 3569 tu
3521 3517 3607 3570 vel

2016 3618 2082 3673 ad
2104 3616 2450 3673 constitutum
2475 3611 2760 3668 terminum
2788 3609 3068 3678 pervenire
3088 3607 3362 3679 graveris?
3384 3606 3460 3662 Te
3481 3606 3606 3660 her-

2017 3720 2192 3768 tamur
2216 3725 2281 3767 ex
2326 3708 2672 3765 facultatibus
2698 3707 2805 3762 tuis
2833 3706 3230 3776 eleemosynam
3271 3704 3435 3767 dare;
3466 3702 3604 3757 alius

2017 3821 2145 3862 vero
2167 3819 2287 3860 sese
2316 3802 2427 3859 suis
2453 3801 2702 3856 omnibus
2722 3794 2972 3869 spoliavit
3000 3814 3014 3850 :
3043 3806 3098 3852 te
3117 3810 3367 3867 rogamus
3391 3804 3450 3849 ut
3475 3810 3597 3849 cum

2017 3912 2183 3953 uxore
2228 3905 2317 3950 tua
2346 3902 2494 3950 caste
2539 3894 2687 3961 vivas
2710 3907 2725 3957 ;
2751 3890 2890 3945 alius
2918 3904 3045 3946 vero
3070 3889 3231 3944 etiam
3278 3903 3308 3942 a
3337 3886 3604 3943 connubio

2017 3988 2273 4044 abstinuit
2301 4005 2315 4042 :
2347 3995 2400 4043 te
2428 3999 2709 4041 monemus
2739 3998 2808 4039 ne
2834 3983 2909 4037 sis
2957 3979 3205 4045 invidus;
3237 3980 3400 4034 alium
3425 3986 3602 4033 autem

2017 4081 2310 4144 habemus,
2338 4078 2428 4148 qui
2453 4092 2519 4132 ex
2550 4076 2771 4131 caritate
2807 4074 2899 4128 dat
2945 4072 3113 4142 ipsam
3143 4071 3376 4125 animam
3405 4084 3555 4125 suam
3585 4084 3599 4120 :

2019 4184 2072 4229 te
2101 4174 2449 4229 obsecramus
2472 4180 2530 4225 ut
2557 4169 2838 4239 indulgens
2884 4166 2959 4221 sis
2984 4181 3089 4250 pec
3117 4164 3277 4218 nimis
3307 4169 3525 4218 severus
3550 4163 3603 4216 in

2017 4274 2332 4337 peccantes;
2355 4264 2491 4317 alius
2516 4273 2823 4332 percussus,
2848 4254 3068 4313 alteram
3089 4254 3284 4310 obtulit
3313 4253 3602 4307 maxillam.

2017 4359 2153 4429 Quid
2208 4358 2367 4428 igitur
2388 4397 2402 4421 ,
2450 4368 2633 4425 quaeso
2656 4396 2672 4419 ,
2703 4350 2981 4407 dicemus?
3017 4362 3177 4418 quam
3205 4346 3605 4402 excusationem

2017 4452 2333 4515 alferemus,
2380 4464 2446 4503 ne
2472 4448 2558 4502 illa
2603 4445 2819 4515 quide‘m
2864 4441 3122 4497 facientes
3143 4480 3157 4505 ,
3187 4454 3306 4510 quae
3331 4439 3419 4493 alii
3450 4439 3607 4507 longe

2017 4541 2309 4613 superant?
2334 4540 2517 4609 Neque
2535 4538 2679 4593 enim
2709 4540 3073 4605 superassent,
3105 4531 3205 4585 nisi
3229 4545 3435 4584 summa
3461 4538 3607 4584 esset

2018 4640 2095 4694 rei
2142 4645 2425 4707 praecepta:
2474 4631 2721 4686 facilitas.
2772 4628 2902 4695 Quis
2943 4626 3086 4682 enim
3127 4624 3386 4690 tabescit,
3419 4638 3485 4676 an
3514 4636 3604 4692 qui

2017 4730 2243 4784 aliorum
2274 4727 2427 4781 bonis
2469 4722 2702 4787 invidet,
2734 4736 2801 4775 an
2833 4719 2923 4790 qui
2963 4718 3031 4774 de
3060 4718 3125 4772 iis
3149 4716 3346 4788 gaudet
3373 4724 3427 4769 et
3453 4715 3604 4769 laeta-

2018 4822 2141 4877 tur?
2188 4820 2306 4890 quis
2342 4817 2520 4872 omnia
2566 4822 2809 4884 suspecta
2860 4811 3023 4866 habet
3066 4818 3121 4864 et
3169 4809 3385 4873 tremit,
3444 4806 3607 4861 homo

2018 4921 2195 4969 castus
2223 4926 2291 4964 an
2323 4906 2603 4964 moechus?
2637 4905 2755 4971 quis
2796 4903 2935 4957 bona
2970 4916 3088 4956 cum
3132 4914 3228 4968 Spe
3270 4897 3497 4967 gaudet,
3536 4911 3606 4949 an

2019 5014 2240 5075 raptor,
2290 5017 2357 5055 an
2407 4999 2453 5054 is
2498 4997 2587 5068 qui
2643 4995 2959 5057 miseratus,
2993 5008 3083 5047 sua
3112 4990 3286 5062 egenti
3338 4986 3602 5057 largitur?

2019 5099 2147 5153 llaac
2194 5096 2373 5164 itaque
2401 5090 2697 5162 cogitantes
2718 5127 2733 5153 ,
2764 5103 2832 5142 ne
2872 5100 3064 5155 segnes
3094 5084 3261 5139 simus
3301 5080 3367 5135 ad
3397 5081 3608 5133 virtutis

2019 5202 2232 5246 cursum
2260 5182 2680 5256 capessendum;
2712 5179 2806 5235 sed
2836 5174 3082 5232 alacriter
3113 5176 3180 5230 ad
3230 5174 3345 5228 haec
3386 5170 3608 5242 pulchra

2020 5278 2311 5337 certamina
2338 5290 2436 5331 nos
2461 5274 2809 5336 instruentes,
2834 5269 2983 5325 brevi
3012 5279 3253 5337 tempore
3279 5264 3607 5330 laboremus,

2020 5381 2081 5428 ut
2134 5380 2417 5442 perpetuas
2463 5374 2518 5421 et
2577 5363 2903 5419 immortales
2951 5374 3177 5415 coronas
3236 5356 3606 5424 accipiamus:

2019 5480 2153 5538 quas
2178 5464 2380 5519 utinam
2427 5458 2785 5528 adipiscamur
2824 5453 2993 5525 gratia
3040 5459 3097 5507 et
3141 5448 3467 5519 benignitate
3494 5447 3606 5500 Do-

2019 5557 2151 5615 mini
2198 5554 2367 5610 nostri
2413 5551 2539 5608 Jesu
2585 5547 2821 5611 Christi,
2847 5546 2933 5601 cui
2958 5543 3122 5616 gloria
3152 5550 3207 5598 et
3236 5538 3515 5612 imperium
3556 5538 3607 5592 in

2019 5651 2214 5708 sxcula
2241 5646 2581 5705 steculorum.
2613 5645 2803 5699 Amen.
