4074 6358
486 376 615 434 139

512 495 2296 525 _________.______.____—————-——-—-

1239 368 1308 423 S.
1347 364 1624 430 JOANNIS
1648 358 2118 420 CIIRYSOSTOMI
2157 359 2472 425 ARCHIEP.
2513 363 3045 423 CONSTANTINOP.

3671 375 3782 430 M0

2300 495 2501 511 ν*

2505 497 2770 510 ——__.

1693 566 2042 630 HOMILIA
2095 560 2232 623 XL.
2281 567 2367 629 al.
2399 569 2563 632 XLI.
2629 627 2637 633 .

505 731 636 786 Car.
675 727 765 785 12.
795 742 846 780 v.
872 724 927 781 9.
981 724 1042 778 Et
1081 723 1329 776 transiens
1368 717 1507 783 inde,
1539 716 1670 770 venit
1696 716 1750 767 in
1785 725 2096 782 synagoqam

575 836 751 876 eorum
777 835 796 874 :
827 818 915 872 10.
961 825 1011 870 et
1046 831 1161 869 ecce
1205 815 1354 867 homo
1393 819 1502 864 erat
1544 809 1614 862 ibi
1663 806 1849 860 habens
1886 819 2092 859 manum

575 911 796 966 aridam.

576 1005 630 1058 1.
662 1002 894 1057 Rursum
943 999 997 1053 in
1042 997 1264 1053 sabbato
1291 1000 1478 1058 curat,
1517 991 1596 1045 sic
1635 1003 1867 1060 purgans
1908 1001 1972 1042 ac
1999 985 2093 1042 de-

501 1096 733 1153 fendens
779 1093 1162 1164 discipulorum
1204 1103 1420 1143 suorum
1447 1093 1614 1156 gesta.
1646 1083 1715 1137 Et
1756 1082 1846 1136 alii
1875 1079 2091 1151 quidem

508 1189 850 1260 evangelista:
898 1185 1116 1250 dicunt,
1161 1177 1582 1237 Jesumltomine
1634 1175 1726 1229 illo
1757 1175 1810 1227 in
1858 1170 2094 1226 medium

506 1282 736 1338 adducto
759 1321 777 1345 ,
806 1281 1164 1348 interrogasse
1207 1274 1325 1328 illos
1345 1314 1360 1337 ,
1391 1271 1533 1324 Num
1561 1271 1674 1324 licet
1699 1265 1918 1321 sabbatis
1944 1264 2093 1318 bene-

509 1379 674 1444 facere
693 1371 884 1442 (Marc.
915 1371 968 1425 '5.
997 1369 1058 1433 4;
1087 1366 1216 1421 Luc.
1240 1366 1291 1420 6.
1323 1364 1419 1435 9)?
1445 1359 1725 1431 Perpende
1754 1357 1962 1413 Domini
1993 1356 2096 1410 mi-

501 1462 878 1518 sericordiam.
935 1460 1109 1529 Ipsum
1155 1457 1207 1512 in
1253 1454 1433 1511 medio
1471 1452 1781 1518 constituit,
1812 1458 1872 1504 ut
1914 1447 2000 1503 vel
2027 1462 2097 1502 ex

507 1566 727 1628 aspectu
762 1555 905 1625 ipsos
934 1553 1173 1608 ﬂecteret
1191 1592 1205 1616 ,
1229 1560 1284 1605 et
1303 1563 1371 1603 ex
1392 1545 1700 1618 spectaculo
1729 1543 1881 1598 fracti
1905 1540 2096 1611 nequi-

507 1649 636 1702 tiam
663 1646 1015 1716 deponerent,
1044 1653 1097 1697 et
1125 1640 1394 1696 hominem
1423 1636 1641 1693 reveriti
1660 1675 1676 1703 ,
1708 1633 2095 1690 immanitatem

507 1753 658 1793 suam
686 1737 956 1793 sedarent.
985 1734 1187 1790 Verum
1227 1731 1303 1786 illi
1335 1729 1578 1785 indomiti
1603 1736 1656 1783 et
1682 1725 1957 1781 inhumani
1982 1738 2098 1778 ma-

500 1831 628 1904 clupt
668 1828 869 1884 Christi
915 1827 1140 1898 gloriam
1193 1823 1424 1888 laedere,
1473 1835 1632 1892 quam
1677 1819 1820 1874 hunc
1853 1826 2098 1872 sanatum

513 1921 848 1994 conspicere,
879 1918 1132 1988 utrinque
1160 1916 1324 1970 animi
1365 1914 1682 1984 pravitatem
1713 1908 2060 1966 ostendentes
2079 1947 2095 1972 ,

508 2026 564 2070 et
583 2014 725 2086 quod
748 2013 1019 2068 Christum
1042 2011 1419 2080 impugnarent
1438 2049 1452 2074 ,
1479 2013 1680 2060 etcum
1707 2010 1853 2058 tanta
1879 2008 2100 2056 conten-

499 2108 656 2160 tione
686 2104 738 2159 id
765 2103 1006 2159 facerent
1025 2143 1041 2170 ,
1071 2111 1130 2156 ut
1149 2105 1314 2156 etiam
1358 2099 1549 2154 collata
1594 2097 1648 2150 in
1677 2095 1811 2150 alios
1840 2092 2098 2148 beneﬁcia

510 2198 948 2254 interturbarent.
979 2195 1080 2250 Alii
1107 2193 1323 2265 quidem
1351 2190 1696 2262 evangelista:
1722 2187 1907 2242 dicunt
1927 2186 2100 2255 ipsum

498 2293 887 2360 interrogasse;
911 2287 1000 2342 hic
1021 2301 1148 2341 vero
1165 2286 1258 2349 ait,
1283 2285 1456 2353 ipsum
1481 2283 1865 2350 interrogatum
1891 2276 2096 2331 fuisse:

510 2382 578 2437 Et
593 2383 1023 2451 interrogaverunt
1041 2393 1172 2442 eum,
1194 2369 1387 2446 inquit,
1407 2374 1642 2437 dicentes,
1669 2371 1730 2427 Si
1753 2371 1865 2424 licet
1881 2367 2102 2423 sabbatis

492 2491 707 2540 .curare,
727 2483 784 2526 ut
807 2478 1102 2526 accusarent
1119 2485 1252 2522 eum.
1267 2464 1571 2522 Verisimile
1587 2473 1765 2518 autem
1793 2469 1876 2516 est
1897 2469 2103 2515 utrum-

487 2583 618 2636 ..que
635 2566 832 2620 factum
855 2577 994 2619 esse.
1016 2560 1239 2618 Scelesti
1261 2559 1404 2614 enim
1427 2573 1548 2613 cum
1573 2563 1777 2623 essent,
1795 2554 2102 2622 scirentque

499 2662 682 2730 ipsum
701 2657 767 2714 ad
783 2656 1111 2713 curationem
1132 2652 1270 2708 haud
1286 2652 1447 2708 dubie
1465 2660 1747 2705 venturum
1767 2661 1908 2713 esse,
1933 2646 2104 2701 inter-

513 2753 795 2823 rogatione
840 2759 1168 2821 praevertere
1190 2747 1340 2801 illum
1360 2743 1714 2807 studuerunt;
1738 2751 2017 2811 sperantes
2042 2753 2104 2794 se

513 2845 567 2899 id
589 2844 690 2898 hoc
715 2841 877 2897 modo
903 2839 1254 2911 impedituros
1283 2850 1422 2892 esse.
1444 2833 1570 2889 ldco
1599 2831 2022 2902 interrogabant,
2043 2830 2105 2885 Si

513 2938 628 2991 licet
672 2934 892 2990 sabbatis
928 2948 1133 2998 curare,
1162 2945 1269 2986 non
1295 2937 1354 2983 ut
1381 2927 1686 2989 discerent,
1721 2923 1818 2978 sed
1860 2931 1916 2977 ut
1940 2936 2103 2975 accu-

502 3025 667 3082 sandi
695 3024 970 3080 materiam
1011 3021 1291 3077 haberent.
1343 3015 1566 3072 Etiamsi
1607 3017 1780 3083 ipsum
1810 3028 1946 3082 opus
1975 3013 2106 3066 satis

513 3127 678 3184 esset,
709 3118 754 3173 si
784 3131 1041 3172 accusare
1076 3113 1373 3170 voluissent
1398 3129 1411 3166 :
1439 3125 1505 3165 ex
1531 3108 1712 3164 verbis
1738 3115 1914 3161 tamen
1946 3118 2107 3159 occa-

515 3213 721 3268 sionem
741 3220 955 3282 captare
975 3207 1312 3274 studuerunt,
1331 3216 1389 3261 ut
1409 3205 1510 3260 sibi
1533 3203 1792 3273 majorem
1814 3201 2074 3256 criminan
2093 3229 2106 3240 ι

501 3305 569 3360 --di
594 3306 800 3375 cepiam
826 3309 1094 3374 pararent.
1117 3300 1390 3370 Bcnignus
1415 3306 1592 3351 autem
1619 3294 1875 3348 Dominus
1901 3301 1956 3346 et
1975 3289 2107 3345 illud

516 3398 664 3464 facit,
697 3406 753 3453 ct
770 3394 1078 3466 respondet,
1100 3407 1197 3448 nos
1215 3391 1530 3446 modestiam
1557 3397 1612 3443 et
1639 3384 2106 3441 mansuetudinem

504 3492 718 3546 docens
745 3491 783 3555 ¹,
832 3497 1107 3557 totumque
1154 3485 1206 3538 in
1239 3485 1382 3554 ipsos
1421 3479 1687 3537 convertit
1717 3519 1733 3546 ,
1765 3479 2116 3548 ipsorumque

517 3581 961 3639 inhumanitatem
991 3577 1248 3633 ostendit.
1282 3573 1564 3630 Hominem
1605 3571 1656 3625 in
1687 3570 1863 3625 medio
1888 3569 2105 3634 statuit;

504 3691 625 3730 non
653 3672 796 3743 quod
819 3671 938 3727 illos
968 3672 1180 3725 timeret
1197 3709 1214 3736 ,
1240 3666 1335 3723 sed
1359 3665 1427 3720 ad
1453 3667 1688 3735 ipsorum
1715 3661 2022 3725 utilitatem,
2053 3666 2113 3712 ut

517 3765 587 3820 ad
615 3761 1036 3820 misericordiam
1077 3767 1314 3815 vocaret.
1349 3755 1483 3812 Cum
1528 3763 1706 3809 autem
1757 3767 1827 3808 ne
1865 3753 1944 3806 sic
1988 3750 2110 3820 qui-

519 3857 643 3913 dem
691 3856 810 3910 illos
839 3853 1099 3916 ﬂecteret,
1130 3859 1260 3906 tunc
1301 3847 1652 3904 contristatus
1679 3851 1794 3910 est,
1821 3843 2028 3912 inquit,
2056 3848 2114 3896 et

519 3951 687 4006 iratus
707 3958 790 4004 est
812 3957 1028 4018 propter
1048 3944 1296 4000 duritiam
1321 3941 1501 3996 cordis
1519 3953 1706 3995 eorum
1733 3935 1924 4008 (Marc.
1948 3937 2000 3990 5.
2027 3935 2108 4003 5),

509 4043 760 4114 dixitque
785 4058 799 4095 :
826 4041 914 4096 11.
941 4039 1068 4107 Quis
1096 4046 1168 4092 est
1194 4053 1258 4091 ea:
1283 4035 1421 4088 vobis
1447 4033 1618 4096 homo,
1646 4031 1736 4100 qui
1765 4029 1944 4082 habeat
1971 4042 2114 4081 ouem

519 4152 707 4202 unam,
739 4143 785 4189 et
813 4133 858 4188 si
881 4133 934 4186 in
955 4132 1152 4201 foveam
1185 4126 1418 4182 ceciderit
1443 4125 1665 4179 sabbatis
1688 4164 1704 4189 ,
1737 4136 1902 4175 nonne
1925 4134 2112 4188 appre-

516 4227 707 4282 hendet
730 4241 843 4280 eam
870 4233 917 4278 et
944 4221 1140 4293 eriget?
1167 4220 1252 4274 12.
1285 4219 1488 4285 Quanto
1513 4232 1634 4286 ergo
1661 4213 1839 4267 melior
1862 4222 1935 4266 est
1962 4211 2114 4264 homo

515 4321 651 4374 ore?
701 4323 880 4387 Itaque
921 4315 1032 4370 licet
1061 4313 1281 4368 sabbatis
1323 4311 1630 4381 benefacere.
1673 4305 1751 4360 Ne
1780 4302 2116 4374 impudenter

521 4421 718 4483 agant,
748 4425 880 4465 neve
907 4409 1058 4479 quasi
1093 4415 1544 4475 transgressorem
1574 4407 1861 4462 accusent,
1890 4410 1985 4466 per
2011 4394 2116 4449 hoc

516 4505 826 4573 exemplum
857 4518 978 4558 cum
1023 4501 1130 4555 illis
1157 4497 1528 4554 ratiocinatur.
1558 4493 1641 4549 Tu
1667 4507 1796 4547 vero
1823 4489 1952 4543 mihi
1989 4502 2113 4557 per-

523 4596 730 4668 pende,
759 4609 917 4664 quam
961 4592 1110 4647 varie
1138 4600 1195 4645 et
1224 4602 1384 4659 quam
1412 4592 1771 4655 congruenter
1797 4579 1990 4650 ubique
2018 4577 2118 4633 de-

524 4690 799 4745 fensiones
839 4692 994 4756 paret
1035 4683 1177 4736 circa
1224 4678 1432 4736 sabbati
1475 4675 1816 4732 solutionem.
1851 4670 1984 4726 Nam
2025 4668 2116 4723 ubi

529 4795 731 4838 exucum
761 4777 998 4840 curavit,
1045 4775 1322 4843 lutumque
1364 4768 1524 4834 fecit,
1557 4781 1663 4822 non
1695 4779 1815 4820 sese
1837 4760 2116 4832 purgavit,

523 4874 650 4931 licet
676 4871 746 4924 illi
778 4870 1086 4944 incusarent
1111 4865 1130 4935 (
1153 4862 1311 4918 Joan.
1334 4860 1391 4933 9)
1421 4879 1432 4915 :
1462 4859 1660 4915 etenim
1688 4853 1976 4912 creatiouis
2003 4866 2120 4907 mo-

523 4967 627 5022 dos
652 4965 736 5020 hic
762 4975 1050 5033 expressus
1076 4959 1250 5027 ipsum
1275 4970 1397 5012 esse
1421 4954 1554 5024 legis
1586 4951 1866 5005 Dominum
1891 4946 2118 5002 demon-

523 5060 750 5114 strabat.
779 5056 836 5112 ln
869 5053 1160 5125 paralytico
1209 5048 1421 5123 (.itatth.
1454 5049 1512 5117 9)
1534 5054 1712 5100 autem
1737 5083 1753 5110 ,
1781 5042 1874 5113 qui
1919 5041 2118 5096 lectum

525 5150 791 5222 portavit,
819 5147 946 5202 dum
975 5145 1049 5200 illi
1088 5149 1438 5206 accusarent,
1485 5138 1644 5192 modo
1668 5144 1728 5190 ut
1769 5135 1931 5197 Deus,
1960 5129 2121 5185 modo

526 5221 589 5299 ut
635 5244 798 5297 homo
845 5254 968 5294 sese
1007 5243 1196 5307 purgat
1227 5251 1240 5287 :
1270 5242 1330 5288 ut
1367 5232 1530 5286 homo
1573 5243 1697 5284 cum
1740 5225 1905 5290 dicit,
1934 5222 1996 5277 Si
2019 5221 2121 5275 cir-

523 5334 884 5390 eumcisionem
922 5329 1107 5399 accipit
1141 5328 1290 5381 homo
1316 5325 1371 5378 in
1397 5323 1636 5386 sabbato,
1678 5327 1733 5372 ut
1771 5333 1873 5370 non
1900 5313 2123 5370 solvatur

529 5429 616 5481 [ea
641 5427 658 5494 (
683 5439 781 5479 nec
803 5421 973 5488 dixit,
1004 5419 1076 5477 Ut
1116 5419 1279 5474 homo
1309 5410 1655 5485 adjuvetur),
1684 5407 1810 5462 mihi
1836 5401 2120 5460 irascimini

530 5519 652 5584 quia
701 5523 862 5569 totum
909 5512 1163 5567 hominem
1208 5523 1392 5564 sanum
1438 5503 1534 5575 feci
1565 5499 1766 5575 (Ioan.
1814 5499 1869 5552 7.
1899 5495 2036 5564 25)?
2065 5499 2126 5548 ut

534 5611 678 5665 Deus
703 5616 906 5673 autem,
934 5621 1053 5660 cum
1084 5602 1214 5659 dicit
1238 5618 1252 5654 :
1288 5598 1443 5653 Pater
1467 5611 1608 5649 meus
1635 5605 1794 5662 usque
1825 5588 1974 5642 modo
1999 5600 2126 5654 ape-

532 5827 560 5880 t
600 5769 614 5797 ¹
644 5765 756 5836 alii.
787 5777 925 5813 suam
966 5759 1294 5823 benignitatem
1337 5755 1688 5807 demonstrans.
1732 5755 1941 5810 Utraque
1980 5742 2128 5794 lectio

555 5841 654 5878 om
682 5835 857 5880 potest.

555 5835 654 5878 'crri
682 5835 857 5888 potest.

2197 719 2342 764 ratur
2364 752 2378 777 ,
2421 723 2470 766 et
2505 730 2597 785 ego
2625 732 2808 784 operor
2842 716 3036 788 (Joan.
3069 720 3123 774 5.
3175 721 3241 774 17
3269 719 3313 784 ).
3339 721 3512 791 Super
3535 726 3787 794 aposmlis

2196 820 2326 859 vero
2371 817 2651 863 accusatus
2699 810 2817 864 ait:
2851 809 2974 865 Non
3021 812 3210 882 legistis
3255 815 3378 882 quid
3421 817 3539 885 fecit
3592 815 3784 884 David,

2193 897 2402 966 quando
2433 901 2637 954 esurivit
2657 902 2766 972 ipse
2793 912 2838 956 et
2859 904 2946 973 qui
2984 920 3100 958 cum
3127 922 3185 959 eo
3211 908 3401 960 erant?
3425 910 3682 979 quomodo
3707 912 3788 964 in-

2193 989 2360 1043 troivit
2401 990 2456 1044 in
2497 991 2707 1045 domum
2755 993 2885 1058 Dei,
2917 1005 2966 1048 et
2993 1012 3148 1064 panes
3174 999 3537 1067 propositionis
3578 1001 3787 1056 eomedit

2201 1079 2411 1150 (Matth.
2442 1082 2531 1136 12.
2555 1085 2607 1139 5.
2636 1085 2734 1155 4)⁶3
2755 1085 3075 1142 Sacerdotes
3101 1103 3314 1158 quoque
3337 1091 3392 1143 in
3431 1091 3666 1146 medium
3693 1094 3786 1146 ad-

2200 1173 2366 1230 ducit.
2397 1175 2495 1231 Hic
2516 1193 2725 1232 rursum
2752 1219 2768 1244 ,
2799 1178 2880 1232 Αη
2920 1181 3035 1234 licet
3064 1181 3117 1234 in
3145 1181 3350 1234 sabbato
3378 1183 3693 1250 benefacere,
3725 1202 3787 1237 an

2201 1267 2540 1339 malefacere?
2585 1268 2711 1334 Quis
2745 1270 2879 1322 enim
2919 1286 2983 1324 ea:
3027 1271 3164 1326 vobis
3211 1272 3412 1325 habebit
3455 1289 3598 1327 ovem
3636 1291 3786 1328 unum

2199 1359 2398 1430 (Marc.
2427 1360 2483 1416 5.
2507 1360 2603 1430 4)?
2629 1360 3020 1418 Noveratenim
3048 1377 3142 1417 eos
3170 1364 3411 1433 pecuniae
3435 1365 3659 1434 cupidos
3683 1381 3788 1419 ma-
3813 1341 3816 1346 ’

2201 1451 2283 1522 gis
2303 1466 2464 1522 quam
2509 1450 2841 1507 humanitate
2879 1452 3152 1522 pra-dites.
3197 1454 3348 1507 Alius
3374 1468 3538 1523 porro
3567 1469 3787 1524 evange-

2204 1543 2324 1597 lista
2373 1541 2551 1614 (Ibid.
2589 1558 2638 1596 υ.
2681 1543 2716 1598 5
2743 1543 2762 1612 )
2789 1544 2904 1610 ait,
2935 1543 3106 1612 ipsum
3157 1545 3643 1614 circumspexisse,
3671 1561 3786 1600 cum

2203 1635 2307 1688 hoc
2354 1633 2742 1703 interrogaret,
2775 1641 2836 1688 ut
2879 1634 2964 1688 vel
3001 1643 3222 1703 aspectu
3267 1634 3414 1704 ipsos
3457 1636 3783 1691 attraheret:

2203 1737 2260 1781 at
2286 1741 2355 1782 ne
2385 1727 2463 1781 sic
2490 1726 2706 1795 quidem
2751 1725 3002 1781 meliores
3030 1725 3205 1782 eﬁ‘ecti
3245 1735 3391 1782 sunt.
3422 1727 3524 1782 Hic
3551 1742 3678 1783 vero
3701 1741 3787 1782 so-

2204 1818 2316 1874 lum
2363 1818 2628 1889 loquitur,
2659 1819 2784 1872 alibi
2835 1834 3028 1874 manus
3070 1820 3231 1874 etiam
3280 1819 3510 1889 imponit
3541 1829 3597 1874 ut
3623 1831 3784 1874 sanet.

2204 1913 2454 1966 Attamen
2500 1911 2633 1965 nihil
2662 1925 2849 1966 eorum
2902 1911 3024 1966 illos
3067 1911 3134 1965 ad
3179 1910 3644 1966 mansuetudinem
3674 1912 3787 1965 alli-

2199 2002 2410 2068 ciebat;
2459 2002 2554 2058 sed
2599 2002 2763 2056 homo
2791 2002 3009 2072 quidem
3050 2001 3376 2068 sanabatur,
3423 2002 3502 2057 illi
3546 2018 3674 2058 vero
3701 2019 3788 2074 per

2205 2093 2324 2164 ejus
2345 2093 2710 2149 valetudinem
2739 2093 3036 2150 deteriores
3050 2093 3444 2149 efﬁciebantur.
3473 2095 3567 2150 llle
3592 2095 3791 2150 volebat

2205 2187 2351 2257 ipsos
2378 2195 2502 2242 ante
2528 2203 2726 2258 aegrum
2754 2201 2964 2252 sanare,
2989 2187 3405 2258 innumerasque
3438 2188 3660 2244 medela:
3686 2190 3791 2244 vias

2207 2281 2466 2345 tentabat,
2495 2290 2550 2335 ct
2578 2295 2676 2351 per
2697 2295 2758 2334 ea
2786 2295 2906 2350 qure
2951 2289 3076 2334 ante
3119 2280 3350 2346 fecerat,
3381 2289 3442 2335 et
3469 2297 3566 2352 per
3591 2297 3650 2337 ea
3676 2299 3787 2352 qua:

2207 2372 2568 2443 loquebatur:
2600 2373 2852 2443 quoniam
2892 2380 3070 2426 autem
3117 2373 3400 2428 incurabili
3434 2373 3626 2429 morbo
3651 2375 3788 2429 labo-

2204 2466 2395 2521 rabant
2413 2509 2430 2533 ,
2463 2466 2530 2520 ad
2559 2481 2694 2536 opus
2734 2480 2792 2519 sc
2818 2465 3064 2519 contulit.
3113 2467 3199 2520 15.
3233 2465 3376 2519 Tunc
3402 2467 3538 2520 dixit
3567 2467 3747 2520 homini
3770 2482 3788 2520 :

2209 2557 2439 2612 Extende
2463 2574 2671 2612 manum
2698 2568 2857 2612 tuam.
2911 2557 2975 2611 Et
3001 2558 3255 2622 extendit,
3285 2568 3333 2612 et
3361 2561 3597 2613 restituta
3623 2571 3689 2614 est
3715 2578 3790 2614 sa-

2207 2654 2357 2708 nitati
2375 2695 2390 2720 ,
2418 2661 2474 2706 ut
2499 2662 2545 2706 et
2569 2653 2750 2706 altera.
2782 2652 2918 2720 Quid
2968 2653 3125 2722 igitur
3151 2652 3268 2705 illi?
3296 2651 3688 2721 Egredittntur,
3719 2654 3790 2706 in-

2207 2747 2353 2816 quit,
2399 2754 2454 2799 et
2497 2743 2841 2808 consultant,
2873 2753 2930 2797 ut
2971 2742 3279 2798 occiderent
3316 2757 3442 2797 eum
3469 2760 3482 2795 :
3513 2743 3587 2797 ait
3612 2744 3787 2797 enim:

2211 2839 2300 2895 14.
2348 2837 2603 2891 ΡΙιανὶεωὶ
2650 2846 2920 2903 exeuntes,
2971 2836 3241 2890 consilium
3281 2847 3523 2906 ceperunt
3568 2839 3792 2892 adversus

2209 2946 2357 2997 eum,
2385 2937 2582 2983 uti-eum
2613 2928 2898 2998 perderent.
2926 2927 3065 2982 Nihil
3093 2929 3205 2983 laesi
3231 2928 3482 2983 occidere
3512 2929 3787 2984 tentabant.

2282 3020 2338 3074 2.
2371 3019 2576 3075 Invidia
2601 3029 2847 3092 quantum
2885 3019 3096 3072 malum.
3138 3048 3210 3058 ——
3245 3018 3484 3074 Tantum
3507 3029 3588 3075 est
3608 3021 3788 3074 invidia

2213 3112 2433 3168 malum.
2473 3109 2606 3165 Nam
2641 3125 2705 3164 ea
2735 3125 2842 3163 non
2871 3109 3079 3164 alienos
3105 3108 3279 3164 solum
3300 3150 3316 3176 ,
3365 3111 3466 3164 sed
3490 3110 3650 3165 etiam
3675 3124 3789 3171 pro-

2216 3203 2440 3273 pinquos
2467 3217 2682 3270 semper
2708 3201 3001 3271 impugnat.
3030 3199 3239 3254 Marcus
3268 3209 3451 3254 autem
3478 3200 3627 3266 dicit,
3658 3201 3790 3270 ipsos

2213 3310 2333 3350 eum
2378 3293 2694 3350 llerodianis
2753 3292 2804 3347 id
2847 3291 3176 3346 deliberasse
3204 3289 3223 3362 (
3251 3289 3391 3346 Ibid.
3427 3307 3477 3344 υ.
3526 3291 3561 3346 6
3598 3293 3636 3362 ).
3667 3290 3790 3360 Quid

2215 3403 2344 3457 ergo
2386 3388 2474 3442 ille
2513 3394 2825 3440 mansuetus
2855 3393 2911 3439 et
2950 3384 3096 3438 mitis
3122 3383 3145 3436 ?
3174 3382 3300 3437 llaec
3329 3398 3455 3438 eum
3479 3383 3743 3439 didicisset
3769 3425 3784 3447 ,

2215 3481 2456 3535 secessit.
2487 3477 2575 3532 15.
2598 3476 2752 3530 Iesus
2777 3483 2966 3541 autem,
2995 3473 3197 3544 inquit,
3228 3489 3344 3526 cum
3369 3474 3524 3527 sciret
3540 3474 3790 3545 cogitatio-

2215 3587 2303 3625 nes
2321 3585 2516 3636 eorum,
2540 3568 2742 3622 recessit
2766 3566 2904 3619 inde.
2928 3564 3029 3620 Ubi
3057 3575 3183 3619 sunt
3209 3564 3244 3617 ii
3274 3564 3362 3634 qui
3394 3564 3613 3631 dicunt,
3640 3580 3789 3634 opor-

2216 3671 2334 3719 tere
2381 3663 2532 3732 signa
2578 3657 2866 3714 ﬁeri?His
2915 3658 3113 3728 quippe
3166 3655 3450 3721 ostendit,
3506 3656 3788 3726 improbam

2217 3757 2449 3810 animam
2475 3767 2544 3808 ne
2571 3753 2739 3822 signis
2769 3750 2986 3820 quidem
3014 3748 3393 3816 obtemperare
3428 3789 3443 3812 ,
3470 3747 3792 3816 ostenditque

2216 3851 2376 3907 etiam
2407 3846 2699 3916 discipulos
2725 3845 2842 3900 sine
2870 3857 3029 3898 causa
3072 3841 3335 3896 accusari.
3365 3840 3505 3895 Illud
3533 3855 3685 3910 porro
3707 3839 3792 3893 ob-

2217 3939 2539 3997 servandum
2584 3944 2709 4002 est,
2743 3936 2888 4006 ipsos
2927 3932 2995 3988 ob
3036 3930 3296 3988 beneﬁcia
3337 3930 3586 4001 proximo
3618 3929 3789 3984 collata

2218 4033 2387 4104 magis
2411 4030 2665 4086 eil'eratos
2695 4041 2817 4082 esse
2844 4067 2859 4091 ,
2907 4033 2964 4080 et
3008 4023 3099 4078 ubi
3144 4021 3329 4077 vident
3369 4022 3604 4091 aliquem
3641 4028 3726 4073 aut
3762 4033 3791 4072 a

2220 4126 2410 4180 morbo
2429 4131 2522 4178 aut
2547 4135 2578 4175 a
2605 4118 2841 4189 nequitia
2863 4117 3165 4179 liberatum,
3201 4124 3328 4167 tunc
3354 4126 3612 4167 accusare
3631 4152 3646 4178 ,
3679 4121 3790 4164 tunc

2220 4218 2426 4272 feroces
2450 4228 2592 4269 esse.
2623 4213 2755 4266 Nam
2781 4225 2903 4266 cum
2930 4207 3268 4262 meretricem
3292 4204 3359 4260 ad
3388 4202 3791 4274 resipiscentiam

2219 4309 2550 4365 deducturus
2579 4313 2735 4370 erat,
2783 4299 3249 4358 calumniabantur
3292 4311 3461 4362 eum;
3503 4303 3558 4350 et
3598 4292 3791 4365 quando

2221 4415 2344 4456 cum
2392 4395 2691 4470 publicanis
2721 4391 3084 4456 comedebat,
3136 4387 3387 4444 similiter
3419 4404 3435 4440 :
3483 4393 3542 4441 ut
3581 4394 3633 4439 et
3666 4395 3791 4437 nunc

2224 4508 2345 4549 cum
2372 4505 2592 4546 manum
2618 4486 2921 4542 restitutam
2949 4481 3224 4538 viderunt.
3269 4478 3351 4533 Tu
3376 4491 3509 4534 vero
3531 4475 3653 4531 mihi
3672 4488 3790 4529 con-

2225 4583 2403 4641 sidera
2429 4579 2699 4652 quomodo
2723 4585 2778 4632 et
2801 4573 2870 4631 ab
2899 4583 3222 4644 aegrotorum
3250 4583 3379 4625 cura
3400 4583 3513 4624 non
3539 4565 3748 4621 absistat
3773 4601 3789 4626 .

2227 4685 2282 4730 et
2304 4675 2515 4729 illorum
2543 4669 2795 4726 invidiam
2819 4666 3044 4737 mitiget.
3081 4662 3150 4717 Et
3178 4670 3404 4731 sequuti:
3427 4667 3544 4714 sunt
3563 4673 3672 4712 eum
3695 4664 3792 4708 tur-

2229 4769 2305 4822 ba:
2329 4767 2503 4819 multa:
2519 4804 2533 4828 ,
2559 4770 2605 4816 et
2627 4759 2820 4815 curavit
2848 4755 2967 4811 illos
2993 4769 3204 4820 omnes;
3242 4751 3333 4808 16.
3359 4759 3407 4804 et
3429 4746 3696 4819 increpavit
3719 4757 3791 4797 eos

2225 4859 2311 4931 qui
2327 4857 2490 4913 curati
2512 4855 2733 4926 fuerant,
2750 4858 2805 4905 ut
2827 4847 3016 4904 nemini
3040 4847 3212 4916 ipsum
3229 4842 3556 4913 nianifestum
3570 4839 3790 4907 facerent.

2226 4929 2420 5006 Turbae
2446 4945 2645 5015 ubique
2684 4951 2737 4999 et
2776 4941 3039 4996 mirantur
3071 4945 3128 4990 et
3165 4942 3466 5005 sequuntur
3494 4948 3510 4986 :
3537 4929 3611 4984 illi
3633 4934 3791 4981 autem

2228 5057 2260 5096 a
2291 5038 2491 5095 malitia
2517 5014 2623 5091 neu
2648 5032 2935 5089 absistunt.
2966 5027 3171 5084 Deinde
3210 5039 3280 5080 ne
3311 5021 3542 5079 turberis
3566 5018 3631 5075 de
3647 5014 3792 5087 gestis
3819 5061 3822 5076 ε

2227 5133 2404 5202 deque
2429 5125 2729 5184 incredibili
2756 5124 2972 5178 illorum
2999 5119 3178 5174 furore
3202 5159 3217 5183 ,
3255 5115 3572 5186 prophetam
3593 5105 3790 5164 adducit
3816 5095 3826 5159 ξ

2231 5225 2348 5278 haec
2393 5218 2861 5292 praenuntiantem.
2909 5213 3078 5268 Tanta
3105 5209 3250 5266 enim
3288 5216 3406 5262 erat
3430 5202 3785 5275 prophetarum

2228 5285 2502 5372 accuratio
2525 5353 2542 5380 ,
2589 5320 2648 5365 ut
2689 5324 2759 5364 ne
2789 5308 2904 5362 hazc
2931 5304 3148 5375 quidem
3176 5299 3642 5371 praetermitterent
3670 5331 3685 5357 ,
3709 5285 3792 5342 sed

2231 5410 2344 5465 vias
2370 5405 2487 5476 ejus
2517 5412 2572 5460 et
2599 5401 2854 5457 transitus
2877 5396 3277 5468 prophetarent,
3305 5404 3514 5447 necnon
3535 5400 3632 5457 qua
3660 5395 3792 5436 men-

2234 5511 2288 5557 te
2311 5471 2427 5555 baec
2451 5497 2652 5552 iaceret
2680 5511 2695 5558 ;
2727 5502 2785 5548 ut
2809 5491 2987 5545 discas
3012 5530 3027 5554 ,
3083 5487 3206 5542 illos
3231 5490 3480 5539 movente
3505 5475 3691 5547 Spiritu
3717 5471 3788 5524 lo-

2231 5605 2428 5667 quutos
2453 5607 2596 5648 esse.
2641 5587 2778 5644 Nam
2806 5586 2851 5640 si
2883 5584 3160 5638 hominum
3194 5585 3397 5634 secreta
3437 5566 3672 5641 cognosci
3699 5573 3787 5616 non

2233 5660 2493 5760 possunt,
2519 5683 2687 5738 multo
2725 5676 2895 5748 magis
2935 5671 3134 5729 Christi
3183 5683 3376 5738 scopus
3399 5660 3560 5720 edisci
3587 5671 3684 5712 non
3710 5667 3789 5721 p9-

2235 5751 2358 5851 iest,
2387 5780 2488 5837 nisi
2515 5777 2715 5850 Spiritu
2744 5770 3039 5829 revelantc.
3087 5762 3226 5834 Quid
3257 5770 3431 5816 autem
3462 5751 3646 5811 dixerit
3673 5757 3784 5818 pro.
