4074 6358
397 363 531 417 4'4?

400 480 596 548 pheta,
628 475 707 531 sic
735 469 885 529 διατι
911 488 926 527 :
954 471 1043 527 17.
1086 469 1153 525 Ut
1193 469 1484 540 impleretur
1530 468 1663 539 quod
1705 468 1895 521 dictum
1920 475 2011 521 est

410 586 517 639 per
542 568 735 623 Isaiam
753 564 1049 637 prophetam
1074 563 1316 616 dicentem
1342 574 1362 616 :
1384 562 1471 617 18.
1500 560 1634 613 Ecce
1661 575 1786 630 puer
1810 573 1949 611 meus
1974 595 1990 621 ,

397 676 561 722 quem
584 658 730 728 elegi,
754 656 963 711 dilectus
987 670 1140 718 meus,
1165 655 1219 707 in
1245 669 1344 723 quo
1364 651 1661 722 complacuit
1676 651 1845 704 anima
1859 665 1987 702 mea.

402 748 619 803 Ponam
649 748 881 815 spiritum
904 761 1070 799 meum
1093 761 1243 813 super
1267 760 1398 806 eum,
1428 751 1472 796 et
1491 742 1743 813 judicium
1766 738 1993 810 gentibus

402 840 683 893 nuntiabit.
716 838 801 895 19.
830 835 954 891 Non
985 836 1278 901 contendet,
1323 850 1481 902 neque
1525 832 1796 897 clamabit,
1838 845 1995 899 neque

400 932 584 985 audiet
604 931 715 1000 quis
740 931 793 984 in
823 929 1000 1000 plateis
1025 943 1194 982 uocem
1209 929 1350 997 ejus;
1368 926 1459 982 20.
1480 925 1732 980 calamum
1749 939 1994 992 conquas-

400 1033 579 1076 satum
607 1038 709 1076 non
737 1021 1054 1091 confringet,
1092 1029 1139 1073 et
1182 1020 1343 1073 linum
1384 1018 1638 1088 fumigans
1672 1033 1774 1071 non
1805 1016 1995 1070 exstin-

399 1125 530 1185 guet
560 1156 575 1181 ,
614 1115 771 1168 donec
793 1113 1011 1167 emiserit
1040 1112 1093 1165 in
1118 1111 1375 1165 victoriam
1416 1109 1661 1173 iudicium
1697 1106 1869 1181 (Isai.
1898 1106 1990 1161 η.

402 1205 529 1274 1-5)
553 1225 568 1271 ;
596 1205 687 1259 21.
711 1213 757 1257 et
794 1204 849 1257 in
874 1202 1073 1256 nomine
1095 1202 1204 1271 ejus
1224 1210 1392 1271 gentes
1415 1199 1703 1270 sperabunt.
1728 1198 1820 1253 His
1845 1213 1995 1252 man-

402 1296 749 1352 suetudinem
771 1295 887 1363 ejus
911 1303 1004 1361 ,et
1032 1302 1344 1363 potestatem
1371 1291 1691 1348 ineﬁ‘abilem
1710 1292 1945 1347 celebrat
1971 1332 1989 1358 ,

403 1402 766 1457 magnamque
790 1395 843 1441 et
870 1393 1106 1455 apertam
1128 1383 1373 1455 gentibus
1392 1391 1599 1453 portam
1627 1382 1830 1452 aperit,
1852 1381 1991 1436 mala

400 1478 575 1531 etiam
601 1476 815 1532 Judccos
844 1477 1088 1530 invasura
1122 1474 1442 1544 praenuntiat
1468 1488 1482 1538 ;
1525 1482 1582 1527 et
1608 1471 1843 1527 ostendit
1872 1471 1990 1541 ejus

400 1583 535 1622 cum
583 1567 741 1622 Patre
793 1580 1113 1621 consensum
1140 1582 1153 1618 :
1180 1579 1301 1619 nam
1326 1564 1401 1618 ait
1427 1603 1444 1628 ,
1496 1561 1630 1618 Ecce
1655 1580 1782 1633 puer
1804 1579 1945 1619 meus
1971 1604 1988 1629 ,

400 1674 557 1726 quem
585 1657 731 1727 elegi,
753 1656 961 1710 dilectus
979 1671 1139 1719 meus,
1160 1655 1215 1708 in
1234 1670 1330 1723 quo
1349 1653 1651 1722 complacuit
1669 1654 1845 1707 anima
1859 1669 1991 1707 mea.

399 1748 465 1803 Si
494 1757 671 1802 autem
699 1747 857 1817 elegit
882 1761 1005 1802 eum
1038 1787 1055 1811 ,
1088 1745 1273 1815 utique
1309 1760 1414 1799 non
1462 1744 1753 1799 adversans
1783 1744 1884 1815 ipsi
1910 1745 1989 1799 le-

401 1853 533 1908 gem
560 1838 740 1903 solvit,
763 1852 938 1907 neque
962 1845 1021 1891 ut
1047 1834 1623 1905 inimicuslegislatoris
1647 1834 1699 1889 id
1725 1835 1865 1905 agit,
1894 1834 1990 1890 sed

404 1941 471 1985 ut
494 1929 841 1985 consentiens
868 1968 883 1994 ,
916 1927 1211 1997 eademque
1226 1940 1474 1996 operans.
1501 1925 1701 1981 Deinde
1740 1940 1990 1981 mansue-

403 2020 648 2076 tudinem
677 2019 795 2089 ejus
818 2019 1112 2089 prwdicans
1140 2017 1269 2073 dicit
1298 2034 1313 2071 :
1338 2016 1461 2071 Non
1484 2016 1746 2071 contendet
1777 2058 1798 2084 ,
1835 2033 1991 2087 neque

400 2112 665 2166 clamabit.
692 2112 808 2181 Ipse
834 2111 1032 2181 quippe
1060 2109 1272 2179 volebat
1295 2123 1390 2164 eos
1424 2123 1616 2163 sanare
1652 2127 1666 2163 :
1697 2108 1819 2178 quia
1860 2123 1989 2164 vero

404 2203 583 2273 ipsum
606 2203 871 2272 rcpulere,
899 2201 989 2256 ille
1030 2199 1276 2255 reluctari
1303 2199 1492 2254 noluit.
1521 2199 1722 2255 Deinde
1753 2199 1867 2268 ejus
1893 2213 1989 2268 po-

404 2296 629 2349 tentiam
658 2294 974 2360 illorumque
1010 2290 1424 2345 imbecillitatem
1452 2288 1743 2345 ostendens
1770 2330 1786 2354 ,
1814 2288 1944 2343 dicit
1971 2307 1987 2345 :

403 2386 675 2441 Calamam
715 2392 1101 2453 conquassatum
1145 2398 1247 2436 non
1294 2382 1598 2452 confringet.
1655 2379 1795 2435 Nam
1836 2379 1991 2436 facile

403 2485 526 2532 erat
575 2490 669 2530 eos
707 2488 893 2529 omnes
937 2482 995 2527 ut
1031 2472 1293 2527 calamum
1336 2472 1669 2542 confringere
1703 2488 1717 2536 ;
1748 2472 1854 2525 imo
1883 2488 1988 2527 non

405 2566 573 2620 modo
592 2565 854 2619 calamum
879 2605 896 2631 ,
917 2563 1009 2618 sed
1036 2563 1145 2633 jam
1173 2572 1603 2632 conquassatum.
1630 2561 1695 2615 Et
1723 2562 1882 2616 linum
1907 2565 1991 2632 fn-

404 2660 606 2729 migans
625 2676 723 2711 non
746 2657 1045 2726 exstinguet.
1079 2657 1176 2710 Hie
1201 2655 1413 2709 illorum
1438 2655 1568 2708 iram
1591 2655 1860 2709 incensam
1890 2654 1987 2708 dc-

402 2752 578 2806 elarat
607 2790 623 2811 ,
656 2749 897 2817 illiusque
940 2746 1304 2801 fortitudinem
1329 2786 1343 2809 ,
1374 2760 1494 2814 qua:
1540 2753 1719 2814 posset
1756 2746 1988 2800 lusorem

405 2842 644 2911 ipsorum
673 2840 905 2907 Solvere,
922 2846 977 2893 et
1004 2853 1125 2893 cum
1149 2837 1397 2893 facilitate
1426 2852 1612 2907 magna
1629 2837 1984 2906 exstinguere.

408 2935 563 2991 Unde
584 2936 700 3002 ejus
728 2931 1079 2986 mansuetudo
1103 2932 1286 3001 ingens
1306 2930 1625 2985 ostenditur.
1650 2930 1783 2998 Quid
1809 2930 1993 3000 igitur?-

403 3045 474 3082 an
506 3028 619 3081 lucc
647 3040 859 3094 semper
885 3033 1040 3078 erunt
1066 3024 1090 3076 ’ἶ
1124 3038 1191 3077 an
1219 3037 1431 3092 semper
1456 3021 1591 3077 feret
1614 3037 1709 3077 eos
1733 3021 1987 3076 insidian-

408 3129 490 3175 tes
504 3134 566 3172 ac
596 3117 875 3172 furentes?
897 3117 1096 3184 Apage;
1125 3115 1219 3169 sed
1244 3130 1364 3170 cum
1392 3128 1486 3169 sua
1514 3113 1834 3177 exhibuerit,
1862 3124 1987 3168 tunc

407 3222 463 3267 et
506 3210 593 3270 illa
633 3218 991 3278 exsequetur:
1020 3207 1073 3261 id
1120 3208 1260 3261 enim
1296 3206 1613 3275 signiﬁcavit
1649 3206 1730 3258 his
1761 3205 1935 3260 verbis
1967 3222 1983 3259 :

405 3305 580 3358 Donec
596 3303 791 3358 emittat
812 3302 863 3354 in
889 3301 1147 3354 victoriam
1164 3299 1419 3370 judicium
1447 3316 1466 3363 ;
1512 3307 1559 3353 et
1578 3299 1631 3352 in
1658 3299 1855 3352 nomine
1877 3298 1985 3367 ejus

404 3406 576 3468 gentes
599 3392 869 3462 sperabunt
894 3407 928 3442 :.
943 3390 1388 3461 quemadmodum
1418 3400 1473 3445 et
1499 3390 1696 3445 Paulus
1725 3390 1797 3443 ait
1831 3407 1843 3441 :
1882 3388 1986 3442 Ρα-

403 3491 504 3545 rati
527 3505 722 3543 omnem
743 3486 1127 3541 inobedientiam
1154 3486 1340 3539 ulcisci.
1357 3526 1371 3550 ,
1411 3501 1528 3540 cum
1553 3486 1800 3554 completa
1827 3486 1981 3557 fuerit

403 3580 688 3635 obedientia
714 3588 877 3633 vestra
912 3577 988 3651 (l.
1028 3576 1145 3632 Cor.
1187 3577 1274 3633 10.
1303 3577 1380 3649 6).
1406 3577 1544 3645 Quid
1570 3593 1695 3632 vero
1725 3579 1986 3648 signiﬁcat

405 3673 537 3728 illud
566 3714 581 3739 ,
618 3673 745 3729 Cum
777 3674 996 3728 emiserit
1032 3673 1086 3726 in
1122 3672 1382 3727 uictoriam
1401 3672 1698 3742 judtcmm?
1722 3672 1857 3727 Cum
1886 3687 1983 3727 sua

402 3764 584 3818 omnia
607 3764 929 3833 impleverit,
959 3762 1167 3833 inquit,
1193 3773 1318 3817 tunc
1348 3754 1872 3821 vindictam’inducet
1891 3805 1907 3830 ,
1930 3772 1986 3819 et

404 3855 660 3910 ultionem
714 3855 1023 3925 perfectam.
1069 3854 1218 3908 Tunc
1264 3853 1445 3924 gravia
1500 3855 1804 3923 patientur,
1858 3870 1981 3909 cum

405 3945 743 4015 splendidum
772 3945 1019 4000 statuerit
1046 3956 1329 4014 tropaeum,
1362 3953 1419 3999 et
1439 3943 1554 4013 ejus
1575 3943 1986 4014 justiﬁeationes

402 4040 636 4096 vicerint
666 4058 682 4105 ;
713 4054 776 4095 ac
823 4055 892 4094 ne
942 4038 1280 4108 impudenter
1323 4036 1541 4107 quidem
1581 4037 1984 4093 contradicendi

403 4145 590 4186 ansam
617 4130 901 4200 relinquet.
918 4128 1225 4185 Soletenim
1249 4127 1505 4197 judicium
1532 4127 1698 4198 ipsam
1719 4127 1981 4197 justitiam

403 4219 606 4276 dicere.
632 4221 736 4276 Sed
769 4236 873 4275 non
904 4220 959 4275 in
985 4220 1088 4275 hoc
1112 4229 1313 4274 tantum
1339 4220 1597 4275 consistet
1624 4218 1739 4289 ejus
1763 4233 1984 4274 meone-

404 4313 510 4367 mia
534 4353 550 4378 ,
596 4312 737 4382 quod
766 4311 1022 4367 increduli
1065 4312 1388 4381 puniantur:
1420 4326 1605 4365 verum
1628 4310 1787 4364 etiam
1815 4320 1982 4364 totum

404 4404 589 4458 orbem
615 4402 866 4459 attrahet.
896 4403 1230 4473 QuaprOpter
1258 4403 1529 4472 subjunxit
1560 4419 1575 4455 :
1605 4401 1673 4454 Et
1694 4402 1747 4455 in
1776 4402 1978 4456 nomine

404 4496 513 4566 ejus
533 4506 699 4567 gentes
718 4495 1013 4566 sperabunt.
1046 4494 1247 4549 Deinde
1271 4504 1328 4548 ut
1350 4494 1547 4558 discas,
1576 4492 1679 4548 hoc
1708 4494 1865 4548 etiam
1895 4508 1984 4547 se-

404 4587 638 4642 cundum
682 4588 1014 4641 voluntatem
1056 4585 1229 4640 Patris
1272 4600 1393 4640 esse
1425 4626 1441 4651 ,
1480 4585 1533 4638 in
1564 4584 1679 4653 ipso
1724 4584 1985 4653 principio

404 4682 664 4751 propheta
713 4680 814 4735 hoc
857 4693 979 4733 cum
1026 4678 1298 4747 prioribus
1340 4678 1676 4732 conlirmavit
1704 4716 1719 4740 ,
1753 4676 1984 4731 dicens:

404 4771 629 4826 Dilectus
656 4786 825 4834 meus,
862 4770 917 4823 in
944 4784 1044 4840 quo
1079 4767 1173 4821 sibi
1200 4766 1508 4837 complacuit
1537 4767 1708 4818 anima
1736 4782 1863 4820 mea.
1891 4767 1985 4821 Et-

403 4862 544 4915 enim
573 4860 749 4930 palam
794 4868 874 4914 est
902 4858 1154 4933 dilectum
1191 4856 1482 4912 secundum
1522 4856 1790 4927 diligentis
1814 4871 1873 4911 se
1896 4873 1987 4909 vo-

405 4954 664 5009 luntatem
686 4951 801 5005 haec
816 4950 1026 5006 fecisse.
1044 4938 1136 5003 ‘22.
1169 4948 1309 5002 Tunc
1333 4949 1615 5002 obtulerunt
1642 4948 1686 5002 ei
1712 4948 1988 5002 daemonia-

403 5063 540 5112 cunt,
569 5060 758 5099 cwcum
786 5053 834 5097 et
862 5052 1075 5106 mutum,
1105 5051 1152 5096 et
1191 5043 1380 5097 curavit
1413 5058 1549 5107 eum,
1582 5043 1651 5094 ita
1676 5050 1730 5094 ut
1752 5057 1912 5095 ca'cus
1940 5049 1987 5094 et

404 5149 575 5192 mutus
603 5138 887 5206 loqueretur
911 5144 956 5188 et
980 5134 1186 5187 videret.

475 5231 530 5284 3.
574 5228 804 5283 Christus
849 5227 1099 5293 beneﬁcus
1125 5266 1140 5290 ,
1195 5224 1576 5279 Pharisazorum
1618 5223 1857 5277 invidiam
1901 5241 1987 5278 ex-

405 5324 546 5374 citat.
594 5319 813 5373 Invidia:
861 5318 1058 5372 nullum
1112 5334 1206 5387 par
1250 5317 1459 5369 malum.
1527 5315 1702 5385 Ipsius
1743 5317 1984 5371 remedia.

402 5438 475 5453 --
513 5411 556 5466 0
601 5410 800 5464 malitia
846 5407 1151 5481 dagmonis!
1196 5406 1489 5476 Utramque
1538 5406 1677 5459 viam
1717 5447 1732 5470 ,
1786 5423 1889 5477 qua
1943 5409 1987 5461 is

404 5502 707 5557 crediturus
736 5509 873 5563 erat,
904 5499 1265 5561 obstruxerat,
1297 5498 1471 5552 visum
1494 5506 1549 5552 et
1572 5497 1812 5551 auditum
1843 5517 1865 5551 :.
1890 5498 1985 5553 sed

407 5606 688 5665 utramque
731 5592 977 5647 Christus
1024 5590 1253 5661 aperuit.
1283 5590 1374 5644 25.
1410 5588 1473 5643 Et
1521 5591 1787 5658 stupebant
1831 5589 1989 5643 turba:

405 5690 629 5741 dicentes
658 5700 677 5739 :
706 5684 844 5739 Num
860 5684 969 5754 juid
991 5684 1072 5737 hic
1100 5693 1172 5738 est
1199 5682 1339 5751 ﬁlius
1384 5681 1591 5735 David?
1620 5680 1709 5735 21.
1737 5679 1987 5735 Pltariswi

413 5790 591 5857 autem
602 5780 838 5834 dixerunt
875 5792 894 5833 :
927 5770 1289 5843 llicnonejlicit
1307 5769 1588 5841 dwnwuia,
1605 5770 1705 5824 nisi
1725 5771 1769 5822 ἰιι
1786 5771 1984 5829 Beelze-

1433 354 1500 412 ΙΝ
1537 352 1945 412 ΜΑΤΤΗΊΕΗΜ
1984 352 2213 411 "OMIL.
2254 356 2365 414 XL.
2406 361 2477 415 ai.
2519 360 2655 417 XLI”.

3572 374 3676 429 “2

2104 468 2201 523 bub
2230 472 2456 544 principe
2472 475 2854 530 dcemoniorum.
2872 476 3032 549 Atqui
3059 479 3184 551 quid
3206 482 3379 554 magni
3408 485 3577 540 turba:
3598 489 3677 541 di-

2102 574 2289 619 xerant
2313 566 2337 619 ?
2363 568 2615 622 Attamen
2644 568 2695 623 id
2726 569 2985 627 Pharisaei
3015 588 3121 627 non
3150 574 3430 631 tulerunt:
3457 578 3535 632 sic
3559 579 3678 645 illi,

2102 665 2157 711 ut
2186 671 2344 727 supra
2375 658 2521 723 dixi,
2548 674 2762 729 semper
2785 677 2851 717 ex
2882 662 3156 720 beneﬁciis
3185 668 3431 735 proximo
3461 670 3679 724 collatis!

2101 751 2447 818 mordentur,
2478 751 2610 806 nihil
2638 753 2710 807 ita
2736 751 2840 809 illis
2864 754 3105 810 dolorem
3134 758 3299 826 parit,
3322 770 3382 812 ut
3402 758 3674 814 hominum

2099 844 2264 899 salus.
2294 844 2626 914 Quamquam
2653 846 2809 903 Jesus
2829 857 3148 916 recesserat,
3172 856 3228 904 et
3256 849 3431 905 locum
3457 851 3679 906 dederat

2100 945 2160 989 ut
2184 936 2262 990 ira
2287 935 2606 993 sedaretur:
2644 939 2737 994 sed
2766 953 2952 994 rursus
2992 955 3275 997 accensum
3307 942 3505 997 malum
3535 945 3629 997 fuit
3660 984 3677 1008 ,

2100 1026 2223 1096 quia
2253 1042 2440 1083 rursus
2472 1028 2792 1085 beneﬁcium
2837 1030 3033 1085 factum
3059 1040 3172 1099 est,
3217 1033 3399 1102 iHique
3428 1034 3675 1104 indigna-

2099 1119 2294 1174 bantur
2317 1119 2438 1190 plus
2457 1136 2615 1190 quam
2638 1123 2750 1193 ipse
2769 1124 3002 1191 daemon,
3022 1125 3111 1195 qui
3135 1136 3433 1183 secesserat
3459 1142 3527 1184 ex
3554 1145 3676 1184 cor-

2100 1225 2231 1280 pore
2253 1252 2269 1278 ,
2297 1221 2352 1267 et
2377 1212 2677 1284 aufugerat,
2722 1215 2852 1270 nihil
2880 1216 3129 1287 loquutus
3156 1234 3172 1282 ;
3230 1218 3282 1272 hi
3301 1230 3488 1274 autem
3514 1222 3674 1275 modo

2100 1301 2249 1358 illum
2294 1303 2592 1361 interlieere
2628 1308 2945 1374 tentabant,
2990 1309 3150 1363 modo
3194 1310 3674 1367 ealumniabantnr.

2099 1393 2234 1460 Quia
2260 1395 2404 1450 enim
2431 1396 2561 1452 illud
2597 1413 2703 1452 non
2739 1407 2885 1454 recte
2913 1400 3235 1469 procedebat
3264 1442 3281 1468 ,
3330 1402 3515 1473 gloriae
3561 1406 3679 1471 ejus

2102 1502 2300 1544 nocere
2320 1488 2585 1544 volebant.
2614 1489 2927 1559 llujusmodi
2957 1506 3049 1547 res
3071 1502 3154 1547 est
3184 1493 3402 1558 invidia,
3437 1496 3521 1551 cui
3550 1498 3668 1550 nnl-

2099 1578 2210 1633 lum
2252 1594 2348 1650 par
2386 1581 2608 1636 malum.
2655 1581 2788 1636 Nam
2833 1582 3077 1639 machus
3116 1585 3442 1656 voluptatem
3485 1589 3677 1644 saltem

2098 1670 2381 1739 quamdam
2406 1672 2665 1742 percipit,
2685 1682 2741 1729 et
2766 1673 2913 1730 brevi
2943 1682 3185 1745 tempore
3214 1688 3489 1747 peccatum
3519 1694 3674 1734 suum

2100 1760 2340 1830 perﬁcit:
2369 1762 2577 1820 invidus
2603 1781 2730 1821 vero
2756 1780 2817 1822 se
2846 1766 2992 1836 prius
3020 1783 3178 1838 quam
3209 1786 3331 1825 eum
3359 1773 3449 1841 qui
3478 1772 3679 1827 invidet

2098 1854 2360 1923 supplicio
2384 1854 2569 1921 afﬁcit,
2602 1872 2778 1928 neque
2798 1858 2959 1914 ﬁnem
2980 1876 3233 1928 umquam
3253 1863 3507 1931 peccandi
3531 1864 3673 1927 facit,

2097 1955 2152 2001 et
2172 1946 2225 2000 in
2250 1958 2468 2016 peccato
2491 1959 2759 2004 versatur.
2781 1948 2930 2005 Sicut
2955 1967 3046 2006 sus
3072 1953 3123 2007 in
3147 1954 3258 2007 luto
3280 1995 3295 2019 ,
3319 1964 3375 2009 et
3401 1956 3541 2010 sicut
3570 1956 3677 2011 du:-

2098 2053 2285 2093 mones
2308 2038 2376 2093 de
2398 2038 2596 2094 damno
2623 2050 2806 2096 nostro
2836 2041 3082 2097 lmtantur
3114 2061 3127 2096 :
3161 2044 3238 2097 sic
3277 2054 3330 2099 et
3372 2045 3586 2099 invidus
3611 2047 3678 2101 de

2099 2131 2326 2200 proximi
2355 2133 2507 2186 malis
2529 2132 2726 2201 gaudet
2755 2152 2769 2188 :
2797 2142 2853 2188 et
2880 2134 2926 2188 si
2955 2134 3080 2204 quid
3114 2136 3213 2204 ipsi
3255 2139 3406 2189 triste
3444 2145 3498 2190 et
3540 2137 3678 2206 inju-

2096 2211 2327 2275 cimdum
2358 2222 2590 2287 eveniat,
2610 2232 2735 2278 tunc
2764 2223 2854 2279 ille
2883 2224 3108 2293 quiescit
3132 2234 3186 2279 et
3213 2226 3677 2295 respirat,alienas

2098 2328 2365 2369 aerumnas
2410 2314 2662 2385 gaudium
2699 2330 2819 2371 esse
2872 2331 3027 2371 suum
3072 2327 3304 2386 putans,
3346 2328 3400 2373 et
3452 2317 3675 2372 aliorum

2097 2404 2235 2460 bona
2272 2408 2545 2476 proprium
2589 2408 2688 2461 sibi
2722 2410 2918 2462 malum
2951 2425 2965 2473 ;
2996 2425 3169 2478 neque
3214 2410 3519 2465 considerat
3552 2412 3676 2479 quid

2098 2497 2197 2550 sibi
2225 2512 2410 2563 suave,
2440 2497 2536 2553 sed
2556 2498 2683 2567 quid
2715 2500 2958 2568 proximo
2984 2515 3343 2591 :erqmnosum
3370 2504 3458 2556 sit.
3491 2502 3678 2557 Nonne

2098 2586 2231 2641 tales
2254 2587 2496 2643 homines
2522 2587 2790 2658 Iapidandi
2818 2598 2875 2645 et
2899 2586 3174 2659 suppliciis
3202 2591 3483 2662 torquendi
3510 2601 3675 2656 sunt,

2095 2688 2156 2733 ut
2182 2694 2343 2735 canes
2363 2680 2531 2734 rabidi
2557 2723 2574 2747 ,
2605 2690 2666 2735 ut
2691 2681 2964 2738 daemones
2994 2682 3171 2737 infesti
3199 2724 3216 2749 ,
3238 2691 3298 2737 ut
3323 2683 3450 2752 ipsae
3478 2683 3626 2737 furia:
3654 2683 3679 2736 ?

2094 2768 2228 2824 Nam
2250 2769 2696 2838 quemadmodum
2727 2771 2983 2827 scarabaei
3009 2772 3062 2826 in
3093 2772 3219 2827 ﬁmo
3240 2774 3546 2828 nutriuntur
3564 2815 3577 2837 ,
3597 2774 3678 2827 sic

2096 2871 2148 2916 et
2176 2861 2227 2914 hi
2252 2862 2303 2914 in
2325 2861 2514 2917 alienis
2539 2863 2928 2919 calamitatibus
2957 2904 2971 2928 ,
2999 2878 3316 2919 communes
3342 2874 3547 2920 natura:
3573 2848 3678 2919 ini-

2094 2950 2216 3005 mici
2246 2960 2300 3006 et
2331 2950 2537 3006 hostes.
2580 2951 2649 3006 Et
2684 2952 2774 3007 alii
2807 2952 3021 3023 quidem
3063 2954 3110 3008 si
3156 2954 3344 3010 brutas
3369 2956 3673 3009 animantes

2091 3041 2357 3112 jugulatas
2402 3042 2672 3109 viderint,
2708 3043 3070 3100 misericordia
3115 3056 3426 3114 moventur;
3453 3056 3510 3103 tu
3538 3064 3666 3102 vero

2094 3132 2364 3188 hominem
2385 3134 2570 3190 videns
2596 3133 2854 3191 beneﬁcio
2883 3135 3154 3203 allectum,
3180 3137 3441 3203 eﬁ'craris,
3469 3140 3674 3203 tremis,

2094 3225 2267 3294 palles
2292 3225 2318 3279 ?
2339 3225 2545 3296 Ecquid
2589 3226 2693 3282 hoc
2735 3226 2914 3283 lurore
2936 3227 3177 3283 deterius
3200 3229 3223 3283 ?
3250 3229 3375 3284 ldeo
3404 3229 3673 3285 fornicarii

2093 3326 2148 3372 et
2196 3316 2464 3387 publicani
2507 3316 2561 3372 in
2609 3333 2832 3388 regnum
2882 3319 3083 3378 intrare
3132 3329 3465 3391 potuerunt;
3513 3322 3675 3376 invidi

2093 3425 2242 3477 vero,
2273 3410 2363 3481 qui
2393 3413 2537 3465 intus
2560 3420 2751 3476 erant,
2783 3412 2981 3481 egressi
3004 3421 3131 3468 sunt
3155 3430 3170 3467 :
3196 3429 3318 3469 nam
3348 3413 3471 3468 Filii
3504 3417 3668 3485 regni,

2094 3500 2286 3570 inquit,
2321 3503 2460 3571 foras
2488 3502 2752 3571 ejicientur
2785 3501 2998 3573 (Matth.
3027 3502 3081 3558 3.
3108 3502 3223 3575 12).
3256 3504 3325 3559 Et
3353 3505 3426 3559 illi
3452 3507 3668 3575 quidem

2092 3592 2160 3648 ab
2188 3593 2418 3663 nequitia
2442 3595 2632 3663 erepti,
2655 3609 2773 3665 quae
2799 3610 3085 3666 numquam
3102 3607 3539 3667 exspectaverant
3557 3614 3676 3653 con-

2092 3686 2301 3755 sequuti
2328 3694 2488 3740 sunt:
2514 3684 2569 3740 hi
2598 3700 2726 3741 vero
2754 3686 2890 3741 bona
2914 3703 3032 3757 qua:
3059 3686 3168 3757 jam
3201 3690 3457 3744 tenebant
3482 3690 3677 3743 amise-

2091 3784 2219 3831 runt
2247 3792 2262 3842 ;
2294 3785 2347 3831 et
2362 3776 2485 3847 jure
2508 3775 2741 3847 quidem.
2762 3777 2874 3832 lloc
2894 3777 3038 3833 enim
3070 3777 3338 3834 diabolum
3369 3797 3435 3835 ex
3458 3779 3677 3834 homine

2091 3868 2254 3936 facit;
2285 3869 2385 3924 hoc
2409 3868 2640 3924 ferocem
2666 3869 2963 3924 dazmonem
2985 3868 3170 3926 efﬁcit.
3205 3870 3293 3926 Sic
3315 3875 3481 3941 prima
3504 3872 3677 3926 cmdes

2091 3960 2228 4016 facta
2259 3969 2342 4016 est
2369 3979 2384 4029 ;
2412 3962 2491 4016 sic
2515 3969 2718 4016 natura:
2746 3961 2887 4015 nulla
2916 3960 3097 4016 habita
3124 3964 3261 4017 ratio
3292 3963 3387 4017 fuit
3412 3962 3565 4033 (Gen.
3596 3963 3673 4029 4);

2093 4056 2173 4112 sic
2201 4064 2345 4111 terra
2382 4056 2585 4125 polluta
2626 4066 2745 4122 est;
2774 4055 2854 4111 sic
2900 4064 3083 4124 postea
3126 4070 3190 4109 os
3228 4069 3382 4110 suum
3426 4055 3676 4124 aperiens

2095 4160 2255 4214 terra,
2294 4148 2520 4214 Dathan,
2542 4148 2682 4204 Core
2702 4155 2757 4203 et
2780 4148 3004 4212 Abiron,
3030 4156 3303 4218 totumque
3334 4147 3482 4201 illum
3505 4162 3674 4218 pepu-

2094 4243 2201 4297 lnm
2231 4243 2440 4312 excepit
2468 4250 2524 4298 et
2547 4240 2773 4312 perdidit
2794 4240 2981 4312 (Num.
3012 4241 3127 4310 16).
3158 4242 3258 4303 At.
3290 4241 3488 4295 dixerit
3512 4242 3670 4310 quis-

2094 4337 2258 4406 piam,
2282 4335 2435 4391 facile
2457 4344 2543 4391 est
2565 4335 2634 4390 de
2658 4333 2854 4390 invidia
2879 4349 3135 4390 accusare
3156 4374 3173 4401 ,
3200 4333 3295 4390 sed
3328 4315 3629 4389 docendum
3655 4334 3672 4365 ⁸

2093 4444 2199 4498 quo
2224 4437 2380 4496 pacto
2409 4425 2572 4481 invidi
2599 4426 2667 4481 ab
2695 4425 2796 4481 hoc
2831 4425 3022 4480 morbo
3052 4425 3365 4479 liberentur.
3395 4424 3676 4490 Quomodo

2094 4532 2221 4587 ergo
2250 4516 2597 4572 liherabimur
2621 4516 2690 4571 ab
2711 4516 2988 4586 iniquitate
3009 4514 3379 4585 hujuscemodi
3400 4516 3423 4567 ?
3447 4514 3505 4569 Si
3534 4517 3682 4588 cegi-

2095 4620 2290 4675 temus,
2313 4610 2450 4665 sicut
2464 4608 2772 4664 fornicatori
2798 4624 2903 4662 non
2931 4608 3055 4663 licet
3075 4609 3273 4663 intrare
3294 4611 3347 4662 in
3367 4608 3672 4671 ecclesiam,

2094 4701 2173 4755 sic
2198 4716 2371 4770 neque
2398 4700 2613 4766 invido;
2646 4702 2754 4755 imo
2793 4700 2972 4756 minus
3011 4700 3137 4754 huic
3178 4700 3343 4754 licere
3386 4714 3545 4769 quam
3579 4700 3675 4752 illi.

2093 4792 2246 4847 Nunc
2264 4792 2476 4861 quidem
2498 4792 2693 4846 malum
2724 4790 2853 4845 illud
2880 4792 3029 4861 quasi
3049 4790 3356 4845 indill'erens
3384 4804 3504 4845 esse
3534 4789 3678 4843 vide-

2098 4893 2183 4938 tur
2208 4900 2223 4948 ;
2250 4883 2474 4952 ideoque
2499 4883 2784 4953 negligitur
2808 4898 2823 4936 :
2847 4883 2941 4937 sed
2966 4881 3009 4937 si
3039 4881 3379 4937 manifestum
3410 4882 3575 4935 semel
3607 4883 3677 4934 sit

2096 4976 2294 5030 malum
2331 4991 2453 5031 esse
2477 5018 2491 5039 ,
2524 4975 2679 5030 facile
2706 4977 2774 5031 ab
2811 4991 2876 5031 eo
2903 4977 3225 5032 resiliamus.
3256 4976 3401 5044 Luge
3432 4976 3589 5044 igitur
3619 4986 3674 5030 ct

2097 5065 2424 5137 iugemisce;
2452 5066 2749 5120 lamentare
2774 5074 2828 5120 et
2856 5065 3027 5120 Deum
3060 5079 3300 5136 precare.
3339 5064 3495 5119 Disce
3521 5068 3673 5134 quasi

2100 5160 2167 5215 de
2200 5160 2520 5229 gravissimo
2543 5170 2764 5229 peccato
2800 5159 2971 5225 allici,
3010 5158 3452 5228 etpmnitentiam
3494 5174 3671 5228 agere.

2096 5250 2163 5306 Et
2192 5253 2235 5307 si
2277 5253 2357 5308 sic
2392 5251 2617 5308 aﬂ‘ectns
2664 5252 2834 5307 fueris
2858 5292 2874 5317 ,
2910 5252 3019 5307 cito
3060 5251 3130 5305 ab
3153 5251 3256 5305 hoc
3297 5251 3487 5304 morbo
3536 5250 3673 5302 liber

2095 5344 2310 5399 evades.
2345 5344 2535 5413 Ecquis
2580 5343 2825 5412 ignorat,
2852 5340 3061 5410 inquies
3084 5381 3100 5405 ,
3130 5340 3383 5395 invidiam
3411 5355 3533 5395 esse
3558 5354 3675 5392 ma-

2097 5439 2205 5493 lum
2231 5437 2254 5490 ?
2285 5438 2497 5505 ignorat
2534 5435 2750 5505 quidem
2776 5450 2936 5488 nemo
2974 5451 2988 5499 ;
3021 5432 3117 5488 sed
3150 5444 3331 5488 tamen
3358 5447 3462 5486 non
3493 5447 3674 5501 parrm

2097 5544 2217 5585 esse
2255 5528 2496 5582 morbum
2525 5534 2711 5595 putant
2739 5524 3075 5579 fornicationi
3116 5533 3171 5578 et
3211 5523 3495 5578 adulterio.
3545 5523 3674 5577 Nam

2097 5622 2215 5692 quis
2236 5635 2483 5690 numnam
2517 5633 2639 5673 sese
2660 5608 2949 5682 damnavit,
2979 5615 3120 5687 quod
3155 5616 3300 5687 gravi
3332 5613 3539 5695 invidia
3572 5617 3672 5668 du-

2160 5772 2173 5801 ¹
2198 5773 2334 5838 Lege
2351 5773 2435 5826 sed
2455 5770 2809 5838 inquirendum.
