4074 6358
408 383 505 438 H3

401 506 520 550 ctus
541 494 768 548 fuisset?
793 491 1142 560 Quandonam
1173 493 1294 562 quis
1314 495 1523 563 rogavit
1547 490 1733 556 Deum,
1767 499 1824 545 ut
1845 490 1987 546 circa

403 586 542 639 lmuc
561 585 813 640 morbum
840 584 939 638 sibi
964 584 1226 656 prepitius
1251 586 1438 640 esset?
1466 584 1635 640 Nemo
1655 584 1839 654 utique
1865 599 1985 638 um-

395 691 576 746 quam;
602 676 697 732 sed
714 675 975 746 sijejunet
989 691 1052 730 ac
1073 675 1336 730 tantillum
1359 676 1598 745 pecuniae
1618 675 1710 731 det
1740 675 1983 745 pauperi,

393 769 737 838 quantumvis
753 770 822 824 sit
835 770 1061 836 invidus,
1076 769 1210 824 nihil
1231 784 1290 824 se
1309 785 1468 838 grave
1487 769 1771 825 admisisse
1794 777 1944 840 putat
1967 786 1981 836 ;

398 861 524 914 licet
561 862 880 931 gravissimo
918 863 1156 916 omnium
1189 862 1376 918 morbo
1394 870 1656 917 teneatur.
1709 861 1983 917 Uudenam

394 953 525 1008 Cain
546 964 652 1009 tam
667 955 924 1010 scelestus
939 955 1159 1012 effectus
1174 957 1291 1012 est?
1313 957 1454 1012 unde
1469 956 1634 1010 Esau?
1655 956 1794 1010 unde
1811 955 1984 1010 Laba-

395 1048 448 1101 ni
477 1047 606 1104 filii?
627 1050 765 1105 unde
787 1051 882 1105 lilii
903 1050 1125 1106 Jacobi?
1155 1051 1294 1105 unde
1315 1050 1453 1104 Core
1481 1091 1497 1115 ,
1539 1049 1744 1104 Dathan
1775 1059 1830 1104 et
1851 1048 1982 1103 Abi-

395 1141 533 1194 ron?
563 1141 704 1196 unde
737 1141 944 1196 Maria?
971 1141 1112 1196 unde
1137 1143 1314 1198 Aaron
1341 1141 1364 1194 ?
1392 1140 1532 1195 unde
1552 1141 1668 1210 ipse
1697 1138 1983 1194 diabolus?

464 1238 521 1292 4.
553 1234 685 1290 Cum
725 1235 810 1289 his
841 1234 944 1290 hoc
987 1235 1149 1290 etiam
1180 1233 1449 1304 perpende
1472 1274 1488 1298 ,
1523 1243 1574 1288 te
1614 1248 1719 1287 nou
1747 1247 1870 1287 cum
1897 1232 1981 1286 cui

393 1327 600 1384 invides
631 1327 832 1383 laedere
861 1369 876 1393 ,
910 1325 1004 1382 sed
1045 1327 1096 1381 in
1123 1326 1352 1395 teipsum
1386 1326 1618 1396 gladium
1646 1335 1878 1380 vertere.
1924 1323 1979 1377 lu

392 1436 500 1490 quo
525 1421 670 1476 enim
698 1420 923 1475 'Abelnm
947 1419 1077 1475 Cain
1100 1419 1237 1475 Iresit
1256 1419 1281 1473 ?
1300 1418 1452 1474 illum
1481 1419 1639 1473 citius
1668 1418 1752 1472 vel
1783 1417 1982 1471 invitus

390 1515 446 1569 in
479 1529 699 1586 regnum
728 1514 894 1579 misit,
923 1529 1086 1584 seque
1111 1513 1381 1567 sexcentis
1404 1511 1629 1566 involvit
1655 1510 1832 1565 malis.
1865 1509 1980 1577 Qua

391 1606 445 1660 in
479 1621 540 1661 re
578 1604 779 1660 Jacobo
808 1605 988 1659 nocuit
1036 1603 1182 1658 Esau
1210 1604 1233 1657 ?
1260 1618 1440 1656 annon
1482 1601 1573 1658 ille
1595 1601 1747 1656 dives
1781 1609 1900 1654 erat
1927 1609 1983 1656 et

389 1696 537 1750 mille
556 1695 712 1750 bouis
739 1694 1030 1758 fruebatur,
1065 1693 1151 1748 hic
1175 1709 1302 1748 vero
1332 1702 1548 1762 paterna
1577 1691 1738 1747 domo
1757 1691 1978 1758 excidit,

395 1799 449 1843 et
493 1798 614 1856 post
656 1795 884 1842 structas
930 1786 1153 1841 insidias
1179 1785 1233 1839 in
1264 1785 1438 1839 aliena
1483 1783 1702 1854 regione
1730 1781 1980 1838 erravit?

393 1879 534 1948 Quid
580 1888 759 1933 autem
790 1877 974 1933 Jacobi
1019 1877 1162 1932 ﬁlii?
1195 1892 1262 1931 an
1310 1875 1601 1946 Joscphum
1644 1875 1698 1929 in
1739 1873 1979 1945 peiorem

387 1982 585 2026 statum
613 1971 949 2026 adduxerunt
973 2013 988 2036 ,
1017 1971 1226 2026 etiamsi
1249 1985 1417 2040 usque
1443 1969 1508 2024 ad
1540 1968 1852 2040 sanguinem
1883 1984 1978 2023 ve-

387 2065 597 2118 nissent
621 2063 644 2115 ?
670 2062 858 2118 Nonne
884 2062 1186 2118 istifamem
1217 2063 1381 2132 passi,
1410 2076 1474 2115 ac
1501 2061 1570 2116 de
1599 2059 1856 2115 extremis
1884 2075 1978 2130 pe-

387 2157 604 2211 riclitati
629 2167 772 2221 sunt,
802 2157 893 2212 ille
915 2171 1045 2211 vero
1073 2171 1168 2212 rex
1198 2156 1250 2210 in
1279 2165 1387 2210 tota
1415 2155 1650 2226 Egypto
1677 2153 1818 2208 fuit?
1842 2153 2008 2209 Nam"

387 2259 587 2318 quanto
616 2249 783 2319 magis
809 2248 1007 2303 invidia
1038 2248 1389 2312 laboraveris,
1425 2255 1572 2300 tanto
1594 2248 1794 2315 majora
1821 2245 1869 2300 ei
1891 2245 1977 2300 cui

386 2341 595 2396 invides
621 2341 758 2395 bona
788 2340 1059 2395 concilias.
1084 2340 1224 2394 Deus
1239 2340 1381 2394 enim
1404 2381 1419 2405 ,
1437 2339 1526 2409 qui
1553 2347 1744 2392 cuncta
1774 2338 1976 2406 perspi-

387 2436 462 2489 cit
495 2475 509 2499 ,
547 2449 667 2488 cum
690 2433 836 2487 videt
857 2448 980 2488 eum
994 2431 1124 2488 laedi
1152 2432 1243 2502 qui
1274 2431 1404 2486 nihil
1435 2430 1593 2498 lmsit,
1622 2431 1769 2484 illum
1797 2429 1973 2498 erigit,

388 2526 839 2595 illustriorcmque
877 2523 1080 2592 efficit;
1130 2523 1368 2578 invidum
1414 2538 1544 2578 vero
1591 2523 1794 2594 plectit.
1839 2523 1972 2577 Nam

387 2620 432 2674 si
457 2635 571 2685 cos,
596 2619 686 2689 qui
703 2619 769 2674 de
795 2619 949 2674 malis
974 2619 1309 2673 inimicorum
1331 2617 1597 2684 lmtentur,
1617 2632 1722 2672 non
1753 2619 1976 2686 impuni-

387 2722 472 2767 tos
517 2713 645 2766 sinit
689 2710 815 2785 (Ne
859 2711 1085 2782 gaudeas
1123 2711 1272 2776 enim,
1303 2710 1491 2780 inquit,
1509 2711 1574 2764 de
1603 2727 1722 2763 casu
1746 2711 1976 2763 inimico-

385 2821 500 2858 rum
536 2815 853 2870 tuorum,ne
874 2803 1078 2872 quando
1130 2802 1268 2857 Deus
1318 2803 1501 2868 videat,
1530 2812 1578 2856 et
1620 2801 1882 2872 displiceat
1929 2801 1975 2856 ei

388 2894 569 2968 [Prov.
591 2896 682 2951 24.
711 2893 906 2966 17.18]
933 2896 987 2965 ):
1016 2895 1184 2948 multo
1212 2894 1387 2947 minus
1405 2908 1497 2948 eos
1520 2895 1608 2963 qui
1626 2892 1863 2948 invident
1885 2893 1970 2958 iis,

385 3004 415 3040 a
439 2987 632 3058 quibus
655 2987 789 3040 nihil
814 2986 928 3040 laesi
955 2995 1100 3040 sunt.
1145 2985 1338 3040 Feram
1365 2987 1546 3055 itaque
1575 2985 1712 3040 hanc
1741 3025 1756 3050 ,
1791 2984 1974 3040 multis

385 3080 700 3135 instructam
745 3079 1008 3150 capitibus
1037 3119 1052 3143 ,
1095 3079 1492 3134 exsciudamus.
1557 3079 1734 3134 Multae
1776 3079 1974 3150 quippe

384 3181 508 3225 sunt
528 3171 738 3226 invidia:
764 3172 988 3242 species.
1017 3170 1148 3224 Nam
1175 3171 1218 3224 si
1244 3170 1412 3240 is,qui
1434 3186 1492 3225 se
1520 3181 1784 3225 amantem
1806 3179 1972 3236 amat,

385 3262 519 3316 nihil
561 3263 682 3332 plus
710 3263 892 3328 habet,
922 3277 1080 3343 quam
1112 3262 1428 3332 publicanus
1451 3302 1466 3327 ,
1499 3263 1586 3331 qui
1633 3277 1693 3316 se
1725 3251 1850 3315 nihil
1881 3262 1976 3314 lze-

384 3357 600 3411 dentem
629 3355 754 3410 odio
784 3355 974 3420 habet,
1008 3369 1113 3425 quo
1143 3355 1194 3407 in
1221 3354 1338 3408 loco
1363 3352 1567 3407 stabit?
1592 3353 1861 3422 quomodo
1890 3353 1972 3407 ef-

383 3449 547 3518 fugiet
574 3447 870 3519 gehennam
893 3489 908 3514 ,
954 3462 1074 3502 cum
1105 3445 1334 3502 ethnicis
1369 3445 1521 3516 pejor
1550 3446 1720 3501 factus
1745 3447 1858 3502 sit?
1887 3447 1972 3502 ld-

382 3539 527 3593 circo
591 3538 878 3593 admodum
945 3537 1105 3593 doleo
1137 3579 1154 3603 ,
1206 3537 1348 3608 quod
1397 3539 1485 3608 qui
1551 3538 1809 3608 angelos,
1861 3540 1973 3592 imo

382 3631 693 3702 angelorum
726 3631 1006 3685 Dominum
1038 3629 1239 3684 imitari
1258 3629 1392 3698 jussi
1432 3643 1648 3695 sumus,
1699 3630 1968 3686 diabolum

383 3723 674 3778 imitemur.
725 3721 858 3776 Nam
904 3722 1071 3776 multa
1112 3731 1168 3778 et
1214 3723 1266 3776 in
1312 3722 1552 3777 Ecclesia
1598 3723 1794 3778 invidia
1843 3732 1966 3789 est;

382 3817 662 3885 multoque
682 3814 853 3884 magis
884 3814 937 3868 in
969 3815 1125 3870 nobis
1154 3855 1169 3879 ,
1196 3829 1355 3884 quam
1384 3815 1434 3868 in
1467 3813 1714 3869 subditis.
1752 3814 1876 3870 Ideo
1902 3816 1968 3871 ad

381 3923 484 3963 nos
509 3923 688 3962 sermo
716 3915 972 3960 vertatur.
1005 3906 1183 3973 Quare
1206 3947 1220 3971 ,
1253 3904 1340 3960 dic
1368 3904 1498 3960 mihi
1522 3946 1537 3970 ,
1568 3907 1811 3976 proximo
1833 3907 1971 3962 invi-

380 3999 476 4054 des
499 4000 522 4052 ?
549 3998 682 4067 Quia
709 3997 910 4052 honore
938 4005 992 4052 et
1027 3996 1340 4052 celebritate
1364 3995 1630 4052 fruentem
1655 3997 1838 4053 vides?
1860 3998 1970 4054 Nec

380 4094 584 4164 cogitas
612 4099 868 4162 quantum
899 4089 1023 4144 muli
1055 4089 1289 4144 honores
1315 4087 1616 4143 afferantiis
1637 4091 1728 4159 qui
1757 4107 1861 4145 non
1889 4101 1968 4146 at-

379 4184 651 4238 tendunt?
678 4182 737 4236 ln
762 4197 956 4235 vanam
972 4182 1196 4250 gloriam
1226 4181 1494 4235 extollunt
1521 4221 1536 4245 ,
1568 4181 1621 4234 in
1650 4182 1845 4236 fastum
1871 4224 1887 4248 ,
1912 4182 1966 4237 in

377 4277 765 4346 arrogantiam,
793 4276 846 4329 in
873 4275 1180 4344 superbiam
1207 4315 1221 4339 ,
1253 4274 1670 4344 negligentiores
1690 4275 1923 4330 reddunt
1947 4319 1964 4343 ,

379 4385 444 4426 ac
483 4378 677 4440 praeter
713 4369 827 4422 haec
874 4369 1011 4422 mala
1045 4408 1061 4432 ,
1105 4365 1261 4421 facile
1310 4375 1667 4420 marcescunt.
1708 4366 1969 4438 Quodque

379 4461 749 4532 gravissimum
771 4468 873 4526 est,
895 4461 1031 4514 mala
1058 4458 1182 4512 hinc
1198 4458 1480 4527 importata
1506 4468 1724 4513 manent
1748 4459 1968 4514 immor-

381 4555 502 4610 talia
533 4571 548 4610 :
581 4555 821 4622 voluptas
852 4568 978 4608 vero
1005 4553 1091 4606 ubi
1136 4551 1363 4620 primum
1395 4551 1658 4621 apparuit,
1711 4553 1962 4607 avolavit.

379 4648 546 4704 llisne
575 4690 590 4714 ,
634 4661 818 4718 quaeso
839 4687 856 4714 ,
899 4646 968 4700 de
1007 4646 1184 4700 causis
1231 4644 1486 4700 invides?
1514 4644 1617 4698 Sed
1648 4653 1965 4715 potestatem

380 4745 599 4799 multam
627 4741 786 4795 habet
813 4740 898 4795 ille
913 4739 1050 4808 apud
1075 4739 1444 4808 imperantem,
1475 4738 1652 4792 omnia
1675 4753 1766 4793 sus
1792 4738 1965 4808 deque

378 4845 556 4893 versat
583 4848 678 4904 pro
705 4831 891 4895 lubito,
915 4831 1259 4885 adversantes
1278 4831 1375 4884 sibi
1398 4829 1693 4895 ulciscitur,
1721 4830 1965 4884 adulato-

288 4958 306 4973 -
376 4944 469 4984 res
493 4925 768 4981 beneficiis
795 4922 960 4978 afficit
986 4965 999 4986 ,
1033 4938 1328 4991 magnaque
1357 4921 1549 4975 fruitur
1572 4923 1828 4993 potentia.
1856 4922 1969 4978 Sae-

377 5019 637 5074 cularium
665 5015 940 5069 hominum
971 5013 1083 5067 lucc
1107 5013 1267 5068 verba
1289 5020 1434 5066 sunt.
1467 5011 1599 5066 Nam
1627 5011 1962 5082 spiritualem

377 5111 649 5166 hominem
672 5109 813 5163 nulla
846 5124 932 5163 res
957 5106 1144 5160 dolore
1173 5106 1389 5159 afficere
1426 5113 1620 5173 potest.
1655 5106 1793 5172 Quid
1821 5106 1964 5160 enim

378 5206 451 5260 illi
482 5205 604 5258 tnali
635 5203 838 5257 faciet?
865 5218 933 5255 an
963 5216 993 5254 a
1033 5199 1288 5269 dignitate
1315 5199 1575 5268 dejiciet?
1614 5199 1680 5251 Et
1706 5198 1832 5267 quid
1865 5199 1968 5254 hoc

376 5300 506 5354 cst?
535 5298 590 5354 Si
622 5299 764 5353 enim
790 5297 932 5367 juste
956 5339 972 5363 ,
1016 5296 1066 5349 id
1110 5294 1242 5348 utile
1268 5293 1366 5362 ipsi
1394 5293 1498 5347 erit
1529 5309 1542 5347 :
1571 5292 1704 5347 nihil
1729 5295 1871 5347 enim
1897 5293 1966 5347 ita

376 5393 488 5449 Deo
508 5392 769 5462 displicet,
803 5406 960 5459 quam
992 5390 1035 5442 si
1065 5388 1182 5457 quis
1211 5385 1429 5456 indigne
1458 5385 1762 5439 sacerdotio
1787 5385 1968 5454 funga-

376 5495 480 5538 tur.
506 5484 604 5538 Sin
628 5482 823 5551 iujuste
847 5524 862 5548 ,
908 5482 1060 5549 culpa
1091 5493 1255 5548 penes
1291 5477 1648 5548 deponentem
1685 5476 1789 5531 erit
1815 5518 1830 5542 ,
1862 5493 1967 5530 non

375 5592 542 5648 penes
569 5576 869 5646 depositum
903 5593 916 5629 :
953 5589 1072 5627 nam
1099 5573 1188 5642 qui
1230 5570 1427 5642 injuste
1469 5569 1596 5639 quid
1647 5569 1846 5637 patitur
1877 5609 1890 5632 ,
1922 5569 1966 5622 si

377 5670 589 5725 fortiter
619 5669 752 5723 ferat
777 5709 795 5734 ,
837 5667 1094 5734 majorem
1124 5665 1248 5718 hinc
1276 5661 1415 5731 apud
1443 5661 1613 5715 Deum
1644 5659 1970 5713 nanciscitur

378 5762 676 5817 libertatem
709 5773 771 5812 ac
795 5757 1063 5812 fiduciam.
1110 5755 1189 5809 Ne
1215 5755 1393 5823 itaque
1419 5752 1546 5806 idin
1571 5764 1736 5819 scopo
1767 5749 1962 5802 habea-

377 5868 520 5923 mus,
549 5862 603 5906 ut
624 5849 861 5906 fruamur
888 5846 1143 5918 potentia,
1169 5845 1391 5916 honore,
1425 5841 1758 5908 auctoritate,
1783 5839 1877 5895 sed
1907 5848 1964 5895 ut

1181 378 1238 436 S.
1276 377 1552 435 JOANNIS
1588 375 2063 432 CIIRYSOSTOMI
2103 375 2421 433 ARCIHEP.
2463 374 2996 436 CONSTANTINOP.

3578 392 3681 448 ω

2093 490 2146 544 in
2181 493 2377 545 virtute
2405 502 2565 562 atque
2588 491 2924 563 philosophia
2953 512 3250 554 versemur.
3293 500 3425 558 Nam
3450 504 3681 577 dignita-

2094 589 2174 635 tes
2202 581 2266 635 ad
2296 583 2462 638 multa
2494 584 2604 638 fleo
2626 602 2729 639 non
2759 588 2951 658 placita
2974 593 3229 660 patranda
3259 595 3561 668 inducunt,
3591 613 3680 656 at-

2090 686 2197 741 que
2224 672 2423 742 ingenti
2462 689 2596 744 opus
2622 688 2705 731 est
2747 679 2959 744 animo,
2992 691 3047 736 ut
3079 683 3338 754 dignitate
3376 703 3440 744 ac
3488 701 3682 759 poten-

2090 764 2162 818 tia
2201 775 2346 820 recte
2376 776 2620 822 utamur:
2653 771 2741 838 qui
2787 787 2916 826 vero
2959 788 2992 828 a
3035 774 3290 844 dignitate
3329 779 3681 854 detruditur,

2089 855 2220 910 velit
2249 857 2384 911 nolit
2413 859 2822 929 philosophatur
2851 879 2865 916 :
2897 873 2953 918 at
2977 866 3068 933 qui
3107 867 3196 921 illa
3230 870 3421 924 fruitur
3455 913 3470 936 ,
3499 873 3682 931 simile

2088 949 2217 1018 quid
2241 951 2458 1020 patitur,
2486 968 2548 1008 ac
2571 953 2614 1008 si
2647 954 2765 1024 quis
2791 971 2914 1010 cum
2943 957 3178 1015 formosa
3202 963 3373 1031 puella
3405 964 3678 1033 habitans,

2089 1039 2207 1109 lege
2231 1055 2477 1097 arceatur
2497 1060 2565 1100 ne
2586 1046 2729 1100 illam
2753 1048 2962 1103 lascivis
2983 1065 3233 1121 umquam
3251 1055 3418 1109 oculis
3432 1059 3677 1126 aSpiciat.

2089 1132 2234 1186 Talis
2277 1145 2359 1188 est
2387 1138 2644 1206 potentia.
2677 1139 2907 1209 Ideoque
2948 1145 3144 1199 multos
3188 1161 3326 1215 pene
3370 1149 3565 1206 invitos
3608 1154 3678 1208 ad

2087 1228 2466 1282 contumeliam
2495 1229 2821 1286 inferendam
2848 1232 3092 1298 induxit,
3123 1237 3192 1291 ad
3227 1237 3361 1293 iram
3390 1241 3626 1300 incitavit
3656 1286 3676 1313 ,

2087 1315 2281 1386 linguae
2309 1318 2518 1374 frenum
2551 1321 2680 1391 ipsis
2699 1323 2940 1389 abstulit,
2969 1336 3023 1381 et
3050 1326 3268 1398 januam
3296 1331 3407 1386 oris
3429 1335 3630 1390 avulsit
3657 1378 3674 1402 ,

2088 1409 2230 1463 venti
2256 1409 2423 1465 instar
2446 1413 2683 1468 animum
2706 1416 3122 1488 circumquaque
3149 1422 3313 1490 agitat
3337 1463 3352 1490 ,
3381 1435 3437 1480 et
3468 1427 3519 1480 in
3548 1442 3678 1497 pro-

2085 1501 2303 1556 fundum
2347 1505 2610 1561 malorum
2647 1508 2898 1577 scapham
2942 1509 3223 1582 demergit.
3255 1515 3392 1581 Quid
3425 1516 3586 1587 igitur
3610 1519 3667 1574 in

2087 1599 2235 1647 tanto
2261 1595 2500 1662 periculo
2533 1597 2744 1652 miraris
2769 1608 2822 1652 et
2849 1599 3189 1656 invidendum
3219 1616 3369 1674 putas
3398 1607 3422 1660 ’ὲ
3449 1615 3504 1661 et
3521 1623 3676 1678 qua:-

2084 1697 2208 1736 nam
2230 1683 2344 1739 haec
2371 1695 2456 1740 est
2481 1687 2796 1744 dementia?
2825 1691 2955 1746 Cum
2986 1692 3051 1748 iis
3078 1710 3207 1750 vero
3234 1712 3353 1766 quae
3383 1697 3522 1753 dicta
3549 1711 3676 1757 sunt

2084 1774 2256 1845 cogita
2285 1817 2300 1843 ,
2324 1788 2453 1847 quot
2473 1779 2716 1836 inimicos
2743 1791 2798 1837 et
2822 1795 3180 1854 accusatores,
3207 1797 3338 1859 quot
3366 1791 3675 1849 adulatores

2085 1866 2278 1923 habeat
2298 1883 2358 1925 se
2385 1870 2713 1927 obsidentes.
2744 1872 2989 1931 Haacciue
3027 1875 3189 1947 igitur
3215 1920 3229 1940 ,
3253 1896 3436 1950 quaeso
3458 1925 3472 1948 ,
3512 1884 3673 1955 digna

2083 1969 2210 2014 sunt
2237 1977 2357 2030 qua:
2377 1963 2530 2018 beata
2561 1964 2920 2034 prredicentur
2943 1969 2967 2022 ?
2996 1968 3196 2040 Ecquis
3217 1971 3319 2027 hoc
3337 1972 3577 2030 dixerit?
3600 1977 3674 2030 At

2081 2053 2222 2122 apud
2254 2054 2532 2124 populum,
2564 2057 2794 2127 inquies,
2817 2059 3140 2116 celebratur.
3176 2062 3377 2133 Ecquid
3405 2065 3509 2122 hoc
3537 2078 3621 2122 est
3649 2070 3674 2122 ?

2081 2143 2264 2214 Neque
2293 2147 2434 2200 enim
2460 2148 2686 2218 populus
2712 2159 2796 2206 est
2824 2151 2961 2206 Deus
2980 2193 2995 2217 ,
3025 2154 3112 2208 cui
3133 2153 3256 2210 vita:
3285 2158 3520 2214 rationes
3543 2161 3668 2215 red-

2081 2237 2290 2294 diturus
2311 2240 2401 2294 sit.
2430 2239 2610 2311 Itaque
2635 2243 2853 2312 quando
2883 2245 3140 2314 populum
3172 2247 3332 2316 dicis,
3361 2250 3496 2306 nihil
3517 2253 3670 2309 aliud

2079 2345 2349 2386 memoras
2377 2374 2391 2398 ,
2421 2349 2580 2404 quam
2608 2334 2790 2390 obices
2819 2376 2835 2402 ,
2867 2337 3118 2403 scopulos
3141 2379 3156 2402 ,
3194 2337 3380 2395 brevia
3399 2383 3415 2410 ,
3454 2343 3668 2400 latentia

2080 2438 2229 2477 saxa.
2265 2423 2356 2478 Illa
2389 2426 2530 2480 enim
2564 2426 2613 2480 in
2641 2428 2838 2497 populo
2867 2429 3170 2496 celebritas,
3204 2440 3404 2502 quanto
3424 2435 3663 2504 splendi-

2079 2513 2282 2570 diorem
2313 2515 2509 2583 reddit,
2530 2526 2678 2572 tanto
2705 2519 2997 2588 majoribus
3029 2529 3172 2590 patet
3200 2524 3472 2593 periculis,
3500 2529 3667 2590 curis,

2078 2607 2421 2662 mmroribus.
2448 2607 2579 2663 Nam
2600 2608 2689 2680 qui
2717 2610 2835 2664 talis
2856 2619 2959 2676 est,
2987 2627 3088 2667 nec
3112 2622 3255 2670 stare
3278 2630 3380 2670 nec
3402 2618 3671 2687 respirare

2078 2707 2277 2766 potest,
2310 2714 2430 2753 cum
2460 2709 2569 2755 tam
2589 2701 2841 2756 acerbum
2870 2701 3064 2759 habeat
3098 2703 3395 2761 dominum.
3441 2708 3508 2763 Et
3535 2711 3668 2780 quid

2077 2789 2198 2844 dico
2227 2799 2370 2847 stare
2397 2792 2480 2847 vel
2521 2793 2838 2862 respirare?
2867 2795 3086 2852 Etiamsi
3133 2798 3178 2853 is
3215 2802 3483 2858 sexcentis
3511 2805 3670 2860 bonis

2078 2883 2329 2952 operibus
2359 2885 2428 2939 sit
2448 2886 2704 2954 prreditus
2723 2929 2737 2951 ,
2761 2887 2977 2944 difficile
3007 2873 3058 2944 in
3088 2906 3311 2963 regnum
3347 2895 3667 2965 ingreditur.

2077 2974 2218 3030 Nihil
2243 2978 2384 3032 enim
2407 2977 2728 3035 labefactare
2758 2981 2894 3036 solet
2922 3023 2938 3049 ,
2983 2992 3042 3037 ut
3072 2986 3364 3041 multorum
3395 2990 3671 3047 existima-

2078 3069 2170 3134 tio,
2205 3086 2322 3139 quac
2348 3071 2580 3137 timidos,
2616 3073 2904 3130 illiberales
2924 3119 2938 3140 ,
2963 3077 3268 3134 adulatores
3297 3081 3669 3139 simulatores-

2078 3178 2182 3232 que
2210 3163 2353 3219 facit.
2386 3163 2493 3220 Cur
2531 3183 2660 3237 ergo
2689 3168 2940 3224 Phariszei
2971 3169 3224 3228 dicebant
3247 3173 3519 3230 Christum
3548 3177 3668 3233 dre-

2077 3255 2378 3311 moniacum
2425 3259 2590 3312 esse?
2635 3258 2826 3315 Annon
2869 3261 2991 3329 quia
3036 3262 3175 3332 vulgi
3214 3265 3668 3324 existimatiOuem

2077 3349 2408 3418 captabant?
2437 3348 2546 3405 Cur
2593 3360 2770 3406 autem
2811 3353 2965 3407 multi
2996 3365 3198 3410 rectam
3229 3356 3298 3412 de
3327 3356 3420 3412 illo
3448 3369 3670 3416 senten-

2079 3441 2204 3494 tiam
2247 3441 2542 3496 ferebant?
2579 3442 2768 3500 Nonne
2796 3445 2920 3514 quia
2959 3444 3060 3501 hoc
3089 3447 3284 3503 morbo
3317 3465 3422 3504 non
3454 3451 3667 3509 detine-

2077 3531 2270 3587 bantur
2295 3534 2317 3586 ?
2346 3534 2489 3588 Nihil
2517 3537 2660 3590 enim
2684 3577 2700 3602 ,
2727 3537 2859 3591 nihil
2881 3549 3031 3593 certe
3052 3539 3299 3596 homines
3325 3543 3404 3598 sic
3431 3543 3669 3614 iniquos,

2076 3626 2155 3680 sic
2187 3627 2380 3682 stultos
2408 3627 2595 3694 efficit,
2619 3644 2778 3698 quam
2802 3629 2942 3699 quod
2968 3629 3034 3684 ad
3064 3632 3356 3688 multorum
3387 3634 3666 3691 existima-

2077 3721 2276 3774 tionem
2307 3720 2513 3774 iuhient
2535 3737 2550 3784 ;
2574 3721 2706 3775 nihil
2736 3721 2806 3775 ita
2833 3722 3088 3792 probatos
3108 3733 3268 3792 atque
3284 3725 3664 3782 adamantinos

2074 3811 2270 3876 reddit,
2305 3820 2363 3866 ut
2392 3812 2583 3866 famam
2601 3813 2904 3882 despicere.
2927 3813 3105 3882 Quare
3132 3815 3423 3872 fortissimo
3440 3819 3669 3890 quisque

2075 3917 2211 3973 opus
2241 3904 2400 3959 habet
2425 3905 2604 3959 animo
2632 3946 2646 3969 ,
2679 3915 2739 3959 ut
2766 3905 2924 3976 hujus
2946 3908 3093 3962 venti
3119 3909 3337 3978 impetui
3364 3919 3419 3965 et
3443 3911 3496 3965 vi
3527 3914 3667 3967 resi-

2074 4009 2217 4052 stere
2241 3998 2428 4066 possit.
2457 3997 2587 4050 Nam
2617 3997 2830 4068 quando
2850 4013 3108 4068 prospere
3132 4015 3245 4054 rem
3259 4001 3387 4070 agit,
3415 4003 3668 4057 omnibus

2074 4102 2132 4143 se
2161 4089 2435 4158 anteponit
2465 4105 2480 4152 ;
2521 4103 2642 4143 cum
2673 4089 2938 4144 contraria
2968 4090 3221 4144 accidunt
3246 4133 3260 4156 ,
3291 4092 3526 4162 seipsum
3551 4095 3667 4149 suf-

2073 4179 2256 4236 fodere
2283 4181 2429 4249 cupit
2455 4196 2469 4246 ;
2501 4188 2555 4234 et
2577 4179 2679 4236 hoc
2708 4181 2808 4251 ipsi
2839 4191 2892 4236 et
2908 4182 3154 4252 gehenna
3183 4184 3343 4239 simul
3364 4193 3417 4241 et
3436 4201 3666 4259 regnum

2077 4283 2181 4338 est,
2214 4289 2335 4328 cum
2365 4273 2467 4328 hoc
2486 4275 2650 4328 animi
2678 4274 2868 4329 morbo
2897 4275 3161 4332 obruitur.

2143 4365 2198 4420 5.
2231 4365 2494 4431 Hunccine,
2521 4380 2723 4434 quaaso.
2758 4365 2951 4421 invidia
2985 4367 3143 4438 digna
3169 4370 3331 4424 sunt?
3356 4385 3536 4427 nonne
3563 4391 3667 4443 po-

2075 4457 2179 4512 tius
2217 4457 2429 4512 fletibus
2461 4473 2525 4512 ac
2566 4457 2855 4527 lacrymis?
2888 4457 3083 4529 Utique
3117 4460 3168 4515 id
3197 4462 3448 4518 omnibus
3491 4465 3667 4533 palam

2072 4559 2172 4604 est.
2207 4551 2287 4604 Tu
2317 4565 2446 4605 vero
2472 4550 2698 4620 idipsum
2723 4551 2872 4617 facis,
2906 4567 3027 4607 cum
3057 4553 3107 4608 ei
3136 4555 3326 4625 quisic
3362 4557 3672 4616 celebratur

2073 4641 2300 4707 invides,
2327 4658 2390 4697 ac
2419 4643 2464 4697 si
2505 4644 2623 4712 quis
2654 4645 2921 4699 hominem
2956 4645 3144 4701 videns
3183 4647 3416 4704 vinctum
3464 4666 3527 4705 ac
3565 4651 3670 4707 fla-

2070 4736 2222 4804 gellis
2249 4750 2463 4799 caesum,
2498 4736 2564 4789 ab
2600 4735 2998 4806 innumerisque
3035 4738 3164 4794 feris
3192 4751 3478 4811 raptatum,
3525 4743 3670 4798 invi-

2071 4829 2223 4883 deret
2253 4827 2416 4897 ipsius
2449 4828 2616 4898 plagis
2653 4838 2709 4884 et
2742 4831 3067 4886 vulneribus.
3099 4831 3232 4886 Nam
3261 4844 3391 4904 quot
3421 4834 3670 4892 homines

2071 4919 2126 4974 in
2156 4921 2352 4989 populo
2381 4929 2523 4986 sunt,
2569 4929 2645 4975 tot
2675 4921 2832 4976 habet
2871 4923 2959 4978 hic
2990 4924 3217 4990 vincula,
3255 4936 3330 4981 tot
3368 4927 3618 4983 dominos
3652 4948 3668 4983 :

2070 5012 2320 5082 quodque
2345 5017 2556 5082 gravius
2581 5023 2684 5080 est,
2715 5013 2940 5068 diversa:
2961 5026 3086 5070 sunt
3111 5017 3334 5088 singulis
3357 5021 3661 5086 sententiae,

2071 5117 2265 5178 etquae
2286 5107 2454 5162 menti
2483 5119 2800 5162 succurrunt
2825 5109 2891 5163 de
2913 5110 3269 5166 servientibus
3297 5113 3396 5168 sibi
3425 5123 3671 5170 statuunt

2071 5214 2279 5266 omnes,
2313 5198 2441 5252 nihil
2468 5201 2856 5265 examinantes,
2888 5200 2982 5255 sed
3017 5217 3136 5270 quae
3179 5201 3304 5258 huic
3337 5203 3421 5259 vel
3451 5203 3530 5259 illi
3552 5206 3671 5261 visa

2073 5291 2269 5345 fuerint
2292 5290 2694 5345 confirmantes.
2725 5291 2849 5345 llrcc
2870 5293 3061 5360 quibus
3089 5292 3359 5360 ﬂuctibus,
3393 5309 3498 5364 qua
3527 5303 3670 5350 tem-

2074 5389 2278 5451 pestate
2307 5379 2548 5451 graviora
2578 5397 2685 5436 non
2713 5382 2875 5436 sunt?
2905 5382 3113 5437 Etenim
3155 5384 3201 5438 is
3241 5384 3393 5440 facile
3430 5387 3610 5440 statim
3638 5405 3670 5442 a

2073 5473 2342 5541 voluptate
2383 5471 2617 5536 inflatur,
2654 5479 2708 5528 et
2748 5473 2902 5529 facile
2945 5489 3156 5529 rursum
3188 5475 3570 5546 submergitur,
3615 5477 3672 5533 iu

2073 5563 2196 5617 vita:
2221 5563 2636 5632 intequabilitate
2666 5578 2899 5632 semper,
2933 5565 2986 5618 in
3015 5567 3196 5635 quiete
3226 5582 3513 5636 numquam
3547 5583 3674 5636 per-

2072 5666 2239 5710 stans.
2269 5654 2403 5709 Nam
2444 5641 2734 5724 antequam
2759 5657 2810 5709 in
2850 5657 3126 5712 concionis
3159 5657 3424 5713 theatrum
3467 5659 3673 5726 veniat,

2072 5754 2129 5800 et
2151 5754 2434 5814 antequam
2456 5743 2776 5799 laboriosam
2805 5747 3101 5801 orationem
3130 5747 3366 5816 incipiat,
3396 5748 3590 5802 anxius
3615 5758 3675 5802 et

2074 5848 2308 5895 tremens
2328 5846 2442 5906 est;
2473 5845 2592 5908 post
2618 5837 2852 5894 solutum
2883 5854 3009 5896 vero
3033 5837 3301 5897 theatrum
3328 5839 3409 5897 vel
3437 5854 3673 5897 merere
