4074 6358
312 429 417 485 “5

308 631 542 684 deterius
566 639 668 684 est.
701 629 851 695 Quod
871 637 1051 684 autem
1079 628 1322 697 voluptas
1360 644 1465 682 non
1489 628 1558 682 sit
1581 627 1757 681 minus
1781 642 1895 680 ma-

309 724 437 787 lum,
467 738 625 792 quam
652 722 826 788 dolor,
856 722 1190 777 manifestum
1228 733 1310 777 est
1337 738 1404 777 ex
1440 722 1600 776 modo
1641 737 1748 791 quo
1772 722 1893 775 ani-

308 833 453 871 mutn
477 827 718 871 nostrum
746 816 938 879 afficit;
972 816 1143 871 levem
1170 817 1311 871 enim
1339 816 1487 869 illum
1507 814 1703 880 reddit,
1729 815 1894 869 subli-

308 921 448 961 mem
473 915 529 961 et
555 906 707 978 quasi
747 907 845 961 alis
873 907 1215 961 instructum.
1251 907 1318 961 Et
1342 906 1445 961 hoc
1473 921 1501 960 a
1533 907 1722 975 priscis
1760 906 1892 961 viris

304 1011 529 1053 cernere
558 1006 658 1053 est.
684 995 1032 1065 Quantionam
1061 998 1220 1068 igitur
1242 996 1439 1067 probus
1467 1006 1580 1052 erat
1604 997 1804 1051 David?
1823 1013 1890 1052 an

304 1104 428 1144 cum
478 1090 780 1159 gaudebat,
846 1105 913 1144 an
969 1105 1090 1145 cum
1142 1089 1194 1144 in
1246 1088 1487 1160 angustia
1543 1089 1892 1144 versabatur?

302 1184 526 1250 Quando
548 1184 797 1240 Judaicus
821 1184 1085 1255 populus?
1108 1198 1175 1237 an
1196 1198 1317 1237 cum
1343 1182 1625 1252 gemebant
1647 1191 1700 1236 et
1721 1182 1889 1236 Deum

305 1277 642 1341 invocabant,
664 1292 730 1331 an
752 1292 871 1331 eum
901 1276 1214 1331 laetabantur
1245 1276 1299 1329 in
1323 1275 1557 1339 deserto,
1589 1285 1643 1329 et
1662 1274 1888 1329 vitulum

301 1367 640 1423 adorabunt?
679 1369 1012 1437 QuaprOpter
1045 1366 1320 1433 Salomon,
1368 1366 1458 1435 qui
1502 1367 1731 1420 maxime
1769 1381 1887 1419 om-

304 1459 449 1512 ninm
480 1458 681 1514 sciebat
709 1458 835 1529 quid
864 1466 1008 1514 esset
1035 1458 1296 1526 voluptas,
1326 1456 1474 1518 dicit.
1506 1454 1693 1510 Melius
1718 1465 1790 1509 est
1813 1456 1889 1509 ire

282 1551 356 1603 .in
384 1550 591 1603 domum
628 1551 810 1613 luctus,
840 1566 994 1619 quam
1018 1550 1070 1603 in
1097 1548 1303 1602 domum
1330 1548 1461 1601 risus
1500 1547 1690 1617 (Eccle.
1720 1548 1772 1601 7.
1806 1547 1882 1617 '5).

300 1641 368 1696 Et
408 1641 653 1698 Christus
702 1643 822 1697 illos
864 1642 1078 1713 quidem
1122 1642 1305 1696 beatos
1338 1641 1617 1711 praedicat,
1662 1640 1879 1705 dicens,

1319 425 1385 479 IN
1422 422 1829 479 MATTlleUM
1868 423 2096 480 lthllL.
2136 426 2271 481 XLI.
2313 427 2383 481 al.
2426 427 2586 482 XLII.

310 541 512 606 deficit,
552 539 635 596 vel
672 540 789 595 sine
826 552 1074 594 mensura
1117 538 1359 605 laetatur;
1390 537 1532 608 quod
1572 538 1687 607 ipso
1711 538 1897 593 dolore

3477 438 3587 493 446

1998 538 2141 592 Beati
2160 541 2247 607 qui
2274 539 2448 610 lugent
2479 539 2689 609 (Matth.
2712 542 2766 597 5.
2792 541 2868 611 5),
2896 541 2994 597 hos
3020 559 3146 599 vero
3167 545 3391 601 miseros
3412 548 3540 604 dicit
3565 568 3577 601 :

2009 627 2098 681 Vw
2120 628 2278 694 vobis,
2322 630 2410 699 qui
2447 630 2642 697 ridetis,
2684 632 2803 698 quia
2839 633 3025 701 ﬂebitis
3068 632 3219 703 (Luc.
3265 636 3320 690 6.
3363 637 3476 708 25).
3512 640 3582 694 Et

1992 717 2112 787 jure
2136 717 2350 787 quidem
2377 720 2570 775 merito
2597 736 2610 774 :
2642 736 2760 775 nam
2795 722 2846 775 in
2869 723 3139 793 voluptate
3170 726 3382 781 mollior
3408 736 3463 783 et
3488 745 3580 784 so-

1998 809 2159 864 lutior
2186 819 2269 865 est
2294 812 2493 879 anima,
2526 812 2579 867 in
2610 812 2754 868 luctu
2789 814 3145 884 contrahitur,
3173 826 3228 871 et
3265 818 3424 888 sapit,
3458 829 3513 875 et
3548 837 3581 875 a

1995 902 2245 971 congerie
2271 904 2288 933 ¹
2314 903 2622 959 morborum
2657 905 2818 959 animi
2846 906 3119 973 liberatur,
3149 908 3427 965 sublimior
3451 910 3579 966 item

1994 1000 2048 1046 et
2089 991 2277 1048 fortior
2300 996 2415 1049 'est.
2444 993 2571 1049 Haec
2611 996 2788 1055 omnia
2835 1010 2957 1051 cum
3008 999 3261 1067 sciamus,
3314 1000 3587 1069 fugiamus

1994 1082 2137 1137 illam
2179 1083 2466 1139 multorum
2501 1086 2947 1142 existimationem
2977 1088 3197 1159 ejusque
3225 1091 3576 1159 voluptatem,

1994 1184 2053 1230 ut
2080 1192 2262 1231 veram
2308 1185 2363 1231 et
2409 1189 2713 1233 manentem
2756 1194 2971 1249 semper
3010 1182 3231 1251 gloriam
3281 1198 3577 1254 consequa-

1991 1282 2113 1321 mur
2142 1284 2156 1320 :
2185 1283 2343 1336 quam
2369 1268 2569 1322 utinam
2591 1284 2777 1324 omnes
2801 1272 3111 1339 sortiantur,
3138 1274 3309 1344 gratia
3337 1284 3390 1329 et
3419 1275 3572 1330 beni-

1990 1360 2191 1429 gnitate
2219 1360 2428 1414 Domini
2470 1362 2638 1416 nostri
2664 1361 2791 1417 Jesu
2829 1362 3049 1430 Christi,
3079 1364 3162 1419 cui
3191 1366 3359 1436 gloria
3388 1376 3442 1423 et
3470 1367 3573 1422 im-

1993 1452 2217 1521 perium,
2249 1453 2302 1508 in
2330 1454 2524 1509 saecula
2552 1455 2892 1511 Steculorum.
2917 1458 3109 1513 Amen.

2052 1648 2070 1680 ι
2106 1649 2247 1698 Savil.
2273 1656 2325 1699 et
2343 1649 2507 1700 Morel.
2532 1650 2736 1712 habent,
2758 1651 2962 1713 vhiculo,
2985 1666 3091 1716 pro,
3114 1654 3356 1717 congerie.

1453 1849 1802 1911 HOMILIA
1859 1851 2027 1913 XLI.
2074 1852 2161 1914 al.
2207 1852 2404 1914 XLII.

296 1994 431 2049 CAP.
454 1993 540 2049 12.
563 2010 617 2047 v.
642 1993 733 2048 25.
759 1991 938 2047 Sciens
965 2003 1134 2045 autem
1157 1992 1307 2046 Jesus
1332 1991 1656 2062 cogitationes
1682 2007 1877 2055 eorum,

368 2087 496 2140 dixit
524 2087 632 2139 eis:
659 2084 819 2139 Omne
854 2101 1064 2156 regnum
1096 2095 1270 2138 contra
1303 2100 1356 2139 se
1374 2084 1607 2146 divisum,
1632 2082 1882 2155 desolabi-

370 2187 452 2230 tur
473 2193 491 2230 :
508 2178 669 2231 omnis
685 2177 857 2230 civitas
868 2184 912 2229 et
928 2175 1106 2230 domus
1123 2185 1297 2228 contra
1312 2192 1365 2229 se
1393 2173 1571 2237 divisa,
1588 2190 1688 2227 non
1707 2174 1876 2228 stabit.

363 2268 456 2322 26.
486 2268 554 2322 Et
581 2268 625 2323 si
649 2276 852 2323 satanas
878 2278 1109 2323 satanam
1136 2268 1290 2338 ejicit,
1337 2269 1573 2322 adversus
1600 2284 1654 2322 se
1691 2267 1879 2321 divisus

363 2369 457 2414 est.
488 2360 752 2425 Quomodo
775 2376 891 2431 ergo
911 2360 1060 2413 stabit
1089 2376 1297 2430 regnum
1322 2359 1475 2431 ejus?

364 2451 419 2505 l.
447 2449 677 2505 Christus
716 2467 804 2521 per
833 2467 1136 2505 arcanorum
1179 2451 1427 2518 notitiam,
1472 2450 1707 2505 deitatem
1731 2468 1876 2505 suam

293 2544 757 2599 τέθαπται-13η]
786 2553 1169 2599 accusaverant
1196 2545 1365 2609 illum,
1404 2542 1542 2613 quod
1566 2543 1616 2596 in
1663 2543 1876 2598 Beelze-

292 2637 399 2691 bub
429 2638 445 2667 ¹
472 2635 691 2706 ejiceret
709 2636 991 2691 dzemonia.
1019 2635 1124 2690 Sed
1145 2645 1268 2689 tunc
1294 2649 1399 2689 non
1424 2634 1715 2704 increpavit
1743 2649 1872 2700 eos;

290 2742 476 2780 verum
502 2741 568 2781 ex
596 2726 760 2795 signis
786 2725 1027 2795 plurimis
1052 2726 1354 2781 facultatem
1379 2723 1527 2779 dedit
1547 2724 1625 2779 eis
1651 2739 1761 2778 suae
1784 2738 1874 2779 co-

287 2818 607 2887 gnoscendtn
638 2819 933 2887 potestatis,
962 2832 1135 2886 exque
1174 2816 1415 2870 doctrina
1452 2815 1870 2885 magnitudinem

288 2923 439 2962 suam
468 2908 697 2963 edocuit.
722 2908 852 2974 Quia
875 2924 1001 2962 vero
1022 2908 1208 2962 eadem
1234 2907 1411 2961 dicere
1432 2906 1866 2976 perseverabant,

289 2999 408 3053 illos
434 2999 648 3054 demum
690 3000 928 3069 increpat
956 3015 968 3051 :
998 2999 1101 3052 hoc
1146 2998 1315 3067 primo
1340 3006 1654 3067 argumento
1696 2995 1869 3050 deita-

288 3099 394 3145 tem
424 3104 576 3143 suam
615 3089 923 3154 ostendens,
956 3087 1094 3158 quod
1144 3102 1335 3156 nempe
1372 3102 1566 3142 arcana
1600 3102 1783 3141 eorum
1816 3087 1869 3141 in

287 3181 521 3236 medium
555 3179 874 3245 adduceret;
900 3178 1135 3234 secundo
1173 3188 1372 3245 autent,
1414 3179 1554 3248 quod
1598 3178 1868 3234 daemonas

287 3275 441 3331 facile
465 3274 703 3345 ejiceret.
732 3272 1060 3343 Quamquam
1090 3271 1374 3326 admodum
1403 3272 1682 3341 impudens
1706 3287 1867 3326 accn-

284 3367 421 3421 satio
444 3374 575 3421 erat.
615 3366 769 3433 Nam,
802 3376 860 3421 ut
903 3366 1032 3432 dixi,
1069 3364 1264 3419 invidia
1310 3381 1415 3420 non
1455 3366 1697 3435 explorat
1740 3366 1866 3436 quid

281 3459 443 3523 dicat,
477 3459 569 3513 sed
613 3468 812 3515 temere
840 3458 1092 3529 loquitur.
1134 3458 1380 3512 Attamen
1425 3474 1492 3512 ne
1528 3458 1607 3513 sic
1650 3458 1865 3528 quidem

283 3560 502 3621 agentes
524 3552 768 3621 despexit
793 3551 1056 3618 Christus;
1081 3552 1175 3607 sed
1198 3567 1317 3607 cum
1345 3551 1710 3607 moderatione
1730 3568 1863 3606 eon-

280 3641 489 3710 gruenti
515 3656 634 3697 sese
661 3651 867 3713 purgat,
910 3658 1008 3697 nos
1038 3644 1316 3697 instituens
1354 3651 1412 3696 ut
1457 3658 1583 3713 erga
1623 3642 1866 3698 inimicos

209 3791 220 3803 ,
282 3732 441 3788 mites
487 3733 654 3788 simus
691 3751 707 3787 :
751 3734 961 3789 etiamsi
1007 3734 1095 3789 illa
1137 3733 1336 3799 dicant,
1367 3733 1434 3788 de
1476 3734 1668 3803 quibus
1710 3734 1867 3787 nobis

280 3826 483 3880 conscii
511 3842 617 3880 non
644 3840 862 3891 sumus;
907 3836 1067 3897 utque
1112 3842 1219 3881 non
1248 3827 1539 3892 turbentur,
1571 3827 1664 3881 sed
1708 3841 1864 3896 aequo

281 3917 463 3971 animo
490 3918 723 3973 rationes
772 3918 901 3989 ipsis
947 3916 1254 3973 reddamus.
1298 3917 1451 3984 Quod
1485 3926 1540 3972 et
1587 3917 1699 3987 ipse
1741 3928 1864 3973 tunc

282 4011 537 4080 prmclare
572 4011 816 4077 faciebat,
862 4012 1069 4082 signum
1112 4010 1401 4065 maximum
1442 4011 1687 4085 praebens
1730 4010 1863 4066 falsa

280 4103 370 4157 illa
395 4116 513 4157 esse
539 4118 656 4173 quae
685 4103 752 4157 ab
782 4102 907 4171 ipsis
929 4102 1259 4158 dicebantur.
1286 4100 1471 4172 Neque
1498 4103 1641 4157 enim
1663 4101 1863 4157 daemo-

280 4197 427 4249 nium
456 4194 697 4250 habentis
722 4204 839 4250 erat
860 4204 1057 4249 tantam
1079 4194 1334 4251 exhibere
1358 4196 1818 4251 mansuetudinem
1843 4212 1858 4249 :

278 4303 387 4346 non
434 4287 756 4341 daemonium
807 4287 1049 4342 habentis
1092 4295 1209 4342 erat
1253 4296 1460 4341 secreta
1512 4302 1859 4356 cognoscere.

282 4378 492 4432 Etenim
524 4379 664 4447 quod
705 4377 1007 4447 hujusmodi
1052 4379 1232 4447 Opinio
1267 4378 1552 4432 admodum
1585 4377 1860 4446 impudens

278 4483 441 4535 esset,
473 4480 525 4526 et
561 4472 701 4541 quod
745 4472 948 4540 plebem
983 4471 1251 4536 timerent,
1300 4486 1406 4524 non
1454 4469 1721 4525 audebant
1765 4468 1861 4523 has

278 4564 645 4617 accusationes
674 4561 882 4632 publice
913 4562 1172 4631 proferre,
1201 4561 1295 4614 sed
1324 4574 1414 4615 eas
1445 4561 1496 4614 in
1528 4572 1706 4614 mente
1736 4575 1859 4614 ver-

280 4655 488 4709 sabant.
517 4654 633 4723 Ipse
656 4669 784 4708 vero
823 4652 1112 4708 ostendens
1139 4652 1288 4721 ipsis,
1330 4667 1389 4706 se
1416 4652 1504 4705 illa
1541 4666 1719 4717 noSse,
1753 4666 1859 4705 non

281 4754 457 4799 tamen
492 4745 702 4799 illorum
746 4745 1137 4799 accusationem
1180 4744 1465 4813 expromit,
1497 4756 1670 4811 neque
1714 4743 1860 4811 ipso-

279 4852 397 4890 rum
426 4837 714 4906 nequitiam
739 4835 975 4890 deelarat
999 4851 1013 4897 ;
1045 4834 1137 4889 sed
1168 4834 1489 4888 solutionem
1518 4832 1690 4897 affert,
1731 4847 1860 4886 con-

279 4928 518 4982 scientiae
568 4927 801 4997 ipsorum
850 4925 1265 4981 confutationem
1308 4925 1634 4993 relinquens.
1685 4922 1860 4979 Unum

280 5023 422 5078 enim
448 5024 619 5077 solum
646 5023 887 5088 curabat,
919 5029 1225 5091 peceatores
1258 5019 1467 5090 jnvare,
1512 5035 1617 5072 non
1646 5019 1698 5073 in
1743 5018 1859 5072 vul-

279 5129 376 5182 gus
402 5113 701 5169 traducere.
729 5114 1058 5182 Quamquam
1081 5113 1124 5167 si
1147 5112 1399 5166 voluisset
1435 5111 1652 5181 longum
1681 5120 1861 5166 texere

278 5221 605 5274 sermonem,
650 5207 876 5276 illosque
923 5205 1174 5260 ridiculos
1217 5204 1491 5269 exhibere,
1539 5204 1861 5273 insuperque

278 5307 546 5353 extremas
574 5298 641 5353 ab
679 5297 783 5352 illis
825 5311 1011 5366 poenas
1036 5310 1346 5365 exposcere,
1388 5295 1520 5349 nihil
1549 5295 1814 5350 ofﬁciebat
1842 5312 1857 5349 :

277 5398 645 5442 verumtamen
674 5388 851 5443 missis
879 5387 982 5442 illis
1002 5386 1268 5451 omnibus,
1300 5401 1462 5440 unum
1494 5384 1721 5440 habebat
1742 5399 1862 5439 sco-

281 5496 427 5548 pum,
456 5492 512 5532 ut
544 5495 611 5533 ne
648 5480 766 5533 illos
810 5478 1255 5533 contentiosiores
1298 5481 1511 5541 faceret,
1559 5476 1655 5531 sed
1705 5491 1861 5530 man-

277 5572 561 5638 suetiores,
613 5580 667 5626 et
718 5570 819 5626 hoc
869 5578 1019 5637 pacto
1060 5569 1129 5624 ad
1166 5569 1589 5625 emendationem
1629 5568 1861 5635 aptiores

278 5666 547 5722 redderet.
599 5665 877 5734 Quomodo
923 5674 1105 5720 autem
1161 5678 1281 5719 sese
1323 5662 1552 5732 purgat?
1603 5660 1745 5715 Nihil
1794 5675 1861 5713 ex

341 5804 357 5830 ¹
398 5807 527 5861 Post,
553 5796 827 5860 Beelzebub,
865 5796 1083 5849 nonnulli
1112 5794 1311 5857 addunt,
1342 5792 1560 5857 principe
1598 5789 1857 5843 danuouio-

294 5879 417 5918 ‘wn.

1988 1991 2276 2062 Scripturis
2302 1994 2454 2050 affert
2495 1996 2695 2066 (neque
2722 1998 2863 2053 enim
2913 1998 2990 2054 illi
3028 1998 3264 2055 animum
3298 2000 3567 2058 adhibuis-

1984 2092 2125 2151 sent,
2157 2084 2251 2139 sed
2297 2101 2461 2155 prave
2507 2088 2905 2158 interpretaturi
2943 2092 3141 2161 erant),
3179 2107 3364 2147 verum
3404 2094 3472 2149 ab
3502 2094 3568 2149 iis

1983 2190 2103 2245 qua:
2125 2177 2281 2247 vulgo
2310 2179 2562 2233 eveniunt
2588 2180 2749 2235 verba
2780 2181 2939 2235 facit:
2970 2182 3132 2237 Omne
3157 2199 3365 2255 regnum
3389 2195 3566 2238 contra

1980 2267 2201 2337 seipsum
2253 2269 2467 2323 divisum
2519 2286 2620 2323 non
2669 2270 2818 2324 stabit
2873 2288 2892 2328 .'
2946 2283 2991 2326 et
3046 2273 3219 2328 civitas
3265 2274 3345 2329 vel
3386 2276 3566 2330 domus

1981 2356 2214 2423 discissa,
2246 2360 2343 2413 cito
2382 2360 2697 2415 dissolvetur.
2726 2361 2907 2432 Neque
2935 2363 3077 2418 enim
3121 2364 3198 2420 sic
3244 2373 3463 2420 externa
3504 2374 3565 2419 ut

1979 2450 2155 2505 civilia
2183 2452 2321 2507 bella
2351 2462 2566 2509 nocent.
2594 2453 2651 2509 ld
2680 2455 2838 2509 etiam
2865 2454 2917 2509 in
2944 2456 3259 2525 corporibus
3279 2458 3477 2522 evenit,
3508 2458 3560 2511 in

1979 2543 2334 2613 omnibusque
2375 2544 2555 2599 rebus.
2599 2544 2702 2600 Sed
2746 2545 2955 2600 interim
3000 2562 3031 2601 a
3072 2546 3365 2602 notioribus
3403 2548 3565 2604 rebus

1979 2633 2221 2702 exempla
2251 2633 2483 2689 adducit.
2526 2635 2664 2701 Quid
2700 2637 2846 2690 enim
2895 2637 2948 2690 in
2982 2647 3122 2692 terra
3162 2646 3244 2693 est
3268 2655 3431 2711 regno
3466 2654 3562 2709 po-

1979 2723 2230 2778 tentius?
2287 2724 2453 2780 Nihil.
2512 2726 2762 2781 Attamen
2818 2726 3170 2783 seditionibus
3231 2728 3557 2786 dissolvitur.

1987 2810 2143 2875 Quod
2179 2811 2226 2866 si
2255 2813 2364 2868 illic
2407 2815 2747 2883 negotiorum
2791 2819 2986 2872 molem
3028 2820 3083 2873 in
3126 2836 3292 2876 causa
3324 2838 3445 2879 esse
3468 2826 3557 2878 in-

1986 2902 2189 2969 nuerit,
2216 2904 2345 2974 quia
2373 2920 2570 2975 nempe
2597 2922 2780 2963 secum
2813 2909 3072 2975 decertat,
3102 2913 3233 2982 quid
3256 2914 3458 2970 dixeris
3490 2918 3558 2971 de

1974 2998 2209 3063 civitate,
2237 3008 2329 3053 aut
2351 2998 2417 3054 de
2433 2999 2628 3055 domo?
2646 3001 2778 3055 Nam
2801 3002 2914 3056 sive
2929 3018 3149 3072 parvum
3169 3004 3282 3059 sive
3306 3020 3553 3076 magnum

1974 3088 2104 3158 quid
2142 3089 2316 3154 fuerit,
2348 3091 2394 3145 si
2437 3105 2618 3146 secum
2662 3092 2936 3160 dissideat,
2972 3093 3130 3164 perit.
3178 3095 3234 3150 Si
3265 3096 3423 3167 igitur
3447 3098 3556 3152 dae-

1973 3185 2210 3238 monium
2232 3184 2434 3240 habens
2454 3201 2575 3256 ego,
2603 3186 2718 3257 ejus
2744 3203 2846 3258 ope
2874 3188 3145 3245 daemonas
3175 3192 3333 3261 pello,
3362 3192 3555 3248 seditio

1972 3284 2026 3330 et
2049 3291 2220 3346 pugna
2249 3285 2332 3331 est
2354 3276 2492 3332 inter
2517 3277 2808 3343 daemonas,
2837 3279 2979 3350 iique
3015 3288 3159 3336 stant
3184 3281 3338 3338 divisi
3372 3293 3426 3339 et
3454 3284 3551 3338 ad-

1976 3366 2219 3419 versarii.
2249 3365 2304 3421 Si
2334 3367 2421 3421 alii
2462 3378 2647 3423 contra
2676 3369 2812 3424 alios
2849 3377 3015 3438 stant,
3052 3371 3262 3429 illorum
3297 3372 3552 3429 fortitudo

1971 3455 2129 3524 periit
2154 3465 2207 3510 et
2234 3456 2545 3512 labefactata
2574 3466 2675 3513 est.
2718 3458 2780 3513 Si
2804 3459 2946 3514 enim
2975 3470 3180 3516 satanas
3203 3472 3434 3518 satanam
3459 3466 3551 3535 eji-

1969 3548 2036 3601 cit
2073 3550 2201 3615 (non
2249 3547 2400 3615 dixit,
2453 3549 2733 3604 Dmmonas
2766 3551 2932 3621 ejicit,
2987 3551 3276 3608 ostendens
3325 3565 3545 3610 multam

1968 3653 2088 3694 esse
2114 3641 2251 3695 inter
2270 3640 2393 3695 illos
2419 3642 2803 3713 concordiam),
2849 3642 2903 3696 in
2931 3642 3149 3713 seipsum
3192 3658 3321 3714 ergo
3358 3646 3550 3701 divisus

1968 3740 2060 3795 est,
2091 3730 2281 3800 inquit.
2311 3731 2365 3786 Si
2390 3731 2590 3786 divisus
2616 3742 2722 3798 est,
2751 3747 2879 3802 ergo
2905 3733 3222 3789 imbecillior
3246 3734 3416 3791 factus
3440 3747 3548 3803 est,

1966 3830 2021 3874 et
2044 3822 2245 3890 pet-iit:
2279 3822 2322 3877 si
2364 3823 2550 3891 periit,
2585 3823 2853 3893 quomodo
2888 3833 3063 3894 potest
3103 3826 3264 3881 alium
3304 3827 3548 3898 ejicere?

1966 3911 2154 3966 Viden'
2175 3928 2332 3982 quam
2355 3913 2575 3967 ridicula
2603 3916 2674 3968 sit
2697 3914 2982 3981 accusatio,
3006 3932 3165 3987 quam
3185 3917 3363 3984 stulta,
3387 3934 3547 3988 quam

1966 4018 2149 4060 secum
2169 4003 2282 4074 ipsa
2322 4006 2596 4075 pugnans?
2625 4005 2741 4060 Non
2782 4016 2957 4076 potest
2986 4008 3126 4062 enim
3158 4007 3300 4063 idem
3330 4008 3443 4079 ipse
3467 4010 3550 4064 di-

1965 4110 2109 4161 cere,
2140 4106 2379 4152 satanam
2409 4106 2555 4153 stare
2591 4107 2648 4153 et
2676 4098 2874 4167 ejicere
2901 4098 3193 4166 daemonas,
3233 4115 3297 4156 ac
3329 4111 3549 4170 propter

1966 4187 2094 4243 illud
2124 4198 2290 4253 stare,
2315 4198 2531 4259 prOpter
2548 4188 2690 4260 quod
2713 4189 2821 4259 jam
2849 4191 3116 4247 corruisse
3135 4191 3314 4248 debet.
3339 4192 3403 4247 Et
3430 4193 3544 4251 haec

1965 4294 2049 4340 est
2078 4285 2248 4355 prima
2281 4286 2476 4341 solutio
2506 4305 2518 4340 :
2552 4285 2785 4342 secunda
2827 4286 3025 4342 solutio
3067 4287 3209 4342 circa
3254 4288 3547 4360 discipulos

1964 4387 2209 4433 versatur
2239 4395 2253 4432 :
2280 4393 2454 4448 neque
2478 4378 2620 4433 enim
2646 4393 2752 4433 uno
2779 4385 2982 4433 tantum
3008 4392 3221 4447 semper
3250 4380 3432 4446 modo,
3450 4382 3547 4437 sed

1965 4471 2124 4525 etiam
2152 4470 2389 4525 secundo
2418 4478 2473 4525 et
2504 4471 2662 4525 tertio
2694 4470 3022 4540 objectiones
3050 4471 3229 4539 solvit,
3259 4472 3401 4543 quod
3426 4474 3544 4529 illo-

1964 4576 2084 4616 rum
2122 4560 2503 4631 impudentiam
2545 4576 2611 4615 ex
2639 4559 2929 4615 abundanti
2969 4561 3263 4631 reprimere
3292 4563 3441 4619 velit.
3488 4564 3545 4619 ld

1965 4650 2106 4719 quod
2135 4652 2293 4705 etiam
2322 4650 2467 4717 fecit,
2498 4665 2619 4705 cum
2646 4650 2714 4705 de
2744 4650 2964 4706 sabbato
2991 4660 3257 4721 ageretur,
3287 4652 3543 4710 Davidem

1964 4742 2238 4797 adducens
2265 4742 2316 4796 in
2344 4742 2599 4805 medium,
2634 4741 2867 4812 itemque
2894 4744 3200 4800 sacerdotes
3224 4753 3280 4800 et
3309 4747 3548 4802 testimo-

1967 4836 2113 4891 nium
2153 4850 2257 4904 quo
2299 4834 2512 4901 dicitur,
2547 4833 2943 4889 Misericordia”:
2984 4835 3117 4903 volo,
3147 4846 3192 4891 et
3224 4853 3325 4891 non
3352 4840 3551 4908 sacriﬁ-

1967 4929 2099 4981 cium
2130 4925 2282 4997 (Osee
2332 4926 2386 4981 6.
2418 4925 2510 4996 6);
2541 4940 2756 4979 causam
2797 4925 3027 4995 denique
3063 4926 3133 4982 ob
3169 4943 3327 4996 qnam
3359 4928 3549 4983 sabba-

1965 5027 2076 5073 tum
2108 5017 2205 5072 fuit
2250 5018 2586 5072 institutum:
2612 5015 2832 5085 Prapter
2860 5017 3111 5071 hominem
3142 5019 3306 5083 enim,
3350 5020 3544 5089 inqttit,

1966 5119 2035 5163 est
2061 5110 2323 5163 sabbatum
2351 5108 2542 5177 (Marc.
2569 5106 2624 5161 2.
2655 5105 2747 5179 27)
2780 5124 2794 5162 :
2822 5107 2925 5162 hoc
2953 5122 3079 5178 ergo
3101 5106 3187 5162 hic
3214 5108 3373 5163 etiam
3396 5108 3545 5165 facit.

1964 5201 2095 5256 Nam
2147 5210 2268 5271 post
2316 5201 2539 5269 primam
2585 5198 2911 5253 solutionem
2960 5199 3027 5253 ad
3068 5198 3356 5254 secundam
3402 5201 3551 5254 venit

1965 5294 2145 5363 priore
2168 5292 2468 5347 clariorem.
2498 5292 2588 5345 Ait
2616 5291 2758 5345 enim
2791 5306 2804 5343 :
2832 5290 2922 5345 27.
2956 5288 3018 5344 Si
3058 5306 3148 5360 ego
3175 5291 3230 5344 in
3272 5290 3546 5346 Beelzebub

1965 5385 2110 5456 ejicio
2136 5383 2406 5449 dwmonia,
2429 5383 2524 5452 ﬁlii
2553 5382 2778 5456 vestririn
2801 5398 2900 5453 quo
2928 5382 3131 5453 ejiciunt
3148 5383 3175 5436 ἵ

2037 5475 2092 5528 2.
2124 5474 2221 5528 llic
2263 5488 2476 5544 quoque
2512 5471 2631 5540 ejus
2667 5455 3127 5526 mansuetudinem
3164 5470 3545 5529 animadverte.

1967 5566 2083 5621 Non
2114 5566 2257 5620 enim
2305 5564 2453 5629 dicit,
2499 5563 2753 5633 Discipuli
2798 5560 2926 5625 mei,
2972 5576 3089 5625 nec,
3138 5562 3377 5632 Apostoli
3419 5566 3546 5629 mei,

1966 5657 2083 5723 sed,
2114 5656 2241 5710 Filii
2264 5654 2434 5719 vestri,
2472 5663 2530 5708 ut
2558 5654 2604 5708 si
2636 5653 2804 5707 velint
2842 5651 2908 5707 ad
2938 5652 3181 5707 eamdem
3220 5653 3548 5708 nobilitatem

1967 5748 2171 5813 venire,
2213 5746 2337 5801 hinc
2382 5760 2566 5800 ansam
2594 5743 2851 5814 arripiant
2880 5761 2892 5797 :
2926 5744 3008 5798 sin
3039 5744 3229 5814 ingrati
3270 5744 3322 5799 in
3359 5743 3548 5799 iisdem

1966 5840 2333 5913 persistercnt,
2357 5853 2425 5897 ne
2454 5835 2813 5908 impudentem
2833 5835 3047 5910 quidem
3077 5844 3294 5909 possent
3329 5851 3550 5892 excuse».
