4074 6358
445 483 549 536 417

443 597 640 648 tionem
688 586 945 658 proferre.
993 581 1143 648 Quod
1186 589 1360 632 autem
1401 573 1530 627 dicit
1574 570 1676 624 hoc
1722 562 2024 634 signiﬁcat:

442 681 686 753 Apostoli
731 680 783 733 in
832 691 938 746 quo
982 670 1231 744 ejiciunt?
1257 668 1373 723 Jam
1405 665 1546 719 enim
1590 659 1880 728 eiecerant,
1910 667 2032 706 cum

445 781 766 846 potestatem
793 769 860 823 ab
889 767 978 822 illo
1005 763 1359 832 accepissent,
1391 769 1566 825 neque
1591 764 1766 805 tamen
1795 749 1915 802 illos
1938 759 2033 798 ac-

446 865 704 922 cusabant
731 880 745 916 :
774 871 948 931 neque
973 857 1116 914 enim
1157 863 1341 908 contra
1388 863 1476 904 res
1519 847 1682 917 ipsas,
1714 840 1804 895 sed
1850 845 2035 893 contra

449 967 734 1029 persenam
774 961 977 1008 tantum
1009 945 1302 1018 litigabant.
1339 940 1411 997 Ut
1449 936 1696 993 ostendat
1724 933 1904 1004 igitur,
1942 942 2038 983 eos

449 1067 518 1105 ex
561 1046 758 1102 invidia
806 1043 980 1098 solum
1023 1038 1110 1094 illa
1149 1036 1367 1099 dixisse,
1395 1029 1664 1097 apostolos
1710 1025 1762 1078 in
1803 1019 2038 1076 medium

451 1140 690 1196 adducit.
718 1135 852 1192 Nam
873 1135 917 1188 si
942 1147 1042 1202 ego
1068 1131 1144 1186 sic
1165 1127 1339 1198 ejicio,
1371 1122 1538 1178 multo
1569 1119 1733 1188 magis
1772 1115 1868 1180 illi,
1891 1112 1979 1186 qui
2008 1125 2040 1164 a

452 1248 542 1288 me
569 1237 883 1302 potestatem
907 1231 1249 1294 acceperunt.
1281 1221 1528 1274 Attamen
1556 1212 1688 1268 nihil
1709 1209 1879 1266 simile
1908 1204 2043 1261 dixi-

454 1325 553 1381 stis
584 1323 710 1378 illis.
738 1319 846 1376 Cur
865 1333 993 1388 ergo
1022 1332 1106 1370 me
1130 1312 1412 1374 accusatis,
1445 1309 1531 1380 qui
1557 1315 1743 1361 auctor
1768 1303 1873 1358 illis
1887 1316 2046 1366 sum;

455 1415 579 1471 illos
617 1428 746 1470 vero
789 1411 1014 1467 crimine
1051 1408 1251 1464 liberos
1291 1401 1538 1458 mittitis?
1581 1399 1697 1454 Non
1751 1397 1855 1450 hoc
1882 1408 1978 1448 vos
2013 1409 2045 1449 a

458 1508 720 1579 supplicio
747 1503 1014 1568 liberabit,
1042 1499 1134 1556 sed
1177 1497 1366 1567 majori
1399 1489 1728 1548 damnationi
1753 1487 1997 1554 subjiciet
2027 1499 2042 1536 :

460 1600 584 1656 ideo
609 1597 905 1667 subiunxit,
933 1593 1043 1663 Ipsi
1060 1591 1262 1662 judices
1292 1587 1437 1642 vestri
1463 1593 1628 1639 erunt.
1650 1581 1783 1636 Cum
1813 1579 1952 1634 enim
1980 1593 2050 1633 ex

459 1693 613 1748 vobis
641 1692 749 1746 sint
777 1691 901 1753 orti,
931 1698 986 1742 et
1028 1686 1142 1739 [nec
1170 1687 1482 1745 exerceant,
1513 1693 1635 1733 cum
1673 1674 1804 1730 mihi
1848 1673 2053 1726 obtem-

462 1795 653 1857 perent
681 1793 738 1840 et
770 1783 1043 1844 obeatant,
1075 1779 1290 1847 planum
1329 1783 1412 1830 est
1441 1773 1560 1827 illos
1595 1769 2052 1826 condemnatur-os

461 1891 583 1932 esse
608 1890 703 1931 eos
731 1875 820 1942 qui
849 1870 1116 1926 contraria
1163 1867 1366 1922 faciunt
1396 1873 1451 1919 et
1494 1863 1696 1918 dicunt.
1736 1860 1826 1915 9.8.
1869 1859 1931 1913 Si
1954 1875 2048 1911 au-

467 1980 565 2022 tem
592 1969 647 2021 in
694 1966 894 2036 Spiritu
938 1963 1035 2018 Dei
1063 1961 1317 2016 daemonia
1364 1957 1532 2028 ejicio,
1568 1955 1794 2026 profecto
1836 1950 2057 2022 pervenit

465 2065 523 2114 in
558 2075 643 2114 vos
697 2073 911 2129 regnum
960 2054 1074 2107 Dei.
1121 2051 1256 2120 Quid
1305 2057 1416 2112 est,
1469 2046 1746 2117 Regnum?
1784 2044 2059 2098 Adventus

469 2165 645 2206 meus.
678 2149 813 2203 Vide
840 2143 1107 2216 quomodo
1135 2159 1321 2198 rursus
1349 2155 1442 2194 cos
1471 2139 1667 2193 alliciat
1707 2147 1761 2191 et
1789 2143 1959 2198 curet,
1991 2130 2056 2185 ad

471 2257 734 2312 suamque
776 2239 1134 2308 cognitionem
1159 2237 1175 2267 ¹
1202 2232 1496 2306 pcrtrabat,
1544 2228 1893 2298 ostendatque
1941 2225 2070 2280 illos

471 2337 611 2392 bona
641 2349 736 2388 sua
783 2333 1116 2401 impugnare,
1144 2337 1199 2382 et
1249 2335 1431 2381 contra
1482 2324 1710 2379 salutem
1754 2335 1904 2375 suam
1953 2319 2062 2372 liti-

473 2427 638 2497 gare?
663 2424 797 2479 Cum
843 2429 1134 2492 oporteret,
1171 2418 1362 2486 inquit,
1407 2415 1638 2486 gaudere
1682 2422 1738 2469 et
1774 2410 2061 2474 exsultare,

474 2519 598 2589 quia
629 2532 820 2586 magna
867 2515 954 2568 illa
1006 2523 1062 2568 et
1112 2509 1395 2565 ineffabilia
1439 2507 1661 2562 daturus
1681 2503 1920 2568 advenit,
1947 2516 2067 2571 qua:

477 2611 604 2666 olim
637 2607 909 2679 propheta:
937 2605 1268 2667 cecinerunt,
1314 2609 1370 2655 et
1420 2598 1562 2669 quod
1609 2595 1761 2650 vobis
1804 2594 1944 2648 bene
1970 2607 2064 2662 ge-

480 2701 632 2756 rendi
664 2710 869 2767 tempus
907 2693 1185 2750 advenerit
1212 2710 1225 2745 :
1259 2707 1354 2746 vos
1387 2689 1711 2745 contrarium
1741 2685 1931 2747 facitis,
1964 2699 2068 2738 non

482 2790 642 2847 modo
669 2789 805 2843 bona
843 2804 946 2840 non
991 2785 1333 2853 accipientes,
1362 2780 1456 2837 sed
1486 2780 1648 2834 etiam
1685 2777 2073 2830 calumniantes

483 2890 748 2935 eteausas
768 2874 1253 2932 comminiscentes.
1295 2870 1575 2924 Mattha-us
1613 2867 1824 2938 quidem
1874 2867 1982 2918 ait:
2017 2863 2075 2915 Si

485 2984 652 3027 autem
682 2987 772 3040 ego
797 2971 848 3023 in
875 2969 1073 3037 Spiritu
1099 2965 1190 3020 Dei
1213 2964 1358 3034 ejicio
1387 2978 1404 3025 ;
1430 2963 1601 3017 Lucns
1627 2975 1756 3014 vero
1785 2977 1797 3011 :
1825 2955 1886 3014 Si
1911 2970 2078 3011 autem

488 3080 581 3134 ego
606 3063 660 3116 in
684 3061 840 3132 digito
866 3059 958 3112 Dei
985 3057 1130 3130 ejicio
1156 3054 1407 3110 dwmonia
1434 3053 1584 3125 (Luc.
1617 3053 1704 3107 Η.
1733 3051 1825 3122 20)
1856 3069 1868 3106 :
1893 3060 2079 3134 osten-

488 3155 624 3210 dens
663 3153 912 3207 maximm
955 3150 1204 3218 potentiae
1240 3163 1375 3217 opus
1428 3160 1548 3200 esse
1600 3144 1750 3208 illud,
1808 3129 2081 3197 daemonas

491 3246 709 3316 ejicere,
741 3258 804 3298 ac
832 3242 1014 3312 gratim
1053 3255 1158 3294 non
1193 3237 1446 3308 vulgaris.
1488 3236 1623 3290 llinc
1661 3244 1837 3288 autem
1866 3233 2082 3286 ratioci-

493 3336 610 3392 nari
639 3335 751 3388 vult
789 3343 842 3388 et
877 3331 1078 3393 dicere,
1111 3330 1165 3385 Si
1213 3329 1314 3383 hoc
1360 3329 1430 3381 ita
1471 3337 1575 3392 est,
1621 3341 1748 3395 ergo
1782 3323 1946 3378 Filius
1990 3324 2082 3378 Dei

495 3428 729 3483 advenit.
788 3424 895 3481 Sed
936 3423 1041 3478 hoc
1079 3439 1184 3477 non
1224 3422 1372 3487 dicit,
1408 3435 1590 3474 verum
1633 3419 1879 3483 obscure,
1920 3417 1989 3471 ita
2031 3426 2089 3470 ut

497 3521 603 3575 illis
624 3531 910 3573 onerosum
937 3531 1043 3570 non
1069 3523 1231 3578 esset,
1267 3512 1318 3567 id
1366 3511 1665 3567 subindicat
1689 3510 1914 3563 dicens:
1952 3507 2090 3578 Ergo

499 3612 722 3684 pervenit
754 3610 807 3662 in
836 3625 921 3662 vos
946 3623 1158 3678 regnum
1187 3605 1301 3659 Dei.
1332 3604 1516 3658 Viden‘
1543 3601 1856 3672 sapientiam
1899 3600 2088 3669 ingen-

502 3702 652 3759 tem?
687 3703 762 3756 Ex
783 3701 870 3767 iis,
895 3709 1015 3770 qua:
1043 3701 1118 3753 illi
1148 3697 1493 3768 objiciebaut,
1534 3695 1820 3762 consnicue
1863 3690 2096 3748 ostendit

504 3795 790 3850 adventum
813 3808 989 3846 suum.
1021 3789 1220 3846 Deinde
1246 3798 1299 3844 ut
1329 3789 1447 3842 illos
1473 3788 1787 3852 altraheret,
1820 3802 1926 3840 non
1967 3785 2097 3840 dicit

505 3886 840 3956 simpliciter,
867 3882 1104 3938 Pervenit
1131 3897 1359 3952 regnum,
1405 3879 1501 3936 sed
1541 3879 1744 3947 adjicit,
1774 3877 1855 3930 Ad
1880 3893 2006 3942 vos;
2036 3891 2099 3929 ac

508 3979 554 4032 si
583 3977 804 4037 diceret,
842 3973 1005 4028 Vobis
1028 3973 1318 4026 adveniunt
1339 3971 1496 4025 bona.
1524 3969 1633 4023 Cur
1656 3983 1784 4038 ergo
1806 3969 1857 4022 iu
1885 3967 2099 4037 propria

510 4069 648 4124 bona
676 4068 793 4122 sine
837 4080 999 4120 sensu
1041 4063 1210 4119 estis?
1237 4078 1332 4116 cur
1367 4071 1552 4116 contra
1603 4069 1835 4114 vestram
1876 4059 2101 4112 salutem

513 4163 612 4232 ipsi
642 4160 924 4232 pugnatis?
954 4158 1064 4212 lloc
1089 4166 1171 4210 est
1199 4166 1405 4224 tempus
1446 4153 1598 4216 illud,
1638 4151 1781 4222 quod
1809 4151 1936 4206 olim
1980 4165 2106 4220 pro-

512 4253 690 4324 pheta:
725 4250 1124 4321 praedixerunt:
1159 4247 1258 4301 hoc
1295 4246 1504 4312 signum
1553 4243 1814 4298 adventus
1855 4257 1948 4312 per
1987 4241 2108 4295 illos

513 4345 802 4411 decantati,
836 4342 978 4414 quod
1021 4356 1216 4411 nempe
1259 4339 1436 4394 divina
1489 4336 1723 4407 potentia
1764 4335 1880 4390 hinc
1931 4335 2104 4389 ﬁant'.

516 4439 648 4495 Nam
675 4439 813 4508 quod
845 4437 993 4502 tiant,
1023 4450 1121 4490 vos
1149 4431 1354 4496 nostis;
1391 4430 1532 4500 quod
1573 4439 1749 4483 autem
1791 4427 1967 4483 divina
2009 4441 2108 4496 po-

518 4531 708 4594 tentia,
738 4545 825 4584 rcs
862 4530 992 4598 ipsa:
1025 4527 1278 4582 clamant.
1309 4523 1490 4592 Neque
1529 4523 1671 4576 enim
1705 4519 1822 4574 ﬁeri
1854 4528 2026 4590 potest
2054 4526 2114 4573 ut

522 4632 738 4678 satanas
768 4636 912 4675 nunc
937 4620 1006 4675 sit
1043 4619 1250 4683 fortior,
1281 4617 1387 4670 imo
1418 4614 1722 4670 necessario
1749 4621 1833 4667 est
1870 4611 2111 4666 imbecil-

519 4715 605 4769 lus
637 4731 652 4767 :
683 4727 791 4766 non
817 4719 991 4780 potest
1009 4717 1185 4763 autem
1216 4707 1508 4761 imbecillus
1537 4704 1656 4775 quis
1684 4703 1877 4758 fortem
1914 4702 2114 4757 daemo-

521 4822 647 4862 nem
675 4804 890 4875 ejicere.
932 4801 1059 4856 llazc
1093 4815 1253 4870 porro
1278 4799 1509 4863 dicebat,
1532 4797 1767 4852 caritatis
1791 4796 1896 4850 vim
1930 4801 2116 4848 osten-

522 4898 681 4962 dens,
703 4912 766 4950 ac
793 4893 998 4949 dissidii
1028 4901 1187 4961 atque
1218 4890 1370 4960 litigii
1405 4888 1843 4943 imbecillitatem.
1887 4884 2118 4954 Ideoque

523 4995 642 5064 ipsc
671 4990 975 5060 frequenter
1009 4984 1298 5056 discipulos
1339 4982 1483 5039 circa
1520 4981 1798 5036 caritatem
1849 4977 2114 5042 hortatur,

526 5084 875 5151 declaratque
902 5077 1171 5135 diabolum
1199 5075 1330 5130 nihil
1369 5090 1476 5128 non
1512 5087 1674 5142 agere
1703 5079 1761 5126 ut
1789 5069 1929 5124 illam
1965 5069 2119 5124 aute—

509 5187 631 5235 rat.
664 5175 793 5231 Post
824 5169 1114 5228 secundam
1153 5181 1282 5237 ergo
1318 5164 1640 5220 solutionem
1672 5162 1884 5217 tertiam
1908 5173 2120 5229 quoque

531 5267 739 5326 inducit
755 5265 941 5320 dicens
974 5261 1102 5317 :29.
1135 5259 1400 5327 Quomodo
1440 5264 1597 5324 potest
1628 5253 1809 5324 aliquis
1850 5252 2042 5304 intrare
2068 5251 2123 5304 in

530 5361 738 5414 domum
763 5356 927 5429 fortis,
957 5363 1003 5408 et
1029 5369 1150 5407 vasa
1171 5351 1310 5405 illius
1337 5349 1575 5417 diripere,
1603 5347 1698 5400 nisi
1730 5345 1870 5416 prius
1896 5343 2124 5414 ligaverit

535 5455 735 5523 fortem,
767 5456 816 5502 et
840 5457 960 5501 tunc
980 5460 1100 5499 vasa
1124 5443 1231 5514 ejus
1270 5437 1526 5509 diripiat?
1551 5436 1700 5504 Quod
1725 5451 1830 5489 non
1852 5435 2021 5504 possit
2041 5448 2125 5488 sa-

534 5551 687 5597 tanas
709 5546 952 5595 satanam
975 5535 1190 5605 ejicere,
1217 5548 1284 5587 ex
1313 5527 1736 5601 praecedentibus
1765 5526 1961 5597 liquet;
1983 5523 2124 5594 quod

534 5643 714 5690 autem
743 5646 853 5687 non
872 5629 1090 5685 omnino
1121 5625 1289 5697 possit
1317 5624 1437 5695 quis
1465 5622 1614 5677 illum
1639 5619 1859 5689 ejicere,
1894 5617 1995 5673 nisi
2021 5618 2127 5687 pri-

538 5742 684 5784 mum
723 5721 1008 5793 superarit,
1053 5717 1195 5788 apud
1233 5729 1422 5771 omnes
1459 5714 1512 5768 in
1559 5710 1807 5767 confesso
1844 5719 1945 5768 est.
1989 5706 2127 5778 Quid

608 5862 626 5890 ¹
658 5861 853 5923 quidam
875 5853 1166 5923 habenthad
1189 5866 1417 5920 suamque
1441 5855 1734 5904 sententiam.

606 5923 627 5956 ⁸
660 5917 766 5985 Alii,
783 5926 914 5972 tanta
936 5919 1041 5970 Itwc
1062 5917 1199 5984 ﬁant.

1155 465 1210 523 S.
1251 459 1530 520 JOANNIS
1567 445 2041 513 CIIRYSUSTOMI
2082 443 2396 498 ARCHIEP.
2425 437 2964 496 CONSTANTlNOP.

3615 429 3723 484 tts
3775 403 3782 410 ’

2143 556 2300 626 igitur
2320 571 2386 610 ex
2427 554 2510 608 his
2542 553 2858 607 coniicitur?
2896 547 3050 616 Quod
3088 546 3232 617 prius
3262 543 3458 598 dictmn
3491 551 3593 609 est,
3629 543 3729 598 Sed

2137 649 2295 717 longe
2322 645 2569 700 validius.
2589 644 2816 699 Tardum
2837 640 3010 703 abest,
3035 636 3224 715 inquit,
3249 645 3306 688 ut
3329 635 3576 702 adiutore
3609 642 3732 686 utar

2139 737 2375 805 diabolo,
2402 747 2461 791 ut
2484 751 2606 791 eum
2635 734 2795 790 etiam
2831 733 3135 801 impugnem
3183 738 3237 781 et
3279 727 3544 788 vinciam;
3575 725 3732 793 cujus

2140 829 2219 885 rei
2254 829 2462 899 signum
2493 836 2593 892 est,
2635 825 2777 896 quod
2822 838 2948 878 vasa
2977 823 3094 892 ejus
3120 819 3387 889 diripiam.
3429 817 3560 872 Vide
3594 831 3733 886 quo-

2142 918 2300 975 modo
2323 917 2671 983 contrarium,
2701 929 2858 986 quam
2887 912 2962 968 illi
3001 925 3162 980 supra
3195 917 3432 964 statuere
3459 905 3737 962 conaban—

2144 1019 2262 1073 tur,
2314 1007 2730 1063 demonstretur.
2781 1005 2858 1059 llli
2906 1003 3049 1059 enim
3103 999 3390 1056 ostendere
3440 997 3736 1064 volebant,

2145 1101 2320 1170 ipsum
2346 1113 2451 1153 non
2473 1097 2524 1152 vi
2552 1097 2764 1168 pr0pria
2799 1096 3070 1150 daemonas
3105 1092 3298 1162 ejicere
3324 1108 3337 1144 :
3362 1090 3453 1145 ille
3476 1105 3604 1144 vero
3635 1087 3740 1145 de-

2147 1197 2431 1256 monstrat,
2462 1204 2522 1244 se
2556 1205 2663 1242 non
2697 1187 2860 1242 modo
2890 1187 3182 1250 daemonas,
3215 1183 3307 1239 sed
3347 1181 3556 1236 illorum
3585 1181 3741 1250 prin-

2147 1285 2320 1354 cipem
2349 1283 2565 1352 ligatum
2595 1280 2646 1334 vi
2671 1279 2933 1344 detinere,
2973 1277 3228 1345 illumque
3265 1273 3494 1343 priorem
3524 1271 3743 1341 propria

2149 1385 2412 1449 potestate
2439 1375 2665 1438 vicisse;
2703 1371 2846 1443 quod
2882 1386 2912 1424 a
2941 1369 3100 1424 rebus
3144 1368 3310 1437 gestis
3341 1363 3748 1432 comprobatur.

2149 1471 2282 1526 Nam
2302 1469 2347 1524 si
2376 1468 2462 1523 hic
2487 1468 2735 1537 princeps
2748 1473 2848 1527 est,
2871 1461 3159 1530 cmterique
3179 1456 3372 1512 subditi
3403 1472 3416 1508 :
3445 1454 3739 1525 quomodo,

2152 1563 2244 1617 illo
2284 1576 2391 1616 non
2434 1559 2578 1614 victo
2605 1557 2646 1623 ί,
2678 1569 2778 1611 nec
2819 1553 3062 1617 cedente,
3111 1549 3163 1604 bi
3208 1544 3604 1617 diriperentur?
3649 1543 3749 1597 llic

2153 1668 2282 1708 vero
2313 1651 2522 1706 videtur
2544 1649 2673 1704 mihi
2703 1644 2979 1718 prophetia
3007 1658 3128 1698 esse
3157 1640 3299 1711 quod
3324 1639 3536 1694 dicitur.
3561 1636 3750 1705 Neque

2156 1747 2300 1801 enim
2325 1743 2484 1799 modo
2504 1742 2780 1799 daemones
2804 1753 2929 1793 vasa
2957 1735 3155 1792 diaboli
3186 1743 3329 1798 sunt,
3353 1733 3444 1788 sed
3479 1732 3635 1786 etiam
3661 1729 3753 1784 lm-

2158 1840 2331 1893 mines
2396 1835 2487 1906 qui
2529 1832 2821 1890 secundum
2863 1831 3036 1901 ipsum
3082 1837 3390 1898 operantur.
3441 1824 3618 1879 Palam
3669 1831 3760 1876 est

2160 1932 2317 2000 igitur
2351 1928 2438 1983 hic
2466 1927 2568 1982 dici
2599 1941 2721 1981 eum
2751 1939 2857 1978 non
2889 1922 3160 1977 dmmonas
3195 1919 3366 1974 solum
3404 1917 3621 1985 ejicere,
3655 1915 3754 1968 sed

2159 2024 2322 2079 etiam
2352 2035 2590 2076 errorem
2621 2035 2687 2072 ex
2715 2025 2828 2071 toto
2868 2015 2998 2069 orbe
3024 2013 3418 2069 eliminaturum
3457 2023 3597 2072 esse,
3632 2006 3756 2060 dia-

2163 2113 2378 2182 bolique
2407 2110 2702 2180 praestigias
2747 2107 3063 2170 soluturum,
3114 2113 3170 2158 et
3221 2100 3399 2156 omnia
3447 2114 3568 2169 qua:
3611 2097 3759 2152 illius

2163 2216 2290 2259 sunt
2314 2203 2516 2257 inutilia
2554 2200 2907 2255 redditurum.
2957 2195 3142 2266 Neque
3186 2193 3342 2258 dixit,
3389 2191 3598 2261 Rapiet,
3640 2188 3766 2252 sed,

2166 2296 2415 2366 Diripiet;
2438 2293 2716 2368 declarans
2746 2289 2872 2345 illud
2903 2304 3022 2344 cum
3047 2294 3309 2358 potestate
3332 2283 3525 2337 factum
3547 2296 3690 2336 esse.

2238 2391 2291 2446 3.
2324 2389 2539 2444 Fortem
2571 2396 2747 2440 autem
2779 2385 2926 2438 illum
2951 2380 3186 2451 appellat
3210 2421 3225 2444 ,
3255 2393 3362 2433 non
3400 2373 3542 2446 quod
3570 2383 3764 2427 natura

2171 2484 2290 2538 talis
2319 2484 2390 2536 sit
2417 2496 2433 2539 ι
2465 2479 2638 2542 absit;
2669 2476 2764 2532 sed
2809 2476 3039 2545 priorem
3080 2470 3386 2542 signiﬁcans
3427 2466 3768 2538 tyrannidem

2171 2593 2238 2634 ex
2269 2571 2588 2643 negligentia
2619 2579 2802 2624 nostra
2832 2567 3138 2622 stabilitam.
3169 2563 3260 2619 30.
3292 2561 3390 2628 Qui
3431 2577 3532 2614 non
3558 2568 3630 2612 est
3661 2572 3770 2610 me-

2173 2685 2308 2732 cum,
2338 2675 2513 2720 contra
2538 2679 2618 2716 me
2645 2669 2753 2724 est;
2784 2669 2830 2713 et
2850 2659 2935 2730 qui
2958 2673 3152 2711 mecum
3176 2671 3278 2708 non
3301 2652 3517 2722 colligit,
3547 2649 3770 2720 spargit.

2175 2759 2317 2813 Ecce
2339 2765 2582 2828 quartam
2608 2753 2952 2809 solutionem.
2974 2748 3112 2817 Quid
3141 2746 3301 2802 volo?
3332 2744 3521 2814 inquit.
3548 2742 3656 2795 Deo
3685 2740 3775 2793 of-

2181 2849 2318 2904 ferre
2355 2889 2369 2910 ,
2421 2847 2671 2901 virtutem
2713 2844 2942 2906 docere,
2987 2853 3210 2910 regnum
3255 2835 3591 2891 annuntiare.
3635 2832 3777 2898 Quid

2180 2941 2426 2996 diabolus
2451 2947 2506 2993 et
2533 2937 2805 2992 daemones
2826 2931 3044 2988 volunt?
3067 2930 3160 2986 llis
3179 2927 3468 2984 contraria.
3493 2924 3780 2992 Quomodo

2183 3035 2344 3105 igitur
2369 3033 2433 3093 is,
2461 3030 2551 3099 qui
2581 3043 2788 3084 mecum
2821 3043 2923 3080 non
2957 3023 3191 3092 colligit,
3223 3035 3396 3090 neque
3422 3032 3627 3072 mecum
3655 3025 3743 3071 est
3763 3055 3779 3079 ,

2187 3140 2393 3178 mccmn
2437 3132 2751 3191 operaturus
2777 3117 2896 3174 est?
2925 3113 3124 3185 etquid
3167 3113 3287 3168 dico
3333 3125 3541 3165 mecum
3583 3123 3781 3178 opera-

2190 3217 2376 3271 tnrus?
2427 3215 2538 3269 lmo
2593 3211 2961 3274 contrarium;
3012 3207 3160 3276 cupit
3205 3205 3347 3260 enim
3407 3217 3525 3256 mea
3569 3200 3784 3267 disper-

2189 3325 2333 3379 gere.
2366 3306 2463 3374 Qui
2497 3321 2624 3376 ergo
2665 3319 2771 3358 non
2811 3301 2969 3356 modo
3002 3313 3213 3354 mecum
3242 3312 3348 3352 non
3383 3303 3659 3365 Operatnr,
3688 3292 3787 3347 scd

2192 3402 2352 3455 etiam
2401 3399 2694 3466 dispergit,
2737 3392 3005 3466 quomodo
3055 3399 3254 3446 tantam
3301 3402 3509 3443 meeum
3562 3400 3790 3442 concor-

2195 3492 2335 3545 diam
2358 3489 2654 3551 exhiberet,
2670 3496 2730 3540 ut
2754 3499 2962 3540 mecum
2984 3482 3256 3537 daemonas
3283 3477 3538 3547 ejiceret?
3563 3478 3674 3530 Iloe
3694 3492 3791 3529 an-

2198 3593 2302 3636 tem
2352 3595 2460 3634 non
2507 3579 2576 3633 de
2617 3576 2831 3632 diabolo
2872 3583 3102 3640 tantum,
3147 3571 3242 3627 sed
3290 3571 3462 3640 ipsum
3503 3567 3570 3622 de
3610 3568 3794 3638 seipse

2197 3671 2486 3730 verisimile
2509 3678 2591 3725 est
2617 3668 2837 3728 dixisse,
2862 3674 3047 3735 utpote
3073 3663 3162 3734 qui
3183 3672 3369 3716 contra
3398 3659 3670 3714 diabolum
3699 3659 3793 3721 sit,

2200 3774 2254 3818 et
2280 3780 2398 3834 qua:
2436 3761 2578 3816 illius
2624 3768 2748 3814 sunt
2793 3758 3084 3827 dispergat.
3117 3754 3183 3808 Et
3211 3753 3502 3824 quomodo,
3550 3750 3795 3819 inquies,

2201 3856 2291 3926 qui
2322 3870 2427 3908 non
2467 3861 2550 3908 est
2596 3866 2836 3913 mecum,
2868 3857 3052 3903 contra
3092 3860 3180 3900 me
3219 3845 3334 3900 est?
3364 3843 3419 3898 Id
3449 3853 3552 3908 est,
3583 3856 3651 3896 eo
3681 3841 3800 3908 ipso

2204 3945 2348 4017 quod
2396 3960 2504 3999 non
2545 3943 2781 4013 colligat.
2824 3940 2880 3996 Si
2919 3949 3095 3992 autem
3128 3937 3230 3991 hoc
3269 3951 3452 3990 verum
3479 3945 3593 3997 est,
3627 3933 3803 3985 multo

2206 4040 2374 4110 magis
2397 4039 2486 4108 qui
2515 4047 2701 4092 contra
2743 4036 2914 4104 ipsum
2962 4041 3064 4096 est,
3095 4045 3217 4085 cum
3257 4027 3345 4082 illo
3387 4042 3491 4081 non
3521 4033 3801 4094 Operatnr.

2207 4131 2339 4185 Nam
2370 4131 2412 4184 si
2441 4130 2485 4183 is
2513 4127 2600 4198 qui
2633 4142 2753 4181 cum
2802 4125 2895 4178 illo
2926 4138 3030 4176 non
3072 4131 3355 4190 operatur,
3387 4118 3630 4172 inimicus
3668 4129 3750 4171 εει
3786 4133 3800 4168 :

2209 4223 2378 4278 nmlto
2408 4221 2578 4290 magis
2594 4218 2684 4288 qui
2710 4218 3002 4285 impugnat.
3028 4211 3155 4267 lltcc
3185 4226 3344 4280 porro
3370 4208 3550 4262 omnia
3572 4206 3720 4271 dicit,
3746 4217 3807 4261 ut

2211 4313 2459 4370 ostendat
2489 4326 2733 4382 magnam
2763 4309 2861 4362 sibi
2895 4323 3015 4361 cum
3042 4305 3255 4359 diabolo
3296 4299 3628 4355 inimicitiam
3655 4311 3800 4353 esse.

2216 4405 2310 4461 Dic
2347 4401 2500 4466 mihi,
2532 4417 2738 4470 qumso,
2769 4399 2814 4452 si
2860 4397 3000 4467 quis,
3027 4411 3148 4449 etnn
3193 4393 3262 4447 sit
3302 4389 3641 4462 pugnandum
3665 4430 3680 4453 ,
3711 4387 3807 4441 tibi

2216 4494 2415 4550 auxilio
2445 4508 2564 4547 esse
2593 4492 2722 4545 nolit
2741 4532 2755 4555 ,
2786 4503 2965 4544 nonne
3001 4486 3086 4540 vel
3113 4501 3178 4541 eo
3208 4485 3323 4554 ipso
3366 4494 3552 4536 contra
3582 4489 3634 4532 te
3661 4479 3759 4532 erit
3785 4480 3808 4528 2'

2216 4588 2370 4656 Quod
2402 4587 2444 4642 si
2472 4585 2596 4638 alibi
2620 4583 2796 4648 dicat,
2827 4580 2926 4646 Qui
2954 4596 3056 4632 non
3098 4589 3170 4632 est
3198 4586 3370 4630 contra
3399 4589 3513 4637 vos,
3556 4588 3648 4640 pro
3673 4569 3811 4623 vobis

2220 4691 2295 4734 est
2319 4677 2475 4751 (an.
2504 4675 2557 4730 9.
2586 4673 2702 4742 50),
2733 4689 2839 4727 non
2869 4678 2954 4726 est
2979 4669 3104 4723 huic
3131 4667 3276 4722 dicto
3302 4663 3650 4720 contrarium.
3678 4659 3811 4714 Nam

2221 4773 2309 4827 hic
2336 4767 2701 4825 adverSarium
2731 4767 2809 4820 eis
2836 4762 3090 4827 ostendit,
3123 4760 3232 4814 illic
3257 4772 3388 4813 vero
3414 4771 3480 4810 ex
3509 4766 3667 4826 parte
3711 4753 3810 4806 ad-

2224 4864 2540 4920 versarium.
2586 4860 2742 4924 Nam,
2769 4857 2835 4911 In
2863 4855 3064 4910 nomine
3084 4864 3189 4916 tuo,
3221 4851 3423 4920 inquit,
3458 4848 3667 4918 ejiciunt
3707 4845 3814 4896 dw-

2223 4957 2396 5011 monia
2436 4953 2651 5024 (Matth.
2681 4953 2736 5006 7.
2789 4949 2906 5020 22).
2935 4947 3062 5002 Mihi
3091 4960 3220 5000 vero
3241 4943 3449 4998 videtur
3481 4941 3565 4994 hic
3596 4938 3814 4994 Judmos

2225 5047 2587 5109 subindicare,
2615 5058 2750 5113 quos
2773 5056 2892 5096 cum
2912 5037 3127 5094 diabolo
3151 5035 3448 5091 constituit.
3475 5031 3607 5086 Nam
3636 5040 3691 5084 et
3714 5028 3814 5098 ipsi

2231 5124 2677 5198 adversabantur,
2724 5142 2779 5188 et
2820 5147 2940 5201 quae
2966 5131 3081 5198 ipse
3124 5134 3502 5197 congregasset
3544 5122 3819 5190 (Περεῖ-ςε-

2226 5231 2375 5287 bant.
2405 5226 2559 5296 Quod
2603 5227 2746 5281 enim
2787 5225 2931 5294 ipsos
2973 5219 3371 5282 subindicaret,
3413 5214 3705 5270 declaravit
3734 5212 3818 5266 his

2228 5322 2408 5378 verbis
2433 5339 2446 5374 :
2469 5321 2556 5376 5L
2583 5317 2710 5372 Ideo
2732 5317 2845 5370 dico
2865 5315 3021 5381 vobis,
3045 5311 3206 5366 Omne
3227 5320 3484 5382 peccatum
3505 5317 3552 5362 et
3574 5307 3819 5376 blasplie-
3865 5321 3872 5328 ·

2232 5416 2337 5469 mia
2371 5412 2650 5468 remittetur
2693 5407 2996 5462 hominibus.
3035 5404 3385 5472 Posteaquam
3414 5399 3556 5454 enim
3588 5413 3820 5464 reSpon-

2231 5507 2388 5562 derat
2415 5511 2471 5559 et
2509 5501 2864 5572 objectioncm
2914 5497 3182 5560 solverat,
3215 5492 3632 5560 ostenderatque
3675 5489 3821 5556 ipsos

2232 5597 2430 5654 frustra
2452 5593 2786 5664 impudenter
2798 5605 2975 5660 agere,
3000 5587 3214 5643 demum
3234 5582 3652 5641 terret.Consilii
3676 5581 3821 5635 enim

2233 5699 2290 5746 et
2331 5686 2682 5744 correctionis
2727 5683 2844 5736 lucc
2889 5696 2994 5736 non
3039 5677 3340 5750 spernenda
3387 5690 3515 5746 pars
3560 5684 3662 5737 est,
3713 5687 3822 5726 non

2235 5780 2396 5838 modo
2421 5777 2646 5848 objectis
2689 5773 3014 5844 respondere
3041 5779 3097 5828 et
3141 5767 3488 5844 persuadere,
3515 5764 3612 5824 sed
3657 5764 3826 5820 etiam

2300 5895 2314 5926 ¹
2342 5898 2460 5962 Alii,
2480 5893 2564 5948 itto
2580 5905 2674 5947 non
2690 5895 2861 5942 vincto.
