4074 6358
286 350 389 407 ιιι-ι

287 466 474 529 αὑτοῦ,
504 464 599 519 καὶ
624 464 779 519 οὑδέν
806 464 988 527 αὑτοῖς
1028 460 1321 515 ἐνεκάλουν
1346 454 1490 513 οῦτοι
1512 477 1525 489 ο
1572 457 1633 511 οὑ
1666 455 1776 526 γὰρ
1826 452 1972 524 πρά-

287 572 516 627 γμασιν,
550 554 689 609 ἀλλὰ
744 553 1022 624 προσώπῳ
1065 552 1226 621 μόνον
1257 550 1543 619 ἐμάχοντο.
1573 545 1755 599 Θέλων
1792 543 1973 597 τοίνυν

288 645 480 708 δεῖξαι,
511 644 594 696 ὅτι
615 642 811 711 φθόνου
842 638 909 713 ἦν
930 640 1025 693 τοῦ
1056 638 1192 709 πρὸς
1215 638 1378 691 αὑτὸν
1402 636 1471 690 τὰ
1492 634 1757 707 εἰρημένα
1789 634 1968 702 μόνον,

287 737 411 803 ἄγει
441 734 570 795 τοὺς
600 732 929 792 ἀποστόλους
959 732 1038 793 εἰς
1076 729 1258 799 μέσον.
1292 728 1354 779 Εἰ
1393 725 1499 796 γάρ
1529 724 1641 791 ἐγὼ
1683 723 1855 786 οὑτως
1881 724 1975 776 ἐκ-

288 823 493 888 ϐάλλω,
523 819 704 890 πολλῷ
736 820 942 890 μᾶλλον
958 820 1155 870 ἐκεῖνοι
1181 818 1229 870 οἰ
1251 816 1381 884 παρ’
1415 814 1550 885 ἐμοῦ
1584 816 1682 884 τὴν
1725 812 1973 877 ἐξουσίαν

287 911 568 973 λαϐόντες.
623 908 763 961 Ἀλλ’
794 908 943 977 ὅμως
988 907 1138 959 οὑδέν
1176 904 1416 959 τοιοῦτον
1456 905 1711 975 εἰρήκατε
1766 904 1968 965 αὐτοῖς.

294 1002 414 1063 Πῶς
438 995 531 1053 οῦν
561 998 687 1070 ἐμοὶ
714 998 791 1068 τῷ
830 996 1101 1058 κάκείνοις
1128 994 1283 1064 αἰτίῳ
1326 993 1435 1046 τῶν
1464 993 1763 1061 γινομένων
1796 991 1973 1044 ταῦτα

290 1090 598 1159 ἐγκαλεῖτε,
649 1088 889 1149 ἐκείνους
942 1084 1270 1146 ἀπολύοντες
1303 1083 1413 1135 τῶν
1444 1082 1845 1151 ἐγκλημάτων;
1896 1082 1970 1133 Ού

292 1180 400 1249 μὴν
423 1177 582 1230 τοῦτο
598 1177 742 1246 ὑμᾶς
768 1172 1125 1244 ἐλευθερώσει
1151 1172 1247 1241 τῆς
1271 1171 1560 1241 τιμωρίας,
1592 1170 1726 1223 ἀλλά
1749 1170 1841 1222 καὶ
1872 1187 1972 1222 κα-

289 1265 573 1319 ταδικάσει
625 1262 907 1334 μειζόνως.
959 1260 1058 1314 Διά
1115 1260 1271 1313 τοῦτο
1310 1260 1404 1312 καὶ
1453 1261 1759 1329 ἐπήγαγεν³
1793 1256 1974 1312 Αὐτοὶ

292 1355 485 1423 κριταὶ
509 1354 676 1423 ὑμῶν
707 1353 972 1407 ἔσονται.
1010 1352 1178 1403 Ὅταν
1218 1350 1324 1420 γὰρ
1371 1348 1429 1413 ἐξ
1468 1348 1621 1419 ὑμῶν
1650 1348 1800 1411 ὅντες
1823 1388 1836 1411 ,
1877 1348 1973 1400 καὶ

299 1446 467 1499 ταῦτα
501 1441 955 1514 μεμελετηκότες,
985 1440 1077 1493 καὶ
1104 1438 1394 1491 πείθωνταί
1424 1456 1513 1508 μοι
1542 1438 1584 1469 ⁸³
1607 1438 1702 1490 καὶ
1734 1434 1974 1489 ὑπακού-

292 1551 451 1595 ωσιν,
477 1532 699 1602 εὑδηλον
742 1532 826 1585 ὅτι
873 1532 968 1584 καὶ
1015 1528 1467 1601 κατακρινοῦσιΜ
1497 1530 1623 1593 τοὺς
1655 1528 1723 1581 τὰ
1756 1527 1973 1582 ἐναντία

291 1624 386 1677 καί
426 1621 715 1683 ποιοῦντας
751 1620 847 1673 καὶ
886 1618 1164 1687 λέγοντας.
1209 1620 1279 1670 El
1304 1616 1371 1669 δὲ
1401 1617 1471 1669 ἐν
1496 1618 1791 1685 Πνεύμιιτι
1825 1615 1973 1670 Θεοῦ

288 1709 569 1763 ἐκϐάλλω
601 1708 674 1762 τὰ
702 1708 998 1777 δαιμόνια,
1038 1706 1151 1774 ἄρα
1183 1705 1451 1774 ἔφθασεν
1476 1706 1567 1774 ἐφ’
1598 1704 1749 1774 ὑμᾶς
1783 1707 1821 1772 ὴ
1854 1707 1971 1770 βα-

290 1800 494 1853 σιλεία
524 1797 631 1853 τοῦ
664 1798 830 1852 Θεοῦ.
861 1797 926 1850 Τί
960 1800 1129 1873 ἐστιν,
1173 1798 1243 1851 ἹΙ
1262 1797 1578 1860 βασιλεία;
1613 1796 1677 1850 '11
1704 1796 1974 1867 παρουσία

291 1891 327 1959 ή
350 1888 631 1959 ὲμή.”ορα
655 1886 773 1950 πῶς
804 1886 967 1939 πάλιν
998 1887 1196 1950 αὑτοὺς
1216 1885 1500 1955 ἐφέλκεται
1528 1887 1623 1939 καὶ
1655 1885 1971 1956 θεραπεύει,

293 1979 388 2030 καὶ
422 1976 557 2046 πρὸς
590 1974 688 2047 τὴν
718 1973 913 2027 ἐαυτοῦ
942 1973 1145 2042 γνῶσιν
1196 1975 1519 2040 ἐπισπᾶται,
1571 1975 1663 2026 καὶ
1704 1974 1973 2027 δείκνυσιν

292 2066 374 2117 ὃτι
409 2066 523 2128 τοῖς
548 2063 769 2126 οἰκείοις
808 2061 1135 2131 πολεμοῦσιν
1181 2061 1428 2130 ἀγαθοῖς,
1478 2062 1571 2115 καὶ
1610 2062 1973 2131 φιλονεικοῦσι

295 2154 435 2208 κατά
462 2155 565 2223 τῆς
613 2150 824 2205 ἑαυτῶν
878 2150 1174 2221 σωτηρίας.
1210 2150 1340 2202 Δέον
1372 2150 1481 2221 γὰρ
1512 2151 1724 2222 χαίρειν
1747 2192 1762 2217 ,
1818 2153 1993 2221 φησὶ,¹

294 2246 389 2296 καὶ
419 2243 667 2314 σκιρτᾷν,
699 2243 780 2295 ὅτι
805 2240 875 2294 τά
906 2241 1118 2311 μεγάλα
1150 2241 1244 2293 καὶ
1274 2240 1562 2312 ἀπόρρητα
1585 2243 1766 2293 ἐκεῖνα
1798 2258 1977 2312 παρα-
2020 2262 2025 2265 ·

294 2334 491 2400 γέγονε
522 2332 566 2365 ⁸⁷
606 2330 948 2402 δωρούμενος
991 2330 1061 2383 τὰ
1103 2330 1272 2383 πάλαι
1324 2332 1477 2401 παρά
1524 2331 1976 2403 τῶν.προφητῶν

296 2422 555 2493 ᾀδόμενα,
592 2419 688 2473 καὶ
720 2420 821 2487 τῆς
847 2417 1155 2488 εὐπραγίας
1184 2418 1337 2489 ὑμῶν
1366 2419 1667 2489 ἐφέστηκεν
1692 2420 1719 2470 6
1746 2420 1935 2491 καιρός
1958 2437 1972 2450 θ

296 2512 455 2578 ὑμεῖς
482 2508 538 2562 δὲ
564 2506 877 2560 τούναντίον
918 2508 1151 2566 ποιεῖτε,
1188 2507 1249 2557 οὑ
1295 2505 1454 2574 μόνον
1500 2507 1560 2557 οὑ
1600 2506 1879 2576 δεχόμενοι
1910 2508 1979 2562 τὰ

296 2597 500 2666 ἀγαθὰ,
531 2596 668 2651 ἀλλά
702 2596 793 2649 καί.
826 2594 1223 2658 διαϐάλλοντες,
1254 2594 1349 2646 καὶ
1393 2595 1730 2658 συντιθέντες
1758 2597 1857 2648 οὑκ
1884 2597 1977 2650 οὑ-

301 2706 397 2752 σας
430 2686 633 2749 αἰτίας.
671 2686 731 2738 '0
765 2684 864 2755 μὲν
899 2680 992 2737 οῦν
1019 2684 1064 2715 ⁸⁸
1093 2682 1370 2746 Ματθαῖός
1400 2700 1565 2752 φησιν
1591 2701 1603 2714 ·
1661 2687 1732 2738 Εἰ
1764 2684 1833 2738 δὲ
1865 2684 1979 2756 ἐγὼ

294 2782 367 2834 ἐν
389 2780 687 2848 Πνεύματι
712 2778 859 2831 Θεοῦ
884 2776 1160 2830 ἐκϐάλλω
1177 2793 1189 2805 '
1215 2778 1243 2828 6
1261 2776 1318 2828 δὲ
1338 2778 1573 2841 Λουκᾶς,
1590 2779 1656 2831 Εἰ
1681 2779 1749 2832 δὲ
1778 2781 1893 2849 ἐγὼ
1910 2782 1980 2834 ἐν

297 2868 575 2933 δακτύλῳ
600 2866 747 2921 θεοῦ
777 2864 1051 2919 ἐκϐάλλω
1075 2867 1147 2917 τὰ
1166 2864 1442 2933 δαιμόνια
1467 2905 1481 2929 ,
1509 2867 1723 2929 δεικνὺς
1765 2867 1847 2920 ὅτι
1884 2886 1981 2939 με-

297 2960 492 3028 ﬁrm;
520 2955 804 3025 δυνάμεως
831 2954 991 3024 ἔργον
1017 2954 1133 3007 ἐστὶ
1154 2954 1216 3007 τὸ
1239 2953 1499 3023 δαίμονας
1524 2954 1807 3009 ἐκϐάλλειν
1825 2996 1840 3020 ,
1884 2957 1979 3010 καὶ

297 3049 359 3100 οὑ
380 3047 481 3118 τῆς
507 3042 777 3116 τυχούσης
806 3044 1046 3113 χάριτος.
1086 3042 1199 3095 Καὶ
1231 3041 1477 3111 βούλεται
1511 3042 1609 3113 μὲν
1641 3044 1751 3097 ἀπὸ
1777 3044 1984 3098 τούτων

303 3133 725 3205 συλλογίσασθαι
767 3132 864 3185 καὶ
898 3134 1098 3194 εἰπεῖν,
1131 3132 1214 3184 ὅτι
1244 3131 1304 3183 Εἰ
1330 3129 1385 3182 δὲ
1414 3130 1573 3183 τοῦτό
1613 3134 1782 3195 ἐστιν,
1815 3134 1924 3205 ἄρα
1956 3135 1985 3188 ὁ

301 3224 429 3287 Υἱὸς
455 3224 549 3277 τοῦ
579 3220 716 3276 Θεοῦ
748 3219 1147 3290 παραγέγονεν.
1188 3218 1348 3270 ’Λλλά
1382 3218 1538 3272 τοῦτο
1590 3219 1689 3289 μὲν
1722 3221 1781 3273 οὑ
1814 3221 1982 3291 λέγει,

302 3310 781 3383 συνεσκιασμένως
800 3309 881 3369 δέ,
905 3309 998 3362 κα)⁵
1016 3308 1094 3371 ὡς
1116 3307 1346 3370 ἐκείνοις
1374 3308 1681 3379 ἀνεπαχθὲς
1709 3305 1798 3381 ἧν,
1817 3312 1987 3364 αἰνίτ-

305 3419 449 3455 τεται
478 3398 626 3470 αὑτῷ
651 3399 824 3467 λέγων
844 3415 858 3429 ·
891 3399 1031 3465 Ἄρα
1055 3396 1324 3464 ἔφθασεν
1340 3396 1431 3464 ἐρ’
1457 3398 1611 3466 ὑμᾶς
1633 3397 1785 3470 [447]
1813 3400 1851 3466 ἠ
1869 3401 1985 3464 βα-

297 3492 504 3546 σιλειά
532 3489 637 3543 τοῦ
668 3486 838 3542 Θεοῦ.
866 3481 1022 3547 Εἶδες
1048 3484 1365 3555 περιουσίαν
1396 3485 1587 3553 σοφίας
1612 3504 1626 3551 ;
1657 3488 1736 3539 Δι’
1765 3482 1840 3543 ὧν
1864 3491 1983 3542 ἐνε-

298 3583 523 3643 κάλουν,
558 3576 648 3630 διὰ
678 3575 883 3629 τούτων
911 3574 1109 3647 ἔδειξεν
1139 3572 1304 3626 αὑτοῦ
1326 3573 1424 3643 τὴν
1454 3576 1758 3645 παρουσίαν
1780 3577 1987 3647 ἐκλάμ-

300 3685 534 3723 πουσαν.
553 3661 688 3718 Εἶτα
719 3664 807 3717 ἴνα
835 3662 1222 3733 ἐφελκύσηται,
1247 3657 1515 3715 οὑκεῖπεν
1545 3663 1751 3728 ἁπλῶς,
1776 3665 1985 3733 Ἐφθα-

301 3775 395 3812 σεν
417 3758 451 3828 ἡ
476 3754 742 3825 βασιλεία,
766 3750 882 3805 ἀλλ’
921 3750 1013 3819 ἐφ’
1054 3742 1211 3818 ὑμᾶς
1241 3766 1253 3777 ·
1297 3749 1497 3803 ὡσανεὶ
1523 3750 1706 3819 ἔλεγεν
1733 3754 1778 3786 ,ο
1796 3770 1808 3784 ,
1826 3754 1985 3824 Ὑμῖν

298 3845 511 3915 ἥκειτά
533 3841 742 3911 ἀγαθά’
768 3839 910 3893 διατί
932 3834 1024 3892 οῦν
1045 3838 1183 3908 πρὸς
1202 3837 1270 3890 τά
1290 3840 1468 3892 οἰκεῖα
1495 3839 1636 3895 καλὰ
1659 3841 1841 3911 ἀηδῶς
1876 3842 1987 3896 διά.

302 3932 487 3987 κεισθε
505 3949 518 3997 ;
538 3930 678 3985 διατί
698 3930 763 4000 τῇ
782 3926 937 3998 ὑμῶν
959 3925 1137 3979 αὑτῶν
1156 3926 1203 3956 ⁵⁰
1217 3925 1504 3995 πολεμεῖτε
1528 3928 1771 3999 σωτηρίᾳ
1789 3947 1802 3995 ;
1818 3924 1984 3994 Οὗτος

302 4024 513 4082 ἐκεῖνος
531 4021 560 4073 6
576 4017 787 4090 καιρὸς,
806 4017 865 4069 δν
886 4014 1054 4069 πάλαι
1074 4012 1378 4083 προύλεγον
1414 4015 1464 4067 οἰ
1488 4015 1763 4085 προφῆται
1779 4034 1793 4048 ⁸
1828 4017 1986 4070 τοῦτο

301 4112 365 4166 τὸ
390 4111 617 4181 σημεῖον
637 4107 735 4177 τῆς
755 4102 1059 4175 παρουσίας
1075 4102 1176 4171 τῆς
1198 4102 1328 4172 παρ’
1351 4102 1530 4155 αὑτῶν
1549 4103 1813 4175 ᾀδομένης
1836 4105 1904 4170 δι’
1924 4104 1986 4158 τὸ

300 4199 478 4253 ταῦτα
518 4194 765 4266 γίνεσθαι
792 4193 913 4263 θείᾳ
936 4190 1186 4261 δυνάμει.
1221 4191 1343 4242 Ὀτι
1369 4191 1467 4262 μὲν
1496 4193 1605 4260 γὰρ
1633 4192 1861 4259 γίνεται,
1893 4194 1986 4247 καὶ

304 4290 462 4358 ὑμεῖς
490 4286 606 4337 ἴστε
626 4299 640 4312 ·
663 4284 744 4336 ὄτι
788 4280 845 4334 δέ
888 4280 1008 4351 θείᾳ
1032 4280 1257 4349 δυνάμει
1295 4278 1527 4347 γίνεται,
1555 4281 1624 4332 τά
1682 4282 1986 4353 πράγματα

303 4373 426 4443 βοᾷ.
472 4368 610 4423 υὺτε
642 4366 750 4438 γάρ
776 4363 999 4418 δυνατὸν
1034 4364 1279 4417 Σατανᾶν
1307 4364 1650 4434 ἰσχυρότερον
1682 4360 1823 4418 εἶναι
1866 4366 1985 4434 νῦν,

302 4458 418 4513 ἀλλ’
453 4455 668 4522 ἀνάγκη
705 4452 854 4505 πᾶσα
885 4449 1087 4519 ἀσθενῆ
1106 4464 1120 4478 ·
1159 4449 1247 4501 τὸν
1266 4450 1323 4502 δὲ
1347 4449 1679 4503 ἀσθενοῦντα
1703 4450 1804 4503 οὑκ
1839 4450 1986 4507 ἔστιν

298 4544 378 4604 ὡς
418 4538 638 4611 ἰσχυρὸν
675 4526 959 4589 ἐκϐάλλειν
1010 4533 1102 4586 τὸν
1150 4532 1371 4604 ἰσχυρὸν
1427 4532 1677 4603 δαίμονα.
1715 4534 1901 4589 Ταῦτα
1930 4536 1986 4590 δὲ

302 4631 480 4698 ἔλεγε,
506 4630 605 4697 τῆς
622 4623 844 4693 ἀγάπης
872 4621 1084 4682 δεικνὺς
1112 4622 1210 4692 τήν
1246 4620 1493 4690 δύναμιν,
1528 4621 1741 4692 καὶτῆς
1769 4621 1987 4675 διαστά-

304 4733 445 4778 σεως
490 4713 585 4767 καὶ
614 4712 711 4781 τῆς
759 4706 1092 4779 φιλονεικίας
1121 4706 1219 4777 τὴν
1243 4704 1546 4759 ἀσθένειαν.
1577 4704 1669 4757 Διὸ
1702 4706 1794 4758 καὶ
1826 4706 1987 4770 αὑτὸς

306 4796 547 4867 συνεχῶς
597 4798 709 4857 τοῖς
766 4791 1036 4863 μαθηταῖς
1079 4787 1192 4842 ἀνω
1237 4788 1333 4841 καὶ
1378 4787 1528 4840 κάτω
1588 4789 1717 4858 περὶ
1763 4788 1987 4860 ἀγάπης

305 4882 562 4953 παρῄνει,
596 4879 691 4931 καὶ
715 4878 796 4930 ὃτι
851 4879 879 4930 6
916 4873 1163 4936 διάϐολος
1216 4872 1357 4941 ὑπὲρ
1392 4870 1486 4923 τοῦ
1523 4871 1726 4941 ταύτην
1774 4871 1985 4925 ἀνελεῖν

305 4969 485 5019 πάντα
515 4966 681 5018 ποιεῖ.
727 4961 915 5017 Εἰπὼν
952 4959 1131 5013 τοίνυν
1178 4957 1278 5028 τήν
1301 4955 1562 5026 δευτέραν
1583 4953 1761 5018 λύσιν,
1786 4956 1986 5025 ἐπάγει

305 5051 401 5103 καὶ
436 5049 629 5120 τρίτην
649 5047 696 5079 ⁸²
726 5046 869 5099 οὑτω
895 5042 1069 5111 λέγων
1088 5058 1101 5072 ο
1132 5039 1268 5106 Πῶς
1286 5038 1540 5092 δύναταί
1566 5056 1657 5104 τις
1687 5040 1989 5095 εἰσελθεῖν

303 5136 394 5199 εὶς
425 5134 541 5197 τὴν
585 5130 785 5185 οὶκίαν
839 5126 949 5182 τοῦ
1005 5124 1283 5195 ἰσχυροῦ,
1329 5124 1529 5178 καὶτὰ
1564 5124 1760 5191 σκεύη
1796 5124 1985 5180 αὑτοῦ

304 5215 656 5284 διαρπάσαι,
683 5214 792 5266 ἐὰν
815 5210 901 5281 μὴ
948 5210 1187 5279 πρῶτον
1233 5208 1395 5277 δήσῃ
1436 5208 1544 5261 τὸν
1570 5205 1847 5276 ίσχυρὸν,
1886 5207 1987 5260 καὶ

304 5302 439 5354 τότε
486 5299 557 5353 τὰ
593 5297 787 5362 σκεύη
843 5293 1030 5348 αὑτοῦ
1075 5290 1414 5362 διαρπάσῃ;
1454 5291 1575 5344 Ὀτι
1622 5290 1721 5360 μὲν
1751 5290 1861 5361 γὰρ
1886 5290 1987 5344 οὑκ

304 5391 542 5458 ἐγχωρεῖ
574 5387 819 5448 Σατανᾶς
840 5385 1081 5450 Σατανςῖν
1109 5380 1414 5447 ἐκϐάλλειν,
1434 5380 1591 5452 δῆλον
1612 5380 1678 5433 ἐκ
1701 5378 1810 5432 τῶν
1836 5379 1986 5451 εἰρη-

309 5479 487 5547 μένων
507 5491 520 5504 ·
559 5476 639 5527 ὅτι
670 5473 729 5527 δέ
759 5473 879 5526 οὑδὲ
906 5472 1081 5535 ἄλλως
1109 5471 1155 5502 ⁸³
1179 5468 1406 5525 δυνατὸν
1428 5467 1735 5532 ἐκϐάλλειν,
1785 5467 1880 5521 ἐὰν
1909 5467 1986 5539 μὴ

1439 338 1504 395 IN
1537 333 1951 395 MATTIUEUM
1990 330 2229 389 HOMIL.
2263 332 2401 388 XLI.
2440 332 2510 389 al.
2546 329 2705 386 XLII.

3642 331 3747 387 448

2074 449 2341 521 πρότερον
2380 449 2589 503 ἐκείνου
2638 447 2994 518 περιγένηται
3018 486 3033 509 ,
3074 442 3168 498 καὶ
3215 440 3370 497 τοῦτο
3411 444 3575 496 πᾶςῖν
3606 449 3750 499 ἐστιν

2072 537 2515 608 ὡμολογημένον.
2543 536 2607 588 Τί
2626 531 2718 588 οῦν
2749 537 2812 587 ἐκ
2844 534 3050 587 τούτων
3082 533 3427 599 συνίσταταις
3459 532 3531 584 Τὸ
3551 532 3753 601 ἐμπρο-

2074 626 2199 679 σθεν
2228 625 2516 697 εἰρημένον
2546 624 2682 694 μετὰ
2705 623 2950 685 πλείονος
2990 623 3086 690 τῆς
3111 620 3451 692 περιουσίας.
3486 620 3756 675 Τοσοῦτον

2072 714 2180 785 γὰρ
2210 714 2420 783 ἀπέχω,
2456 712 2609 781 φησὶ,
2639 710 2913 781 συμμάχῳ
2945 709 3251 781 χρήσασθαι
3282 708 3359 780 τῷ
3379 709 3631 781 διαϐόλῳ,
3670 711 3756 763 ὅτι

2073 807 2167 857 καὶ
2189 803 2313 857 πολε
2326 802 2411 872 μῶ
2430 804 2521 855 καὶ
2543 802 2596 853 δε
2606 802 2744 871 σμῶ·
2765 803 2859 853 καὶ
2875 802 3065 853 τούτου
3087 803 3407 869 τεκμήριον,
3422 798 3484 851 τὸ
3502 801 3570 853 τὰ
3587 800 3757 870 σκεύη

2072 893 2236 945 αὑτοῦ
2261 892 2345 944 δια
2354 893 2579 963 ρπάσαι.
2603 890 2745 961 Ὅρα
2763 889 2879 952 πῶς
2898 889 3224 951 τούναντίον,
3247 882 3417 958 οὗπερ
3438 888 3757 960 ἐπεχείρουν

2074 982 2268 1033 ἐκεῖνοι
2317 979 2744 1041 κατασκεύασαι,
2777 977 3183 1031 ἀποδείκνυται.
3227 977 3457 1029 Ἐκεῖνοι
3508 977 3606 1048 μὲν
3648 978 3758 1047 γὰρ

2078 1068 2362 1121 ἐϐούλοντο
2414 1066 2609 1130 δεῖξαι,
2645 1068 2719 1118 ὅτι
2763 1067 2862 1117 οὑκ
2894 1065 2999 1135 ἰδία
3029 1065 3256 1135 δυνάμει
3288 1066 3537 1119 ἐκϐάλλει
3567 1066 3758 1137 δαίμο-

2074 1173 2199 1219 νας·
2252 1153 2414 1217 αὑτός
2471 1154 2526 1206 δὲ
2568 1153 2865 1216 δείκνυσιν,
2904 1154 2984 1206 ὅτι
3016 1154 3076 1206 οὑ
3112 1153 3271 1223 μόνον
3303 1156 3429 1216 τοὺς
3473 1153 3755 1223 δαίμονας,

2074 1244 2212 1297 ἀλλά
2242 1244 2333 1296 καὶ
2364 1242 2527 1295 αὑτὸν
2548 1243 2639 1294 τὸν
2666 1242 2979 1312 ἀρχηγέτην
3010 1241 3148 1312 μετὰ
3163 1242 3361 1311 πολλῆς
3386 1242 3484 1312 τῆς
3508 1242 3758 1305 ἐξουσίας

2073 1332 2351 1401 δεδεμένον
2382 1330 2512 1401 ἔχει,
2548 1332 2641 1383 καὶ
2667 1330 2876 1383 ἐκείνου
2910 1330 3016 1401 πρὸ
3051 1330 3256 1383 τούτων
3308 1330 3610 1398 ἐκράτησεν
3652 1331 3759 1401 ἰδία

2074 1420 2333 1489 δυνάμει·
2367 1421 2461 1472 καὶ
2484 1419 2640 1489 δῆλον
2690 1418 2797 1471 ἀπὸ
2845 1419 2953 1471 τῶν
2993 1418 3310 1489 γινομένων.
3344 1420 3407 1471 Εἰ
3443 1418 3549 1487 γὰρ
3598 1418 3627 1470 6
3661 1418 3761 1488 μὲν

2074 1508 2257 1579 ἄρχων
2312 1508 2479 1569 ἐστὶν,
2529 1509 2577 1559 οί
2619 1507 2675 1559 δέ
2731 1506 3076 1559 ὑπόκεινται·
3113 1506 3230 1569 πῶς
3282 1506 3370 1569 ἂν,
3425 1506 3634 1558 ἐκείνου
3684 1506 3760 1577 μὴ

2073 1596 2417 1667 ἡττηθέντος,
2482 1596 2615 1666 μηδέ
2666 1595 3081 1664 ὑποκύψαντος,
3146 1591 3289 1649 οὗτοι
3340 1595 3759 1666 διηρπάγησαν;

2069 1679 2353 1739 ’Ἐνταῦθα
2380 1685 2435 1737 δέ
2471 1702 2560 1755 μοι
2588 1684 2683 1737 καὶ
2706 1685 3010 1756 προφητεία
3039 1684 3267 1737 δοκεῖτὸ
3285 1684 3572 1752 λεγόμενον
3598 1679 3759 1738 εἶναι.

2081 1778 2156 1829 Οὑ
2194 1777 2304 1847 γὰρ
2350 1776 2414 1846 δὴ
2449 1776 2611 1845 μόνον
2637 1776 2686 1827 οἱ
2711 1775 2963 1845 δαίμονες
3000 1772 3167 1845 σκεύη
3195 1774 3288 1826 τοῦ
3322 1772 3591 1835 διαϐόλου,
3626 1771 3763 1825 ἀλλά

2079 1866 2174 1919 καὶ
2206 1867 2254 1917 οἰ
2278 1864 2347 1919 τὰ
2379 1864 2588 1917 ἐκείνου
2632 1864 2964 1933 πράττοντες
3014 1862 3308 1932 ἄνθρωποι.
3348 1860 3535 1931 Δηλῶν
3579 1861 3762 1912 τοίνυν

2078 1954 2241 2006 ὅτιού
2276 1952 2535 2021 δαίμονας
2567 1952 2819 2003 ἐκϐάλλει
2866 1951 3049 2020 μόνον.
3093 1949 3231 2003 ἀλλά
3274 1950 3367 2003 καὶ
3404 1948 3503 2020 τὴν
3552 1948 3762 2018 πλάνην

2028 2076 2031 2079 -
2078 2042 2177 2109 τῆς
2204 2040 2526 2111 οἰκουμένης
2556 2040 2775 2092 ἃπασαν
2810 2039 3072 2092 ἀπελάσει
3093 2080 3108 2105 ,
3148 2038 3242 2092 καὶ
3292 2037 3388 2102 τὰς
3424 2037 3762 2109 μαγγανείας

2080 2129 2243 2184 αὑτοῦ
2274 2131 2319 2161 ⁸⁵
2353 2127 2684 2186 καταλύσει,
2741 2128 2835 2180 καὶ
2901 2127 3078 2180 πάντα
3134 2127 3383 2198 ἄχρηστα
3442 2126 3765 2197 ποιήσειτά

2081 2218 2311 2277 ἐκείνου,
2346 2217 2518 2270 ταῦτα
2559 2218 2766 2286 εἴρηκε.
2798 2216 2908 2268 Καὶ
2937 2216 3037 2267 οὑκ
3067 2209 3242 2279 εἶπεν,
3281 2214 3564 2283 ’Λρπάσει,
3604 2212 3761 2280 ἀλλά,

2081 2305 2433 2376 Διαρπὰσει·
2469 2306 2529 2359 τὸ
2562 2307 2675 2376 μετ’
2704 2302 2952 2368 ἐξουσίας
2978 2303 3262 2373 γινόμενον
3281 2302 3477 2373 δηλῶν.

2153 2447 2223 2517 γ’.
2277 2446 2515 2518 ’ἰσχυρὸν
2577 2445 2633 2497 δὲ
2683 2444 2845 2497 αὑτὸν
2890 2443 3064 2507 καλεῖ,
3132 2444 3231 2496 οὑκ
3280 2443 3467 2515 ἐπειδὴ
3508 2446 3573 2516 τῇ
3605 2443 3763 2514 φύσει

2083 2537 2323 2599 τοιοῦτός
2346 2537 2462 2587 ἐστι
2488 2551 2500 2562 ·
2542 2534 2623 2603 μὴ’
2655 2533 2865 2600 γένοιτο
2886 2548 2900 2562 ο
2932 2532 3071 2585 ἀλλὰ
3108 2531 3208 2601 τὴν
3249 2532 3557 2603 ἔμπροσθεν
3587 2533 3764 2602 δηλῶν

2082 2623 2395 2695 τυραννίδα,
2430 2621 2529 2691 τὴν
2560 2622 2624 2672 ἐκ
2646 2622 2743 2690 τῆς
2772 2618 3047 2690 ῥᾳθυμίας
3077 2620 3171 2689 τῆς
3214 2620 3489 2690 ἡμετέρας
3535 2637 3764 2691 γεγενη-

2089 2712 2277 2783 μένην.
2295 2712 2349 2762 '0
2366 2706 2452 2778 μὴ
2480 2709 2565 2761 ὢν
2583 2697 2734 2779 [448]
2762 2708 2892 2775 μετ’
2912 2706 3078 2775 ἐμοῦ,
3104 2708 3229 2759 κατ’
3259 2708 3406 2775 ἐμοῦ
3434 2709 3586 2761 ἐστι’
3611 2707 3708 2762 καὶ
3734 2710 3765 2762 d

2080 2799 2166 2867 μὴ
2198 2796 2481 2865 συνάγων
2496 2796 2625 2865 μετ’
2655 2795 2833 2863 ἐμοῦ,
2876 2794 3204 2862 σκορπίζει.
3247 2795 3376 2847 Ἰδοὺ
3407 2796 3502 2848 καὶ
3527 2796 3765 2867 τετάρτη

2084 2886 2257 2947 λύσις.
2290 2884 2355 2936 Τί
2388 2884 2497 2953 γὰρ
2528 2882 2637 2950 ἐγὼ
2661 2882 2956 2950 βούλομαις
2992 2882 3144 2951 φησί.
3180 2881 3271 2951 Τῷ
3292 2882 3410 2953 Θεῷ
3447 2884 3765 2953 προσάγειν,

2086 2972 2286 3045 ἀρετὴν
2315 2972 2608 3033 διδάσκειν,
2645 2971 2921 3039 βασιλείαν
2970 2970 3380 3038 καταγγέλλειν.
3414 2971 3479 3024 Τί
3502 2972 3559 3024 δὲ
3591 2974 3619 3025 ὁ
3656 2972 3763 3026 διάο

2087 3062 2241 3124 ϐολος
2262 3060 2355 3113 καὶ
2386 3062 2434 3112 οἰ
2462 3059 2746 3129 δαίμονες;
2779 3058 3049 3112 Τάναντία
3084 3057 3315 3122 τούτοις.
3358 3059 3483 3123 Πῶς
3504 3054 3597 3113 οῦν
3621 3061 3650 3112 6
3693 3064 3767 3135 μή

2090 3153 2208 3225 μετ’
2238 3149 2375 3221 ἐμοῦ
2412 3149 2681 3217 συνάγων,
2713 3149 2849 3219 μηδὲ
2884 3149 3001 3217 μετ’
3022 3148 3159 3219 ἐμοῦ
3195 3148 3290 3212 ὢν,
3325 3150 3451 3219 ἐμοὶ
3490 3152 3777 3223 συμπράτ-

2085 3259 2199 3293 τειν
2230 3238 2451 3309 ἕμελλε;
2484 3238 2595 3290 Καὶ
2621 3237 2672 3290 τί
2718 3236 2863 3304 λέγω
2894 3238 3301 3306 συμπράττειν;
3335 3240 3655 3294 Τοὺναντίον
3690 3242 3766 3306 δέ,

2087 3330 2182 3383 καὶ
2206 3327 2519 3398 σκορπίζειν
2545 3324 2692 3395 αὑτῷ
2724 3324 2987 3394 ἐπιθυμία
3020 3325 3086 3377 τά
3113 3325 3243 3395 ἐμά.
3271 3326 3328 3379 Ὀ
3360 3327 3538 3381 τοίνυν
3565 3329 3639 3400 μή
3674 3330 3770 3400 μό-

2086 3434 2175 3471 νον
2230 3414 2306 3485 μὴ
2330 3415 2375 3445 ⁸⁵
2414 3412 2803 3483 συμπράττων,
2849 3410 2986 3464 ἀλλὰ
3029 3412 3122 3464 καὶ
3172 3414 3503 3483 σκορπίζων,
3557 3415 3674 3478 πῶς
3704 3415 3771 3474 ἂν

2087 3502 2360 3572 τοσαύτην
2388 3502 2526 3572 πρὸς
2552 3503 2651 3570 ἐμὲ
2671 3500 2923 3569 ὁμόνοιαν
2950 3499 3281 3566 ἐπεδείξατο,
3308 3500 3451 3554 ὥστε
3484 3502 3602 3573 μετ’
3636 3503 3773 3573 ἐμοῦ

2086 3592 2212 3653 τοὺς
2228 3590 2488 3659 δαίμονας
2515 3587 2835 3653 ἐκϐάλλειν;
2867 3588 3038 3640 Τοῦτο
3067 3587 3124 3640 δέ
3156 3588 3217 3641 οὑ
3248 3589 3377 3658 περὶ
3410 3589 3505 3642 τοῦ
3526 3590 3774 3647 διαϐόλου

2091 3676 2272 3747 μόνον,
2314 3674 2451 3728 ἀλλά
2495 3673 2588 3727 καὶ
2618 3672 2779 3727 αὑτὸν
2832 3674 2961 3743 περὶ
3004 3674 3199 3727 ἐαυτοῦ
3252 3676 3400 3738 εἰκὸς
3442 3677 3777 3734 ὑποπτεύειν

2089 3762 2390 3834 εἰρηκέναι,
2432 3760 2507 3823 ὡς
2533 3759 2627 3812 καὶ
2643 3759 2689 3790 ⁵⁸
2712 3759 2854 3812 κατὰ
2883 3758 2974 3812 τοῦ
2999 3758 3245 3812 διαϐόλου
3278 3758 3450 3823 ὄντος,
3484 3761 3577 3814 καὶ
3606 3779 3760 3833 σκορ-

2089 3851 2338 3915 πίζοντος
2387 3849 2453 3902 τά
2486 3846 2713 3900 ἐκείνου.
2764 3847 2874 3899 Καὶ
2919 3845 3064 3909 πῶς,
3109 3848 3294 3917 φησὶν,
3347 3850 3375 3899 6
3425 3847 3501 3919 μή
3534 3848 3609 3903 ῶν
3654 3854 3771 3921 μετ’

2089 3939 2245 4009 ἐμοῦ,
2281 3938 2401 3992 κατ’
2428 3935 2562 4007 ἐμοῦ
2593 3938 2745 3989 ἐστιν
2777 3937 2853 4000 ⁶⁷;
2888 3934 3046 4005 Αὐτῷ
3071 3935 3248 4006 τούτῳ
3275 3935 3354 4005 τῷ
3388 3936 3461 4007 μὴ
3494 3938 3761 4006 συνάγειν.

2088 4028 2152 4080 Εἰ
2180 4026 2236 4079 δέ
2280 4025 2439 4078 τοῦτο
2469 4024 2687 4095 ἀληθὲς,
2712 4022 2894 4093 πολλῷ
2932 4023 3136 4094 μᾶλλον
3170 4024 3200 4075 6
3238 4024 3356 4077 κατ’
3380 4023 3544 4078 αὑτοῦ
3578 4024 3675 4078 ῶν.
3708 4021 3771 4079 Εί

2086 4115 2194 4185 γάρ
2217 4115 2245 4167 6
2268 4113 2344 4183 μὴ
2375 4111 2763 4183 συμπράττων,
2786 4109 2998 4180 ἐχθρὸς,
3024 4109 3204 4180 πολλῷ
3226 4111 3427 4179 μᾶλλον
3448 4113 3476 4164 6
3496 4110 3765 4183 πολεμῶν.

2088 4199 2275 4254 Ταῦτα
2304 4199 2362 4252 δέ
2413 4198 2590 4251 πάντα
2645 4196 2816 4266 λέγει,
2850 4197 2938 4251 ἵνα
2974 4196 3123 4268 δείξῃ
3162 4196 3362 4268 πολλὴν
3406 4197 3572 4252 αὑτοῦ
3631 4200 3771 4272 πρὸς

2086 4289 2179 4343 τὸν
2215 4286 2461 4343 διάϐολον
2497 4284 2596 4356 τὴν
2626 4285 2822 4357 ἔχθραν
2852 4284 2947 4338 καὶ
2994 4286 3201 4353 ἄφατον
3240 4280 3426 4340 οὖσαν.
3474 4286 3611 4339 Είπέ
3662 4289 3769 4361 γάρ

2090 4393 2200 4447 μοι,
2240 4376 2289 4427 εἰ
2326 4372 2435 4425 δέοι
2456 4372 2564 4425 τινὶ
2593 4372 2920 4442 πολεμῆσαι,
2939 4373 2967 4425 6
2990 4371 3064 4442 μή
3089 4372 3409 4443 βουλόμενός
3436 4391 3518 4426 σοι
3549 4392 3758 4447 συμμαο

2086 4463 2273 4533 χῆσαι,
2317 4460 2468 4531 αὐτῷ
2497 4459 2673 4530 τούτῳ
2698 4460 2799 4512 οὑκ
2824 4459 2939 4512 ἐστι
2991 4458 3130 4512 κατὰ
3161 4460 3291 4523 σοῦ;
3339 4461 3403 4513 Εἰ
3435 4461 3491 4514 δὲ
3533 4463 3772 4534 ἀλλαχοῦ

2088 4566 2274 4620 φησιν,
2311 4548 2365 4601 '0
2393 4547 2479 4618 μὴ
2522 4544 2607 4600 ὢν
2634 4547 2767 4602 καθ’
2811 4546 2999 4616 ὑμῶν,
3028 4547 3182 4615 ὑπὲρ
3226 4548 3395 4616 ὑμῶν
3432 4549 3625 4615 ἐστιν,
3668 4554 3772 4605 οὑκ

2085 4639 2231 4692 ἔστιν
2275 4636 2517 4690 ἐναντίον
2540 4635 2733 4705 τούτῳ.
2777 4634 3049 4689 Ἐνταῦθα
3088 4635 3198 4707 γάρ
3234 4637 3402 4705 ἔδειξε
3437 4640 3557 4691 κατ’
3590 4639 3768 4692 αὑτῶν

2085 4722 2235 4781 ὅντα,
2267 4722 2384 4774 ἐκεῖ
2410 4720 2467 4773 δὲ
2510 4719 2783 4772 δείκνυσιν
2825 4720 2883 4772 ἐν
2918 4721 3075 4790 μέρει
3103 4722 3219 4788 μετ’
3254 4720 3434 4773 αὑτῶν
3463 4721 3623 4774 ὄντα·
3673 4722 3761 4776 Ἐν

2086 4804 2196 4876 γὰρ
2220 4803 2301 4868 τῷ
2332 4802 2579 4872 ὀνόματι
2609 4818 2745 4867 σου,
2768 4802 2954 4873 φησὶν.
2973 4801 3345 4855 ἐκϐάλλουσι
3372 4802 3445 4856 τὰ
3470 4802 3761 4872 δαιμόνια.

2100 4889 2254 4959 Ἐμοὶ
2275 4887 2332 4940 δέ
2359 4887 2508 4939 δοκεῖ
2531 4885 2765 4940 ἐνταῦθα
2799 4886 2892 4938 καὶ
2928 4885 3213 4949 Ἰουδαίους
3247 4886 3598 4947 αἰνίττεσθαι,
3630 4888 3770 4956 μετά

2085 4971 2179 5025 τοῦ
2224 4970 2470 5024 διαϐόλου
2526 4970 2730 5040 στήσας
2764 4968 2981 5034 αὑτούς.
3032 4970 3142 5023 Καὶ
3193 4969 3303 5040 γὰρ
3330 4969 3425 5021 καὶ
3456 4970 3611 5023 αὑτοί
3644 4974 3761 5025 κατ’

2086 5052 2252 5107 αὑτοῦ
2289 5048 2452 5125 ἦσαν,
2488 5052 2583 5105 καὶ
2614 5050 2939 5122 ἐσκόρπιζον
2968 5051 3005 5106 ἀ
3035 5052 3342 5123 συνήγαγεν
3371 5052 3439 5106 ⁵⁸.
3492 5053 3614 5106 ’Ότι
3658 5055 3768 5126 γάρ

2087 5138 2182 5189 καὶ¹
2220 5136 2418 5199 αὑτοὺς
2440 5137 2706 5206 ᾐνίττετο,
2747 5135 3014 5206 ἐδήλωσεν
3044 5134 3216 5200 οὕτως
3240 5134 3431 5189 εἰπών·
3468 5137 3571 5189 Διὰ
3592 5137 3769 5192 τοῦτο

2086 5217 2243 5289 λέγω
2270 5217 2435 5287 ὑμῖν,
2472 5217 2561 5271 ὅτι
2594 5218 2766 5273 πᾶσα
2800 5219 3058 5287 ἁμαρτία
3090 5220 3188 5273 καὶ
3228 5219 3599 5288 βλασφημία
3652 5222 3767 5290 ἀερ-

2086 5302 2367 5371 εθήσεται
2396 5301 2521 5368 τοῖς
2549 5301 2902 5370 ἀνθρώποις.
2943 5301 3163 5372 Ἐπειδὴ
3213 5304 3322 5373 γὰρ
3368 5302 3767 5374 ἀπελογήσατο,

2089 5387 2185 5441 καὶ
2211 5386 2307 5459 τὴν
2338 5387 2609 5440 ἀντίθεσιν
2644 5387 2821 5452 ἔλυσε,
2846 5386 2942 5441 καὶ
2970 5386 3249 5452 ἀπέδειξεν
3280 5388 3770 5457 ἀναισχυντοῦντας

2093 5471 2290 5542 μάτην,
2334 5469 2489 5539 φοϐεῖ
2513 5469 2717 5523 λοιπόν.
2744 5470 2856 5523 Καὶ
2881 5468 2989 5541 γὰρ
3046 5469 3141 5522 καὶ
3169 5469 3328 5522 τοῦτο
3358 5470 3671 5542 συμϐουλῆς
3708 5474 3768 5525 οὑ

373 5588 419 5619 ⁴⁸
456 5584 566 5668 μοι]
591 5585 713 5655 ἐμοί
835 5580 1144 5668 ἡμῖν-Ε..ΙΕ.
1176 5582 1326 5668 611:6;
1334 5580 1457 5635 cod.
1492 5577 1980 5668 δεν.Ῥ1·οι·ευεοιη

2083 5622 2093 5637 .
2126 5580 2177 5665 ςθ
2194 5580 2288 5634 καὶ
2318 5577 2730 5668 καιτακρὶιὶιοῦσι]
2758 5578 3002 5668 κρινοῦσι
3023 5578 3096 5668 Ξ.
3126 5578 3219 5668 καί
3249 5579 3592 5668 deest‘eliﬁm
3607 5582 3682 5668 “in

311 5657 407 5726 I'Zp.
456 5652 920 5725 ’⁸⁷’παραγέγονα
957 5652 1253 5726 -ΕιΙιΙζιιεηί
1289 5652 1384 5706 Ge.
1421 5669 1495 5703 πα

312 5668 407 5726 lup.
487 5668 525 5687 ’δ
566 5668 920 5725 παραγεγονα
974 5668 1106 5707 ιιιιιι.
1140 5669 1253 5706 rem
1289 5668 1384 5706 bc.
1421 5668 1766 5773 παραγεγονε
1799 5668 1931 5719 10111.
1967 5668 1980 5704 ‹

312 5727 481 5780 Ι·.ι1110
514 5730 639 5779 anl'c
665 5731 760 5789 τάς
787 5726 886 5777 οὑκ
912 5723 1078 5787 οὑσας
1104 5722 1231 5776 Sav.
1270 5733 1461 5776 contra
1522 5723 1630 5790 ‘pp.
1672 5730 1726 5773 el
1749 5721 1909 5774 codd.

2083 5668 2483 5788 ἳὲἕῗεῖθῖλεῒξᾲ
2506 5668 3006 5775 ἑὲὲἔηιηὲῒῗνρέῒίά.

310 5800 407 5850 ιὶυ.
445 5800 598 5850 Arm.
640 5796 759 5849 Mox
787 5792 882 5848 οὖν
916 5806 1099 5849 tuetur
1130 5795 1269 5848 idem
1302 5795 1471 5848 codex
1505 5809 1628 5846 cum
1654 5790 1750 5846 Ge.
1788 5793 1852 5862 in);
1883 5800 1980 5846 uel

2083 5809 2097 5847 ς
2127 5794 2297 5862 deest.
2375 5793 2421 5823 '°
2450 5791 2601 5861 ὑμῶν
2628 5790 3111 5862 αὑτῶνῙᾸὺμετέρᾳ
3139 5790 3200 5847 F.
3232 5791 3329 5862 Ep.

312 5868 372 5921 l".
404 5868 739 5937 δηλουμένης
768 5865 830 5921 1).
868 5864 1065 5937 ταῦτα]
1096 5862 1321 5937 Si_c_Ge.
1360 5864 1597 5917 τοσαῦτα
1627 5864 1690 5915 Α.
1814 5860 1969 5937 F.__':6

2083 5880 2136 5937 ι.-
2168 5861 2234 5937 Ε.
2303 5863 2351 5937 1‘
2382 5860 2713 5937 th‘zfpirgg
2736 5863 2799 5914 Α.
2914 5860 2917 5861 ⁷
2939 5860 3182 5937 καίοιη.

314 5940 404 5991 Sic;
440 5932 592 5993 Ᾱιιιιζ
626 5932 763 6001 ὅλως
793 5937 849 5989 Ε.
883 5938 1027 6006 ἄλλῳ
1047 5932 1160 5989 τινί
1196 5935 1291 6005 Ep.
1325 5952 1480 6006 nemo
1503 5944 1672 6006 potest
1703 5932 1801 5988 Ge.
1841 5933 1919 6006 __“
1944 5951 1980 6006 α

2083 5932 2137 6004 ο]
2180 5934 2272 5987 Sic
2300 5932 2397 6001 Ep.
2427 5932 2518 6006 τοῦ
2546 5932 2796 6006 διαϐόλου
2824 5932 2884 5986 E.
2921 5934 3007 6006 _"
3051 5933 3125 6006 μή

1538 5650 1766 5732 αγέγονε
1799 5651 1931 5732 (pip.
1967 5652 1980 5704 ί

2083 5651 2340 5732 ούμενοςλ
2378 5650 2477 5718 Ep.
2500 5647 2642 5732 ’βίοις
2690 5647 2856 5732 ,ήμῶν
2883 5652 2984 5732 Αε-
3022 5650 3067 5681 ⁸⁸
3093 5647 3210 5720 οῦν]
3252 5650 3360 5732 γάρ
3393 5649 3460 5732 Αἶ
3485 5650 3558 5732 ,0.
3582 5649 3667 5732 ΙΙ).
3706 5652 3765 5732 If“.

3041 5732 3244 5789 praeter
3281 5721 3344 5774 E.
3379 5722 3542 5780 vobis.
3575 5724 3766 5789 inquit.

3406 5794 3449 5824 ⁸¹
3485 5792 3718 5859 διδομένι
3741 5810 3769 5853 ς

3222 5861 3405 5935 Ῑηῖ-Ι).
3497 5863 3541 5894 ⁸³
3568 5863 3769 5935 ἄλλως]

3151 5949 3260 5988 om.
3303 5932 3362 5986 F.
3443 5934 3491 5965 ⁸⁸
3521 5935 3615 5986 καί
3649 5932 3763 5989 om;

319 6011 381 6062 Α.
416 6008 474 6061 D.
513 6007 574 6061 l“.
652 6008 695 6040 ⁸⁷
737 6008 909 6077 ἐστινΙ
938 6002 1062 6066 add.
1095 6008 1218 6062 ἀντὶ
1239 6002 1341 6061 τοῦ
1376 6006 1439 6061 Ε.
1472 6005 1597 6061 Haec
1636 6021 1723 6061 vv.
1764 6021 1794 6059 α
1836 6004 1980 6059 Savil

2083 6002 2241 6061 lélela
2269 6004 2547 6061 revocavit
2585 6002 2811 6061 Montef.
2880 6004 2936 6074 3"
2975 6002 3208 6070 συνῆγεν
3240 6004 3301 6059 Ε.
3336 6004 3396 6060 F.
3424 6003 3588 6061 Ευιιι.
