4074 6358
292 420 417 477 149

297 535 676 598 comminari,
705 530 847 603 quod
876 530 967 587 ille
995 528 1311 602 plerumque
1352 524 1482 579 facit
1505 523 1631 579 dum
1667 520 1814 590 leges
1850 526 1907 571 et

300 630 543 684 consilia
569 624 793 697 profert.

380 720 509 785 Quo
529 733 677 773 sensu
698 712 1012 784 blasphemia
1030 711 1258 783 Spiritus
1278 725 1378 763 non
1401 707 1705 761 remittatur.
1723 731 1795 741 —
1814 699 1908 754 Vi-

299 815 478 867 detur
504 819 682 864 autem
725 808 777 862 id
805 804 948 877 quod
990 804 1189 859 dictum
1231 810 1315 859 est
1342 800 1629 854 obscurum
1673 808 1791 849 esse
1818 810 1833 846 :
1862 790 1908 846 si

301 918 448 959 vero
499 901 861 965 attendamus,
904 897 1076 953 facilis
1117 896 1221 951 erit
1266 892 1485 949 solutio.
1528 890 1708 945 Primo
1752 886 1911 956 igitur

290 997 438 1065 -ejns
462 1002 592 1050 sunt
614 991 880 1047 audienda
906 988 1070 1044 verba
1100 1006 1113 1043 :
1142 987 1303 1041 Omne
1326 994 1587 1055 peccatum
1611 991 1658 1035 et
1674 978 1910 1049 blasphe-

294 1089 421 1140 mia
448 1086 731 1141 remittetur
752 1080 1073 1136 hominibus:
1092 1077 1407 1148 blasphemia
1426 1091 1542 1129 vero
1566 1073 1789 1142 Spiritus
1810 1085 1912 1123 non

304 1179 606 1233 remittetur
630 1176 719 1229 eis.
750 1173 838 1228 52.
872 1172 935 1227 Et
962 1172 1264 1243 quicumque
1294 1168 1481 1222 dixerit
1510 1166 1710 1220 uerbum
1736 1172 1912 1216 contra

310 1273 525 1327 Filium
560 1271 779 1323 hominis
799 1308 814 1333 ,
844 1268 1124 1322 remittetur
1146 1267 1190 1318 ei
1216 1280 1233 1317 :
1255 1263 1554 1332 quicumque
1589 1274 1703 1313 vero
1731 1255 1913 1310 dixerit

307 1374 506 1418 contra
530 1363 784 1433 Spiritum
806 1368 1056 1422 sanctum,
1073 1374 1176 1411 non
1199 1356 1477 1409 remittetur
1499 1352 1543 1406 ei
1568 1366 1725 1422 neque
1744 1350 1797 1402 in
1820 1347 1915 1401 hoc

311 1457 546 1522 seculo,
579 1470 737 1525 neque
771 1454 826 1506 in
858 1453 1051 1523 futuro.
1080 1448 1215 1516 Quid
1262 1446 1361 1501 sibi
1407 1445 1521 1498 vult
1557 1441 1728 1512 ergo?
1752 1439 1914 1494 Multa

302 1556 515 1601 contra
546 1560 634 1599 me
660 1542 870 1598 dixiStis
889 1581 905 1606 ,
937 1539 1277 1596 seductorem
1308 1538 1527 1603 Deoque
1549 1531 1913 1587 adversarium

308 1638 579 1692 uocastis.
605 1635 731 1689 llaec
751 1633 902 1689 vobis
928 1629 1310 1702 paenitentibus
1331 1628 1569 1691 remitto,
1604 1639 1776 1694 neque
1803 1636 1916 1691 pas-

304 1746 423 1786 nas
448 1737 679 1799 expeto;
706 1725 1037 1795 blasphemia
1082 1731 1261 1777 autem
1301 1720 1529 1790 Spiritus
1575 1732 1683 1771 non
1727 1715 1913 1769 remit-

302 1825 480 1884 titur,
504 1837 572 1876 ne
602 1818 983 1890 paenitentibus
1006 1814 1242 1887 quidem.
1283 1812 1351 1867 Et
1388 1825 1489 1882 qua
1530 1810 1735 1864 ratione
1772 1816 1916 1863 stare

313 1914 503 1985 possit
541 1911 667 1967 illud
686 1910 709 1963 ?
727 1908 864 1965 Nam
888 1915 943 1963 et
971 1906 1074 1961 hoc
1111 1912 1385 1975 peccatum
1417 1900 1799 1973 paenitentibus
1824 1914 1916 1953 re-

315 2008 553 2062 missum
592 2002 711 2059 fuit.
753 2000 902 2057 Multi
933 1999 1076 2055 enim
1109 2012 1316 2062 eorum,
1353 1995 1443 2065 qui
1487 1993 1607 2047 talia
1642 1991 1912 2054 dixerunt,

306 2110 514 2171 postea
534 2097 898 2162 crediderunt,
925 2093 1211 2162 omniaque
1231 2090 1359 2159 ipsis
1376 2088 1595 2142 remissa
1617 2095 1759 2139 sunt.
1779 2084 1916 2151 Quid

317 2193 493 2263 igitur
527 2190 618 2248 hic
648 2188 808 2244 dicit?
844 2183 1051 2255 Nempe
1100 2184 1206 2238 hoc
1253 2185 1541 2253 peceatum
1597 2176 1919 2249 praemuni-

320 2283 433 2337 bus
460 2282 615 2336 venia
638 2291 847 2333 carere.
878 2279 991 2347 Qua
1012 2273 1079 2328 de
1094 2271 1288 2327 causa?
1304 2270 1438 2337 Quia
1458 2268 1576 2339 quis
1592 2275 1735 2323 esset
1763 2266 1918 2321 Chri-

318 2388 447 2433 stus
478 2375 791 2448 ignorabant
815 2392 830 2430 :
874 2372 1107 2443 Spiritus
1127 2384 1255 2425 vero
1279 2377 1657 2439 congruentem
1681 2366 1791 2436 jam
1815 2381 1916 2420 no-

322 2470 503 2523 titiam
525 2472 861 2536 acceperant.
885 2462 1155 2535 Siquidem
1175 2478 1272 2533 per
1292 2476 1415 2516 eum
1443 2460 1717 2530 prolihetaa
1736 2461 1919 2530 loque-

323 2563 549 2628 bantur,
573 2570 630 2615 et
655 2560 707 2614 in
730 2542 899 2614 veteri
926 2557 1045 2628 lege
1067 2570 1255 2611 omnes
1279 2555 1442 2609 multa
1460 2553 1528 2609 de
1552 2554 1669 2623 ipso
1693 2567 1917 2622 accepe-

322 2660 457 2708 rant
484 2652 824 2707 documenta.
849 2649 964 2705 Hoc
998 2647 1157 2720 igitur
1176 2648 1288 2702 vult
1314 2647 1493 2702 dicere
1520 2662 1535 2702 :
1576 2645 1726 2711 Esto,
1754 2645 1805 2699 in
1830 2659 1919 2701 me

325 2756 552 2818 propter
569 2755 899 2815 assumptam
920 2758 1136 2799 carnem
1159 2742 1456 2797 oll'enditis:
1479 2758 1605 2796 num
1624 2742 1783 2795 etiam
1802 2740 1920 2809 Spi-

325 2839 497 2894 ritum
524 2847 766 2892 sanctum
798 2851 893 2891 vos
919 2850 1024 2890 non
1063 2834 1277 2889 novisse
1302 2832 1494 2887 dicturi
1524 2831 1687 2888 estis?
1715 2831 1919 2886 Idcirco

324 2929 491 3000 hujus
514 2929 862 2999 blasphemia:
890 2927 1043 2982 venia
1074 2941 1180 2981 non
1214 2925 1426 2980 dabitur
1449 2924 1601 2979 vobis
1629 2941 1643 2977 :
1676 2933 1731 2978 et
1756 2923 1842 2978 hic
1864 2932 1920 2979 et

324 3024 441 3078 illic
472 3037 657 3092 poenas
686 3020 902 3076 dabitis.
932 3019 1081 3074 Multi
1122 3018 1338 3089 quidem
1380 3017 1466 3071 hic
1497 3025 1701 3070 tantum
1732 3031 1920 3085 poenas

326 3112 618 3177 dederunt,
650 3121 707 3166 ut
736 3112 826 3165 ille
856 3111 944 3181 qui
980 3109 1273 3163 fornicatus
1298 3115 1434 3173 erat,
1456 3114 1518 3161 ut
1556 3105 1695 3176 apud
1726 3107 1917 3161 Corin-

328 3206 533 3262 thiosij
561 3206 648 3283 qui
690 3204 904 3272 indigne
956 3203 1328 3273 mysteriorum
1380 3210 1661 3273 consortes
1708 3198 1920 3254 fuerant

321 3307 406 3378 (2.
428 3307 545 3365 Cor.
568 3310 620 3361 2.
645 3315 691 3360 et
712 3308 762 3360 1.
785 3298 901 3360 Cor.
919 3298 936 3357 !
952 3296 1002 3372 1)
1024 3312 1144 3359 :vos
1158 3305 1335 3353 autem
1352 3304 1404 3350 et
1420 3295 1504 3350 hic
1524 3304 1579 3352 et
1608 3294 1713 3352 illic
1734 3308 1918 3365 pinnas

324 3399 543 3453 dabitis.
593 3398 949 3466 Qumcumque
971 3411 1101 3467 ergo
1133 3406 1319 3451 contra
1360 3411 1446 3450 me
1484 3403 1765 3463 antequam
1796 3408 1917 3447 eru-

330 3493 582 3563 ciiigerer
604 3492 1033 3562 blasphemastis,
1060 3491 1276 3546 remitto
1295 3505 1308 3542 :
1333 3490 1440 3544 imo
1457 3491 1616 3544 etiam
1636 3489 1698 3542 iis
1713 3487 1802 3559 qui
1829 3501 1916 3541 me

325 3582 681 3654 cruciﬁgent;
713 3596 888 3653 neque
936 3595 1033 3651 pro
1072 3580 1444 3635 incredulitate
1485 3578 1599 3633 sola
1640 3576 1916 3632 damnabi-

324 3675 481 3728 mini.
513 3673 698 3743 Neque
738 3674 883 3728 enim
926 3673 963 3727 ii
1008 3672 1095 3742 qui
1128 3681 1252 3727 ante
1300 3686 1511 3726 crucem
1549 3669 1912 3735 crediderunt,

325 3767 542 3834 plenam
572 3765 730 3819 fidem
761 3763 1029 3819 habebant
1051 3782 1064 3816 :
1086 3764 1376 3830 multisque
1407 3762 1457 3815 in
1484 3761 1616 3816 locis
1639 3760 1912 3826 admonet,

326 3873 397 3911 ne
419 3858 864 3927 antepassionem
886 3857 1007 3927 quis
1034 3856 1149 3925 ipse
1178 3856 1247 3910 sit
1270 3855 1576 3911 declarent:
1601 3862 1656 3908 et
1680 3853 1730 3906 in
1756 3866 1914 3907 cruce

325 3950 558 4012 dicebat,
588 3958 648 4003 ut
671 3951 775 4005 illis
801 3950 904 4005 hoc
924 3958 1201 4020 peccatum
1225 3949 1607 4004 remitteretur.
1631 3947 1761 4015 Qum
1781 3962 1913 4001 vero

324 4042 396 4097 de
424 4042 625 4112 Spiritu
664 4041 909 4107 dixistis,
938 4041 1150 4096 veniam
1194 4056 1300 4095 non
1352 4039 1724 4110 impetrabunt.
1760 4036 1913 4106 Quod

327 4143 509 4189 autem
538 4133 605 4189 de
633 4134 719 4200 iis,
743 4148 862 4204 qua:
891 4142 1015 4188 ante
1037 4148 1252 4187 crucem
1282 4131 1421 4187 dicta
1448 4132 1663 4197 fuerint,
1693 4131 1807 4185 haec
1832 4131 1914 4185 in-

326 4224 554 4295 telligat,
587 4224 639 4278 id
690 4223 929 4279 declarat
969 4238 1092 4279 cum
1122 4222 1344 4294 adjicit:
1377 4224 1687 4294 Quicumque
1727 4222 1911 4276 dixerit

324 4313 533 4368 uerbum
555 4323 734 4369 contra
760 4312 960 4369 Filium
982 4314 1201 4369 hominis
1217 4357 1232 4380 ,
1263 4316 1540 4369 remittetur
1560 4316 1607 4370 ei
1629 4331 1649 4381 ;
1674 4315 1910 4386 quicum-

317 4418 419 4470 que
443 4414 611 4460 autem
640 4404 824 4460 dixerit
846 4416 1023 4461 contra
1049 4406 1302 4478 Spiritum
1330 4416 1589 4473 sanctum,
1623 4423 1728 4462 non
1756 4407 1905 4462 item.

320 4494 536 4561 Quare?
574 4496 709 4564 Quia
751 4495 980 4567 Spiritus
1028 4506 1245 4553 sanctus
1291 4507 1450 4552 notus
1496 4499 1647 4553 vobis
1686 4507 1807 4564 est;
1852 4506 1908 4553 et

319 4595 508 4641 contra
527 4603 640 4643 rem
668 4588 1003 4642 manifestam
1031 4588 1367 4657 impudenter
1390 4588 1563 4658 agitis.
1594 4588 1729 4643 Nam
1754 4589 1797 4643 si
1820 4604 1907 4644 me

318 4694 417 4734 vos
458 4680 708 4749 ignorare
744 4678 941 4746 dicitis,
992 4680 1120 4734 illud
1149 4688 1296 4735 certe
1337 4694 1443 4734 non
1490 4680 1762 4749 ignoratis.
1791 4679 1904 4734 die-

317 4784 508 4824 monas
536 4769 733 4839 ejicere
760 4779 817 4826 et
853 4769 1072 4825 morbos
1101 4784 1292 4825 curare
1331 4770 1563 4841 Spiritus
1589 4771 1761 4825 sancti
1783 4785 1904 4827 esse

316 4874 472 4928 opus.
496 4858 611 4913 Non
634 4874 764 4929 ergo
788 4875 877 4916 me
899 4868 1100 4915 tantum
1125 4861 1449 4916 contumelia
1474 4860 1705 4927 afficitis,
1728 4860 1821 4916 sed
1848 4869 1904 4915 et

314 4952 570 5020 Spiritum
594 4960 859 5008 sanctum.
888 4954 1223 5023 Quapropter
1242 4964 1297 5008 et
1323 4954 1408 5009 hic
1431 4963 1485 5009 et
1508 4955 1616 5009 illic
1638 4956 1753 5010 sine
1793 4955 1899 5010 ulla

316 5046 471 5099 venia
503 5060 691 5115 poenas
721 5045 935 5101 dabitis.
962 5047 1095 5101 Nam
1126 5063 1195 5101 ex
1224 5048 1530 5103 hominibus
1550 5048 1639 5103 alii
1664 5058 1717 5103 et
1742 5047 1828 5104 hic
1846 5057 1900 5103 et

315 5136 423 5191 illic
449 5137 768 5207 supplicium
800 5139 985 5194 luunt:
1018 5139 1105 5193 alii
1133 5139 1220 5193 hie
1248 5149 1451 5194 tantum
1472 5180 1489 5207 ,
1520 5141 1607 5195 alii
1640 5141 1748 5196 illic
1777 5149 1898 5196 tan-

314 5241 465 5293 tum;
494 5231 581 5285 alii
610 5246 784 5302 neque
830 5231 917 5287 hic
946 5248 1121 5301 neque
1149 5232 1257 5288 illic
1289 5248 1303 5285 :
1338 5232 1427 5288 hic
1455 5242 1511 5288 et
1558 5234 1665 5290 illic
1697 5235 1809 5302 alii,
1838 5243 1899 5290 ut

314 5322 387 5374 illi
418 5323 540 5391 ipsi.
570 5322 704 5378 Nam
727 5332 783 5378 et
806 5323 895 5377 hic
915 5323 1179 5378 dederunt
1200 5338 1408 5394 poenas,
1431 5324 1643 5395 quando
1667 5325 1720 5379 in
1745 5325 1895 5380 urbis

312 5414 520 5468 excidio
550 5414 905 5469 intolerabilia
938 5415 1079 5484 passi
1108 5424 1269 5483 sunt;
1299 5424 1354 5470 et
1378 5416 1490 5470 illic
1517 5417 1894 5486 gravissimum

311 5503 625 5572 supplicium
644 5504 813 5570 luent,
838 5514 895 5558 ut
918 5505 1227 5570 Sodomitas,
1255 5514 1312 5561 et
1334 5505 1423 5560 alii
1444 5506 1618 5560 multi.
1640 5505 1751 5561 lllic
1766 5521 1895 5561 vero

313 5602 534 5657 tantum,
563 5603 621 5648 ut
648 5595 799 5650 dives
828 5595 918 5650 ille
945 5596 1035 5666 qui
1066 5596 1117 5650 in
1145 5595 1356 5651 ﬂamma
1382 5598 1652 5652 cruciatus
1678 5614 1746 5651 ne
1775 5599 1891 5652 stil-

312 5684 415 5739 lam
443 5686 657 5756 quidem
688 5702 841 5757 aquae
869 5687 1071 5743 habuit.
1104 5688 1201 5742 llic
1228 5703 1379 5753 vero,
1415 5697 1473 5743 ut
1502 5688 1592 5743 ille
1617 5688 1756 5758 apud
1784 5689 1893 5745 Co-

311 5778 559 5846 rinthios,
605 5779 693 5847 qui
722 5778 1017 5834 fornicatus
1050 5788 1186 5835 erat.
1216 5779 1401 5849 Neque
1430 5780 1518 5835 hic
1547 5796 1722 5850 neque
1752 5780 1888 5844 illic,

311 5878 368 5924 ut
396 5868 654 5941 apostoli,
689 5879 747 5925 ut
775 5869 1067 5942 prophetas,
1102 5880 1161 5927 ut
1197 5871 1385 5931 beatus
1422 5871 1524 5930 Job
1556 5890 1570 5929 :
1602 5887 1725 5929 nam
1768 5887 1889 5943 qua:

1343 408 1409 465 IN
1444 402 1850 464 MATTll/EUM
1889 399 2121 457 HOMIL.
2153 401 2290 459 XLI.
2329 401 2402 456 al.
2440 401 2598 458 XLII.

3493 399 3599 458 £50

2014 514 2092 569 illi
2113 517 2253 585 passi
2272 523 2417 581 sunt,
2440 531 2546 571 non
2574 514 2891 587 supplicium
2911 521 3085 579 erant,
3107 512 3203 569 sed
3224 513 3515 570 certamina
3539 526 3598 570 et.

2011 621 2221 677 pugnae.

2081 703 2137 757 4.
2172 701 2436 769 Quomodo
2463 702 2526 755 de
2540 701 2681 754 nobis
2698 700 2935 771 judicare
2954 714 3238 769 possumus.
3266 697 3601 764 Compunctio

2010 808 2130 847 vera
2151 810 2282 862 qum.
2305 825 2376 834 -—
2400 792 2722 849 Studeamus
2751 806 2880 862 ergo
2922 802 2980 846 ut
3020 792 3072 846 in
3118 790 3309 846 eadem
3350 790 3600 860 portione

2011 886 2180 940 simus
2209 902 2222 938 :
2257 886 2301 939 si
2330 901 2435 940 non
2465 885 2677 951 horum,
2711 884 2899 939 saltem
2930 898 3118 937 eorum
3146 882 3236 952 qui
3265 881 3352 936 hic
3382 892 3601 951 peccata

2013 991 2107 1032 sua
2142 977 2443 1047 expiarunt.
2482 976 2613 1031 Nam
2656 976 2895 1030 terribile
2925 974 3053 1029 illud
3092 973 3349 1043 judicium
3391 982 3496 1037 est,
3544 981 3602 1027 et

2015 1069 2326 1124 inevitabile
2354 1068 2673 1138 supplicium
2714 1066 3187 1135 intolerabilesque
3224 1079 3416 1136 poenae.
3447 1061 3602 1130 Quod

2014 1159 2059 1213 si
2091 1160 2228 1214 nolis
2246 1158 2334 1213 hic
2360 1174 2548 1229 pinnas
2568 1159 2718 1224 dare,
2749 1158 2816 1213 de
2845 1158 3015 1227 teipso
3034 1156 3233 1226 judica,
3265 1172 3295 1210 a
3327 1156 3499 1225 teipse
3517 1168 3604 1208 ra-

2015 1251 2190 1306 tiones
2232 1261 2443 1321 expete.
2488 1251 2622 1305 Audi
2665 1251 2883 1305 Paulum
2924 1250 3188 1305 dicentem
3222 1268 3236 1305 :
3272 1249 3524 1316 Quoniam
3556 1247 3603 1301 si

2015 1345 2344 1414 nosmetipsos
2391 1344 2780 1413 judicaremus,
2857 1359 2961 1396 non
3022 1343 3192 1410 utique
3249 1343 3603 1413 judicaremur

2018 1435 2095 1508 (1.
2125 1435 2244 1489 Cor.
2277 1435 2362 1488 Η.
2392 1435 2503 1506 51).
2534 1434 2589 1489 Si
2622 1434 2673 1488 id
2703 1434 2912 1497 feceris,
2940 1432 3193 1502 paulatim
3226 1431 3599 1502 progrediens,

2018 1526 2085 1581 ad
2116 1542 2372 1581 coronam
2414 1526 2621 1580 venies.
2668 1526 2736 1580 Et
2764 1524 3065 1595 quomodo,
3098 1524 3324 1593 inquies,
3357 1522 3424 1577 de
3449 1522 3604 1577 nobis

2012 1619 2405 1689 judicabimus,
2450 1627 2502 1672 et
2546 1632 2577 1671 a
2624 1617 2778 1671 nobis
2822 1617 3055 1671 rationes
3102 1615 3450 1685 expetemus?
3497 1614 3604 1669 Lu-

2016 1726 2111 1781 ge,
2158 1710 2351 1764 acerbe
2395 1709 2719 1779 ingemisce,
2771 1710 2997 1778 teipsum
3049 1708 3271 1763 humilia
3310 1718 3365 1762 et
3402 1708 3601 1778 afflige,

2017 1802 2299 1856 recordare
2338 1811 2679 1871 peccatorum
2726 1809 2939 1855 tuorum
2977 1802 3275 1871 Speciatim.
3315 1801 3431 1856 Non
3476 1816 3602 1871 par-

2017 1894 2115 1949 vds
2162 1904 2245 1949 est
2291 1895 2379 1949 hic
2426 1896 2693 1949 cruciatus
2738 1895 2922 1948 animi.
2975 1893 3031 1949 Si
3077 1892 3197 1964 quis
3242 1894 3295 1947 in
3344 1908 3604 1963 compun-

2017 1990 2196 2044 ctione
2260 1989 2390 2055 fuit,
2452 1990 2599 2043 novit
2653 1986 2889 2041 animum
2953 1987 3051 2041 hac
3105 1986 3336 2040 maxime
3398 1986 3605 2042 ratione

2018 2081 2264 2135 cruciari.
2313 2080 2368 2135 Si
2411 2080 2531 2149 quis
2577 2087 2796 2150 peccata
2844 2078 2894 2132 in
2942 2077 3259 2132 memoriam
3302 2077 3603 2143 revocavit,

2021 2175 2168 2228 novit
2233 2172 2475 2227 dolorem
2539 2173 2630 2242 qui
2694 2172 2816 2226 inde
2878 2170 3198 2241 concipitur.
3265 2170 3639 2239 QuaprOpter-

2020 2264 2329 2335 hnjusmodi
2372 2264 2702 2334 paenitentia:
2743 2264 2882 2317 Deus
2920 2263 3181 2332 justitiam
3228 2262 3280 2316 in
3323 2262 3602 2333 praemium

2018 2358 2329 2423 constituit,
2380 2357 2619 2413 dicens:
2677 2355 2776 2410 Dic
2824 2367 2878 2420 tu
2934 2357 3074 2426 prior
3113 2369 3317 2425 peccata
3365 2365 3494 2423 tua,
3549 2363 3606 2408 ut

2011 2449 2311 2519 justi/iceris
2347 2448 2501 2520 (Isai.
2545 2450 2635 2504 45.
2679 2447 2805 2518 26).
2852 2447 2967 2503 Νοη
3019 2448 3160 2502 enim
3201 2457 3323 2515 est,
3371 2463 3476 2502 non
3523 2456 3606 2503 est

2021 2545 2204 2613 utique
2250 2558 2409 2613 parva
2459 2542 2527 2597 ad
2571 2542 3001 2597 emendationem
3058 2541 3235 2606 ratio,
3288 2542 3333 2595 si
3386 2551 3603 2611 peccata

2020 2635 2196 2688 omnia
2258 2634 2549 2690 secundum
2601 2634 2834 2704 speciem
2876 2633 3100 2687 collecta
3150 2633 3205 2686 in
3256 2634 3436 2687 animo
3483 2647 3608 2687 ver-

2020 2740 2110 2780 ses
2132 2734 2187 2780 et
2216 2725 2417 2780 volvas.
2454 2725 2586 2779 Nam
2613 2725 2703 2795 qui
2731 2724 2831 2779 hoc
2855 2725 2999 2789 facit,
3029 2724 3097 2779 ita
3122 2734 3528 2793 eompungetur,
3553 2733 3606 2777 ut

2020 2834 2091 2875 ne
2116 2820 2222 2873 vita
2249 2818 2461 2889 quidem
2491 2833 2550 2872 se
2577 2817 2793 2887 dignum
2827 2816 3116 2871 existimet.
3154 2815 3255 2882 Qui
3297 2823 3474 2869 autem
3508 2814 3606 2871 hoc

2020 2913 2330 2976 existimat,
2360 2924 2483 2965 cera
2515 2909 2727 2963 mollior
2754 2907 2965 2961 evadet.
2994 2906 3073 2960 Ne
3095 2906 3224 2959 mihi
3250 2906 3420 2960 solum
3449 2905 3608 2960 dixe-

2022 3006 2096 3060 ris
2122 3004 2504 3058 fornicationes
2524 3041 2537 3065 ,
2568 3000 2653 3054 vel
2684 2999 2943 3053 adulteria
2975 3004 3031 3052 et
3057 2998 3274 3062 similia,
3308 3013 3481 3069 neque
3504 2998 3608 3052 alia

2020 3112 2139 3167 quin
2163 3095 2341 3166 gravia
2372 3108 2491 3148 esse
2518 3091 2656 3163 apud
2688 3105 2879 3145 omnes
2912 3089 2965 3142 in
2991 3088 3236 3143 confesso
3262 3098 3383 3154 est;
3422 3104 3606 3144 verum

2020 3187 2178 3242 etiam
2208 3187 2435 3240 latentes
2460 3184 2699 3246 insidias,
2729 3181 3047 3243 calumnias,
3076 3180 3377 3244 maledicta,
3408 3196 3599 3236 vanam

2019 3277 2281 3348 gloriam,
2322 3276 2612 3339 invidiam,
2660 3282 2964 3342 caeteraque
3010 3272 3185 3325 omnia
3229 3272 3439 3342 collige.
3484 3273 3604 3329 Ilaec

2016 3374 2212 3444 quippe
2241 3388 2350 3428 non
2382 3384 2545 3442 parvo
2568 3369 2829 3440 supplicio
2855 3363 3184 3440 plectuntur:
3208 3377 3326 3414 nam
3342 3364 3599 3415 convicia.

2019 3478 2106 3523 tor
2133 3468 2182 3521 in
2215 3468 2514 3536 gehennam
2545 3463 2763 3528 incidet,
2791 3461 3143 3529 ebriosusque
3172 3458 3301 3511 nihil
3322 3473 3611 3513 commune

2017 3559 2321 3614 habetcum
2354 3573 2540 3628 regno,
2563 3565 2618 3611 et
2642 3557 2729 3626 qui
2762 3570 2868 3609 non
2899 3562 3042 3608 amat
3070 3552 3391 3623 proximum,
3418 3552 3496 3606 sic
3522 3553 3599 3605 of-

2017 3650 2186 3706 fendit
2209 3651 2397 3713 Deum,
2420 3660 2477 3703 ut
2506 3664 2680 3719 neque
2705 3646 2964 3718 martyrio
2996 3645 3233 3715 juvetur.
3260 3643 3327 3698 Et
3354 3644 3443 3714 qui
3476 3657 3601 3712 pro-

2017 3746 2244 3815 pinquos
2271 3742 2511 3812 negligit,
2543 3741 2699 3795 fidem
2723 3748 2899 3809 negat,
2930 3747 2984 3793 et
3007 3737 3098 3808 qui
3132 3750 3397 3806 pauperes
3420 3734 3604 3805 despi—

2016 3837 2123 3901 cit,
2150 3836 2201 3889 in
2233 3835 2407 3904 ignem
2436 3832 2679 3887 mittitur.
2706 3828 2785 3885 Ne
2815 3844 2976 3898 parva
3004 3843 3134 3898 ergo
3158 3827 3247 3881 illa
3279 3835 3435 3897 putes
3455 3868 3472 3893 ,
3505 3824 3601 3881 sed

2014 3927 2193 3980 omnia
2224 3926 2434 3995 collige,
2463 3934 2516 3979 et
2544 3922 2693 3992 quasi
2720 3922 2773 3975 in
2804 3920 2939 3975 libro
2965 3920 3159 3973 scribe.
3178 3918 3310 3972 Nam
3329 3919 3372 3973 si
3394 3927 3446 3971 tu
3473 3918 3602 3972 scri-

2016 4019 2208 4088 pseris,
2233 4016 2374 4071 Deus
2398 4013 2630 4079 delebit;
2653 4022 2837 4067 contra
2864 4012 2907 4066 si
2934 4019 2987 4065 tu
3010 4026 3114 4065 non
3137 4011 3435 4080 scripseris,
3463 4010 3602 4065 Deus

2015 4110 2100 4163 illa
2123 4108 2407 4171 describet,
2441 4120 2730 4176 poenasque
2756 4112 2980 4176 repetet.
3010 4103 3192 4173 Longe
3224 4118 3384 4173 porro
3410 4103 3601 4159 melius

2012 4209 2097 4255 est
2124 4210 2182 4254 ut
2210 4200 2323 4254 huic
2351 4214 2380 4252 a
2405 4198 2564 4252 nobis
2589 4198 2892 4253 scribantur
2912 4238 2927 4262 ,
2953 4204 3007 4251 et
3027 4196 3078 4249 in
3106 4195 3254 4251 caelis
3278 4194 3559 4250 deleantur
3580 4237 3598 4263 ,

2010 4309 2169 4364 quam
2200 4294 2245 4347 si
2292 4292 2447 4347 nobis
2474 4289 2864 4346 occultantibus
2887 4329 2904 4355 ,
2951 4288 3092 4342 Deus
3120 4286 3173 4341 in
3214 4286 3307 4340 illo
3348 4286 3436 4341 die
3472 4295 3600 4342 ante

2010 4385 2194 4439 oculos
2220 4392 2431 4438 nostros
2451 4397 2511 4435 ea
2538 4380 2762 4436 deferat.
2782 4378 2860 4434 Ne
2887 4379 3045 4448 igitur
3067 4377 3169 4431 hoc
3188 4375 3416 4443 accidat,
3440 4392 3599 4433 accu-

2009 4484 2124 4530 rate
2153 4475 2331 4529 omnia
2359 4472 2694 4542 colligamus,
2726 4478 2782 4525 et
2806 4484 2904 4523 nos
2932 4469 3221 4523 multorum
3249 4482 3373 4523 reos
3398 4467 3596 4537 depre-

2008 4567 2327 4623 hendemus.
2367 4565 2497 4633 Quis
2537 4564 2681 4619 enim
2724 4563 2792 4617 ab
2832 4561 3055 4616 avaritia
3103 4559 3333 4615 mundus
3367 4559 3493 4615 est?
3520 4560 3597 4617 Ne

2008 4658 2137 4713 mihi
2167 4657 2306 4710 enim
2332 4657 2551 4718 dixeris,
2586 4664 2636 4708 te
2667 4651 3012 4707 mediocriter
3035 4664 3254 4705 avarum
3281 4664 3402 4706 esse
3426 4667 3439 4703 :
3468 4664 3593 4705 nam

2007 4763 2104 4819 pro
2129 4746 2340 4801 modico
2369 4745 2527 4800 etiam
2557 4757 2741 4813 poenas
2766 4742 3035 4799 dabimus.
3061 4740 3187 4796 Haec
3206 4743 3400 4812 cogita,
3423 4750 3479 4797 et
3497 4757 3596 4812 age

2004 4838 2392 4911 paenitentiam.
2417 4835 2547 4905 Quis
2572 4850 2677 4891 non
2700 4850 2824 4889 reus
2845 4833 3002 4888 illatae
3024 4834 3359 4889 contumeliae
3375 4833 3398 4886 ?
3414 4841 3468 4887 et
3493 4832 3594 4887 hoc

2003 4933 2163 4987 etiam
2203 4932 2256 4986 in
2307 4931 2605 5001 gehennam
2656 4927 2895 4997 conjicit.
2944 4926 3074 4995 Quis
3117 4941 3223 4981 non
3280 4926 3486 4982 occulte
3522 4926 3592 4979 de

2005 5025 2246 5093 proximo
2274 5023 2413 5075 male
2461 5020 2631 5074 dixit?
2661 5028 2716 5073 et
2762 5018 2867 5073 hoe
2896 5018 3056 5073 etiam
3087 5031 3118 5071 a
3150 5031 3315 5087 regno
3356 5016 3518 5087 exigit
3547 5018 3587 5072 ².

2000 5117 2131 5181 Quis
2162 5114 2409 5183 superbia
2440 5128 2542 5164 non
2577 5111 2868 5164 intumuit?
2916 5109 3015 5164 Hic
3044 5123 3172 5163 vero
3214 5108 3451 5164 omnium
3488 5107 3583 5162 im-

2000 5206 2383 5264 mundissimus
2409 5214 2513 5261 est.
2540 5204 2670 5271 Quis
2701 5202 2982 5274 impudicis
3007 5202 3177 5257 oculis
3207 5216 3313 5256 non
3344 5200 3588 5272 aspexit?

1997 5302 2097 5358 Hic
2127 5316 2287 5371 porro
2318 5298 2563 5355 moechus
2590 5298 2811 5352 omnino
2839 5305 2942 5352 est.
2972 5294 3102 5363 Quis
3137 5308 3244 5348 non
3284 5292 3401 5347 sine
3425 5307 3586 5348 causa

1995 5395 2143 5452 l'ra1ri
2169 5409 2268 5451 suo
2295 5394 2459 5447 iratus
2485 5400 2569 5448 est
2591 5391 2614 5444 ?
2645 5391 2742 5446 llic
2767 5404 2898 5445 vero
2922 5402 3047 5443 reus
3069 5395 3151 5442 est
3174 5386 3423 5442 concilio.
3452 5385 3585 5453 Quis

1997 5504 2103 5541 non
2127 5486 2363 5554 juravit?
2394 5485 2506 5539 Hoc
2542 5491 2722 5537 autem
2767 5497 2798 5536 a
2838 5481 2980 5536 malo
3006 5489 3108 5534 est.
3132 5478 3261 5545 Quis
3290 5493 3396 5533 non
3429 5478 3583 5546 peje-

1995 5578 2175 5634 ravit?
2203 5578 2300 5632 llic
2329 5592 2488 5647 porro
2511 5575 2630 5643 plus
2658 5588 2817 5643 quam
2843 5587 2873 5625 a
2900 5572 3039 5625 malo
3059 5579 3160 5625 est.
3180 5569 3313 5636 Quis
3341 5583 3447 5623 non
3475 5583 3582 5622 ser-

1998 5673 2123 5726 vivit
2164 5668 2470 5725 mamonae?
2497 5666 2595 5721 Hie
2631 5680 2760 5721 vero
2792 5680 2821 5718 a
2847 5663 3054 5719 sincera
3085 5659 3281 5715 Christi
3323 5661 3581 5715 servitute

1994 5763 2211 5820 excidit.
2245 5762 2364 5816 Alia
2406 5760 2489 5814 bis
2533 5758 2735 5828 majora
2778 5753 3017 5826 proferre
3048 5765 3303 5823 possem:
3337 5749 3431 5805 sed
3460 5748 3578 5805 haec

2061 5878 2078 5909 ι
2113 5883 2241 5938 ﬂare,
2252 5882 2295 5927 et
2312 5874 2401 5926 hoc
2424 5873 2568 5926 etiam
2589 5884 2620 5922 a
2642 5882 2789 5935 regno
2807 5865 2976 5931 exigit,
2999 5867 3049 5917 in
3069 5865 3225 5916 tribus
3243 5868 3350 5914 Mss.
3372 5861 3580 5912 desunt.
