4074 6358
587 407 684 463 tta
1288 402 1345 458 s.
1389 399 1666 458 JOANNIS
1703 399 2181 456 cunvsosronn
2219 355 2538 456 ARCIIIEP.
2579 397 3121 456 coas'raamor.

586 496 719 554 satis
745 503 869 560 sunt
887 536 902 562 ,
929 504 984 552 et
1025 503 1244 567 possent
1281 494 1347 550 ad
1369 493 1835 564 compunctionem
1863 491 2126 548 deducere
2151 533 2168 558 ,

585 589 687 645 nisi
712 589 832 660 quis
859 586 1100 657 lapideus
1119 587 1229 650 sit,
1258 593 1314 639 et
1339 584 1482 638 omni
1527 598 1749 653 prorsus
1779 598 1940 640 sensu
1969 593 2170 638 careat.

583 677 642 737 Si
669 681 813 736 enim
839 694 1026 735 eorum
1052 678 1256 748 singula
1281 677 1333 730 in
1359 674 1657 746 gehennam
1684 673 2013 743 conjiciunt,
2045 673 2171 742 quid

589 785 696 826 non
723 772 916 826 facient
940 769 1116 826 omnia
1149 767 1308 822 simul
1333 765 1658 836 conjuncta?
1685 763 1966 830 Quomodo
1993 764 2169 832 igitur,

587 864 815 933 inquies,
843 861 1068 916 salutem
1097 859 1350 929 consequi
1378 857 1704 928 possumus?
1733 856 1788 912 Si
1815 856 2055 926 Opposita
2089 854 2171 909 his

587 953 822 1012 remedia
863 953 1212 1008 adhibeamus
1235 992 1252 1016 ,
1291 949 1688 1020 eleemosynam
1716 989 1729 1011 .
1759 962 1946 1018 preces
1970 989 1986 1013 ,
2015 961 2169 1002 com~

583 1047 925 1118 punctionem
951 1086 966 1108 ,
999 1043 1364 1114 ptenitentiam
1388 1082 1403 1106 ,
1435 1041 1787 1096 humilitatem
1809 1080 1822 1101 ,
1851 1053 1946 1093 cor
1970 1036 2172 1093 contri-

584 1149 719 1205 tmn,
750 1155 926 1206 rerum
951 1138 1288 1208 pnesentium
1311 1142 1694 1204 contemptum.
1715 1132 2008 1186 Sexcentas
2029 1129 2172 1184 enim

584 1234 773 1290 Salutis
802 1235 914 1287 vias
939 1233 1078 1286 Deus
1105 1230 1350 1299 aperuit,
1383 1231 1428 1282 si
1455 1225 1734 1281 attendere
1765 1225 2011 1279 velimus.
2043 1222 2176 1276 Ani-

3755 404 3874 460 432

2280 507 2425 547 mum
2455 491 2804 546 adhibeamus
2841 507 2970 562 ergo
2993 533 3008 558 ,
3040 501 3093 546 ct
3136 505 3228 560 per
3257 491 3373 548 hate
3396 493 3575 548 omnia
3618 509 3879 552 curemus

2279 585 2520 652 vulnera,
2547 585 2946 654 elcemosynam
2969 595 3271 654 erogautcs,
3303 586 3434 640 iram
3463 587 3513 641 in
3535 603 3630 643 eos
3655 590 3744 658 qui
3770 604 3882 646 nos

2277 677 2535 732 lzeserunt
2558 677 2932 746 reprimentes,
2965 691 3061 746 pro
3080 677 3330 732 omnibus
3355 678 3465 732 Deo
3487 680 3685 749 gratias
3708 696 3882 751 agen-

2279 777 2392 831 tes,
2427 783 2525 838 pro
2554 767 2756 822 viribus
2781 766 3104 837 jejunantes,
3133 767 3344 824 sincero
3373 770 3535 824 corde
3565 783 3880 840 precantes,

2277 859 2479 914 amicos
2517 858 2671 914 nobis
2721 857 2976 914 facientes
3003 875 3068 914 ex
3114 875 3364 916 mamona
3417 863 3728 932 iniquitatis.
3779 863 3884 920 Sic

2279 949 2422 1005 enim
2457 951 2747 1019 poterimus
2775 959 2830 1004 et
2856 950 3065 1006 veniam
3109 960 3453 1020 peccatorum
3481 994 3494 1016 .
3525 962 3581 1009 et
3609 955 3885 1022 promissa

2279 1041 2534 1110 consequi
2563 1040 2699 1094 bona
2728 1057 2742 1094 :
2775 1042 2926 1110 queis
2953 1041 3155 1097 utinam
3187 1058 3287 1097 nos
3316 1058 3506 1098 omnes
3548 1045 3838 1115 dignemur
3861 1084 3880 1110 ,

2278 1131 2446 1201 gratia
2477 1140 2531 1186 et
2556 1131 2883 1201 benignitate
2923 1135 3133 1189 Domini
3165 1137 3335 1190 nostri
3360 1137 3487 1191 Jcsu
3517 1138 3752 1205 Christi,
3782 1140 3882 1194 cui

2279 1223 2449 1294 gloria
2477 1233 2531 1278 et
2558 1225 2842 1296 imperiunm
2891 1225 2946 1280 in
2976 1227 3168 1282 smcula
3201 1229 3543 1284 saeculorum.
3568 1230 3760 1286 Amen.

594 1359 3882 1388 ———————————-————-———————-——-———-———————

1746 1433 2096 1495 HOMILIA
2141 1431 2340 1494 XLII.
2388 1434 2474 1496 al.
2524 1436 2750 1498 XLIII.

582 1589 711 1644 CAP.
741 1586 828 1642 η.
869 1601 921 1640 v.
952 1585 1042 1641 55.
1074 1583 1175 1638 Aut
1202 1582 1353 1653 facile
1379 1579 1609 1634 arborem
1637 1577 1818 1630 bonam
1839 1617 1854 1640 ,
1883 1584 1927 1628 et
1955 1579 2175 1644 fructum

652 1681 761 1750 ejus
787 1680 1009 1741 bonum;
1047 1685 1135 1728 aut
1165 1675 1316 1744 facile
1355 1671 1586 1725 arborem
1615 1668 1803 1722 malum
1826 1709 1839 1729 ,
1873 1677 1917 1719 et
1948 1670 2174 1736 fructum

651 1773 762 1842 ejus
790 1771 1014 1824 malum:
1039 1784 1102 1822 ex
1129 1770 1298 1838 fructu
1323 1766 1454 1822 enim
1483 1763 1633 1817 arbor
1656 1761 1992 1832 cognoscitur.

655 1865 706 1918 1.
735 1861 939 1916 Rursus
968 1859 1088 1913 illos
1114 1857 1317 1927 pudore
1345 1855 1512 1909 afficit
1533 1895 1548 1918 ,
1582 1867 1680 1908 nec
1708 1860 1832 1907 sunt
1875 1851 1948 1904 illi
1997 1849 2172 1918 priora

581 1958 891 2023 argumenta
923 1949 1074 2004 satis.
1106 1947 1218 2002 Iloc
1237 1955 1414 2000 autem
1443 1944 1608 2011 facit,
1639 1958 1743 1996 non
1785 1950 1842 1995 ut
1874 1955 1932 1995 se
1959 1955 1989 1994 a
2019 1941 2173 2009 culpa

583 2043 836 2100 defendat
861 2042 1014 2112 (satis
1036 2041 1179 2096 enim
1211 2047 1393 2094 essent
1419 2052 1537 2107 qua:
1557 2036 1670 2106 jam
1711 2033 1853 2089 dicta
1879 2030 2048 2104 sunt),
2078 2031 2174 2087 sed

582 2145 642 2190 ut
663 2136 781 2191 illos
806 2133 872 2188 ad
903 2132 1332 2188 emendationem
1359 2129 1605 2184 deducat.
1633 2127 1788 2194 Quod
1819 2135 1994 2180 autem
2021 2124 2172 2189 dicit,

583 2226 686 2282 hoc
719 2224 979 2296 significat
1010 2241 1024 2280 :
1055 2223 1225 2278 Nemo
1261 2231 1500 2276 vestrum
1530 2227 1747 2276 curatos
1788 2215 2172 2288 reprehendit,

581 2318 734 2391 quasi
759 2301 887 2374 vere
911 2318 1082 2372 curati
1110 2332 1215 2370 non
1244 2323 1445 2378 essent,
1472 2328 1645 2383 neque
1665 2311 1818 2375 dixit,
1843 2310 2036 2365 malam
2059 2323 2173 2364 rem

582 2428 705 2469 esse
739 2427 772 2466 a
811 2411 1057 2466 daemone
1108 2408 1357 2462 liberare.
1417 2403 1642 2460 Etiamsi
1692 2404 1836 2459 enim
1888 2400 2174 2456 admodum

584 2503 920 2574 impudentes
949 2509 1174 2564 essent,
1208 2499 1310 2552 hoc
1354 2496 1535 2553 dicere
1575 2510 1683 2550 non
1728 2501 1995 2564 poterant.
2041 2490 2173 2558 Quia

583 2611 713 2667 ergo
733 2608 896 2665 opera
923 2595 1035 2662 ipsa
1059 2592 1337 2646 traducere
1365 2604 1471 2644 non
1501 2587 1770 2653 valebant,
1799 2585 1893 2641 sed
1922 2584 2034 2639 haec
2055 2599 2175 2652 0pc-

590 2697 798 2744 rantem
847 2686 1307 2740 calumniabantur
1337 2683 1354 2715 ⁸
1380 2724 1397 2749 ,
1424 2682 1757 2737 demonstrat
1780 2679 2172 2734 accusationem

585 2788 779 2835 etcum
810 2776 1082 2832 communi
1115 2773 1414 2839 ratiocinio,
1433 2783 1624 2828 etcum
1651 2787 1830 2826 rerum
1850 2784 2176 2839 consequen-

586 2873 659 2929 tia
680 2870 1091 2944 pugnare.Quod
1115 2869 1342 2942 ingentis
1367 2867 1710 2940 impudentia:
1731 2875 1834 2934 est,
1856 2879 2048 2937 nempe
2067 2878 2171 2919 non

586 2965 748 3020 modo
775 2965 1003 3034 maligne
1030 2979 1206 3033 agere,
1242 2962 1336 3019 sed
1358 2963 1519 3017 etiam
1539 2962 1626 3016 illa
1651 2960 1980 3016 comminisci
2009 3000 2025 3025 ,
2055 2975 2175 3030 qua:

589 3064 775 3110 contra
796 3069 1134 3109 communem
1155 3054 1392 3106 omnium
1420 3063 1652 3105 mentem
1673 3058 1925 3121 pugnant.
1955 3049 2032 3105 Ac
2054 3049 2176 3105 vide

587 3163 744 3218 quam
757 3157 908 3202 extra
931 3145 1328 3202 Contentioncm
1347 3144 1416 3199 sit
1433 3143 1483 3198 id
1496 3142 1637 3214 quod
1653 3143 1871 3213 profert.
1888 3141 2004 3198 Non
2031 3143 2175 3198 enim

586 3240 717 3294 dicit
742 3255 756 3292 :
789 3238 971 3293 Facite
997 3238 1246 3292 arborem
1278 3236 1471 3290 bonam
1498 3277 1514 3300 ,
1543 3235 1791 3304 quoniam
1823 3234 2030 3290 fruetus
2057 3235 2178 3304 ejus

585 3332 758 3387 bonus
783 3339 905 3396 est;
951 3329 1044 3384 sed
1073 3333 1286 3400 egregie
1312 3328 1432 3383 illos
1458 3341 1714 3383 coercens
1733 3367 1749 3394 ,
1779 3335 1834 3383 et
1862 3337 2174 3382 mansuetu-

591 3425 772 3479 dinem
802 3437 952 3478 suam
981 3431 1034 3478 et
1054 3422 1438 3492 impudentiam
1459 3435 1648 3476 eorum
1671 3420 2045 3476 demonstrans
2067 3422 2175 3482 ait:

587 3519 642 3575 Si
680 3533 842 3590 opera
874 3519 1034 3573 vultis
1060 3516 1456 3587 reprehendere
1481 3557 1496 3582 ,
1531 3531 1637 3571 non
1670 3514 1968 3586 prohibeo:
2002 3515 2176 3570 solum

589 3628 658 3668 ne
686 3612 754 3667 de
782 3612 848 3668 iis
877 3626 993 3680 qua:
1023 3625 1124 3665 nec
1161 3609 1459 3664 consistere
1480 3651 1495 3674 ,
1523 3623 1624 3664 nec
1652 3616 2047 3678 consequenter
2071 3607 2177 3663 dici

592 3711 851 3776 possunt,
885 3718 971 3758 me
1002 3703 1286 3756 accusetis.
1320 3701 1408 3755 Sic
1450 3701 1594 3756 enim
1620 3700 1817 3754 clarius
1847 3698 2179 3771 deprehendi

591 3803 839 3865 poterant
862 3801 1044 3848 contra
1067 3807 1155 3846 res
1171 3791 1630 3847 manifestissimas
1651 3790 1988 3862 impudenter
2010 3790 2176 3859 loqui.

594 3891 776 3958 Itaque
807 3886 1003 3941 frustra
1035 3883 1417 3954 maliguatuiui,
1446 3883 1636 3952 inquit,
1666 3897 1766 3936 nec
1795 3881 2178 3950 consequentia

591 3979 888 4050 loquimini.
917 3977 1048 4032 Nam
1081 3976 1334 4030 arborum
1364 3973 1659 4029 differentia
1690 3989 1752 4030 ex
1785 3973 1959 4028 fructu
1991 3971 2181 4043 digno-

588 4075 774 4138 scitur,
816 4085 921 4124 non
953 4077 1129 4124 autem
1158 4068 1361 4123 fructus
1387 4067 1454 4121 ab
1479 4068 1672 4122 arbore
1703 4084 1716 4120 :
1749 4081 1845 4121 vos
1873 4082 2003 4121 vero
2031 4080 2180 4121 con-

594 4163 815 4218 trarium
840 4160 1033 4215 facitis.
1063 4159 1285 4215 Etiamsi
1313 4159 1454 4212 enim
1481 4158 1642 4212 arbor
1671 4157 1874 4212 fructus
1894 4159 1964 4212 sit
1991 4172 2174 4224 causa,

589 4265 825 4309 attamen
855 4253 1060 4308 fructus
1085 4251 1295 4306 arboris
1337 4250 1572 4320 speciem
1610 4248 1867 4304 declarat.
1891 4250 1960 4304 At
1983 4264 2178 4305 conse-

589 4362 760 4417 quens
786 4359 921 4413 erat,
955 4355 1011 4400 ut
1038 4347 1151 4414 ipsa
1197 4358 1364 4412 opera
1395 4351 1447 4397 et
1491 4357 1590 4397 nos
1630 4341 1788 4396 simul
1814 4341 2178 4412 reprehende-

589 4442 721 4496 retis
744 4482 760 4508 ,
788 4440 870 4494 vel
903 4440 946 4493 si
971 4453 1131 4509 opera
1162 4436 1468 4501 laudaretis,
1503 4449 1599 4490 nos
1620 4443 1904 4504 operantes
1932 4449 1998 4490 ne
2025 4434 2179 4489 incu-

589 4534 802 4590 saretis.
817 4530 966 4586 Nunc
988 4546 1116 4586 vero
1133 4529 1460 4585 contrarium
1481 4527 1649 4581 facitis
1670 4544 1682 4579 :
1705 4541 1828 4580 nam
1850 4541 1970 4582 cum
1991 4541 2174 4597 opera,

590 4642 713 4693 qua:
742 4633 868 4680 sunt
894 4623 1128 4685 fructus,
1160 4620 1472 4677 calumniari
1503 4619 1778 4688 nequeatis
1801 4659 1816 4683 ,
1848 4618 2178 4673 contrarium

590 4725 776 4776 contra
793 4715 1041 4771 arborem
1068 4713 1218 4769 fertis
1237 4713 1522 4780 calculum,
1540 4711 1664 4766 dum
1683 4726 1770 4766 me
1789 4711 2176 4766 daemoniacum

590 4809 818 4874 vocatis,
847 4809 990 4880 quod
1010 4817 1264 4863 extrema:
1292 4816 1374 4862 est
1398 4806 1701 4861 dementiaa.
1723 4804 1854 4860 Nam
1872 4805 2012 4875 quod
2032 4806 2179 4875 prius

590 4903 837 4970 dicebat,
866 4901 967 4958 hoc
995 4901 1153 4956 etiam
1181 4915 1324 4956 nunc
1347 4900 1541 4954 asserit
1566 4940 1582 4964 ,
1613 4913 1719 4954 non
1749 4913 1904 4968 posse
1928 4898 2178 4972 arborem

591 5000 786 5054 bonam
829 4995 1033 5051 fructus
1070 4995 1238 5049 malos
1275 4992 1452 5048 facere
1477 5033 1493 5056 ,
1543 5008 1718 5063 neque
1764 4991 1958 5046 malam
2009 4992 2178 5048 bonos

591 5093 808 5164 (Matth.
840 5093 895 5146 7.
926 5089 1038 5159 l8).
1068 5089 1250 5158 Itaque
1275 5088 1642 5142 accusationes
1683 5101 1868 5142 eorum
1896 5086 2068 5156 palam
2095 5095 2181 5141 est

592 5185 724 5239 nihil
755 5195 1110 5252 consequens,
1145 5179 1278 5234 nihil
1307 5179 1598 5235 secundum
1621 5187 1867 5234 naturam
1895 5194 2072 5234 rerum
2090 5177 2180 5232 ha-

592 5276 739 5332 bere.
769 5273 968 5329 Deinde
1008 5272 1130 5343 quia
1155 5287 1262 5326 non
1297 5286 1392 5340 pro
1418 5286 1477 5326 se
1501 5313 1514 5335 ,
1545 5269 1638 5326 sed
1669 5285 1764 5339 pro
1784 5269 1984 5338 Spiritu
2016 5269 2176 5325 verba

593 5368 756 5432 facit,
789 5367 984 5422 acriter
1009 5365 1278 5421 invehitur
1305 5363 1523 5418 dicens:
1553 5364 1644 5419 54.
1671 5362 1948 5433 Progenies
1974 5361 2176 5432 vipera-

592 5477 727 5525 rum,
754 5458 1004 5528 quomodo
1036 5457 1238 5528 potestis
1265 5457 1395 5520 bona
1417 5454 1572 5526 loqui,
1600 5471 1714 5508 cum
1743 5456 1852 5509 sitis
1879 5455 2001 5508 mali
2022 5456 2046 5508 ?
2067 5454 2179 5511 Hoc

593 5567 724 5608 vero
749 5552 908 5606 simul
933 5559 989 5604 et
1008 5549 1311 5605 accusantis
1336 5557 1438 5611 est,
1471 5556 1525 5602 et
1551 5546 1812 5602 dictorum
1841 5547 2178 5602 demonstra-

593 5647 792 5700 tionem
822 5643 945 5700 inde
975 5643 1280 5714 praebentis.
1323 5642 1464 5697 Ecce
1507 5656 1736 5710 namque
1783 5655 1918 5707 vos,
1963 5640 2176 5710 inquit,

593 5751 716 5794 cum
742 5736 856 5798 sitis
883 5735 1106 5790 arbores
1134 5734 1322 5802 malae,
1355 5747 1461 5786 nun
1508 5732 1729 5803 potestis
1770 5732 1908 5787 ferre
1949 5730 2175 5787 fructum

657 5873 675 5904 ι
713 5877 838 5919 L‘utts
884 5869 1127 5920 diabolum
1148 5881 1249 5919 csse
1267 5866 1502 5918 dicebant.

2278 1571 2498 1627 bonum.
2533 1575 2647 1630 Non
2681 1579 2847 1633 miror
2872 1595 3022 1650 ergo,
3049 1582 3190 1652 quod
3221 1583 3340 1638 talia
3369 1583 3658 1654 loquamini
3683 1603 3698 1652 ;
3727 1588 3881 1644 male

2276 1665 2474 1736 quippe
2501 1667 2711 1724 educati
2732 1672 2882 1737 estis,
2903 1687 2932 1724 a
2955 1674 3110 1728 malis
3132 1676 3564 1746 progenitoribus
3580 1679 3700 1744 orti,
3723 1695 3881 1733 men-

2277 1764 2494 1827 temque
2522 1760 2717 1815 malam
2745 1761 2972 1819 habetis.
3001 1763 3070 1818 Et
3093 1765 3213 1821 vide
3242 1783 3399 1836 quam
3426 1779 3672 1824 accurate
3695 1809 3710 1834 ,
3738 1771 3878 1824 nul-

2279 1845 2384 1902 lam
2430 1849 2673 1919 praebens
2701 1852 2805 1907 illis
2832 1869 3017 1909 ansam
3048 1893 3065 1922 ,
3111 1857 3478 1914 accusationes
3519 1859 3872 1930 disposuerit.

2277 1939 2393 1995 Non
2429 1943 2571 1997 enim
2602 1943 2735 2000 dixit
2769 1963 2782 1999 :
2813 1946 3092 2014 Quomodo
3121 1949 3345 2017 potestis
3371 1951 3507 2006 bona
3540 1951 3716 2022 loqui,
3739 1967 3875 2009 cum

2277 2033 2397 2088 sitis
2437 2035 2702 2104 genimina
2734 2038 3079 2107 viperarum?
3115 2040 3217 2096 hoc
3259 2043 3402 2097 enim
3432 2043 3564 2098 nihil
3591 2045 3658 2100 ad
3699 2046 3872 2108 illud;

2278 2125 2393 2190 sed,
2427 2126 2693 2192 Quomodo
2721 2132 2926 2199 potestis
2953 2132 3082 2186 bona
3109 2133 3268 2204 loqui,
3297 2137 3422 2190 ntali
3444 2152 3559 2190 cum
3584 2139 3694 2193 sitis
3712 2139 3738 2192 .9
3763 2139 3878 2195 Ge-

2278 2219 2477 2273 nimina
2509 2231 2685 2276 autem
2718 2224 3021 2294 viperarum
3064 2227 3211 2296 ipsos
3235 2229 3467 2294 vocavit,
3496 2231 3617 2300 quia
3643 2229 3711 2287 de
3736 2247 3876 2302 pro-

2277 2313 2609 2383 genitoribus
2634 2315 3021 2386 gloriabantur.
3071 2319 3375 2377 Ostendcns
3399 2322 3561 2392 igitur
3599 2322 3730 2378 nihil
3763 2325 3874 2380 sibi

2279 2403 2404 2460 inde
2432 2406 2639 2461 lucrum
2679 2410 2960 2478 provenire
2983 2451 2999 2478 ,
3029 2425 3095 2466 ex
3127 2411 3358 2468 Abrahae
3398 2415 3714 2483 cognatione
3743 2415 3875 2471 illos

2279 2497 2468 2567 ejecit;
2491 2501 2858 2570 progenitores
2875 2512 3056 2559 autem
3081 2503 3321 2574 ejusdem
3353 2505 3544 2561 indolis
3573 2505 3663 2561 dat
3683 2507 3811 2573 illis,
3839 2523 3872 2563 a

2278 2590 2555 2647 nobilitate
2584 2594 2804 2662 pristina
2848 2595 3079 2652 nudatis.
3110 2595 3251 2650 Nam
3276 2615 3341 2652 ex
3364 2598 3676 2653 abundantia
3699 2602 3875 2656 cordis

2278 2698 2335 2736 os
2385 2682 2624 2752 loquitur.
2675 2684 2772 2740 llic
2817 2701 3028 2757 quoque
3073 2701 3283 2743 rursum
3334 2688 3666 2746 divinitatem
3711 2707 3875 2748 suam

2278 2784 2700 2841 commonstrat,
2728 2792 2845 2846 qua:
2866 2788 3072 2833 secreta
3098 2789 3420 2850 cognoscat;
3457 2781 3694 2852 sciatque
3723 2783 3875 2853 ipsos

2279 2880 2387 2922 non
2413 2867 2695 2925 verborum
2726 2879 2953 2937 tantum,
2983 2872 3078 2928 sed
3103 2873 3263 2929 etiam
3294 2873 3555 2930 malarum
3584 2876 3874 2946 cogitatio-

2280 2976 2408 3016 num
2451 2961 2717 3017 rationem
2765 2963 3066 3019 reddituros
3086 2980 3240 3030 esse;
3273 2966 3548 3037 Deumque
3588 2968 3734 3036 ipsas
3777 2984 3876 3023 cu-

2278 3066 2559 3122 gnoscere.
2581 3052 2719 3108 Dicit
2739 3069 2886 3119 vero,
2911 3069 3067 3124 posse
3085 3057 3246 3110 etiam
3265 3057 3506 3112 homines
3529 3057 3645 3113 haec
3671 3073 3871 3124 nosse;

2279 3143 2404 3214 quia
2435 3143 2552 3200 haec
2579 3154 2784 3200 natura:
2813 3149 3195 3218 consequentia
3220 3159 3324 3213 est,
3351 3159 3408 3203 ut
3433 3149 3479 3205 si
3515 3150 3656 3206 intus
3681 3152 3876 3221 nequi-

2280 3236 2353 3290 tia
2395 3235 2832 3306 superabundet,
2875 3253 2973 3309 per
3013 3241 3123 3294 oris
3162 3240 3321 3296 verba
3371 3240 3499 3298 foris
3545 3242 3872 3300 effundatur.

2282 3325 2468 3397 Itaque
2495 3342 2615 3382 cum
2657 3330 2892 3384 audieris
2917 3329 3192 3386 hominem
3234 3332 3376 3386 mala
3400 3333 3731 3404 loquentem,
3761 3353 3874 3393 non

2281 3419 2544 3490 mqualem
2571 3420 2743 3475 solum
2786 3422 2836 3476 ei
2882 3423 3172 3493 nequitiam
3207 3424 3263 3479 in
3303 3425 3420 3494 ipso
3467 3427 3646 3483 inesse
3674 3441 3829 3498 putes
3853 3471 3873 3497 ,

2281 3525 2439 3581 quam
2457 3512 2617 3568 verba
2631 3512 2912 3579 exhibent;
2931 3514 3025 3570 sed
3041 3515 3196 3586 longe
3217 3516 3473 3587 majorem
3493 3531 3614 3574 esse
3628 3520 3836 3588 conjire
3857 3539 3873 3576 :

2281 3602 2422 3671 quod
2453 3603 2596 3658 enim
2622 3613 2775 3658 extra
2807 3603 3094 3674 profertur,
3128 3606 3270 3662 intus
3299 3606 3653 3678 supereffluit.
3683 3611 3875 3666 \'idcu'

2282 3707 2441 3764 quam
2466 3694 2663 3749 acriter
2691 3694 2809 3749 illos
2838 3695 3114 3766 tetigerit?
3137 3696 3270 3752 Nam
3300 3698 3344 3752 si
3373 3699 3513 3754 dicta
3545 3714 3732 3755 eorum
3763 3710 3874 3756 tam

2284 3803 2447 3858 prava
2491 3799 2651 3856 sunt,
2682 3799 2738 3845 et
2775 3789 3067 3846 secundum
3111 3789 3311 3846 diaboli
3353 3801 3608 3856 mentem,
3635 3793 3785 3848 radix
3816 3803 3892 3850 et'

2285 3879 2423 3945 fons,
2441 3895 2559 3951 quae
2582 3882 2690 3936 sint
2713 3882 2906 3952 cOgita.
2927 3882 3040 3938 Hoc
3065 3895 3244 3938 autem
3267 3884 3344 3940 sic
3363 3884 3675 3956 contingere
3695 3887 3867 3948 solet;

2285 3971 2460 4042 lingua
2481 3986 2624 4042 saepe
2653 3972 2853 4043 pudore
2877 3973 3114 4042 detenta,
3148 3989 3252 4030 non
3285 3983 3484 4030 tantam
3513 3975 3671 4030 simul
3695 3979 3877 4046 nequi-

2287 4065 2411 4118 tiam
2445 4063 2707 4120 effundit:
2751 4080 2845 4121 cor
2888 4073 3105 4134 autem,
3149 4067 3234 4122 cui
3280 4068 3458 4122 nullus
3509 4068 3668 4124 homo
3721 4071 3877 4126 testis

2283 4159 2437 4214 adest
2459 4158 2639 4225 ,“sine
2687 4168 2832 4214 metu
2900 4173 3250 4230 quaacumque
3297 4160 3427 4214 velit
3467 4160 3604 4214 mala
3657 4160 3875 4231 gignit;

2286 4251 2455 4306 Deum
2483 4252 2679 4322 quippe
2713 4251 2844 4305 nihil
2886 4259 3061 4309 curat.
3089 4251 3350 4318 Quoniam
3389 4267 3517 4323 ergo
3545 4267 3608 4308 ea
3637 4269 3759 4324 qua:
3787 4255 3873 4308 di-

2284 4353 2497 4408 cuntur,
2522 4343 2573 4397 in
2600 4359 2823 4398 examen
2850 4343 3070 4399 veniunt
3096 4352 3150 4398 et
3175 4343 3424 4398 omnibus
3453 4353 3579 4398 sunt
3606 4346 3871 4416 exposita,

2284 4450 2380 4489 cor
2408 4445 2585 4491 autem
2614 4436 2743 4491 latet
2780 4445 2836 4491 et
2859 4435 3009 4507 quasi
3039 4434 3224 4490 umbra
3259 4434 3571 4490 obvolutum
3600 4445 3683 4491 est
3705 4478 3720 4504 ,
3754 4437 3876 4492 ideo

2286 4527 2494 4581 minora
2533 4535 2661 4582 sunt
2703 4542 2822 4598 quae
2865 4542 2934 4582 ex
2974 4527 3153 4600 lingua
3194 4527 3643 4598 proficiscuntur,
3674 4543 3792 4598 qua:
3821 4529 3873 4583 iu

2285 4618 2450 4675 corde
2475 4618 2642 4676 latent
2685 4619 2909 4690 majora.
2940 4615 3073 4674 Cum
3119 4628 3300 4675 autem
3334 4620 3521 4689 ingens
3548 4620 3701 4690 ecpia
3731 4621 3875 4676 intus

2284 4721 2369 4768 est
2390 4754 2406 4780 ,
2435 4723 2546 4766 tum
2575 4728 2768 4782 magno
2798 4715 2998 4784 impetu
3046 4713 3310 4784 prodeunt
3349 4715 3438 4768 illa
3469 4729 3588 4784 qua:
3617 4715 3873 4770 hactenus

2284 4806 2492 4860 occulta
2515 4813 2686 4861 erant.
2718 4805 2796 4860 Ac
2819 4805 2957 4860 sicut
2981 4804 3017 4859 ii
3043 4805 3133 4876 qui
3160 4814 3414 4871 vomunt,
3447 4806 3598 4861 initio
3629 4805 3872 4861 videntur

2284 4898 2593 4955 exsilientes
2632 4897 2884 4953 humores
2922 4898 2976 4952 vi
3025 4897 3259 4953 retinere
3303 4897 3485 4962 velle;
3528 4913 3650 4951 cum
3695 4905 3870 4951 autem

2284 4992 2365 5047 vis
2388 4992 2476 5046 illa
2505 4991 2704 5056 deﬁcit,
2723 4999 2851 5046 tunc
2876 4989 3018 5046 finde
3042 4991 3329 5046 admodum
3357 4989 3653 5060 prodeunt:
3686 4989 3762 5044 sic
3783 4989 3871 5058 qui

2284 5073 2464 5154 pravis
2486 5083 2725 5138 consiliis
2753 5083 2894 5153 pleni
2923 5091 3086 5151 sunt,
3118 5083 3418 5153 proximum
3445 5083 3741 5137 maledictis
3769 5083 3872 5136 itu-

2285 5186 2494 5246 petunt.
2527 5177 2614 5232 35.
2645 5175 2820 5230 Bonus
2851 5176 3022 5240 homo,
3051 5175 3242 5246 inquit,
3269 5175 3478 5230 επὸοηο
3507 5184 3742 5229 thesauro
3759 5191 3871 5228 cor-

2287 5270 2368 5324 dis
2390 5270 2470 5324 sui
2499 5269 2694 5341 profert
2723 5270 2890 5324 bona:
2918 5278 2966 5323 et
3004 5267 3170 5322 malus
3209 5268 3360 5323 homo
3389 5285 3453 5323 ea:
3475 5269 3608 5323 malo
3635 5269 3869 5322 thesauro

2287 5363 2458 5417 cordis
2485 5363 2565 5416 sui
2591 5363 2784 5432 profert
2811 5363 2966 5416 mala.

2355 5477 2414 5534 2.
2442 5477 2520 5534 Ne
2549 5489 2722 5550 putes,
2750 5477 2940 5548 inquit,
2977 5475 3029 5531 id
3059 5475 3111 5530 in
3145 5473 3297 5530 malis
3324 5482 3526 5529 tantum
3549 5472 3796 5535 evenire;
3818 5472 3870 5528 in

2287 5571 2442 5628 bonis
2482 5571 2679 5642 quippe
2722 5569 2952 5640 idipsum
3003 5567 3234 5624 accidit:
3285 5567 3485 5622 etenim
3514 5564 3688 5634 major
3725 5566 3869 5619 intus

2287 5665 2456 5721 virtus
2481 5673 2583 5728 est,
2613 5678 2770 5734 quam
2796 5662 2956 5717 verba
2979 5660 3284 5716 exhibeant.
3304 5658 3457 5714 Unde
3477 5657 3739 5728 arguitur.
3761 5658 3874 5712 illos

2286 5758 2496 5831 pejores
2507 5757 2666 5815 etiam
2678 5755 3020 5822 fuisse,quam
3033 5752 3191 5808 verba
3207 5760 3584 5807 monstrarent.
3600 5748 3876 5818 ipsumque

2288 5853 2584 5922 meliorem,
2606 5865 2764 5924 quam
2779 5865 2844 5909 ex
2871 5849 3026 5905 dictis
3051 5847 3166 5920 ejus
3192 5853 3520 5920 argueretur.
3545 5841 3871 5898 Thesaurum
