4074 6358
291 397 399 455 -155

290 528 471 571 autem
512 523 809 578 memorat,
844 525 1087 583 magnam
1135 513 1343 582 eopiam
1392 513 1653 567 indicans.
1679 512 1883 567 Deinde

289 624 480 663 rursus
508 622 758 675 magnum
788 606 987 660 excitat
1018 604 1285 658 timorem.
1317 602 1393 659 Ne
1426 605 1639 672 putetis,
1676 605 1841 673 inquit
1862 645 1879 668 ,

290 716 399 753 non
429 699 567 754 ultra
598 698 835 767 procedi,
868 697 1025 765 inque
1054 695 1176 749 facti
1207 694 1655 749 condcmnatione
1684 695 1880 749 sisten-

287 791 418 845 dum
466 806 585 845 esse
630 791 938 859 negotium:
989 804 1109 842 nam
1157 798 1425 843 extremas
1461 788 1663 843 dabunt
1696 802 1881 859 ptenas

287 892 552 951 quotquot
599 882 721 935 talia
768 881 1149 950 perpetrarint.
1178 880 1361 948 Neque
1388 879 1557 943 dixit,
1590 880 1735 944 Vos;
1768 890 1878 934 tum

288 986 347 1029 ut
376 990 563 1029 omnes
591 974 845 1040 erudiret,
868 982 976 1027 tum
1000 990 1067 1029 ne
1093 974 1372 1028 onerosior
1396 988 1573 1027 sermo
1595 984 1756 1028 esset.
1787 973 1875 1028 56.

288 1067 419 1121 Dico
448 1076 614 1121 autent
634 1067 789 1132 vobis,
810 1067 1046 1136 quoniam
1067 1082 1212 1119 onme
1236 1066 1440 1119 verbum
1466 1067 1700 1129 otiosum,
1727 1066 1881 1136 quod-

287 1176 503 1230 cumque
554 1161 819 1229 loquentur
847 1159 1071 1213 homines
1089 1200 1104 1225 ,
1134 1159 1321 1212 dabunt
1343 1160 1405 1213 de
1439 1160 1527 1213 illo
1556 1161 1801 1213 rationem
1826 1161 1879 1214 in

286 1252 371 1304 die
396 1252 605 1321 judicii.
646 1251 884 1305 Otiosum
926 1261 1122 1316 autem,
1149 1251 1288 1320 quod
1318 1252 1391 1305 rei
1433 1268 1539 1305 non
1584 1252 1831 1306 convenit
1856 1293 1871 1313 ,

287 1343 543 1409 mendax,
574 1343 974 1411 sycophantiam
998 1344 1317 1408 continens;
1349 1344 1454 1397 imo
1485 1344 1662 1408 inane,
1690 1344 1877 1412 utqui-

285 1437 410 1489 dam
440 1436 644 1500 dicunt,
672 1436 811 1505 quod
842 1435 1112 1505 profusum
1145 1437 1307 1489 risum
1333 1447 1563 1501 moveat,
1590 1436 1671 1491 vel
1701 1446 1872 1504 turpe,

286 1528 592 1597 impudens,
619 1528 897 1582 illiberale.
932 1529 1019 1583 5'7.
1054 1527 1136 1580 Ex
1160 1529 1321 1581 verbis
1349 1529 1479 1581 enim
1508 1530 1604 1582 luis
1618 1529 1877 1597 justi/ica-

284 1623 441 1688 beris,
467 1632 513 1675 ct
539 1639 601 1675 ex
628 1622 785 1675 verbis
810 1622 906 1675 tuis
926 1622 1354 1692 condemnaberis.
1388 1621 1571 1675 Viden’
1600 1638 1703 1675 non
1752 1636 1873 1675 mo-

287 1716 479 1770 lestum
507 1715 786 1784 judicium,
818 1716 1066 1784 levesque
1099 1716 1321 1783 pmnas?
1349 1714 1530 1785 Neque
1551 1716 1691 1768 enim
1718 1731 1782 1769 ex
1811 1716 1874 1769 iis

284 1824 405 1876 qua:
440 1808 579 1861 alius
607 1808 672 1861 de
711 1816 761 1861 te
790 1807 923 1861 dixit
944 1848 960 1873 ,
992 1806 1087 1861 sed
1135 1822 1198 1860 ex
1232 1807 1295 1860 iis
1324 1823 1443 1877 quae
1484 1808 1596 1877 ipse
1625 1808 1873 1877 loquutus

283 1915 378 1964 es,
406 1899 573 1970 judex
603 1900 866 1953 calculum
896 1898 1062 1964 feret;
1095 1899 1233 1968 quod
1279 1900 1514 1953 omnium
1544 1901 1873 1969 estjustissi-

286 2008 455 2047 mum.
489 1992 569 2046 Tu
594 1992 736 2046 enim
763 2001 817 2046 et
843 1990 1053 2046 dicendi
1086 2001 1139 2046 et
1164 2007 1269 2046 non
1314 1992 1523 2047 dicendi
1554 2002 1871 2063 potestatem

284 2084 471 2140 habes.
495 2084 609 2139 Non
641 2085 799 2154 igitur
824 2100 919 2139 eos
945 2084 1033 2154 qui
1065 2083 1349 2139 calumniis
1394 2085 1721 2152 impetuntur
1748 2087 1870 2155 angi

282 2187 338 2231 et
369 2178 555 2231 timere
583 2192 676 2247 par
715 2185 799 2231 est
822 2218 837 2241 ,
867 2177 960 2230 sed
997 2191 1090 2231 eos
1116 2176 1207 2245 qui
1251 2176 1658 2230 calumniantur.
1689 2176 1872 2246 Neque

283 2271 426 2325 enim
459 2269 531 2323 illi
561 2278 821 2337 coguntur
844 2282 962 2323 sese
988 2283 1233 2337 purgare,
1255 2267 1395 2337 quod
1417 2267 1553 2322 male
1574 2266 1867 2333 audierint;

283 2362 378 2416 sed
411 2360 483 2424 hi,
515 2360 655 2430 quod
681 2360 818 2414 male
843 2359 1107 2414 dixerint:
1133 2360 1370 2430 ipsisque
1393 2376 1552 2414 omne
1579 2360 1867 2428 periculum

284 2451 547 2504 imminet.
575 2452 752 2516 Quare
779 2464 873 2504 eos
913 2451 1004 2519 qui
1038 2452 1175 2506 male
1214 2450 1483 2504 audierint
1524 2450 1653 2503 nihil
1683 2465 1870 2505 curare

281 2552 529 2606 oportet:
567 2557 737 2612 neque
769 2543 908 2595 enim
946 2558 1133 2613 pmnas
1179 2541 1381 2597 dabunt
1432 2557 1529 2612 pro
1573 2541 1869 2595 maledictis

280 2638 544 2700 aliorum;
575 2650 667 2689 eos
697 2644 871 2689 autem
900 2636 989 2704 qui
1017 2634 1393 2690 maledixerint
1420 2635 1609 2688 anxios
1634 2649 1753 2688 esse
1777 2649 1872 2703 par

281 2736 363 2779 est
392 2739 444 2780 et
478 2736 705 2780 tremere
724 2766 739 2789 ,
769 2735 949 2795 utpote
979 2727 1029 2779 in
1052 2726 1304 2795 judicium
1339 2727 1439 2780 hac
1471 2726 1538 2780 de
1568 2742 1625 2780 re
1654 2727 1871 2780 trahen-

281 2818 397 2872 dus.
430 2816 562 2871 Nam
589 2816 887 2871 diabolicus
911 2828 993 2871 est
1021 2818 1240 2888 laqueus
1267 2828 1541 2888 peccatum
1570 2819 1693 2873 illud
1723 2821 1865 2889 quod

281 2910 477 2963 nullam
509 2909 663 2963 habet
693 2909 1051 2979 voluptatem,
1084 2910 1176 2963 sed
1222 2909 1558 2964 solummodo
1592 2910 1866 2969 damnum.

281 3002 412 3055 Nam
447 3002 564 3055 talis
594 3002 753 3053 homo
778 3001 971 3053 malum
1002 3002 1053 3054 in
1085 3000 1263 3055 animo
1296 3001 1598 3057 thesaurum
1625 3002 1863 3073 deponit.

279 3094 334 3146 Si
374 3108 500 3145 vero
531 3093 577 3146 is
616 3091 703 3161 qui
732 3106 955 3162 pravum
988 3092 1148 3146 habet
1189 3091 1466 3146 Immorem
1493 3134 1507 3157 ,
1543 3094 1593 3146 in
1621 3095 1864 3148 morbum

278 3186 392 3256 ipse
425 3185 607 3239 incidit
633 3227 646 3247 ,
678 3185 844 3237 multo
873 3185 1041 3255 magis
1072 3185 1160 3239 ille
1187 3187 1275 3254 qui
1308 3185 1410 3238 hile
1437 3185 1695 3240 acriorem
1727 3186 1778 3239 in
1806 3201 1867 3242 se

277 3279 565 3348 nequitiam
595 3278 934 3341 thesaurizat,
967 3288 1203 3331 extrema
1226 3277 1475 3347 patietur,
1494 3278 1616 3348 quia
1645 3292 1864 3347 gravem

276 3370 376 3424 sibi
428 3370 672 3424 morbum
719 3370 940 3439 paravit.
986 3369 1145 3438 quue
1193 3369 1530 3423 manifestum
1571 3378 1652 3421 est
1694 3384 1757 3422 ex
1799 3369 1863 3423 iis

278 3478 398 3531 quae
430 3464 542 3531 ipse
568 3471 796 3517 eructat.
836 3462 966 3515 Nam
997 3462 1041 3515 si
1081 3462 1215 3516 alios
1264 3472 1409 3517 tanto
1451 3462 1635 3517 dolore
1664 3463 1858 3529 afficit,

273 3556 442 3607 nmlto
470 3555 634 3625 magis
662 3556 891 3609 animam
924 3571 1073 3610 suam
1107 3556 1194 3609 illa
1226 3557 1541 3623 parientem.
1588 3558 1685 3623 Qui
1716 3557 1861 3611 enim

274 3646 493 3700 insidias
519 3656 687 3718 parat,
722 3649 953 3717 seipsum
978 3648 1206 3717 primum
1228 3648 1451 3701 occidit:
1491 3647 1752 3716 siquidem
1771 3648 1861 3717 qui

273 3739 448 3810 ignem
551 3744 746 3809 calcat,
818 3741 1050 3811 seipsum
1084 3739 1346 3794 comburit
1375 3757 1388 3805 ;
1418 3740 1576 3810 etqui
1608 3740 1861 3795 adaman-

274 3839 380 3883 tem
412 3830 654 3898 percutit,
683 3831 780 3883 sibi
811 3830 907 3899 ipsi
940 3840 1313 3886 nocumentum
1338 3832 1510 3899 parit;
1539 3846 1599 3885 ac
1624 3832 1709 3900 qui
1734 3846 1861 3885 con-

274 3931 353 3975 tra
384 3922 654 3975 stimulum
686 3920 947 3987 calcitrat,
978 3921 1212 3991 seipsum
1239 3929 1500 3975 cruentat.

341 4011 599 4084 lnjuriam
637 4012 897 4083 inferentis
939 4014 1096 4066 multo
1139 4014 1281 4084 pejor
1320 4024 1391 4066 est
1430 4014 1652 4067 conditio
1694 4031 1848 4083 quam

272 4105 526 4172 patientis.
551 4134 625 4142 —
645 4104 854 4158 Etenim
884 4104 970 4174 qui
1006 4105 1163 4158 laesus
1194 4105 1400 4159 fortiter
1440 4105 1685 4176 injuriam
1718 4107 1857 4163 ferre

272 4196 440 4257 novit,
470 4195 514 4247 is
540 4204 622 4249 est
647 4195 887 4261 adamas,
931 4196 1178 4249 stimulus
1207 4207 1261 4250 et
1292 4197 1426 4266 ignis
1460 4215 1472 4250 :
1502 4200 1590 4267 qui
1622 4213 1749 4252 vero
1776 4200 1857 4252 in-

264 4290 458 4357 juriam
489 4288 629 4342 ferre
658 4288 963 4350 meditatur,
987 4288 1098 4342 luto
1121 4289 1438 4344 imbecillior
1465 4298 1565 4345 est.
1589 4290 1705 4345 Non
1728 4306 1856 4361 ergo

267 4381 461 4447 injuria
490 4380 631 4433 affici
676 4380 875 4434 malum
918 4391 1021 4445 est,
1064 4383 1158 4436 sed
1207 4382 1454 4451 injuriam
1488 4383 1703 4447 inferre,
1756 4400 1855 4437 nec

268 4488 428 4543 posse
484 4471 731 4542 injuriam
788 4471 949 4526 ferre.
994 4473 1263 4538 Quantum
1314 4474 1474 4528 laesus
1516 4485 1600 4529 est
1650 4475 1855 4528 David?

264 4565 531 4632 Quantum
572 4564 709 4618 Izesit
753 4563 920 4619 Sauli
966 4564 1096 4632 Quis
1141 4580 1270 4635 ergo
1314 4565 1501 4620 fortior
1545 4566 1855 4636 beatiorque

266 4659 405 4712 fuit?
435 4659 553 4727 quis
599 4659 882 4713 miserior?
910 4657 1098 4713 Nonne
1139 4660 1181 4713 is
1226 4661 1313 4729 qui
1345 4661 1519 4714 hesit?
1558 4660 1690 4715 Rem
1727 4677 1853 4715 vero

266 4750 557 4819 perpende.
593 4750 869 4805 Pollicitus
916 4760 998 4804 est
1038 4750 1165 4805 Safil
1214 4752 1258 4805 si
1302 4750 1469 4804 David
1499 4751 1851 4823 alienigenam

262 4845 520 4910 vinceret,
562 4859 621 4901 se
651 4846 821 4913 ipsum
855 4844 907 4898 in
946 4860 1201 4915 generum
1242 4856 1658 4913 assumpturum,
1698 4862 1759 4900 ac
1786 4846 1851 4900 fl-

262 4938 390 4992 liam
432 4955 587 4993 suam
643 4938 718 4992 illi
776 4937 1129 4993 libentissime
1174 4937 1423 4992 daturum
1481 4939 1574 5009 (I.
1610 4940 1844 5010 Reg.I7.

261 5041 310 5085 et
337 5030 450 5102 18).
485 5030 852 5099 Alienigenam
884 5031 973 5083 ille
1000 5029 1195 5085 occidit
1228 5047 1242 5083 :
1266 5031 1390 5085 Saul
1410 5046 1536 5084 vero
1561 5042 1711 5099 pacta
1732 5032 1849 5084 vio-

261 5126 429 5182 lavit:
456 5140 555 5179 nec
576 5123 737 5179 modo
760 5138 867 5177 non
895 5123 1042 5177 dedit
1072 5122 1234 5177 tiliam
1255 5121 1353 5195 (a),
1377 5122 1471 5177 sed
1504 5138 1689 5178 necem
1716 5138 1849 5193 quo-

256 5233 364 5287 que
407 5217 506 5288 ipsi
550 5216 974 5271 maehiuabatur.
1018 5214 1148 5282 Quis
1192 5230 1320 5283 ergo
1348 5214 1675 5283 splendidior
1715 5215 1849 5269 fuit?

256 5311 453 5365 Annon
482 5308 571 5363 ille
598 5322 830 5364 maerore
857 5306 1019 5360 animi
1063 5314 1117 5361 et
1142 5320 1308 5375 pravo
1333 5304 1577 5360 daemone
1620 5305 1848 5361 suffoca-

258 5400 438 5467 batur,
484 5400 571 5455 hic
606 5415 737 5455 vero
768 5399 983 5469 tropaais
1026 5406 1081 5452 et
1107 5398 1275 5468 gratia
1320 5397 1495 5453 divina
1527 5398 1645 5469 plus
1687 5414 1847 5469 quam

322 5642 395 5703 (α)
430 5644 567 5704 Atqui
585 5642 723 5691 dedit
741 5638 907 5690 Michol
930 5640 1073 5704 filiam
1093 5653 1229 5704 suam
1252 5642 1300 5690 in
1320 5642 1598 5703 conjugem.
1618 5639 1709 5689 sed
1728 5646 1847 5704 puto

257 5702 654 5767 Ciirysostiimum‘
670 5704 747 5753 hic
766 5703 1101 5767 pronuntiata
1121 5703 1307 5767 habere
1342 5702 1600 5767 e_ain,'gute
1620 5702 1849 5767 simulate

260 5762 447 5814 tantum
486 5765 597 5815 data
633 5763 741 5824 fuit,
768 5762 833 5815 ἰιι
861 5764 953 5813 hoc
987 5762 1193 5814 allectus
1220 5764 1460 5814 beneficio
1480 5762 1636 5813 David
1661 5764 1847 5818 facilius

257 5829 778 5885 obtruncaretur.—\’
789 5832 871 5883 ide
894 5833 1067 5884 Adnot.
1095 5833 1254 5884 1"ield.
1280 5834 1340 5883 ad
1360 5846 1475 5897 pag.
1506 5831 1615 5880 454.

1255 391 1318 451 IN
1358 390 1764 454 MATTHAEUM
1806 398 2036 455 IIOMIL.
2081 400 2239 457 XLII.
2279 403 2351 458 al.
2397 402 2577 461 XLIII.

3476 413 3575 469 451

1990 515 2073 570 sol
2091 516 2408 585 splendebat
2424 520 2448 573 ?
2467 519 2673 575 Rursus
2693 520 2834 575 circa
2857 520 3137 579 mulierum
3156 522 3376 579 chorum
3401 540 3579 583 nonne

1988 605 2079 660 ille
2120 608 2316 663 invidia
2346 609 2752 678 prmfocabatur,
2799 611 2887 665 hic
2930 613 3143 667 silentio
3170 614 3348 670 ferens
3374 620 3573 683 omnia,

1984 711 2174 753 omnes
2203 701 2439 765 attraxit,
2471 702 2681 772 sibique
2699 704 3013 769 conjunxit?
3041 704 3174 758 Cum
3201 717 3378 762 autem
3414 709 3575 764 David

1986 788 2135 843 illum
2165 806 2272 859 pne
2301 792 2545 848 manibus
2571 794 2773 857 habuit,
2792 795 2997 865 ipsique
3022 800 3282 865 pepercit,
3310 801 3427 869 quis
3456 819 3575 855 rur-

1986 894 2103 934 smn
2133 882 2317 936 beatus
2345 895 2481 947 erat,
2523 887 2643 954 quis
2673 885 2873 939 miser?
2900 888 3020 956 quis
3062 889 3418 944 imbecillior?
3456 894 3574 962 quis

1987 970 2208 1026 fortior?
2222 972 2410 1029 Nonne
2429 976 2614 1039 David,
2634 978 2722 1045 qui
2739 978 2885 1031 illum
2910 994 3015 1033 non
3033 981 3175 1034 ultus
3192 991 3292 1044 est,
3309 984 3410 1037 etsi
3431 984 3573 1052 juste

1985 1066 2201 1133 posset?
2230 1066 2293 1119 Et
2317 1065 2437 1135 jure
2466 1067 2700 1137 quidem.
2726 1068 2854 1122 Nam
2879 1070 2968 1123 ille
2994 1081 3228 1126 armatos
3256 1074 3451 1129 milites
3481 1074 3575 1128 ha-

1986 1154 2165 1223 behat,
2214 1156 2298 1211 hic
2324 1159 2583 1227 justitiam
2635 1162 2901 1215 sexcentis
2929 1164 3254 1217 exercitibus
3299 1166 3572 1221 fortiorem

1983 1251 2372 1306 auxiliatricem
2402 1251 2606 1306 habuit.
2652 1253 2883 1323 Ideoque
2906 1254 3111 1309 insidiis
3139 1257 3333 1326 injuste
3363 1260 3575 1329 impeti-

1984 1347 2089 1404 tus,
2124 1358 2188 1394 ne
2208 1340 2349 1410 juste
2389 1342 2602 1412 quidem
2632 1343 2796 1397 voluit
2825 1343 3031 1399 hostem
3060 1347 3321 1402 occidere.
3359 1348 3573 1405 Sciebat

1981 1434 2123 1486 enim
2152 1449 2216 1489 ex
2252 1434 2316 1488 iis
2350 1451 2469 1505 quas
2498 1445 2622 1491 ante
2657 1436 2980 1502 acciderant,
3013 1454 3117 1492 non
3159 1456 3279 1493 eum
3311 1442 3397 1511 qui
3432 1442 3573 1497 male

1980 1522 2127 1589 facit,
2170 1524 2264 1579 sed
2292 1541 2411 1579 eum
2444 1529 2534 1596 qui
2576 1529 2713 1583 male
2745 1530 2962 1597 patitur,
3011 1531 3237 1585 evadere
3268 1532 3566 1587 fortiorem.

1979 1615 2132 1681 Quod
2160 1626 2216 1671 et
2262 1618 2313 1672 in
2357 1619 2672 1687 corporibus
2720 1630 2775 1673 et
2827 1621 2879 1673 in
2917 1620 3201 1674 arboribus
3239 1623 3423 1679 videre
3463 1636 3566 1679 est.

1979 1707 2117 1774 Quid
2141 1722 2268 1777 ergo
2292 1708 2494 1763 Jacob?
2520 1725 2695 1764 annon
2722 1712 2881 1766 Izesus
2910 1723 2991 1765 est
3018 1727 3049 1766 a
3078 1713 3312 1776 Labauo,
3339 1724 3392 1768 et
3430 1717 3570 1772 male

1979 1814 2168 1869 passus
2196 1802 2320 1857 est?
2353 1802 2483 1870 Quis
2510 1819 2639 1872 ergo
2678 1803 2908 1859 fortior?
2943 1821 3009 1859 an
3041 1807 3085 1860 is
3110 1807 3198 1876 qui
3226 1810 3368 1877 cepit
3397 1810 3566 1877 illum,

1978 1909 2078 1949 nec
2105 1910 2265 1950 ausus
2291 1906 2373 1949 est
2414 1906 2651 1966 tangere,
2683 1896 2776 1950 sed
2808 1898 2982 1951 timuit
3012 1914 3073 1952 ac
3104 1901 3337 1963 tremuit,
3370 1917 3436 1954 an
3481 1904 3568 1958 hic

1977 1984 2066 2054 qui
2092 1985 2207 2039 sine
2246 1987 2408 2040 armis
2434 2002 2496 2041 ae
2526 1987 2779 2041 militibus
2809 1990 2928 2057 plus
2957 1989 3033 2043 illi
3063 1990 3417 2047 formidabilis
3445 1992 3563 2062 fuit,

1975 2090 2133 2144 quam
2161 2091 2313 2146 reges
2345 2077 2489 2131 mille
2518 2076 2777 2132 fuissent?

2048 2169 2100 2223 5.
2144 2167 2482 2238 Confirmatur
2508 2172 2681 2224 eadem
2731 2172 2901 2227 thesis.
2936 2172 3070 2227 Vitia
3100 2178 3339 2246 proximi,
3373 2179 3567 2234 etiamsi

1973 2274 2111 2325 vera,
2139 2277 2238 2314 non
2266 2262 2553 2316 revelanda.
2584 2262 2810 2317 Examen
2841 2267 3179 2321 conscientiae.
3208 2299 3277 2308 —
3306 2268 3374 2324 Ut
3398 2271 3566 2339 majo-

1974 2368 2087 2407 rem
2136 2365 2314 2408 aulem
2368 2355 2629 2410 dictorum
2676 2357 3193 2415 demonstrationem
3235 2364 3388 2417 vobis
3429 2380 3566 2434 prae-

1976 2443 2148 2509 beam,
2191 2445 2271 2499 ad-
2297 2446 2469 2515 ipsum
2518 2449 2706 2502 iterum
2752 2450 2939 2517 David,
2970 2451 3063 2506 sed
3102 2455 3374 2509 contrario
3401 2457 3562 2511 modo

1974 2546 2288 2605 spectatum,
2321 2552 2625 2593 sermonem
2652 2551 3048 2597 convertamus.
3076 2544 3207 2597 Nam
3240 2547 3325 2600 hic
3353 2549 3442 2617 qui
3472 2549 3564 2603 la:-

1974 2641 2065 2681 sus
2108 2629 2402 2695 prievaluit,
2451 2644 2574 2683 cum
2617 2631 2751 2685 laesit
2792 2642 2997 2702 postea,
3037 2636 3357 2692 imbecillior
3397 2638 3565 2695 factus

1972 2728 2071 2773 est.
2103 2720 2327 2787 Quando
2357 2721 2517 2791 igitur
2544 2722 2726 2777 Uriam
2768 2724 2927 2791 laesit,
2961 2736 3197 2781 mutatus
3220 2740 3303 2784 est
3328 2732 3480 2796 ordo,
3512 2743 3565 2788 et

1973 2811 2309 2868 imbecillitas
2354 2816 2407 2868 in
2456 2815 2777 2881 laedentem,
2830 2820 2999 2873 virtus
3046 2834 3223 2876 autem
3275 2824 3325 2878 in
3378 2826 3562 2881 laesum

1972 2906 2217 2959 transivit
2265 2906 2340 2978 (2.
2367 2908 2496 2978 Reg.
2528 2910 2618 2979 11)
2650 2928 2662 2963 :
2692 2926 2815 2965 nam
2864 2923 3108 2967 morluus
3150 2915 3301 2970 Urias
3340 2917 3563 2975 Davidis

1969 2995 2187 3050 dounnn
2217 2998 2490 3067 expilavit.
2520 2998 2587 3053 Et
2625 2999 2711 3054 hic
2736 3001 2951 3069 quidem
2981 3018 3100 3057 cum
3140 3022 3231 3060 rex
3259 3016 3313 3061 et
3344 3008 3395 3062 in
3426 3011 3558 3065 vivis

1969 3095 2133 3152 esset,
2167 3088 2296 3143 nihil
2321 3092 2490 3159 potuit
2514 3107 2528 3155 ;
2565 3092 2653 3147 ille
2679 3107 2810 3147 vero
2830 3108 2950 3147 cum
2979 3095 3131 3150 miles
3157 3107 3316 3168 atque
3342 3100 3561 3157 interfe-

1969 3191 2086 3236 ctus
2112 3192 2276 3243 esset,
2306 3184 2450 3238 illius
2472 3186 2649 3239 omnia
2678 3188 2957 3242 subvertit.
2991 3188 3231 3245 Vultisne
3261 3200 3319 3246 ut
3344 3194 3560 3251 aliunde

1968 3287 2081 3325 rem
2114 3274 2260 3328 vobis
2279 3274 2560 3329 clariorem
2585 3276 2859 3331 efficiam?
2886 3278 3242 3348 Exploremus
3262 3297 3358 3338 eos
3382 3286 3471 3355 qui
3496 3303 3557 3341 se

1968 3364 2203 3434 legitime
2230 3366 2323 3419 ulti
2355 3378 2499 3420 sunt.
2530 3366 2663 3422 Nam
2699 3383 2812 3435 eos,
2842 3370 2930 3439 qui
2962 3371 3158 3439 injuste
3185 3373 3406 3440 laedunt,
3435 3391 3554 3431 om-

1967 3456 2113 3509 nium
2143 3470 2262 3511 esse
2293 3457 2600 3522 vilissimos,
2629 3459 2720 3528 qui
2751 3461 2985 3514 animam
3025 3476 3178 3516 suam
3207 3464 3419 3533 hedant,
3455 3484 3555 3523 ne-

1966 3548 2095 3601 mini
2136 3563 2241 3603 non
2273 3549 2444 3617 palam
2474 3559 2576 3604 est.
2614 3550 2807 3605 Verum
2846 3554 2963 3623 quis
2994 3569 3053 3609 se
3071 3555 3220 3623 juste
3269 3560 3407 3613 ultus
3446 3572 3550 3627 est,

1967 3639 2351 3710 innumeraque
2375 3641 2627 3695 excitavit
2652 3643 2815 3707 mala,
2838 3645 3123 3716 multisque
3154 3648 3386 3716 seipsum
3409 3650 3556 3703 cala-

1966 3733 2238 3787 mitatibus
2282 3733 2663 3804 doloribusque
2690 3735 2951 3791 involvit?
2984 3738 3197 3794 Davidis
3224 3740 3331 3795 dux
3348 3741 3548 3815 (Joab).

1966 3825 2062 3880 llic
2088 3825 2229 3880 enim
2258 3841 2422 3895 grave
2451 3826 2647 3881 bellum
2676 3830 2981 3897 concitavit,
3015 3844 3069 3886 et
3116 3834 3391 3889 innumera
3426 3852 3549 3905 pas-

1963 3932 2056 3973 sus
2081 3927 2165 3972 est
2192 3918 2349 3983 mala,
2382 3935 2606 3989 quorum
2634 3936 2704 3977 ne
2735 3938 2899 3977 unum
2927 3924 3140 3994 quidem
3168 3927 3474 3995 accidisset,
3506 3931 3549 3983 si

1964 4008 2080 4077 ipse
2107 4009 2350 4064 scivisset
2388 4009 2773 4080 philosophari.
2821 4012 3109 4083 Fugiamus
3150 4016 3327 4086 itaque
3358 4033 3548 4087 pecca-

1962 4109 2074 4155 tum
2112 4100 2243 4156 illud
2274 4120 2287 4154 :
2317 4118 2380 4157 ac
2407 4118 2506 4158 nec
2532 4104 2731 4169 verbis,
2759 4121 2857 4161 nec
2883 4106 3033 4163 factis
3073 4110 3318 4179 proximo
3357 4127 3550 4167 nocea-

1962 4208 2101 4249 mus.
2128 4192 2312 4264 Neque
2341 4196 2484 4250 enim
2511 4196 2665 4263 dixit,
2715 4197 2773 4253 Si
2814 4203 3153 4256 accusaveris
3181 4213 3235 4258 et
3254 4204 3341 4273 jus
3371 4204 3550 4262 dicere

1960 4286 2317 4355 compuleris;
2343 4288 2435 4343 sed
2468 4289 2807 4357 simpliciter,
2836 4290 2888 4345 Si
2920 4292 3057 4345 male
3084 4292 3304 4359 dixeris,
3339 4296 3548 4351 etiamsi

1961 4378 2210 4442 seorsim,
2255 4389 2524 4434 extremas
2549 4380 2702 4434 dabis
2734 4396 2941 4450 poenas.
2976 4383 3198 4438 Etiamsi
3240 4385 3289 4439 id
3319 4388 3459 4457 quod
3494 4399 3548 4445 tu

1959 4468 2092 4523 dicis
2113 4483 2296 4523 verum
2324 4472 2411 4535 sit,
2441 4471 2647 4526 etiamsi
2671 4487 2735 4526 ea
2763 4472 2831 4527 de
2852 4490 2913 4528 re
2943 4490 3229 4543 persuasus
3258 4479 3332 4533 sis
3356 4480 3394 4546 ',
3430 4498 3543 4551 pue-

1959 4575 2057 4614 nas
2084 4570 2259 4615 tamen
2287 4561 2457 4615 dabis.
2489 4562 2604 4617 Non
2633 4564 2774 4617 enim
2802 4580 2866 4619 ex
2898 4566 2963 4618 iis
3004 4583 3123 4635 qua:
3152 4568 3241 4623 ille
3269 4570 3413 4638 fecit,
3451 4574 3545 4627 sed

1958 4670 2024 4708 ex
2051 4655 2115 4708 iis
2136 4671 2255 4725 qua:
2286 4664 2339 4709 tu
2368 4654 2568 4721 dixisti,
2597 4658 2918 4712 sententiam
2950 4660 3089 4714 feret
3113 4661 3251 4716 Deus
3276 4679 3290 4717 :
3319 4663 3457 4717 Nam
3485 4684 3547 4720 ea:

1957 4747 2116 4799 verbis
2158 4748 2254 4800 tuis
2298 4748 2727 4814 condemnaberis,
2772 4749 2962 4820 inquit.
3004 4751 3121 4807 Non
3161 4754 3315 4810 audis
3361 4756 3546 4813 Phari-

1956 4850 2121 4891 saeum
2150 4853 2275 4893 vera
2299 4839 2573 4909 loquutmn
2600 4856 2740 4905 esse,
2775 4843 3129 4915 omnibusque
3154 4856 3300 4912 nota,
3331 4865 3431 4905 nec
3450 4865 3545 4905 oc-

1956 4930 2099 4984 culta
2136 4932 2442 4986 revelasse?
2483 4932 2590 4987 Sed
2638 4942 2819 4990 tamen
2849 4944 3121 4991 extremas
3146 4938 3294 4993 dedit
3335 4955 3542 5010 poenas.

1957 5018 2016 5075 Si
2043 5036 2169 5075 vero
2193 5020 2260 5075 de
2290 5021 2354 5077 iis
2377 5038 2495 5091 quae
2513 5025 2795 5094 perspicua
2818 5035 2947 5080 sunt
2974 5042 3079 5081 non
3110 5028 3234 5083 licet
3263 5044 3540 5099 accusare,

1956 5114 2123 5166 multo
2166 5114 2343 5169 minus
2386 5114 2455 5169 de
2498 5116 2714 5171 dubiis:
2746 5131 2866 5170 nam
2907 5118 3141 5187 judieem
3173 5120 3333 5175 habet
3371 5122 3417 5177 is
3454 5125 3544 5193 qui

1956 5204 2220 5273 peccavit.
2248 5204 2327 5261 Ne
2366 5206 2644 5276 praeripias
2673 5222 2802 5277 ergo
2832 5207 3099 5279 Unigeniti
3145 5214 3539 5269 auctoritatem.

1957 5295 2037 5350 Illi
2064 5297 2256 5350 solium
2282 5298 2467 5365 judicii
2498 5310 2827 5354 reservatum
2867 5312 2969 5354 eSt.
3011 5302 3115 5356 Sed
3160 5303 3239 5357 vis
3260 5305 3542 5373 judicare?

1953 5389 2051 5444 Est
2079 5389 2171 5443 tibi
2196 5389 2475 5459 judicium,
2504 5390 2730 5446 multum
2755 5402 3015 5463 quzestum
3046 5395 3309 5463 praabens,
3332 5408 3387 5451 et
3414 5400 3542 5455 nulli

1952 5479 2243 5535 obnoxium
2272 5482 2505 5537 crimini.
2535 5481 2590 5536 In
2636 5484 2960 5539 conscientia
2993 5494 3083 5540 tua
3126 5487 3389 5544 rationem
3429 5503 3540 5545 sta-

1954 5581 2044 5629 tue
2063 5574 2413 5646 judicantem,
2442 5577 2495 5631 in
2540 5578 2880 5648 mediumque
2905 5579 3079 5635 adduc
3108 5582 3289 5637 omnia
3318 5594 3534 5654 peccata

1955 5674 2063 5722 tua.
2108 5668 2316 5723 Animae
2362 5678 2464 5723 tua:
2494 5678 2711 5739 peccata
2756 5671 3029 5740 examina,
3080 5684 3266 5730 exacte
3306 5676 3539 5734 rationes

2015 5833 2033 5861 ι
2068 5829 2256 5893 atorel.,
2277 5830 2433 5883 Etiam
2452 5829 2496 5882 si
2517 5828 2606 5883 tibi
2624 5831 2804 5887 dicent:
2833 5846 2925 5886 non
2946 5834 3186 5889 creditum
3208 5834 3289 5889 sit.
