4074 6358
553 354 660 410 455

551 475 735 539 repete
757 474 814 524 et
831 465 917 522 dic
941 485 954 522 :
981 465 1087 526 Cur
1114 465 1214 522 hoc
1241 476 1297 521 et
1321 465 1423 521 hoc
1455 481 1614 522 ausus
1639 464 1732 521 es?
1762 464 1819 520 Si
1846 465 1962 520 haec
1981 479 2135 520 recu-

549 568 650 626 set,
685 568 742 616 et
768 559 995 614 aliorum
1019 557 1157 612 facta
1186 559 1446 628 exploret,
1476 558 1562 613 dic
1586 557 1660 612 illi
1692 576 1706 611 :
1731 556 1847 612 Non
1875 557 1942 612 de
1973 556 2054 610 his
2085 566 2135 611 te

550 652 750 720 iudico,
779 667 877 707 nec
904 651 973 707 de
1014 651 1098 706 his
1127 659 1234 706 tete
1261 667 1488 721 purgare
1514 651 1698 735 debes.
1728 649 1864 719 Quid
1893 653 2034 704 enim
2065 651 2132 705 ad

553 753 605 798 te
632 743 676 797 si
721 742 812 798 ille
849 743 1023 798 malus
1050 743 1166 798 est?
1195 742 1275 797 Tu
1303 758 1465 811 quare
1495 742 1599 798 hoc
1619 749 1672 795 et
1698 739 1827 795 illud
1856 743 2134 810 peccasti?

551 834 792 890 Defende
835 842 905 900 te,
956 851 1022 889 ne
1049 849 1309 890 accuses:
1339 850 1456 905 qua:
1485 835 1554 890 ad
1594 845 1644 891 te
1684 844 1928 905 spectant
1953 851 2127 900 cures,

549 940 654 979 non
694 925 890 980 aliena.
929 924 1188 996 Smpeque
1228 925 1372 980 illam
1417 926 1468 980 in
1515 925 1650 980 hanc
1679 927 2130 981 concertationem

549 1019 740 1074 deduc.
791 1019 1012 1085 Deinde,
1061 1019 1104 1073 si
1137 1019 1267 1073 nihil
1309 1018 1741 1089 respondendum
1787 1019 2000 1085 habeat,
2035 1019 2129 1074 sed

547 1109 934 1180 subterfugiat;
970 1110 1113 1165 illam
1144 1110 1370 1181 ﬂagellis
1403 1110 1572 1177 caede,
1603 1112 1742 1166 sicut
1765 1112 2011 1167 ancillam
2039 1127 2130 1168 su-

547 1203 764 1270 perbam
796 1212 851 1258 et
879 1206 1237 1268 meretricem,
1265 1202 1441 1258 ethoc
1462 1202 1969 1272 qnotidiejudicium
2001 1219 2130 1258 con-

545 1297 705 1350 stitue
741 1313 754 1350 :
785 1295 1030 1351 describe
1067 1294 1284 1350 ﬂuvium
1332 1295 1563 1365 igneum,
1608 1310 1845 1350 vermem
1891 1311 2125 1350 veneno-

543 1401 683 1449 sum,
714 1387 925 1457 aliaque
966 1395 1226 1440 tormenta
1266 1403 1278 1438 :
1313 1401 1413 1441 nec
1456 1386 1602 1439 sinas
1639 1400 1758 1441 eam
1785 1385 1978 1440 deinde
2003 1401 2122 1440 cum

542 1479 754 1535 diabolo
780 1480 946 1544 coire,
991 1493 1091 1534 nec
1120 1477 1260 1532 feras
1293 1477 1627 1547 impudenter
1665 1478 1744 1532 sic
1771 1478 2076 1548 loquentem
2108 1498 2122 1534 :

544 1571 638 1626 llic
676 1571 740 1624 ad
774 1585 860 1626 me
885 1570 1048 1633 venit,
1098 1570 1189 1625 ille
1220 1569 1442 1624 insidias
1471 1573 1647 1635 struit,
1677 1569 1764 1624 ille
1808 1585 1896 1625 me
1918 1578 2120 1635 tentat;

539 1663 634 1719 sed
657 1663 740 1718 die
763 1662 837 1716 illi
858 1680 870 1714 :
891 1661 944 1718 Si
969 1669 1023 1715 tu
1047 1661 1300 1724 nolueris,
1328 1662 1413 1714 illa
1439 1662 1620 1715 omnia
1647 1661 1912 1730 superﬂua
1940 1669 2118 1716 erunt.

539 1757 592 1810 Si
625 1771 834 1810 rursum
880 1755 1089 1819 dixerit,
1123 1755 1346 1825 Corpori
1377 1756 1620 1825 colligata
1660 1769 1798 1816 sum.
1831 1771 1994 1810 carne
2036 1755 2115 1809 in-

537 1847 684 1912 dnta,
723 1847 775 1900 in
803 1846 1000 1900 mundo
1028 1862 1168 1910 sum,
1216 1847 1267 1900 in
1313 1855 1450 1902 terra
1479 1861 1666 1902 versor
1697 1864 1709 1899 :
1739 1846 1826 1901 dic
1854 1847 1926 1900 illi
1951 1865 1963 1899 :
1996 1847 2118 1902 Haec

530 1937 713 1992 omnia
741 1937 991 1993 obtentus
1016 1946 1157 1992 sunt.
1190 1935 1324 1992 Nam
1353 1937 1440 1992 ille
1475 1952 1635 1992 carne
1662 1935 1998 2003 induebatur,
2031 1938 2119 1993 ille

538 2030 588 2083 in
637 2029 838 2084 mundo
875 2040 931 2083 et
968 2029 1019 2083 in
1049 2038 1188 2083 terra
1217 2043 1436 2083 versans
1464 2029 1722 2100 praeclare
1753 2029 1882 2083 vixit
1911 2047 1924 2082 :
1957 2040 2011 2084 et
2062 2041 2116 2084 tu

534 2137 764 2194 quoque,
793 2137 914 2176 cum
943 2130 1086 2177 recte
1112 2123 1248 2191 agis,
1277 2137 1436 2175 carne
1462 2136 1520 2176 es
1548 2120 1749 2176 induta.
1791 2120 1845 2177 Si
1877 2121 1990 2176 base
2019 2137 2112 2176 an-

532 2215 684 2269 diens
707 2225 953 2285 angatur,
983 2229 1050 2269 ne
1077 2213 1361 2268 subtrahas
1391 2228 1604 2267 manmn
1638 2231 1650 2266 :
1684 2228 1788 2267 non
1825 2215 1965 2268 enim
1997 2230 2114 2268 mo-

534 2305 720 2372 rietur,
743 2305 788 2360 si
816 2305 1163 2374 percusseris,
1187 2304 1296 2359 imo
1327 2304 1472 2359 illam
1498 2319 1528 2358 a
1556 2312 1726 2358 morte
1757 2304 2028 2359 liberabis.
2058 2305 2113 2360 Si

533 2411 746 2450 rursum
784 2395 998 2458 dixerit,
1042 2395 1134 2450 llle
1163 2411 1248 2450 me
1297 2396 1543 2460 irritavit,
1585 2395 1673 2450 dic
1703 2396 1775 2449 illi
1809 2395 1956 2451 :Sed
1995 2397 2116 2450 licet

532 2487 623 2541 tibi
651 2501 757 2540 non
787 2487 1020 2552 irritari;
1053 2501 1196 2556 srepe
1225 2486 1366 2541 enim
1398 2487 1528 2540 iram
1559 2487 1846 2554 superasti.
1877 2486 1932 2540 Si
1959 2486 2114 2541 dixe-

530 2581 618 2642 rit.
662 2579 808 2635 Illius
852 2579 1064 2635 femina:
1113 2581 1448 2651 pulchritudo
1493 2598 1579 2636 me
1616 2582 1982 2648 inﬂammavit,
2028 2584 2114 2638 dic

530 2673 600 2727 illi
631 2690 644 2726 :
675 2673 778 2729 Sed
806 2683 1020 2744 poteras
1050 2674 1152 2730 hoc
1180 2687 1454 2744 superare.
1484 2675 1629 2732 Aﬂ'er
1657 2675 1898 2747 exempla
1926 2693 2113 2732 eorum

530 2766 618 2835 qui
650 2764 702 2820 id
731 2775 1050 2835 superarunt
1070 2767 1110 2831 ί,
1138 2765 1271 2821 affer
1295 2767 1600 2837 exemplum
1629 2768 1815 2837 prima:
1849 2769 2116 2837 mulieris,

529 2873 647 2928 qua:
675 2858 830 2926 dixit,
879 2858 1099 2930 Serpens
1138 2860 1330 2929 decepit
1376 2877 1456 2914 me
1485 2860 1636 2931 (Gen.
1665 2861 1718 2916 5.
1750 2861 1864 2932 15),
1894 2877 1994 2918 nec
2035 2871 2113 2918 la~

529 2965 650 3006 men
679 2951 904 3006 crimine
931 2950 1094 3006 libera
1123 2951 1238 3006 fuit.

598 3045 652 3100 4.
683 3043 816 3100 Cum
848 3043 963 3099 bmc
991 3045 1236 3114 inquiris,
1261 3061 1420 3102 nemo
1439 3045 1599 3115 adsit,
1624 3063 1781 3103 nemo
1808 3048 2108 3118 perturbet,

526 3136 620 3191 sed
648 3135 1092 3206 quemadmodum
1131 3137 1336 3208 judices
1367 3153 1504 3208 pone
1531 3141 1704 3194 velum
1744 3141 1993 3195 sedentes
2025 3142 2109 3210 ju-

525 3227 706 3282 dicant
735 3224 830 3299 (a),
861 3228 937 3282 sic
959 3237 1014 3284 et
1044 3238 1096 3282 tu
1126 3244 1222 3298 pro
1246 3229 1362 3284 velo
1390 3238 1598 3300 tempus
1625 3241 1676 3285 et
1710 3231 1884 3285 locum
1916 3232 2109 3301 quietis

525 3335 723 3390 quaere.
751 3318 886 3375 Cum
913 3328 1034 3390 post
1059 3336 1265 3376 ctenam
1297 3323 1468 3392 surgis
1495 3364 1508 3386 ,
1537 3333 1589 3377 et
1619 3323 1813 3378 lectum
1848 3325 2108 3393 petiturus

524 3430 617 3479 es,
660 3413 764 3469 hoc
802 3413 1058 3483 judicium
1107 3413 1254 3470 ineas
1285 3432 1300 3468 :
1333 3415 1435 3469 huc
1466 3424 1675 3484 tempus
1714 3416 1958 3472 idoneum
1983 3426 2103 3472 est:

525 3507 673 3560 iocus
702 3519 830 3559 vero
869 3504 1038 3560 lectus
1062 3514 1145 3559 est
1172 3516 1227 3560 et
1252 3505 1534 3561 thalamus.
1577 3506 1706 3560 lllud
1751 3515 1805 3560 et
1847 3507 2105 3576 prepheta

523 3598 700 3666 iussit,
728 3597 911 3653 dicens
941 3615 954 3651 :
987 3597 1115 3665 Qua:
1140 3597 1306 3652 dicitis
1331 3598 1384 3652 in
1412 3597 1646 3651 cordibus
1675 3600 1868 3664 vestris,
1896 3599 1947 3652 in
1969 3600 2108 3652 cubi-

524 3689 653 3743 tibus
673 3690 844 3743 vestris
864 3689 1256 3758 compungimini
1273 3687 1442 3760 (Psal.
1457 3689 1510 3744 4.
1534 3689 1610 3759 5).
1633 3690 1922 3744 Parvarmn
1945 3692 2104 3745 etiam

522 3796 700 3836 rerum
725 3795 942 3851 magnas
972 3783 1204 3836 rationes
1229 3781 1402 3852 exige,
1431 3797 1498 3836 ne
1520 3797 1767 3851 umquam
1792 3782 1858 3836 ad
1886 3798 2105 3852 magnas

523 3886 608 3928 res
635 3871 878 3928 accedas.
901 3871 958 3928 Si
987 3871 1089 3926 hoc
1111 3872 1347 3943 quotidie
1379 3874 1589 3939 feceris,
1616 3888 1736 3928 cum
1778 3874 1968 3928 fiducia
1997 3884 2106 3930 sta-

523 3965 606 4020 bis
631 3975 758 4020 ante
778 3964 1010 4020 tribunal
1041 3965 1167 4020 illud
1199 3965 1454 4022 terribile.
1485 3964 1573 4022 Sic
1603 3967 1798 4022 Paulus
1831 3984 1991 4037 purus
2019 3967 2102 4023 ef-

523 4058 692 4114 fectus
714 4067 834 4125 est;
866 4059 988 4114 ideo
1013 4058 1224 4114 dicebat
1256 4078 1270 4114 :
1303 4059 1366 4114 Si
1384 4061 1712 4129 nosmetipsos
1727 4062 2098 4131 judicaremus,

521 4167 620 4204 non
649 4152 817 4222 utique
840 4151 1188 4220 iudicaremur
1217 4152 1236 4220 (
1261 4152 1312 4205 1.
1341 4151 1462 4207 Cor.
1498 4154 1584 4207 Η.
1637 4154 1696 4208 51
1715 4151 1759 4223 ).
1788 4152 1876 4208 Sic
1904 4153 2006 4207 Job
2038 4154 2102 4208 li-

522 4244 622 4298 lios
643 4258 769 4299 suos
799 4245 1052 4314 purgabat
1095 4243 1237 4312 (Job.
1271 4245 1321 4297 t.
1347 4242 1442 4316 5).
1472 4243 1604 4298 Nam
1633 4247 1723 4315 qui
1755 4260 1850 4314 pro
1879 4244 2103 4300 occultis

518 4336 776 4394 sacrilicia
804 4335 1080 4402 oﬂ‘erebat,
1111 4335 1278 4390 multo
1306 4337 1474 4405 magis
1503 4351 1600 4405 pro
1626 4335 1922 4391 manifestis
1941 4339 2105 4391 ratio-

520 4444 616 4484 nes
641 4429 943 4499 expetebat.
986 4432 1056 4484 At
1093 4445 1192 4486 nos
1217 4445 1323 4485 non
1366 4431 1436 4484 ita
1477 4429 1731 4497 facimus;
1759 4431 1851 4485 sed
1881 4431 2102 4485 omnino

518 4536 693 4577 secus.
722 4521 893 4576 Simul
913 4523 1056 4578 enim
1083 4533 1243 4592 atque
1270 4523 1658 4590 decumbimus,
1690 4524 1964 4578 saecularia
1987 4538 2104 4576 Olli-

521 4613 610 4668 nia
635 4613 687 4668 in
711 4621 892 4668 mente
914 4628 1190 4668 versamus
1214 4630 1228 4678 ;
1257 4621 1313 4668 et
1330 4612 1421 4667 alii
1447 4613 1660 4683 quidem
1689 4613 1923 4685 impurus
1949 4613 2099 4684 cogi-

581 4772 595 4802 ⁸
633 4777 760 4831 Hice,
783 4770 906 4834 alter
931 4769 1152 4834 exempla
1191 4781 1358 4821 eorum
1379 4769 1465 4832 qui
1493 4769 1546 4820 id
1590 4777 1896 4834 superarunt,
1921 4769 2101 4822 desunt

510 4829 564 4880 in
585 4829 874 4897 quibusdam
896 4839 1006 4897 Mss.

579 4893 654 4958 (is)
675 4895 883 4958 .tndices
902 4894 1020 4943 olim
1039 4906 1170 4954 pone
1187 4893 1353 4944 velum
1375 4893 1636 4958 sedebant.
1657 4893 1732 4942 sic
1749 4894 2032 4958 Athanasius
2044 4901 2096 4942 Τ.

516 4957 536 5005 1
580 4955 645 5020 ,μ’
662 4957 753 5006 297
779 4970 792 5006 :
814 4968 1011 5020 etiam
1029 4967 1183 5016 statim
1213 4967 1282 5018 πρὸ
1303 4972 1368 5007 τοῦ
1394 4967 1502 5018 mou
1518 4997 1530 5014 ,
1562 4955 1664 5018 ipse
1688 4969 1796 5020 vero
1817 4955 1968 5020 stabat
1990 4965 2100 5007 ante

515 5017 687 5078 telum,
709 5026 761 5068 et
785 5033 831 5081 p.
855 5017 960 5068 370’
974 5017 1067 5066 εἰσι
1088 5031 1135 5081 se
1154 5017 1253 5078 βτί-λέ
1269 5035 1331 5076 τῆς
1350 5030 1535 5077 ιιιλησῑας
1550 5057 1563 5077 ,
1583 5017 1751 5081 ’etveta
1770 5019 2007 5081 ecclesiw.
2043 5020 2099 5069 In

475 5131 496 5148 θ
515 5082 755 5133 Analectis
772 5078 951 5130 nostris
971 5093 1021 5143 p.
1039 5080 1134 5130 380
1157 5093 1170 5128 :
1197 5090 1350 5141 itaque;
1372 5097 1438 5130 τοῦ
1462 5093 1572 5142 μήλου
1586 5116 1598 5139 ,
1616 5079 1778 5141 judea:
1803 5078 1910 5130 veli.

1234 349 1288 406 S.
1327 348 1606 405 JOANNIS
1643 345 2117 406 CHRYSOSTOMI
2153 343 2474 405 ARCHlEP.
2516 353 3054 415 CONSTANTINOP.

3729 365 3834 419 656

2253 461 2479 520 taliones
2525 466 2870 526 introducunt
2901 490 2916 537 ;
2948 473 3038 527 alii
3079 471 3284 528 foenera
3309 513 3324 539 ,
3366 484 3515 544 pacta
3541 519 3555 542 ,
3597 487 3650 532 et
3679 494 3837 538 curas

2245 552 2435 611 ﬂuxas.
2466 558 2707 631 Cumque
2737 563 2898 618 tiliam
2929 565 3186 636 virginem
3212 565 3493 634 habemus,
3525 584 3642 623 eam
3675 586 3837 626 accu-

2243 655 2358 703 rate
2402 665 2716 710 servamus:
2749 659 2982 714 animam
3015 674 3142 716 vero
3165 701 3181 726 ,
3211 660 3364 715 nobis
3401 660 3505 715 filia
3543 665 3832 731 pretiosio-

2243 755 2378 808 rem,
2403 744 2626 802 sinimus
2653 747 2902 806 fornicari
2927 761 2982 806 et
3007 753 3194 822 pollui,
3218 753 3411 810 multas
3437 755 3510 808 illi
3543 757 3709 811 malas
3735 773 3831 812 co-

2239 832 2523 900 gitationes
2565 839 2913 898 imtnittentes
2945 862 2959 897 :
3001 859 3064 898 ac
3099 845 3212 899 sive
3247 847 3485 901 avaritiae
3514 863 3685 914 amor,
3713 851 3831 905 sive

2239 923 2573 993 deliciarum,
2596 931 2711 984 sive
2731 932 3085 989 formosorum
3108 950 3415 1004 corporum,
3439 937 3551 991 sive
3575 939 3687 1003 irae,
3713 940 3831 993 sive

2235 1014 2370 1069 alius
2389 1017 2561 1086 quivis
2581 1037 2730 1075 amor
2757 1023 2955 1079 intrare
2977 1025 3224 1090 voluerit,
3246 1026 3448 1095 apertis
3471 1027 3650 1096 jzmuis
3677 1029 3828 1084 illum

2235 1108 2532 1177 excipimus
2561 1120 2616 1166 et
2649 1113 2973 1170 advocamus
2995 1157 3009 1180 ,
3038 1125 3096 1171 et
3123 1117 3289 1172 libere
3318 1133 3439 1172 cum
3476 1118 3566 1190 illa
3608 1121 3824 1174 misceri

2234 1197 2478 1253 sinimus.
2512 1201 2627 1268 Quo
2657 1205 2782 1272 quid
2811 1207 2979 1276 magis
3006 1206 3315 1273 barbarum,
3349 1209 3586 1266 omnium
3621 1211 3826 1279 pretio-

2231 1287 2495 1344 sissimam
2537 1294 2766 1348 animam
2798 1310 2826 1349 a
2861 1305 2937 1350 tot
2980 1298 3204 1352 mmchis
3233 1297 3484 1352 fmdatam
3517 1301 3822 1370 negligere,

2231 1387 2283 1432 et
2316 1382 2512 1437 tamdiu
2553 1395 2832 1440 coeuntem
2876 1387 3049 1442 donec
3091 1388 3164 1441 illi
3205 1389 3451 1444 exsatiati
3496 1389 3733 1445 fuerint?
3763 1392 3822 1448 Id

2229 1470 2368 1536 quod
2397 1481 2573 1527 tarnen
2603 1491 2888 1546 numquam
2915 1478 3036 1536 erit.
3069 1477 3268 1533 Idcirco
3297 1477 3384 1532 ubi
3415 1494 3634 1534 somnus
3664 1481 3823 1535 inva-

2227 1563 2342 1629 dit,
2377 1574 2499 1621 tunc
2535 1577 2738 1623 tantum
2779 1570 3110 1636 abscedunt;
3154 1571 3262 1626 imo
3303 1588 3367 1626 ne
3398 1582 3520 1627 tunc
3550 1573 3764 1644 quidem
3803 1594 3817 1628 :

2229 1671 2350 1710 nam
2381 1659 2587 1713 somnia
2619 1662 2805 1716 eadem
2844 1662 2942 1732 ipsi
2975 1662 3257 1716 simulacra
3288 1662 3540 1718 oﬂ'erunt.
3573 1664 3820 1734 Quapro-

2225 1755 2344 1816 pter
2370 1749 2710 1806 iliucescente
2730 1752 2840 1819 die,
2861 1768 2980 1823 quae
3006 1754 3092 1808 illa
3123 1753 3404 1824 imaginata
3432 1764 3513 1810 est
3535 1756 3734 1820 anima,
3760 1757 3818 1811 in

2224 1853 2358 1907 opus
2384 1854 2529 1909 saepe
2549 1842 2754 1896 illarum
2781 1843 3068 1914 imaginum
3090 1858 3191 1913 ope
3211 1843 3436 1898 deducta
3458 1845 3657 1900 est.Tu
3683 1862 3816 1900 vero

2224 1937 2276 1990 in
2314 1933 2566 2003 pupillam
2609 1935 2751 1990 oculi
2793 1951 2861 1991 ne
2891 1937 3169 1992 minimum
3200 1937 3415 2007 quidem
3458 1939 3693 2008 pulveris
3732 1940 3815 1994 in-

2221 2029 2370 2100 gredi
2397 2029 2528 2084 sinis
2551 2071 2564 2094 ,
2593 2029 2824 2083 animam
2853 2044 2982 2084 vero
3009 2037 3273 2084 tantorum
3315 2031 3577 2086 malorum
3614 2047 3816 2102 conge-

2223 2124 2354 2176 riem
2384 2121 2595 2177 trahere
2634 2122 2960 2192 negligenter
2991 2121 3229 2190 pateris?
3272 2121 3620 2189 Quandonam
3653 2124 3815 2194 igitur

2221 2211 2407 2267 sordes
2434 2213 2547 2265 illas
2573 2226 2704 2282 quas
2729 2211 2963 2280 quotidie
2990 2212 3278 2283 ingerimus
3302 2227 3518 2281 prorsus
3541 2214 3814 2283 deponere

2222 2303 2552 2374 poterimus?
2568 2303 2777 2373 quando
2803 2305 2981 2372 spinas
3003 2303 3349 2358 exscindere?
3369 2305 3581 2374 quando
3603 2308 3811 2361 semina

2216 2397 2439 2466 jacere?
2470 2395 2652 2450 Nescis
2677 2407 2730 2450 tu
2755 2437 2770 2462 ,
2800 2403 3011 2464 tempus
3056 2398 3247 2451 messis
3279 2397 3517 2452 instare?
3545 2397 3650 2452 Nos
3679 2415 3811 2454 vero

2219 2506 2287 2546 ne
2317 2489 2533 2545 novales
2562 2489 2774 2559 quidem
2806 2489 2979 2544 adhuc
3009 2489 3330 2543 curavimus.
3361 2489 3415 2544 Si
3448 2506 3575 2560 ergo
3600 2493 3815 2547 venerit

2217 2584 2448 2656 agricola
2474 2625 2489 2650 ,
2525 2593 2580 2637 et
2606 2597 2705 2636 nos
2734 2583 3051 2637 incusaverit
3071 2624 3085 2645 ,
3114 2581 3240 2652 quid
3270 2582 3545 2637 dicemus?
3566 2583 3692 2650 quid
3722 2599 3809 2639 re-

2217 2674 2640 2746 spondebimus?
2666 2675 2747 2728 An
2794 2675 3061 2728 neminem
3111 2676 3315 2728 semina
3356 2673 3615 2731 dedisse?
3644 2675 3809 2745 Atqui

2219 2768 2305 2822 illa
2335 2765 2570 2836 quotidie
2593 2766 3001 2835 jaciuntur._An
3034 2767 3300 2820 neminem
3331 2768 3512 2835 spinas
3542 2768 3808 2822 succidis-

2215 2860 2315 2913 se?
2340 2857 2535 2914 Verum
2565 2858 2801 2928 quotidie
2830 2857 3018 2911 falcem
3045 2857 3306 2913 acuimus.
3339 2860 3420 2912 An
3453 2873 3552 2915 nos
3577 2860 3807 2913 smcula-

2217 2949 2362 3004 ribus
2391 2949 2579 3004 abduci
2622 2949 2766 3003 curis
2807 2958 2861 3004 et
2905 2949 3354 3003 necessitatibus?
3385 2951 3450 3004 Et
3485 2965 3651 3020 quare
3699 2966 3806 3005 non

2216 3043 2440 3108 tripsum
2469 3039 2666 3096 m‘undo
2693 3041 3034 3096 crucifixisti?
3059 3041 3189 3095 Nam
3221 3043 3264 3096 si
3297 3042 3386 3096 illc
3415 3043 3584 3097 malus
3608 3053 3690 3097 est
3711 3046 3799 3114 qui

2214 3136 2338 3190 illud
2368 3134 2544 3188 solum
2573 3133 2768 3196 reddit,
2791 3132 2931 3203 quod
2963 3133 3062 3186 sibi
3092 3135 3274 3186 datum
3307 3131 3512 3197 fuerat,
3545 3134 3667 3202 quia
3695 3151 3803 3188 non

2211 3226 2498 3296 duplicavit
2526 3241 2818 3279 summam:
2843 3225 2930 3293 qui
2959 3224 3136 3278 dattnn
3166 3223 3521 3289 labefactavit,
3549 3225 3674 3294 quid
3701 3241 3802 3279 auo

2211 3319 2361 3373 diet?
2389 3317 2442 3372 Si
2473 3317 2559 3370 ille
2596 3315 2786 3386 ligatus
2823 3331 2888 3368 ρο
2919 3315 3188 3384 projectus
3218 3321 3304 3368 est.
3332 3314 3417 3368 ubi
3445 3314 3643 3368 stridor
3667 3315 3800 3370 den.

2211 3410 2364 3476 tium,
2393 3407 2518 3478 quid
2547 3421 2644 3460 nos
2672 3407 2952 3476 patiemur,
2976 3405 3100 3457 dum
3132 3414 3399 3460 sexcenta:
3427 3420 3512 3460 res
3535 3415 3659 3459 sunt
3680 3424 3800 3475 qua:

2210 3517 2310 3556 nos
2330 3500 2395 3554 ad
2419 3501 2665 3554 virtutem
2684 3497 2927 3562 trahunt,
2945 3512 3148 3566 nosque
3176 3495 3466 3566 refugimus
3487 3507 3541 3551 et
3565 3500 3805 3566 segniter

2211 3593 2450 3664 agimus?
2471 3590 2609 3660 Quid
2631 3591 2773 3645 enim
2797 3604 2901 3644 non
2924 3589 3169 3643 idoneum
3193 3588 3262 3643 sit
3281 3587 3347 3643 ad
3367 3597 3415 3642 te
3434 3589 3802 3644 incitandum?

2209 3691 2402 3743 Annon
2426 3685 2579 3741 vides
2607 3700 2763 3756 quam
2796 3683 2918 3736 vilis
2943 3725 2956 3748 ,
2987 3698 3145 3751 quam
3176 3682 3378 3736 incerta
3406 3683 3475 3735 sit
3505 3682 3619 3736 haec
3651 3683 3759 3736 vita
3778 3683 3803 3735 ?

2208 3788 2436 3850 quantus
2467 3777 2552 3832 hic
2578 3777 2728 3830 labor
2755 3773 2868 3829 sit?
2908 3780 3138 3843 quantus
3177 3771 3380 3826 sudor?
3425 3771 3614 3828 Nonne
3653 3773 3800 3827 enim

2209 3873 2286 3926 sic
2316 3885 2402 3924 res
2429 3876 2530 3933 est,
2561 3876 2621 3922 ut
2645 3867 2814 3920 virtus
2833 3879 2954 3920 cum
2982 3857 3186 3926 labore,
3215 3872 3270 3917 et
3297 3863 3481 3916 vitium
3507 3862 3626 3917 sine
3650 3862 3803 3918 labo-

2208 3963 2355 4018 ribus
2375 3959 2629 4016 adeatur?
2648 3957 2702 4014 Si
2725 3965 2778 4012 ct
2803 3957 2854 4011 in
2879 3955 2980 4010 hoc
2999 3964 3054 4010 et
3081 3955 3135 4008 in
3161 3954 3252 4008 illo
3274 3953 3425 4008 labor
3444 3961 3546 4016 est,
3570 3968 3668 4008 cur
3691 3969 3798 4008 non

2208 4055 2455 4108 virtutem
2487 4051 2637 4122 eligis
2664 4065 2782 4120 qua:
2817 4056 3020 4102 tantum
3053 4054 3310 4117 qumstum
3341 4045 3521 4114 parit?
3549 4045 3664 4098 lino
3693 4047 3803 4101 vir-

2209 4156 2348 4201 tutes
2364 4142 2605 4214 quaedam
2631 4148 2773 4205 sunt,
2801 4156 2918 4209 qua:
2944 4138 3146 4192 nullum
3175 4137 3371 4190 habent
3394 4136 3649 4191 laborem.
3681 4137 3802 4205 Quo

2206 4238 2390 4292 labore
2413 4233 2668 4289 utendum
2700 4241 2758 4286 ut
2783 4247 2891 4284 non
2921 4229 3202 4284 maledicta
3233 4227 3494 4297 proferas.
3522 4243 3622 4282 nec
3649 4245 3796 4283 men-

2208 4329 2354 4384 tiaris
2374 4367 2389 4390 .
2426 4341 2524 4380 nec
2545 4324 2695 4394 jures
2718 4364 2734 4388 ,
2763 4331 2822 4375 ut
2851 4321 2984 4374 iram
3019 4319 3260 4389 proximo
3288 4317 3571 4372 remittas?
3600 4316 3799 4373 Contra

2205 4433 2336 4474 vero
2365 4416 2538 4470 facere
2566 4411 2892 4468 laboriosum
2917 4417 3021 4476 est,
3050 4422 3398 4479 magnamque
3424 4406 3578 4461 aﬂ'ert
3601 4408 3800 4463 sollici-

2207 4511 2468 4566 tudinem.
2496 4506 2626 4574 Quze
2654 4504 2812 4575 igitur
2838 4502 2994 4556 nobis
3019 4501 3124 4555 erit
3150 4500 3442 4562 excusatio,
3471 4514 3591 4568 quae
3619 4500 3794 4563 venia,

2205 4603 2295 4674 qui
2326 4617 2394 4658 ne
2422 4600 2538 4654 haec
2565 4597 2779 4668 quidem
2811 4593 2987 4648 facere
3013 4591 3282 4647 velimus?
3306 4591 3440 4645 Hinc
3465 4605 3594 4645 vero
3623 4591 3798 4660 palam

2204 4706 2310 4761 est,
2327 4691 2673 4749 laboriosiora
2692 4689 2779 4744 illa
2797 4702 2893 4757 per
2908 4684 3165 4741 desidiam
3183 4693 3237 4738 et
3251 4682 3549 4738 socordiam
3581 4697 3680 4736 nos
3711 4683 3796 4736 fu-

2202 4804 2350 4862 gere.
2374 4786 2505 4854 Qua:
2523 4783 2703 4838 omnia
2729 4780 3044 4849 cogitantes,
3069 4775 3359 4845 nequitiam
3387 4773 3798 4844 fugiamus,vir-

2203 4891 2373 4936 tntem
2385 4878 2688 4947 diligamus,
2709 4879 2768 4926 ut
2790 4879 2842 4926 et
2866 4867 3150 4941 przesentia
3170 4877 3223 4920 et
3241 4865 3414 4920 futura
3444 4865 3581 4920 bona
3602 4879 3798 4920 conse-

2201 4989 2448 5046 quamur,
2474 4969 2643 5040 gratia
2660 4975 2714 5022 et
2731 4963 3057 5031 benignitate
3073 4958 3286 5014 Domini
3312 4960 3476 5013 nostri
3494 4957 3626 5012 Jesu
3655 4957 3797 5012 Chri-

2201 5074 2291 5136 sti,
2309 5068 2393 5126 cui
2408 5063 2571 5137 gloria
2592 5070 2644 5115 et
2661 5057 2941 5127 imperium
2959 5055 3013 5109 in
3029 5054 3220 5108 saecula
3236 5052 3575 5107 Steculornm.
3603 5053 3795 5105 Amen.

544 5170 2996 5204 ______________________________________

1627 5240 1973 5304 HOMILIA
2016 5243 2241 5304 XLIII.
2288 5241 2373 5301 al.
2419 5230 2642 5297 XLIV.

2209 5361 2378 5430 signa,
2405 5372 2466 5411 ac
2491 5355 2534 5408 si
2563 5351 2761 5406 nullum
2812 5347 3006 5400 factum
3063 5353 3225 5404 esset,
3271 5341 3452 5395 dicunt
3500 5357 3513 5392 :
3559 5339 3800 5396 Volumus

2212 5470 2243 5506 o
2273 5463 2320 5507 te
2342 5451 2541 5521 signant
2569 5445 2753 5498 videre.
2802 5440 2910 5494 Cur
2939 5452 3066 5507 ergo
3095 5435 3207 5490 hmc
3255 5434 3547 5489 dicebant?
3580 5432 3650 5489 Ut
3679 5449 3798 5487 car.

2211 5542 2372 5614 pendi
2394 5541 2568 5595 locum
2596 5537 2785 5590 iterum
2811 5531 3090 5585 haberent.
3114 5525 3246 5593 Quia
3269 5525 3410 5581 enim
3434 5525 3582 5594 ipsos
3611 5524 3799 5586 seruet,

2209 5637 2291 5691 bis
2315 5642 2369 5690 et
2396 5629 2590 5700 sapius
2633 5631 2988 5696 represserat,
3034 5628 3089 5674 et
3140 5616 3504 5687 impudentem
3562 5615 3800 5684 ipsorum

2209 5729 2440 5797 linguam
2489 5721 2759 5783 fraenarat,
2803 5714 2871 5769 ad
2918 5727 3081 5781 Opera
3123 5723 3311 5765 rursus
3357 5708 3620 5762 veniunt:
3661 5705 3798 5774 quod

2208 5819 2475 5876 admirans
2501 5809 2821 5882 evangelista
2853 5819 3038 5861 rursus
3067 5801 3278 5858 dicebat
3305 5818 3319 5854 :
3352 5799 3500 5853 Tunc
3525 5797 3795 5868 responde-

513 5368 643 5422 CAP.
677 5366 764 5422 12.
797 5382 848 5420 v.
873 5364 961 5421 '58.
989 5362 1135 5418 Tunc
1155 5362 1516 5433 responderunt
1543 5361 1588 5414 ei
1628 5361 1834 5433 quidam
1877 5362 1940 5415 de
1973 5363 2100 5416 seri-

585 5459 660 5513 bis
691 5469 737 5513 et
769 5456 1066 5515 Pltariswis.
1098 5455 1314 5508 dicentes
1342 5469 1361 5507 :
1391 5453 1656 5523 Magister,
1709 5453 1938 5507 volumus
1979 5471 2012 5507 a
2056 5464 2104 5508 te

585 5555 785 5624 signum
811 5549 996 5604 videre.
1040 5548 1129 5604 '59.
1163 5547 1263 5613 Qui
1305 5547 1562 5616 respondit
1590 5562 1609 5600 :
1639 5545 1906 5601 Generatio
1947 5562 2103 5618 prava

585 5654 630 5699 et
676 5643 909 5698 adultero
951 5642 1153 5713 signum
1205 5640 1405 5712 quiuit,
1436 5647 1482 5693 et
1518 5639 1716 5710 signum
1754 5655 1857 5693 non
1902 5638 2105 5694 dabitur

587 5741 654 5806 ei,
681 5739 780 5793 nisi
798 5739 992 5809 signum
1013 5734 1163 5791 Iona:
1188 5733 1465 5806 praphelae.

596 5837 644 5890 Ι.
674 5831 808 5902 Quid
839 5832 931 5889 his
965 5830 1202 5900 stultius,
1229 5827 1357 5901 quid
1384 5827 1552 5899 magis
1580 5823 1846 5898 impium?
1870 5823 2002 5881 Post
2026 5830 2108 5880 tot
