4074 6358
336 433 455 487 Ᾱζίἲ·

332 556 463 599 runt
486 543 754 611 eiquidam
782 538 1061 594 scribarum
1086 535 1283 602 signum
1307 538 1543 599 petentes.
1570 524 1736 587 Tunc,
1760 535 1930 591 quan-

335 634 579 691 minam?
607 634 737 690 Cum
769 645 970 685 morem
1016 640 1237 697 gerere,
1268 620 1448 675 mirari
1473 662 1488 685 ,
1522 617 1896 683 obstupescere
1916 650 1931 676 ,

345 729 601 783 recedere
652 722 950 793 oportebat,
985 728 1110 771 tunc
1138 731 1169 769 a
1198 711 1433 782 nequitia
1488 723 1592 763 non
1646 704 1932 759 absistunt.

337 817 666 873 Consideres
693 824 869 868 autem
897 811 1057 865 velim
1080 807 1239 861 verba
1267 803 1567 858 adulatione
1594 809 1645 851 et
1672 795 1937 850 derisioue

339 911 521 979 plena.
540 904 928 976 Exspectabam.
946 902 1086 955 enim
1110 898 1211 953 hac
1232 896 1435 950 ratione
1454 908 1512 947 se
1528 891 1672 945 illum
1694 888 1939 959 pellectu-

342 1018 440 1056 ros
467 1015 606 1055 esse.
640 998 704 1053 Et
732 1010 871 1049 nunc
899 992 1113 1063 quidem
1153 985 1475 1044 contumelia
1500 982 1736 1036 afﬁciunt
1755 1020 1769 1043 ,
1799 993 1939 1032 nunc

339 1104 524 1145 autem
573 1087 893 1147 adulantur,
922 1097 1062 1136 nunc
1109 1076 1495 1134 dminoniacum
1541 1079 1765 1134 vocant,
1797 1082 1941 1123 nunc

339 1186 657 1252 magistrum
675 1222 688 1243 ,
718 1188 1001 1245 utrumque
1030 1173 1171 1227 malo
1196 1170 1373 1225 animo
1393 1207 1407 1231 ,
1435 1164 1644 1221 etiamsi
1673 1159 1939 1217 contraria

340 1275 489 1328 tlieta
520 1273 645 1326 sint.
680 1269 802 1323 Ideo
822 1268 872 1321 in
902 1266 1022 1320 illos
1044 1262 1387 1317 vehementer
1411 1255 1697 1312 invehitur.
1719 1250 1941 1318 Quando

340 1376 525 1420 autem
560 1362 705 1417 illum
738 1372 929 1428 aspere
960 1350 1373 1421 interrogabant,
1397 1357 1452 1402 et
1476 1343 1798 1401 contumelia
1827 1339 1942 1394 afﬁ-

343 1458 579 1539 ciebant,
617 1451 893 1506 moderate
920 1461 1042 1501 eum
1091 1443 1195 1497 illis
1233 1439 1583 1509 loquebatur;
1616 1449 1735 1489 cum
1763 1440 1940 1485 autem

344 1525 725 1608 adulabantur,
748 1541 943 1595 acriter
970 1546 1023 1591 et
1047 1550 1166 1591 cum
1195 1532 1356 1586 multa
1383 1525 1738 1588 vehementia,
1760 1530 1942 1577 osten-

344 1640 488 1694 dens
516 1654 576 1692 se
605 1645 828 1705 utroque
855 1632 947 1686 illo
971 1628 1163 1683 affectu
1195 1640 1316 1681 esse
1346 1623 1679 1693 superiorem
1714 1638 1725 1673 :
1756 1632 1818 1671 ac
1846 1632 1942 1671 ne-

345 1746 459 1802 que
501 1740 624 1782 tunc
678 1727 730 1780 iu
782 1726 914 1779 iram
957 1720 1288 1784 concitatur,
1315 1730 1487 1785 neque
1528 1729 1594 1767 ex
1643 1710 1944 1765 adulatione

348 1800 624 1878 delinitur.
658 1818 789 1873 Vide
818 1826 994 1870 autem
1027 1809 1474 1881 objurgationem,
1496 1820 1614 1874 qua:
1638 1818 1743 1856 non
1771 1800 1944 1855 solum

347 1912 653 1969 criminatio
695 1910 797 1973 sit,
843 1921 1025 1961 verum
1074 1904 1233 1958 etiam
1275 1896 1658 1954 demonstratio
1698 1892 1945 1962 nequitiae

348 2021 558 2061 eorum.
590 2001 725 2069 Quid
762 1999 903 2055 enim
935 1998 1042 2050 ait?
1074 1994 1340 2048 Generatio
1384 1988 1518 2042 mala
1547 1996 1594 2040 et
1619 1985 1849 2038 adultera
1878 1984 1948 2035 si-

349 2114 509 2169 gnum
531 2094 727 2167 quierit.
750 2091 804 2146 Id
833 2098 910 2145 est
935 2108 947 2143 :
970 2086 1106 2155 Quid
1129 2086 1319 2139 mirum
1350 2082 1394 2134 si
1423 2080 1535 2133 lizec
1553 2076 1832 2131 adversum
1863 2089 1948 2127 me

352 2192 564 2256 facitis,
615 2188 705 2259 qui
745 2185 919 2241 adhuc
964 2182 1117 2235 vobis
1160 2186 1319 2232 notus
1372 2190 1476 2228 non
1531 2187 1683 2232 sum,
1735 2165 1947 2237 quando

352 2297 481 2351 erga
506 2282 739 2341 Patrem,
763 2276 913 2345 cujus
936 2271 1183 2343 potentia:
1212 2277 1353 2339 tanta
1378 2265 1740 2334 experimenta
1764 2259 1950 2313 habui-

352 2374 472 2436 stis,
506 2371 736 2440 idipsum
770 2364 1011 2421 fecistis?
1036 2362 1168 2417 Nam
1202 2360 1291 2414 illo
1336 2358 1522 2412 relicto
1545 2395 1561 2421 ,
1584 2354 1650 2407 ad
1677 2353 1947 2407 daemonas

352 2465 653 2523 currebatis
673 2504 688 2528 ,
720 2470 989 2516 amatores
1020 2470 1215 2527 pravos
1260 2450 1628 2512 attrahentes;
1659 2446 1798 2516 quod
1839 2444 1947 2497 fre-

352 2571 580 2633 quenter
604 2560 706 2612 illis
736 2554 983 2611 Ezechiel
1016 2553 1211 2622 probro
1238 2548 1432 2615 vertit(
1457 2544 1642 2597 Ezech.
1671 2543 1735 2595 lti
1758 2540 1800 2611 ).
1826 2539 1949 2593 Ilaec

352 2632 532 2708 autem
564 2650 810 2713 dicebat,
842 2645 1132 2699 ostendens
1160 2658 1220 2696 se
1251 2654 1371 2693 cum
1404 2638 1563 2691 Patre
1605 2632 1906 2688 consentire
1930 2670 1947 2696 ,

299 2818 307 2825 _
354 2748 609 2817 ipsosque
657 2742 787 2797 nihil
838 2739 1109 2795 insolitum
1162 2734 1375 2793 facere;
1406 2742 1704 2797 arcanaque
1756 2723 1952 2778 mentis

356 2840 594 2908 ipsorum
636 2834 836 2890 revelat
859 2873 873 2895 ,
906 2829 1046 2900 quod
1076 2841 1266 2895 nempe
1292 2836 1413 2878 cum
1439 2819 1774 2874 simulatione
1792 2822 1952 2884 atque

357 2943 414 2987 ut
457 2931 655 2986 inimici
684 2928 735 2982 id
764 2933 1024 2997 peterent.

462 3023 691 3077 Christus
735 3037 789 3074 se
859 3016 1009 3071 Patri
1077 3013 1320 3084 (rqitalem
1390 3005 1622 3061 ostendit.
1651 2998 1974 3055 —Idcirco-

360 3118 481 3170 illos
520 3112 918 3185 generationem
957 3122 1169 3178 pravam
1210 3109 1386 3165 vocat,
1416 3100 1537 3169 quia
1577 3095 1765 3165 ingrati
1812 3108 1953 3147 senio

361 3226 456 3278 per
484 3215 607 3262 sunt
634 3220 758 3275 erga
786 3202 1086 3262 beneﬁcos;
1117 3206 1171 3252 et
1205 3195 1249 3249 si
1285 3194 1420 3249 bene
1450 3206 1569 3244 cum
1610 3188 1712 3243 illis
1756 3184 1951 3254 agitur,

359 3302 571 3372 pejores
598 3298 763 3361 ﬁunt;
788 3292 928 3364 quod
953 3300 1033 3346 est
1058 3299 1310 3344 extremae
1331 3281 1715 3353 improbitatis;
1747 3278 1953 3331 adulte-

360 3411 475 3448 ram
509 3407 639 3445 vero
678 3388 919 3451 vocavit,
950 3394 1006 3439 et
1030 3384 1258 3452 priorem
1286 3388 1339 3433 et
1370 3385 1683 3447 praisentem
1711 3370 1959 3426 incredu-

362 3488 562 3540 litatem
618 3480 956 3551 signiﬁcans;
1011 3475 1151 3530 unde
1193 3474 1383 3528 iterum
1434 3467 1665 3523 ostendit
1718 3479 1776 3518 se
1813 3463 1955 3517 Patri

360 3580 617 3648 aequalem
639 3591 780 3641 esse,
810 3570 1067 3641 siquidem
1093 3567 1142 3621 id
1168 3565 1310 3620 illam
1334 3561 1626 3616 adulteram
1652 3557 1792 3622 facit,
1815 3556 1954 3624 quod
1976 3597 1981 3601 .

362 3676 465 3730 sibi
496 3690 599 3728 non
630 3670 829 3727 credat.
887 3663 1085 3720 Deinde
1109 3670 1227 3731 post
1253 3662 1367 3713 luec
1395 3654 1631 3709 convicia
1653 3693 1667 3717 ,
1697 3649 1822 3720 quid
1850 3646 1957 3700 ait?

366 3768 477 3821 Nec
496 3766 697 3834 signum
723 3760 923 3814 dabitur
944 3762 1008 3822 ei,
1031 3755 1127 3809 nisi
1146 3753 1343 3822 signum
1366 3747 1517 3801 Jonte
1539 3744 1813 3815 praphette.
1841 3740 1956 3794 Iani

366 3871 670 3913 sermonem
701 3853 769 3907 de
798 3847 1191 3905 resurrectione
1240 3838 1543 3911 przemittit,
1573 3850 1745 3903 exque
1794 3832 1956 3902 ﬁgura

368 3949 670 4003 conﬁrmat.
697 3942 832 4011 Quid
863 3940 1039 4009 igitur,
1074 3934 1302 4003 inquies,
1337 3943 1513 3983 nonne
1541 3927 1751 3995 signum
1777 3923 1956 3977 datum

369 4050 453 4095 est
476 4039 568 4092 ei?
596 4036 708 4091 Non
738 4034 918 4088 datum
945 4036 1027 4084 est
1074 4023 1293 4095 petenti.
1327 4021 1439 4075 Non
1470 4020 1614 4072 enim
1644 4025 1700 4070 ut
1728 4015 1845 4069 illos
1875 4014 1926 4066 in
1945 4043 1958 4052 -

370 4134 610 4197 duceret,
637 4131 785 4199 signa
812 4125 1039 4180 faciebat
1072 4139 1084 4172 :
1114 4118 1319 4175 sciebat
1347 4114 1488 4169 enim
1521 4112 1640 4166 illos
1667 4115 1961 4164 excmcatos

371 4241 527 4290 esse;
559 4223 653 4279 sed
684 4232 736 4274 ut
767 4219 902 4272 alios
930 4213 1259 4271 emendaret.
1298 4208 1391 4263 Vel
1420 4209 1521 4259 hoc
1545 4200 1827 4258 dicendum
1857 4208 1958 4264 est,

373 4320 456 4375 vel
486 4318 581 4382 sic,
610 4321 752 4385 ipsos
780 4327 971 4378 nempe
1000 4311 1207 4377 signum
1251 4320 1354 4357 non
1399 4309 1711 4369 acoepturos
1738 4309 1857 4348 esse
1888 4292 1963 4346 illi

374 4409 568 4464 simile.
592 4384 810 4476 Signum
835 4402 1029 4472 quippe
1055 4399 1232 4453 datum
1258 4395 1362 4448 illis
1382 4400 1464 4447 est
1487 4387 1700 4460 quando
1720 4384 1962 4454 castigati

374 4505 490 4573 ejus
533 4501 822 4570 potentiam
855 4502 1141 4550 noverunt.
1168 4490 1264 4545 llic
1293 4489 1470 4556 itaque
1494 4486 1664 4538 minas
1695 4483 1964 4535 intentans

378 4598 634 4667 loquitur,
663 4594 765 4646 hoc
792 4592 962 4660 ipsum
994 4584 1357 4646 subindicans,
1386 4594 1449 4633 ac
1474 4577 1519 4631 si
1547 4576 1751 4630 diceret
1780 4590 1792 4624 :
1825 4570 1963 4627 Sex-

379 4702 534 4743 ccnta
578 4684 834 4740 beneﬁcia
874 4678 1094 4739 contuli,
1136 4676 1334 4729 nullum
1384 4685 1567 4724 eorum
1595 4681 1693 4722 vos
1729 4665 1964 4729 attraxit,

384 4794 556 4848 neque
584 4774 825 4829 voluistis
854 4769 1141 4840 potentiam
1166 4780 1336 4819 meam
1359 4761 1602 4815 adorare.
1628 4758 1729 4812 Per
1754 4764 1969 4809 contra-

382 4875 458 4928 ria
486 4886 612 4941 ergo
639 4864 973 4937 cognoscetis
1013 4857 1373 4915 fortitudinem
1404 4866 1598 4915 meam,
1628 4865 1749 4905 cum
1781 4847 1968 4901 urbem

382 4965 615 5021 excisam
648 4957 886 5013 videritis
906 4996 921 5019 ,
948 4952 1161 5023 quando
1191 4949 1490 5004 destructos
1528 4958 1730 5006 muros,
1759 4938 1971 5010 quando

385 5055 637 5125 templum
680 5048 961 5105 inaceriem
1016 5044 1259 5100 effectum
1283 5085 1295 5103 ,
1324 5036 1535 5107 quando
1574 5052 1639 5089 ex
1679 5034 1894 5088 civitate
1919 5041 1973 5085 et

384 5166 449 5204 ex
468 5148 710 5202 libertate
742 5142 964 5211 pristina
993 5135 1295 5193 excideritis
1316 5149 1331 5198 ;
1354 5141 1407 5186 et
1436 5143 1618 5184 rursus
1645 5135 1890 5182 extorres
1919 5131 1974 5178 et

386 5238 590 5310 profugi
613 5235 808 5305 ubique
834 5230 1092 5286 errabitis.
1132 5226 1256 5280 Ilaec
1280 5224 1473 5293 quippe
1499 5220 1683 5274 omnia
1708 5229 1826 5287 post
1853 5232 1970 5271 eru-

386 5351 503 5390 cem
545 5333 678 5385 facta
722 5340 863 5382 sunt.
895 5324 1020 5379 Ilaec
1067 5336 1192 5391 ergo
1236 5319 1385 5371 vobis
1429 5330 1525 5385 pro
1562 5314 1727 5383 signis
1772 5310 1976 5380 magnis

387 5435 563 5483 erunt.
596 5423 727 5478 Nam
758 5428 902 5476 certe
941 5416 1225 5469 maximum
1269 5410 1396 5465 illud
1442 5417 1524 5463 est
1566 5407 1773 5475 signum
1795 5445 1809 5467 ,
1833 5401 1976 5473 quod

392 5519 529 5573 mala
556 5518 789 5585 ipsorum
820 5511 1035 5565 immota
1066 5512 1316 5559 maneant
1338 5544 1351 5565 ,
1384 5499 1526 5568 quod
1571 5494 1865 5552 innumeris
1888 5507 1978 5547 co-

393 5609 664 5671 nantibus,
696 5617 854 5659 nemo
874 5598 1043 5671 possit
1080 5594 1280 5651 mederi
1319 5591 1474 5646 malis
1498 5604 1616 5657 qua:
1647 5588 1699 5640 in
1722 5585 1977 5639 ultionem

395 5704 524 5771 ipsis
564 5700 798 5755 immissa
825 5706 967 5750 sunt.
1009 5691 1112 5748 Sed
1159 5691 1271 5744 haec
1310 5687 1521 5756 quidem
1550 5684 1638 5737 ille
1667 5698 1770 5737 non
1813 5680 1977 5743 dicit,

397 5810 581 5848 verum
621 5790 872 5857 relinquit
900 5803 959 5842 ca
996 5794 1055 5839 ut
1082 5781 1380 5852 insequenti
1422 5790 1661 5847 tempore
1687 5772 1816 5843 ipsis
1838 5772 1981 5826 clara

397 5887 628 5946 evadant
654 5904 666 5937 :
697 5883 905 5939 interim
934 5894 1060 5935 vero
1100 5872 1505 5934 resurrectionis
1532 5882 1853 5927 sermonem.
1875 5873 1989 5921 ιτα-λ

1332 414 1397 471 IN
1437 404 1844 467 MATTIIEUM
1883 400 2109 458 IIOMIL.
2150 400 2330 458 XLIII.
2371 401 2442 455 al.
2485 399 2665 455 XLIV.

3533 398 3651 453 ria

2041 524 2169 582 etai,
2198 532 2354 587 quem
2385 517 2567 572 scituri
2600 524 2753 573 erant
2794 531 2891 586 per
2929 516 3065 571 mala
3112 515 3255 586 ipsos
3298 518 3630 586 postmodum

2068 607 2334 661 invasura.
2360 606 2449 662 40.
2479 607 2626 661 Sicut
2666 607 2797 660 enim
2837 607 2933 675 {uit
2962 606 3142 668 Jonas,
3175 606 3368 676 inquit,
3388 606 3441 660 in
3468 617 3635 662 ventre

2042 698 2136 751 ceti
2177 698 2333 751 tribus
2378 698 2549 751 diebus
2572 707 2619 752 et
2646 699 2803 751 tribus
2832 697 3056 751 noctibus
3079 739 3095 763 ,
3126 698 3198 751 sic
3245 699 3338 751 erit
3377 707 3423 751 et
3466 696 3635 753 Filius

2044 789 2263 843 hominis
2290 791 2342 843 in
2367 791 2517 843 corde
2541 799 2687 844 terrte
2710 790 2868 844 tribus
2897 789 3070 843 diebus
3108 800 3153 843 et
3182 789 3340 844 tribas
3383 790 3632 847 noctibus.

2046 880 2117 937 Se
2152 894 2575 937 resurrecturum
2604 882 2749 936 clare
2791 898 2895 935 non
2937 881 3104 945 dixit,
3138 897 3205 935 ne
3230 896 3287 934 se
3315 882 3632 947 irriderent;

2044 972 2123 1027 sic
2142 980 2319 1025 autem
2370 972 2755 1039 subindicavit,
2786 982 2844 1026 ut
2867 972 3088 1027 credere
3133 982 3349 1042 possent
3396 988 3455 1028 se
3484 974 3631 1035 illud

2049 1063 2395 1131 prmscivisse.
2446 1063 2596 1130 Quod
2646 1079 2803 1132 porro
2839 1072 3077 1130 nossent,
3118 1064 3368 1118 dixerunt
3395 1064 3461 1118 ad
3494 1065 3639 1118 Pila-

2048 1163 2157 1206 tum
2193 1171 2206 1207 :
2237 1153 2485 1208 Seductor
2518 1154 2606 1208 ille
2647 1156 2775 1207 dixit
2805 1156 2923 1207 dum
2949 1156 3117 1208 adhuc
3141 1156 3353 1222 viveret,
3384 1154 3511 1210 Post
3539 1166 3637 1211 tres

2047 1244 2153 1299 dies
2181 1262 2440 1315 resurgam
2472 1248 2488 1315 (
2516 1245 2702 1299 Matth.
2731 1246 2821 1300 27.
2850 1246 2919 1300 63
2942 1247 2981 1313 ).
3014 1246 3345 1316 Quamquam
3392 1248 3637 1317 discipuli

2049 1337 2149 1389 hoc
2179 1336 2514 1405 ignorarent;
2544 1353 2665 1391 nam
2695 1349 2849 1392 antea
2881 1338 3123 1391 rudiores
3149 1338 3256 1393 illis
3281 1348 3434 1393 erant
3461 1356 3475 1391 :
3508 1355 3638 1409 qua-

2049 1436 2264 1499 propter
2296 1428 2348 1481 hi
2379 1445 2442 1482 ex
2483 1442 2577 1482 sua
2604 1430 2837 1497 ipsorum
2867 1430 3128 1484 sententia
3154 1430 3386 1484 damnati
3420 1441 3562 1484 sunt.

2119 1520 2173 1572 2.
2208 1518 2436 1572 Christus
2465 1536 2596 1584 vere,
2624 1531 2669 1573 et
2699 1537 2798 1573 non
2828 1522 2993 1590 specie
3021 1532 3216 1575 tantum
3251 1540 3429 1592 passus
3466 1532 3559 1585 est,
3583 1534 3638 1577 ut

2054 1611 2286 1665 Marcion
2306 1611 2873 1667 contendebat.——Vide
2892 1622 3069 1667 autem
3096 1614 3361 1680 quomodo
3392 1614 3517 1668 illud
3543 1628 3635 1668 ac-

2049 1716 2233 1761 curate
2261 1706 2577 1763 Subindicet.
2607 1705 2721 1760 Non
2744 1698 2885 1759 enim
2917 1706 3068 1771 dixit,
3105 1707 3156 1759 in
3198 1718 3336 1760 terra
3357 1746 3371 1772 ,
3405 1707 3496 1761 sed
3522 1747 3537 1773 ,
3572 1705 3637 1759 In

2050 1798 2200 1851 corde
2220 1808 2365 1850 teme
2385 1813 2404 1860 ;
2428 1808 2482 1850 iit
2507 1806 2562 1851 et
2607 1797 2911 1866 sepulcrum
2937 1796 3215 1852 indicaret.
3242 1807 3297 1851 et
3327 1813 3484 1851 nemo
3523 1797 3638 1851 huic

2051 1891 2229 1960 specie
2262 1899 2465 1943 tantum
2496 1888 2633 1943 facta
2655 1890 3016 1959 suspicaretur
3042 1888 3139 1960 (α).
3173 1889 3303 1942 Tres
3325 1895 3499 1943 autem
3521 1888 3643 1943 dies

2052 1984 2172 2037 ideo
2216 1983 2500 2047 concessit,
2546 1991 2604 2036 ut
2634 1990 2900 2035 mortuum
2932 1981 3095 2034 fuisse
3125 1980 3271 2034 illum
3308 1980 3634 2035 crederetur.

2050 2075 2165 2129 Non
2196 2077 2336 2129 enim
2365 2091 2434 2130 ex
2460 2089 2619 2129 cruce
2653 2082 2855 2128 tantum
2885 2074 2934 2127 id
2975 2071 3320 2127 conﬁrmatur
3351 2082 3403 2127 et
3428 2090 3490 2127 ex
3520 2074 3639 2127 visu

2051 2170 2288 2224 omnium
2311 2211 2324 2232 ,
2353 2169 2446 2224 sed
2488 2171 2647 2223 etiam
2679 2184 2741 2222 ex
2773 2168 2978 2220 dierum
3022 2181 3267 2221 numero.
3292 2166 3423 2220 Nam
3454 2181 3637 2221 resur-

2052 2264 2273 2318 rectioni
2304 2263 2458 2315 ﬁdem
2491 2262 2665 2315 facere
2691 2258 2918 2314 debebat
2941 2269 3148 2328 tempus
3186 2273 3345 2313 omne
3378 2273 3636 2327 sequens;
3664 2306 3667 2309 λ

2051 2371 2181 2409 crux
2211 2368 2336 2406 vero
2366 2354 2464 2407 uisi
2484 2352 2644 2407 multa
2678 2360 2804 2405 tunc
2849 2350 3123 2404 habuisset
3176 2350 3501 2413 testimonia,
3530 2365 3636 2402 non

2052 2444 2250 2497 credita
2293 2443 2479 2496 fuisset
2512 2442 2593 2496 :si
2633 2457 2737 2493 non
2769 2455 2920 2505 crux,
2968 2454 3067 2495 nec
3096 2441 3412 2494 resurrectio
3436 2438 3638 2495 credita

2054 2535 2261 2590 fuisset.
2295 2534 2420 2590 Ideo
2462 2534 2671 2605 signum
2696 2541 2847 2587 vocat
2877 2531 3028 2586 illud.
3069 2530 3123 2586 Si
3148 2542 3323 2585 autem
3355 2530 3640 2586 cruciﬁxus

2055 2644 2159 2682 non
2192 2627 2395 2692 fuisset,
2430 2643 2531 2681 noa
2560 2626 2795 2681 dandum
2818 2625 2954 2680 foret
2994 2626 3224 2695 signum.
3269 2625 3390 2680 Ideo
3419 2626 3639 2694 ﬁguram

2057 2722 2373 2777 inmedium
2418 2721 2651 2784 adducit,
2697 2728 2753 2773 ut
2796 2720 2989 2773 veritas
3037 2718 3306 2773 credatur.
3354 2719 3446 2772 Dic
3471 2718 3597 2772 mihi
3624 2762 3638 2783 ,

2054 2833 2259 2889 quaeso,
2284 2834 2351 2871 an
2375 2817 2647 2887 phantasia
2672 2826 2784 2869 erat
2809 2814 2971 2869 Jonas
3001 2814 3050 2867 in
3077 2822 3261 2868 ventre
3285 2813 3424 2867 ceti?
3450 2812 3640 2867 Verum

2056 2911 2106 2964 id
2135 2911 2313 2966 dicere
2344 2926 2448 2963 non
2478 2909 2666 2978 possis.
2700 2909 2834 2976 Ergo
2868 2922 3038 2976 neque
3082 2906 3354 2960 Christum
3388 2905 3438 2956 in
3481 2904 3643 2958 corde

2058 3016 2213 3059 terra:
2243 3003 2406 3057 fuisse
2437 3017 2620 3071 neges.
2665 2999 2848 3069 Neque
2878 2999 3019 3052 enini
3063 3006 3220 3067 typus
3255 2998 3304 3049 in
3346 2997 3567 3051 veritate
3591 3007 3644 3051 et
3671 3028 3675 3037 η

2055 3099 2255 3154 veritas
2290 3098 2341 3151 iii
2392 3096 2665 3166 phantasia
2710 3104 2811 3148 est.
2841 3092 2962 3146 Ideo
3013 3091 3208 3158 ubique
3254 3099 3477 3143 mortem
3530 3088 3646 3158 ejus

2058 3191 2451 3251 annuntimnus,
2487 3187 2538 3240 in
2572 3184 2857 3256 mysteriis,
2898 3184 2949 3237 in
2981 3183 3319 3251 baptismate,
3350 3182 3400 3234 in
3423 3180 3647 3250 aliisque

2058 3284 2330 3337 omnibus.
2364 3282 2564 3337 Idcirco
2590 3290 2642 3334 et
2685 3280 2879 3333 Paulus
2921 3277 3197 3346 splendida
3248 3290 3382 3330 voce
3401 3276 3597 3330 clamat
3629 3293 3649 3328 :7

2067 3377 2193 3431 Mihi
2221 3386 2389 3429 autem
2435 3373 2562 3429 absit
2592 3373 2803 3444 gloriari
2848 3372 2943 3425 nisi
2986 3372 3038 3425 in
3068 3386 3217 3425 cruce
3263 3369 3465 3423 Domini
3491 3371 3651 3423 nostri

2059 3470 2184 3525 Jesu
2210 3469 2396 3525 Christi
2426 3466 2577 3538 (Gut.
2608 3467 2660 3521 6.
2704 3464 2828 3536 14).
2862 3464 3013 3522 Unde
3050 3463 3387 3519 manifestum
3404 3472 3506 3526 est,
3537 3462 3650 3517 dia-

2060 3560 2166 3617 boli
2198 3561 2336 3614 ﬁlios
2387 3574 2509 3614 esse
2535 3573 2630 3614 eos
2683 3557 2770 3626 qui
2821 3554 3103 3610 Marcionis
3143 3555 3328 3608 morbo
3372 3553 3647 3620 laborant,

2062 3670 2181 3710 cum
2219 3655 2302 3708 illa
2329 3653 2564 3719 deleaiit,
2601 3665 2720 3721 quae
2769 3666 2835 3704 ne
2864 3649 3206 3703 abolerentur
3244 3662 3453 3700 smumo
3475 3646 3652 3700 studio

2061 3747 2305 3802 Christus
2332 3744 2557 3809 curavit,
2599 3758 2718 3812 qua:
2747 3749 2804 3794 ut
2859 3738 3206 3795 abolerentur
3226 3754 3437 3791 summo
3476 3738 3652 3791 studio

2064 3843 2308 3898 diabolus
2350 3849 2570 3895 conatus
2620 3847 2739 3903 est;
2790 3851 3002 3891 crucem
3057 3836 3176 3890 dico
3227 3846 3278 3889 et
3329 3834 3648 3903 passionem.

2062 3935 2418 4005 Quamobrem
2443 3932 2564 3987 alibi
2587 3931 2713 3985 dicit
2734 3950 2747 3983 :
2765 3930 2957 3984 Solvite
2975 3929 3212 3999 templum
3236 3928 3348 3992 hoc,
3365 3937 3409 3980 et
3430 3929 3480 3978 in
3498 3925 3671 3979 tribus

2065 4030 2239 4083 diebus
2285 4029 2512 4082 excitabo
2548 4026 2678 4079 illud
2715 4022 2911 4095 (Joan.
2932 4022 2987 4077 2.
3013 4022 3128 4092 I9}
3154 4039 3168 4086 ;
3199 4031 3273 4086 et,
3312 4020 3473 4074 Erunt
3507 4021 3614 4073 dies
3638 4061 3653 4085 ,

2064 4122 2266 4187 quando
2296 4123 2553 4190 auferetur
2577 4119 2639 4170 ab
2656 4118 2778 4184 ipsis
2798 4132 3015 4185 sponsus
3041 4113 3264 4183 (Matth.
3296 4113 3348 4166 9.
3400 4112 3506 4181 15)
3536 4129 3550 4175 ;
3602 4121 3668 4166 et—

2066 4215 2173 4278 Iiic,
2203 4212 2324 4266 Non
2367 4210 2570 4264 dabitur
2592 4208 2696 4262 illis
2720 4209 2943 4278 signum,
2976 4206 3069 4259 nisi
3094 4206 3295 4274 signum
3342 4203 3493 4257 Jonte
3538 4220 3658 4272 pro-

2068 4309 2230 4377 pheta:
2250 4322 2266 4369 ;
2288 4304 2566 4358 declarans
2592 4316 2650 4356 se
2679 4316 2774 4370 pro
2801 4300 2903 4353 illis
2925 4313 3227 4369 passurum,
3282 4306 3335 4350 et
3384 4296 3511 4349 illos
3530 4294 3671 4350 nihil

2071 4398 2193 4452 inde
2223 4398 2353 4451 lucri
2383 4402 2696 4463 accepturos
2721 4406 2859 4446 esse.
2879 4389 2991 4443 Hoc
3017 4389 3157 4441 enim
3200 4396 3380 4457 postea
3416 4386 3658 4440 declara-

2069 4493 2164 4557 vit,
2196 4500 2250 4546 et
2272 4500 2450 4544 tamen
2478 4504 2598 4541 cum
2630 4487 2744 4539 hare
2769 4485 3202 4547 sciret,mortuus
3224 4490 3306 4535 est
3334 4497 3347 4533 :
3382 4490 3523 4534 tanta
3544 4489 3658 4535 erat

2070 4585 2185 4653 ejus
2207 4580 2559 4652 providentia.
2607 4578 2682 4631 Nc
2712 4586 2865 4645 putes
2892 4575 3034 4629 enim
3061 4574 3369 4627 .Iudieorum
3404 4572 3534 4625 tales
3558 4571 3658 4625 exi-

2074 4685 2156 4730 tus
2181 4678 2405 4739 futuros,
2435 4672 2618 4743 quales
2646 4670 2790 4723 fuere
2812 4668 3182 4729 Ninivitarum,
3216 4678 3279 4718 ac
3332 4663 3447 4717 fore
3481 4672 3537 4715 ut
3588 4661 3665 4715 illi

2072 4778 2451 4826 convertantur
2485 4784 2497 4819 :
2526 4780 2588 4819 ac
2613 4760 3058 4833 quemadmodum
3101 4758 3312 4811 illorum
3340 4756 3523 4810 urbem
3550 4754 3671 4823 jam

2074 4865 2338 4918 labantem
2367 4860 2564 4921 erexit,
2610 4855 2971 4921 barbarosque
3011 4850 3300 4913 convertit,
3348 4848 3426 4901 sic
3474 4856 3529 4900 et
3573 4844 3664 4900 «ιιι-

2075 4955 2219 5009 daeos
2265 4961 2383 5021 post
2421 4947 2869 5004 resurrectionem
2918 4942 3310 4998 convertendos
3348 4952 3512 4993 esse:
3542 4936 3665 4990 audi

2076 5043 2345 5117 quomodo
2386 5041 2711 5095 contrarium
2773 5051 2989 5104 prorsus
3046 5033 3301 5087 declaret.
3346 5029 3477 5083 Nam
3522 5027 3680 5097 quod-

2079 5139 2200 5194 inde
2223 5137 2357 5193 nihil
2388 5136 2593 5189 fruetus
2621 5129 2929 5203 percepturi
2972 5128 3077 5182 sint
3104 5128 3155 5180 in
3188 5122 3525 5186 beneﬁcium,
3573 5123 3667 5176 sed

2079 5245 2134 5288 et
2159 5229 2504 5287 intolerabilia
2526 5226 2755 5297 passuri,
2784 5223 2834 5277 id
2860 5221 3051 5276 deinde
3072 5218 3359 5273 declaravit
3382 5232 3448 5272 ex
3471 5217 3669 5270 diemo-

2082 5326 2163 5379 nis
2189 5321 2455 5391 exemplo.
2486 5317 2701 5372 Interim
2732 5328 2860 5368 vero
2902 5311 2970 5366 de
2999 5311 3065 5364 iis
3115 5324 3235 5378 quae
3286 5306 3492 5376 passuri
3519 5315 3671 5360 erant

2082 5434 2198 5475 sese
2223 5422 2432 5487 purgat,
2458 5412 2746 5466 ostendens
2783 5422 2877 5462 eos
2895 5405 3038 5475 jiiste
3064 5416 3319 5473 passuros
3346 5415 3483 5454 esse.
3512 5397 3670 5452 Cala-

2147 5554 2219 5616 (a)
2261 5552 2411 5616 Erant
2450 5562 2476 5616 a
2517 5538 3024 5616 rrincipioﬁccleﬁre
3063 5534 3256 5607 quidam
3299 5532 3553 5616 haeretici,
3589 5530 3672 5593 qui

2084 5593 2316 5681 ριιῖξῖιτιῖιῖ
2330 5593 2598 5681 “Christum
2637 5593 2812 5681 specie
2861 5606 3048 5681 tantum
3081 5593 3137 5645 in
3179 5595 3411 5681 mpndum
3443 5593 3670 5681 venisse,

2087 5655 2816 5742 ζζῗᾞέιψξιιᾷξὶξἘνςιιιὲθιὶίδ
2853 5668 3108 5742 narrantur
3139 5656 3425 5742 perfecisse.
3461 5655 3673 5742 neuqui-

2086 5720 2879 5796 ίῖιδνιξριῖῖεἶῆἱδνιςηδιὶιιὲΜαι-ψ’
2921 5720 3494 5796 Εμῖὸῑζηῧάβῐιξξῐᾘφοὲζ
3524 5720 3673 5796 Item:

2200 5780 2780 5866 iiii-ist.-viil’i‘rallianos,
2814 5780 3034 5837 fremens
3062 5782 3146 5832 lib.
3176 5784 3230 5843 I,
3263 5780 3593 5844 Epiphanius,
3620 5782 3687 5829 εξ-

2090 5869 2188 5915 alii.

2090 5884 2188 5917 alii.
