4074 6358
553 340 662 396 459
1223 346 1277 404 S.
1319 348 1597 408 JOANNIS
1632 353 2113 417 CHRYSOSTOMI
2153 365 2468 430 ARCIIIEP.
2513 379 3044 456 CONSTANTINOP.

549 469 760 523 mitates
784 478 960 523 autem
997 479 1050 524 et
1077 471 1463 528 desolationem
1516 492 1700 530 eorum
1745 478 1847 532 hoc
1888 482 2135 549 exemplo

549 571 928 629 reprarseutat;
961 563 1170 617 interim
1206 580 1332 619 vero
1356 567 1613 630 declarat,
1667 571 1787 624 illos
1837 571 1950 625 hate
1988 573 2132 640 juste

546 669 796 721 passuros
822 671 979 712 esse:
1013 658 1062 710 id
1092 658 1230 726 quod
1258 660 1417 714 etiam
1458 661 1509 714 in
1543 663 1702 716 veteri
1743 663 1857 733 lege
1881 665 2128 720 faciebat.

539 743 672 798 Nam
699 745 926 801 Sodoma
951 748 1338 814 destructurus,
1385 753 1525 821 apud
1573 753 1936 810 Abrahamum
1981 758 2129 827 prius

537 852 660 894 sese
701 841 943 910 purgavit
987 840 1152 912 (Gen.
1206 843 1330 914 l8),
1370 845 1660 902 ostendens
1684 863 1846 916 quam
1871 850 2022 917 pauci
2053 849 2125 904 ibi

2242 489 2469 602 gmatice
2508 511 2910 578 commemorat,
2939 515 3164 575 multum
3194 523 3245 578 in
3279 535 3543 591 narrando
3568 546 3833 602 terrorem

2241 576 2494 636 inferens.
2523 586 2655 644 Nam
2685 595 2790 650 ait:
2813 576 2904 657 45.
2933 606 2972 657 (ἐ

535 929 717 984 virtuti
743 931 1018 986 studerent
1041 951 1056 998 ;
1082 949 1202 988 cmn
1230 935 1371 989 enim
1403 936 1455 990 in
1486 945 1563 992 tot
1591 938 1810 993 urbibus
1835 954 1904 995 ne
1932 940 2122 996 decem

537 1020 756 1090 quidem
786 1025 1151 1094 reperirentur
1169 1028 1257 1094 qui
1283 1037 1644 1097 temperanter
1670 1030 1926 1086 viverent.
1956 1033 2120 1088 Item-

531 1129 635 1182 que
661 1129 781 1169 cum
812 1116 944 1170 Loto
991 1117 1458 1188 inhospitalitatem
1488 1123 1724 1193 ipsorum
1752 1127 2116 1196 turpissimos-

527 1221 632 1276 que
674 1222 884 1263 amores
909 1210 1347 1280 demonstrasset,
1395 1215 1569 1285 ignem
1615 1217 1852 1273 immisit.
1883 1219 2114 1289 Idipsum

526 1299 652 1355 fecit
675 1301 729 1356 in
751 1302 970 1366 diluvio,
997 1320 1116 1359 cum
1149 1321 1211 1359 ex
1254 1308 1380 1377 ipsis
1412 1310 1665 1378 operibus
1701 1327 1915 1386 causam
1961 1328 2111 1368 suam

521 1389 865 1447 defendisset.
896 1395 962 1448 Et
985 1395 1121 1464 apud
1144 1396 1478 1454 Ezechielem
1508 1401 1771 1468 similiter,
1799 1418 1917 1457 cum
1941 1404 2114 1478 Baby-

521 1479 646 1536 lone
660 1482 871 1553 degenti
891 1501 1010 1554 qtne
1031 1486 1377 1560 Jerosolymis
1405 1490 1592 1547 fierent
1614 1495 1749 1548 mala
1773 1507 1896 1551 ante
1925 1498 2109 1552 oculos

518 1574 693 1638 posuit
731 1575 750 1643 (
769 1574 954 1630 Ezech.
983 1577 1075 1649 5).
1110 1579 1345 1651 Itemque
1368 1598 1489 1637 cum
1558 1585 1805 1641 Jeremia:
1859 1588 2103 1658 dicebat,

514 1661 643 1717 Noli
693 1683 787 1735 pro
835 1668 960 1736 ipsis
1012 1687 1178 1736 orare,
1238 1682 1294 1726 ιιι
1338 1690 1554 1729 causam
1598 1691 1748 1732 suam
1791 1678 2105 1736 defenderet

510 1753 642 1807 dixit
671 1773 684 1808 :
717 1757 794 1810 Αη
825 1775 924 1812 non
941 1759 1077 1814 vides
1103 1763 1224 1830 quid
1263 1765 1346 1818 isti
1369 1766 1563 1833 faciunt
1592 1767 1740 1839 (Jer.
1766 1771 1820 1824 7.
1847 1772 1933 1825 16.
1960 1771 2103 1842 I7)?

508 1841 575 1898 Et
607 1845 799 1916 ubique
825 1848 961 1902 idem
994 1850 1117 1904 facit
1145 1869 1159 1904 :
1189 1853 1267 1907 sic
1292 1865 1346 1908 et
1371 1855 1472 1910 hoc
1505 1856 1642 1912 loco.
1671 1860 1807 1927 Quid
1830 1861 1971 1915 enim
1991 1864 2100 1918 ait?

505 1930 596 1983 41.
636 1929 745 1984 Viri
772 1931 1016 1988 Ninivitaa
1041 1948 1262 2007 surgent.
1297 1949 1343 1991 et
1371 1941 1772 1997 condemnabam
1815 1949 2097 2015 generatio-

502 2039 616 2076 nem
655 2025 825 2088 istam,
856 2029 974 2097 quin
1020 2033 1360 2099 paenitentiam
1386 2045 1592 2103 egerunt
1637 2038 1691 2091 in
1736 2040 2096 2108 prazdicatione

499 2113 667 2168 Jama.
695 2114 763 2168 Et
781 2133 893 2170 ecce
913 2121 1028 2188 plus
1053 2121 1380 2190 quamJonas
1399 2126 1497 2179 Ιιὶσ.
1531 2127 1622 2182 Ille
1648 2144 1877 2201 namque
1905 2147 2092 2189 servus

496 2214 630 2271 erat,
659 2223 762 2278 ego
809 2210 1101 2279 Dominus;
1137 2215 1223 2290 ille
1252 2233 1316 2270 ex
1346 2231 1470 2273 ceto
1495 2221 1654 2284 exiit,
1685 2238 1784 2292 ego
1812 2241 1875 2279 ex
1919 2239 2090 2283 morte

493 2300 732 2364 surrexi;
757 2300 847 2356 ille
865 2303 1126 2358 excidium
1153 2309 1458 2376 prwdicavit
1476 2351 1492 2376 ,
1514 2327 1614 2379 ego
1639 2329 1861 2384 regnum
1881 2333 2088 2374 annun-

494 2391 630 2446 tians
655 2393 794 2448 veni.
843 2395 908 2450 Et
936 2396 1010 2450 illi
1041 2398 1256 2467 quidem
1297 2401 1499 2472 absque
1524 2405 1677 2474 signo
1705 2409 2080 2478 crediderunt,

491 2497 590 2552 ego
619 2499 745 2539 vero
770 2487 933 2540 multa
962 2489 1176 2544 exhibui
1221 2493 1391 2561 signa.
1431 2493 1509 2548 Illi
1550 2495 1681 2551 nihil
1733 2499 1874 2553 aliud
1921 2517 2079 2571 quam

487 2575 576 2629 illa
624 2577 779 2633 verba
830 2579 1132 2646 audierunt,
1186 2597 1288 2654 ego
1330 2600 1458 2639 vero
1485 2587 1683 2642 nullam
1725 2605 1828 2644 non
1859 2591 2079 2649 adhibui

485 2667 835 2738 philosophia:
876 2674 1132 2741 speciem.
1167 2674 1258 2731 Ille
1305 2678 1547 2734 minister
1573 2681 1806 2742 advenit.
1837 2700 1938 2754 ego
1965 2688 2078 2756 ipse

484 2758 788 2816 dominator
812 2773 860 2817 et
885 2765 1120 2819 omnium
1149 2766 1406 2823 Dominus
1423 2772 1565 2838 veni,
1593 2787 1697 2827 non
1720 2776 2072 2842 comminans,

481 2866 588 2906 non
628 2854 863 2910 rationes
891 2867 1167 2926 expetens,
1215 2861 1310 2916 sed
1361 2865 1567 2918 veniam
1615 2865 1865 2924 aﬂ‘erens.
1900 2869 1965 2924 Et
1995 2871 2073 2926 illi

480 2943 692 3013 quidem
738 2946 984 3012 barbari,
1040 2949 1092 3004 hi
1136 2967 1262 3007 vero
1309 2969 1428 3009 cum
1483 2961 1747 3014 sexcentis
1797 2963 2073 3032 prophetis

478 3037 673 3090 versati
729 3050 870 3092 sunt.
928 3041 1003 3096 De
1043 3041 1136 3097 illo
1191 3045 1364 3100 nullus
1411 3049 1788 3123 .pra'dixerat,
1863 3054 1932 3110 de
1984 3073 2070 3114 me

479 3143 671 3184 omnes
745 3132 1110 3200 pratdixcruut
1145 3178 1159 3200 ,
1219 3148 1272 3191 et
1353 3154 1513 3208 opera
1589 3144 1762 3199 verbis
1830 3161 2066 3203 consona

475 3216 640 3275 fuere.
684 3219 781 3276 Ille
826 3223 958 3293 fugit
997 3226 1233 3295 abiitque
1283 3244 1349 3284 ne
1397 3232 1762 3302 dcrideretur;
1817 3253 1918 3308 ego
1968 3241 2064 3294 ad-

474 3311 613 3376 veni,
659 3313 758 3366 etsi
797 3315 988 3369 scirem
1025 3327 1079 3371 et
1115 3333 1328 3374 crucem
1369 3332 1418 3376 et
1463 3324 1735 3382 irrisiones
1782 3344 2062 3398 passurum

469 3417 554 3454 me
584 3417 724 3458 esse.
760 3404 850 3460 Ille
885 3421 953 3462 ne
981 3410 1324 3478 opprobrium
1346 3414 1558 3484 quidem
1589 3418 1707 3472 tulit
1736 3435 1833 3489 pro
1865 3421 1929 3476 iis
1971 3424 2060 3493 qui

469 3494 660 3547 servati
689 3504 740 3548 et
755 3495 964 3552 liberati
990 3508 1132 3566 sunt,
1154 3517 1255 3572 ego
1276 3516 1498 3560 mortem
1528 3508 1778 3574 sustinui,
1806 3523 2062 3568 mortem-

466 3599 570 3653 que
601 3587 982 3657 turpissimam,
1011 3601 1067 3645 et
1117 3603 1238 3662 post
1290 3594 1404 3650 haec
1451 3598 1583 3653 alios
1633 3601 1804 3656 mitto.
1853 3604 1918 3657 Et
1968 3605 2059 3662 ille

447 3675 676 3742 quidem
705 3687 993 3735 extraneus
1019 3692 1135 3736 erat
1160 3692 1214 3738 et
1236 3686 1466 3755 ignows,
1494 3704 1594 3759 ego
1613 3692 1905 3748 secundum
1933 3711 2054 3750 car-

462 3781 584 3820 nem
606 3767 794 3823 iisdem
825 3763 1254 3842 progenitoribus
1283 3788 1430 3833 ortus
1467 3793 1605 3836 sum.
1638 3783 1793 3840 Plura
1814 3787 1914 3841 alia
1937 3791 2056 3859 quis

461 3858 808 3928 disquirendo
835 3878 1125 3934 congerere
1155 3871 1340 3938 possit.

528 3953 580 4008 5.
617 3953 732 4013 Ipse
766 3969 895 4010 vero
924 3972 1030 4012 non
1074 3958 1160 4015 hic
1186 3963 1407 4031 gradum
1443 3968 1602 4036 sistit,
1634 3971 1728 4027 sed
1755 3974 1896 4030 aliud
1930 3993 2053 4047 pro-

459 4044 606 4112 ponit
631 4049 955 4118 exemplum,
979 4051 1165 4107 dicens
1195 4072 1208 4109 :
1239 4056 1328 4111 42.
1357 4058 1554 4131 Regina
1594 4066 1766 4120 Austri
1799 4083 1969 4141 surget
1996 4074 2049 4127 in

443 4136 646 4201 judicio
687 4157 802 4194 cum
838 4146 1158 4212 generatione
1181 4149 1297 4214 ista,
1335 4161 1382 4206 et
1403 4155 1752 4214 condemnabit
1771 4179 1855 4217 eos
1881 4181 1900 4218 :
1929 4168 2050 4233 quia

455 4230 587 4283 venit
609 4248 642 4284 α
667 4233 856 4300 ﬁnibus
884 4245 1034 4294 terra
1073 4251 1128 4294 ut
1164 4244 1365 4301 audiret
1397 4250 1697 4318 sapientiam
1730 4254 2042 4316 Salomonis.

452 4319 522 4376 Et
541 4337 653 4376 ecce
679 4325 796 4393 plus
822 4343 974 4396 quam
1001 4329 1249 4390 Salomon
1268 4336 1370 4392 hic.
1399 4337 1513 4395 Hoc
1543 4343 1720 4412 priore
1741 4349 1912 4416 majus
1939 4362 2040 4406 est.

451 4409 585 4465 Nam
614 4412 777 4470 Jonas
805 4419 871 4472 ad
899 4418 1165 4479 Ninivilas
1187 4427 1314 4482 abiit
1339 4446 1355 4494 ;
1378 4409 1558 4502 regina
1580 4451 1710 4492 vero
1732 4443 1911 4496 Austri
1935 4459 2041 4500 non

451 4508 782 4574 exspectavit
803 4519 861 4563 ut
887 4510 1145 4571 Salomon
1185 4519 1354 4588 ipsam
1385 4524 1578 4590 adiret,
1606 4531 1701 4584 sed
1746 4531 1834 4586 illa
1867 4534 2038 4603 ipsum

447 4595 599 4663 adiit,
636 4599 738 4654 etsi
754 4611 807 4655 et
835 4604 1028 4660 mulier
1061 4619 1115 4662 et
1143 4608 1399 4676 barbara,
1447 4624 1702 4689 tantoque
1745 4595 1919 4692 spatio
1950 4644 2038 4682 re-

447 4696 589 4742 mota
615 4699 778 4755 esset,
809 4709 914 4748 non
957 4697 1118 4752 minis
1160 4700 1498 4775 inStantibus,
1546 4725 1653 4765 non
1700 4725 1926 4772 mortem
1969 4720 2036 4774 ti-

446 4795 636 4848 mens,
669 4783 763 4838 sed
792 4785 909 4842 solo
961 4791 1279 4859 sapientium
1334 4797 1621 4856 verborum
1678 4820 1880 4863 amore.
1928 4813 2035 4870 Sed

444 4869 581 4925 Ecce
600 4874 717 4942 plus
748 4892 900 4946 quam
931 4877 1178 4938 Salomon
1206 4887 1308 4941 hic.
1343 4887 1458 4945 lllic
1481 4893 1624 4950 enim
1651 4899 1843 4955 mulier
1867 4869 2033 4960 adveé

441 4965 540 5030 nit,
569 4964 674 5022 huc
692 4982 793 5039 ego
815 4971 960 5026 veni.
983 4971 1072 5027 Illa
1094 4991 1121 5028 a
1151 4976 1344 5033 finibus
1371 4991 1527 5038 terra:
1556 4988 1785 5054 profecta
1807 5003 1906 5056 est,
1933 5011 2033 5066 ego

444 5055 606 5112 urbes
633 5069 689 5114 et
708 5062 854 5116 vicos
873 5063 1163 5121 circumeo.
1191 5069 1256 5124 Et
1299 5071 1386 5127 ille
1415 5076 1630 5144 quidem
1658 5080 1726 5136 de
1745 5055 2028 5145 arboribus

436 5158 492 5202 et
513 5149 705 5217 plantis
724 5153 1039 5220 disserebat,
1058 5174 1178 5228 qua:
1197 5177 1302 5218 non
1323 5168 1547 5222 multum
1570 5170 1713 5226 illam
1736 5192 1796 5232 se
1821 5179 2028 5236 adeuno

437 5246 546 5294 tem
572 5241 760 5310 juvare
795 5255 1076 5316 poterant;
1109 5267 1209 5322 ego
1236 5270 1364 5310 vero
1391 5258 1459 5314 de
1488 5262 1840 5323 inefl‘abilibus
1865 5273 2026 5329 rebus

433 5340 489 5385 et
514 5337 804 5390 tremendis
829 5343 1118 5410 mysteriis.
1147 5343 1434 5418 Postquam
1480 5370 1611 5426 ergo
1644 5358 1765 5414 illos
1793 5363 2020 5419 damna-

428 5424 524 5489 vit,
558 5428 846 5484 ostendens
885 5432 952 5487 ab
979 5437 1124 5490 omni
1155 5440 1306 5494 venia
1331 5441 1487 5513 longe
1515 5448 1717 5505 alienos
1740 5469 1879 5523 esse,
1913 5459 2024 5515 illo-

427 5528 654 5585 rumque
676 5517 1093 5582 inobedientiam
1117 5544 1182 5584 ex
1209 5530 1416 5601 ingrato
1445 5536 1656 5595 illorum
1679 5546 1880 5614 animo,
1909 5566 2015 5608 non

429 5622 493 5659 ex
524 5607 760 5667 doctoris
792 5613 1152 5699 imbecillitate
1190 5624 1488 5694 proficisci;
1543 5630 1753 5705 hocque
1793 5607 1901 5695 tum
1948 5659 2013 5700 ex

425 5698 544 5752 aliis
561 5702 762 5769 multis,
789 5713 899 5761 tum
921 5697 1168 5781 exemplo
1189 5712 1541 5776 Ninivitarum
1570 5732 1626 5778 et
1645 5727 1843 5797 regina:
1862 5746 2010 5788 com-

426 5795 741 5848 monstravit
771 5814 784 5851 :
815 5807 938 5855 tunc
964 5803 1280 5874 supplicium
1325 5809 1471 5879 ipsos
1504 5795 1850 5888 excepturum
1879 5829 2008 5883 acui-

2229 953 2544 1025 mundatam,
2571 975 2618 1016 et
2637 981 2888 1027 ornatam.
2917 980 2986 1027 45‘

3355 1041 3399 1048 ,-
3420 1041 3625 1058 _--.......
3651 1041 3828 1063 “tum

2227 1041 2355 1156 alios
2373 1061 2560 1117 septem
2597 1058 2807 1126 spiritus
2849 1071 3106 1138 nequiores
3131 1095 3203 1138 se.
3242 1094 3286 1136 et
3324 1087 3569 1149 intrantes
3594 1096 3828 1156 habitant

2923 1131 2932 1138 Ι
3166 1131 3203 1138 γ,
3244 1131 3283 1136 ,ν
3325 1131 3412 1141 ...η
3427 1131 3568 1149 ιιι-ιιι.
3594 1131 3820 1156 ιιιιυηακι

2313 1151 2334 1189 :
2359 1148 2405 1190 et
2443 1142 2572 1234 ﬁunt
2602 1152 2870 1210 novissima
2913 1161 3131 1221 Itominis
3180 1173 3320 1229 illius
3345 1182 3520 1251 pejora
3541 1191 3820 1256 prioribus.

3203 1224 3315 1229 __——-v
3345 1224 3397 1246 ri.
3432 1224 3519 1237 III"

2228 1224 2319 1280 Sic
2343 1233 2436 1284 erit
2465 1245 2512 1288 et
2539 1229 2849 1307 generationi
2890 1252 3022 1310 huic.
3073 1261 3205 1318 Iliuc
3253 1224 3507 1342 ostenldit,

2228 1320 2269 1342 !_
2305 1323 2330 1342 Ρ
2349 1336 2376 1342 ν-
2533 1341 2538 1342 ν

3265 1320 3404 1326 --.---
3429 1320 3507 1342 ..-,
3561 1320 3680 1337 uulua
3708 1320 3818 1342 IIUII

2220 1320 2273 1374 in
2305 1323 2480 1382 futuro
2528 1341 2731 1392 tantum
2763 1347 2981 1412 sarculo,
3014 1354 3108 1407 scd
3136 1359 3295 1414 etiam
3328 1365 3378 1418 in
3408 1377 3657 1435 presenti
3688 1394 3818 1447 gra-

2220 1413 2431 1447 uiceimn
2467 1437 2710 1447 *λων-η’*
2927 1439 2968 1447 ““

3270 1413 3293 1414 η
3408 1413 3657 1435 μνη...
3708 1413 3817 1434 -...-

2218 1413 2432 1471 vissima
2465 1437 2715 1490 passuros
2744 1447 2882 1489 esse.
2923 1439 3058 1497 Nam
3098 1450 3220 1514 quia
3271 1453 3505 1527 dicebat,
3551 1413 3817 1528 Ninifitas

3117 1504 3127 1514 l
3281 1504 3505 1527 ,_---...,
3551 1504 3816 1528 ιιιυινιιιιδ

2215 1504 2608 1571 insurrecturos
2633 1520 2687 1575 in
2709 1522 2933 1592 judicio,
2961 1548 3014 1587 et
3060 1536 3198 1595 hanc
3237 1553 3636 1613 generationem
3679 1576 3816 1616 con-

2219 1595 2326 1616 ,7,
2412 1615 2420 1616 ,

3239 1595 3268 1613 σ
3307 1595 3636 1610 --.ι--ι---υιινιιι
3679 1595 3812 1616 LIIII-

2211 1595 2554 1661 demnaturos
2586 1628 2600 1663 :
2632 1627 2702 1668 ne
2739 1617 2807 1672 ob
2850 1630 3104 1693 temporis
3154 1633 3554 1702 diuturnitatem
3599 1650 3812 1709 ἰάσομ-

2211 1691 2534 1751 temnerent.
2580 1705 2636 1750 et
2679 1691 3090 1772 negligentiores
3127 1721 3435 1793 evaderent,
3486 1733 3666 1790 hacin
3695 1742 3806 1796 vita

3335 1777 3435 1793 ,,s-'
3486 1777 3586 1788 -.κν
3613 1777 3665 1790 ιιι
3704 1777 3806 1796 vlla

2206 1777 2385 1842 gravia
2407 1783 2544 1837 mala
2573 1787 2701 1855 ipsis
2718 1794 2987 1853 subeunda
3015 1811 3218 1865 statuit.
3245 1813 3396 1881 Quod
3422 1827 3809 1887 comminando

2206 1868 2271 1887 ll-
2286 1883 2301 1887 -
2321 1885 2332 1887 -
2507 1876 2520 1887 ¹
2676 1883 2706 1887 “’

2204 1868 2341 1924 Osee
2370 1876 2625 1944 propheta
2656 1883 2866 1944 dicebat
2890 1909 2902 1943 :
2930 1893 3099 1952 Erunt
3140 1902 3206 1956 Ut
3249 1868 3806 1980 prop—Itetauiiiuiiieii‘ii:

2201 1977 2426 2032 excessu,
2455 1979 2511 2024 ut
2537 1973 2687 2030 Itomo
2707 1996 2740 2032 a
2766 1984 2948 2052 spiritu
2973 1973 3258 2063 correptus-
3281 2001 3303 2073 (
3331 1973 3457 2061 Osee
3496 2011 3550 2065 9.
3578 2013 3610 2068 7
3633 2013 3649 2075 )

2197 2059 2457 2174 est.ysicut
2479 2068 2956 2144 pseudopropheta:
2986 2083 3242 2158 furentes,
3287 2059 3690 2164 ‘debaechantes’
3713 2153 3727 2174 ,
3763 2129 3798 2168 δ

2197 2147 2442 2261 malignis
2474 2159 2747 2225 Spiritibus
2783 2170 2984 2238 agitati.
3011 2175 3143 2234 Nam
3171 2147 3257 2238 hic

3422 2238 3594 2253 πη...
3626 2238 3794 2260 ..ητι-

2193 2238 2306 2308 ligit
2351 2256 2528 2304 mente
2576 2265 2810 2324 captum,
2861 2238 3413 2347 pseudopropltetam:
3452 2291 3635 2356 quales
3663 2308 3794 2354 sunt

3073 2336 3083 2339 _
3172 2336 3182 2343 _
3392 2336 3403 2347 ,
3458 2336 3635 2356 νην

2191 2342 2357 2388 vates.
2390 2336 2504 2394 Hoc
2534 2342 2703 2412 ipsum
2738 2349 2985 2412 Christus
3011 2361 3317 2430 significans
3347 2374 3472 2431 dicit
3512 2381 3655 2450 ipsos
3685 2403 3790 2442 ex-

2191 2430 2352 2450 ._A___
2385 2443 2502 2450 νυ
2529 2449 2536 2450 ί
2845 2444 2938 2450 __-_

2190 2430 2364 2548 trem:
2385 2443 2636 2497 passuros
2663 2453 2800 2496 esse.
2845 2444 3032 2504 νίιίεῐν
3058 2469 3166 2524 quo
3195 2474 3351 2528 pacto
3383 2430 3790 2548 ipsnslundique

2190 2513 2328 2548 ἰηιηιι
2372 2531 2418 2548 ..ο
2453 2533 2505 2548 ...
2538 2525 2683 2548 ,νμμ
2725 2542 2786 2548 ν--
2883 2537 2896 2548 .

3076 2513 3091 2524 .
3195 2513 3210 2528 ι
3271 2513 3346 2518 ---ν
3383 2513 3395 2520 -
3438 2513 3528 2526 νυν
3551 2513 3689 2531 ιιΙΙυΙΙ
3719 2513 3786 2537 ηε

2188 2513 2424 2583 impellat
2453 2533 2509 2577 ut
2533 2525 2689 2584 dictis
2715 2537 3012 2607 attendant,
3043 2561 3072 2599 a
3109 2513 3481 2626 praisentibiis,
3510 2580 3536 2616 a
3567 2513 3786 2638 futuiis,

2188 2607 2250 2638 [ιιι
2271 2609 2330 2638 ::n
2360 2616 2444 2638 ι---ξ
2475 2616 2554 2638 ί--ί
2587 2636 2600 2638 -

3109 2607 3124 2618 _
3263 2607 3271 2608 ,
3326 2607 3481 2626 ----_-,
3510 2607 3536 2616 ..
3567 2607 3783 2638 ........s,

2183 2607 2332 2663 abiis
2357 2616 2444 2682 qui
2473 2616 2608 2674 bene
2642 2639 2753 2679 rem
2781 2645 3081 2700 gesserunt,
3101 2643 3414 2712 aNinivitis,
3450 2656 3690 2725 inquam,
3725 2681 3783 2721 et

2180 2703 2441 2812 trt‘regina,
2466 2711 2534 2764 ab
2560 2711 2624 2768 iis
2648 2719 2737 2785 qui
2765 2723 2988 2794 collapsi
3013 2736 3344 2808 sunt,Tyriis
3371 2756 3422 2799 et
3447 2703 3737 2809 Soilomitis
3758 2759 3784 2812 ?

2179 2789 2328 2857 Quod
2357 2799 2517 2854 etiam
2551 2811 2821 2876 prophetae
2842 2789 3126 2892 faciebant,
3159 2789 3294 2884 filios
3317 2834 3588 2896 Ilechabin
3617 2846 3776 2901 indu-

2177 2895 2358 2940 centes
2380 2898 2428 2942 et
2449 2906 2699 2962 sponsam
2722 2917 2842 2971 qute
2877 2922 3098 2968 ornatus
3119 2925 3319 2989 proprii
3365 2938 3419 2980 et
3466 2947 3614 2988 zona:
3658 2954 3777 2995 stlte

2177 2988 2282 3029 non
2308 2979 2659 3055 obliviscitur,
2687 3003 2739 3047 et
2775 2997 2964 3056 bovem
2994 3009 3082 3074 qui
3116 3014 3261 3068 novit
3292 3033 3683 3098 puSsessorem,
3712 3044 3775 3090 et

3013 3067 3023 3074 _
3247 3067 3255 3068 κ
3292 3067 3317 3085 r
3362 3067 3683 3098 νςνυνυιωιι,
3712 3067 3769 3090 GI

2172 3067 2380 3125 asinum
2410 3078 2499 3144 qui
2530 3095 2772 3156 prtesepe
2801 3097 2969 3149 novit.
3004 3098 3094 3157 Sic
3123 3115 3176 3160 et
3204 3107 3306 3165 huc
3340 3113 3460 3171 loco
3485 3136 3512 3172 a
3544 3137 3769 3196 compa-

2172 3162 2379 3196 rglinno
2409 3167 2667 3196 ἔκλειψιν-ν
2702 3181 2751 3196 "'
3031 3194 3039 3196 ’

2237 3344 2538 3408 Judteorum
2581 3371 2695 3428 post
2733 3364 2986 3426 Christum
3023 3392 3208 3434 caesum
3268 3387 3547 3448 damnatio.
3591 3398 3764 3457 ,Ιαάωὶ

3591 3437 3762 3457 -..κω

2165 3437 2256 3490 sub
2302 3438 2515 3500 Iuliano
2559 3465 2794 3518 apostata
2832 3466 3100 3530 gentilibus
3124 3473 3308 3539 juncti.
3337 3509 3407 3520 —-
3436 3484 3572 3552 Quid
3605 3490 3764 3560 igitur

2165 3540 2242 3560 ορ.
2299 3533 2347 3560 :.t
2393 3553 2486 3560 --μ
2517 3541 2528 3560 ι
2583 3544 2614 3560 ι·
2656 3547 2686 3560 σ-
2774 3550 2797 3560 ι-
2840 3553 2888 3560 *-

2164 3540 2247 3653 est
2297 3533 2347 3588 id
2388 3541 2528 3606 quod
2564 3544 2798 3603 dicitur?
2835 3553 2982 3613 Sicut
3009 3561 3364 3640 dzemouiaci,
3395 3533 3758 3646 inquitittm

3031 4636 3036 4638 γ
3227 4636 3240 4650 ,
3273 4636 3286 4638 ,
3431 4636 3548 4658 Ἰν...

2144 4636 2277 4756 istis
2305 4639 2608 4756 Dabylone,
2660 4653 2710 4706 in
2743 4655 2996 4730 Egypto,
3029 4677 3082 4722 et
3109 4673 3212 4727 sub
3248 4677 3514 4738 Antiocho
3541 4636 3728 4756 primo.

2818 4723 2900 4730 Ἦ--
2984 4723 2994 4728 ,
3148 4723 3205 4727 vv
3248 4723 3513 4738 -—----uv--u
3560 4723 3728 4746 ηηιιυ.

2139 4723 2272 4780 Nam
2329 4730 2485 4804 longe
2513 4738 2578 4793 iis
2625 4750 2898 4814 asperiora
2937 4758 3252 4820 acciderunt
3298 4723 3625 4842 Vespasitino
3678 4792 3730 4837 et

2141 4816 2258 4842 ⁷1⁸2.-
2302 4823 2345 4842 .l,
2382 4827 2434 4842 και
2610 4837 2634 4842 λ

2141 4816 2262 4874 Tito
2296 4823 2540 4883 ducibus.
2601 4837 2938 4912 Quapropter
2985 4816 3261 4912 dicebat“:

2139 4926 2346 4983 magna,
2377 4923 2544 4988 qualis
2569 4941 2842 4999 numquam
2871 4939 2989 5007 fuit,
3023 4959 3183 5014 neque
3201 4951 3293 5003 erit
3311 4960 3522 5031 postea(
3539 4961 3725 5020 Matth.

2139 5003 2200 5031 ο,
2255 5007 2314 5031 ο,
2343 5007 2359 5031 ,
2406 5012 2470 5031 ,τί
2625 5021 2635 5031 .
2661 5020 2674 5031 .
2766 5026 2779 5031 -
2905 5029 2914 5031 -

2871 5003 2880 5007 -
2975 5003 2982 5005 .
3096 5003 3107 5014 ,
3311 5003 3482 5022 rm-..
3503 5003 3519 5031 κ
3539 5003 3722 5020 ..

2135 5003 2226 5058 24.
2255 5007 2314 5062 21
2340 5007 2382 5082 ).
2406 5012 2588 5084 Neque
2625 5020 2674 5074 id
2703 5026 2872 5081 solum
2904 5029 3005 5088 Itoc
3034 5041 3279 5109 exemplo
3298 5046 3722 5124 significabatur;

2136 5097 2226 5124 οηιι
2272 5102 2424 5124 Α.ε----
2475 5106 2500 5124 ι·
2633 5113 2642 5123 ι
2938 5123 2941 5124 ,

2135 5097 2228 5151 sed
2269 5102 2428 5157 etiam
2473 5106 2587 5164 fore
2632 5113 2774 5181 ipsos
2801 5123 2947 5177 omni
2979 5126 3174 5186 virtute
3201 5097 3421 5204 vacugs,
3452 5152 3509 5198 et
3549 5160 3578 5198 a
3612 5101 3723 5201 dtu:

2133 5191 2380 5248 monibus
2431 5197 2643 5259 facilius
2683 5222 2840 5275 quam
2886 5225 3012 5271 ante
3060 5219 3408 5284 invadendos.
3440 5231 3572 5288 Nam
3600 5245 3724 5295 tunc

2131 5281 2232 5333 etsi
2279 5299 2563 5352 peccarent
2586 5335 2602 5361 ,
2657 5306 2712 5350 at
2735 5311 2892 5356 erant
2921 5305 3059 5362 inter
3083 5327 3177 5367 eos
3214 5317 3423 5374 virtutis
3449 5325 3717 5397 cultores,

2131 5371 2313 5397 mh“,
2340 5379 2374 5397 η
2415 5381 2426 5390 .
2596 5387 2643 5397 ..
2745 5392 2754 5397 -
2841 5392 2868 5397 μ

2129 5371 2316 5429 aderat
2339 5379 2427 5432 Dei
2461 5387 2809 5456 providentia,
2835 5392 3172 5472 Spiritusque
3215 5411 3384 5477 gratia
3419 5416 3551 5483 ipsis
3598 5373 3720 5489 pro:

2129 5462 2312 5489 “2.1..--
2369 5469 2442 5489 3—~
2745 5482 2754 5489 ‘

2879 5462 2889 5464 _
3082 5462 3097 5472 ,
3216 5462 3246 5477 υ
3287 5462 3306 5464 η
3337 5462 3382 5466 __
3419 5462 3548 5483 -,,-..,

2126 5462 2333 5532 videns,
2369 5469 2514 5538 ipsos
2563 5482 2875 5551 emendatis,
2929 5504 3132 5560 suaque
3177 5501 3354 5555 omnia
3406 5462 3715 5572 pursuits;

2125 5570 2269 5612 nunc
2287 5574 2488 5632 autem,
2517 5569 2611 5633 ait,
2638 5576 2968 5640 providentia
2999 5585 3081 5638 illa
3104 5604 3325 5658 prorsus
3349 5601 3500 5653 vacui
3529 5616 3712 5669 erunt,

2121 5647 2194 5702 ita
2227 5661 2283 5706 ut
2310 5657 2482 5726 major
2510 5661 2580 5716 sit
2607 5679 2748 5721 nunc
2777 5669 2984 5729 virtutis
3015 5680 3228 5745 raritas,
3261 5685 3584 5747 calamitatis
3611 5696 3712 5761 vis,

2123 5748 2172 5761 Α·
2203 5742 2269 5761 .Ι--
2724 5758 2734 5761 “

2119 5748 2175 5792 et
2196 5742 2496 5804 daemonum
2527 5758 2798 5824 tyrannica
2822 5773 3080 5830 potestas.
3120 5742 3302 5830 Nostis
3343 5789 3493 5836 certe
3537 5785 3590 5838 in
3614 5742 3711 5856 ge:

2117 5838 2397 5897 neralione
2440 5841 2539 5902 hac
2567 5861 2688 5906 cum
2729 5851 2972 5914 lulianus
2999 5859 3220 5936 fureret,
3249 5871 3520 5939 quomodo
3543 5838 3713 5935 ,ιιιδωὶ
