4074 6358
121 387 139 430 ε
186 394 285 450 :59

187 508 416 577 ἔρωτας,
452 505 572 558 τότε
610 507 805 574 ἐπάγει
843 508 900 560 :6
927 506 1055 578 πῦρ.
1099 511 1208 563 Καὶ
1231 513 1320 564 ἐπὶ
1347 513 1441 566 τοῦ
1468 513 1852 584 κατακλυσμοῦ

184 593 238 647 δέ
257 595 318 646 :6
336 595 475 646 a6:6
492 592 649 647 τοῦτο
676 595 918 665 ἐποίησε,
944 595 1031 648 διὰ
1051 597 1160 651 τῶν
1179 599 1356 669 ἔργων
1377 601 1854 671 ἀπολογησάμενος

48 691 128 732 nm;
185 679 260 749 τῷ
288 679 560 734 Νῶε.Καὶ
584 679 660 751 τῷ
705 680 960 751 Ἰεζεχιὴλ
992 681 1051 734 δὲ
1076 683 1296 751 ὁμοίως,
1331 686 1418 737 ὅτε
1454 686 1569 740 ³⁸.³⁹
1593 688 1648 738 ἐν
1683 686 1855 738 Βαϐυ-

93 796 126 830 ειεε
187 767 314 819 λῶνι
341 767 603 835 διάγοντα
644 769 712 822 τά
745 769 803 820 ἐν
846 769 1236 840 Ἰεροσολύμοις
1277 772 1402 825 ἰδεῖν
1436 774 1657 844 ἐποίησε
1683 775 1850 831 κακά.

615 507 632 532 ι

189 853 296 906 Καὶ
323 853 402 923 τῷ
445 855 682 926 Ἱερεμίᾳ
712 856 768 908 δὲ
816 856 994 918 πάλιν,
1025 857 1113 910 ὅτε
1151 857 1323 926 ἔλεγε,
1359 861 1456 926 Μὴ
1488 861 1853 929 προσεύχου,

187 941 622 1010 ἀπολογούμενος
644 942 827 1010 ἔλεγεν
848 961 860 974 ·
885 946 961 998 ‘H
977 947 1090 1012 οὐχ
1134 944 1280 1012 ὁρᾷς
1298 947 1355 998 τι
1380 943 1546 1001 οὗτοι
1578 947 1854 1011 ποιοῦσι;

188 1027 293 1078 Καὶ
324 1028 602 1098 πανταχοῦ
637 1028 696 1081 τὸ
718 1030 849 1082 αὐτὸ
869 1030 1027 1083 τοῦτο
1057 1035 1218 1098 ποιεῖ,
1241 1033 1270 1085 ὃ
1305 1032 1368 1104 δὴ
1403 1034 1496 1086 καὶ
1515 1033 1768 1087 ἐνταῦθα.
1791 1034 1855 1086 Τί

185 1113 290 1183 γάρ
322 1130 528 1183 φησιν;
579 1115 820 1184 Ἄνδρες
863 1118 1163 1172 Νινευΐται
1217 1120 1710 1189 ἀναστήσονται,
1755 1121 1853 1174 καὶ

186 1201 615 1267 κατακρινοῦσι
660 1202 774 1269 τὴν
819 1205 1033 1272 γενεὰν
1065 1206 1323 1271 ταύτην·
1352 1206 1441 1259 ὅτι
1480 1210 1858 1276 μετενόησαν

187 1290 272 1351 εἰς
305 1287 372 1338 τὸ
405 1287 681 1356 κήρυγμα
725 1289 924 1344 Ἰωνᾶ·
962 1291 1058 1344 καί
1090 1292 1220 1344 ἰδοὺ
1255 1294 1468 1346 πλεῖον
1517 1293 1685 1347 Ἰωνᾶ
1715 1288 1852 1348 ὧδε.

198 1375 254 1428 '0
290 1375 392 1445 μὲν
420 1376 531 1447 γὰρ
549 1379 754 1444 δοῦλος,
781 1379 889 1448 ἐγὼ
909 1380 965 1433 δέ
991 1383 1290 1452 Δεσπότης·
1323 1385 1417 1435 καὶ
1447 1384 1475 1435 6
1521 1384 1619 1454 μὲν
1651 1386 1714 1436 ἐκ
1752 1385 1856 1454 κή-

187 1480 308 1526 τους
344 1463 593 1534 ἐξῆλθεν,
643 1466 752 1534 ἐγὼ
790 1468 846 1520 δέ
886 1471 950 1521 ἐκ
1006 1468 1236 1522 Θανάτου
1268 1471 1526 1541 ἀνέστηνο
1562 1472 1656 1525 καὶ
1697 1473 1726 1524 6
1758 1472 1856 1542 μὲν

186 1552 568 1623 καταστροφὴν
595 1554 878 1625 ἐκήρυξεν,
911 1555 1020 1623 ἐγὼ
1042 1556 1096 1610 δὲ
1129 1556 1403 1626 βασιλείαν
1430 1554 1591 1629 ἦλθον
1624 1560 1856 1628 εὐαγγε-

81 1635 110 1659 τ·
187 1637 493 1708 λιζόμενος.
527 1641 637 1694 Καὶ
665 1643 713 1693 οί
747 1639 898 1714 [ibi]
928 1644 1025 1712 μὲν
1051 1645 1219 1714 χωρὶς
1251 1645 1476 1714 σημείου
1507 1647 1854 1711 ἐπίστευσαν,

49 1718 107 1753 rh:
187 1724 294 1793 ἐγὼ
308 1727 365 1779 δὲ
394 1727 567 1781 πολλὰ
587 1732 787 1798 σημεῖα
806 1729 1186 1801 ἐπεδειξάμην.
1211 1733 1321 1784 Καὶ
1338 1737 1386 1786 οἱ
1409 1733 1505 1802 μὲν
1519 1734 1670 1786 οὐδὲν
1695 1735 1856 1787 πλέον

74 1814 105 1844 δῖ’
185 1812 422 1881 ἤκουσαν
445 1813 553 1866 τῶν
579 1816 838 1885 ῥημάτων
858 1817 1098 1880 ἐκείνων,
1113 1818 1222 1886 ἐγὼ
1247 1820 1302 1872 δὲ
1325 1823 1498 1873 πᾶσαν
1525 1823 1675 1892 ἐκίνη
1686 1840 1752 1875 σα
1773 1839 1861 1890 φι-

89 1909 102 1938 ·έ
185 1898 437 1966 λοσοφίας
463 1900 626 1953 ἰδέαν.
660 1903 808 1956 Καὶὸ
832 1903 930 1972 μὲν
943 1903 1353 1976 διακονούμενος
1378 1908 1726 1977 παρεγένετο,
1752 1908 1862 1977 ἐγὼ

63 2027 66 2034 .
87 2001 99 2035 ι
184 1985 234 2037 δὲ
256 1987 418 2050 αὐτὸς
433 1990 461 2041 6
478 1989 753 2058 Δεσπότης
777 1991 865 2042 καὶ
888 1992 914 2042 6
932 1991 1148 2043 πάντων
1171 1992 1369 2063 Κύριος
1384 1990 1565 2064 ἦλθον,
1587 1995 1684 2048 ούκ
1701 1997 1857 2048 άπειο

46 2092 96 2130 5.1

185 2073 309 2139 λῶν,
359 2079 462 2128 οὐκ
492 2077 739 2130 ἀπαιτῶν
767 2077 1016 2141 εὐθύνας,
1050 2079 1182 2132 ἀλλὰ
1223 2081 1567 2152 συγχώρησιν
1597 2082 1856 2151 κομίζων.

83 2175 95 2212 τ.
184 2161 289 2213 Καὶ
316 2164 364 2214 οῖ
395 2163 498 2232 μὲν
521 2163 819 2234 βάρϐαροι,
841 2159 985 2218 οὗτοι
1007 2167 1064 2218 δέ
1084 2168 1387 2238 προφήταις
1414 2172 1853 2241 συνανεστράφη-

186 2266 282 2300 σαν
314 2250 361 2282 ⁸⁸
395 2252 633 2321 μυρίοις.
675 2254 784 2305 Καὶ
813 2254 944 2324 περὶ
991 2256 1198 2306 ἐκείνου
1243 2256 1340 2324 μὲν
1361 2257 1536 2319 οὐδεὶς
1572 2261 1852 2328 προεῖπεν,

186 2337 310 2407 περὶ
333 2338 468 2408 ἐμοῦ
493 2339 551 2392 δέ
574 2339 832 2402 ἅπαντες,
857 2343 954 2394 καὶ
969 2341 1036 2392 τὰ
1058 2342 1194 2413 ἔργα
1219 2346 1330 2406 τοῖς
1347 2344 1522 2411 λόγοις
1553 2345 1854 2400 συνέϐαινε.

185 2423 450 2488 Κάκεῖνος
501 2427 596 2495 μὲν
635 2426 1057 2497 ἐδραπέτευσεν,
1089 2431 1308 2483 ἀπιέναι
1343 2431 1547 2502 μέλλων
1588 2433 1729 2504 ὑπὲρ
1761 2434 1854 2486 τοῦ

188 2508 258 2580 μὴ
288 2511 650 2580 γελασθῆναιο
684 2513 797 2582 ἐγὼ
829 2515 884 2568 δὲ
927 2515 1086 2580 εἰδὼς
1120 2518 1204 2570 ὅτι
1236 2519 1331 2570 καὶ
1367 2519 1726 2590 σταυροῦσθαι
1763 2521 1856 2573 καὶ

184 2597 445 2663 γελᾶσθαι
503 2600 700 2668 μέλλω,
757 2604 1158 2674 παρεγενόμην.
1200 2607 1309 2658 Καὶ
1361 2607 1568 2670 ἐκεῖνος
1610 2608 1709 2677 μὲν
1735 2608 1854 2660 οὐδὲ

183 2686 545 2757 ὸνειδισθῆναι
579 2690 809 2759 ἠνεγκεν
850 2693 987 2760 ὑπὲρ
1018 2691 1124 2744 τῶν
1150 2693 1468 2763 σωζομένων
1492 2712 1503 2723 '
1536 2695 1647 2762 ἐγὼ
1675 2696 1729 2748 δέ
1763 2698 1855 2748 καὶ

187 2772 413 2826 θάνατον
473 2775 760 2844 ὑπέμεινα,
801 2778 894 2830 καὶ
929 2779 970 2810 ⁸⁸
1020 2778 1248 2832 θάνατον
1285 2780 1376 2832 τὸν
1430 2783 1724 2852 αἴσχιστον,
1761 2786 1854 2837 καὶ

188 2862 322 2928 μετά
356 2863 531 2916 ταῦτα
565 2866 727 2918 πάλιν
754 2867 968 2936 ἐτέρους
1013 2869 1342 2922 ἀποστέλλω.
1377 2872 1487 2924 Καὶ
1513 2872 1542 2922 6
1580 2873 1677 2942 μὲν
1707 2872 1854 2937 ξένος

187 2967 266 3011 τις
292 2945 359 3021 ἦν
390 2953 489 3006 καὶ
525 2953 802 3024 ἀλλότριος
851 2957 943 3007 καὶ
991 2955 1263 3023 ἄγνωστος
1287 2973 1299 2985 ·
1339 2959 1450 3026 ἐγὼ
1498 2960 1553 3012 δέ
1586 2961 1853 3030 συγγενὴς

187 3034 323 3085 κατὰ
353 3035 554 3106 σάρκα,
597 3038 691 3088 καὶ
744 3038 1018 3105 προγόνων
1045 3038 1152 3090 τῶν
1205 3040 1404 3094 αὐτῶν.
1455 3041 1559 3095 Καὶ
1595 3043 1766 3096 πολλὰ
1796 3044 1851 3095 δέ

185 3119 342 3188 ’ἐτερα
367 3123 432 3176 ἄν
463 3139 544 3186 τις
568 3125 885 3192 συναγάγοι,
919 3124 978 3178 :6
1016 3125 1172 3182 πλέον
1209 3129 1498 3200 ἐπιζητῶν.

253 3207 321 3273 γ’.
347 3208 520 3271 Αὐτὸς
530 3209 586 3260 δέ
597 3211 717 3263 οὐδὲ
735 3208 966 3264 ἐνταῦθα
985 3211 1220 3275 ἵσταται,
1241 3215 1375 3267 ἀλλὰ
1393 3217 1483 3268 καὶ
1498 3215 1683 3288 ἕτερον
1698 3235 1857 3288 προσ-

186 3292 362 3363 τίθησι
397 3298 770 3367 παράδειγμα,
805 3299 976 3366 λέγων
1017 3304 1098 3356 ὅτι
1147 3304 1255 3357 Καὶ
1293 3305 1640 3366 βασίλισσα
1663 3307 1858 3359 Νότου

187 3380 572 3448 ἐγερθήσεται
605 3385 676 3437 ἐν
705 3386 781 3452 τῇ
821 3390 1014 3458 κρίσει
1047 3392 1197 3459 μετὰ
1221 3391 1331 3457 τῆς
1360 3391 1571 3461 γενεᾶς
1610 3395 1853 3461 ταύτης,

187 3469 282 3524 καὶ
332 3473 676 3544 κατακρινεῖ
716 3479 967 3543 αὐτούς’
995 3477 1082 3531 ὅτι
1113 3475 1300 3548 ἦλθεν
1323 3481 1391 3532 ἐκ
1438 3480 1557 3533 τῶν
1589 3480 1858 3548 περάτων

191 3559 295 3626 τῆς
315 3560 430 3630 τῆς
463 3563 722 3617 ἀκοῦσαι
758 3564 874 3630 τὴν
895 3566 1118 3632 σοφίαν
1151 3566 1500 3636 Σολομῶνος
1521 3585 1535 3598 ο
1585 3570 1680 3621 καὶ
1727 3567 1856 3621 ἰδοὺ

187 3649 398 3702 πλεῖον
423 3651 774 3719 Σολομῶνος
801 3647 937 3708 ὦδε.
975 3653 1144 3706 Τοῦτο
1171 3655 1263 3707 τοῦ
1295 3656 1558 3726 προτέρου
1587 3656 1748 3709 πλέον
1765 3651 1853 3726 ἦν.

199 3734 257 3787 '0
287 3738 384 3806 μὲν
406 3737 518 3809 γάρ
547 3740 730 3802 Ἰωνᾶς
770 3742 905 3810 πρὸς
956 3742 1196 3805 ἐκείνους
1228 3743 1497 3811 ἀπῆλθεν·
1543 3745 1576 3814 ή
1615 3743 1671 3795 δὲ
1707 3742 1858 3813 βασί-

187 3822 342 3877 λισσα
365 3825 463 3878 τοῦ
485 3827 657 3881 Νότου
680 3829 780 3880 οὐκ
807 3830 1055 3898 ἀνέμεινε
1089 3830 1180 3882 τὸν
1204 3831 1491 3900 Σολομῶνα
1523 3831 1658 3902 πρὸς
1689 3832 1857 3900 αὐτὴν

191 3911 381 3975 ἐλθεῖν,
409 3914 526 3968 ἀλλ’
549 3915 686 3986 αὑτὴ
719 3917 851 3986 πρὸς
884 3917 1046 3969 αὑτὸν
1091 3917 1441 3987 παρεγένετο,
1473 3920 1563 3970 καὶ
1596 3917 1732 3988 γυνὴ
1764 3919 1857 3970 καὶ

192 4000 465 4074 βάρϐαρος
501 3999 654 4066 οὖσα,
685 4007 778 4057 καὶ
817 4005 1069 4058 τοσοῦτον
1095 4006 1430 4076 ἀφεστηκυῑα
1457 4047 1470 4070 ,
1504 4009 1602 4058 οὐκ
1630 4007 1856 4076 ἀπειλῆς

191 4089 564 4161 ἐπικειμένης,
595 4092 656 4144 οὺ
690 4091 916 4145 θάνατον
945 4093 1234 4157 δεδοικυῖα,
1259 4094 1373 4147 ἀλλ’
1399 4095 1561 4165 ἔρωτι
1595 4096 1856 4164 ῥημάτων

193 4178 346 4246 μόνον
396 4181 598 4249 σοφῶν.
655 4182 791 4234 Ἀλλ’
848 4181 954 4236 ἰδοὺ
999 4184 1092 4236 καὶ
1145 4183 1324 4236 πλεῖον
1375 4183 1687 4253 Σολομῶνος
1730 4179 1851 4238 ῶδε.

201 4265 342 4319 Ἐκεῖ
371 4269 470 4336 μὲν
502 4269 610 4339 γάρ
633 4272 670 4340 ἠ
695 4270 831 4341 γυνὴ
858 4271 1207 4342 παρεγένετο,
1247 4272 1482 4325 ἐνταῦθα
1525 4273 1582 4325 δέ
1611 4272 1720 4340 ἐγὼ
1755 4268 1855 4344 ἦλ-

189 4351 296 4407 θον.
333 4356 444 4410 Καὶ
476 4359 508 4427 ἡ
541 4357 638 4426 μὲν
664 4358 772 4411 ἀπο
794 4358 901 4410 τῶν
941 4359 1191 4428 περάτων
1231 4360 1328 4428 τῆς
1361 4362 1463 4429 γῆς
1496 4360 1716 4429 ἀνέστη,
1747 4358 1858 4426 ἐγὼ

186 4440 238 4492 δέ
267 4444 361 4496 καὶ
409 4445 591 4508 πόλεις
625 4448 719 4498 καὶ
771 4445 964 4516 κώμας
1021 4447 1398 4517 περιέρχομαι.
1439 4448 1704 4509 Κάκεῖνος
1759 4447 1858 4516 μὲν

188 4527 326 4601 ὑπὲρ
350 4533 584 4603 δένδρων
621 4534 715 4585 καὶ
745 4533 915 4598 ξύλων
938 4534 1225 4602 διελέγετο,
1248 4534 1316 4586 τά
1353 4535 1518 4604 μηδὲν
1546 4535 1687 4604 μέγα
1719 4535 1860 4602 ὠφε-

187 4613 344 4684 λῆσαι
373 4619 471 4690 τὴν
494 4622 944 4692 παραγενομένην
973 4621 1246 4692 δυνάμενα
1267 4639 1282 4652 ο
1312 4622 1424 4690 ἐγὼ
1441 4623 1496 4675 δέ
1525 4623 1660 4694 ὑπὲρ
1689 4624 1858 4694 ἀπορ-

190 4703 365 4772 ρήτων
385 4709 725 4777 πραγμάτων
749 4710 842 4760 καὶ
867 4710 1180 4780 μυστηρίων
1207 4709 1677 4780 φρικωδεστάτων.
1703 4709 1858 4764 Ἐπεὶ

187 4783 278 4841 οὖν
305 4793 504 4857 αὐτοὺς
537 4795 822 4865 κατέκρινε
843 4838 856 4858 ,
885 4796 1063 4861 δείξας
1099 4800 1163 4850 ἐκ
1197 4796 1392 4850 πολλοῦ
1434 4797 1527 4850 τοῦ
1574 4797 1856 4869 περιόντος

190 4877 546 4949 ἀσύγγνωστα
600 4884 1032 4954 ἁμαρτάνοντας,
1068 4885 1160 4938 καὶ
1191 4885 1289 4955 τῆς
1317 4885 1495 4937 αὐτῶν
1533 4886 1856 4956 ἀγνωμοσύ-

191 4980 304 5044 νης,
339 4970 399 5022 οὐ
439 4971 536 5041 τῆς
573 4969 670 5023 τοῦ
722 4971 1044 5024 διδασκάλου
1099 4972 1404 5036 ἀσθενείας,
1441 4973 1538 5042 τὴν
1573 4972 1856 5044 παρακοήν

191 5042 372 5118 οὖσαν,
399 5054 492 5105 xa‘:
519 5052 678 5106 τοῦτο
703 5054 811 5106 ἀπὸ
841 5072 899 5107 τε
933 5054 1110 5108 ἄλλων
1144 5055 1376 5119 πολλῶν,
1410 5059 1502 5108 καὶ
1523 5057 1630 5108 τῶν
1649 5042 1694 5107 Ν
1703 5042 1858 5109 ινευῖ-

191 5134 296 5188 τῶν
325 5141 420 5192 καὶ
453 5140 554 5209 τῆς
606 5139 923 5215 βασιλίσσης
976 5143 1224 5208 ἀπέδειξε
1246 5161 1258 5174 ·
1290 5145 1412 5196 τότε
1460 5144 1605 5211 λέγει
1638 5146 1730 5198 καὶ
1758 5144 1854 5216 τὴν

193 5227 644 5299 καταληψομένην
694 5229 891 5291 αὐτοὺς
943 5229 1166 5283 κόλασιν
1192 5247 1206 5262 ο
1256 5231 1668 5300 αἰνιγματωδῶς
1732 5232 1854 5300 μὲν,

191 5310 332 5378 λέγει
356 5316 412 5368 δέ
435 5319 604 5387 ὅμως,
627 5319 796 5370 πολὺν
817 5318 907 5371 τὸν
932 5318 1095 5387 φόϐον
1114 5320 1415 5388 ἐνυφαίνων
1441 5319 1851 5390 τῷδιηγήματι.

195 5398 378 5456 Ὅταν
403 5405 531 5474 γὰρ,
563 5408 748 5476 φησὶν,
787 5405 1004 5474 ἐξέλθῃ
1059 5407 1124 5460 τὸ
1152 5407 1487 5475 ἀκάθαρτον
1515 5409 1751 5476 πνεῦμα
1785 5409 1854 5460 ἐκ

197 5487 294 5540 τοῦ
319 5490 650 5559 ἀνθρώπου,
675 5495 983 5561 πορεύεται
1015 5493 1088 5546 δι’
1105 5494 1376 5561 ἀνύδρων
1394 5495 1612 5556 τόπων,
1643 5493 1856 5560 ζητοῦν

195 5574 564 5633 ἀνάπαυσιν·
591 5581 685 5633 καὶ
710 5581 796 5649 μὴ
817 5582 1122 5648 εὑρίσκον,
1147 5581 1306 5649 λέγει
1327 5599 1340 5613 ο
1377 5583 1750 5652 Ἐπιστρέψω
1764 5588 1852 5649 εἰς

196 5661 296 5714 τὸν
325 5663 490 5719 οἶκόν
524 5685 666 5736 μου.
711 5669 849 5722 ὅθεν
876 5668 1156 5737 ἐξῆλθον.
1197 5670 1307 5723 Καὶ
1347 5671 1551 5735 ἐλθὸν,
1582 5673 1849 5739 εὑρίσκει

196 5751 561 5817 σχολάζοντα
588 5755 687 5809 καὶ
714 5757 760 5786 δ’
788 5758 1214 5826 σεσαρωμένον
1237 5758 1334 5812 καὶ
1375 5757 1846 5828 κεκοσμημένον.

264 5890 305 5919 δα
337 5893 378 5923 39

358 5964 403 6039 _4_
426 5953 631 6039 Mgsqj.
659 5953 736 6039 '_”
764 5953 904 6036 ἦσαν
943 5970 1004 6020 Λ.
1030 5953 1530 6039 Λ⁸⁴ἐπιλαθομένην
1557 5953 1637 6020 'A'.
1668 5971 1727 6022 C.

1260 393 1328 447 IN
1371 392 1783 448 ΜΑΤΤΙΙΑΞΠΜ
1819 392 2052 448 HOMIL.
2094 390 2275 445 XLI“.
2316 389 2386 443 al.
2429 385 2624 441 XLIV;

3527 382 3634 436 400

1965 515 2101 566 Τότε
2123 511 2456 578 πορεύεται,
2485 509 2583 560 καὶ
2613 503 3060 572 παραλαμϐάνει
3080 501 3206 570 μεθ’
3227 502 3442 555 ἑαυτοῦ
3464 503 3632 572 ἕτερα

1957 602 2108 654 ἑπτὰ
2134 599 2442 665 πνεύματα
2474 594 2841 661 πονηρότερα
2864 591 3102 652 ἑαυτοῦ,
3134 589 3232 642 καὶ
3277 593 3633 646 εἰσελθόντα

1959 686 2224 741 κατοικεῖ
2239 683 2382 746 ἐκεῖ,
2415 681 2764 749 καὶγίνεται
2806 679 2878 731 τὰ
2913 679 3143 746 ἔσχατα
3176 677 3283 730 τοῦ
3319 677 3633 745 ἀνθρώπου

1956 776 2193 827 ἐκείνου
2223 773 2464 841 χείρονα
2498 767 2616 822 τῶν
2669 765 2932 835 πρώτων.
2987 765 3185 830 Οὕτως
3212 764 3386 819 ἕσται
3431 768 3526 819 καὶ
3558 765 3634 834 τῇ

1957 860 2134 929 γενεᾷ
2178 861 2386 926 ταύτῃ.
2433 856 2712 911 Ἐντεῦθεν
2744 854 3034 918 δείκνυσιν,
3064 855 3146 906 δτι
3171 853 3270 906 οὐκ
3307 856 3362 906 ἐν
3387 855 3462 924 τῷ
3503 855 3633 924 μέλ-

1957 949 2101 1001 λοντι
2149 947 2304 1001 αίῶνι
2342 949 2521 1017 μόνον,
2572 945 2706 998 ἀλλὰ
2745 945 2840 994 καὶ
2869 941 3098 994 ἐνταῦθα
3127 941 3487 1011 χαλεπώτατα
3512 941 3630 994 πεί-

1961 1052 2164 1088 σονται.
2216 1033 2434 1102 Ἐπειδὴ
2485 1031 2588 1100 γὰρ
2637 1029 2785 1101 [462]
2837 1025 3010 1088 εἶπεν,
3067 1027 3306 1095 Ἄνδρες
3335 1028 3634 1082 Νινευῗται

1957 1122 2408 1188 ἀναστήσονται
2440 1121 2510 1173 ἐν
2536 1119 2609 1188 τῇ
2656 1121 2870 1187 κρίσει,
2904 1118 2999 1170 καὶ
3044 1116 3470 1184 κατακρινοῦσι
3519 1116 3636 1184 τὴν

1959 1212 2174 1280 γενεὰν
2201 1211 2459 1275 ταύτην·
2501 1209 2586 1260 ἵνα
2632 1209 2706 1277 μὴ
2733 1207 2822 1260 διά
2869 1208 2966 1274 τὴν
3017 1204 3111 1257 τοῦ
3155 1205 3348 1274 χρόνου
3378 1204 3634 1274 μέλλησιν

1959 1300 2438 1369 καταφρονήσωσι,
2481 1298 2576 1350 καὶ
2635 1296 2998 1366 ῥαθυμότεροι
3052 1294 3337 1361 γένωνται,
3385 1291 3637 1345 ἐντεῦθεν

1961 1387 2246 1455 ἐφίστησιν
2298 1386 2482 1446 αὐτοῖς
2531 1383 2600 1436 τὰ
2637 1384 2805 1437 δεινά.
2845 1385 2910 1435 Ὀ
2957 1382 3050 1435 καὶ
3079 1384 3106 1434 6
3148 1382 3432 1452 προφήτης
3477 1380 3637 1448 Ὠσηὲ

1961 1476 2145 1538 αὐτοῖς
2171 1472 2408 1527 ἀπειλῶν
2439 1473 2652 1541 ἔλεγεν,
2701 1472 2782 1524 δτι
2816 1471 3052 1531 ἔσονται,
3083 1470 3312 1535 ’Ὠσπερ
3337 1471 3369 1521 ὀ
3403 1466 3634 1535 προφή-

1960 1579 2072 1629 της
2095 1565 2129 1615 ό
2172 1558 2658 1628 παρεξεστηκὼς,
2690 1557 2998 1625 ἅνθρωπος
3031 1559 3064 1610 ό
3114 1555 3632 1623 πνευματοέρόροςο

1957 1649 2257 1707 τουτέστιν,
2288 1649 2477 1718 ὥσπερ
2503 1649 2550 1700 οἱ
2594 1647 2906 1716 μαινόμενοι
2961 1645 3055 1697 καὶ
3090 1643 3480 1713 βακχευόμενοι
3532 1641 3636 1694 ὑπὸ

1959 1739 2068 1790 τῶν
2099 1736 2351 1806 πονηρῶν
2383 1738 2728 1805 πνευμάτων,
2754 1735 2804 1786 οἱ
2845 1731 3308 1802 ψευδοπροφῆται.
3343 1730 3634 1800 Προφήτην

1963 1825 2072 1896 γὰρ
2111 1824 2344 1877 ἐνταῦθα
2377 1822 2821 1894 παρεξεστηκότα
2850 1819 2941 1872 τὸν
2970 1819 3419 1888 ψευδοπροφήτην
3446 1817 3632 1886 φησὶν,

1961 1907 2062 1966 οἷοί
2104 1913 2241 1964 είσιν
2267 1911 2312 1942 ⁵³
2341 1913 2389 1963 οἱ
2423 1911 2662 1980 μάντεις.
2708 1908 2878 1961 Τοῦτο
2921 1907 2985 1978 δὴ
3016 1906 3108 1958 καὶ
3148 1906 3176 1957 6
3201 1905 3432 1975 Χριστὸς
3460 1903 3638 1973 δηλῶν

1961 2018 2146 2070 φησιν,
2179 2001 2261 2052 ὅτι
2290 1998 2358 2051 τά
2387 1998 2592 2068 ἔσχατα
2626 1997 2924 2050 πείσονται.
2965 1992 3112 2057 Εἶδες
3144 1994 3258 2055 πῶς
3301 1992 3636 2062 πανταχόθεν

1961 2089 2158 2151 αὐτοὺς
2191 2087 2323 2140 ώθεῖ
2354 2087 2446 2140 ἐπὶ
2479 2087 2538 2139 :6
2570 2085 2858 2155 προσέχειν
2889 2085 3000 2144 τοῖς
3030 2081 3364 2150 λεγομένοις,
3395 2081 3502 2133 ἀπὸ
3526 2079 3638 2131 τῶν

1961 2173 2266 2241 παρόντων,
2296 2173 2404 2226 ἀπὸ
2433 2172 2541 2224 τῶν
2588 2171 2910 2241 μελλόντων,
2956 2168 3064 2220 ἀπὸ
3097 2166 3205 2219 τῶν
3242 2166 3635 2236 εὐδοκιμησάν-

1958 2277 2065 2313 των
2113 2260 2260 2330 (ἀπὸ
2307 2259 2416 2312 τῶν
2449 2256 2748 2311 Νινευῖτῶν
2790 2256 2937 2324 λέγω
2989 2257 3080 2308 καὶ
3125 2255 3222 2322 τῆς
3261 2252 3632 2322 βασιλίσσης),
3713 2281 3716 2283 -

1959 2347 2067 2399 ἀπὸ
2104 2347 2213 2399 τῶν
2249 2346 2768 2418 προσκεκρουκότων
2795 2343 3008 2414 Τυρίων
3034 2344 3128 2396 καὶ
3180 2341 3530 2410 Σοδομηνῶν;
3568 2342 3634 2390 '0

1960 2435 2052 2485 καὶ
2073 2435 2121 2486 οἱ
2154 2435 2429 2504 προφῆται
2462 2433 2700 2494 ἐποίουν,
2727 2433 2849 2493 τοὺς
2883 2432 3030 2490 υἱοὺς
3065 2427 3323 2498 Ῥηχαϐὶν
3356 2428 3634 2497 παράγον-

1957 2517 2068 2583 τες,
2107 2523 2202 2574 καλ⁸
2241 2521 2339 2592 τὴν
2380 2521 2598 2591 νύμφην
2638 2520 2736 2589 τὴν
2785 2520 2888 2571 οὐκ
2916 2516 3410 2585 ἐπιλανθανομένην
3459 2514 3505 2545 ⁸⁸
3540 2512 3633 2566 τοῦ

1957 2611 2164 2679 κόσμου
2195 2612 2286 2663 τοῦ
2311 2611 2511 2662 οἰκείου
2544 2611 2636 2662 καὶ
2666 2612 2764 2680 τῆς
2795 2607 3233 2676 στηθοδεσμίδος,
3273 2605 3368 2657 καὶ
3395 2603 3486 2656 τὸν
3507 2601 3634 2671 βοῦν

1953 2699 2045 2750 τὸν
2070 2699 2248 2751 εἰδότα
2277 2698 2369 2750 τὸν
2397 2698 2760 2766 κτησάμενον,
2796 2697 2888 2748 καί
2917 2696 3006 2748 τὸν
3028 2695 3149 2747 ὄνον
3179 2694 3270 2746 τὸν
3299 2693 3396 2764 τὴν
3423 2693 3632 2761 φάτνην

1954 2786 2404 2854 ἐπιγινώσκοντα.
2455 2785 2610 2837 Ούτω
2637 2785 2698 2853 δὴ
2733 2785 2827 2836 καὶ
2869 2783 3100 2836 ἐνταῦθα
3150 2782 3258 2834 ἀπὸ
3293 2781 3636 2851 συγκρίσεως

1955 2875 2314 2944 παραστήσας
2336 2873 2518 2926 αὐτῶν
2545 2872 2641 2943 τὴν
2677 2870 3093 2941 ἀγνωμοσύνην,
3124 2869 3272 2938 λέγει
3305 2869 3400 2922 καὶ
3430 2867 3528 2938 τὴν
3553 2885 3634 2920 τι·

1956 2961 2167 3032 μωρίαν
2205 2960 2408 3014 λοιπόν.

2024 3049 2090 3101 Τί
2139 3051 2256 3102 ποτ’
2285 3044 2380 3101 οῦν
2430 3050 2546 3100 ἐστι
2587 3047 2649 3100 :6
2695 3046 3021 3117 είρημένον;
3078 3045 3348 3114 Καθάπερ
3369 3044 3418 3096 οἱ
3445 3043 3634 3112 δαιμο-

1955 3136 2174 3199 νῶντες,
2202 3136 2382 3206 φησὶν,
2417 3135 2546 3188 ὅταν
2569 3133 2920 3200 ἀπαλλαγῶσι
2940 3133 3039 3202 τῆς
3061 3132 3368 3204 ἀρρωστίας
3395 3129 3632 3199 ἐκείνης,

1957 3224 2023 3277 ἂν
2047 3223 2316 3295 ῥαθυμότε
2327 3241 2405 3292 ροι
2423 3223 2708 3290 γένωνται,
2731 3221 3120 3292 χαλεπωτέραν
3143 3219 3483 3272 ἐπισπῶνται
3504 3217 3627 3269 καθ’

1956 3309 2163 3362 ἑαυτῶν
2204 3309 2302 3379 τὴν
2333 3309 2631 3376 φαντασίαν
2651 3327 2662 3338 ·
2701 3308 2842 3360 οὕτω
2889 3307 2980 3360 καὶ
3013 3306 3097 3374 ἐφ’
3136 3305 3288 3375 ὑμῶν
3319 3304 3364 3334 ⁸⁸
3396 3305 3626 3371 γίνεται.

1957 3397 2068 3448 Καὶ
2093 3397 2200 3467 γάρ
2224 3399 2316 3450 καὶ
2333 3395 2644 3468 ἔμπροσθεν
2672 3394 2987 3463 κατείχεσθε
3007 3393 3240 3462 δαίμονι,
3266 3393 3354 3444 ὅτε
3377 3391 3446 3443 τά
3480 3391 3631 3443 εἴδω-

1956 3483 2022 3537 λα
2047 3487 2450 3554 προσεκυνεῖτε,
2483 3485 2576 3536 καὶ
2608 3486 2734 3546 τοὺς
2779 3483 2925 3544 υἱοὺς
2970 3482 3124 3551 ὑμῶν
3175 3479 3469 3546 ἐσφάττετε
3516 3483 3630 3541 τοῖς

1957 3571 2274 3641 δαιμονίοις,
2322 3570 2521 3639 πολλὴν
2577 3568 3005 3636 ἐπιδεικνύμενοι
3063 3567 3262 3635 μανίαν
3288 3583 3302 3596 ο
3339 3565 3452 3616 ἀλλ’
3482 3566 3631 3634 ὅμως

1957 3661 2056 3710 ούκ
2089 3657 2442 3725 ἐγκατέλιπον
2481 3657 2645 3726 ὑμᾶς,
2683 3655 2797 3708 ἀλλ’
2832 3653 3086 3718 ἐξέϐαλον
3108 3654 3199 3706 τὸν
3225 3652 3453 3721 δαίμονα
3485 3653 3630 3703 ἐκεῖ·

1957 3760 2047 3795 νον
2077 3743 2165 3794 διὰ
2193 3743 2301 3794 τῶν
2327 3741 2641 3812 προφητῶν,
2669 3741 2762 3793 καὶ
2791 3741 2858 3794 δι’
2893 3739 3131 3810 ἐμαυτοῦ
3157 3737 3319 3790 πάλιν
3346 3734 3510 3809 ἦλθον
3539 3737 3633 3789 ἐπ)⁸

1961 3831 2142 3884 πλεῖον
2177 3829 2480 3900 ἐκκαθᾶραι
2527 3831 2671 3900 ὑμᾶς
2709 3828 3048 3898 βουλόμενος.
3094 3826 3247 3881 Ἐπεὶ
3287 3821 3379 3878 οὖν
3412 3825 3472 3877 οὑ
3509 3823 3634 3893 βού-

1956 3917 2113 3971 λεσθε
2143 3917 2447 3988 προσέχειν,
2473 3917 2607 3969 ἀλλά
2634 3916 2727 3969 καὶ
2754 3917 2833 3978 εἰς
2864 3915 3083 3967 πλείονα
3114 3913 3435 3978 ἐξωκείλατε
3468 3928 3635 3980 πονη-

1959 4007 2080 4076 ρίαν
2117 4004 2242 4076 (τοῦ
2286 4004 2394 4076 γὰρ
2438 4006 2717 4075 προφήτας
2750 4003 2954 4056 ἀνελεῖν
2986 4001 3166 4071 πολλῷ
3197 3999 3380 4072 μεῖζον
3420 3999 3513 4052 καὶ
3534 4017 3634 4068 χα-

1957 4092 2162 4145 λεπώτε
2173 4109 2261 4162 ρον
2283 4092 2344 4145 :6
2369 4093 2462 4144 καὶ
2481 4091 2643 4144 αὐτὸν
2672 4091 2716 4122 ’⁸
2737 4091 3080 4160 κατασφάξαι
3104 4092 3118 4155 )
3143 4107 3154 4118 ·
3182 4088 3268 4140 διὰ
3287 4087 3445 4140 τοῦτο
3469 4085 3630 4156 χαλε-

1959 4183 2181 4254 πώτερα
2235 4181 2488 4235 πείσεσθε
2542 4180 2648 4233 τῶν
2680 4180 2983 4250 προτέρων,
3021 4179 3126 4230 τῶν
3161 4177 3300 4230 κατὰ
3333 4175 3637 4229 Βαϐυλῶνα.

1957 4273 2120 4342 λέγω,
2155 4271 2249 4324 καὶ
2274 4271 2394 4324 κατ’
2425 4271 2716 4338 Αἴγυπτον,
2757 4271 2850 4322 καὶ
2876 4269 3018 4321 κατά
3053 4268 3322 4336 Ἀντίοχον
3349 4267 3440 4319 τὸν
3473 4266 3630 4338 πρῶ-

1957 4379 2068 4416 τον.
2102 4361 2182 4414 Τὰ
2204 4359 2311 4431 γάρ
2343 4359 2434 4411 ἐπὶ
2464 4357 2867 4412 Οὐεσπασιανοῦ
2901 4358 2995 4410 καὶ
3020 4356 3178 4409 Τίτου
3219 4357 3503 4427 συμϐάντα
3527 4357 3634 4410 αὐ-

1956 4453 2070 4511 τοῖς
2093 4447 2272 4518 πολλῷ
2307 4448 2503 4518 μᾶλλον
2534 4448 2576 4478 "
2610 4447 2814 4499 τούτων
2849 4445 3220 4516 χαλεπώτερα.
3257 4445 3347 4498 Διὸ
3387 4447 3482 4498 καὶ
3509 4446 3629 4498 ἐλε-

1957 4553 2082 4605 γεν·
2117 4538 2332 4589 Ἔσται
2364 4535 2568 4602 θλῖψις
2613 4533 2866 4603 μεγάλη,
2917 4534 3012 4586 οἵα
3042 4533 3332 4586 οὐδέποτε
3360 4533 3635 4602 γέγονεν,

1957 4624 2099 4678 οὐδὲ
2130 4624 2216 4692 μὴ
2249 4624 2441 4677 ἔσται.
2475 4623 2550 4673 Οὐ
2573 4622 2730 4673 τοῦτο
2753 4622 2810 4674 δὲ
2845 4621 3002 4692 μόνον
3039 4620 3188 4690 δηλοῖ
3211 4621 3274 4673 :6
3302 4621 3625 4690 ὑπόδειγμα,

1957 4713 2070 4766 ἀλλ’
2097 4713 2178 4764 6::
2215 4711 2311 4764 καὶ
2335 4710 2538 4781 ἀρετῆς
2562 4710 2779 4779 ἀπάσης
2803 4709 3018 4762 ἐσονται
3039 4709 3235 4780 ἔρημοι
3258 4709 3508 4774 καθόλου,
3534 4710 3630 4761 καὶ

1953 4803 2021 4870 τῇ
2055 4799 2162 4853 τῶν
2183 4799 2450 4869 δαιμόνων
2476 4798 2727 4867 ἐνεργείᾳ
2756 4797 3158 4866 εὐεπιχείρητοι
3189 4797 3386 4866 μᾶλλον
3420 4797 3453 4868 ἢ
3481 4798 3626 4851 τότε.

1957 4890 2090 4942 Τότε
2115 4889 2212 4958 μὲν
2243 4887 2352 4958 γὰρ
2374 4887 2419 4939 εί
2447 4887 2542 4939 καὶ
2570 4887 2907 4956 ἡμάρτανον,
2943 4885 3058 4937 ἀλλ’
3097 4885 3247 4955 ὅμως
3277 4881 3416 4955 ἦσαν
3445 4886 3540 4937 καὶ
3576 4886 3630 4937 οξ

1956 4976 2345 5047 κατορθοῦντες
2366 4977 2423 5026 ἐν
2457 4976 2660 5038 αὐτοῖς,
2693 4975 2788 5027 καὶ
2811 4975 2992 5046 παρῆν
3021 4976 3053 5044 ἡ
3086 4973 3181 5027 τοῦ
3215 4974 3348 5026 Θεοῦ
3376 4975 3636 5045 πρόνοια,

1957 5063 2049 5114 καὶ
2073 5062 2108 5129 ἡ
2134 5058 2226 5112 τοῦ
2251 5057 2390 5112 Πνεύ
2399 5075 2565 5129 ματος
2586 5059 2766 5128 χάρις,
2797 5057 3224 5128 ἐπιμελουμένη,
3247 5055 3627 5126 διορθουμένη,

1955 5147 2024 5199 τὰ
2059 5147 2186 5218 παρ’
2217 5147 2416 5214 ἐαυτῆς
2469 5144 2685 5197 ἅπαντα
2716 5143 3001 5215 πληροῦσα
3024 5159 3038 5173 ·
3067 5143 3185 5195 νυνὶ
3226 5142 3283 5194 δέ
3310 5143 3404 5196 καὶ
3424 5143 3629 5214 ταύτης

1956 5233 2188 5286 καθόλου
2227 5231 2676 5302 ἐρημωθήσονται
2714 5235 2813 5303 τῆς
2862 5231 3208 5302 κηδεμονίας.
3270 5231 3454 5300 φησὶν,
3486 5230 3635 5282 ὥστε·

1955 5322 2047 5374 καὶ
2073 5318 2274 5390 ἀρετῆς
2311 5319 2508 5372 πλείων
2543 5320 2736 5382 σπάνις
2766 5319 2879 5382 νῦν,
2923 5319 3019 5370 καὶ
3047 5319 3330 5388 συμφορᾶς
3357 5319 3635 5382 ἐπίτασις,

1956 5408 2051 5461 καὶ
2085 5407 2352 5476 δαιμόνων
2397 5405 2647 5477 ἐνέργεια
2685 5405 3142 5477 τυραννικωτέρα.
3204 5406 3347 5457 Ἴστε
3401 5401 3494 5458 οῦν
3533 5407 3636 5462 καὶ

1957 5496 2049 5548 ἐπὶ
2075 5495 2173 5565 τῆς
2197 5495 2388 5561 γενεᾶς
2416 5493 2516 5562 τῆς
2547 5494 2842 5564 ἡμετέρας.
2871 5494 2959 5546 ὅτε
2988 5493 3018 5544 6
3050 5491 3260 5554 πάντας
3289 5492 3515 5564 ἀσεϐείᾳ
3547 5510 3600 5544 νι

1957 5584 2131 5654 κήσας
2165 5581 2448 5644 Ἰουλιανὸς
2475 5581 2860 5652 ἐξεϐακχεύθη,
2889 5581 3007 5644 πῶς
3043 5580 3179 5651 μετά
3203 5581 3310 5632 τῶν
3361 5580 3630 5651 Ἑλλήνων

1957 5672 2184 5735 ἑαυτοὺς
2207 5671 2445 5732 ἐταττον,
2467 5671 2582 5731 πῶς
2609 5669 2677 5721 τά
2700 5669 2920 5722 ἐκείνων
2946 5668 3296 5737 ἐθεράπευον.
3331 5667 3492 5720 Ὥστε
3522 5670 3634 5723 κᾶν

1961 5757 2109 5831 [465]
2142 5759 2338 5831 μικρόν
2361 5775 2414 5812 τι
2448 5757 2646 5810 δοκῶσι
2681 5758 2979 5826 σωφρονεῖν
3017 5755 3130 5820 νῦν,
3164 5756 3252 5810 διὰ
3282 5756 3374 5809 τὸν
3397 5755 3504 5809 τῶν
3531 5758 3628 5827 βα..

314 5895 477 5969 {‘96:}
500 5895 562 5946 Α.
583 5911 638 5964 p.
660 5913 714 5964 p.
734 5895 968 5969 διάγοντι
992 5898 1054 5950 A.
1078 5897 1142 5952 C.
1178 5899 1222 5930 ⁸⁰
1241 5899 1723 5968 συνανετράφησαν
1743 5897 1838 5969 Ep.

1963 5899 2275 5969 ετράφησαν
2304 5897 2364 5951 F.
2404 5898 2443 5930 "
2470 5899 2565 5952 καί
2583 5898 2792 5952 accedi:
2813 5914 2877 5952 ex
2901 5897 3059 5951 cmld.
3091 5895 3150 5950 C.
3182 5897 3265 5969 DL
3312 5895 3478 5969 ’νῖκαί
3503 5917 3613 5954 om.

1821 5969 1866 6000 “
1887 5971 1971 6037 ἐφ’
2003 5966 2173 6039 ὑμῶν]
2200 5969 2289 6023 Sic
2315 5969 2378 6022 A.
2399 5978 2450 6039 ει
2471 5985 2613 6023 corr.
2648 5969 2704 6020 Ε.
2728 5971 2804 6021 sic
2839 5969 2981 6022 vobis
3003 5969 3204 6020 accidet
3227 5966 3322 6021 Ge.
3351 5967 3440 6034 ὑφ’
3462 5972 3616 6039 ὑμῶν

203 6022 256 6079 Ι).
286 6022 625 6104 ὑφ’ήμῶνῖί.
657 6035 716 6090 F.
875 6039 1003 6108 ὑμῖν
1026 6037 1122 6108 Ep.
1194 6041 1238 6071 “
1263 6022 1446 6110 αὐτόν]
1471 6022 1594 6094 ἀθά.
1630 6039 1726 6110 ἐμέ
1753 6037 1815 6094 Ι).
1851 6065 1854 6086 4

1958 6022 2106 6096 ῖοιιῖςχ
2150 6022 2369 6111 fluidam
2403 6022 2577 6096 Ῥεῖ-ἥδ.
2615 6055 2700 6110 ap.
2734 6039 2860 6096 δαν.
2934 6040 2976 6070 ⁸⁷
2998 6039 3194 6108 μᾶλλον
3217 6053 3324 6095 om.
3353 6022 3621 6110 Δξιὶδιὲιι.
