4084 6354
387 378 480 432 Mil

387 492 580 548 σιλὲων
624 493 787 561 φόϐον
818 492 1206 565 ἡσυχάζουσιν·
1243 495 1319 560 ὡς
1348 499 1398 550 εἰ
1434 498 1509 569 μὴ
1550 496 1708 552 τοῦτο
1755 495 1848 571 ἦν,
1873 498 2052 569 πολλῳ

383 581 492 637 τῶν
512 582 792 654 προτέρων
817 580 1174 653 χαλεπώτερα
1219 583 1526 655 ἐτόλμησαν
1551 585 1637 640 ἄν.
1690 587 1779 639 Ἐν
1807 587 1916 659 γὰρ
1941 590 2053 651 τοῖς

383 669 563 735 ἄλλοις
619 673 876 742 πονηροῖς
909 669 1092 742 ἔργοις
1129 671 1322 724 νικῶσι
1364 674 1491 736 τοὺς
1537 672 1869 745 ἔμπροσθεν,
1925 693 2055 747 γοη-

383 758 553 821 τείας,
588 757 946 829 μαγγανείας,
978 758 1266 827 ἀσελγείας
1289 761 1427 831 μετὰ
1455 762 1498 793 ⁸⁸
1532 762 1731 834 πολλῆς
1757 764 2055 817 ἐπιδεικνύ-

388 862 539 913 μενοι
562 846 660 915 τῆς
690 845 1016 917 ὑπερϐολῆς.
1043 846 1154 900 Kal
1181 847 1239 900 ἐν
1266 850 1379 911 τοῖς
1404 848 1583 912 ἄλλοις
1609 849 1690 916 δὲ,
1721 849 1895 904 καίτοι
1928 868 2053 904 τοσ-

384 933 527 1005 ούτῳ
548 934 749 1006 χαλινῷ
771 934 1146 1006 κατεχόμενοι,
1178 935 1436 1000 πολλάκις
1456 938 1802 1001 ἐστασίασαν,
1838 939 1932 993 καὶ
1957 938 2054 1010 βα-

389 1021 578 1076 σιλέων
598 1021 1088 1094 κατεξανέστησαν,
1110 1024 1185 1088 ὡς
1208 1024 1302 1078 καὶ
1324 1028 1439 1090 τοῖς
1459 1026 1706 1097 ἐσχάτοις
1740 1028 2053 1099 περιπαρῆ·

388 1128 472 1162 ναι
503 1112 717 1175 κακοῖς.

455 1197 520 1250 δ’.
551 1197 661 1251 Ποῦ
698 1196 795 1252 νῦν
819 1199 959 1252 εἰσιν
988 1199 1034 1232 ’δ’
1066 1198 1118 1252 οί
1142 1198 1213 1252 τὰ
1242 1201 1443 1270 σημεῖα
1469 1196 1786 1270 ζητοῦντεςς
1831 1201 2051 1256 Ἀκουέ-

383 1302 563 1339 ἰωσαν
583 1286 665 1339 ὅτι
685 1284 911 1358 γνώμης
923 1286 1081 1358 χρεία
1103 1286 1442 1358 εὐγνώμονος
1460 1306 1473 1319 ·
1493 1288 1598 1342 κᾶν
1619 1287 1693 1359 μὴ
1714 1288 1854 1360 αὐτη
1878 1292 2051 1362 παρῇ,

388 1373 627 1443 σημείων
646 1374 796 1427 οὐδὲν
833 1374 1039 1443 ὄφελος.
1080 1374 1211 1428 Ἰδοὺ
1245 1375 1377 1443 γοῦν
1405 1377 1456 1429 οί
1489 1376 1587 1447 μὲν
1627 1375 1908 1430 Νινευῗται
1947 1372 2059 1448 χωέ

389 1462 471 1530 pl;
502 1460 742 1532 σημείων
761 1461 1090 1516 ἐπίστευσαν
1112 1477 1127 1493 ·
1148 1456 1292 1516 οῦτοι
1308 1461 1364 1515 δὲ
1389 1461 1527 1532 μετὰ
1549 1462 1784 1515 τοσαῦτα
1800 1461 2054 1533 θαύματα

387 1547 601 1619 χείρους
628 1548 892 1617 ἐγένοντο,
915 1551 1007 1604 καὶ
1027 1550 1295 1621 δαιμόνων
1319 1551 1562 1621 ἀπείρων
1588 1552 1903 1623 οἰκητήριον
1928 1553 2055 1604 ἑαυ-

385 1634 510 1697 τοὺς
533 1635 894 1705 κατέστησαν,
930 1637 1024 1690 καὶ
1063 1637 1263 1708 μυρίας
1316 1637 1697 1691 ἐπεσπάσαντο
1745 1637 2051 1709 συμφοράς·

384 1720 481 1773 καὶ
528 1721 671 1791 μάλα
725 1724 966 1787 εἰκότως.
1021 1725 1190 1776 Ὅταν
1215 1722 1324 1793 γὰρ
1358 1724 1506 1790 ama
1553 1741 1637 1787 τις
1668 1723 2054 1796 ἐλευθερωθεὶς

386 1807 494 1859 τῶν
522 1808 706 1861 κακῶν
736 1809 811 1881 μὴ
833 1809 1196 1880 σωφρονισοῇ,
1226 1810 1403 1880 πολλῷ
1427 1811 1781 1882 χαλεπώτερα
1803 1812 2049 1865 πείσεται

385 1894 495 1947 τῶν
529 1896 829 1968 προτέρων.
860 1897 959 1951 Διά
998 1898 1106 1971 γὰρ
1141 1898 1299 1952 τοῦτο
1357 1895 1528 1961 εἶπεν,
1562 1900 1643 1952 ὅτι
1675 1901 1772 1969 οὐχ
1807 1894 2050 1971 εὑρίσκει

391 1981 712 2043 ἀνάπαυσιν.
757 1984 842 2037 ἵνα
870 1984 1016 2056 δείξῃ
1043 1987 1126 2040 ὅτι
1167 1987 1383 2050 πάντως
1409 1987 1504 2039 καὶ
1532 1985 1590 2052 ἐξ
1618 1988 1863 2057 ἀνάγκης
1889 1987 2055 2058 λήψει

387 2087 478 2124 ται
494 2071 588 2125 τὸν
614 2070 853 2125 τοιοῦτον
878 2075 910 2143 ἡ
936 2072 1044 2125 τῶν
1075 2074 1342 2142 δαιμόνων
1366 2073 1647 2144 ἐπιϐουλή.
1682 2075 1792 2127 Kal
1816 2073 1924 2145 γὰρ
1945 2075 2052 2128 ἀπὺ

390 2152 483 2206 δύο
515 2153 720 2227 τούτων
744 2155 1181 2227 σωφρονισθῆναι
1219 2156 1346 2216 ἔδει,
1375 2158 1482 2210 ἀπό
1505 2175 1565 2210 τε
1590 2156 1681 2211 τοῦ
1706 2157 1895 2211 παθεῖν
1925 2157 2054 2228 πρό-

389 2257 565 2313 τερον,
593 2236 719 2295 ’ἀπό
747 2259 807 2296 τε
846 2241 941 2295 τοῦ
973 2243 1354 2313 ἀπαλλαγῆναι
1375 2263 1389 2275 ·
1435 2244 1635 2316 μᾶλλον
1667 2245 1724 2297 δὲ
1752 2244 2052 2315 καὶ”τρίτον

390 2327 702 2399 πρόσεστιν,
736 2330 770 2400 ἡ
798 2327 890 2382 τοῦ
925 2330 1143 2402 χείρονα
1168 2331 1452 2384 πείσεσθαι
1481 2330 1697 2402 ἀπειλή.
1738 2329 1874 2384 Ἀλλ’
1903 2332 2053 2400 ὅμως

388 2414 563 2468 οὐδενὶ
582 2415 787 2470 τούτων
807 2418 1052 2483 ἐγένοντο
1081 2418 1341 2489 βελτίους.
1366 2418 1550 2472 Ταῦτα
1573 2419 1618 2450 ⁸⁰
1646 2419 1721 2489 μὴ
1748 2418 1883 2488 πρὸς
1911 2417 2046 2470 ὲκεί-

388 2519 512 2566 νους
568 2502 748 2572 μόνον,
795 2504 933 2558 ἀλλὰ
964 2505 1218 2576 καὶπρὸς
1248 2506 1394 2576 ἡμᾶς
1443 2504 1694 2575 είρῆσθαι
1748 2504 1938 2576 καιρδν
1986 2506 2051 2557 ἂν

390 2590 523 2662 ἔχοι,
556 2592 680 2646 ὅταν
698 2592 1058 2660 φωτισθέντες
1089 2594 1181 2647 καὶ¹
1210 2594 1316 2646 τῶν
1343 2595 1622 2665 προτέρων
1651 2592 2053 2661 ἀπαλλαγέντες

391 2681 597 2746 κακῶν,
640 2682 804 2736 πάλιν
830 2684 933 2753 τῆς
965 2684 1135 2753 αὐτῆς
1190 2683 1443 2754 ἐχώμεθα
1492 2682 1785 2754 πονηρίας·
1820 2684 1915 2737 καὶ
1944 2682 2053 2755 γὰρ

390 2768 743 2841 χαλεπωτέρα
800 2769 986 2824 λοιπὸν
1019 2769 1171 2824 ἔσται
1220 2770 1502 2842 ήκόλασις
1554 2770 1662 2824 τῶν
1696 2772 1835 2842 μετὰ
1883 2770 2055 2825 ταῦτα

389 2857 825 2928 ἁμαρτημάτων.
857 2858 956 2911 Διά
982 2857 1141 2911 τοῦτο
1185 2860 1280 2912 καὶ
1303 2858 1382 2929 τῷ
1429 2858 1724 2930 παραλύτῳ
1764 2861 1792 2913 6
1820 2859 2053 2930 Χριστὸς

388 2942 574 3013 ἔλεγεν
597 2961 610 2975 ·
644 2945 787 3008 Ἴδε,
836 2944 1014 3015 ὑγιὴς
1040 2945 1317 3016 γέγονας·
1348 2946 1553 3015 μηκέτι
1584 2946 1883 3016 ἁμάρτανε
1908 2987 1922 3011 ,
1955 2949 2055 3001 ἵνα

383 3030 470 3100 μὴ
500 3032 705 3102 χεῖρόν
735 3036 791 3087 τί
817 3048 917 3088 σοι
965 3033 1203 3104 γένηται
1223 3049 1237 3064 ·
1275 3035 1369 3087 xal
1407 3033 1580 3087 ταῦτα
1603 3035 1739 3105 πρὸς
1770 3035 2053 3107 ἄνθρωπον

396 3120 681 3191 τριάκοντα
712 3121 857 3175 όκτὼ
882 3121 981 3192 ἔτη
1003 3121 1194 3192 ἔχοντα
1224 3122 1283 3175 ἐν
1308 3124 1374 3193 τῇ
1410 3122 1683 3194 ἀσθενείᾳ.
1715 3124 1826 3177 Kal
1858 3124 1910 3176 τί
1945 3128 2057 3195 χεῖ-

393 3226 484 3278 ρον
521 3209 732 3279 ἔμελλε,
770 3211 925 3280 φησὶ,
959 3208 1241 3262 πείσεσθαι
1262 3211 1501 3274 τούτων;
1539 3210 1726 3281 Πολλῷ
1762 3214 1941 3282 χεῖρον
1964 3214 2056 3266 καὶ

388 3297 785 3370 χαλεπώτερον.
817 3288 908 3367 Μὴ
937 3299 1045 3369 γὰρ
1075 3299 1139 3369 δὴ
1168 3299 1378 3367 γένοιτο
1408 3299 1642 3352 τοσαῦτα
1682 3300 1829 3370 ἡμᾶς
1853 3300 2055 3369 ὑπομέ-

388 3402 521 3450 νειν,
550 3386 652 3439 ὅσα
680 3385 957 3456 δυνάμεθα
991 3385 1204 3439 παθεῖν.
1251 3386 1387 3439 Οὐδὲ
1419 3386 1529 3456 γὰρ
1557 3388 1753 3459 ἀπορεῖ
1780 3388 2056 3459 τιμωριῶν

387 3475 416 3527 6
441 3474 592 3539 Θεός.
625 3474 777 3530 Κατὰ
805 3474 914 3545 γὰρ
936 3474 997 3528 τὸ
1029 3474 1161 3528 πολὺ
1190 3473 1338 3537 ἔλεος
1361 3473 1549 3539 αὐτοῦ,
1580 3473 1722 3527 οὕτω
1746 3476 1838 3528 καὶ
1864 3477 1897 3545 ή
1919 3476 2055 3547 ὀργὴ

389 3561 573 3615 αὐτοῦ.
608 3560 778 3615 Τοῦτο
806 3563 898 3615 καὶ
919 3563 965 3594 ³⁸
987 3564 1054 3632 τῇ
1088 3560 1444 3632 Ἰερουσαλὴμ
1467 3561 1687 3628 ἐγκαλεῖ
1711 3562 1800 3614 διὰ
1822 3562 1914 3614 τοῦ
1962 3561 2057 3614 Ἰε-

391 3651 579 3721 ζεχιήλ
598 3668 613 3684 ·
634 3648 817 3706 Εἶδον
835 3650 943 3722 γάρ
965 3667 1056 3714 σε,
1076 3650 1229 3721 φησὶ,
1244 3650 1944 3720 πεφυρμὲηνέναῖματι,
1959 3650 2058 3703 καὶ

388 3738 621 3794 ἔλουσα
661 3740 761 3794 καὶ
808 3739 1045 3808 ἕχρισα,
1086 3738 1185 3791 καὶ
1220 3738 1459 3807 ἐγένετό
1510 3754 1612 3792 σοι
1647 3737 1835 3806 ὄνομα
1872 3738 1943 3791 ἐν
1976 3735 2057 3803 τῷ

391 3825 603 3881 κάλλει
623 3841 771 3881 σου·
803 3826 901 3880 καὶ
921 3824 1388 3894 ἐξεπόρνευσας,
1420 3826 1606 3896 φησὶν,
1633 3825 1732 3879 ἐπὶ
1760 3824 1903 3891 τοὺς
1925 3828 2060 3894 ὁμο-

387 3913 648 3983 ροῦντάς
675 3927 806 3968 σοι·
847 3912 927 3966 διὸ
954 3912 1049 3966 καὶ
1075 3911 1432 3983 χαλεπώτερα
1458 3912 1671 3966 ἀπειλεῖ
1690 3930 1773 3965 σοι
1802 3914 1848 3945 δ’
1878 3914 2058 3984 ἁμαρ-

390 4003 645 4076 τανούσῃ.
704 4001 980 4056 Ἐντεῦθεν
1017 4002 1074 4056 δὲ
1100 4001 1173 4072 μὴ
1207 4000 1305 4072 τὴν
1334 4001 1554 4055 κόλασιν
1599 4001 1817 4069 λογίζου
1876 4002 2056 4072 μόνον,

389 4092 525 4147 ἀλλά
546 4093 638 4146 καὶ
668 4092 766 4162 τὴν
789 4092 1013 4162 ἄπειρον
1052 4091 1149 4145 τοῦ
1177 4089 1313 4144 Θεοῦ
1369 4090 1770 4161 μακρομυθίαν.
1818 4092 2057 4155 llos-axi;

390 4181 520 4250 γοῦν
542 4182 647 4236 τῶν
671 4181 850 4236 αὐτῶν
878 4180 1136 4253 ἡψάμεθα
1182 4180 1386 4244 κακῶν,
1436 4181 1530 4235 καὶ
1567 4182 1647 4236 ἔτι
1683 4182 2052 4254 μακροθυμείί

405 4269 566 4324 Ἀλλά
600 4271 676 4340 μὴ
712 4268 1024 4343 θαρρῶμεν,
1056 4268 1194 4323 ἀλλὰ
1223 4268 1567 4338 φοϐηθῶμεν.
1603 4271 1713 4323 Kal
1744 4270 1853 4341 γὰρ
1891 4273 1920 4324 6
1955 4273 2059 4325 Φα-

394 4359 530 4431 ραὼ,
551 4361 598 4413 εί
628 4361 693 4412 ἐκ
713 4360 809 4429 τῆς
840 4356 1062 4430 πρώτης
1083 4358 1298 4429 πληγῆς
1327 4358 1643 4429 ἐπαιδεύθη,
1674 4359 1775 4412 οὐκ
1804 4358 1870 4412 ἂν
1898 4360 2057 4414 ἔλαϐε

392 4453 587 4522 πεῖραν
618 4449 732 4505 τῶν
755 4449 1018 4521 ὑστέρων,
1048 4451 1148 4503 οὐκ
1177 4449 1242 4503 ἂν
1273 4450 1410 4519 μετὰ
1439 4450 1611 4503 ταῦτα
1646 4451 1763 4522 ἃμα
1807 4452 1955 4522 αὐτῷ
1981 4451 2059 4523 τῷ

392 4538 760 4611 στρατεύματι
790 4539 836 4571 ⁸³
886 4537 1301 4608 κατεποντίσθη.
1357 4538 1541 4591 Ταῦτα
1569 4539 1624 4592 δὲ
1666 4540 1829 4609 λέγω,
1873 4540 2060 4613 ἐπειδὴ

393 4628 622 4691 πολλοὺς
654 4622 771 4680 οἶδα
818 4626 959 4679 κατὰ
991 4627 1084 4679 τὸν
1113 4624 1311 4697 Φαραὼ
1361 4627 1456 4679 καὶ
1487 4626 1584 4680 νῦν
1625 4627 1900 4695 λέγοντας,
1948 4629 2062 4682 Οὐκ

389 4713 507 4770 οἶδα
530 4715 624 4768 τὸν
649 4714 801 4779 Θεὸν,
825 4716 920 4767 καὶ
943 4713 1021 4785 τῷ
1046 4712 1202 4784 πηλῷ
1231 4713 1323 4767 καὶ
1349 4717 1415 4784 τῇ
1447 4712 1697 4786 πλινθείᾳ
1728 4714 2062 4786 προσηλοῦν-

391 4820 491 4866 τας
517 4804 645 4866 τοὺς
678 4799 1032 4860 ὑπευθύνους.
1070 4800 1252 4864 Πόσοι,
1279 4800 1373 4852 τοῦ
1400 4800 1535 4853 Θεοῦ
1567 4801 1881 4865 κελεύοντος
1909 4803 2056 4856 ἀνιέ-

391 4910 481 4945 ναι
506 4891 604 4963 τὴν
625 4889 871 4961 ἀπειλὴν,
903 4889 1024 4943 οὐδὲ
1060 4889 1152 4943 τὸν
1183 4887 1330 4961 [464]
1370 4889 1531 4942 πόνον
1558 4890 1841 4960 ἀνέχονται
1888 4891 2056 4961 χαλά-

394 4997 484 5034 σαι
504 4997 518 5045 ;
562 4978 701 5033 Ἀλλ’
721 4978 819 5031 οὐκ
840 4978 984 5031 ἔστιν
1004 4975 1272 5047 Ἐρυθρὰν
1293 4976 1563 5031 θάλατταν
1597 4976 1782 5031 λοιπὸν
1806 4977 2056 5048 διαϐῆναι

393 5065 507 5120 νῦν.
550 5062 713 5116 Ἀλλὰ
765 5060 998 5128 πέλαγός
1032 5062 1150 5113 ἐστι
1177 5059 1374 5131 πυρὸς,
1426 5058 1658 5127 πέλαγος
1703 5061 1763 5113 οὐ
1794 5059 2054 5126 τοιοῦτον,

390 5149 511 5203 οὐδὲ
541 5147 821 5211 τοσοῦτον,
867 5145 1003 5199 ἀλλά
1041 5142 1218 5215 πολλῷ
1258 5143 1442 5214 μεῖζον
1487 5143 1582 5198 καὶ
1611 5141 1965 5213 ἀγριώτερον,
1995 5148 2058 5199 ὲκ

390 5231 483 5285 τοῦ
517 5230 686 5303 πυρὸς
715 5229 836 5299 ἔχον
859 5229 930 5282 τὰ
961 5227 1201 5298 κύματα,
1232 5227 1404 5298 πυρὸς
1445 5225 1594 5291 ξένου
1631 5224 1776 5290 τινὸς
1808 5218 1901 5280 καὶ
1935 5245 2058 5299 φρι-

395 5314 620 5378 κώδους.
646 5312 915 5376 ’Δδυσσός
942 5314 1088 5365 ἐστιν
1119 5312 1236 5364 ἐκεῖ
1271 5308 1479 5379 μεγάλη
1517 5308 1712 5377 φλογὸς
1735 5309 2055 5379 χαλεπωτά-

1246 376 1303 434 S.
1345 377 1628 437 JOANNIS
1665 378 2154 437 CHRYSOSTOMI
2192 376 2515 436 ARCHIEP.
2554 373 3097 432 CONSTANTINOP.

3717 372 3821 429 463

2154 495 2262 548 τινὶ
2292 495 2466 568 θηρίῳ
2511 495 2706 559 ἐοικός.
2763 494 2827 548 El
2866 492 2975 564 γὰρ
2997 488 3229 545 ἐνταῦθα
3254 490 3316 544 τδ
3370 490 3628 563 αἰσθητὸν
3664 471 3845 546 τοῦτο’

2155 584 2249 637 καὶ
2278 583 2460 637 ὑλικὸν
2485 583 2617 654 πῦρ,
2649 581 2838 653 ὥσπερ
2858 580 3046 652 θηρίον
3075 579 3389 650 ἐκπηδῆσον
3430 582 3529 650 τῆς
3562 579 3816 651 καμίνου,

2154 670 2388 742 ἐφήλατο
2417 671 2464 703 ⁸⁵
2489 673 2608 734 τοῖς
2627 668 2733 736 ἔξω
2762 668 3111 740 καθημένοις,
3133 666 3185 720 τί
3207 668 3308 720 οὐκ
3327 667 3619 740 ἐργάσεται
3644 668 3821 721 ἐκεῖνο

2151 759 2276 821 τοὺς
2315 757 2655 828 ἐμπεσόντας
2683 758 2763 824 ";
2800 757 3065 809 Ἄκουσον
3085 754 3213 826 περ)⁵
3239 753 3339 825 τῆς
3368 754 3584 824 ἡμέρας
3604 754 3820 824 ἐκείνης

2151 844 2417 914 λεγόντων
2439 845 2544 898 τῶν
2573 844 2864 917 προφητῶν
2884 860 2897 873 ·
2951 840 3158 912 Ἡμέρα
3185 842 3405 910 Κυρίου
3427 841 3691 908 ἀνίατος,
3719 847 3823 897 θυ-

2146 933 2268 1002 μοῦ
2294 933 2393 987 καὶ
2433 930 2613 1002 ὀργῆς
2642 932 2901 1000 πλήρης.
2940 930 3129 994 Οὐδεὶς
3156 929 3266 999 γὰρ
3300 929 3453 986 ἔσται
3494 931 3524 983 6
3556 930 3823 1001 παριστά-

2156 1037 2315 1090 μενος
2348 1021 2416 1078 ⁸⁷.
2445 1021 2619 1083 οὐδεὶς
2641 1021 2670 1073 6
2707 1017 3121 1090 ἐξαιρούμενος·
3159 1016 3397 1087 οὐδαμοῦ
3442 1016 3537 1070 τοῦ
3583 1015 3821 1088 Χριστοῦ

2151 1106 2214 1160 τὸ
2239 1108 2527 1179 πρόσωπον
2549 1107 2610 1159 τὸ
2636 1108 2842 1179 ἥμερον
2866 1106 2960 1159 καὶ
2988 1104 3241 1174 γαληνόν.
3286 1104 3425 1157 Ἀλλ’
3463 1102 3654 1175 ῶσπερ
3676 1105 3726 1157 οἱ
3754 1105 3823 1159 τά

2158 1193 2392 1266 μέταλλα
2420 1194 2777 1265 ἐργαζόμενοι
2797 1192 3051 1264 χαλεποῖς
3068 1208 3177 1244 τισι
3204 1191 3585 1263 παραδίδονται
3613 1190 3823 1262 ἀνθρώ-

2157 1300 2300 1349 ποις,
2335 1282 2432 1336 καὶ
2460 1283 2651 1337 οὐδένα
2682 1281 2791 1336 τῶν
2822 1280 3036 1335 οἰκείων
3068 1279 3377 1351 βλέπουσιν,
3419 1279 3556 1334 ἀλλά
3583 1280 3706 1342 τοὺς
3732 1281 3825 1349 ἐφ-

2117 1375 2120 1378 ’
2157 1370 2459 1441 εστηκότας
2483 1369 2697 1441 μόνους·
2725 1368 2867 1422 οὕτω
2888 1368 2953 1439 δὴ
2987 1367 3082 1422 καὶ
3108 1366 3258 1420 τότε·
3285 1364 3483 1437 μᾶλλον
3515 1366 3572 1420 δὲ
3601 1367 3702 1437 οὐχ
3727 1367 3821 1421 οὐ-

2152 1474 2282 1521 τως,
2315 1456 2455 1511 ἀλλὰ
2497 1457 2594 1511 καὶ
2643 1456 2821 1522 πολλῷ
2846 1454 3242 1526 χαλεπώτερον.
3278 1454 3540 1509 Ἐνταῦθα
3586 1455 3686 1527 μὲν
3713 1455 3823 1526 γάρ

2153 1545 2379 1600 δυνατὸν
2404 1547 2499 1599 καὶ
2531 1545 2851 1616 προσελθεῖν
2878 1544 2974 1598 καὶ
2993 1543 3251 1614 δεηθῆναι
3282 1542 3379 1596 τοῦ
3408 1542 3693 1613 βασιλέως,
3728 1544 3824 1597 καὶ

2153 1631 2314 1687 λῦσαι
2333 1633 2423 1686 τὸν
2446 1632 2941 1687 καταδικασθέντα·
2972 1630 3089 1684 ἐκεῖ
3113 1630 3171 1684 δὲ
3189 1630 3404 1684 οὐκέτι·
3432 1631 3496 1684 οὐ
3528 1630 3639 1701 γὰρ
3676 1629 3824 1698 ἐφίε-

2154 1739 2243 1774 ται
2274 1723 2320 1761 ⁵⁸
2338 1739 2351 1751 ·
2381 1719 2518 1774 ἀλλά
2553 1720 2806 1791 μένουσιν
2836 1716 3380 1788 ἀποτηγανιζὸμενοι,
3435 1719 3530 1771 καὶ
3554 1717 3823 1789 τοσαύτην

2155 1808 2348 1879 ὀδύνην
2376 1808 2613 1879 ἔχοντες,
2645 1807 2775 1877 ὅσην
2806 1806 2852 1838 ⁸⁸
2872 1805 2994 1859 οὐδέ
3019 1806 3195 1858 εἰπεῖν
3220 1805 3461 1860 δυνατόν.
3493 1806 3558 1859 Εἰ
3577 1804 3689 1877 γὰρ
3711 1805 3822 1858 τῶν

2153 1894 2385 1949 ἐνταῦθα
2406 1895 2706 1964 καιομένων
2721 1894 2819 1957 τὰς
2834 1892 3082 1965 δριμείας
3097 1891 3397 1963 ἀλγηδόνας
3412 1892 3583 1956 οὐδεὶς
3598 1892 3823 1948 δύναται

2154 1985 2502 2055 παραστῆσαι
2520 1984 2696 2053 λόγος,
2712 1982 2890 2053 πολλῷ
2912 1980 3110 2054 μᾶλλον
3129 1981 3237 2034 τῶν
3262 1980 3437 2034 ταῦτα
3451 1982 3570 2034 ἐκεῖ
3587 1982 3826 2052 πασχόν-

2150 2089 2279 2126 των.
2298 2070 2559 2126 Ἐνταῦθα
2580 2070 2677 2141 μὲν
2697 2071 2806 2141 γὰρ
2830 2071 2888 2123 ἐν
2908 2069 3136 2140 βραχείᾳ
3158 2067 3350 2140 καιροῦ
3374 2070 3516 2139 ῥοπῇ
3540 2067 3601 2124 τὸ
3618 2070 3727 2123 πᾶν
3746 2069 3833 2137 γί-

2152 2177 2303 2213 νεται
2321 2173 2337 2189 ·
2365 2158 2478 2212 ἐκεῖ
2504 2158 2560 2211 δὲ
2589 2157 2799 2211 καίεται
2827 2156 3021 2226 μὲν,οὐ
3043 2156 3344 2210 δαπανᾶται
3362 2155 3419 2208 δὲ
3433 2154 3495 2208 τὸ
3511 2156 3820 2226 καιόμενον.

2224 2245 2290 2299 Τί
2321 2244 2497 2298 τοίνυν
2531 2244 2830 2314 ποιήσομεν
2859 2242 2904 2273 ⁶⁰
2950 2244 3101 2308 ἐκεῖς
3135 2243 3246 2295 Kal
3274 2240 3384 2312 γὰρ
3426 2240 3561 2313 πρὸς
3590 2241 3825 2311 ἐμαυτὸν

2152 2333 2327 2388 ταῦτα
2351 2333 2515 2401 λέγω.
2540 2334 2650 2385 Kal
2680 2331 2729 2384 εί
2756 2333 2842 2396 σὺ,
2866 2331 3050 2401 φησὶν,
3081 2330 3109 2382 6
3144 2329 3480 2392 διδάσκαλος,
3512 2330 3641 2401 περὶ
3658 2346 3823 2383 σεαυ-

2152 2422 2246 2476 τοῦ
2277 2421 2450 2475 ταῦτα
2478 2421 2674 2490 λέγεις,
2706 2420 2857 2474 οὐδὲν
2882 2419 3008 2490 ἐμοὶ
3043 2418 3194 2490 μέλει
3231 2418 3437 2472 λοιπόν.
3467 2417 3534 2470 Τί
3565 2418 3674 2488 γὰρ
3697 2418 3831 2472 θαυ-

2157 2510 2361 2581 μαστὸν
2398 2510 2498 2579 ἐμὲ
2543 2508 2895 2574 κολάζεσθαις
2943 2509 3058 2578 Μὴ,
3104 2507 3444 2579 παρακαλῶ,
3474 2507 3663 2579 μηδεὶς
3690 2507 3830 2560 ταύ-

2152 2615 2251 2669 την
2305 2598 2537 2667 ζητείτω
2597 2596 2696 2666 τὴν
2761 2595 3154 2667 παραμυθίαν·
3213 2595 3276 2648 οὐ
3328 2595 3435 2665 γάρ
3495 2597 3642 2648 ἐστιν
3687 2593 3831 2664 αῦτη

2158 2685 2483 2757 παραψυχή,
2527 2684 2664 2740 Εἰπὲ
2701 2685 2810 2755 γάρ
2852 2702 2964 2755 μοι,
3013 2684 3137 2754 οὐχὶ
3168 2682 3457 2754 ἀσώματος
3490 2682 3720 2753 δύναμις
3760 2678 3832 2754 ῆν

2152 2775 2181 2826 6
2232 2774 2504 2838 διάϐολος;
2550 2774 2611 2826 οὐ
2658 2771 2767 2824 τῶν
2821 2771 3123 2842 ἀνθρώπων
3169 2769 3428 2840 βελτίων;
3489 2770 3629 2823 Ἀλλ’
3678 2770 3830 2839 ὅμως

2154 2862 2429 2928 ἐξέπεσεν.
2467 2858 2592 2932 ’Ἆρ’
2620 2858 2713 2916 οῦν
2747 2861 2896 2914 ἔστιν
2915 2861 3063 2925 ὅστις
3092 2860 3448 2932 παραμυθίαν
3481 2863 3544 2913 ἐκ
3577 2860 3674 2913 τοῦ
3707 2862 3835 2930 μετ’-

2154 2952 2364 3005 ἐκείνου
2412 2950 2736 3017 κολάζεσθαι
2777 2950 3039 3021 λήψεται;
3086 2949 3372 3020 Οὐδαμῶς.
3403 2950 3469 3003 Τί
3501 2949 3557 3003 δὲ
3597 2950 3639 2987 σι
3683 2951 3735 3002 οἱ
3770 2950 3830 3002 ἐν

2154 3038 2416 3110 Αἰγύπτῳ
2449 3039 2651 3103 πάντες
2676 3057 2692 3106 ;
2721 3039 2841 3108 οὐχὶ
2858 3040 2950 3091 καὶ
2975 3039 3099 3101 τοὺς
3124 3039 3183 3089 ἐν
3220 3038 3416 3109 ἀρχαῖς
3449 3036 3638 3108 ἐώρων
3664 3036 3839 3119 κολα-1

2162 3127 2444 3195 ζομένους,
2478 3128 2572 3180 καὶ
2591 3127 2827 3198 ἑκάστην
2855 3125 3033 3180 οἰκίαν
3066 3126 3260 3190 πένθος
3291 3126 3548 3197 ἔχουσανς
3581 3122 3710 3198 Ἆρ’
3734 3122 3831 3180 οῦν

2156 3214 2410 3269 ἐντεῦθεν
2446 3215 2779 3268 ἀνέπνευσαν
2811 3216 2905 3268 καὶ
2936 3216 3363 3286 παρεκλήθησαν
3402 3216 3486 3279 ⁶¹;
3528 3214 3604 3268 Οὐ
3648 3214 3788 3287 δῆτα
3812 3231 3832 3289 ’ρ

2156 3303 2250 3355 καὶ
2275 3302 2432 3372 δῆλον
2456 3302 2514 3369 ἐξ
2544 3295 2618 3355 ὧν
2644 3302 2781 3372 μετὰ
2803 3302 2975 3356 ταῦτα
3003 3303 3284 3373 ἐποίησαν,
3310 3302 3499 3374 ὥσπερ
3543 3303 3651 3356 ὐπό
3682 3318 3834 3367 τινος

2158 3391 2356 3459 φλογὸς
2404 3389 2810 3461 μαστιζόμενοι,
2866 3392 3289 3455 συνεπιστάντες
3318 3390 3396 3460 τῷ
3453 3391 3695 3461 βασιλεῖ,
3731 3392 3833 3444 καὶ

2156 3478 2567 3545 ἀναγκάσαντες
2596 3476 2849 3530 ἐκϐαλεῖν
2877 3475 2986 3529 τῶν
3031 3476 3301 3547 Ἐϐραίων
3340 3478 3432 3531 τὸν
3472 3477 3665 3548 δῆμον.
3713 3477 3829 3531 Kal

2156 3566 2264 3635 γὰρ
2297 3565 2501 3634 σφόδρα
2555 3565 2761 3636 ψυχρὸς
2807 3558 2960 3627 οὗτος
2994 3565 3023 3616 6
3046 3565 3222 3632 λόγος,
3262 3564 3325 3618 τὸ
3357 3564 3599 3634 νομίζειν
3646 3581 3832 3635 παρα-

2160 3651 2359 3722 μυθίαν
2390 3653 2575 3722 φέρειν
2601 3651 2663 3704 τὸ
2699 3650 2837 3722 μετά
2867 3650 3088 3704 πάντων
3118 3649 3441 3715 κολάζεσθαι
3467 3666 3482 3680 ·
3515 3652 3578 3705 τὸ
3620 3651 3828 3721 λέγειν,

2158 3738 2234 3802 ὡς
2266 3738 2463 3802 πάντες
2496 3739 2589 3792 καί
2628 3738 2758 3807 ἐγώ.
2800 3738 2867 3791 Τί
2895 3738 3006 3810 γὰρ
3051 3738 3158 3809 χρὴ
3206 3738 3385 3808 λέγειν
3426 3738 3526 3810 τὴν
3566 3741 3830 3808 γέενναν;

2169 3825 2452 3896 Ἐννόησόν
2510 3843 2600 3896 μοι
2636 3827 2762 3890 τοὺς
2812 3825 2918 3879 ὑπὸ
2969 3826 3269 3895 ποδαλγίας
3311 3827 3736 3896 κατεχομένους,
3775 3828 3832 3882 οἶ

2156 3912 2283 3965 ὅταν
2324 3911 2428 3966 ὑπὸ
2453 3911 2700 3982 δριμείας
2746 3912 2938 3981 ὀδύνης
2966 3911 3410 3975 κατατείνωνται,
3457 3911 3558 3966 κᾶν
3600 3913 3832 3984 μυρίους

2155 3998 2334 4071 δείξῃς
2396 3998 2752 4070 χαλεπώτερα
2791 3999 3117 4069 πάσχοντας,
3173 3999 3282 4054 οὐδ’
3321 4002 3401 4063 είς
3449 4000 3573 4053 νοῦν
3611 4000 3831 4071 λαμϐά-

2156 4105 2327 4142 νουσι.
2380 4087 2452 4139 Τὸ
2496 4087 2605 4157 γὰρ
2639 4088 3027 4158 ἐπιτεταμένον
3066 4088 3165 4159 τῆς
3193 4086 3484 4158 ἀλγηδόνος
3518 4087 3580 4142 οὐ
3616 4104 3832 4158 συγχω-

2160 4179 2245 4246 ρεῖ
2274 4173 2351 4245 τῷ
2376 4174 2621 4245 λογισμῷ
2651 4174 2847 4245 σχολήν
2888 4192 3010 4229 τινα
3055 4175 3222 4246 ἔχειν,
3270 4176 3350 4238 εἰς
3394 4174 3456 4227 τὸ
3503 4174 3833 4244 λογίσασθαι

2158 4264 2380 4333 ἐτέρους
2412 4264 2506 4316 καὶ
2538 4261 2892 4332 παραμυθίαν
2950 4263 3151 4333 εὑρεῖν.
3206 4264 3300 4333 Μὴ
3340 4262 3520 4316 τοίνυν
3551 4265 3672 4327 cat;
3720 4264 3833 4334 ψυ-

2157 4353 2319 4421 χραῖς
2343 4350 2571 4411 ταύταις
2597 4349 2780 4403 ἐλπίσι
2801 4349 3149 4421 τρεφώμεθα.
3180 4348 3332 4423 [465]
3359 4351 3431 4404 Τὸ
3447 4350 3556 4422 γὰρ
3572 4351 3833 4418 δέξασθαι

2160 4436 2513 4508 παραμυθίαν
2538 4438 2602 4489 ἐκ
2633 4436 2742 4489 τῶν
2772 4436 2867 4490 τοῦ
2906 4438 3077 4502 πέλας
3112 4437 3318 4502 κακῶν,
3358 4440 3416 4493 ἐν
3450 4442 3563 4501 τοῖς
3615 4441 3832 4511 συμμέο

2158 4543 2313 4598 τροις
2338 4526 2549 4594 γίνεται
2580 4525 2692 4578 τῶν
2726 4524 2947 4579 παθῶν·
2973 4527 3100 4579 ὅταν
3134 4526 3191 4579 δέ
3236 4527 3477 4597 ὑπερέχῃ
3508 4529 3541 4597 ἡ
3571 4527 3831 4597 βάσανος,

2161 4615 2255 4669 καὶ
2281 4610 2502 4687 ζάληςῇ
2538 4614 2717 4668 πάντα
2752 4614 2924 4685 μεστά
2948 4614 3018 4668 τὰ
3045 4614 3210 4679 ἔνδον,
3240 4616 3334 4668 καὶ
3365 4615 3497 4685 μηδὲ
3527 4616 3723 4685 ἑαυτὴν
3748 4617 3830 4669 εί-

2160 4703 2308 4757 δέναι
2329 4705 2361 4772 ἡ
2382 4702 2528 4772 ψυχὴ
2552 4701 2736 4755 λοιπὸν
2756 4701 2878 4773 ἔχῃ,
2892 4701 3056 4755 πόθεν
3083 4702 3432 4773 καρπώσεται
3451 4703 3829 4774 παραμυθίαν;

2233 4795 2297 4842 ε’.
2344 4788 2506 4841 Ὥστε
2537 4789 2709 4857 γέλως
2738 4790 2916 4842 πάντα
2955 4788 3129 4842 ταῦτα
3157 4789 3226 4842 τὰ
3267 4789 3510 4860 ῥήματα,
3541 4790 3636 4843 καὶ
3664 4789 3830 4860 μῦθοι

2164 4878 2374 4931 παίδων
2428 4879 2673 4947 ἀνοήτων
2717 4878 2879 4930 εἰσίν.
2925 4877 3097 4930 Τοῦτο
3127 4868 3258 4948 γὰρ,
3284 4877 3313 4931 ὃ
3351 4877 3554 4947 λέγεις,
3590 4879 3650 4931 ἐν
3694 4878 3831 4933 ἀθυ-

2166 4964 2265 5035 μίᾳ
2296 4964 2342 4996 ⁶³
2366 4963 2672 5033 συμϐαίνει.
2705 4965 2800 5017 καὶ
2827 4965 2885 5016 ἐν
2914 4963 3124 5035 ἀθυμίᾳ
3166 4963 3485 5037 συμμέτρῳ,
3507 4966 3637 5019 ὅταν
3662 4965 3831 5018 ἀκού-

2166 5070 2348 5123 σωμεν
2369 5094 2383 5118 ,
2411 5053 2492 5105 δτι
2538 5053 2566 5104 ὁ
2609 5052 2756 5105 δεῖνα
2805 5051 2867 5105 τὸ
2898 5052 3028 5105 αὐτὸ
3061 5051 3265 5105 ἔπαθεν
3298 5067 3316 5084 ·
3350 5053 3465 5106 ἔστι
3497 5053 3557 5106 δὲ
3585 5053 3674 5106 ὅτε
3701 5054 3830 5108 οὐδὲ

2164 5144 2222 5193 ἐν
2262 5139 2495 5210 ἀθυμίᾳ·
2532 5139 2655 5192 είδέ
2683 5141 2801 5193 ἐκεῖ
2828 5140 3086 5208 οὐδεμίαν
3123 5140 3275 5210 ίσχύν
3298 5139 3436 5210 ἔχει,
3479 5140 3660 5210 πολλῷ
3689 5142 3831 5212 μᾶλα

2159 5229 2249 5280 λον
2278 5229 2335 5279 ἐν
2358 5227 2517 5298 ὀδύνῃ
2547 5227 2643 5280 καὶ
2667 5226 2813 5295 πόνῳ
2844 5227 3093 5298 ἀρρήτῳ,
3121 5228 3187 5297 ἢν
3207 5230 3235 5281 ό
3262 5226 3507 5299 βρυγμὸς
3546 5228 3656 5282 τῶν
3680 5228 3825 5284 ἐδόν-

2160 5331 2269 5367 των
2301 5315 2558 5368 δείκνυσι.
2589 5314 2698 5367 Kal
2726 5311 2840 5368 οἶδα
2868 5316 2965 5385 μὲν
2986 5315 3244 5385 φορτικὸς
3266 5315 3339 5370 ῶν
3361 5318 3455 5371 καὶ
3482 5316 3664 5371 λυπῶν
3680 5318 3827 5388 ὑμᾶς

388 5421 489 5475 της
521 5402 588 5459 ⁸⁸.
610 5401 892 5473 Πανταχοῦ
913 5401 1021 5472 γὰρ
1042 5400 1153 5472 πῦρ
1182 5401 1503 5471 περιτρέχον
1528 5398 1675 5451 ἔστιν
1709 5399 1856 5463 ἰδεῖν,
1883 5399 2058 5471 ἀγρίῳ
2161 5401 2250 5456 διὰ
2285 5401 2394 5455 τῶν
2450 5402 2709 5473 ῥημάτων
2758 5401 2961 5456 τούτων
2984 5418 3001 5435 ·
3056 5402 3195 5456 ἀλλά
3245 5403 3300 5456 τί
3351 5405 3545 5471 πάθω;
3597 5406 3671 5458 Οὐ
3716 5405 3829 5476 γάρ

461 5492 715 5577 ξθμετάι
734 5491 912 5577 πάντα
936 5490 1083 5577 μετά
1117 5488 1251 5577 illor.
1286 5488 1415 5577 Bsn.
1447 5486 1491 5577 ις
1517 5485 1838 5577 ‘HOIKION‘.
1872 5486 2194 5577 Ὅιξιιούδεῖ
2232 5493 2350 5577 ταῖς
2388 5491 2587 5577 ἐτέρων
2623 5491 2914 5577 ῥᾳθυμίαις
2958 5491 3274 5577 ἀφορῶντας
3296 5494 3443 5561 ἡμᾶς
3464 5494 3824 5577 καταπίπτειν

392 5563 486 5615 καὶ
516 5556 763 5642 ἀθυμεῖν·
788 5556 990 5684 ψυὲρδς
1002 5561 1109 5630 γάρ
1130 5561 1273 5611 ἐστιν
1293 5556 1444 5619 οὗτος
1465 5558 1493 5609 6
1517 5556 1772 5624 λογισμός
1930 5559 1977 5590 ⁸ο
2000 5556 2190 5627 Incipit
2207 5561 2268 5614 τὸ
2287 5556 2498 5629 ἠθικόν.
2519 5556 2677 5614 Arn]:
2694 5556 2901 5644 Ταῦτα]
2923 5556 3107 5617 αὐόκῖέ
3132 5561 3192 5614 D.
3214 5570 3269 5615 cl.
3305 5556 3449 5617 éurr.
3475 5563 3533 5614 E.
3555 5563 3653 5635 μή]
3675 5564 3735 5617 οὐ
3758 5562 3820 5618 D.

394 5633 438 5663 δι
473 5633 582 5684 Kal
602 5648 760 5684 τουτο
781 5649 850 5684 κα
914 5631 1025 5682 ‘lld.
1099 5630 1144 5661 δ’
1171 5645 1253 5681 σοι
1272 5644 1384 5680 om.
1411 5626 1471 5678 Ρ.
1539 5626 1584 5657 ⁵³
1608 5643 1821 5684 στρατω
1856 5626 1915 5679 D.
1988 5629 2035 5660 ”
2058 5630 2408 5684 γαλεπωτάτη
2443 5629 2506 5684 Α.
2538 5632 2599 5684 (Σ.
2634 5678 2643 5684 .
2676 5633 2722 5663 ⁵⁵
2748 5632 3010 5684 ἐσήλλατο
3031 5632 3095 5684 Α.
3127 5631 3189 5684 Ε.
3208 5645 3261 5684 et
3279 5648 3423 5684 corr.
3454 5631 3514 5684 F.
3539 5650 3662 5684 cum
3691 5632 3820 5684 Edd.

473 5633 582 5684 Kal
602 5629 760 5684 τοῦτο
781 5629 873 5684 καί
896 5629 1025 5684 ΕιΙιί.
1082 5629 1144 5661 ί⁸¹
1171 5645 1253 5681 σοι
1272 5644 1384 5680 om.
1411 5629 1471 5678 Ρ.
1539 5629 1584 5657 ⁵³
1608 5629 1821 5697 στρατῷ
1856 5629 1915 5679 Ι).
1988 5629 2035 5660 ⁵⁸

474 5702 579 5755 cile
606 5703 844 5756 correxit
880 5700 1068 5753 Ellitor
1098 5698 1229 5752 Ben.
1260 5696 1381 5768 2f“,
1415 5695 1619 5751 Dciude
1660 5706 1785 5765 post
1812 5697 2054 5768 καθημέν

2159 5631 2408 5702 επωτάτη
2443 5629 2506 5684 Α.
2538 5632 2599 5684 (Σ.
2634 5678 2643 5687 .
2676 5633 2722 5663 ⁵⁸
2748 5629 3010 5702 ὲφὴλλατο
3031 5632 3095 5685 Α.
3127 5631 3189 5684 Ε.
3208 5645 3261 5684 et
3279 5648 3423 5686 corr.
3454 5631 3514 5685 F.
3539 5629 3662 5687 ἑυίή
3691 5632 3823 5687 Edd.

2173 5702 2334 5768 vulgo
2374 5701 2662 5768 subjicitur
2692 5704 2784 5754 ἐπὶ
2818 5702 2926 5754 τῶν
2946 5699 3113 5768 τριῶν
3137 5702 3360 5761 παίδων,
3400 5705 3585 5768 procul
3608 5704 3823 5757 dubiae

393 5699 579 5755 Tacite
606 5703 844 5756 correxit
880 5700 1068 5753 Ellitor
1098 5699 1229 5752 Ben.
1260 5699 1371 5753 ἑὼ.
1415 5699 1619 5751 Dciude
1660 5706 1785 5765 post
1812 5699 2054 5768 καθημέν

394 5773 949 5849 ιιιονεὶηολῃνθοιιεηι.
976 5771 1177 5849 (iorem
1192 5784 1258 5822 eo
1274 5767 1452 5849 F103.
1484 5770 1652 5849 ﬁrma
1667 5767 1881 5849 haunit.
1892 5771 1986 5823 sed
2010 5785 2054 5823 m

2173 5702 2334 5771 vulgo
2374 5699 2662 5769 subjicitur
2692 5704 2784 5754 ἐπὶ
2818 5699 2926 5754 τῶν
2946 5699 3113 5772 τριῶν
3137 5702 3360 5761 παίδων,
3400 5705 3585 5772 procul
3608 5704 3820 5757 dubioe

2158 5787 2174 5824 ι
2200 5772 2403 5825 recenti
2429 5771 2693 5849 inscrtum
2717 5772 2782 5824 A.
2808 5771 2870 5825 E.
2927 5771 2975 5802 “
2995 5772 3326 5849 ἐκπεσόντας
3351 5768 3820 5849 -Ρκέμπεσοῦντξι-ς·

396 5836 596 5920 εοιᾳῖοο
630 5839 764 5895 Ειὶιι.
826 5840 870 5872 ⁸⁷
897 5839 1290 5923 προϊστάμενος
1403 5837 1465 5891 C.
1484 5836 1619 5923 life-1:
1640 5839 1692 5923 iu
1722 5838 1883 5923 δίῳΗί
1909 5856 2054 5923 ατςυλ

2158 5850 2227 5923 [ρο
2250 5841 2816 5923 ιηινιιιιιξὶιξιιιεχΤοιηἐξ
2864 5858 2894 5895 x
2918 5841 3107 5923 91‘399
3136 5840 3193 5893 Ι).
3213 5912 3227 5923 Δ
3268 5836 3557 5923 ’ἔξ-ἀφίεται
3663 5842 3726 5897 C.
3755 5841 3811 5895 F.

396 5908 828 5983 {inaugurato}!ch
860 5907 1197 5983 ra_s‘ur:1_rn_E._
1228 5912 1439 5983 ἐφεῖται
1484 5907 1642 5983 Edd.‘
1662 5908 1805 5983 haud
1838 5907 1999 5963 male:
2023 5911 2054 5964 C

2158 5907 2359 5983 Potin].
2387 5926 2441 5982 p.
2478 5912 2584 5983 398
2602 5910 2673 5983 C.A
2693 5921 2747 5965 cl
2776 5907 2838 5964 Ε.
2918 5907 2935 5911 ’
2962 5911 3012 5983 ⁸1
3041 5912 3163 5983 ὅσον
3199 5912 3263 5967 Α.
3288 5913 3350 5969 C.
3389 5907 3400 5912 ⁷
3422 5914 3467 5945 ⁶⁰
3510 5915 3815 5983 ποιήσωμεν

400 5975 545 6031 με.
614 5979 654 6011 ⁶¹
685 5979 767 6046 δέι
794 5979 883 6035 δαί
905 5978 967 6033 D.
1037 5979 1081 6012 “
1107 5975 1389 6034 ἀνέπζκαὶ
1418 5976 1643 6049 παρεκ.]
1663 5980 1754 6032 xal
1788 5997 1985 6048 παρεκ.
2010 5981 2102 6036 καὶ
2125 5982 2281 6036 ἀνέπ.
2301 5981 2361 6064 Β..
2390 5975 2413 6059 ’γ
2440 5982 2494 6065 θ’.
2507 5981 2765 6052 ἀθυμίαις
2790 5983 2853 6037 Α.
2882 5983 2941 6039 C.
2974 5980 3035 6036 Ε.
3069 5979 3131 6062 F._
