4074 6358
334 448 428 502 161
1284 442 1352 500 ΙΝ
1391 440 1801 498 ΜᾹΤΤΙΙᾸΞΗΜ
1843 439 1933 496 110

2040 475 2069 496 ..
2115 441 2297 497 XLIII.
2342 445 2411 500 al.
2453 445 2639 502 XLIV.

334 581 452 621 sese
489 580 611 620 cum
644 562 929 633 gentilibus
950 560 1257 632 iungerent.
1302 569 1356 615 et
1385 560 1597 614 illorum
1627 571 1804 612 mores
1829 572 1917 611 se-

334 665 627 712 ctarentur.
653 653 834 723 Itaque
855 655 1064 710 etiamsi
1091 668 1229 708 nunc
1253 652 1515 707 tantillum
1539 650 1922 705 moderatiores

333 749 614 803 videantur
655 761 797 811 esse,
846 746 967 816 quia
997 745 1379 814 lmperatorum
1411 753 1555 798 metu
1602 742 1918 813 quiescunt:

334 851 483 896 certe
509 841 607 895 nisi
653 839 756 894 hoc
794 847 956 903 esset,
983 839 1148 892 multo
1174 838 1419 908 graviora
1449 851 1605 906 quam
1645 845 1769 888 ante
1804 833 1920 886 ausi

337 933 583 986 fuissent.
612 931 743 985 Nam
769 931 820 984 in
862 931 979 984 aliis
1007 930 1258 999 operibus
1287 927 1441 982 malis
1463 927 1665 996 priscos
1687 925 1806 978 illos
1830 940 1923 976 su-

335 1033 542 1094 perant,
578 1023 628 1077 in
659 1023 967 1092 praestigiis,
1000 1021 1254 1075 malelicis
1280 1018 1502 1080 artibus,
1530 1026 1581 1071 et
1603 1017 1653 1070 in
1683 1013 1920 1077 lascivia,

335 1116 513 1168 omnia
541 1114 725 1168 istltmc
745 1127 902 1182 supra
929 1111 1144 1166 modum
1167 1119 1498 1165 exercentes.
1519 1107 1688 1162 Etiam
1713 1106 1764 1158 in
1783 1105 1920 1167 aliis,

335 1208 435 1261 etsi
466 1207 566 1261 hoc
589 1205 740 1262 freno
764 1207 1122 1272 detineantur,
1150 1219 1291 1273 strpe
1311 1203 1599 1258 seditiones
1619 1204 1920 1261 moverunt,

337 1309 521 1353 contra
561 1299 918 1368 Imperatores
949 1299 1391 1360 insurrexerunt,
1426 1295 1496 1349 ita
1523 1302 1578 1348 ut
1605 1293 1656 1346 in
1687 1300 1924 1346 extrema

339 1390 719 1446 delaberentur
758 1393 918 1446 mala.

409 1484 463 1535 4.
495 1481 718 1537 Ubinam
743 1498 872 1552 ergo
892 1491 1017 1537 sunt
1046 1482 1120 1536 illi
1146 1483 1233 1551 qui
1257 1481 1402 1551 signa
1426 1479 1698 1549 quaerunt?
1720 1476 1921 1536 Sciant,

339 1573 508 1643 probo
535 1583 753 1644 etgrato
779 1589 914 1644 opus
937 1589 1056 1630 esse
1078 1575 1257 1626 animo
1285 1587 1300 1626 :
1323 1571 1411 1641 qui
1440 1571 1538 1625 nisi
1564 1571 1722 1634 adsit,
1747 1569 1926 1638 signo-

339 1680 456 1718 rum
488 1662 632 1719 nulla
659 1666 764 1720 erit
804 1666 1022 1720 utilitas.
1065 1663 1222 1719 Certe
1249 1663 1493 1716 Ninivitre
1521 1663 1722 1730 absque
1761 1659 1926 1728 signis

338 1754 681 1809 crediderunt
712 1773 726 1810 :
760 1754 811 1809 hi
841 1770 968 1810 vero
993 1765 1115 1823 post
1155 1762 1233 1807 tot
1260 1752 1517 1806 miracula
1551 1750 1763 1819 pejores
1801 1756 1928 1801 sunt

339 1849 510 1904 eﬂ'ccti
542 1890 557 1914 ,
600 1865 764 1919 seque
811 1850 1210 1903 innumerorum
1252 1846 1555 1900 dzemonum
1593 1842 1922 1897 domicilium

339 1941 745 2002 constituerunt,
765 1949 821 1994 et
845 1951 1124 1994 sexcentas
1147 1938 1243 1993 sibi
1265 1944 1586 2006 pepererunt
1601 1935 1928 1989 calamitates

338 2031 456 2102 jure
486 2033 674 2086 illatas.
691 2033 822 2086 Cum
849 2033 991 2086 enim
1015 2031 1134 2098 quis
1157 2045 1185 2083 a
1207 2029 1360 2082 malis
1387 2028 1641 2082 liberatus
1667 2040 1770 2079 non
1797 2025 1928 2078 resi-

338 2126 518 2196 piscit,
551 2126 706 2194 longe
732 2125 971 2194 graviora
1007 2123 1270 2192 prioribus
1318 2121 1565 2190 patietur.
1617 2118 1742 2173 Ideo
1783 2116 1924 2170 enim

340 2216 473 2270 dixit
496 2258 511 2281 ,
567 2215 686 2269 Non
715 2216 896 2269 invenit
923 2215 1139 2284 requiem
1164 2255 1179 2278 ,
1206 2221 1266 2266 ttt
1290 2211 1575 2277 ostendat,
1623 2210 1924 2264 daemonum

342 2307 561 2361 insidias
601 2307 741 2360 hunc
782 2305 1085 2360 necessario
1113 2313 1454 2372 correpturas
1498 2316 1637 2356 esse.
1685 2299 1817 2354 Nam
1863 2299 1929 2352 ah

343 2397 425 2450 Itis
453 2395 660 2450 duobus
686 2395 750 2449 ad
781 2411 963 2450 sanam
997 2402 1229 2448 mentem
1259 2393 1438 2446 reduci
1470 2392 1832 2460 oportuisset,
1877 2397 1932 2441 et

341 2486 482 2557 quod
510 2487 669 2554 passi,
695 2497 745 2542 et
766 2486 904 2557 quod
937 2485 1144 2540 liberati
1173 2491 1390 2549 essent;
1415 2483 1522 2536 imo
1552 2483 1765 2536 tertium
1798 2495 1945 2550 quo--

343 2595 448 2650 que
468 2579 638 2641 adest,
671 2594 865 2647 nempe
907 2577 1251 2632 comminatio
1283 2591 1348 2630 ne
1376 2574 1500 2644 quid
1529 2574 1765 2628 deterius
1793 2587 1925 2628 con-

343 2675 530 2742 tingat.
565 2673 812 2726 Attamen
843 2687 909 2725 ex
938 2671 1081 2724 nullo
1110 2685 1294 2724 eorum
1328 2667 1576 2723 meliores
1621 2672 1928 2720 evaserunt.

343 2763 471 2820 l—la'c
513 2780 638 2818 vero
685 2779 790 2818 non
833 2762 898 2817 ad
929 2763 1049 2816 illos
1085 2771 1286 2815 tantum
1312 2801 1327 2826 ,
1381 2758 1474 2813 sed
1514 2759 1672 2813 etiam
1719 2755 1782 2809 ad
1831 2771 1930 2808 nos

343 2858 484 2913 dicta
512 2857 675 2912 fuisse
703 2865 1000 2926 opportune
1029 2855 1308 2909 credamus
1331 2893 1348 2918 ,
1387 2851 1599 2921 quando
1649 2849 1930 2903 illuminati

343 2959 398 3004 et
427 2965 455 3002 a
487 2949 673 3018 priscis
699 2948 864 3017 erepti
893 2947 1080 3012 malis,
1118 2958 1303 2998 rursus
1333 2943 1508 2996 eidem
1539 2939 1788 3010 nequitia:
1819 2939 1928 2992 lue-

345 3055 526 3094 remus
557 3057 570 3093 :
606 3055 726 3092 nam
758 3037 828 3092 ob
865 3037 1094 3091 admissa
1144 3046 1266 3105 post
1293 3034 1405 3087 lucc
1449 3041 1664 3101 peccata
1697 3030 1930 3098 graviori

347 3130 546 3184 ultione
589 3129 898 3198 plectemur.
932 3127 1056 3182 Ideo
1083 3125 1372 3196 paralytico
1398 3123 1609 3177 dicebat
1643 3121 1885 3177 Christus
1915 3139 1927 3173 :

351 3223 500 3290 Ecce,
529 3240 684 3278 sanus
713 3225 877 3293 factus
906 3237 994 3278 es:
1027 3221 1131 3274 noli
1159 3219 1378 3288 amplius
1415 3232 1618 3287 peccare
1642 3256 1656 3277 ,
1707 3231 1770 3268 ne
1814 3213 1934 3283 quid

348 3314 436 3368 tibi
465 3313 679 3366 deterius
709 3313 965 3382 contingat
997 3309 1176 3376 (Joan.
1210 3310 1265 3364 5.
1294 3305 1393 3379 M)
1439 3324 1451 3359 :
1479 3315 1534 3361 et
1581 3305 1692 3360 hare
1734 3306 1933 3358 homini

346 3407 486 3462 dicta
508 3415 649 3470 sunt,
673 3405 762 3476 qui
789 3404 999 3474 triginta
1020 3413 1140 3458 octo
1159 3399 1314 3458 anuis
1336 3415 1476 3471 a-ger
1495 3397 1684 3455 fuerat.
1707 3395 1931 3468 Ecquid,

350 3500 556 3569 inquies
578 3539 594 3564 ,
623 3499 836 3568 gravius
864 3511 1116 3565 passurus
1159 3504 1276 3550 erat
1302 3536 1316 3559 ,
1347 3509 1504 3563 quam
1535 3493 1727 3546 antea?
1757 3492 1936 3560 Longo

352 3591 532 3659 pejora
561 3599 614 3644 et
641 3590 908 3658 graviora.
943 3587 1097 3640 Absit
1142 3586 1283 3639 enim
1321 3598 1389 3638 ne
1437 3593 1580 3637 tanta
1631 3583 1892 3651 patiamur
1915 3622 1932 3645 ,

349 3693 546 3754 quanta
575 3683 682 3752 pati
711 3695 1014 3751 possumus.
1039 3678 1222 3746 Neque
1247 3677 1388 3730 enim
1416 3676 1523 3730 Deo
1549 3675 1806 3744 supplicia
1837 3675 1936 3728 de-

351 3786 496 3832 sunt.
529 3776 659 3830 Nam
691 3786 747 3829 ut
779 3789 969 3842 magna
1009 3770 1374 3827 misericordia
1399 3769 1517 3839 ejus
1537 3811 1552 3835 ,
1583 3769 1651 3822 ita
1687 3777 1740 3821 et
1764 3766 1938 3836 gravis

352 3881 436 3925 est
463 3871 538 3924 ira
566 3871 700 3938 ejus.
733 3867 844 3922 lvlac
871 3866 938 3920 de
960 3881 1019 3920 re
1035 3865 1421 3935 Jerosolymam
1449 3862 1587 3931 apud
1605 3860 1935 3914 Ezecltielem

351 3968 583 4014 accusat.
631 3957 742 4012 Vidi
772 3959 906 4011 enim
934 3967 1012 4021 te,
1045 3955 1247 4024 inquit,
1282 3955 1528 4024 pollutam
1567 3953 1813 4022 sanguine
1836 3992 1850 4012 ,
1892 3960 1938 4006 et

353 4054 454 4109 lavi
478 4063 524 4108 et
572 4053 694 4107 anxi
722 4094 736 4116 ,
780 4062 826 4105 et
858 4054 1044 4120 factum
1066 4059 1138 4102 est
1166 4048 1252 4101 tibi
1279 4064 1458 4100 nomen
1485 4049 1536 4099 in
1569 4044 1941 4114 pulchritudine

355 4160 478 4211 tua;
505 4161 549 4201 et
571 4148 821 4216 fornicata
847 4161 898 4198 es
923 4160 1034 4197 cum
1062 4142 1289 4210 ﬁnitimis
1317 4142 1417 4194 tuis
1445 4139 1654 4209 (Ezeclt.
1683 4140 1766 4192 lli.
1801 4137 1854 4192 6.
1883 4138 1939 4196 9;

355 4241 442 4294 14.
472 4239 575 4308 26)
610 4256 624 4292 :
659 4237 778 4290 ideo
820 4236 1059 4305 graviora
1100 4233 1192 4287 tibi
1242 4229 1480 4301 pcccanti
1508 4230 1758 4284 minatur.
1808 4229 1943 4282 Hine

357 4347 485 4386 vero
513 4347 617 4385 non
647 4329 962 4398 supplicium
995 4335 1218 4388 tantum,
1250 4323 1342 4376 sed
1372 4323 1687 4376 immensam
1720 4319 1809 4373 Dei
1844 4334 1937 4388 pa-

357 4425 593 4478 tientiam
623 4431 798 4477 tecum
827 4429 1032 4488 reputa.
1063 4415 1219 4486 Szepe
1248 4430 1478 4485 namque
1507 4413 1562 4466 in
1585 4412 1771 4466 eadem
1806 4411 1939 4464 mala

357 4515 556 4581 delapsi
584 4528 790 4578 sumus,
813 4509 1046 4566 ctadhuc
1064 4507 1482 4562 illeuostolerat.
1503 4504 1693 4558 Verum
1728 4519 1794 4556 ne
1811 4518 1942 4556 con-

361 4607 607 4668 ﬁdamus,
641 4604 733 4659 sed
765 4603 938 4673 potius
966 4603 1267 4654 timeamus.
1301 4597 1513 4651 Etenim
1539 4595 1769 4656 Pharao,
1802 4595 1844 4648 si
1873 4611 1938 4648 ex

362 4700 532 4770 prima
559 4697 708 4767 plaga
732 4694 1064 4762 resipuisset,
1096 4706 1201 4743 non
1232 4696 1516 4758 sequentes
1542 4693 1814 4754 expertus,
1843 4699 1945 4739 nec

361 4800 543 4861 postea
573 4805 692 4842 cum
723 4796 834 4840 toto
860 4783 1094 4839 exercitu
1135 4781 1413 4835 demersus
1453 4777 1658 4832 fuisset.
1695 4776 1819 4830 llree
1849 4792 1945 4829 au-

362 4893 468 4938 tem
494 4881 634 4943 dico,
665 4881 786 4948 quia
817 4878 1013 4931 multos
1039 4875 1160 4928 novi
1192 4888 1332 4927 nunc
1357 4873 1494 4926 sicut
1522 4871 1728 4924 Pharao
1757 4870 1944 4923 dicen-

364 4983 444 5027 tes
465 5015 478 5039 ,
510 4972 624 5026 Non
658 4969 784 5023 novi
812 4969 1012 5027 Deum;
1063 4965 1149 5034 qui
1181 4965 1290 5016 luto
1315 4973 1368 5016 et
1413 4961 1666 5015 lateribus
1706 4959 1948 5013 subditos

363 5082 490 5122 suos
517 5065 788 5118 addicunt.
816 5061 956 5126 Quot
982 5057 1244 5121 homines,
1275 5054 1494 5123 jnbente
1527 5053 1637 5106 Deo
1663 5053 1833 5104 minas
1862 5067 1950 5105 re-

364 5161 599 5220 mittere,
630 5172 696 5210 ne
725 5155 962 5209 laborem
1001 5150 1215 5220 quidem
1248 5149 1487 5201 relaxare
1510 5145 1719 5198 volunt?
1749 5144 1944 5198 Verum

365 5269 470 5307 non
501 5259 583 5305 cst
597 5251 706 5320 jam
733 5246 972 5301 Rubrum
1000 5257 1146 5295 mare
1174 5236 1563 5307 trajiciendum.
1598 5234 1700 5291 Sed
1732 5236 1948 5304 pelagus

366 5347 504 5417 ignis
545 5353 668 5407 est,
709 5340 929 5411 pelagus
959 5351 1065 5390 non
1109 5349 1227 5387 cum
1260 5332 1351 5384 illo
1381 5329 1804 5393 conferendum,
1855 5326 1948 5380 sed

367 5441 534 5492 multo
575 5437 749 5505 majus
787 5441 842 5486 et
881 5429 1131 5484 acerbius
1155 5468 1169 5488 ,
1211 5425 1361 5494 cujus
1389 5423 1582 5477 [luctus
1622 5423 1760 5491 ignis
1785 5430 1946 5483 sunt;

369 5531 504 5596 ignis
540 5537 685 5582 certe.
713 5539 880 5578 novus
904 5531 958 5574 et
1001 5517 1317 5572 horrendus.
1348 5516 1587 5584 Abyssus
1626 5514 1730 5567 illic
1761 5527 1946 5580 magna

368 5632 452 5676 est
475 5621 704 5674 ﬂammae
729 5615 1074 5687 gravissima'.
1108 5610 1181 5664 lbi
1221 5609 1361 5661 enim
1402 5608 1576 5675 ignem
1605 5620 1816 5672 semper
1843 5607 1946 5657 cir-

369 5727 712 5770 eumcurrere
736 5709 919 5764 videre
949 5716 1064 5770 est,
1106 5704 1230 5756 ferre
1270 5700 1668 5756 immanissimae
1699 5699 1947 5752 similem.

372 5807 427 5860 Si
455 5805 595 5858 enim
620 5802 706 5856 ille
735 5800 950 5855 sensilis
973 5805 1027 5851 et
1064 5793 1350 5848 ma—terialis
1379 5792 1535 5858 ignis,
1567 5791 1715 5859 quasi
1745 5791 1850 5844 fera
1886 5806 1950 5843 ex

375 5899 591 5952 fornace
629 5894 880 5950 exsiliens
902 5931 918 5960 ,
957 5889 1144 5945 insiliit
1171 5889 1220 5941 in
1259 5900 1352 5941 eos
1379 5884 1466 5956 qui
1503 5893 1650 5938 extra
1681 5883 1950 5938 fornacem

3511 453 3612 510 ,162

2024 567 2200 621 erant,
2231 558 2356 613 dum
2387 569 2494 617 tres
2518 562 2666 632 pueri
2700 562 2839 619 intus
2866 575 3046 621 essent
3074 569 3088 598 ¹
3123 583 3138 621 :
3167 568 3292 638 quid
3319 584 3424 623 non
3453 571 3612 625 faciet

2027 649 2162 717 ignis
2193 652 2281 707 ille
2308 653 2371 706 iis
2401 655 2489 724 qui
2518 657 2569 710 in
2598 656 2743 710 illum
2774 658 3052 713 incident?
3074 660 3208 714 Audi
3241 663 3526 732 prophetas
3546 663 3616 718 de

2028 745 2116 798 illo
2143 745 2230 800 die
2261 746 2541 816 loquentes
2577 766 2590 801 :
2628 748 2747 803 Dies
2782 750 2986 806 Domini
3010 755 3336 816 incurabilis,
3370 758 3542 825 furore
3569 764 3616 810 et

2025 838 2104 889 ira
2131 837 2308 906 plenus
2359 838 2509 909 (lsai.
2545 841 2630 895 15.
2667 841 2746 912 9).
2782 842 2947 896 Nemo
2982 846 3123 898 enim
3153 845 3254 900 erit
3284 847 3374 914 qui
3402 847 3614 910 adstet,

2028 943 2186 982 nemo
2231 930 2318 999 qui
2349 939 2539 994 eruat;
2570 948 2828 1000 nusquam
2865 935 2935 988 ibi
2977 935 3174 990 Christi
3204 936 3390 991 faciem
3430 938 3615 992 mitem

2027 1026 2082 1070 et
2125 1033 2371 1074 serenam
2421 1023 2740 1092 conspicies.
2795 1023 2901 1080 Sed
2951 1027 3398 1093 quemadmodum
3446 1029 3479 1082 ii
3525 1030 3614 1099 qui

2029 1111 2241 1164 metalla
2270 1122 2518 1177 tractant,
2548 1117 2758 1170 acerbis
2782 1119 3062 1173 ttaduntur
3092 1119 3416 1184 hominibus,
3448 1124 3618 1176 nenti-

2031 1218 2258 1272 nemque
2284 1206 2577 1261 amicorum
2600 1250 2614 1274 ,
2643 1209 2736 1264 sed
2764 1223 2858 1264 eos
2885 1219 3088 1265 tantum
3117 1216 3204 1281 qui
3237 1221 3505 1282 praesunt,
3537 1215 3620 1267 vi-

2029 1295 2157 1349 dent
2182 1315 2194 1352 :
2217 1299 2294 1353 sic
2322 1308 2377 1353 et
2408 1309 2562 1364 tunc;
2599 1302 2705 1356 imo
2733 1318 2838 1356 non
2866 1305 2961 1365 sic.
2987 1304 3078 1357 sed
3102 1303 3258 1372 longe
3280 1304 3622 1360 horribiliore

2030 1387 2210 1441 modo.
2245 1389 2365 1442 Istic
2385 1391 2527 1444 enim
2555 1391 2930 1461 Imperatorem
2964 1409 3248 1463 possumus
3278 1395 3426 1449 adire
3448 1405 3499 1449 et
3530 1412 3618 1448 ro-

2030 1487 2249 1548 gare,et
2277 1480 2354 1534 sic
2377 1481 2686 1536 damnatum
2716 1485 2959 1539 solvere:
2983 1485 3090 1542 illic
3119 1501 3245 1538 vero
3263 1501 3439 1539 secus.
3467 1485 3620 1539 Nulla

2031 1572 2174 1624 enim
2200 1573 2466 1636 remissio,
2487 1575 2580 1626 sed
2604 1585 2822 1630 manent
2849 1577 2898 1628 in
2920 1585 3068 1629 tanto
3089 1576 3323 1630 cruciatu
3342 1586 3394 1631 et
3409 1577 3620 1640 dolore,

2031 1661 2119 1730 qui
2151 1677 2254 1715 non
2289 1665 2457 1731 possit
2485 1666 2736 1733 exprimi.
2767 1666 2899 1720 Nam
2931 1669 2972 1721 si
3001 1683 3188 1722 eorum
3233 1669 3321 1738 qui
3354 1669 3441 1723 hic
3469 1684 3620 1723 com-

2032 1752 2293 1806 buruntur
2321 1766 2505 1808 acutos
2534 1757 2747 1811 dolores
2778 1758 2953 1812 nullus
2992 1767 3168 1828 potest
3198 1773 3378 1814 sermo
3417 1760 3620 1814 descri-

2033 1841 2192 1906 bere,
2226 1845 2392 1898 multo
2429 1846 2602 1900 minus
2631 1848 2733 1901 illis
2761 1849 2937 1904 verbis
2979 1850 3206 1918 exprimi
3241 1859 3485 1919 possunt.
3523 1851 3620 1905 llic

2032 1935 2172 1988 enim
2204 1935 2349 1992 brevi
2383 1946 2620 2006 tempore
2651 1948 2819 1993 totum
2852 1940 3126 2010 perﬁcitur
3167 1958 3182 1996 :
3221 1941 3327 1996 illic
3367 1957 3494 1996 vero
3533 1943 3622 2012 qui

2033 2031 2225 2092 uritur,
2259 2043 2362 2081 non
2392 2031 2745 2086 consumitur.

2105 2115 2184 2169 An
2203 2118 2264 2170 sit
2278 2119 2554 2172 consolatio
2570 2122 2730 2175 socios
2763 2123 2942 2176 habere
2971 2123 3441 2193 supplicum—Quid
3466 2124 3626 2194 igitur

2035 2205 2105 2260 ibi
2127 2207 2418 2263 faciemus?
2442 2211 2698 2280 Meipsum
2722 2213 2916 2285 quippe
2936 2215 3196 2284 alloquor.
3217 2215 3270 2271 Si
3295 2227 3370 2281 tu,
3392 2217 3622 2286 inquies,

2033 2299 2220 2354 doctor
2248 2303 2473 2372 teipsum
2503 2304 2790 2372 alloqueris
2818 2349 2832 2371 ,
2865 2307 3006 2361 nulla
3039 2309 3164 2361 mihi
3196 2324 3322 2362 cura
3355 2319 3622 2380 superest.

2034 2390 2170 2458 Quid
2205 2392 2396 2447 mirum
2425 2395 2567 2448 enim
2609 2397 2650 2448 si
2680 2405 2734 2449 et
2763 2412 2863 2468 ego
2888 2399 3128 2466 plectar?
3159 2398 3238 2454 Ne
3261 2441 3277 2465 ,
3307 2415 3488 2468 quaeso
3512 2440 3527 2463 ,
3561 2416 3628 2454 ne

2037 2483 2156 2551 quis
2194 2482 2328 2537 hanc
2357 2496 2562 2554 quaerat
2592 2487 3039 2542 consnlationem.
3071 2488 3253 2557 Neque
3283 2491 3424 2544 enim
3456 2490 3625 2543 ullum

2037 2574 2108 2628 ibi
2144 2576 2415 2632 solatium.
2466 2577 2679 2642 Annon,
2707 2594 2923 2646 qttzeso,
2961 2580 3270 2649 incorporea
3323 2581 3488 2634 virtus
3515 2591 3630 2635 erat

2036 2665 2326 2721 diabolus?
2385 2684 2562 2721 nonne
2616 2670 2953 2738 praestantior
2999 2671 3351 2725 hominibus?
3381 2673 3628 2726 Attamen

2038 2759 2219 2830 lapsus
2240 2769 2340 2814 est.
2379 2761 2460 2814 An
2495 2777 2622 2815 vero
2643 2763 2906 2831 quispiam
2938 2761 3060 2817 hinc
3086 2764 3504 2818 consolationem
3535 2781 3629 2818 ac-

2037 2851 2197 2916 cipiet
2223 2849 2364 2917 quod
2413 2865 2534 2906 cum
2587 2851 2679 2905 illo
2728 2853 3036 2907 crucietur?
3085 2853 3448 2924 Nequaquam.
3491 2856 3630 2922 Quid

2038 2957 2198 3009 porro
2229 2941 2462 3012 AEgyptii
2515 2943 2586 2996 illi
2636 2945 2864 2998 omnes?
2912 2961 3091 2998 annon
3141 2946 3421 3014 pra-lectos
3468 2948 3628 3000 etiam

2038 3033 2224 3101 plexos
2251 3034 2534 3087 viderunt?
2564 3043 2616 3087 et
2638 3033 2826 3088 domos
2850 3035 3089 3105 singulas
3118 3037 3168 3090 in
3197 3036 3366 3090 luctu?
3393 3037 3474 3090 An
3505 3039 3627 3091 ideo

2038 3126 2456 3180 consolationem
2471 3127 2901 3196 :tccepcruttt,w-l
2924 3129 3272 3194 reSpiraruttt?
3293 3128 3506 3182 Minime
3521 3145 3630 3182 cer-

2042 3225 2093 3272 te
2126 3235 2138 3270 :
2167 3219 2216 3272 id
2248 3218 2388 3286 quod
2420 3219 2676 3287 liquidum
2700 3229 2866 3274 estex
2903 3219 2964 3272 iis
2990 3236 3106 3288 quae
3133 3229 3314 3289 postea
3345 3220 3628 3285 fecerunt,

2039 3311 2189 3379 quasi
2217 3312 2428 3364 ﬂamma
2443 3311 2669 3379 quadam
2693 3310 2940 3380 flagellali
2971 3312 3426 3382 regemadiernnt,
3445 3323 3497 3366 et
3525 3313 3628 3365 lle-

2041 3403 2306 3460 bramrum
2335 3403 2587 3474 populum
2615 3403 2860 3460 emittere
2882 3413 3192 3475 cecgerunt.
3233 3402 3442 3476 Frigida
3485 3415 3630 3461 certe

2041 3498 2334 3551 consolatio
2357 3497 2741 3565 crueiati,quod
2760 3511 2878 3551 cum
2898 3496 3015 3550 aliis
3033 3495 3446 3566 puuiatur,quod
3464 3501 3633 3565 possit

2041 3587 2446 3651 dicere,Eadem
2464 3587 2768 3642 conditione
2785 3603 2903 3641 sum
2926 3604 3024 3656 qua
3055 3588 3164 3641 alii.
3187 3587 3289 3643 Sed
3309 3588 3432 3657 quid
3461 3588 3525 3641 de
3543 3604 3633 3657 ge-

2043 3677 2217 3732 henna
2247 3678 2478 3747 loquor?
2521 3677 2700 3747 Cogita
2721 3691 2814 3731 eos
2834 3679 2924 3746 qui
2956 3677 3185 3747 podagra
3220 3678 3463 3732 laborant
3497 3697 3508 3730 :
3535 3678 3625 3747 qui

2043 3785 2162 3825 Cum
2186 3772 2354 3824 aetttis
2379 3769 2650 3824 dolorilms
2667 3769 2988 3832 cruciantur,
3012 3769 3216 3822 eliamsi
3239 3780 3518 3824 sexcentos
3540 3784 3631 3824 os-

2047 3862 2231 3916 tendas
2247 3861 2486 3931 graviora
2514 3860 2794 3930 patientes,
2811 3875 2877 3912 ne
2903 3858 3177 3912 attendere
3197 3859 3408 3928 quidem
3428 3859 3632 3912 volunt.

2049 3955 2139 4009 Vis
2166 3955 2362 4024 quippe
2391 3952 2592 4006 doloris
2621 3966 2685 4005 ne
2713 3952 2886 4004 locum
2915 3949 3129 4018 quidem
3157 3950 3281 4003 sinit
3303 3959 3356 4002 ut
3379 3950 3515 4004 alios
3535 3965 3630 4004 co-

2045 4050 2213 4120 gitent
2235 4088 2250 4112 ,
2299 4047 2526 4116 hincque
2552 4044 2973 4099 consolationem
3004 4043 3285 4111 accipiant.
3337 4041 3418 4096 Ne
3449 4043 3628 4112 itaque

2049 4143 2149 4196 hac
2177 4140 2361 4210 frigida
2391 4154 2484 4208 spe
2510 4139 2734 4200 alantur;
2767 4133 3065 4189 consolatio
3086 4133 3278 4202 quippe
3305 4132 3390 4186 illa
3409 4149 3471 4187 ex
3492 4133 3638 4202 ejus-

2046 4235 2167 4289 dem
2227 4234 2351 4286 mali
2399 4232 2736 4286 consortibus
2788 4239 2978 4300 parta,
3031 4229 3081 4281 in
3126 4227 3378 4281 mediocri
3429 4236 3633 4281 tantum

2049 4340 2284 4380 {erumna
2313 4326 2486 4392 locum
2515 4323 2711 4387 habet;
2752 4321 2966 4391 quando
2993 4329 3169 4373 autem
3199 4319 3368 4389 major
3401 4330 3480 4374 est
3508 4335 3638 4374 cru-

2048 4419 2239 4482 ciatus,
2261 4429 2314 4470 et
2343 4415 2591 4470 interiora
2620 4422 2697 4468 tot
2725 4413 2970 4466 [luctibus
2995 4411 3282 4481 agitantur,
3319 4421 3375 4465 ιιι
3403 4427 3469 4466 ne
3495 4416 3641 4481 seip—

2050 4526 2161 4564 sam
2195 4510 2362 4579 possit
2405 4510 2581 4563 anima
2625 4520 2968 4577 cognoscere,
3012 4503 3277 4558 undeuam
3317 4506 3643 4561 consolatio-

2051 4619 2171 4658 nem
2193 4602 2456 4671 accipiet?

2123 4696 2175 4752 5.
2207 4693 2389 4764 Itaque
2426 4692 2649 4748 ridicula
2678 4702 2801 4748 sunt
2827 4693 2944 4749 haec
2972 4693 3150 4747 omnia
3179 4691 3340 4748 verba
3364 4734 3384 4758 ,
3417 4703 3469 4746 et
3496 4707 3627 4760 puc—

2052 4801 2232 4840 rornm
2263 4785 2623 4855 insipientium
2657 4783 2862 4839 fabula;
2899 4785 3031 4839 Nam
3064 4785 3156 4852 id,
3193 4784 3333 4856 quod
3364 4783 3498 4837 dicis
3523 4824 3538 4847 ,
3585 4784 3634 4836 in

2053 4890 2287 4932 mazrore
2314 4876 2566 4930 mediocri
2594 4878 2766 4931 locum
2799 4875 2998 4942 habet,
3041 4893 3162 4930 cum
3215 4876 3375 4929 alium
3404 4874 3635 4943 idipsum

2051 4971 2160 5041 pati
2189 4970 2462 5034 addimus;
2491 4969 2598 5022 imo
2624 4984 3020 5038 nonnumquam
3059 4984 3123 5022 ne
3160 4969 3211 5021 in
3255 4981 3485 5021 moerere
3514 4967 3635 5034 qui-

2053 5065 2196 5126 dem;
2230 5064 2498 5132 multoque
2517 5063 2692 5116 minus
2718 5062 2769 5114 in
2798 5063 3031 5115 cruciatu
3061 5061 3150 5114 illo
3183 5059 3455 5124 inell‘abili,
3480 5074 3637 5128 quem

2054 5155 2249 5208 stridor
2275 5155 2512 5208 dentium
2557 5153 2828 5222 exprimit.
2857 5152 2985 5206 Novi
3014 5161 3162 5206 certe
3193 5153 3305 5205 lure
3342 5151 3525 5205 dieens
3555 5167 3639 5204 me

2055 5248 2208 5302 vobis
2234 5248 2382 5300 oneri
2411 5261 2473 5299 ac
2505 5245 2676 5299 dolori
2702 5261 2823 5299 esse
2852 5245 2984 5298 :sed
3024 5243 3148 5314 quid
3180 5243 3406 5296 iaciam?
3439 5243 3637 5296 Vellem

2057 5357 2162 5394 non
2197 5340 2308 5393 hare
2333 5339 2531 5400 dicere,
2562 5339 2658 5393 sed
2683 5347 2736 5393 et
2761 5354 2846 5393 me
2867 5348 2920 5391 et
2946 5352 3042 5390 vos
3068 5351 3255 5389 omnes
3278 5337 3524 5388 virtutem
3552 5351 3645 5387 eo-

2056 5435 2228 5490 lentes
2280 5434 2589 5502 conspicere
2619 5450 2632 5486 :
2665 5433 2787 5506 quia
2843 5446 2968 5484 vero
3008 5430 3249 5500 plerique
3296 5437 3538 5481 nostrum
3589 5427 3640 5481 in

2057 5528 2290 5600 peccatis
2313 5526 2590 5594 degimus,
2622 5526 2741 5594 quis
2773 5525 2899 5576 mihi
2931 5523 3173 5590 dederit,
3213 5531 3272 5575 ut
3298 5537 3395 5574 vos
3434 5535 3558 5574 vere
3590 5521 3642 5573 in

2057 5620 2294 5675 dolorem
2325 5619 2635 5686 conjiciam,
2681 5617 3088 5684 auditorumque
3129 5615 3362 5667 animum
3385 5612 3642 5682 tangam?

2059 5712 2207 5766 Tunc
2234 5711 2413 5778 utique
2442 5709 2600 5762 linem
2641 5706 2851 5760 dicendi
2875 5706 3126 5760 lacerent.
3165 5707 3234 5759 At
3271 5719 3409 5758 nunc
3438 5706 3598 5758 timeo
3623 5745 3640 5768 ,

2127 5821 2142 5851 ¹
2167 5818 2337 5880 Graece
2356 5816 2530 5880 111οηιί
2556 5817 2631 5866 ἐπὶ
2653 5817 2749 5864 τῶν
2761 5817 2908 5880 ςτριῷν
2931 5815 3131 5880 παίξων,
3149 5829 3278 5880 qnze,
3295 5816 3411 5879 quia
3436 5813 3484 5864 in
3506 5814 3638 5879 0pti~

2062 5879 2160 5928 mis
2181 5877 2415 5930 subsidiis
2436 5879 2637 5938 desunt,
2660 5875 2994 5940 negleximus.
3014 5878 3144 5926 Ευιτ.
