4074 6358
397 412 504 465 4ίῦ

399 540 464 577 ne
488 522 721 593 quipiam
747 519 888 575 dicta
909 528 1415 582 eontemnant,ncve
1441 517 1511 572 ob
1531 515 1858 572 audientium
1890 529 1983 569 ne-

392 613 700 683 gligentiam
728 611 902 680 majus
928 610 1245 681 supplicium
1271 609 1483 667 evadat.
1513 608 1697 680 Neque
1721 608 1866 663 enim
1896 606 1941 661 si
1965 647 1981 670 ,

394 705 527 758 hero
569 704 743 758 minas
787 703 1085 757 intentaute
1112 744 1128 769 ,
1160 716 1439 757 servorum
1475 702 1595 771 quis
1633 708 1981 767 contemnat,

393 798 611 865 impune
638 795 799 851 fuerit
820 836 837 860 ,
866 795 973 849 imo
1003 796 1118 849 haec
1148 794 1365 864 majoris
1392 793 1634 863 supplicii
1673 806 1833 847 causa
1858 792 1982 846 erit.

391 888 749 955 Quamobrem
778 901 912 957 rogo
932 927 947 950 ,
979 886 1046 941 de
1072 885 1312 957 gehenna
1355 885 1634 940 audientes
1654 897 1983 953 compunga-

392 994 530 1033 tnur.
561 978 706 1033 Nihil
731 980 873 1033 enim
899 978 1106 1034 dulcius
1128 978 1230 1033 hoc
1256 992 1528 1040 sermone,
1558 976 1683 1048 quia
1715 976 1879 1032 rebus
1898 977 1981 1046 ip-

390 1073 467 1127 sis
495 1072 625 1127 nihil
652 1074 906 1127 amarius.
940 1072 1006 1126 Et
1035 1071 1304 1141 quomodo
1332 1072 1489 1126 dulce
1515 1070 1672 1126 fuerit
1691 1111 1709 1139 ,
1742 1069 1979 1142 inquies,

389 1163 459 1218 de
478 1165 721 1235 gehenna
742 1164 964 1221 audire?
992 1165 1124 1233 Quia
1144 1164 1493 1234 injucundum
1512 1164 1661 1220 estin
1682 1164 1982 1235 gehennam

388 1255 665 1322 incidere,
698 1256 840 1328 quod
870 1257 1065 1311 malum
1113 1265 1363 1315 amovent
1391 1256 1551 1311 verba
1583 1256 1669 1310 illa
1694 1296 1710 1323 ,
1756 1272 1876 1326 quae
1902 1257 1984 1310 vi-

390 1347 583 1403 dentur
607 1363 855 1414 onerosa;
876 1349 1033 1403 aliam
1055 1364 1182 1403 vero
1203 1347 1459 1418 praestant
1476 1348 1822 1416 voluptatem,
1841 1347 1984 1417 quod

389 1441 642 1496 videlicet
681 1442 917 1496 animum
948 1450 1283 1508 convertant,
1316 1449 1368 1497 et
1399 1440 1467 1494 ad
1496 1440 1743 1510 pietatem
1796 1440 1983 1494 tradu-

316 1534 327 1543 ’
387 1542 518 1587 cant
539 1575 553 1596 ,
594 1542 828 1588 mentem
861 1534 1223 1589 sublimiorem
1247 1574 1262 1598 ,
1310 1534 1650 1588 ratiocinium
1680 1533 1983 1601 expeditius

388 1626 663 1691 efficiant,
709 1641 738 1679 a
784 1626 1231 1695 concupiscentiis
1260 1624 1534 1681 obsessam
1561 1625 1795 1680 animam
1842 1625 1979 1680 libe-

387 1727 546 1773 rent:
579 1717 693 1772 haec
722 1734 849 1773 vere
878 1718 1140 1772 medicina
1176 1725 1280 1772 est.
1326 1718 1662 1787 Quapropter
1702 1715 1982 1772 concedite

389 1809 520 1863 mihi
548 1818 605 1864 ut
647 1820 924 1879 postquam
950 1810 1018 1864 de
1045 1810 1304 1880 supplicio
1331 1810 1461 1877 dixi,
1484 1810 1551 1865 de
1587 1809 1789 1880 pudore
1819 1811 1979 1865 etiam

390 1917 455 1957 ac
478 1901 747 1957 dedecore
771 1903 967 1957 dicam.
1004 1903 1139 1957 Nam
1169 1904 1309 1959 sicut
1332 1903 1575 1958 Ninivitte
1613 1912 1739 1958 tunc
1764 1903 1982 1959 Iudaeos

384 1993 827 2049 condemnabunt
849 2037 864 2062 ,
894 1996 972 2051 sie
1002 2006 1055 2050 et
1084 2010 1181 2050 nos
1208 1996 1358 2050 multi
1390 1995 1826 2051 condemnabunt
1846 2039 1859 2058 ,
1889 1998 1980 2066 qui

388 2099 531 2139 nunc
558 2085 805 2141 videntur
843 2088 998 2157 longe
1038 2087 1316 2142 inferiores
1350 2103 1491 2143 esse.
1523 2088 1826 2159 Cogitemus
1851 2102 1980 2158 ergo

384 2187 617 2247 quantus
639 2178 797 2243 risus,
820 2189 1033 2247 quantm
1049 2179 1416 2235 damnationes
1438 2190 1597 2235 erunt
1626 2198 1640 2235 :
1662 2181 1975 2249 cogitemus,

392 2268 602 2323 initium
631 2268 909 2337 ducamus,
929 2270 1145 2341 jauuam
1176 2268 1477 2340 aperiamus
1500 2272 1565 2325 ad
1589 2273 1976 2340 paenitentiam.

390 2362 475 2418 Me
522 2363 693 2432 ipsum
741 2363 1024 2432 alloquor,
1076 2380 1162 2418 me
1212 2365 1438 2434 primunt
1484 2365 1669 2418 hortor
1698 2381 1710 2418 :
1738 2380 1895 2418 nemo
1923 2374 1979 2419 ut

388 2454 672 2509 damnatus
720 2456 999 2511 irascatur.
1049 2458 1339 2526 Angustam
1384 2458 1520 2511 viam
1562 2456 1836 2512 adeamus.
1872 2456 1978 2512 Us-

389 2558 600 2613 quequo
627 2544 877 2599 delicim?
915 2560 1192 2615 usquequo
1222 2546 1545 2600 oscitantia?
1592 2563 1697 2600 non
1724 2547 1981 2602 satiantur

388 2633 615 2694 desidia.
645 2634 900 2699 ridentes,
934 2637 1411 2705 procrastiuautes?
1438 2638 1517 2690 An
1545 2636 1732 2692 eadem
1763 2653 1982 2708 semper

390 2732 567 2785 erunt.
592 2739 796 2791 mensa,
825 2726 1042 2780 satietas
1063 2767 1078 2790 ,
1107 2727 1518 2795 sumptuositas,
1549 2729 1788 2796 pecunia:
1806 2771 1821 2794 ,
1850 2744 1979 2797 pos-

392 2815 661 2869 sessiones
682 2856 698 2881 ,
727 2815 990 2870 aedilicia?
1022 2816 1216 2887 Ecquis
1244 2832 1431 2871 eorum
1464 2816 1631 2872 finis?
1658 2818 1820 2873 Mors.
1851 2820 1982 2888 Quis

390 2907 549 2962 ﬁnis?
572 2907 738 2975 Ciuis,
769 2908 957 2976 pulvis,
986 2909 1165 2975 loculi,
1189 2925 1416 2965 vermes.
1444 2909 1643 2965 Novam
1664 2926 1796 2982 ergo
1820 2913 1981 2968 vitam

390 2998 740 3053 cxhibeamus
773 3017 787 3053 :
818 2998 1072 3055 faciamus
1113 3009 1307 3055 terram
1354 3001 1584 3057 czelum:
1620 3001 1744 3058 hinc
1797 3014 1980 3059 osten-

393 3089 585 3144 damus
611 3091 896 3160 gentilibus
922 3103 1052 3162 quot
1078 3102 1295 3147 careant
1324 3093 1499 3148 bonis.
1544 3093 1676 3148 Nam
1722 3110 1842 3149 eum
1889 3112 1987 3150 nos

396 3179 650 3236 videbunt
675 3189 820 3236 recte
846 3182 1006 3235 vitam
1036 3192 1277 3252 agentes,
1311 3182 1499 3238 eodem
1523 3194 1742 3252 aspectu
1763 3201 1983 3256 regnum

393 3272 653 3326 etelorum
691 3273 1040 3342 conspicient.
1093 3273 1226 3329 Cum
1270 3290 1368 3329 nos
1407 3276 1637 3331 viderint
1668 3277 1943 3335 modestos
1970 3321 1984 3345 ,

396 3377 595 3417 vacuos
637 3363 731 3427 ira,
760 3366 1191 3433 concupiscentia
1215 3366 1377 3434 mala,
1407 3367 1624 3432 invidia,
1647 3370 1895 3435 avaritia,
1934 3372 1986 3427 in

394 3453 746 3523 omuibusque
776 3455 995 3524 probos,
1024 3456 1240 3510 dicent:
1264 3457 1317 3512 Si
1354 3457 1440 3512 hic
1462 3458 1637 3528 angeli
1675 3459 1810 3515 fiunt
1836 3462 1990 3517 Chri-

404 3545 586 3610 stiani,
616 3547 800 3616 quales
829 3559 985 3603 erunt
1007 3558 1127 3617 post
1150 3564 1426 3605 excessum
1453 3567 1516 3605 ex
1547 3552 1646 3607 hac
1670 3553 1811 3608 vita?
1837 3555 1881 3609 si
1900 3557 1988 3611 ubi

397 3637 667 3705 peregrini
695 3646 853 3703 sunt,
887 3640 955 3693 ita
986 3640 1223 3710 fulgent,
1267 3657 1390 3696 cum
1419 3643 1645 3713 patriam
1693 3645 1952 3716 recipient
1972 3690 1986 3713 ,

401 3730 585 3798 quales
606 3731 805 3784 erunt?
834 3730 921 3786 Sic
949 3741 1004 3786 et
1033 3733 1107 3787 illi
1136 3735 1383 3789 meliores
1410 3735 1659 3803 evadent,
1688 3748 1743 3793 et
1780 3740 1991 3808 pietatis

396 3836 581 3874 sermo
600 3832 797 3886 curret,
818 3837 923 3877 non
944 3825 1117 3878 minus
1136 3841 1294 3895 quam
1316 3828 1682 3895 apostolorum
1699 3845 1830 3885 :evo.
1856 3830 1990 3885 Nam

400 3908 446 3961 si
480 3909 553 3962 illi
584 3924 704 3965 cum
733 3911 1011 3967 duodecim
1034 3914 1206 3968 solum
1231 3927 1431 3981 essent,
1465 3918 1706 3974 civitates
1737 3920 1991 3991 integras,

400 4000 753 4071 regionesque
777 4015 1179 4070 converterunt;
1212 4006 1256 4059 si
1285 4022 1477 4063 omnes
1504 4024 1570 4063 ex
1601 4020 1847 4065 accurata
1868 4012 1994 4067 vitae

401 4092 613 4147 ratione
637 4092 886 4149 doctores
913 4094 1231 4162 efficiamur,
1255 4099 1427 4168 cogita
1457 4109 1710 4169 quantam
1736 4102 1802 4156 ad
1832 4103 1994 4157 subli-

402 4182 645 4239 anitatem
676 4195 856 4241 nostra
882 4187 990 4241 sint
1018 4202 1323 4243 ascensura.
1361 4189 1544 4259 Neque
1568 4192 1711 4247 enim
1739 4195 1991 4263 gentilem

1139 407 1200 461 S.
1240 404 1518 461 JOANNIS
1554 398 2029 459 CHRYSOSTOMI
2067 398 2386 456 ARCHIEP.
2427 400 2967 458 CONSTANTINOP.

3577 406 3682 463 4N

2095 512 2174 568 sic
2205 513 2425 569 attrahit
2453 524 2698 570 mortuus
2722 515 3088 581 redivivus,ut
3109 515 3189 571 vir
3206 516 3575 589 philosophice
3604 522 3684 574 vi-

2091 620 2242 661 veos.
2294 606 2378 661 Ad
2424 607 2555 663 illud
2585 609 2728 664 enim
2775 609 3140 679 spectaculum
3178 610 3451 680 stupebit,
3478 613 3549 668 ab
3578 614 3685 669 hoc

2089 705 2267 752 autem
2295 697 2501 751 lucrum
2525 696 2701 753 faciet.
2730 697 2866 754 illud
2884 699 3085 754 factum
3109 711 3213 765 est,
3239 709 3297 756 et
3326 702 3558 767 transiit;
3579 701 3683 759 hoc

2090 799 2286 855 manet,
2320 801 2373 845 et
2396 805 2610 861 semper
2636 791 2777 846 illius
2807 793 3040 847 animam
3075 792 3291 848 excolit.
3324 792 3520 849 Curam
3549 809 3678 865 ergo

2090 882 2261 937 nostri
2296 897 2540 953 agamus,
2567 893 2623 938 ut
2649 894 2703 939 et
2732 883 2855 938 illos
2879 882 3167 939 lucremur.

2172 971 2341 1027 Virtus
2367 973 2421 1026 in
2440 974 2576 1027 omni
2603 974 2888 1028 conditione
2923 974 3023 1028 coli
3054 974 3455 1044 potest.—Nihil
3482 990 3682 1032 onero-

2088 1078 2207 1118 sum
2235 1064 2425 1135 loquor
2454 1082 2468 1120 :
2498 1081 2603 1120 non
2624 1065 2763 1129 dico,
2798 1065 2876 1121 Ne
2905 1082 3126 1121 uxorem
3155 1066 3323 1122 ducas
3345 1108 3358 1131 ,
3392 1068 3552 1124 urbes
3590 1084 3681 1123 re-

2088 1154 2290 1224 linque,
2317 1170 2348 1209 a
2374 1155 2538 1211 rebus
2577 1156 2797 1212 urbanis
2828 1166 2880 1212 te
2910 1171 3129 1214 remove
3162 1176 3175 1211 :
3209 1159 3324 1222 sed,
3361 1159 3417 1213 In
3446 1159 3530 1215 his
3556 1174 3681 1214 ver-

2088 1262 2213 1302 sans
2238 1248 2484 1303 virtutem
2516 1250 2732 1306 exhibe.
2763 1250 2974 1306 Mallem
3000 1251 3199 1322 quippe
3237 1267 3334 1307 eos
3360 1253 3452 1322 qui
3489 1254 3540 1308 in
3567 1269 3684 1309 me-

2090 1338 2195 1393 diis
2223 1340 2442 1395 urbibus
2470 1353 2753 1397 versantur
2782 1343 2982 1399 virtute
3012 1343 3206 1400 florere
3226 1386 3242 1412 ,
3273 1360 3434 1416 quam
3465 1360 3565 1402 eos
3588 1347 3679 1416 qui

2088 1442 2300 1488 montes
2323 1443 2604 1502 occupant.
2628 1433 2843 1501 Quare?
2865 1435 3001 1504 Quia
3032 1436 3156 1492 hinc
3181 1437 3404 1492 multum
3424 1439 3558 1493 lucri
3585 1453 3679 1492 ac-

2086 1526 2247 1581 cedit.
2279 1525 2446 1580 Nemo
2473 1527 2615 1581 enim
2643 1528 2903 1582 lucernam
2934 1529 3178 1596 accendit,
3204 1539 3251 1584 et
3276 1531 3420 1600 ponit
3446 1547 3561 1585 eam
3587 1532 3680 1587 sub

2085 1618 2256 1672 modio
2281 1617 2494 1688 (Matth.
2526 1618 2581 1673 5.
2614 1619 2726 1690 15).
2759 1619 2965 1675 Idcirco
2994 1620 3186 1689 vellem
3215 1637 3406 1677 omnes
3431 1622 3680 1678 lucernas

2085 1722 2243 1775 supra
2268 1708 2586 1764 candelabra
2609 1724 2749 1774 esse,
2779 1718 2834 1765 ut
2855 1711 3021 1766 multa
3042 1713 3132 1767 lux
3160 1711 3544 1769 effunderetur.
3575 1717 3681 1770 Ac-

2085 1800 2374 1855 cendamus
2414 1801 2593 1871 itaque
2622 1802 2799 1873 ignem
2832 1802 3003 1871 illum,
3044 1804 3097 1859 id
3124 1803 3421 1859 efﬁciamus
3444 1816 3501 1861 ut
3527 1807 3561 1860 ii
3588 1809 3679 1876 qui

2086 1894 2139 1948 in
2167 1893 2402 1949 tenebris
2432 1894 2662 1961 sedent,
2690 1895 2758 1950 ab
2778 1910 2964 1950 errore
2987 1895 3297 1952 liberentur.
3331 1895 3410 1954 Ne
3441 1897 3568 1953 mihi
3591 1899 3679 1954 di-

2084 1999 2175 2040 cas
2205 2001 2217 2036 :
2245 1983 2477 2040 Uxorem
2503 1984 2695 2050 habeo,
2737 1986 2898 2049 filios,
2921 1986 3162 2050 domum,
3193 2003 3292 2044 nec
3320 2003 3535 2057 possum
3562 1989 3681 2045 haec

2083 2085 2357 2146 praestare.
2384 2077 2607 2133 Etiamsi
2630 2078 2774 2134 enim
2799 2078 2988 2133 horum
3018 2079 3147 2134 nihil
3166 2080 3411 2146 haberes,
3431 2081 3474 2136 si
3501 2081 3681 2152 segnis

2084 2172 2435 2236 esses,omnia
2452 2172 2651 2239 pariter
2669 2172 3041 2238 abscederent;
3060 2173 3104 2228 si
3127 2173 3244 2228 haec
3258 2175 3436 2229 omnia
3458 2175 3677 2240 habeas,

2082 2273 2438 2336 strenuusque
2465 2266 2541 2321 sis
2568 2277 2729 2336 atque
2755 2264 2985 2335 probus,
3016 2266 3268 2321 virtutem
3297 2268 3463 2323 coles.
3494 2267 3671 2323 Unum

2083 2356 2339 2426 qum-ritur
2368 2398 2383 2419 ,
2424 2356 2615 2409 anima:
2643 2370 2920 2426 generosze
2950 2356 3200 2411 alacritas
3231 2373 3244 2409 :
3273 2365 3329 2411 et
3372 2372 3473 2412 nec
3502 2366 3634 2413 tetas
3654 2399 3671 2425 ,

2084 2464 2185 2502 nec
2212 2459 2495 2518 paupertas
2517 2488 2533 2513 ,
2562 2462 2664 2503 nec
2690 2447 2888 2501 divitiae
2913 2487 2929 2513 ,
2976 2463 3077 2502 nec
3103 2449 3270 2504 moles
3300 2449 3635 2520 negotiorum
3662 2493 3678 2515 ,

2082 2540 2168 2594 vel
2199 2539 2484 2608 quidquam
2509 2539 2676 2605 aliud,
2706 2539 3089 2609 impedimento
3119 2550 3300 2595 erunt.
3329 2540 3462 2595 Nam
3488 2556 3672 2610 senes,

2079 2631 2325 2700 juvenes,
2353 2632 2641 2703 conjugati,
2676 2615 3212 2699 liberos'cducantes,
3240 2633 3495 2699 artiﬁces,
3533 2634 3680 2689 mili-

2087 2733 2186 2791 tes,
2217 2733 2477 2794 pnecepta
2507 2725 2684 2779 omnia
2716 2725 3095 2794 impleverunt.
3129 2725 3340 2780 Etenim
3386 2726 3571 2782 Daniel
3591 2728 3681 2797 ju-

2085 2817 2237 2871 venis
2258 2825 2375 2871 erat
2392 2858 2406 2882 ,
2434 2816 2633 2886 Ioseph
2660 2832 2848 2873 servus
2871 2859 2887 2884 ,
2933 2819 3122 2888 Aquila
3151 2828 3320 2874 artem
3346 2819 3633 2875 exercebat
3659 2858 3672 2879 .

2089 2911 2400 2979 purpuraria
2431 2909 2508 2981 (a)
2537 2908 2769 2965 officina:
2795 2920 3043 2979 praeerat,
3075 2909 3214 2965 alius
3241 2920 3426 2965 custos
3445 2912 3682 2966 carceris

2088 3010 2223 3065 erat,
2262 3002 2400 3055 alius
2428 3001 2694 3067 centurio,
2727 3009 2785 3055 ut
2811 2999 3541 3063 Cornelius;aliusintirmus
3564 3041 3579 3065 ,
3623 3009 3686 3055 ut

2089 3091 2439 3155 Timotheus;
2489 3092 2627 3146 alius
2656 3091 2906 3162 fugitivus
2930 3133 2945 3158 ,
2980 3103 3037 3147 ut
3064 3091 3349 3147 Onesimus
3376 3109 3387 3145 :
3419 3091 3516 3147 sed
3547 3093 3685 3146 nihil

2093 3185 2286 3240 horum
2312 3185 2543 3253 cuipiam
2572 3200 2758 3239 eorum
2784 3183 2976 3251 obfuit,
3008 3185 3139 3255 quin
3167 3194 3313 3239 recte
3342 3186 3502 3238 vitam
3532 3185 3688 3241 insti-

2093 3287 2321 3343 tuerent,
2352 3288 2406 3333 et
2423 3277 2650 3349 juvenes
2675 3287 2729 3332 et
2749 3294 2907 3333 senes
2928 3319 2943 3344 ,
2977 3288 3030 3334 et
3063 3280 3204 3334 servi
3249 3287 3303 3334 et
3331 3280 3505 3345 liberi,
3535 3280 3673 3334 mili-

2096 3380 2174 3424 tes
2219 3379 2274 3425 et
2299 3370 2497 3426 idiotze.
2530 3370 2608 3425 Ne
2634 3371 2812 3441 itaque
2855 3386 3023 3426 vanos
3049 3387 3355 3441 quaeramus
3392 3372 3646 3427 obtentus
3667 3414 3686 3437 ,

2095 3462 2189 3517 sed
2218 3463 2548 3532 propositum
2590 3462 2882 3517 voluntatis
2909 3476 3159 3531 paremus
3187 3463 3470 3532 optimum.
3496 3462 3687 3533 Cujus-

2096 3557 2176 3610 vis
2201 3556 2524 3611 conditionis
2560 3555 2749 3623 simus,
2777 3556 3026 3611 virtutem
3061 3556 3282 3610 omnino
3306 3569 3651 3625 capessamus
3670 3597 3687 3619 .

2097 3659 2152 3701 et
2194 3648 2365 3701 futura
2408 3662 2803 3716 consequamur
2844 3647 2984 3703 bona
3009 3688 3026 3713 ,
3066 3648 3238 3717 gratia
3268 3658 3324 3701 et
3364 3647 3693 3717 benignitate

2098 3737 2309 3791 Domini
2357 3738 2526 3792 nostri
2555 3737 2680 3792 Jesu
2710 3736 2932 3803 Christi,
2967 3738 3182 3807 quicum
3217 3738 3360 3793 Patri
3388 3748 3443 3794 et
3465 3737 3688 3808 Spiritui

2098 3840 2284 3884 sancto
2305 3819 2474 3899 gloria
2501 3838 2553 3884 et
2593 3829 2873 3899 imperium
2899 3869 2915 3894 ,
2965 3830 3138 3884 honor
3176 3845 3318 3885 nunc
3354 3838 3411 3885 et
3436 3843 3651 3901 semper
3672 3871 3690 3897 ,

2099 3930 2155 3978 et
2178 3921 2231 3977 in
2256 3923 2450 3977 smcula
2466 3922 2805 3977 saeculorum.
2832 3923 3026 3977 Amen.

2100 4145 2259 4257 lora)“
2273 4147 2559 4257 Iitél‘piuiat‘la
2582 4146 2663 4197 illa
2686 4146 2993 4210 'rhyatirena,
3012 4146 3079 4196 de
3100 4159 3198 4210 qua
3212 4148 3263 4196 in
3285 4147 3481 4198 Actibus
3501 4153 3693 4212 aposto-

405 4316 2150 4341 Ἢ

1521 4398 1900 4462 HOMIILIA
1944 4403 2169 4467 XLIV.
2217 4407 2303 4469 al.
2342 4406 2537 4467 XLV.

402 4539 536 4593 CAP.
566 4536 652 4591 l2.
690 4553 739 4590 v.
773 4537 863 4592 46.
914 4537 1094 4593 Adhuc
1126 4548 1296 4594 autem
1325 4556 1383 4596 eo
1410 4540 1640 4613 loquente
1682 4542 1751 4596 ad
1790 4543 1986 4609 turbas,

480 4646 592 4684 ecce
613 4638 773 4683 mater
801 4640 849 4684 et
874 4634 1059 4703 fratres
1085 4635 1196 4703 ejus
1220 4633 1420 4688 stabant
1450 4635 1579 4706 foris
1597 4678 1613 4701 ,
1644 4647 1924 4704 quterentes
1949 4638 1995 4692 ei

478 4724 636 4794 loqui.
667 4724 759 4778 47.
792 4722 941 4778 Dixit
978 4735 1147 4779 autem
1175 4727 1382 4797 quidam
1412 4728 1456 4781 ei
1498 4744 1517 4782 :
1563 4727 1697 4782 Ecce
1726 4739 1886 4784 mater
1913 4742 1999 4784 tua

473 4827 526 4871 et
570 4818 755 4889 fratres
804 4817 877 4869 tui
905 4816 1033 4887 foris
1077 4826 1241 4885 stant,
1272 4829 1553 4889 querentes
1597 4820 1688 4874 tibi
1716 4819 1873 4890 loqui.
1903 4822 1992 4877 48.

481 4910 607 4983 Ipse
660 4923 829 4966 autem
885 4912 1195 4982 respondens
1245 4915 1432 4968 dicenti
1456 4915 1551 4969 sibi
1602 4916 1715 4972 ait:
1749 4917 1876 4982 Qua:
1925 4927 1999 4973 est

482 5016 647 5061 mater
666 5022 800 5071 mea,
824 5015 871 5061 et
894 5006 980 5077 qui
1005 5017 1123 5060 sunt
1143 5010 1326 5077 fratres
1358 5009 1456 5063 mei
1473 5009 1499 5062 .’
1520 5007 1609 5063 49.
1636 5008 1703 5063 Et
1727 5009 2001 5065 extendens

481 5116 691 5153 manum
729 5098 782 5152 in
825 5099 1104 5169 discipulos
1132 5116 1271 5167 suos,
1298 5101 1428 5156 dixit
1459 5117 1479 5156 :
1518 5099 1655 5156 Ecce
1695 5111 1854 5158 mater
1890 5119 2004 5158 mea

486 5198 534 5243 et
563 5193 750 5260 fratres
779 5190 896 5244 mei.

488 5282 541 5336 ί.
572 5281 725 5349 Quod
760 5297 931 5351 nuper
958 5281 1201 5338 dicebam
1231 5283 1349 5339 sine
1374 5283 1574 5340 virtute
1595 5284 1773 5339 omnia
1803 5300 2002 5353 supcr-

411 5371 517 5426 tlua
544 5387 685 5436 esse,
719 5372 823 5427 hoc
849 5386 990 5428 nunc
1017 5374 1357 5443 apertissime
1384 5373 1807 5430 demonstratur.
1842 5376 2004 5431 Dice-

414 5466 537 5518 bam
578 5480 677 5535 ego
698 5506 714 5531 ,
747 5474 961 5521 aetatem
982 5507 999 5532 ,
1032 5475 1276 5522 naturam
1300 5508 1315 5533 ,
1344 5466 1544 5522 deserti
1594 5466 2001 5536 habitationem,

411 5569 717 5629 ca'teraque
746 5558 1051 5629 hujusmodi
1077 5561 1281 5616 inutilia
1308 5576 1451 5626 esse,
1474 5561 1519 5617 si
1546 5561 1843 5616 voluntatis
1871 5577 2002 5632 pro-

417 5652 649 5717 positum
684 5666 789 5706 non
818 5651 890 5707 sit
925 5652 1125 5709 bonum
1155 5673 1168 5709 :
1198 5653 1359 5711 hodie
1395 5670 1525 5710 vero
1548 5653 1750 5726 aliquid
1776 5655 2007 5724 amplius

346 5802 349 5805 Α
415 5742 671 5798 discimus
693 5786 709 5811 ,
740 5759 809 5799 ne
833 5745 1047 5815 quidem
1075 5746 1344 5804 Christum
1374 5747 1653 5819 peperisse
1692 5756 1747 5803 et
1791 5746 2006 5803 mirabi-

414 5834 576 5890 bilem
601 5835 749 5891 illum
783 5847 990 5907 partum
1024 5838 1279 5912 edidisse,
1305 5839 1505 5911 aliquid
1533 5839 1778 5897 utilitatis
1807 5838 2004 5895 habere

2103 4550 2219 4605 sine
2248 4550 2463 4606 virtute.
2499 4550 2554 4605 id
2586 4566 2713 4605 vero
2744 4551 2867 4607 hinc
2893 4551 3123 4607 maxime
3147 4552 3403 4624 liquidum
3420 4562 3505 4610 est
3531 4573 3544 4608 :
3571 4571 3696 4615 nam

2107 4641 2238 4696 dicit
2271 4642 2489 4697 :Adhuc
2517 4659 2573 4696 eo
2605 4644 2837 4713 loquente
2862 4644 2931 4697 ad
2954 4644 3130 4698 turbas
3149 4686 3165 4710 ,
3199 4644 3331 4700 dixit
3366 4646 3575 4717 quidam
3604 4650 3651 4701 ei
3675 4667 3694 4703 :

2107 4732 2277 4787 Mater
2326 4743 2414 4787 tua
2450 4743 2497 4787 et
2544 4734 2729 4804 fratres
2764 4734 2837 4787 tui
2877 4745 3110 4804 quarunt
3153 4747 3219 4790 te.
3268 4736 3370 4791 Ille
3391 4754 3507 4791 vero
3545 4739 3695 4803 dixit,

2111 4826 2240 4891 Qua:
2282 4837 2354 4880 est
2390 4836 2549 4880 mater
2578 4844 2709 4890 mea,
2741 4837 2788 4881 et
2821 4830 2905 4896 qui
2934 4843 3053 4883 sunt
3076 4832 3261 4900 fratres
3299 4831 3436 4885 mei!
3463 4830 3578 4886 Hoc
3600 4846 3698 4885 au-

2107 4927 2215 4974 tem
2243 4918 2474 4986 dicebat,
2508 4933 2613 4973 non
2641 4919 2783 4990 quod
2811 4920 2881 4975 de
2920 4932 3093 4975 matre
3122 4922 3390 4992 puderet,
3420 4939 3519 4979 nee
3554 4925 3697 4995 quod

2107 5009 2422 5080 genitricem
2484 5019 2748 5081 negaret:
2780 5011 2825 5065 si
2858 5012 3002 5066 enim
3043 5012 3095 5067 id
3144 5013 3222 5068 illi
3266 5013 3455 5083 pudori
3487 5016 3691 5079 fuisset,

2110 5115 2217 5157 non
2244 5116 2340 5170 per
2363 5110 2575 5158 uterum
2603 5101 2751 5157 illum
2780 5103 3095 5169 transisset;
3137 5104 3232 5158 sed
3264 5113 3322 5159 ut
3346 5106 3652 5161 ostenderet
3679 5148 3696 5170 ,

2109 5194 2239 5249 nihil
2282 5194 2406 5251 hinc
2449 5195 2606 5249 matri
2635 5194 2879 5251 utilitatis
2945 5206 3325 5266 proventumm
3369 5197 3552 5260 fuisse,
3594 5200 3697 5254 nisi

2109 5296 2377 5357 praecepta
2430 5286 2611 5342 omnia
2659 5297 2949 5343 servasset.
2996 5288 3128 5343 Nam
3171 5290 3314 5359 quod
3352 5292 3442 5346 illa
3480 5291 3606 5345 fecit
3632 5309 3699 5348 ex

2109 5377 2401 5432 ambitione
2422 5377 2868 5448 proficiscebatur
2896 5396 2909 5432 :
2940 5380 3155 5435 volebat
3180 5382 3323 5436 enim
3354 5384 3552 5451 populo
3576 5398 3702 5438 sesc

2109 5477 2383 5523 ostentare
2401 5483 2463 5523 ac
2483 5468 2526 5523 si
2551 5469 2842 5539 imperaret
2861 5470 2990 5537 filio,
3012 5470 3081 5527 de
3104 5488 3211 5542 quo
3231 5472 3364 5528 nihil
3390 5474 3566 5530 adhuc
3587 5491 3700 5529 ma-

2110 5575 2272 5632 gnum
2297 5559 2706 5629 imaginabatur,
2724 5561 2954 5632 ideoque
2977 5562 3285 5631 importune
3310 5565 3555 5620 accessit.
3568 5565 3700 5620 Vide

2112 5669 2242 5723 ergo
2267 5663 2322 5709 et
2349 5653 2467 5725 ejus
2492 5662 2547 5709 et
2589 5653 2811 5709 fratrum
2854 5657 3235 5727 arrogantiam.
3262 5654 3394 5713 Cum
3425 5667 3698 5729 oporteret

2110 5744 2254 5799 enim
2286 5746 2557 5815 ingressos
2600 5746 2784 5801 audire
2819 5761 2941 5801 cum
2982 5747 3157 5813 turba,
3184 5749 3269 5804 vel
3308 5750 3352 5803 si
3393 5748 3445 5804 id
3473 5749 3694 5815 nollent,

2110 5847 2420 5909 exspectare
2450 5836 2724 5895 eoucionis
2753 5837 2933 5910 linem,
2963 5850 3018 5896 et
3039 5849 3166 5897 tunc
3191 5840 3477 5910 accedere,
3500 5855 3532 5896 a
3566 5840 3697 5897 foris
