4084 6354
328 369 433 426 465

317 483 618 558 ἐϐουλόμην
654 486 828 542 ταῦτα
856 489 1056 558 λέγειν,
1101 491 1238 545 ἀλλὰ.
1271 496 1363 548 καὶ
1409 498 1633 568 ἐμαυτῷ
1689 502 1784 552 καὶ
1814 504 1980 554 πᾶσιν

314 574 445 643 ὑμῖν
481 575 683 646 ἀρετὴν
737 578 1072 632 συνειδέναι·
1130 581 1317 652 ἐπειδὴ
1368 583 1425 636 δὲ
1476 586 1534 638 ἐν
1588 587 1980 658 ἀμαρτήμασίν

311 663 480 732 ἐσμεν
516 665 565 716 οί
599 663 835 728 πλείους,
886 668 972 730 τίς
1019 668 1086 722 ἄν
1141 686 1230 738 μοι
1267 671 1385 741 δοίη
1430 673 1646 743 άληθῶς
1687 676 1978 746 δυνηθῆναι

310 748 550 818 λυπῆσαι
576 749 738 822 ὑμᾶς,
771 753 865 805 καί¹
899 754 1218 810 καθικέσθαι
1243 759 1342 828 τῆς
1370 759 1607 824 διανοίας
1633 762 1742 814 τῶν
1763 765 1977 834 ἀκροω-

312 837 490 904 μένων
509 856 523 904 ;
545 839 677 892 Τότε
699 842 765 894 ἂν
785 839 958 904 οὕτως
972 844 1367 918 ἀνεπαυσάμην
1384 848 1524 905 ⁸⁵3³.
1547 850 1661 904 Νῦν
1687 853 1742 905 δὲ
1763 854 1976 907 δέδοικα

311 927 385 994 μή
414 943 559 991 τινες
598 935 1051 1003 καταφρονήσωσι
1099 935 1206 988 τῶν
1254 937 1580 1006 λεγομένων,
1637 945 1732 997 καὶ
1775 947 1976 1014 μείζων

305 1012 341 1080 ἠ
377 1012 597 1077 κόλασις
632 1015 719 1069 διά
757 1019 857 1088 τὴν
892 1020 1185 1091 ὀλιγωρίαν
1210 1024 1311 1092 τῆς
1351 1027 1668 1096 ἀκροάσεως
1720 1012 1968 1104 γένηται.

307 1098 442 1150 Οὐδέ
468 1099 577 1171 γάρ
600 1104 668 1166 εί,
700 1104 960 1160 δεσπότου
999 1109 1142 1171 τινὸς
1183 1111 1554 1178 ἀπειλοῦντος,
1594 1117 1703 1169 τῶν
1756 1098 1974 1174 συνδού-

304 1183 412 1237 λων
452 1203 536 1248 τις
585 1189 798 1242 ἀκούων
835 1194 1157 1263 κατεφρόνει
1205 1197 1303 1264 τῆς
1357 1199 1612 1269 ἀπειλῆς,
1663 1203 1973 1278 ἀτιμωρητὶ

303 1273 650 1344 παρέδραμεν
687 1277 754 1330 ἂν
793 1279 956 1333 αὐτὸν
987 1281 1016 1333 6
1049 1283 1456 1355 ἀγανακτήσας,
1490 1287 1626 1342 ἀλλά
1676 1273 1767 1344 καί
1814 1273 1972 1348 τοῦτο

303 1361 553 1426 ὑπόθεσις
577 1363 723 1436 αὐτῷ
750 1366 1022 1432 κολάσεως
1045 1369 1111 1422 ἂν
1132 1372 1348 1439 ἐγένετο
1380 1373 1646 1443 μείζονος.
1679 1379 1770 1431 Διὸ
1797 1397 1972 1451 παρα-

300 1449 470 1511 καλῶ,
517 1452 906 1524 κατανύξωμεν
939 1457 1163 1520 ἑαυτοὺς
1193 1461 1302 1511 τῶν
1325 1462 1453 1533 περὶ
1477 1464 1703 1533 γεέννης
1745 1468 1968 1522 ἀκούον-

298 1552 388 1600 τες
416 1537 605 1606 λόγων.
639 1541 772 1593 Οὐδὲ
795 1543 839 1573 ⁸⁸
860 1543 966 1614 γάρ
1000 1545 1145 1615 ἥδιόν
1180 1547 1296 1599 ἐστί
1316 1566 1370 1600 τι
1395 1552 1491 1621 τῆς
1522 1552 1812 1619 διαλέξεως
1837 1559 1967 1612 ταύ-

296 1641 415 1692 της,
450 1627 634 1696 ἐπειδὴ
657 1628 763 1681 τῶν
793 1632 1132 1701 πραγμάτων
1162 1634 1314 1688 οὐδὲν
1339 1639 1682 1709 πικρότερον.
1707 1644 1814 1696 Καὶ
1841 1645 1958 1710 πῶς

295 1708 393 1778 ἡδὺ
427 1709 489 1762 τὸ
538 1712 664 1782 περὶ
705 1714 927 1784 γεέννης
975 1719 1232 1783 άκοῦσαι;
1295 1725 1478 1794 φησίν.
1537 1708 1754 1799 Ἐπειδὴ
1799 1708 1963 1802 ἀηδὲς

292 1796 354 1847 τὸ
374 1797 690 1864 είςγέενναν
727 1802 1009 1870 ἐμπεσεῖν,
1033 1807 1167 1879 ὅπερ
1195 1810 1561 1879 ἀποκρούεται
1591 1815 1660 1868 τά
1701 1817 1964 1873 δοκοῦντα

294 1885 527 1954 φορτικά
557 1883 692 1940 εἶναι
734 1891 976 1960 ῥήματα,
1027 1895 1118 1946 καὶ
1158 1897 1264 1966 πρὸ
1295 1897 1484 1952 τούτου
1507 1901 1702 1972 ἑτέραν
1744 1904 1958 1975 τίθησιν

292 1971 484 2043 ⁴ήδονήν
508 1992 520 2004 ⁸
577 1978 866 2047 συστρέφει
899 1980 1008 2052 γάρ
1052 1983 1207 2052 ἡμῶν
1243 1986 1340 2049 τάς
1368 1987 1568 2058 ψυχάς,
1605 1971 1700 2044 καὶ
1731 1971 1955 2048 εὐλαϐε-

293 2059 516 2130 στέρους
550 2066 712 2130 ποιεῖ,
748 2067 840 2119 καὶ
869 2071 1188 2141 μετεωρίξει
1227 2072 1322 2143 τὴν
1351 2075 1608 2143 διάνοιαν,
1647 2080 1740 2132 καὶ
1768 2085 1955 2152 πτεροῖ

288 2146 380 2235 τὸν
411 2147 686 2220 λογισμὸν,
722 2155 814 2207 καὶ
839 2155 938 2227 τὴν
982 2160 1223 2232 πονηρὰν
1252 2160 1358 2214 τῶν
1405 2164 1709 2235 ἐπιθυμιῶν
1764 2146 1956 2222 ἐκϐάλ-

288 2233 371 2287 λει
403 2237 732 2308 πολιορκίαν,
763 2242 857 2295 καὶ
886 2244 1098 2312 ἰατρεία
1138 2248 1198 2299 τὸ
1227 2251 1459 2320 πρᾶγμα
1499 2233 1728 2319 γίνεται.
1761 2256 1850 2308 Διὸ
1888 2257 1952 2329 δὴ

291 2323 432 2391 μετά
459 2328 557 2394 τῆς
595 2326 866 2393 κολάσεως
913 2331 1030 2384 δότε
1069 2351 1159 2402 μοι
1205 2339 1297 2389 καὶ
1325 2337 1424 2408 τήν
1458 2340 1718 2412 αἰσχύνην
1752 2323 1946 2399 εἰπεῖν.

287 2409 552 2482 Καθάπερ
570 2413 678 2485 γὰρ
701 2417 825 2479 τοὺς
867 2418 1150 2485 Ἰουδαίους
1183 2424 1230 2474 οἱ
1255 2424 1303 2475 Ν
1311 2424 1535 2479 ινευϊται
1554 2409 1949 2502 ίκατακρινοῦσι

284 2499 427 2562 τότε,
457 2499 599 2554 οὕτω
629 2503 724 2555 καὶ
754 2506 902 2574 ἡμᾶς
947 2508 1130 2562 πολλοὶ
1173 2513 1558 2584 κατακρινοῦσι
1592 2517 1702 2570 τῶν
1731 2519 1948 2573 δοκούν-

284 2601 394 2637 των
421 2588 855 2660 καταδεεστέρων
878 2591 994 2646 νῦν.
1035 2596 1408 2669 Ἐννοήσωμεν
1443 2602 1622 2655 τοίνυν
1655 2605 1778 2668 ὅσος
1805 2609 1832 2659 ὁ
1857 2607 1948 2676 γέ-

286 2672 412 2738 λως,
439 2675 536 2744 ὅση
572 2679 605 2746 ὴ
630 2678 969 2746 κατάγνωσις
988 2697 1003 2711 ⁸
1047 2685 1386 2756 ἐννοήσωμεν
1417 2689 1509 2740 καὶ
1543 2690 1794 2760 βάλωμέν
1825 2713 1946 2750 τινα

284 2761 460 2831 ἀρχὴν
484 2763 585 2815 κᾶν
612 2764 726 2828 νῦν,
752 2767 846 2819 καὶ
864 2767 1033 2838 θύραν
1052 2775 1509 2846 μετανοίας.Πρὸς
1529 2779 1764 2847 ἐμαυτὸν
1779 2782 1948 2835 ταῦτα

283 2847 446 2916 λέγω,
462 2850 678 2920 πρῶτον
701 2854 1101 2925 ἐμαυτῷταῦτα
1126 2862 1396 2932 παραινῶ,
1413 2866 1506 2916 καὶ
1526 2866 1715 2936 μηδεὶς
1727 2869 1945 2939 ὀργιζέ-

285 2934 396 3026 σθω
541 2942 1022 3026 κατακρινόμενος.
1070 2946 1360 3017 Ἀψὼμεθα
1385 2952 1484 3021 τῆς
1524 2934 1644 3006 ὁδοῦ
1675 2934 1774 3026 τῆς
1805 2934 1946 3009 ’στε-

281 3017 967 3109 νήςῶίέχριιπότε-τρυφῃ
998 3026 1158 3099 μέχρι
1188 3030 1316 3084 πότε
1344 3017 1557 3100 ἄνεσις;
1594 3037 1706 3090 Οὐκ
1723 3017 1948 3109 ἐνεπλή-

283 3099 488 3186 σθημεν
511 3103 878 3173 ῥᾳθυμοῦντες
899 3148 914 3172 ,
944 3110 1240 3176 γελῶντες,
1275 3099 1734 3186 ἀναβαλλόμενος
1772 3122 1847 3174 Οὐ
1882 3099 1952 3174 τά

280 3182 418 3234 αὐτὰ
449 3185 608 3238 πάλιν
638 3187 790 3241 ἕσται
814 3231 828 3252 ,
862 3192 1130 3260 τράπεζα.
1164 3198 1258 3248 καὶ
1290 3197 1470 3268 κόρος,
1493 3203 1587 3254 καὶ
1612 3203 1948 3272 πολυτέλεια,

281 3268 374 3351 καὶ
393 3270 670 3351 χρήματα,
712 3274 804 3324 καὶ
827 3276 1070 3345 κτήσεις,
1090 3280 1182 3331 καὶ
1210 3281 1524 3351 οἰκοδομαί;
1565 3286 1674 3338 Καὶ
1699 3287 1752 3339 τί
1772 3289 1832 3340 τὸ
1858 3268 1948 3342 τέέ

279 3347 403 3413 λος;
431 3350 690 3416 Θάνατος.
723 3355 786 3406 Τί
825 3356 885 3408 τὺ
920 3357 1107 3423 τέλος;
1146 3361 1334 3432 Τέφρα
1360 3364 1454 3417 καὶ
1495 3365 1642 3430 κόνις
1670 3371 1761 3422 καὶ
1801 3374 1947 3441 σοροὶ

281 3433 375 3484 καὶ
411 3432 710 3504 σκώληκες.
758 3437 1187 3511 Ἐπιδειξώμεθα
1205 3446 1383 3498 τοίνυν
1407 3450 1604 3519 καινήν
1624 3468 1744 3505 τινα
1764 3451 1908 3523 ζωήν
1929 3474 1941 3486 ⁸

277 3513 590 3606 ποιήσωμεν
616 3518 717 3587 τὴν
735 3518 838 3588 γῆν
863 3521 1087 3592 οὐρανόν
1110 3541 1124 3555 ⁸
1160 3526 1407 3580 ἐντεῦθεν
1432 3513 1692 3600 δείξωμεν
1746 3513 1943 3606 ’Ἑλλη-

279 3611 384 3658 σιν,
409 3597 547 3651 ὅσων
575 3601 710 3653 εἰσὶν
731 3603 1167 3675 ἀπεστερημένοι
1211 3609 1414 3664 καλῶν.
1449 3613 1618 3666 Ὅταν
1659 3615 1760 3686 γάρ
1792 3619 1942 3672 ἴδωσι

275 3677 456 3741 καλῶς
488 3683 634 3750 ἡμᾶς
665 3683 1130 3756 πολιτευομένους,
1163 3690 1260 3760 τὴν
1291 3692 1412 3760 ὄψιν
1459 3696 1627 3766 αὐτὴν
1661 3677 1942 3754 θεάσονται

273 3760 376 3830 τῆς
407 3761 679 3830 βασιλείας
702 3767 810 3819 τῶν
837 3769 1100 3835 οὐρανῶν.
1130 3772 1297 3826 Ὅταν
1322 3774 1432 3845 γὰρ
1453 3760 1632 3831 ἴδωσιν
1655 3781 1943 3851 ἐπιεικεῖς,

273 3843 442 3930 ὀργῆς
471 3847 777 3930 καθαροὺς,
829 3851 1122 3921 ἐπιθυμίας
1150 3854 1298 3926 [466]
1328 3843 1589 3930 πονηρᾶς,
1622 3843 1936 3930 βασκανίαςξ

277 3927 605 3994 πλεονεξίας,
639 3932 706 3982 τὰ
732 3931 867 3985 ἄλλα
896 3935 1074 3989 πάντα
1114 3927 1531 4010 κατορθοῦντας,
1579 3927 1796 4014 ἐροῦσιν
1822 3961 1836 3974 ⁸
1877 3947 1938 3998 Εἰ

273 4007 506 4093 ἐνταῦθα
546 4012 766 4081 ἄγγελοι
811 4017 1095 4084 γεγόνασιν
1144 4022 1193 4072 οί
1229 4007 1568 4093 Χριστιανοὶ,
1613 4007 1668 4080 τί
1726 4028 1938 4082 ἔσονται

275 4091 415 4178 μετά
444 4093 540 4164 τὴν
563 4096 814 4150 ἐντεῦθεν
837 4100 1148 4170 ἀποδημίαν
1171 4119 1185 4168 ;
1213 4105 1261 4156 εί
1282 4091 1430 4158 ἔνθα
1463 4105 1602 4170 ξένοι
1619 4112 1776 4178 εἰσὶν,
1796 4111 1937 4166 οὕτω

271 4173 598 4243 λάμπουσιν,
649 4180 778 4232 ὅταν
807 4181 905 4252 τὴν
935 4183 1166 4244 πατρίδα
1200 4186 1381 4240 αὐτῶν
1414 4173 1781 4257 ἀπολάϐωσιν,
1827 4193 1936 4263 ἡλί-

270 4272 355 4307 κοι
389 4261 748 4329 γενήσονται;
777 4264 932 4318 Οὕτω
960 4267 1054 4318 καὶ
1086 4269 1281 4321 ἐκεῖνοι
1309 4269 1548 4339 βελτίους
1569 4273 1801 4340 ἔσονται,
1839 4261 1934 4330 καὶ

269 4339 299 4390 ὀ
326 4339 480 4408 λόγος
510 4343 607 4414 τῆς
635 4345 916 4410 εὐσεϐείας
942 4348 1248 4419 δραμεῖται,
1278 4353 1378 4407 οὐκ
1405 4353 1672 4428 ἐλαττονῆ
1705 4339 1795 4412 ἐπὶ
1824 4361 1934 4414 τῶν

1382 381 1448 434 IN
1488 381 1902 440 MATTIUEUM
1936 383 2171 442 HOMIL.
2216 387 2400 442 XLIV.
2443 389 2514 444 al.
2558 388 2717 444 XLV.

3641 400 3754 455 464

2086 504 2419 557 ἀποστόλων.
2447 506 2510 558 Εἰ
2545 505 2654 575 γὰρ
2681 505 2887 559 δώδεκα
2909 507 3060 571 ὄντες
3093 509 3289 562 ἐκεῖνοι
3328 509 3510 576 πόλεις
3537 513 3760 586 ὁλοκλή-

2085 607 2210 660 ρους
2243 592 2336 644 καί
2371 591 2552 660 χώρας
2606 593 2946 664 ἐπέστρεψαν
2975 596 3019 628 ⁸⁷
3045 612 3060 628 ⁸
3097 599 3145 648 εἰ
3182 599 3383 662 πάντες
3415 602 3759 671 γενησόμεθα

2079 677 2386 731 διδάσκαλοι
2438 679 2527 733 διὰ
2552 680 2651 748 τῆς
2685 681 2824 734 κατὰ
2851 681 2942 734 τὸν
2971 682 3084 751 βίον
3126 685 3462 754 ἐπιμελείας,
3505 690 3759 759 ἐννόησον

2080 763 2183 816 ποῦ
2231 765 2529 836 ἀρθήσεται
2555 767 2624 819 τὰ
2647 768 2908 838 ἡμέτερα.
2943 769 3076 822 Οὐδέ
3114 771 3223 843 γὰρ
3249 771 3422 836 οὓτως
3457 775 3756 829 ἐπισπᾶται

2077 851 2168 903 τὸν
2205 853 2439 923 Ἕλληνα
2472 854 2664 926 νεκρὸς
2700 856 3080 926 ἀνιστάμενος,
3112 860 3188 922 ὡς
3222 860 3507 932 ἄνθρωπος
3539 863 3756 931 φιλοσο-

2077 940 2212 1008 φῶν.
2235 942 2378 1012 Πρὸς
2409 943 2508 1013 μὲν
2547 944 2655 1016 γὰρ
2682 945 2858 998 ἐκεῖνο
2889 947 3317 1018 ὲκπλαγήσεται,
3349 952 3457 1003 ἀπὸ
3485 952 3540 1004 δέ
3563 953 3757 1007 τούτου

2076 1027 2340 1097 κερδανεῖ.
2381 1031 2584 1084 Ἐκεῖνο
2612 1032 2822 1101 γέγονε,
2854 1035 2946 1088 καὶ
2974 1036 3218 1107 παρῆλθε
3239 1053 3252 1067 ⁸
3289 1037 3447 1091 τοῦτο
3491 1040 3548 1092 δὲ
3580 1041 3753 1111 μένει,

2075 1118 2169 1170 καὶ
2204 1117 2493 1182 διαπαντὸς
2517 1120 2682 1174 αὐτοῦ
2730 1125 2969 1193 γεωργεῖ
2995 1124 3094 1194 τὴν
3124 1124 3322 1195 ψυχήν.
3376 1125 3752 1198 Ἑπιμελησώ-

2076 1203 2216 1272 μεθα
2241 1203 2420 1256 τοίνυν
2446 1206 2603 1276 ἡμῶν
2626 1207 2824 1272 αὐτῶν,
2865 1210 2949 1263 ἵνα
2986 1211 3081 1263 καὶ
3105 1212 3346 1276 ἐκείνους
3375 1215 3745 1286 κερδάνωμεν.

2142 1303 2306 1356 Οὐδὲν
2331 1305 2376 1335 ⁸⁸
2405 1304 2547 1372 λέγω
2577 1309 2860 1378 φορτικόν·
2893 1311 2951 1362 οὐ
2971 1311 3134 1378 λέγω,
3153 1313 3243 1383 Μὴ
3273 1315 3461 1384 γάμει⁸
3491 1318 3552 1369 οὐ
3582 1316 3745 1386 λέγω,

2069 1391 2460 1460 Καταλίμπανε
2492 1395 2693 1458 πόλεις,
2722 1397 2816 1449 καὶ
2847 1399 3116 1464 ἀφίστασο
3155 1401 3448 1456 πολιτικῶν
3490 1408 3750 1476 πραγμά-

2067 1495 2177 1530 των
2197 1496 2209 1508 ⁸
2246 1479 2361 1533 ἀλλ’
2393 1483 2450 1534 ἐν
2477 1482 2660 1546 αὐτοῖς
2684 1484 2728 1515 ⁸³
2764 1483 2840 1537 ὢν
2889 1484 3060 1548 δεῖξον
3087 1487 3186 1555 τὴν
3216 1489 3437 1558 ἀρετήν.
3497 1493 3608 1544 Καὶ
3637 1493 3748 1565 γὰρ

2065 1568 2192 1632 τοὺς
2241 1570 2300 1622 ἐν
2345 1569 2538 1640 μέσαις
2577 1571 2762 1624 πόλεσι
2797 1574 3194 1644 στρεφομένους
3245 1575 3503 1646 βούλομαι
3549 1581 3747 1648 μᾶλλον

2069 1655 2373 1725 εὐδοκιμεῖν
2399 1657 2595 1712 τῶντά
2627 1659 2728 1728 ὅρη
2750 1661 3177 1730 κατειληφότων.
3211 1664 3397 1728 Διατί;
3442 1666 3562 1719 Ὅτι
3610 1669 3744 1722 πολὺ

2071 1744 2132 1796 τὸ
2159 1745 2347 1814 κέρδος
2379 1746 2626 1799 ἐντεῦθεν
2657 1748 2882 1816 γίνεται.
2918 1749 3128 1815 Οὐδεὶς
3153 1750 3262 1821 γὰρ
3297 1753 3449 1805 καίει
3485 1756 3744 1823 λύχνον,

2072 1831 2168 1884 καί
2190 1832 2430 1899 τίθησιν
2453 1835 2638 1887 αὑτὸν
2670 1835 2784 1888 ὑπὸ
2817 1835 2924 1888 τὸν
2960 1837 3193 1904 μόδιον.
3243 1838 3342 1890 Διὰ
3368 1839 3526 1892 τοῦτο
3560 1841 3744 1911 βούλο-

2073 1936 2171 1988 μαι
2204 1922 2295 1974 ἐπὶ
2320 1922 2365 1953 "°
2403 1923 2504 1991 τῆς
2552 1923 2772 1992 λυχνίας
2800 1923 3013 1976 κεῖσθαι
3057 1926 3184 1988 τοὺς
3215 1925 3440 1996 λύχνους
3473 1928 3739 1996 ἅπαντας,

2070 2007 2157 2060 ἵνα
2185 2009 2318 2061 πολὺ
2355 2009 2414 2062 τὸ
2457 2011 2570 2077 φῶς
2601 2011 2842 2079 γένηται.
2887 2011 3206 2083 Ἀνάψωμεν
3254 2015 3434 2067 τοίνυν
3485 2018 3650 2070 αὐτοῦ
3692 2022 3738 2053 ⁷³

2065 2094 2128 2147 τὸ
2154 2095 2290 2166 πῦρ.
2325 2097 2640 2168 ποιήσωμεν
2677 2099 2803 2161 τοὺς
2836 2100 2893 2152 έν
2917 2099 3092 2171 σκότῳ
3121 2100 3462 2172 καθημένους
3503 2106 3741 2162 ἀπαλλα-

2065 2187 2224 2254 γῆναι
2263 2187 2359 2256 τῆς
2381 2187 2605 2258 πλάνης.
2637 2188 2746 2242 Καὶ
2775 2189 2847 2259 μή
2898 2207 2987 2260 μοι
3029 2191 3176 2258 λέγε,
3224 2193 3306 2244 ὅτι
3335 2193 3570 2248 Γυναῖκα
3604 2195 3733 2267 ἔχω,

2066 2275 2158 2325 καὶ
2177 2274 2360 2326 παιδία
2390 2275 2684 2344 κέκτημαι,
2719 2277 2814 2329 καὶ
2833 2277 3010 2340 οἰκίας
3037 2280 3396 2350 προΐσταμαι,
3440 2283 3531 2334 καὶ
3559 2283 3619 2335 οὐ
3651 2284 3737 2336 δύ.

2065 2376 2231 2427 ναμαι
2283 2359 2454 2412 ταῦτα
2489 2361 2806 2430 κατορθοῦν.
2840 2362 2955 2415 Κᾶν
2989 2364 3096 2434 γάρ
3123 2366 3328 2418 τούτων
3379 2368 3543 2438 μηδὲν
3580 2369 3729 2442 έχῃς,

2065 2446 2303 2516 ῥᾴθυμος
2333 2447 2389 2499 δὲ
2416 2442 2503 2521 ᾖς,
2554 2449 2730 2501 πάντα
2766 2448 3005 2518 οἴχεται·
3058 2450 3158 2503 κᾶν
3220 2453 3392 2507 ταῦτα
3443 2455 3617 2508 πάντα
3665 2454 3735 2530 ᾗς

2063 2535 2461 2605 περικείμενος,
2504 2535 2788 2600 σπουδαῖος
2842 2537 2898 2590 δὲ
2949 2533 3036 2610 ᾗς,
3087 2541 3316 2612 περιέσῃ
3353 2543 3451 2612 τῆς
3506 2544 3730 2615 ἀρετῆς.

2069 2623 2163 2674 ’Ἐν
2211 2623 2318 2693 γάρ
2369 2625 2484 2676 ἐστι
2518 2623 2578 2676 τὸ
2614 2622 2964 2693 ζητούμενον,
3006 2626 3233 2696 γνώμης
3267 2629 3518 2695 γενναίας
3553 2649 3731 2702 παρα-

2063 2711 2263 2780 σκευή·
2325 2712 2418 2763 καὶ
2447 2709 2570 2764 οὐτε
2601 2710 2806 2781 ἡλικία,
2859 2710 2983 2763 οὐτε
3024 2714 3204 2774 πενία,
3255 2715 3314 2766 οὐ
3372 2715 3619 2782 πλοῦτος,
3666 2719 3730 2772 οὐ

2060 2799 2398 2868 πραγμάτων
2429 2800 2767 2869 περίστασις,
2809 2800 2909 2852 οὐκ
2938 2800 3066 2854 ἄλλο
3106 2801 3279 2866 οὐδὲν,
3310 2804 3598 2872 ἐμποδίσαι
3636 2806 3727 2858 δυ-

2059 2886 2299 2952 νήσεται.
2341 2885 2451 2938 Καὶ
2478 2886 2584 2954 γάρ
2638 2886 2732 2938 καὶ
2761 2886 3014 2954 γέροντες
3059 2889 3154 2942 καὶ
3189 2889 3318 2955 νέοι,
3349 2889 3442 2942 καὶ
3463 2893 3727 2958 γυναῖκας

2056 2969 2290 3040 ἔχοντες,
2327 2973 2420 3024 καὶ
2444 2972 2636 3035 παῖδας
2665 2973 2974 3043 τρέφοντες,
3006 2977 3098 3028 καὶ
3125 2976 3318 3045 τέχνας
3351 2980 3728 3050 μεταχειριζό-

2057 3075 2225 3128 μενοι,
2281 3061 2374 3112 καὶ
2421 3061 2836 3130 στρατευόμενοι
2876 3063 2943 3124 ⁷²,
2997 3064 3364 3134 κατώρθωσαν
3406 3067 3473 3120 τὰ
3531 3069 3724 3121 ἐπιτα-

2052 3145 2247 3215 χθέντα
2278 3147 2510 3199 ἅπαντα.
2549 3147 2658 3200 Καὶ
2679 3147 2787 3217 γὰρ
2815 3149 2844 3200 6
2872 3147 3070 3218 Δανιὴλ
3101 3148 3218 3211 νέος
3234 3145 3323 3220 ἦν,
3354 3151 3446 3203 καὶ
3480 3153 3720 3224 όΊωσὴφ

2050 3233 2232 3295 δοῦλος
2264 3232 2352 3307 ἦν,
2387 3235 2479 3287 καὶ
2507 3237 2536 3287 6
2577 3235 2807 3297 Ἀκύλας
2848 3236 3044 3306 τέχνην
3095 3239 3515 3306 μετεχειρίζετο,
3552 3241 3647 3293 καὶ
3683 3247 3715 3308 ὴ

2049 3322 2471 3392 πορφυρόπωλις
2525 3323 2890 3394 ἐργαστηρίου
2952 3326 3323 3394 προειστήκει,
3403 3327 3496 3380 καὶ
3561 3328 3718 3392 ἄλλος

2047 3410 2386 3480 δεσμοφύλαξ
2423 3407 2512 3480 ἦν,
2541 3411 2634 3464 καὶ
2685 3411 2841 3474 ἄλλος
2878 3411 3302 3482 ἑκατοντάρχης,
3343 3413 3418 3476 ὡς
3449 3417 3478 3468 6
3507 3415 3718 3486 Κορνή-

2046 3497 2176 3560 λιος,
2237 3498 2331 3551 καὶ
2372 3498 2556 3568 ἕτερος
2597 3498 2850 3570 ἀσθενὴς,
2909 3499 2983 3563 ὡς
3023 3500 3051 3550 6
3098 3499 3382 3569 Τιμόθεος,
3423 3503 3517 3554 καὶ
3558 3503 3716 3566 ἄλλος

2045 3584 2430 3654 δραπέτης,ὠς
2486 3586 2774 3655 Ὀνήσιμος
2794 3604 2806 3617 ⁸
2851 3585 2966 3638 ἀλλ’
2998 3585 3151 3638 οὐδὲν
3175 3586 3349 3639 οὐδενὶ
3386 3587 3588 3642 τούτων
3619 3589 3712 3656 γέ·-

2045 3687 2166 3736 γονε
2206 3670 2451 3740 κώλυμα.
2481 3671 2617 3724 ἀλλά
2638 3673 2835 3734 πάντες
2862 3672 3246 3742 εὐδοκίμησαν,
3281 3674 3373 3725 καὶ
3404 3674 3592 3744 ἄνδρες
3619 3677 3714 3728 καὶ

2043 3758 2315 3824 γυναῖκες,
2349 3757 2440 3810 καὶ
2459 3758 2566 3810 νέοι
2591 3758 2685 3810 καὶ
2724 3759 2999 3828 γέροντες,
3045 3759 3140 3810 καὶ
3166 3759 3342 3812 δοῦλοι
3366 3761 3460 3813 καὶ
3499 3760 3717 3814 ἐλεύθε-

2046 3857 2148 3911 ροι,
2208 3844 2301 3895 καὶ
2357 3843 2683 3914 στρατιῶται
2730 3845 2823 3896 καὶ
2859 3844 3090 3898 ἰδιῶται.
3141 3847 3230 3914 Μὴ
3269 3845 3449 3898 τοίνυν
3481 3847 3714 3917 περιττά

2043 3929 2432 3998 σκηπτώμεθα,
2465 3929 2600 3982 ἀλλὰ
2629 3929 2853 4000 γνώμην
2885 3931 3396 4002 παρασκευάσωμεν
3439 3932 3666 4002 ἀρίστην
3690 3951 3710 3964 ⁸

2040 4016 2142 4070 κᾶν
2170 4017 2345 4070 ὁτιοῦν
2368 4011 2537 4087 ὦμεν,
2573 4019 2787 4080 πάντως
2815 4017 3190 4088 ἐπιληψόμεθα
3225 4019 3448 4089 ἀρετῆς,
3483 4019 3714 4073 καὶτῶν

2042 4104 2340 4174 μελλόντων
2367 4105 2762 4174 ἐπιτευξρμεθα
2793 4104 3034 4173 ἀγαθῶν,
3067 4106 3249 4176 χάριτι
3278 4107 3369 4158 καὶ
3403 4105 3708 4177 φιλανθρω-

2037 4190 2137 4261 πία
2158 4188 2252 4243 τοῦ
2283 4189 2488 4260 Κυρίου
2521 4191 2674 4261 ἡμῶν
2723 4191 2897 4261 Ἰησοῦ
2944 4191 3206 4261 Χριστοῦ,
3257 4191 3374 4261 μεθ’
3403 4186 3567 4262 οὗ,τῷ
3600 4195 3709 4246 Πα-

2041 4277 2133 4346 τρὶ
2171 4277 2286 4348 ἅμα
2340 4277 2418 4348 τῷ
2463 4279 2602 4348 ἁγίῳ
2646 4278 2945 4355 Πνεύματι,
2977 4279 3123 4344 δόξα,
3164 4280 3385 4350 κράτος,
3419 4279 3573 4351 τιμὴ,
3608 4279 3712 4333 νῦν

2041 4363 2134 4416 καὶ
2162 4365 2248 4418 ἀεὶ
2277 4364 2372 4418 καὶ
2397 4367 2477 4428 είς
2499 4366 2625 4428 τοὺς
2659 4365 2861 4428 αἰῶνας
2882 4362 2989 4418 τῶν
3013 4366 3245 4422 αἰώνων.
3291 4367 3484 4438 Ἀμήν.

342 4450 460 4547 ⁶δ.;⁸
484 4453 807 4547 ἐλταυσιάμην
834 4458 897 4512 Α.
916 4457 977 4547 CA.
1046 4461 1104 4547 1““
1126 4461 1474 4547 Q‘OSé'LPPBé‘?
1503 4465 1661 4547 A._C_.
1855 4488 1918 4547 Ρ.

2053 4489 2140 4547 pm,
2172 4473 2265 4547 DL
2314 4474 2744 4547 "fméggszpaﬂ
2779 4476 3104 4529 ἐπαίδευσαν
3145 4476 3204 4530 F.
3280 4477 3324 4508 ⁸⁸
3348 4475 3534 4547 Οὐδέν]
3574 4477 3706 4533 add.

265 4519 373 4592 γάρ
395 4522 459 4577 Α.
497 4524 560 4579 C.
637 4528 679 4559 ⁸⁸
701 4519 914 4592 τούτοις
945 4531 1010 4582 Α.
1044 4529 1106 4584 C.
1142 4530 1204 4584 Ι).
1267 4519 1326 4564 ’⁷ο
1349 4535 1462 4607 ἐπί]
1512 4519 1902 4596 καὶῐέπί

2000 4544 2043 4575 τί
2075 4543 2266 4614 αὐτοῦ]
2301 4544 2458 4598 τοῦτο
2488 4537 2566 4597 [⁸“.’
2618 4537 2663 4577 7"
2692 4537 2788 4598 καὶ
2819 4547 3238 4617 στρατευόμενοι
3262 4563 3372 4602 om.
3416 4547 3478 4605 F.
3510 4537 3606 4603 Ge.

1799 4833 1814 4847 _
1855 4765 2099 4818 OMIAIA
2137 4768 2266 4822 ΜΝ.

267 4860 396 4942 ἐτξ
415 4859 697 4942 δέ.αῇἱῷ
731 4859 1214 4942 λαθοῦνῖςςῖοῖς
1243 4859 1468 4942 δκλοέςν
1500 4861 1626 4916 ιδοὺ
1660 4865 1925 4942 εἰμμήεηρ

330 4930 516 5010 αὐτοῦ
544 4929 693 5013 [46η
725 4932 836 5013 ,καί
867 4929 1205 5013 quaexin
1239 4929 1925 5013 slgy:ixsza‘_ar_é£b!;

328 4997 573 5066 τοῦντεξν
597 4997 756 5065 αὐτῷ
786 4999 1074 5068 λαλῆσαι.
1108 4997 1252 5054 Εἶπε
1287 5000 1354 5053 δέ
1383 5019 1474 5065 τις
1501 5002 1687 5069 αὐτῷ·
1721 5025 1739 5055 ι
1774 4997 1923 5060 Ἰδοὺ

401 5071 600 5141 μήτηρ
626 5088 742 5126 σου
766 5072 862 5125 καὶ
893 5069 1216 5141 οίᾲὰδελφοί
1249 5087 1364 5141 σου
1385 5071 1500 5135 ἐξω
1538 5073 1833 5138 ἑστήκασι
1853 5079 1920 5141 ⁷³,

326 5072 368 5202 ἔξ
401 5072 599 5140 μήτηρ
626 5088 742 5126 σου
766 5072 862 5125 καὶ
893 5072 1216 5149 οίρδελφοί
1249 5087 1364 5123 σου
1385 5072 1500 5135 ἐξω
1538 5073 1833 5138 ἑστήκασι
1853 5079 1920 5141 13.,

353 5140 638 5211 ητοῦντές
679 5157 777 5195 σοι
817 5144 1106 5207 mnam.
1136 5159 1154 5190 ι
1185 5141 1260 5211 ,Ὁ
1306 5139 1374 5211 δὲ
1407 5143 1749 5211 ἀποκριθεὶς
1791 5144 1922 5202 εἷπε

324 5209 407 5275 τῷ
443 5212 733 5264 είπόντιη
773 5230 791 5262 ι
828 5212 921 5275 Τίς
958 5211 1128 5263 ἐστιν
1163 5209 1200 5276 ἡ
1240 5209 1438 5280 μήτηρ
1475 5231 1616 5280 μου,
1663 5209 1760 5269 καὶ
1786 5218 1833 5246 ⁷⁵
1867 5222 1921 5273 οἱ

324 5281 576 5350 ἀδελφοί
602 5297 758 5350 pou;
789 5301 806 5332 ι
842 5281 949 5350 Καὶ
976 5280 1244 5344 ἐκτείνας
1270 5279 1382 5350 τὴν
1407 5279 1575 5350 χεῖρα
1610 5285 1797 5338 αὐτοῦ
1818 5287 1917 5341 ἐπὶ

324 5316 574 5350 “uta/Irrue
602 5316 758 5350 fauo,
789 5316 806 5332 ι
842 5316 949 5333 nuo
976 5316 1236 5344 σινιῡιιυιιι,
1273 5316 1367 5347 Iv!"
1407 5316 1575 5350 Λειμυι
1610 5316 1796 5338 αυιυυ
1818 5316 1916 5341 θαι-ι

323 5351 466 5416 τοὺς
494 5351 844 5419 μαθητὰς-τά,
875 5347 1075 5402 εἶπεν
1113 5369 1132 5400 ι
1169 5349 1312 5403 Ἰδοὺ
1347 5352 1385 5419 ἡ
1421 5351 1622 5421 μήτηρ
1658 5372 1777 5423 μου
1817 5359 1916 5412 καὶ

323 5425 379 5475 οι
407 5421 659 5476 ἀδελφοί
687 5439 822 5476 ιιου.
851 5440 870 5472 ι

323 5439 379 5475 οι
407 5439 657 5490 αοεκφοι
681 5439 822 5489 μου.
851 5440 870 5472 ι

322 5517 391 5562 α..
421 5510 598 5579 Ὅπερ
625 5507 814 5579 πρώην
847 5506 1052 5576 ελεγον,
1082 5508 1162 5560 ὅτι
1193 5507 1393 5578 ἀρετῆς
1423 5509 1668 5583 ἀπούσης
1701 5514 1917 5571 ἅπαντα

254 5592 502 5663 περιττὰ,
533 5591 692 5644 τοῦτο
724 5592 818 5644 καὶ
847 5591 941 5644 νῦν
976 5589 1116 5660 μετά
1147 5590 1348 5660 πολλῆς
1381 5591 1654 5648 δείκνυται
1678 5599 1777 5668 τῆς
1819 5618 1912 5653 πε-

256 5668 516 5748 ριουσίας.
557 5673 700 5741 Ἐγὼ
755 5674 855 5745 μὲν
900 5673 1010 5744 γὰρ
1059 5673 1263 5741 ἔλεγον,
1307 5673 1387 5725 ὅτι
1425 5678 1517 5729 καὶ
1553 5678 1768 5748 ἡλικία,
1799 5674 1911 5736 ’καὶ

252 5757 430 5825 φύσις,
467 5756 560 5809 καὶ¹
586 5757 646 5808 τὸ
679 5755 884 5826 ἔρημον
920 5756 1109 5819 οἰκεῖν,
1141 5755 1234 5807 καὶ
1270 5755 1370 5806 ὅσα
1397 5758 1621 5812 τοιαῦτα
1653 5763 1906 5835 ἀνόνητα,

250 5840 472 5912 γνώμης
499 5843 598 5895 οὐκ
630 5840 796 5911 οὐσης
825 5838 1066 5908 ἀγαθῆς⁸
1104 5839 1342 5909 σήμερον
1375 5838 1431 5890 δὲ
1463 5842 1556 5894 καὶ
1594 5844 1754 5900 πλέον
1788 5849 1906 5901 ἐτε-

2031 4873 2123 4944 ρόν
2156 4891 2207 4925 τι
2249 4874 2613 4945 μανθάνομεν,
2654 4877 2736 4929 ὅτι
2776 4876 2898 4929 οὐδὲ
2943 4879 3005 4930 τὸ
3054 4881 3389 4950 κυοφορῆσαι
3422 4882 3512 4934 τὸν
3555 4884 3701 4955 Χριο

2029 4965 2174 5026 στὸν,
2206 4967 2298 5019 καὶ
2339 4968 2430 5020 τὸν
2463 4967 2774 5037 θαυμαστὸν
2804 4970 3010 5023 ἐκεῖνον
3054 4971 3211 5024 τόκον
3254 4974 3454 5034 τεκεῖν,
3495 4971 3608 5042 ἔχει
3636 4991 3696 5027 τι

2027 5057 2236 5127 κέρδος,
2264 5060 2462 5129 ἀρετῆς
2486 5060 2592 5112 οὐκ
2617 5060 2804 5131 οὐσης.
2836 5062 2946 5114 Καὶ
2985 5061 3139 5114 τοῦτο
3175 5062 3408 5129 μάλιστα
3439 5063 3696 5119 ἐντεῦθεν

2023 5144 2202 5212 δῆλον.
2232 5149 2354 5202 Ἔτι
2383 5147 2490 5216 γὰρ
2515 5148 2702 5201 αὐτοῦ
2730 5148 3068 5214 λαλοῦντος
3095 5151 3219 5212 τοῖς
3251 5148 3472 5216 ὄχλοις,
3501 5155 3694 5223 φησὶν,

2022 5233 2153 5286 εἷπέ
2193 5251 2284 5299 τις
2317 5232 2496 5298 αὐτῷ,
2540 5235 2629 5288 ὅτι
2678 5237 2749 5289 Ἠ
2777 5236 2977 5304 μήτηρ
3026 5250 3141 5289 σου
3192 5236 3290 5288 καὶ
3331 5239 3386 5289 οἱ
3439 5239 3690 5308 ἀδελφοὶ

2021 5336 2136 5374 σου
2179 5321 2428 5387 ζητοῦσί
2480 5338 2573 5377 σε.
2615 5324 2672 5376 Ὀ
2719 5323 2774 5376 δὲ
2813 5323 2988 5390 λέγει·
3040 5323 3134 5387 Τίς
3177 5323 3349 5376 ἐστιν
3403 5324 3441 5390 ἡ
3487 5327 3688 5395 μήτηρ

2012 5427 2153 5476 μου,
2181 5410 2279 5462 καὶ
2321 5411 2482 5476 τίνες
2513 5414 2567 5464 οἱ
2594 5411 2847 5479 ἀδελφοί
2873 5428 2992 5478 μου
3010 5426 3028 5471 ;
3056 5409 3237 5462 Ταῦτα
3269 5411 3326 5462 δὲ
3356 5411 3560 5480 ἔλεγεν,
3585 5416 3687 5468 οὐκ

2017 5498 2479 5567 ἐπαισχυνόμενος
2496 5498 2588 5551 ἐπὶ
2611 5500 2678 5568 τῇ
2704 5498 2894 5568 μητρὶ,
2917 5497 3036 5549 οὐδὲ
3069 5496 3114 5527 ⁷⁷
3135 5495 3465 5566 ἀρνούμενος
3480 5500 3580 5568 τὴν
3594 5517 3686 5568 γε-

2015 5588 2340 5657 γεννηκυῖαν
2361 5602 2374 5616 ⁸
2417 5588 2465 5639 εἰ
2499 5586 2606 5656 γὰρ
2644 5584 2999 5656 ἐπῃσχύνετο,
3025 5583 3133 5636 οὐδ’
3162 5583 3228 5635 ἂν
3259 5582 3438 5652 διῆλθε
3473 5585 3559 5638 διά
3583 5587 3685 5657 τῆς

2019 5677 2229 5745 μήτρας
2273 5673 2518 5743 ἐκείνης·
2565 5672 2700 5725 ἀλλὰ
2744 5670 2941 5742 δηλῶν,
2983 5671 3064 5723 ὅτι
3111 5669 3264 5722 οὐδὲν
3302 5669 3491 5738 ὃφελος
3541 5673 3681 5744 αὐτῇ

2015 5764 2226 5827 τούτου,
2268 5763 2316 5814 εἰ
2357 5760 2432 5832 μὴ
2469 5761 2536 5813 τά
2579 5761 2768 5812 δέοντα
2813 5761 2954 5812 ποιεῖ
2989 5758 3225 5811 ᾶπαντα.
3261 5759 3370 5810 Καὶ
3405 5757 3512 5830 γὰρ
3542 5761 3682 5832 ὅπερ

2013 5851 2358 5920 ἐπεχείρησε,
2391 5847 2702 5919 φιλοτιμίας
2734 5843 2802 5917 ἦν
2835 5847 3092 5919 περιττῆς
3112 5862 3125 5875 ⁸
3159 5845 3408 5897 ὲδθύλετο
3437 5846 3545 5918 γὰρ
3593 5850 3680 5902 ἐν·

316 5936 364 5967 ⁷³
393 5936 736 6013 είστήκεεσαν
767 5932 828 5986 Α.
1027 5931 1237 6013 hiosqg.
1295 5931 1359 6013 ,ξε
1383 5933 1615 6013 εξπόντι]
1649 5941 1772 5998 add.
1801 5941 1945 6001 αὐτῶ

2053 5943 2106 6000 d.
2181 5944 2225 5976 ⁷⁵
2247 5941 2371 6013 καί]¹
2409 5943 2532 5997 add.
2584 5959 2727 6004 τινες
2759 5940 2892 5997 Edd.
2939 5942 3012 6012 _"
3047 5937 3323 6011 μαθητάςι
3346 5939 3468 5994 add.
3511 5943 3674 5995 αὐτοῦ

252 6006 315 6059 Δ.
395 6007 440 6039 ’τ
471 5999 564 6060 ἐπὶ
586 6009 656 6079 τῇ
693 6002 898 6076 μητρί]
925 6003 1025 6074 τὴν
1053 5999 1268 6072 μητέρα
1295 5999 1358 6056 F.
1395 6002 1496 6073 Ep.
