4084 6354
365 486 645 554 δείξασθαι
673 483 749 556 τῷ
771 484 951 555 δήμῳ,
973 483 1055 536 ὅτι
1085 483 1279 553 κρατεῖ
1303 481 1398 534 καὶ
1417 480 1668 534 αὑθεντεῖ
1699 479 1793 533 τοῦ
1822 480 2036 542 παιδὸς,

365 572 519 626 οὐδὲν
547 569 758 624 οὐδέπω
796 568 926 638 περὶ
968 566 1133 619 αὑτοῦ
1185 566 1327 636 μέγα
1361 564 1746 635 φανταζομένη
1767 580 1782 594 ·
1817 563 1899 617 διὸ
1944 565 2040 618 καὶ

366 653 616 724 ἀκαίρως
664 650 991 724 προσῆλθεν.
1020 648 1164 718 Ὅρα
1192 648 1323 717 γοῦν
1356 648 1452 701 καὶ
1494 648 1664 717 αὐτῆς
1693 646 1787 699 καὶ
1818 645 2041 699 ἐκείνων

365 736 466 807 τὴν
506 734 783 788 ἀπόνοιαν.
813 732 942 785 Δέον
988 730 1097 801 γὰρ
1130 729 1471 793 εἰσελθόντας
1509 729 1739 783 ἀκοῦσαι
1776 729 1912 800 μετά
1943 727 2038 781 τοῦ

366 815 614 888 δχλου,ἢ
667 816 743 887 μὴ
792 814 950 867 τοῦτο
995 811 1352 883 βουλομένους
1397 814 1688 880 ἀναμεῖναι
1738 809 2042 865 καταλῦσαι

367 900 460 953 τὸν
485 898 666 966 λόγον,
704 898 797 951 καὶ
828 897 949 951 τότε
990 894 1336 969 προσελθεῖν·
1367 897 1415 948 οἱ
1445 897 1501 949 δὲ
1531 896 1635 963 ἔξω
1663 894 1922 949 καλοῦσιν
1949 894 2042 947 αύ-

369 983 484 1046 τὺν,
511 983 607 1035 καὶ
644 982 741 1035 ἐπὶ
781 980 998 1034 πάντων
1030 979 1190 1032 τοῦτο
1234 978 1466 1040 ποιοῦσι,
1504 979 1820 1049 φιλοτιμίαν
1844 976 2045 1030 ἐπιδει-

371 1064 698 1136 κνύμενοι⁷⁸
745 1063 1031 1135 περιττὴν,
1078 1062 1173 1116 καὶ
1223 1060 1392 1125 δεῖξαι
1443 1061 1723 1123 θέλοντες,
1771 1060 1853 1113 ὃτι
1906 1058 2046 1129 μετά

372 1148 575 1218 πολλῆς
608 1146 757 1217 αὐτῷ
804 1145 1149 1198 ἐπιτάττουσι
1194 1145 1293 1209 τῆς
1341 1143 1611 1208 ἐξουσίας.
1651 1143 1829 1214 Ὅπερ
1874 1142 1969 1195 καὶ
2016 1142 2046 1194 6

373 1229 765 1299 εύαγγελιστὴς
791 1228 1064 1281 δείκνυται
1087 1229 1132 1261 ⁷³
1161 1228 1411 1296 ἐγκαλῶν
1429 1244 1443 1256 ·
1477 1226 1609 1279 αὐτὸ
1642 1225 1750 1297 γάρ
1776 1225 1934 1279 τοῦτο
1960 1225 2047 1278 αἱ-

373 1313 680 1384 νιττόμενος
707 1311 880 1374 οὕτως
906 1311 1124 1381 εἴρηκεν
1143 1328 1158 1343 ·
1189 1312 1313 1364 Ἕτι
1336 1308 1521 1363 αὑτοῦ
1554 1309 1892 1373 λαλοῦντος
1918 1305 2044 1372 τοῖς

374 1395 612 1465 ὄχλοις·
647 1392 848 1446 ὡσανεὶ
876 1392 1028 1460 ἔλεγε
1047 1409 1061 1422 ·
1095 1392 1184 1463 Μὴ
1229 1392 1339 1463 γὰρ
1369 1392 1469 1445 οὐκ
1494 1386 1561 1461 ἦν
1605 1390 1795 1463 καιρὸς
1826 1388 2043 1458 ἐτερος;

377 1480 454 1549 μὴ
477 1478 585 1548 γὰρ
606 1477 706 1529 οὐκ
723 1471 790 1546 ἦν
817 1476 934 1528 κατ’
962 1474 1095 1529 ἰδίαν
1116 1474 1461 1545 διαλεχθῆναι
1482 1491 1496 1540 ;
1525 1474 1587 1526 Τί
1611 1474 1667 1526 δέ
1696 1473 1791 1525 καὶ
1816 1471 2046 1540 λαλῆσαι

374 1561 692 1626 ἐϐούλοντο;
727 1563 787 1614 El
823 1561 920 1630 μέν
957 1558 1064 1629 γάρ
1099 1559 1238 1629 ὑπὲρ
1278 1559 1387 1610 τῶν
1416 1558 1515 1626 τῆς
1548 1554 1802 1627 ἀληθείας
1840 1554 2046 1624 δογμά-

373 1662 505 1708 των,
550 1647 702 1715 κοινῇ
738 1642 915 1695 ταῦτα
958 1640 1277 1712 προσθεῖναι
1332 1640 1520 1709 ἐχρῆν,
1555 1639 1651 1691 καὶ
1701 1639 1795 1691 ἐπὶ
1825 1639 2045 1690 πάντων

375 1731 574 1790 εἰπεῖν,
601 1726 741 1781 ὥστε
770 1726 863 1778 καὶ
890 1725 1018 1787 τοὺς
1044 1723 1236 1786 ἄλλους
1266 1724 1523 1792 κερδᾶναι
1543 1738 1557 1751 ·
1588 1724 1636 1774 εἰ
1671 1720 1727 1774 δέ
1762 1722 1891 1794 περὶ
1928 1719 2045 1773 ἐτέ-

377 1831 489 1887 ρων
515 1812 625 1865 τῶν
663 1811 843 1872 αὐτοῖς
874 1808 1254 1878 διαφερόντων,
1290 1808 1390 1857 οὐκ
1428 1805 1591 1876 ἐχρῆν
1621 1803 1763 1857 οὓτω
1791 1803 2046 1856 κατεπεί-

374 1884 512 1965 γειν.
544 1895 608 1948 Et
650 1892 760 1962 γὰρ
801 1889 1013 1960 πατέρα
1047 1888 1214 1958 θάψαι
1257 1889 1358 1940 οὐκ
1403 1889 1636 1955 ἀφῆκεν,
1668 1885 1757 1937 ἵνα
1799 1884 1875 1956 μὴ
1924 1884 2042 1936 δια-

377 1982 644 2050 κόπτηται
674 1978 708 2048 ή
741 1974 1121 2044 ἀκολούθησις,
1152 1969 1329 2041 πολλῷ
1378 1970 1576 2041 μᾶλλον
1607 1968 1706 2039 τὴν
1742 1967 1906 2021 αὑτοῦ
1953 1967 2047 2039 δη-

380 2062 648 2135 μηγορίαν
677 2057 974 2114 καταλῦσαι
1012 2055 1113 2109 οὐκ
1154 2054 1323 2124 ἐχρῆν
1362 2052 1645 2135 ύπὲρτῶν
1687 2051 1838 2104 οὐδὲν
1875 2067 2045 2135 προσ-

377 2147 641 2216 ηκόντων.
661 2143 822 2197 Ὅθεν
843 2140 1021 2210 δῆλον,
1045 2139 1126 2191 ὅτι
1146 2136 1419 2208 κενοδοξία
1435 2134 1592 2188 τοῦτο
1617 2135 1774 2206 μόνον
1793 2134 2012 2187 ἐποίουν
2027 2149 2042 2165 ·

377 2230 408 2284 6
435 2228 528 2283 καὶ
561 2227 809 2295 Ἰωάννης
840 2223 1014 2295 δηλῶν
1046 2222 1250 2290 ἔλεγεν,
1276 2222 1356 2274 ὅτι
1394 2217 1548 2273 Οὐδὲ
1576 2223 1627 2273 al
1662 2216 1912 2285 ἀδελφοὶ
1943 2219 2048 2270 αὑ-

378 2310 486 2364 τοῦ
526 2309 851 2363 ἐπίστευον
894 2308 983 2370 εις
1018 2305 1235 2357 αὐτόν·
1276 2300 1427 2374 [468]
1476 2301 1571 2354 καὶ
1609 2301 1676 2354 τὰ
1727 2302 1946 2372 ῥήματα
1991 2300 2048 2353 δέ

378 2393 560 2446 αὐτῶν
586 2389 922 2460 ἀπαγγέλλει
954 2387 1022 2440 τά
1057 2384 1258 2454 πολλῆς
1281 2385 1519 2456 γέμοντα
1545 2384 1751 2449 ἀνοίας,
1775 2383 1946 2450 λέγων
1967 2383 2047 2435 ὅτι

380 2469 558 2529 εἷλκον
598 2473 759 2528 αὐτὸν
794 2471 886 2524 ἐπὶ
911 2469 982 2523 τὰ
1009 2468 1386 2540 Ἰεροσόλυμα,
1415 2467 1480 2519 δι’
1515 2466 1701 2536 ἓτερον
1740 2466 1837 2535 μὲν
1874 2464 2045 2528 οὐδὲν,

381 2560 469 2613 ἵνα
506 2558 562 2611 δέ
593 2557 748 2610 αὐτοὶ
774 2553 931 2618 δόξαν
962 2552 1072 2606 ἀπὸ
1120 2551 1227 2605 τῶν
1276 2550 1483 2603 ἐκείνου
1535 2550 1775 2619 σημείων
1823 2546 2048 2618 καρπώ-

383 2656 617 2696 σωνται·
654 2642 724 2693 El
760 2638 870 2707 γὰρ
897 2634 1085 2689 ταῦτα
1122 2633 1330 2699 ποιεῖς,
1364 2633 1514 2702 φησὶ,
1548 2630 1752 2695 δεῖξον
1787 2629 2048 2684 σεαυτὸν

380 2724 462 2791 τῷ
491 2724 723 2792 κόσμῳ·
752 2719 949 2784 οὐδεὶς
976 2717 1088 2786 γάρ
1116 2734 1170 2770 τι
1199 2715 1353 2769 ποιεῖ
1376 2716 1445 2768 ἐν
1477 2713 1738 2784 κρυπτῷ,
1769 2714 1868 2767 καὶ
1896 2712 2056 2778 ζητεῖ

381 2807 559 2873 αὐτὸς
601 2803 860 2875 φανερὸς
912 2797 1093 2855 εἶναι·
1126 2801 1215 2853 ὅτε
1263 2799 1357 2852 καὶ
1390 2800 1553 2862 αὐτὸς
1574 2799 1619 2830 ⁸ο
1650 2798 1832 2860 αὐτοῖς
1864 2797 2046 2850 ἐπετί-

385 2908 550 2965 μησε,
580 2891 677 2960 τὴν
704 2886 970 2958 σαρκικὴν
1000 2882 1179 2937 αὺτῶν
1203 2882 1525 2965 αἰτιώμενος
1556 2880 1800 2951 γνώμην.
1833 2879 2048 2965 Ἐπειδὴ

382 2958 490 3047 γάρ
536 2975 584 3027 οί
634 2958 873 3025 Ἰουδαῖοι
925 2967 1228 3031 ὠνείδιζον,
1285 2966 1378 3047 καὶ
1428 2964 1644 3047 ἔλεγον·
1694 2966 1818 3032 Οὐχ
1845 2958 2049 3047 ,οὗτός

381 3044 556 3110 ἐστιν
598 3057 630 3109 ό
658 3053 767 3108 τοῦ
794 3052 1073 3115 τέκτονος
1108 3048 1260 3114 υίὸς,
1285 3044 1356 3103 οὗ
1389 3047 1560 3116 ἡμεῖς
1590 3046 1767 3115 ἴσμεν
1793 3045 1902 3099 τὸν
1932 3060 2047 3098 πα-

381 3140 524 3210 τέρα
560 3138 659 3192 καὶ
697 3135 813 3205 τὴν
850 3134 1114 3204 μητέρα;
1158 3132 1257 3186 καί
1296 3133 1351 3184 οί
1391 3131 1638 3199 ἀδελφοὶ
1688 3128 1871 3186 αὐτοῦ
1912 3129 2050 3210 οὐχί

383 3209 520 3293 παρ’
555 3223 698 3292 ἡμῖν
724 3224 879 3283 είσι;
909 3218 1006 3290 τὴν
1038 3217 1313 3270 εὐτέλειαν
1349 3214 1662 3285 βουλόμενοι
1693 3213 1792 3284 τὴν
1820 3213 1929 3266 ἀπὸ
1956 3209 2050 3265 τοῦ

384 3310 576 3379 γένους
605 3304 1027 3378 ἀποκρούεσθαι,
1056 3302 1148 3354 ἐπὶ
1179 3301 1277 3369 τὴν
1300 3299 1408 3351 τῶν
1455 3297 1696 3369 σημείων
1729 3296 1890 3349 αὑτὸν
1923 3295 2054 3349 ἐκά-

387 3397 511 3448 λουν
551 3391 833 3457 ἐπίδειξιν.
873 3388 973 3441 Διὰ
1014 3385 1172 3439 τοῦτο
1220 3383 1415 3445 αὐτοὺς
1451 3380 1813 3452 διακρούεται,
1853 3383 1914 3432 τὸ
1949 3380 2054 3433 πά-

388 3477 480 3540 θος
522 3475 699 3529 αύτῶν
741 3471 1060 3543 βουλόμενος
1109 3467 1397 3521 ἰάσασθαι·
1445 3465 1521 3528 ὡς
1568 3464 1683 3531 εἴγε
1716 3463 2054 3534 ἀρνήσασθαι

387 3558 548 3631 ἤθελε
582 3558 681 3629 τὴν
714 3554 943 3627 μητέρα,
969 3553 1060 3605 ὅτε
1090 3553 1288 3604 ἐκεῖνοι
1315 3547 1609 3614 ὠνείδιζον,
1640 3547 1763 3631 τότε
1793 3546 1859 3600 ἂν
1890 3546 2056 3631 ἠρνή-

390 3630 545 3699 σατο.
569 3641 684 3695 Νῦν
708 3642 766 3694 δέ
795 3637 1041 3708 φαίνεται
1071 3633 1339 3703 τοσαύτην
1371 3632 1542 3705 αὐτῆς
1574 3630 1895 3701 ποιούμενος
1930 3630 2056 3703 πρό-

388 3743 560 3793 νοιαν,
601 3726 679 3788 ὡς
721 3725 816 3777 καὶ
852 3722 986 3793 πρὸς
1023 3717 1172 3789 αὐτῷ
1203 3716 1280 3788 τῷ
1319 3716 1537 3787 σταυρῴ
1568 3715 1646 3785 τῷ
1680 3719 1895 3769 πάντων
1947 3716 2055 3786 μά-

387 3809 550 3864 λιστα
603 3806 922 3877 ποθουμένῳ
958 3804 1175 3873 μαθητῇ
1221 3798 1709 3873 παρακαταθέσθαι
1737 3798 1927 3869 αὐτὴν,
1962 3797 2056 3852 καὶ

392 3894 562 3949 πολλά
615 3892 757 3961 ὑπὲρ
803 3890 971 3960 αὐτῆς
1026 3886 1346 3957 ἐπισκῆψαι.
1393 3883 1535 3936 Ἀλλ’
1576 3884 1698 3953 οὐχὶ
1754 3882 1849 3937 νῦν
1897 3882 2058 3936 τοῦτο

390 3978 557 4041 ποιεῖ,
590 3974 884 4047 κηδόμενος
914 3969 1085 4040 αὐτῆς
1114 3971 1210 4023 καὶ
1239 3968 1347 4021 τῶν
1388 3965 1651 4036 ἀδελφῶν.
1690 3965 1908 4035 Ἐπειδὴ
1949 3966 2058 4037 γὰρ

388 4060 466 4124 ὼς
486 4057 758 4129 ἀνθρώπῳ
782 4056 1067 4127 προσεῖχον
1086 4051 1244 4123 ψιλῷ,
1268 4051 1363 4105 καὶ
1385 4048 1740 4115 ἐκενοδόξουν,
1764 4049 1825 4101 τὸ
1846 4049 2059 4120 νόσημα

391 4142 663 4206 ἐκϐάλλει,
689 4141 788 4210 οὐχ
812 4137 1067 4208 ὑϐρίζων,
1095 4135 1231 4189 ἀλλά
1254 4134 1652 4207 διορθούμενος.
1676 4134 1747 4186 Σὺ
1774 4132 1831 4187 δέ
1861 4150 1951 4204 μοι
1982 4134 2059 4206 μὴ

390 4227 460 4281 τά
506 4225 725 4297 ῥήματα
762 4220 984 4287 ἐξέταζε
1039 4219 1200 4290 μόνον
1228 4219 1298 4271 τά
1336 4217 1651 4287 ἐπιτίμησιν
1683 4216 1876 4286 ἔχοντα
1916 4215 2058 4287 σύμ-

394 4326 615 4383 μετρον,
641 4306 777 4361 ἀλλὰ
804 4305 898 4358 καὶ
926 4303 1022 4375 τὴν
1051 4301 1279 4355 ἀτοπίαν
1302 4302 1397 4354 καὶ
1421 4302 1516 4370 τὴν
1545 4299 1747 4383 τόλμης)
1773 4299 1881 4351 τῶν
1907 4298 2059 4352 ἀδελ-

393 4379 531 4464 ξρῶν,
555 4392 623 4463 ἢν
646 4388 973 4461 ἐτόλμησαν,
1003 4386 1096 4439 καὶ
1119 4385 1210 4439 τὸν
1236 4385 1572 4455 ἐπιτιμῶντα
1594 4384 1678 4447 τίς
1705 4379 1774 4454 ἦν
1792 4400 1806 4415 ·
1833 4384 1915 4437 ὃτι
1937 4384 2061 4455 ούχὶ

390 4477 546 4548 ψιλὸς
577 4475 881 4548 ἄνθρωπος,
926 4471 1041 4524 ἀλλ’
1070 4472 1098 4523 6
1146 4469 1437 4548 μονογενής
1464 4467 1591 4531 Υἱὸς
1630 4467 1724 4521 τοῦ
1763 4466 1897 4521 Θεοῦ
1916 4483 1932 4499 ·
1964 4466 2062 4521 καὶ

392 4546 447 4613 τί
485 4546 806 4630 βουλόμενος
838 4555 1075 4624 ἐπετίμα
1099 4570 1113 4583 ·
1145 4552 1266 4605 ούδέ
1311 4546 1420 4622 γᾶρ
1470 4551 1808 4622 ἐξαπορῆσαι
1866 4551 2057 4615 θέλων,

394 4642 511 4697 ἀλλ’
554 4638 860 4703 ἀπαλλάξαι
891 4636 984 4690 τοῦ
1013 4637 1482 4706 τυραννικωτάτου
1517 4633 1722 4697 πάθους
1740 4674 1757 4701 ,
1796 4635 1888 4687 καὶ
1919 4635 2060 4689 κατά

398 4724 594 4798 μικρὸν
636 4723 927 4790 ἐναγαγείν
954 4721 1034 4784 είς
1063 4720 1162 4789 τὴν
1193 4720 1573 4789 προσήκουσαν
1612 4720 1738 4787 περὶ
1777 4714 1942 4770 αὐτοῦ
1977 4716 2062 4770 ἐν·

395 4826 566 4873 νοιαν,
596 4807 693 4863 καὶ
726 4809 909 4859 πεῖσαι
941 4804 1022 4857 ὅτι
1054 4803 1174 4873 οὐχὶ
1201 4801 1314 4865 υἱὸς
1341 4800 1509 4869 αὐτῆς
1540 4801 1699 4871 μόνον
1726 4800 1895 4863 ἐστὶν,
1925 4798 2062 4853 ἀλλά

398 4893 496 4947 καὶ
539 4888 842 4959 Δεσπότης·
882 4886 975 4939 καὶ
1022 4884 1141 4954 ὄψει
1179 4884 1381 4955 σφόδρα
1431 4885 1745 4956 πρέπουσαν
1790 4886 1883 4939 καὶ
1913 4885 2062 4957 αὐτῷ

395 4977 497 5048 τὴν
520 4973 858 5043 ἐπιτίμησιν,
884 4967 1112 5039 κάκείνῃ
1142 4965 1541 5033 λυσιτελοῦσαν,
1570 4967 1662 5048 καὶ
1690 4967 1829 5036 μετά
1855 4967 2061 5022 τούτων

397 5047 533 5113 πολὺ
562 5054 742 5110 καὶτὸ
764 5054 971 5124 ἦμερον
1008 5050 1254 5119 ἔχουσαν.
1298 5050 1431 5103 Ούδέ
1462 5050 1571 5120 γὰρ
1601 5047 1774 5115 εἶπεν,
1802 5050 2058 5116 Ἀπελθε,

395 5143 518 5197 εἰπὲ
544 5143 613 5212 τῇ
651 5139 848 5210 μητρὶ,
877 5137 958 5188 ὅτι
993 5137 1106 5188 Ούκ
1149 5128 1200 5186 εἷ
1231 5151 1332 5203 μου
1380 5134 1583 5204 μήτηρ,
1615 5133 1752 5187 ἀλλά
1789 5133 1927 5205 πρὸς
1968 5134 2061 5187 τὸν

396 5225 617 5279 εἰπόντα
656 5222 999 5276 ἀποτείνεται
1030 5218 1237 5287 λέγων·
1274 5218 1369 5284 Τίς
1410 5218 1580 5272 ἐστιν
1610 5218 1649 5287 ἡ
1679 5217 1877 5288 μήτηρ
1903 5232 2062 5289 μους

400 5309 541 5379 μετὰ
590 5305 701 5359 τῶν
759 5303 1067 5374 εἰρημένων
1119 5302 1214 5355 καὶ
1269 5300 1455 5372 ἔτερόν
1499 5317 1553 5354 τι
1611 5303 2058 5366 κατασκευάζων.

397 5393 558 5445 Ποῖον
584 5389 650 5460 δὴ
672 5386 858 5451 τοῦτο;
890 5386 962 5438 Τὸ
991 5385 1127 5456 μήτε
1154 5384 1417 5448 ἐκείνους,
1453 5386 1590 5455 μήτε
1620 5384 1812 5450 ἄλλους
1838 5386 1905 5448 ⁸⁸,
1938 5402 2063 5453 συγ-

395 5474 582 5545 γενείᾳ
609 5471 965 5544 θαρροῦντας,
998 5467 1198 5540 ἀρετῆς
1227 5466 1469 5537 ἀμελεῖν.
1505 5468 1569 5520 Εἰ
1605 5467 1713 5538 γὰρ
1740 5466 1944 5538 ταύτην
1971 5469 2062 5521 οὑ·-

397 5560 486 5613 δέν
511 5558 710 5625 ὠφελεῖ
745 5554 808 5608 τὸ
848 5552 1062 5625 μητέρα
1084 5547 1248 5612 εἶναι,
1278 5551 1328 5602 εί
1361 5549 1436 5620 μὴ
1465 5549 1640 5603 ἐκείνο
1669 5549 1778 5620 εἴη,
1811 5551 1972 5621 σχολῇ
2006 5552 2060 5619 γ’

397 5641 465 5699 ἂν
483 5641 530 5674 ⁸³
548 5640 732 5711 ἐτερός
755 5653 837 5700 τις
861 5634 968 5689 ἀπὸ
985 5633 1301 5704 συγγενείας
1324 5632 1765 5690 σωθήσεταιΜία
1779 5634 1889 5705 γάρ
1910 5635 2058 5688 ἐστιν

1139 367 1194 421 ς.
1227 362 1513 421 ιοΑΝΝιδ
1547 357 2036 418 CHRYSOSTOMI

2154 355 2392 413 iCHlEP.
2433 349 2982 412 CONS’I‘ANTINOP.

3694 345 3799 403 ‘66

2140 477 2387 545 εὐγένεια
2422 476 2581 547 μόνη.
2611 473 2673 528 τὸ
2696 456 2742 507 ⁸³
2771 474 2833 528 τὸ
2860 473 3071 545 θέλημα
3103 474 3195 529 τοῦ
3232 475 3367 530 Θεοῦ
3403 478 3597 530 ποιεῖν.
3631 469 3799 538 Οὗτος

2138 560 2237 630 τῆς
2257 558 2583 627 εύγενείαςδδ
2598 560 2628 611 6
2640 558 2841 629 τρόπος
2859 556 3080 627 βελτίων
3100 559 3310 613 ἐκείνου
3332 561 3425 614 καὶ
3443 558 3795 631 κυριώτερος.

2215 650 2278 717 β’.
2300 647 2462 700 Ταῦτ’
2485 642 2577 701 οῦν
2598 646 2823 711 εἰδότες,
2849 648 2984 718 μήτε
3006 650 3100 701 ἐπὶ
3118 650 3305 701 παισὶν
3324 648 3633 720 εὐδοκίμοις
3658 649 3802 719 μέγα

2141 730 2450 803 φρονῶμεν,
2473 729 2539 783 ἂν
2566 729 2640 801 μὴ
2679 728 2776 800 τὴν
2826 730 3028 801 ἀρετὴν
3057 731 3233 785 αὐτῶν
3261 733 3472 803 ἔχωμεν
3501 747 3515 762 ·
3548 736 3683 803 μήτε
3709 734 3803 786 ἐπὶ

2145 814 2383 886 πατράσι
2407 814 2692 883 γενναίοις,
2717 814 2810 868 ἐὰν
2838 814 2914 886 μὴ
2936 808 3085 886 ὦμεν
3105 817 3286 880 αὐτοῖς
3306 819 3619 889 ὁμότροποι.
3645 819 3803 871 Ἐστι

2141 897 2252 969 γὰρ
2292 898 2385 951 καὶ
2414 898 2507 952 τὸν
2548 897 2885 968 γεννήσαντα
2918 898 2993 969 μὴ
3022 896 3158 953 εἶναι
3199 902 3433 971 πατέρα,
3477 903 3571 955 καὶ
3606 902 3695 954 τὸν
3727 902 3803 971 μὴ

2142 982 2479 1052 γεννήσαντα
2518 976 2677 1035 εἶναι.
2708 980 2805 1034 Διά
2848 980 2910 1051 δὴ
2942 982 3099 1034 τοῦτο
3132 983 3226 1035 καὶ
3268 983 3503 1053 ἀλλαχοῦ
3549 984 3805 1053 γυναικός

2142 1080 2285 1126 τινος
2315 1062 2573 1133 εἰπούσης
2598 1081 2611 1096 ·
2650 1066 2922 1131 Μακαρία
2954 1067 2992 1133 ἠ
3027 1066 3259 1135 γαστὴρ
3282 1068 3326 1099 ⁸⁸⁵
3361 1069 3400 1134 ἡ
3428 1066 3806 1131 βαστάσασά

2144 1163 2238 1213 σε,
2270 1147 2371 1203 καὶ
2396 1148 2617 1217 μαστοὶ
2655 1149 2763 1214 οὒς
2801 1147 2947 1221 [469]
2972 1148 3312 1218 ἐθήλασας·
3350 1151 3451 1204 οὐκ
3482 1147 3655 1213 εἶπεν,
3690 1152 3804 1205 Ούκ

2145 1231 2413 1285 ἐϐάστασέ
2449 1249 2516 1302 με
2561 1232 2758 1293 κοιλία,
2785 1231 2905 1284 οὑδέ
2937 1233 3192 1296 Μαστοὺς
3223 1235 3322 1287 οὐκ
3365 1233 3604 1305 ἐθήλασα
3624 1251 3637 1263 ·
3670 1235 3807 1289 ἀλλά

2145 1313 2304 1368 τοῦτο
2324 1333 2336 1344 ·
2368 1315 2674 1385 Μενοῦν-τε
2695 1314 2974 1385 μακάριοι
2995 1316 3040 1347 ⁸⁸
3064 1318 3117 1368 οι
3142 1316 3458 1383 ποιοῦντες
3483 1318 3549 1370 τὸ
3576 1316 3807 1386 θέλημα

2145 1397 2252 1452 τοῦ
2285 1400 2513 1466 Πατρός
2553 1416 2694 1468 μου.
2739 1400 2901 1469 Ὁρᾷς
2951 1397 3070 1462 πῶς
3103 1398 3215 1452 ἀνω
3255 1400 3355 1453 καὶ
3391 1399 3541 1452 κάτω
3571 1399 3672 1452 οὐκ
3703 1400 3806 1470 ἀρ-

2146 1483 2316 1534 νεῖται
2343 1485 2442 1551 τὴν
2468 1482 2610 1535 κατά
2639 1481 2801 1550 φύσιν
2831 1482 3168 1550 συγγένειαν,
3198 1480 3332 1534 ἀλλά
3360 1481 3682 1554 προστίθησι
3706 1483 3806 1555 τὴν

2147 1564 2268 1616 κατ’
2304 1565 2537 1635 ἀρετήν;
2574 1564 2686 1617 Kal
2719 1567 2747 1618 6
2776 1564 3079 1636 πρόδρομος
3113 1565 3170 1617 δέ
3209 1564 3407 1633 λέγων,
3452 1566 3808 1634 Γεννήματα

2146 1646 2422 1716 ἐχιδνῶν,
2468 1647 2555 1716 μὴ
2604 1647 2820 1714 δόξητε
2880 1648 3098 1718 λέγειν,
3146 1650 3379 1718 Πατέρα
3433 1651 3653 1721 ἔχομεν
3701 1650 3810 1705 τὸν

2162 1730 2444 1799 Ἀϐραὰμ,
2492 1732 2553 1783 οὐ
2604 1731 2763 1784 τοῦτο
2812 1731 3103 1796 δείκνυσιν,
3151 1734 3234 1786 ὃτι
3276 1735 3375 1787 οὐκ
3424 1731 3564 1806 ἦσαν
3613 1736 3678 1787 ἐκ
3714 1732 3806 1787 τοῦ

2162 1812 2412 1884 Ἀϐραὰμ
2451 1814 2590 1867 κατά
2622 1813 2801 1882 φύσιν,
2834 1813 2947 1868 ἀλλ’
2973 1816 3055 1868 ὅτι
3086 1814 3238 1868 οὐδὲν
3281 1817 3476 1881 αὐτοὺς
3513 1817 3714 1887 ὠφελεῖ
3747 1820 3809 1871 τὸ

2150 1892 2289 1948 εἶναι
2317 1897 2382 1949 ἐκ
2428 1895 2521 1949 τοῦ
2557 1895 2836 1967 ’Λϐραάμ,
2883 1897 2933 1949 εἰ
2981 1898 3055 1968 μὴ
3101 1899 3201 1969 τὴν
3245 1899 3353 1952 ἀπὸ
3386 1898 3496 1952 τῶν
3517 1901 3561 1932 ⁸⁷
3593 1900 3810 1970 τρόπων

2152 1981 2471 2047 συγγένειαν
2510 1979 2713 2050 ἔχοιεν·
2741 1980 2770 2032 ὂ
2802 1981 2893 2034 xal
2936 1982 2965 2034 6
3005 1982 3238 2053 Χριστὸς
3273 1982 3448 2053 δηλῶν
3488 1983 3706 2053 ἔλεγεν·
3740 1987 3811 2039 Ei

2150 2061 2331 2115 τέκνα
2349 2061 2454 2116 τοῦ
2482 2062 2726 2132 Ἀϐραὰμ
2743 2058 2867 2132 ἦτε,
2884 2065 2958 2117 τὰ
2971 2064 3115 2134 ἔργα
3132 2065 3238 2119 τοῦ
3265 2065 3511 2139 Ἀϐραὰμ
3527 2067 3780 2121 ἐποιεῖτε
3791 2084 3805 2098 ·

2150 2146 2213 2198 ού
2252 2144 2354 2213 τῆς
2387 2146 2703 2213 συγγενείας
2730 2146 2928 2210 αὐτοὺς
2953 2148 3272 2220 ἀποστερῶν
3298 2153 3398 2219 τῆς
3438 2150 3580 2203 κατὰ
3610 2151 3809 2220 σάρκα,

2152 2228 2289 2281 ἀλλά
2342 2226 2611 2281 παιδεύων
2657 2230 2754 2299 τὴν
2806 2228 3031 2300 μείζονα
3078 2231 3281 2303 ταύτης
3329 2234 3423 2287 καὶ
3468 2234 3812 2304 κυριωτέραν

2152 2309 2452 2381 ἐπιζητεῖν.
2495 2308 2665 2363 Τοῦτο
2706 2311 2770 2382 δὴ
2819 2311 2914 2364 καὶ
2967 2311 3197 2366 ἐνταῦθα
3233 2313 3660 2377 κατασκευάζει,
3694 2313 3811 2367 ἀλλ’

2152 2392 2616 2463 ἀνεπαχθέστερον
2645 2394 2739 2447 καὶ
2776 2394 3207 2466 ἐμμελέστερον·
3239 2397 3332 2450 καὶ
3376 2397 3487 2468 γάρ
3529 2396 3666 2467 πρὸς
3707 2414 3817 2468 μη-

2151 2476 2284 2547 τέρα
2316 2472 2383 2547 ἦν
2411 2477 2441 2529 6
2484 2475 2640 2544 λόγος
2681 2475 2850 2547 αύτῷ.
2879 2477 3011 2531 Οὐδὲ
3048 2479 3156 2550 γὰρ
3186 2473 3359 2545 εἶπεν,
3396 2480 3511 2534 Οὐκ
3550 2480 3664 2533 ἐστι
3708 2496 3816 2549 μου

2157 2562 2359 2632 μήτηρ,
2405 2560 2525 2613 ούδέ
2558 2560 2777 2631 ἀδελφοὶ
2806 2563 3022 2627 ἐκεῖνοι,
3061 2563 3247 2634 ἐπειδὴ
3281 2563 3343 2617 οὐ
3379 2563 3591 2618 ποιοῦσι
3625 2565 3684 2617 τὸ
3721 2564 3814 2618 θέ-

2153 2643 2304 2715 λημὰ
2337 2660 2437 2714 μου
2458 2661 2472 2673 ·
2504 2642 2624 2697 οὺδέ
2667 2643 2980 2715 ἀπεφήνατο
3016 2645 3110 2698 καὶ
3152 2646 3535 2701 κατεδίκασεν·
3582 2646 3697 2701 ἀλλ’
3732 2646 3818 2701 ἐτι

2155 2725 2376 2796 κυρίους
2415 2726 2609 2788 αὐτοὺς
2638 2727 2811 2779 ἐποίει
2847 2725 2939 2780 τοῦ
2976 2726 3289 2796 βούλεσθαι,
3339 2730 3477 2800 μετὰ
3515 2730 3617 2800 τῆς
3663 2731 3819 2801 αὑτῷ

2154 2807 2470 2879 πρεπούσης
2535 2808 2834 2872 ἐπιεικείας
2887 2808 3271 2880 φθεγγόμενος.
3333 2812 3385 2864 Ὀ
3439 2813 3547 2882 γὰρ
3603 2811 3814 2879 ποιῶν,

2156 2894 2312 2963 φησὶ,
2341 2891 2408 2944 τὸ
2440 2890 2670 2961 θέλημα
2708 2892 2814 2947 τοῦ
2841 2895 3071 2961 Πατρός
3113 2911 3252 2964 μου,
3287 2890 3465 2962 οὗτός
3492 2913 3610 2965 μου
3640 2897 3819 2951 ἀδελ-

2153 2975 2269 3044 φὸς
2297 2974 2397 3027 καὶ
2423 2972 2658 3042 ἀδελφὴ
2696 2974 2795 3028 καὶ
2820 2973 3018 3044 μήτηρ
3044 2976 3236 3032 ἐστίν.
3262 2978 3423 3030 Ὥστε
3451 2981 3499 3031 εί
3535 2977 3819 3049 βούλονται

2154 3052 2316 3122 εἶναι,
2346 3055 2550 3127 ταύτην
2582 3057 2929 3128 ἐρχέσθωσαν
2951 3059 3050 3130 τὴν
3075 3059 3211 3114 ὁδόν.
3237 3062 3348 3115 Καὶ
3376 3063 3541 3131 ήνίκα
3569 3063 3626 3116 δέ
3659 3065 3819 3135 ἐϐόη-

2156 3155 2246 3193 σεν
2271 3140 2305 3209 ή
2330 3140 2466 3210 γυνὴ
2493 3139 2742 3209 λέγουσα,
2778 3144 3050 3212 Μακαρία
3082 3144 3121 3211 ἠ
3154 3143 3349 3197 κοιλία
3380 3146 3417 3213 ἠ
3445 3144 3823 3209 ,βαστάσασὰ

2152 3236 2249 3285 σε,
2277 3223 2377 3275 οὐκ
2413 3218 2590 3288 εἶπεν,
2617 3224 2731 3278 Οὐκ
2757 3223 2873 3278 ἐστι
2912 3241 3014 3295 μου
3049 3227 3263 3297 μήτηρ,
3306 3226 3443 3293 ἀλλ’,
3472 3229 3535 3281 Εἰ
3568 3229 3818 3299 βούλεται

2157 3305 2402 3376 μακαρία
2436 3300 2596 3370 εἶναι,
2624 3306 2686 3358 τὸ
2714 3305 2923 3378 θέλημα
2957 3308 3178 3362 ποιείτω
3220 3308 3315 3363 τοῦ
3348 3311 3560 3382 Πατρός
3590 3330 3714 3383 μου.
3757 3314 3820 3366 ’0

2154 3389 2264 3461 γὰρ
2296 3391 2556 3457 τοιοῦτος,
2586 3391 2682 3444 καὶ
2711 3391 2938 3461 ἀδελφὸς
2969 3391 3064 3445 καὶ
3091 3391 3292 3464 ἀδελφὴ
3326 3394 3420 3447 καὶ
3454 3397 3635 3467 μήτηρ
3675 3397 3817 3450 ἐστί.

2156 3472 2331 3526 Βαϐαὶ
2371 3473 2473 3543 τῆς
2501 3474 2695 3544 τιμῆςι
2741 3473 2902 3545 βαϐαὶ
2931 3475 3027 3546 τῆς
3065 3476 3298 3548 ἀρετῆςί
3335 3479 3414 3543 εἰς
3451 3479 3583 3549 ὅσην
3625 3479 3814 3549 ἀνάγει

2156 3561 2398 3632 κορυφὴν
2425 3560 2517 3614 τὸν
2552 3562 2804 3632 μετιόντα
2833 3563 3023 3633 αὐτήν.
3053 3564 3222 3617 Πόσαι
3259 3568 3512 3633 γυναῖκες
3547 3567 3823 3638 ἐμακάρι-

2158 3660 2256 3697 σαν
2282 3645 2380 3714 τήν
2411 3644 2569 3712 ἀγίαν
2599 3646 2872 3716 Παρθένον
2900 3647 3113 3717 ἐκείνην
3141 3648 3232 3701 καὶ
3256 3649 3355 3718 τὴν
3381 3649 3565 3718 νηδὺν,
3596 3651 3690 3704 καὶ
3721 3650 3823 3719 ηὕ-

2157 3726 2317 3793 ξαντο
2346 3727 2592 3782 τοιαῦτα
2618 3727 2870 3796 γενέσθαι
2914 3729 3166 3801 μητέρες,
3202 3734 3295 3784 καὶ
3328 3731 3501 3785 πάντα
3532 3732 3818 3804 προέσθαι.

2157 3811 2221 3865 Τί
2263 3811 2443 3865 τοίνυν
2475 3810 2539 3864 τὸ
2578 3810 2815 3878 κωλύον;
2852 3812 2982 3866 Ἰδοὺ
3025 3813 3135 3882 γὰρ
3182 3814 3396 3885 εὐρεῖαν
3450 3815 3640 3887 ἔτεμεν
3683 3818 3823 3886 ήμῖν

2156 3894 2294 3957 ὁδὸν,
2324 3895 2419 3948 καὶ
2456 3893 2664 3960 ἔξεστιν
2702 3895 2761 3947 οὺ
2804 3894 3020 3962 γυναιξὶ
3063 3897 3242 3967 μόνον,
3275 3896 3411 3950 ἀλλά
3440 3900 3533 3950 καὶ
3563 3898 3824 3970 ἀνδράσιν

2158 3978 2249 4030 ἐπὶ
2273 3978 2372 4048 τῆς
2398 3975 2653 4048 τοιαύτης
2690 3979 2940 4045 γενέσθαι
2974 3977 3176 4042 τάξεως
3193 3994 3208 4008 ·
3239 3978 3440 4049 μᾶλλον
3471 3980 3530 4033 δέ
3557 3982 3652 4033 καὶ
3673 3981 3753 4035 ἔτι
3770 3983 3821 4014 ⁸⁸

2158 4061 2341 4133 πολλῷ
2376 4061 2637 4132 μείζονος.
2663 4062 2832 4116 Τοῦτο
2855 4060 2960 4132 γὰρ
2989 4061 3166 4131 πολλῷ
3193 4061 3392 4131 μᾶλλον
3420 4063 3631 4134 μητέρα
3653 4069 3821 4125 ποιεῖ,

2158 4145 2191 4216 ἢ
2221 4147 2277 4198 αἱ
2311 4146 2496 4209 ὠδῖνες
2532 4146 2756 4199 ἐκεῖναι.
2785 4147 2949 4202 Ὥστε
2970 4148 3018 4199 εἰ
3048 4147 3382 4217 μακαριστὸν
3409 4149 3608 4212 ἐκεῖνο,
3640 4149 3823 4222 πολλῷ

2163 4226 2364 4296 μᾶλλον
2400 4226 2578 4291 τοῦτο,
2614 4227 2723 4298 ὅσῳ
2761 4227 2858 4280 καὶ
2908 4228 3259 4299 κυριώτερον.
3297 4228 3388 4300 Μὴ
3421 4229 3599 4285 τοίνυν
3633 4231 3824 4299 ἁπλῶς

2160 4309 2415 4381 ἐπιθύμει
2436 4326 2451 4342 ·
2479 4309 2615 4364 ἀλλά
2643 4312 2738 4365 καὶ
2773 4310 2872 4382 τήν
2911 4311 3027 4365 ὁδὸν
3064 4312 3164 4382 τὴν
3204 4312 3473 4382 φέρουσάν
3502 4330 3564 4368 σε
3602 4317 3693 4369 ἐπὶ
3721 4316 3826 4388 τὴν

2158 4393 2452 4466 ἐπιθυμίαν
2503 4393 2684 4464 βάδιζε
2737 4391 2874 4466 μετά
2936 4395 3154 4468 πολλῆς
3181 4397 3282 4467 τῆς
3334 4397 3590 4470 σπουδῆς.
3637 4400 3826 4456 Ταῦτα

2156 4476 2339 4530 τοίνυν
2385 4475 2555 4530 εἰπὼν
2607 4476 2828 4548 ἐξῆλθεν
2880 4480 2946 4532 ἐκ
2990 4479 3091 4548 τῆς
3119 4480 3313 4544 οἰκίας.
3357 4478 3511 4546 Εἶδες
3562 4482 3680 4547 πῶς
3725 4487 3826 4538 καὶ

2158 4559 2454 4629 ἐπέπληξε,
2486 4563 2581 4615 καὶ
2609 4562 2862 4632 ἐποίησεν
2891 4563 3026 4634 ὅπερ
3071 4563 3335 4629 ἐπόθουνς
3383 4567 3447 4619 Ὃ
3485 4566 3550 4637 δὴ
3591 4567 3687 4621 καὶ
3727 4569 3825 4621 ἐπὶ

2157 4642 2269 4696 τῶν
2308 4644 2503 4714 γάμων
2528 4645 2572 4677 ⁸⁸
2609 4647 2770 4698 ποιεῖ.
2811 4645 2922 4699 Kal
2976 4645 3085 4717 γὰρ
3126 4647 3245 4699 ἐκεῖ
3284 4648 3380 4701 καὶ
3398 4648 3452 4681 ³⁸
3490 4650 3826 4720 ἐπετίμησεν

2161 4726 2408 4799 ἀκαίρως
2448 4726 2694 4799 αἰτούσῃ,
2727 4728 2820 4782 καὶ
2849 4730 2998 4798 ὅμως
3035 4731 3137 4783 οὐκ
3164 4732 3413 4784 ἀντεῖπε·
3446 4731 3525 4802 τῷ
3561 4734 3659 4803 μὲν
3688 4749 3825 4806 προ-

2160 4807 2303 4880 τέρῳ
2342 4808 2720 4880 διορθούμενος
2763 4811 2862 4881 τὴν
2892 4811 3200 4879 ἀσθένειαν,
3244 4813 3324 4884 τῷ
3349 4814 3405 4867 δέ
3445 4814 3681 4887 δευτέρῳ
3722 4817 3824 4888 τὴν

2160 4892 2292 4962 περὶ
2335 4892 2433 4963 τὴν
2470 4893 2678 4964 μητέρα
2710 4891 2925 4948 εὔνοιαν
2963 4894 3418 4966 ἐπιδεικνύμενος.
3450 4897 3604 4951 υῦτω
3633 4898 3696 4968 δὴ
3726 4901 3825 4953 καὶ

2161 4973 2395 5028 ἐνταῦθα
2430 4975 2529 5046 τῆς
2563 4992 2624 5029 τε
2654 4976 2956 5042 κενοδοξίας
2998 4978 3059 5031 τὸ
3087 4980 3300 5049 νόσημα
3347 4978 3555 5042 ἰάσατο,
3586 4981 3678 5033 κα)⁸
3720 4981 3823 5050 τὴν

2161 5057 2474 5127 πρέπουσαν
2498 5059 2666 5131 τιμὴν
2698 5061 2763 5130 τῇ
2797 5060 2964 5130 μητρὶ
2990 5060 3260 5125 ἀπέδωκε,
3291 5061 3468 5115 καίτοι
3497 5063 3594 5116 καὶ
3617 5061 3823 5135 ἄκαιρα

2160 5139 2405 5212 αἰτούσῃ.
2450 5142 2546 5193 Ἐν
2577 5144 2686 5212 γὰρ
2726 5140 2800 5211 τῇ
2845 5140 3055 5211 ἡμέρᾳ,
3095 5142 3280 5213 φησὶν.
3317 5144 3522 5212 ἐκείνῃ
3558 5143 3826 5210 ἐξελθὼν

2161 5223 2194 5275 ο
2230 5222 2453 5289 Ἰησοῦς
2492 5222 2560 5276 ἐκ
2594 5223 2701 5290 τῆς
2742 5223 2950 5290 οἰκίας,
2979 5223 3232 5291 ἐκάθητο
3267 5226 3427 5295 παρὰ
3456 5225 3571 5293 τὴν
3597 5225 3824 5280 θάλασ-

2162 5320 2300 5358 σαν.
2341 5305 2406 5357 Εί
2439 5306 2544 5378 γὰρ
2578 5303 2852 5376 βούλεσθε,
2893 5308 3079 5379 φησὶν,
3128 5307 3255 5360 ἰδεῖν
3298 5310 3392 5361 καὶ
3429 5308 3679 5371 ἀκοῦσαι,
3710 5309 3820 5362 ἰδοὺ

2160 5386 2452 5457 ἐξέρχομαι
2501 5388 2595 5441 καὶ
2638 5388 2976 5460 διαλέγομαι.
3017 5389 3231 5461 Ἐπειδὴ
3260 5390 3369 5461 γάρ
3407 5394 3609 5461 σημεῖα
3650 5386 3823 5444 πολλά

2161 5469 2406 5541 ἐποίησε,
2437 5472 2599 5525 πάλιν
2634 5472 2733 5543 τὴν
2775 5475 2839 5527 ἐκ
2881 5473 2981 5544 τῆς
3008 5473 3354 5537 διδασκαλίας
3384 5474 3653 5543 ὠφέλειαν
3680 5491 3817 5547 παρ-

2162 5554 2298 5623 έχει.
2344 5556 2455 5608 Kal
2505 5555 2744 5627 κάθηται
2786 5557 2939 5629 παρά
2977 5556 3077 5628 τὴν
3124 5556 3420 5625 θάλασσαν,
3467 5558 3697 5613 ἁλιεύων
3727 5560 3822 5612 καὶ

2167 5637 2482 5709 σαγηνεύων
2515 5642 2642 5704 τοὺς
2681 5641 2740 5696 ἐν
2765 5643 2831 5712 τῇ
2857 5643 2951 5712 γῇ.
2985 5638 3133 5713 [470]
3177 5641 3426 5696 Ἐκάοισε
3459 5643 3515 5696 δὲ
3547 5641 3697 5714 παρὰ
3722 5641 3819 5712 τὴν

465 5809 512 5841 ⁷⁸
552 5804 944 5880 ἐνδεικνύμενοι
1113 5800 1157 5833 ⁷³
1186 5799 1423 5880 δείκνυσι
1451 5797 1515 5880 1:.
1548 5798 1860 5880 “’°__a616_;‘,
1891 5799 2022 5853 αύτό

2154 5815 2179 5880 ἐ
2223 5802 2521 5880 361659311.
2548 5803 2685 5880 Mor.
2900 5805 2965 5880 f‘
2991 5805 3206 5880 ἀλλους]
3254 5808 3381 5864 add.
3420 5806 3623 5880 μηδέλθα
3752 5801 3814 5858 F.

663 5877 738 5975 τι
764 5867 1519 5975 ἀ·ὶ.σιῖὶίέξτεὲηξξι.οεπι3·
1548 5867 2051 5975 Εοεξίεξπξαξξηξετ

2154 5871 2198 5923 ).
2363 5875 2428 5975 "A
2441 5874 2770 5975 τόμάορὶειὲι
2801 5872 2936 5975 131d.
3001 5876 3050 5908 ⁸⁵
3088 5867 3497 5975 τέγγενείαςῖθξ

388 5937 785 6017 ,τῆξόιίἱξΕη
833 5937 895 6017 δξ
918 5937 1358 6017 γαστήρ-[κοιλία
1382 5939 1518 6017 Eadd:

1621 5940 1670 6020 τ·
1696 5940 1852 6020 τοξτο
1883 5941 2051 6020 μένειν·

2154 5940 2455 6020 αἶίάριοεΑο
2479 5944 2565 6020 ,οο
2603 5943 2675 6020 ΔΙ).
2709 5943 2784 6020 E;
2807 5940 3252 6020 Μοκλπροτίθησι
3296 5940 3539 6020 legérunl
3578 5944 3805 6015 lnlerpp.

407 6008 597 6071 στ’ἓεῶν
623 6029 732 6075 om.
758 6014 825 6069 Δ.
856 6008 1021 6070 ομυ.
1080 6008 1235 6066 “Et:
1256 6025 1368 6070 om.
1395 6010 1458 6066 D.
1489 6008 1593 6083 ἔτι]
1625 6010 1718 6064 ἐπί
1753 6008 1896 6068 δεγζ
1949 6012 1995 6045 ⁸⁸
2017 6028 2051 6065 τ

2154 6008 2409 6088 mw.
2438 6013 2516 6087 τῷ
2550 6013 2713 6087 γάμῳ
2743 6014 2880 6071 Edd.
2940 6017 2987 6052 "
3007 6008 3107 6072 ’καί
3140 6008 3293 6078 déest
3318 6008 3377 6077 ίιῖ
3400 6020 3535 6076 Edd.
