4074 6358
340 370 444 428 455

335 491 534 538 vocant
554 498 675 538 eum
706 482 756 535 in
777 492 1070 552 conspectu
1095 483 1354 546 omnium,
1374 479 1801 551 superfluamque
1824 497 1916 535 ex-

334 575 520 630 hibent
550 575 894 629 ambitionem
917 614 931 639 ,
961 585 1018 628 ut
1042 574 1346 638 ostendam,
1383 588 1443 628 se
1473 574 1545 627 illi
1577 589 1763 644 magna
1793 589 1913 627 cum

335 677 605 738 potestate
651 668 936 736 imperare.
984 667 1135 734 Quod
1185 668 1343 720 etiam
1392 667 1715 733 evangelista
1767 666 1915 720 iucu-

331 758 500 811 saudo
525 759 801 822 declarat;
836 757 934 810 hoc
973 757 1143 824 ipsum
1175 759 1318 811 enim
1367 757 1708 811 subindicans
1733 756 1865 810 dixit
1897 773 1911 809 :

331 850 511 902 Adhuc
553 865 610 902 eo
654 851 882 914 loquente
927 849 996 902 ad
1027 849 1236 912 turbas;
1280 863 1342 901 ac
1380 848 1424 901 si
1453 847 1692 902 diceret:
1721 851 1910 902 Annon

331 943 477 998 aliud
510 953 719 1012 tempus
743 945 898 996 erat?
926 957 1103 995 annon
1131 951 1374 1009 poterant
1409 942 1636 995 seorsim
1668 941 1911 1010 alloqui?

328 1036 464 1102 Quid
495 1051 652 1105 porro
697 1035 839 1104 loqui
882 1035 1176 1088 volebant?
1206 1034 1336 1087 Nam
1372 1034 1414 1086 si
1445 1033 1513 1086 de
1543 1034 1766 1086 veritate
1809 1032 1910 1086 do-

326 1130 516 1182 ctrinze
562 1128 754 1183 dicturi
803 1129 957 1182 era'nt
977 1170 990 1190 ,
1019 1128 1133 1182 haec
1161 1129 1332 1196 palam
1363 1136 1414 1181 et
1457 1143 1636 1182 coram
1666 1128 1910 1182 clunibus

327 1221 574 1288 proferre
597 1221 870 1289 oportuit,
902 1219 967 1274 ad
1009 1220 1234 1272 aliorum
1277 1235 1488 1288 quoque
1513 1220 1792 1274 utilitatem
1820 1236 1834 1283 ;
1861 1221 1906 1274 si

324 1312 391 1366 de
413 1314 530 1366 aliis
555 1313 620 1366 ad
653 1328 739 1367 res
768 1328 892 1366 suas
922 1313 1307 1378 spectantibus,
1339 1329 1444 1366 non
1476 1314 1554 1368 sic
1585 1315 1786 1369 instare
1815 1331 1908 1384 par

323 1412 460 1456 erat.
490 1403 618 1456 Nam
645 1404 688 1456 si
717 1404 789 1456 illi
819 1412 1024 1472 patrem
1055 1405 1285 1472 sepelire
1317 1421 1420 1458 non
1465 1408 1705 1474 permisit
1731 1424 1796 1461 ne
1822 1424 1908 1462 se-

321 1492 413 1561 qui
443 1507 503 1546 se
533 1493 906 1548 intermitteret
939 1513 952 1547 :
986 1495 1152 1549 inulto
1183 1498 1355 1550 minus
1399 1497 1708 1552 concionem
1761 1516 1906 1553 rum-

323 1598 450 1651 pere
477 1583 661 1637 debuit
685 1599 780 1653 pro
805 1585 965 1638 rebus
1005 1587 1200 1640 nullius
1227 1589 1503 1641 momenti.
1524 1588 1699 1654 Quare
1732 1592 1902 1658 palam

320 1694 423 1747 est,
455 1699 548 1737 eos
576 1683 748 1736 solum
775 1699 840 1737 ex
869 1699 1000 1737 vana
1041 1685 1207 1753 gloria
1239 1685 1362 1738 illud
1408 1687 1620 1754 egisse;
1653 1687 1792 1754 quod
1825 1689 1901 1740 si-

318 1777 576 1846 gnificans
618 1777 848 1831 Joannes
882 1777 1092 1831 dicebat
1126 1794 1141 1830 ε
1190 1776 1366 1840 Neque
1391 1783 1571 1848 fratres
1597 1780 1703 1851 ejus
1732 1780 1903 1832 crede-

319 1871 436 1924 bant
457 1871 508 1922 in
538 1887 649 1922 eum
680 1871 696 1940 (
722 1869 877 1923 Joan.
909 1871 960 1923 7.
986 1869 1086 1938 5);
1119 1871 1434 1940 illorumqnc
1459 1872 1598 1926 dicta
1629 1871 1902 1926 refertad-

273 1992 278 1994 -
317 1960 532 2014 modum
583 1960 788 2027 insana,
819 1962 1008 2016 dicens
1040 1962 1184 2032 ipsos
1229 1963 1454 2016 traxisse
1499 1963 1643 2016 illum
1687 1962 1900 2016 Jcroso-

316 2052 536 2122 lymam,
566 2068 672 2105 non
705 2053 772 2106 ob
793 2053 950 2106 aliam
973 2067 1209 2117 causam,
1239 2069 1397 2120 quam
1425 2062 1480 2106 ut
1501 2069 1563 2107 ex
1593 2054 1708 2122 ejus
1735 2055 1898 2122 signis

313 2145 536 2211 gloriam
585 2152 867 2212 captarent
911 2161 922 2195 :
967 2159 1089 2197 nam
1147 2143 1432 2212 inquiunt,
1495 2144 1554 2198 Si
1603 2144 1709 2197 [uec
1747 2145 1894 2215 facis,

312 2235 519 2288 ostende
557 2236 774 2304 teipsum
813 2235 1002 2288 munde
1031 2251 1049 2289 :
1081 2252 1224 2289 nemo
1265 2237 1450 2304 quippe
1473 2235 1527 2289 in
1554 2235 1746 2289 occulto
1775 2238 1899 2306 quid

313 2327 460 2396 facit,
492 2336 538 2379 et
560 2328 737 2396 quwrit
760 2328 868 2396 ipse
895 2328 1066 2396 palam
1091 2327 1243 2398 fieri(
1273 2325 1412 2380 Ibid.
1441 2343 1489 2380 υ.
1521 2329 1602 2397 4);
1635 2329 1746 2396 ipse
1769 2345 1896 2383 vero

310 2417 433 2470 illos
473 2419 799 2487 increpavit,
846 2420 1114 2472 carnalem
1148 2419 1355 2472 illorum
1386 2420 1607 2488 culpans
1636 2421 1892 2474 animum.

310 2508 444 2574 Quia
470 2510 610 2562 enim
640 2508 806 2563 Judmi
839 2509 1232 2577 exprobrantes
1263 2510 1361 2579 ipsi
1387 2510 1635 2564 dicebant
1660 2529 1673 2564 :
1710 2511 1896 2566 Nonne

311 2600 392 2652 hic
413 2608 481 2652 est
507 2599 637 2669 fabri
663 2600 819 2667 ﬁlius,
840 2600 985 2669 cujus
1017 2616 1108 2653 nos
1134 2600 1322 2653 scimus
1347 2611 1542 2670 patrem
1570 2611 1618 2654 et
1644 2605 1894 2657 matrem?

311 2704 357 2746 et
386 2694 566 2762 fratres
593 2695 702 2764 ejus
749 2710 916 2746 nonne
955 2695 1092 2761 apud
1125 2711 1217 2747 nos
1244 2704 1359 2747 sunt
1390 2695 1408 2763 (
1451 2693 1640 2749 Matth.
1688 2697 1773 2749 15.
1800 2697 1888 2750 55.

311 2786 415 2845 56;
457 2785 618 2839 Marc.
649 2786 700 2841 6.
731 2787 829 2856 5)?
854 2786 1242 2855 ignobilitatem
1269 2787 1482 2855 generis
1508 2787 1889 2855 vituperantes,

309 2887 590 2949 prepterea
634 2879 804 2947 ipsum
848 2878 912 2932 ad
957 2879 1230 2947 signormn
1277 2877 1692 2931 ostentationem
1722 2892 1885 2931 voca-

308 2972 435 3026 bant
464 2987 477 3024 :
512 2971 632 3025 ideo
664 2972 805 3039 ipsos
843 2969 1079 3038 depellit,
1103 2970 1286 3023 volens
1309 2969 1377 3022 ab
1407 2968 1505 3022 hae
1539 2969 1700 3022 animi
1730 2969 1890 3038 aagri-

308 3065 486 3118 tudine
512 3065 738 3118 liberarc
767 3081 780 3116 :
805 3063 893 3133 qui
925 3063 967 3115 si
987 3071 1209 3116 matrem
1239 3076 1433 3128 negare
1459 3059 1733 3118 voluisset.
1763 3069 1889 3115 tunc

308 3168 570 3226 negasset,
593 3170 714 3208 cum
741 3154 792 3208 id
813 3153 1091 3223 ipsiJudaei
1120 3153 1404 3222 opprobrio
1429 3162 1711 3208 verterent.
1738 3153 1890 3210 Nunc

275 3275 277 3278 -
305 3259 484 3302 autem
515 3258 713 3302 tantam
749 3248 865 3316 ejus
904 3262 1085 3301 curam
1131 3248 1366 3311 exhibet,
1401 3256 1459 3301 ut
1492 3263 1608 3302 eam
1642 3250 1691 3302 in
1725 3264 1886 3304 cruce

306 3341 408 3392 dist
427 3341 589 3408 ipulo,
624 3355 780 3407 quem
805 3340 1035 3392 maxime
1061 3339 1298 3392 omnium
1329 3339 1596 3409 diligebat,
1617 3355 1887 3394 commen~

305 3431 475 3489 daret.
506 3445 858 3499 magnamque
880 3429 994 3498 ejus
1033 3429 1445 3482 sollicitudinem
1486 3430 1782 3484 exhiberet.
1817 3431 1887 3483 At

305 3536 448 3574 nunc
475 3536 578 3574 non
612 3520 858 3574 similiter
889 3519 1030 3583 facit,
1059 3529 1112 3573 ut
1145 3519 1220 3572 illi
1241 3529 1295 3572 et
1322 3520 1575 3574 fratribus
1603 3521 1712 3574 suis
1738 3529 1886 3575 recte

301 3613 632 3667 consuleret.
657 3612 787 3680 Quia
811 3613 954 3665 enim
989 3611 1132 3664 illum
1163 3613 1363 3665 nudum
1395 3611 1664 3666 hominem
1694 3628 1888 3668 cense-

303 3704 453 3768 bant,
495 3713 655 3773 atque
691 3704 833 3757 inani
876 3703 1043 3773 gloria
1093 3703 1406 3773 agebantur,
1438 3704 1686 3758 morbum
1735 3705 1884 3759 illum

302 3800 542 3869 depellit,
567 3809 678 3852 non
707 3799 771 3852 ad
791 3798 1191 3862 contumeliam,
1220 3797 1314 3851 sed
1332 3797 1396 3851 ad
1427 3798 1880 3853 emendationem.

303 3890 345 3944 Τ
352 3908 382 3943 u
410 3904 537 3944 vero
568 3905 632 3942 ne
658 3890 818 3943 verba
852 3889 940 3943 illa
972 3898 1172 3942 tantum
1205 3888 1521 3957 perpendas,
1549 3905 1669 3958 qua:
1704 3890 1888 3944 mode-

305 3989 476 4035 ratam
497 3981 774 4034 continent
799 3979 1215 4049 increpationem
1236 4019 1252 4044 ,
1286 3979 1379 4032 sed
1406 3979 1566 4032 etiam
1620 3981 1884 4049 importu-

301 4072 525 4124 nitatem
554 4070 936 4139 audaciamque
967 4069 1210 4133 fratrum,
1235 4084 1298 4124 ac
1328 4070 1447 4135 quis
1473 4070 1542 4123 sit
1577 4071 1665 4125 ille
1688 4072 1775 4140 qui
1805 4072 1884 4124 in-

302 4173 486 4230 crepat
515 4180 528 4215 :
554 4179 657 4215 non
685 4163 824 4216 enim
872 4162 1046 4216 nudus
1087 4162 1266 4224 homo,
1305 4163 1396 4216 sed
1435 4163 1738 4232 unigenitus
1790 4165 1883 4219 Dei

303 4253 499 4316 Filius;
528 4262 582 4308 et
622 4253 748 4322 quid
773 4253 960 4307 volens
999 4253 1354 4323 increpaverit
1386 4271 1399 4308 :
1431 4271 1538 4309 non
1567 4255 1708 4310 enim
1739 4265 1793 4309 ut
1823 4256 1885 4310 il-

303 4347 408 4400 lam
441 4347 493 4400 in
529 4346 745 4400 dubium
773 4345 1062 4414 conjiceret
1087 4387 1104 4410 ,
1131 4345 1224 4401 sed
1253 4354 1310 4400 ut
1336 4361 1364 4399 a
1393 4347 1668 4419 tyrannico
1696 4348 1884 4404 morbo

307 4436 583 4500 liberaret,
628 4453 692 4491 ac
721 4437 974 4506 paulatim
1009 4437 1279 4492 induceret
1313 4438 1378 4492 ad
1405 4449 1787 4507 congruentem
1817 4439 1884 4495 de

304 4543 364 4582 se
393 4529 721 4598 Opinionem,
752 4528 1108 4597 suaderetque
1141 4529 1262 4598 ipsi,
1291 4543 1351 4584 se
1378 4545 1483 4584 non
1522 4530 1682 4584 modo
1716 4531 1882 4585 filium

302 4620 469 4690 ipsius
494 4636 614 4676 esse
632 4661 648 4687 ,
695 4620 790 4675 sed
836 4619 995 4674 etiam
1024 4620 1339 4686 Dominum;
1368 4621 1678 4692 videbisque
1707 4622 1883 4677 incre-

302 4712 569 4780 pationem
600 4711 886 4766 admodum
929 4721 984 4766 et
1022 4711 1120 4764 sibi
1152 4721 1562 4781 congruentem,
1631 4723 1685 4768 et
1728 4715 1882 4768 matri

302 4805 486 4859 utilem
516 4845 531 4868 ,
585 4805 848 4875 simulque
894 4805 1047 4858 valde
1101 4815 1460 4861 mansuetam.
1508 4806 1693 4875 Neque
1740 4808 1882 4860 enim

301 4895 454 4960 dixit,
481 4896 707 4958 Abi,dic
735 4896 912 4960 matri,
947 4896 1090 4949 illam
1111 4893 1291 4950 'meam
1324 4911 1428 4950 non
1454 4911 1575 4951 esse
1609 4905 1834 4951 matrem
1863 4912 1878 4962 ;

301 4987 396 5042 sed
426 4988 663 5057 loquenti
707 4989 997 5055 respondet
1039 4989 1121 5042 his
1167 4989 1347 5043 verbis
1387 5007 1400 5042 :
1445 4988 1575 5053 Quae
1618 4999 1690 5043 est
1727 5001 1886 5044 mater

269 5105 273 5110 -
301 5094 414 5131 mea
437 5079 462 5131 1’
508 5093 628 5132 cum
658 5092 817 5146 supra
847 5079 1003 5132 dictis
1041 5079 1184 5132 aliud
1232 5081 1391 5134 etiam
1437 5079 1696 5135 efficiens.
1727 5081 1884 5148 Quid-

271 5200 274 5203 -
303 5185 426 5224 nam
477 5169 650 5223 illud?
690 5168 760 5225 Ut
789 5185 961 5238 neque
1005 5170 1103 5232 illi,
1134 5186 1306 5238 neque
1334 5171 1422 5225 alii
1449 5213 1464 5237 ,
1492 5172 1791 5240 cognatioui
1820 5171 1882 5226 fi-

301 5260 510 5326 dentes,
536 5261 788 5315 virtutem
840 5261 1186 5331 negligerent.
1221 5261 1353 5315 Nam
1382 5262 1427 5315 si
1457 5261 1597 5315 illam
1631 5262 1760 5315 nihil
1784 5262 1875 5331 ju-

303 5353 460 5407 vabat
483 5353 624 5423 quod
651 5363 822 5408 mater
846 5361 1008 5419 esset,
1037 5353 1139 5408 nisi
1170 5361 1312 5408 esset
1338 5355 1517 5406 virtuti
1547 5352 1883 5420 addicta,vix

303 5457 368 5498 ac
407 5459 474 5499 ne
501 5444 588 5498 vix
613 5443 830 5514 quidem
860 5444 994 5498 alius
1024 5444 1232 5499 ratione
1275 5444 1608 5514 cognationis
1655 5446 1882 5500 salutem

303 5547 678 5608 consequetur.
723 5537 847 5594 Sola
895 5537 1092 5608 quippe
1134 5537 1386 5592 nobilitas
1432 5548 1516 5592 est
1557 5539 1882 5592 voluntatem

307 5629 405 5684 Dei
431 5629 626 5686 facere.
653 5631 751 5686 Hic
793 5630 1083 5686 nobilitatis
1121 5629 1309 5686 modus
1332 5632 1519 5686 melior
1543 5640 1596 5686 et
1627 5642 1885 5701 praestan-

306 5721 411 5775 tior
439 5731 522 5776 est
555 5723 668 5776 illo.

373 5811 426 5869 2.
484 5812 727 5885 Cognatio
777 5815 1020 5886 spiritalis
1058 5832 1157 5888 qua
1209 5817 1388 5873 virtute
1437 5816 1662 5890 prwditis
1710 5817 1882 5888 omnes

1334 366 1398 463 iN
1437 367 1844 424 MATTHASUM
1882 368 2110 425 HOMIL.
2153 369 2336 426 XLIV.
2379 321 2448 427 al.
2492 370 2648 427 XLV.

3500 377 3606 432 466

2026 500 2220 547 sumus,
2248 485 2359 538 sola
2387 485 2528 540 nobis
2566 488 2788 548 prodest.
2837 487 3001 542 Maria
3019 490 3142 558 jure
3183 491 3324 544 beata
3355 491 3600 560 pratdica-

2025 585 2128 627 tur.
2171 605 2242 615 —
2289 577 2413 631 Haec
2441 592 2572 647 ergo
2593 594 2716 632 cum
2745 581 2980 634 sciamus
3002 621 3015 643 ,
3042 596 3141 636 nec
3165 582 3232 636 de
3257 582 3378 636 filiis
3404 584 3598 637 virtute

2021 667 2180 720 claris
2221 669 2390 722 altum
2443 670 2711 738 sapiamus
2738 711 2752 733 ,
2788 672 2885 725 nisi
2926 672 3112 725 eadem
3162 689 3262 742 qua
3299 673 3372 727 illi
3409 675 3601 728 virtute

2022 762 2226 828 praediti
2266 764 2468 826 simus;
2503 780 2678 832 neque
2707 765 2773 819 de
2797 766 3076 835 generosis
3117 768 3403 835 probisque
3432 765 3598 835 patri-

2020 854 2138 916 hus,
2173 856 2272 908 nisi
2318 857 2523 910 similes
2564 858 2668 912 illis
2697 859 2974 911 fuerimus.
3008 858 3190 912 Potest
3223 859 3365 913 enim
3409 859 3521 913 fieri
3546 869 3600 911 ut

2018 947 2106 1015 qui
2153 947 2369 1015 genuit,
2406 960 2554 1016 pater
2594 966 2698 1002 non
2749 951 2836 1015 sit,
2867 958 2921 1003 et
2947 951 3034 1018 qui
3079 966 3184 1004 non
3215 951 3418 1020 genuit,
3449 961 3599 1020 pater

2017 1037 2106 1090 sit.
2149 1038 2486 1108 Quapropter
2526 1041 2651 1094 alibi
2698 1056 2817 1094 eum
2866 1042 3060 1095 mulier
3079 1042 3323 1110 quaedam
3355 1041 3594 1096 diceret:

2015 1126 2200 1182 Beatus
2221 1140 2387 1182 venter
2412 1132 2498 1197 qui
2523 1142 2571 1184 te
2597 1133 2831 1197 portavit,
2860 1142 2908 1185 et
2933 1133 3085 1185 ubera
3105 1148 3219 1202 qua!
3245 1133 3426 1186 suxisti
3445 1131 3595 1203 (Luc.

2017 1223 2104 1277 11.
2131 1223 2198 1275 27
2217 1223 2272 1292 );
2303 1240 2408 1277 non
2441 1225 2716 1293 respondit
2748 1226 2855 1288 ille,
2879 1224 3067 1277 Nullus
3097 1240 3180 1279 me
3205 1233 3390 1278 venter
3413 1233 3594 1293 porta-

2017 1315 2132 1381 vit,
2167 1315 2308 1368 nulla
2339 1316 2454 1369 suxi
2497 1317 2658 1370 ubera
2684 1332 2698 1380 ;
2730 1317 2843 1382 sed,
2873 1317 3164 1380 Quinimmo
3184 1357 3198 1376 ,
3231 1317 3360 1368 beati
3386 1315 3472 1384 qui
3511 1317 3595 1385 fa-

2013 1406 2151 1458 ciunt
2191 1405 2496 1460 voluntatem
2525 1405 2692 1461 Patris
2713 1409 2807 1461 mei
2829 1400 2990 1474 (Ibid.
3025 1422 3072 1458 υ.
3101 1406 3226 1476 28).
3259 1405 3594 1472 Viden’quo-

2010 1497 2172 1550 modo
2189 1513 2294 1552 non
2319 1501 2520 1567 uSpiam
2547 1509 2701 1569 neget
2723 1501 3016 1553 naturalem
3042 1500 3175 1554 hanc
3197 1501 3589 1569 cognationem;

2010 1589 2102 1642 sed
2136 1589 2295 1643 addat
2325 1591 2467 1644 illam
2509 1592 2858 1656 affinitatem,
2884 1608 3000 1660 qua:
3032 1591 3321 1646 secundum
3340 1591 3589 1644 virtutem

2008 1681 2123 1734 est?
2166 1681 2472 1736 Prtccnrsor
2497 1697 2706 1750 quoque
2735 1698 2855 1735 cum
2901 1683 3060 1745 dicit,
3095 1682 3360 1736 Genimina
3389 1681 3589 1750 vipera-

2006 1789 2118 1824 rum
2143 1813 2158 1837 ,
2207 1789 2270 1825 ne
2299 1773 2566 1826 videamini
2594 1774 2786 1836 dicere,
2821 1773 3026 1827 Patrem
3066 1773 3306 1826 habemus
3333 1772 3588 1825 Abraham

2011 1864 2221 1932 (Matth.
2250 1869 2302 1923 3.
2324 1868 2473 1935 7.9),
2504 1883 2610 1921 non
2633 1868 2864 1922 declarat
2894 1885 2986 1922 eos
3017 1885 3121 1922 non
3150 1884 3269 1924 esse
3297 1866 3588 1921 secundum

2007 1969 2250 2012 naturam
2282 1975 2346 2013 ex
2377 1959 2680 2013 Abrahamo
2711 1970 2882 2024 ortos,
2907 1961 3000 2014 sed
3032 1961 3165 2014 nihil
3194 1960 3300 2014 illis
3331 1958 3588 2028 prodesse

2005 2051 2143 2117 quod
2176 2066 2238 2105 ex
2274 2051 2579 2105 Abrahamo
2617 2053 2724 2105 sint
2750 2053 2886 2116 orti,
2922 2053 3022 2106 nisi
3055 2053 3215 2106 etiam
3261 2067 3468 2106 morum
3497 2066 3590 2105 eo-

2003 2144 2309 2208 guationem
2352 2142 2608 2196 haberent
2653 2159 2666 2195 :
2712 2143 2852 2212 quod
2895 2145 3054 2197 etiam
3085 2143 3328 2198 Christus
3355 2142 3588 2196 declarat

2005 2234 2087 2287 his
2119 2233 2292 2287 verbis
2318 2251 2332 2287 :
2379 2233 2440 2288 Si
2467 2235 2561 2301 ﬁlii
2591 2234 2807 2291 Abralue
2835 2235 3024 2297 essetis,
3056 2251 3208 2303 Opera
3238 2235 3405 2302 utique
3426 2233 3586 2286 Abra-

2003 2325 2083 2378 Ita:
2121 2327 2352 2396 faceretis
2404 2326 2421 2397 (
2465 2324 2622 2380 Joan.
2672 2327 2722 2380 8.
2783 2326 2851 2380 59
2911 2329 2928 2394 )
2967 2343 2978 2378 :
3019 2341 3122 2379 non
3169 2341 3260 2379 eos
3301 2340 3330 2378 a
3385 2323 3585 2378 carnali

2001 2421 2315 2486 cognatione
2346 2433 2645 2480 removens,
2677 2418 2770 2471 sed
2793 2419 2990 2473 docens
3019 2419 3176 2472 aliam
3203 2418 3301 2472 hac
3329 2419 3583 2487 majorem

2000 2525 2063 2563 ac
2105 2510 2368 2564 veriorem
2399 2525 2519 2565 esse
2562 2511 2928 2576 qua-rendam.
2973 2511 3084 2564 Hoc
3125 2513 3283 2566 etiam
3327 2510 3412 2564 hic
3438 2509 3581 2572 facit,

2001 2601 2093 2654 sed
2124 2601 2453 2654 moderatius
2484 2611 2536 2655 et
2574 2602 2748 2656 lenius
2774 2616 2788 2655 :
2820 2618 2942 2655 nam
2976 2602 3043 2655 de
3073 2611 3247 2655 matre
3273 2618 3369 2656 sua
3407 2617 3584 2655 sermo

2001 2691 2310 2745 habebatur.
2337 2691 2516 2760 Neque
2545 2693 2687 2746 enim
2718 2693 2868 2755 dixit,
2889 2692 3004 2746 Non
3027 2703 3109 2746 est
3135 2702 3304 2746 mater
3329 2708 3466 2754 mea,
3493 2707 3582 2746 ne-

1997 2797 2100 2850 que
2152 2783 2224 2835 illi
2278 2782 2468 2835 fratres
2513 2793 2676 2846 sunt,
2710 2785 2830 2851 quia
2866 2799 2968 2838 nou
3013 2783 3216 2837 faciunt
3258 2784 3580 2837 voluntatem

1997 2886 2206 2935 meam;
2235 2888 2406 2942 neque
2427 2874 2744 2928 sententiam
2776 2873 2894 2926 tulit
2917 2872 3003 2926 vel
3027 2873 3406 2927 condemnavit
3436 2889 3449 2924 :
3485 2873 3578 2928 sed

1995 2963 2048 3016 in
2070 2962 2291 3017 arbitrio
2318 2963 2554 3031 ipsorum
2581 2963 2797 3033 reliquit
2815 2973 2874 3016 ut
2902 2963 2952 3017 id
2984 2963 3199 3026 vellent,
3221 2963 3442 3031 loquens
3459 2979 3579 3016 cum

1994 3054 2401 3108 mansuetudine
2444 3055 2543 3108 sibi
2591 3054 2900 3122 cengruenti
2949 3055 3079 3108 :50.
3120 3053 3218 3119 Qui
3256 3055 3388 3108 enim
3415 3054 3576 3126 facit,

1995 3146 2495 3216 iuquit,voluntatem
2521 3145 2689 3200 Patris
2713 3149 2830 3214 mei,
2845 3149 2930 3202 ille
2959 3163 3095 3201 meus
3122 3149 3278 3218 frater
3305 3158 3350 3201 et
3369 3165 3513 3202 soror
3531 3158 3580 3202 et

1993 3247 2151 3292 mater
2180 3248 2268 3291 est.
2300 3238 2474 3306 Quare
2500 3239 2542 3291 si
2574 3238 2653 3292 sic
2699 3239 2857 3294 etiam
2881 3255 3000 3294 esse
3018 3239 3220 3303 volunt,
3246 3239 3381 3294 hanc
3400 3243 3579 3295 ineant

1993 3333 2151 3386 viam.
2196 3333 2410 3386 Etcum
2453 3333 2700 3386 clamavit
2737 3333 2928 3387 nmlier
2957 3332 3161 3398 dicens,
3201 3331 3387 3386 Beatus
3413 3344 3579 3387 venter

1992 3424 2080 3490 qui
2122 3433 2168 3476 te
2208 3424 2445 3492 portavit,
2487 3440 2593 3476 non
2624 3423 2778 3485 dixit,
2810 3423 2924 3477 Non
2957 3433 3038 3478 est
3071 3435 3243 3479 mater
3271 3440 3422 3490 mea;
3453 3425 3572 3492 sed,

1991 3514 2044 3569 Si
2074 3514 2188 3568 vult
2216 3530 2334 3569 esse
2359 3515 2535 3580 beata,
2565 3517 2891 3570 voluntatem
2917 3516 3090 3570 Patris
3112 3519 3213 3571 mei
3238 3517 3411 3572 faciat.
3444 3519 3574 3573 Nam

1991 3606 2082 3676 qui
2112 3606 2234 3660 talis
2264 3620 2364 3668 ρει,
2396 3617 2450 3659 et
2490 3607 2652 3660 frater
2671 3648 2685 3669 ,
2709 3617 2762 3661 et
2789 3621 2963 3673 soror,
2995 3617 3049 3661 et
3075 3618 3245 3662 mater
3269 3619 3368 3662 est.
3395 3609 3574 3679 Papm,

1991 3707 2246 3767 quantum
2269 3697 2488 3752 bon0ris
2517 3699 2530 3751 !
2567 3714 2740 3768 papae,
2768 3708 2962 3768 quanta
2989 3709 3072 3754 est
3097 3701 3288 3757 virtus!
3318 3701 3383 3755 ad
3404 3717 3576 3770 quan-

1993 3798 2102 3843 tum
2130 3789 2340 3844 culmen
2379 3805 2438 3844 se
2469 3789 2750 3844 adeuntem
2781 3791 2970 3859 erigit!
3011 3805 3140 3862 quot
3171 3795 3424 3848 mulieres
3450 3796 3576 3850 bea-

1993 3891 2098 3935 tam
2127 3882 2382 3937 dixcrunt
2406 3893 2646 3938 sanctam
2685 3883 2828 3937 illam
2867 3884 3170 3955 Virginem,
3200 3887 3422 3956 ejusque
3462 3898 3576 3942 ute-

1993 3990 2130 4040 rum,
2158 3984 2210 4028 et
2240 3983 2489 4043 optarunt
2515 3977 2646 4029 tales
2681 3990 2801 4029 esse
2830 3987 3028 4030 matres
3055 4019 3070 4042 ,
3101 3987 3401 4047 cmteraque
3438 3978 3574 4047 abji-

1989 4083 2113 4122 cere
2142 4072 2156 4122 !
2189 4067 2322 4134 Quid
2360 4083 2488 4137 ergo
2522 4067 2820 4138 prohibet?
2879 4068 3016 4123 Ecce
3063 4069 3222 4123 latam
3255 4070 3393 4124 viam
3422 4070 3575 4124 nobis

1990 4163 2258 4232 aperit,et
2283 4163 2408 4216 licet
2445 4178 2549 4215 non
2583 4163 2893 4216 mulieribus
2919 4163 3099 4227 modo,
3133 4163 3227 4218 sed
3257 4163 3417 4218 etiam
3447 4166 3576 4219 virts

1991 4255 2044 4308 in
2075 4254 2166 4308 tali
2186 4253 2348 4308 locari
2373 4253 2596 4320 ordine;
2625 4254 2733 4308 imo
2763 4263 2817 4308 et
2846 4255 2899 4308 in
2929 4255 3082 4323 longe
3110 4255 3320 4321 majori.
3354 4255 3408 4308 ld
3429 4256 3572 4309 enim

1993 4346 2153 4416 longe
2186 4347 2355 4414 magis
2394 4355 2619 4400 matrem
2669 4345 2828 4408 facit,
2874 4361 3032 4415 quam
3080 4356 3279 4414 partus.
3320 4346 3500 4416 Itaque
3529 4348 3573 4402 si

1993 4437 2204 4491 beatum
2232 4445 2316 4492 est
2343 4436 2491 4500 illud,
2521 4437 2690 4490 multo
2719 4437 2891 4505 majus
2935 4445 2990 4490 et
3017 4437 3197 4490 verius
3242 4437 3362 4503 hoc,
3391 4448 3575 4508 utpote

1991 4530 2300 4599 optabilius.
2341 4530 2418 4584 Ne
2463 4531 2628 4599 igitur
2670 4531 2842 4584 solum
2871 4529 3169 4594 desideres,
3196 4530 3292 4585 sed
3321 4539 3376 4586 et
3403 4533 3571 4593 viam,

1991 4638 2108 4691 qua:
2132 4633 2182 4675 te
2211 4621 2277 4675 ad
2301 4637 2412 4677 rem
2433 4621 2788 4676 desideratam
2808 4622 3208 4691 ducit,capesse
3234 4637 3354 4676 cum
3381 4638 3574 4693 magno

1998 4713 2195 4768 studio.
2224 4713 2348 4768 Haec
2373 4728 2500 4782 ergo
2524 4728 2643 4768 cum
2679 4713 2902 4768 dixisset
2921 4714 3082 4768 exivit
3115 4713 3183 4768 de
3209 4713 3388 4768 domo.
3418 4714 3571 4769 Vidi-

1991 4809 2112 4862 stin'
2133 4807 2402 4878 quomodo
2428 4818 2481 4862 et
2511 4807 2822 4877 increpavit,
2857 4817 2910 4861 et
2941 4806 3068 4861 fecit
3093 4806 3144 4862 id
3181 4809 3321 4876 quod
3362 4807 3571 4863 deside-
3644 4791 3646 4793 l

1992 4900 2221 4954 rabant?
2253 4899 2407 4966 Quod
2436 4898 2596 4952 etiam
2627 4898 2680 4952 in
2711 4899 2906 4967 nuptiis
2931 4898 3056 4952 fecit
3077 4897 3268 4966 (Joan.
3295 4898 3350 4952 2.
3384 4900 3438 4952 3.
3464 4899 3500 4952 4
3529 4899 3570 4968 ).

1991 4991 2120 5045 Nam
2145 5001 2198 5045 et
2219 4991 2328 5045 illic
2357 4989 2650 5058 increpavit
2681 4990 3058 5058 intempestive
3086 4999 3378 5059 petentem,
3401 5005 3572 5060 neque

1993 5093 2167 5137 tamen
2201 5084 2524 5154 posmlatum
2548 5083 2797 5152 negavit;
2831 5092 2940 5136 tum
2983 5092 3040 5136 ut
3069 5082 3427 5140 imbecillitati
3453 5098 3571 5137 me-

1990 5176 2239 5235 deretur,
2268 5185 2376 5229 tum
2409 5185 2466 5229 ut
2501 5192 2651 5229 suam
2695 5191 2822 5245 erga
2873 5187 3096 5230 matrem
3142 5175 3569 5232 benevolentiam

1991 5269 2287 5324 exhiberet.
2331 5269 2419 5324 Sic
2449 5278 2504 5323 et
2531 5270 2630 5323 hoc
2654 5269 2772 5323 loco
2793 5269 2966 5324 inanis
2990 5268 3174 5338 gloriae
3202 5268 3446 5322 morbum
3479 5284 3566 5323 sa-

1998 5363 2180 5426 navit,
2211 5373 2264 5415 et
2293 5361 2528 5416 debitum
2558 5363 2715 5416 matri
2746 5361 3004 5415 honorem
3036 5361 3298 5428 praestitit,
3327 5360 3452 5415 licet
3479 5361 3569 5416 illa

1992 5453 2344 5521 inopportuno
2365 5463 2587 5521 peteret.
2621 5452 2640 5524 (
2669 5451 2796 5522 Cap.
2825 5451 2940 5506 Xlll
2970 5450 2991 5523 )
3021 5453 3071 5506 1.
3098 5450 3166 5505 1η
3195 5452 3284 5506 illo
3306 5453 3388 5505 die
3409 5493 3423 5517 ,
3457 5453 3569 5519 ait,

1991 5546 2156 5599 exiens
2180 5542 2217 5596 J
2220 5561 2332 5598 esus
2357 5561 2383 5598 e
2406 5545 2574 5612 domo,
2600 5543 2800 5598 sedebat
2823 5560 2964 5597 secus
2988 5559 3145 5597 mare.
3168 5541 3300 5597 Nam
3328 5542 3372 5598 si
3390 5543 3570 5608 vultis,

1994 5636 2184 5704 inquit,
2217 5635 2400 5690 videre
2419 5645 2473 5690 et
2498 5635 2706 5696 audire,
2736 5635 2845 5704 jam
2870 5648 3005 5688 exeo
3028 5643 3088 5688 ut
3119 5633 3404 5688 disseram.
3436 5633 3568 5699 Quia

1991 5728 2133 5782 enim
2169 5727 2316 5796 signa
2363 5727 2526 5780 multa
2557 5725 2816 5790 faciebat,
2844 5739 3030 5778 rursus
3055 5740 3122 5779 ex
3169 5724 3406 5779 doctrina
3447 5738 3567 5793 pro-

1993 5816 2136 5876 dest.
2166 5817 2234 5875 Et
2267 5818 2462 5876 sedens
2482 5831 2640 5875 secus
2660 5831 2830 5886 mare,
2863 5823 3108 5872 terrenos
3131 5815 3374 5873 homines
3399 5815 3572 5887 pisca-
