4074 6358
578 367 680 422 467

579 486 753 538 batur.
777 480 932 538 Sedit
960 495 1091 536 vero
1117 492 1276 535 secus
1303 492 1472 540 mare,
1501 491 1609 532 non
1634 476 1752 531 sine
1779 488 1959 529 causa.
1983 475 2160 543 Atque

575 575 678 629 hoc
716 575 888 644 ipsum
921 571 1266 626 subindicans
1311 569 1487 638 posuit
1519 566 1864 637 evangelista.
1911 565 1982 621 Ut
2017 564 2160 619 enim

573 663 978 728 ostenderet,se
995 671 1244 718 accurate
1274 661 1409 716 velle
1441 661 1710 714 theatrum
1733 669 2081 726 congregare,
2100 669 2160 710 se

571 755 676 812 hoc
719 757 824 811 situ
872 757 1090 824 posuit,
1123 764 1181 810 ut
1218 755 1486 810 neminem
1534 768 1563 806 a
1593 751 1758 806 dorso
1795 749 2040 814 haberet,
2063 747 2161 802 sed

569 864 762 904 omnes
783 848 848 904 ad
866 864 925 903 se
953 861 1270 904 conversos.
1298 847 1353 900 2.
1379 844 1442 898 Et
1463 852 1781 915 congregata:
1805 851 1941 905 sunt,
1968 839 2155 909 inquit,

569 941 638 994 ad
683 957 796 995 eum
843 940 1003 993 turba:
1045 939 1260 1003 multis;
1306 939 1378 991 ita
1407 945 1462 990 ut
1490 937 1543 989 in
1571 935 1857 989 naviculam
1885 933 2160 987 ascendens

567 1033 793 1096 sederet;
818 1040 862 1085 et
893 1031 1054 1085 omnis
1077 1031 1220 1083 turba
1244 1030 1297 1082 in
1320 1028 1464 1082 litore
1492 1026 1673 1080 stabat.
1703 1025 1918 1081 lbivero
1942 1025 2156 1088 sedens,

571 1137 669 1190 per
692 1122 975 1190 parabolas
1001 1122 1255 1192 loquitur.
1287 1121 1339 1174 5.
1366 1118 1438 1172 Et
1459 1120 1698 1189 loquutus
1717 1125 1788 1170 est
1821 1117 1894 1170 eis
1918 1157 1932 1179 ,
1965 1115 2155 1184 inquit,

567 1215 729 1268 multa
751 1217 803 1269 in
821 1213 1276 1283 parabolis.Atqui
1305 1213 1356 1266 in
1387 1222 1570 1266 monte
1599 1227 1704 1264 nou
1723 1210 1794 1264 ita
1813 1207 1958 1275 fecit,
1987 1222 2160 1278 neque

569 1320 666 1373 per
697 1314 773 1360 tot
802 1306 1083 1375 parabolas
1127 1319 1433 1359 sermonem
1484 1302 1798 1356 contexuit:
1831 1310 1952 1354 tunc
1989 1299 2159 1352 turba:

565 1398 741 1451 solum
788 1407 960 1461 erant,
988 1409 1042 1452 et
1073 1396 1224 1466 plebs
1258 1395 1439 1458 rudis;
1489 1394 1575 1447 hic
1619 1408 1748 1446 vero
1779 1399 1835 1446 et
1875 1391 2065 1445 scribae
2103 1397 2158 1443 et

569 1488 849 1546 Pharisaei.
878 1488 957 1543 Tu
983 1503 1111 1542 vero
1153 1486 1282 1540 mihi
1313 1484 1683 1539 animadverte
1729 1499 1890 1552 quam
1931 1482 2155 1551 primam

571 1591 735 1649 ponat
763 1581 1095 1645 parabolam,
1127 1589 1182 1634 et
1207 1579 1477 1648 quomodo
1504 1578 1626 1632 illas
1649 1577 1930 1630 Matthazus
1954 1591 2157 1645 peror-

563 1673 744 1728 dinem
788 1681 970 1743 ponat.
1021 1672 1190 1738 Quam
1221 1686 1349 1742 ergo
1373 1671 1598 1740 primam
1629 1669 1801 1723 dicit?
1827 1667 1997 1732 Quam
2039 1682 2156 1720 ma-

564 1769 709 1822 xime
741 1769 963 1836 primam
992 1765 1172 1820 dicere
1193 1765 1501 1834 oportebat,
1548 1779 1666 1833 quze
1696 1762 1994 1816 auditorem
2040 1759 2155 1814 red-

563 1859 657 1912 dat
676 1858 1046 1913 attentiorem.
1090 1856 1221 1911 Nam
1244 1857 1366 1926 quia
1395 1853 1736 1924 aanigmatice
1767 1852 2155 1922 przetlicaturus

571 1960 708 2013 erat,
737 1952 1040 2006 auditorum
1065 1951 1300 2005 animum
1335 1949 1506 2018 primo
1535 1963 1631 2018 per
1671 1945 1978 2016 parabolam
2006 1944 2154 1998 exci—

563 2054 659 2100 tat.
690 2045 816 2101 ldeo
854 2045 990 2099 alter
1026 2043 1352 2113 evangelista
1398 2041 1512 2106 ait,
1545 2041 1626 2096 sic
1659 2039 1968 2109 increpasse
1997 2037 2151 2101 illos,

568 2137 713 2207 quod
746 2151 851 2191 non
897 2135 1260 2204 intelligerent
1288 2148 1302 2184 :
1337 2132 1604 2200 Quomodo
1631 2147 1733 2184 non
1761 2130 1917 2184 nostis
1947 2128 2156 2200 parabo-

565 2228 669 2282 lam
703 2227 721 2300 (
750 2227 916 2283 Marc.
942 2227 995 2281 4.
1022 2227 1089 2281 15
1121 2226 1182 2296 )?
1209 2224 1318 2279 Nec
1345 2224 1465 2279 ideo
1489 2225 1664 2277 solum
1692 2223 1744 2277 in
1776 2221 2044 2291 parabolis
2070 2221 2152 2275 lo~

564 2319 768 2389 quitur,
803 2319 895 2374 sed
925 2327 981 2373 ut
1008 2317 1212 2386 majore
1241 2332 1362 2371 cum
1393 2315 1636 2385 emphasi
1664 2315 1825 2370 verba
1855 2315 2072 2380 faceret,
2100 2323 2154 2368 et

564 2411 736 2480 magis
765 2411 1038 2464 memoria:
1057 2409 1410 2478 imprimeret,
1432 2422 1625 2477 resque
1650 2407 1749 2462 sub
1768 2415 2040 2476 aspectum
2061 2422 2152 2476 po-

560 2512 734 2558 iteret.
767 2503 855 2558 Sic
880 2513 934 2557 et
960 2503 1232 2572 propheta:
1262 2499 1485 2554 faciunt.

630 2595 684 2650 5.
712 2593 940 2648 Christus
963 2592 1214 2660 quomodo
1230 2592 1446 2645 exiit.——
1467 2589 1594 2657 Quae
1615 2597 1696 2644 est
1716 2604 1843 2659 ergo
1859 2589 2150 2660 parobola?

560 2683 692 2738 Ecce
715 2684 836 2738 exiit
877 2685 962 2754 qui
985 2683 1196 2737 seminat
1221 2682 1490 2735 seminare.
1516 2681 1666 2735 Unde
1689 2683 1817 2735 exnit
1842 2681 1932 2748 qui
1956 2682 2151 2751 ubique

559 2789 800 2844 praesens
829 2786 929 2837 est,
953 2774 1044 2844 qui
1075 2774 1252 2828 omnia
1283 2773 1504 2843 implet?
1532 2772 1800 2841 quomodo
1833 2774 2003 2827 exiit?
2032 2773 2146 2827 Non

558 2867 702 2933 loco,
728 2868 822 2923 sed
849 2868 1032 2922 habitu
1062 2876 1118 2921 et
1145 2865 1546 2936 dispensatione
1580 2880 1683 2934 qua
1715 2875 1893 2920 nostra
1922 2868 2145 2931 curavit,

559 2963 779 3034 propior
817 2962 971 3017 nobis
1010 2960 1179 3016 factus
1206 2962 1277 3016 ob
1329 2960 1580 3014 amictum
1611 2959 1808 3014 carnis.
1836 2960 1966 3026 Quia
2005 2958 2146 3013 enim

557 3071 656 3111 nos
685 3055 887 3126 ingredi
919 3070 1025 3109 non
1048 3063 1357 3123 poteramus
1377 3093 1392 3116 ,
1421 3052 1559 3123 quod
1593 3061 1805 3121 peccata
1837 3061 2016 3106 noslra
2045 3068 2147 3106 no-

557 3149 639 3204 bis
662 3147 866 3202 aditum
904 3145 1339 3209 intercluderent,
1366 3145 1481 3213 ipse
1506 3144 1573 3198 ad
1616 3158 1714 3198 nos
1753 3143 2042 3213 egreditur.
2080 3143 2148 3198 Et

554 3255 650 3295 cur
675 3255 924 3310 egressura
951 3239 1074 3294 est?
1105 3247 1164 3292 ut
1189 3237 1441 3306 perderet
1463 3246 1658 3292 terram
1695 3239 1864 3306 spinis
1895 3238 2146 3306 plenam?

556 3333 624 3387 ad
650 3332 946 3402 puniendos
984 3332 1289 3402 agricolas?
1330 3331 1708 3401 Nequaquam;
1752 3331 1845 3385 sed
1886 3331 1954 3386 ad
1980 3346 2145 3388 exco-

554 3424 765 3478 lendam
793 3422 1189 3492 curandamque
1219 3432 1438 3487 terram,
1465 3430 1520 3476 et
1537 3422 1603 3474 ad
1633 3423 2000 3476 seminandum
2033 3424 2146 3492 pie-

554 3514 676 3568 tatis
703 3528 1028 3568 sermonem.
1077 3512 1273 3568 Semen
1311 3512 1507 3582 quippe
1537 3511 1624 3566 hic
1652 3511 1948 3567 doctrinam
1978 3512 2139 3577 dicit;

553 3619 738 3658 arvum
753 3619 901 3670 vero,
925 3603 1199 3657 hominum
1216 3603 1444 3665 animas;
1465 3603 1862 3668 seminatorem,
1883 3603 2137 3672 seipsum.

552 3695 690 3762 Quid
732 3695 888 3764 igitur
913 3694 974 3751 fit
1011 3695 1079 3749 de
1105 3695 1207 3749 hoc
1245 3694 1487 3749 semine?
1509 3693 1644 3749 Tres
1673 3705 1898 3763 pereunt
1939 3705 2137 3765 partes,

553 3798 658 3840 una
685 3794 948 3840 servatur.
970 3785 1024 3839 4.
1055 3784 1122 3837 Ει
1151 3785 1273 3837 dum
1300 3786 1586 3850 seminaret,
1611 3785 1737 3850 alia,
1777 3785 1966 3854 inquit,
2007 3789 2140 3840 ceci-

551 3877 672 3931 dere
697 3892 838 3931 secus
867 3877 1016 3937 viam,
1046 3884 1092 3929 et
1116 3885 1352 3931 venerunt
1373 3877 1599 3930 volucres
1628 3877 1760 3941 cwli,
1811 3886 1857 3929 et
1905 3879 2141 3932 comede-

552 3979 670 4024 runt
689 3985 767 4023 ea.
789 3967 971 4038 Neque
991 3969 1150 4033 dixit,
1182 3982 1241 4023 se
1261 3967 1477 4037 jecisse,
1501 3968 1596 4024 sed
1641 3967 1902 4023 cecidisse
1928 3985 2135 4026 semen.

553 4061 608 4116 5.
636 4060 882 4127 Quasdam
900 4075 1016 4113 uero
1040 4076 1192 4129 super
1216 4069 1436 4130 petrosa,
1458 4061 1541 4114 ubi
1568 4077 1668 4114 non
1691 4061 1937 4115 habebant
1955 4071 2142 4116 terram

549 4153 766 4207 ntultam
789 4167 809 4216 ;
838 4161 886 4205 et
903 4153 1142 4206 continuo
1162 4162 1336 4206 exorta
1364 4161 1502 4219 sunt,
1529 4153 1647 4222 quia
1667 4169 1767 4206 non
1795 4153 2040 4209 habebant
2061 4156 2140 4209 al-

553 4243 814 4297 titudinem
836 4252 999 4298 teme.
1025 4243 1078 4296 6.
1103 4240 1229 4297 Sole
1247 4252 1414 4296 autem
1432 4252 1544 4296 orto
1567 4253 1926 4309 wstuaverunt,
1955 4255 2000 4300 et
2020 4247 2141 4316 quia

553 4349 656 4388 non
683 4333 928 4387 habebant
951 4333 1190 4398 radicem,
1222 4341 1479 4388 aruerunt.
1505 4335 1558 4388 7.
1585 4335 1832 4400 Quaedam
1858 4345 2028 4390 autem
2055 4354 2139 4392 ce-

552 4425 783 4479 ciderunt
806 4425 938 4480 inter
957 4427 1162 4492 spinas;
1195 4434 1240 4478 et
1273 4435 1530 4480 creuerunt
1557 4426 1743 4496 spinae,
1785 4437 1830 4481 et
1863 4426 2142 4494 suifocave-

554 4525 671 4570 runt
701 4533 782 4572 ea.
808 4516 860 4572 8.
892 4517 1142 4584 Quaedam
1187 4533 1301 4572 vero
1329 4519 1383 4571 in
1413 4527 1598 4572 terram
1623 4519 1842 4583 bonam;
1872 4529 1920 4575 et
1953 4522 2143 4576 dabant

555 4610 777 4679 fructum
797 4648 813 4674 ,
845 4611 987 4663 aliud
1011 4612 1337 4664 centesimum
1357 4652 1370 4674 ,
1399 4611 1543 4664 aliud
1569 4614 1970 4684 sexagesimum,
2001 4615 2143 4668 aliud

553 4701 886 4772 trigesimum.
905 4701 959 4756 9.
987 4701 1088 4768 Qui
1107 4702 1254 4756 habet
1276 4718 1424 4756 aures
1439 4703 1701 4768 audiendi,
1727 4706 1921 4760 audiat.
1946 4706 2142 4772 Quarta

555 4808 681 4864 pars
711 4802 921 4848 servata
947 4801 1061 4859 est;
1092 4809 1269 4863 neque
1298 4793 1386 4847 illa
1414 4795 1710 4865 aequaliter,
1749 4797 1842 4852 sed
1870 4797 2031 4851 etiam
2058 4797 2144 4853 hic

554 4898 808 4953 magnum
840 4882 1126 4939 discrimen
1153 4892 1254 4938 est.
1279 4883 1372 4938 llis
1396 4884 1679 4955 signiﬁcat,
1702 4902 1761 4942 se
1792 4887 1993 4942 aﬂ‘atim
2026 4904 2143 4943 om-

556 4975 714 5029 nibus
740 4974 901 5044 loqui.
929 4973 1076 5029 Sicut
1105 4973 1246 5028 enim
1275 4975 1320 5029 is
1342 4975 1432 5044 qui
1473 4976 1702 5030 seminat
1732 4993 1836 5031 nou
1869 4977 2145 5050 distinguit

553 5081 782 5131 arvum,
827 5065 922 5120 sed
969 5065 1282 5135 simpliciter
1330 5075 1384 5122 et
1429 5067 1888 5123 indiscriminatim
1939 5071 2142 5126 semina

556 5157 719 5212 mittit
748 5174 761 5210 :
786 5156 866 5212 sic
889 5163 944 5211 et
969 5156 1057 5212 ille
1079 5171 1185 5212 non
1217 5155 1466 5222 divitem,
1503 5173 1609 5213 non
1640 5173 1928 5228 pauperem
1957 5160 2145 5216 distin-

553 5249 686 5317 guit,
729 5261 835 5302 non
862 5247 1178 5316 sapientem,
1218 5261 1324 5301 non
1357 5247 1718 5317 insipientem.
1769 5265 1876 5304 non
1903 5265 2140 5321 segnem,

556 5354 663 5394 non
693 5339 1014 5404 studiosum,
1033 5354 1140 5393 non
1171 5348 1468 5402 strenuum,
1489 5354 1594 5394 non
1626 5339 1888 5408 druidum,
1908 5342 2000 5396 sed
2031 5357 2143 5396 om-

556 5431 716 5486 nibus
768 5431 1119 5501 loquebatur,
1159 5445 1278 5499 quze
1309 5445 1401 5484 sua
1427 5439 1581 5484 erant
1621 5431 1885 5499 impleas,
1935 5432 2145 5487 etiamsi

555 5523 734 5579 futura
771 5525 1081 5593 prazseiret:
1116 5531 1176 5576 ut
1211 5522 1391 5577 dicere
1419 5531 1599 5592 posset
1627 5541 1640 5576 :
1674 5523 1809 5588 Quid
1833 5526 2145 5594 meoportuit

559 5620 725 5687 facere
749 5655 765 5680 ,
797 5623 844 5668 et
878 5631 980 5668 non
1018 5615 1116 5686 feci
1140 5611 1290 5685 (Isai.
1319 5614 1374 5669 5.
1407 5613 1500 5683 Al)?
1526 5614 1594 5669 Et
1617 5614 1891 5684 prepheta:
1930 5616 2144 5685 quidem

558 5703 630 5760 de
656 5703 851 5775 populo
874 5705 1025 5775 quasi
1053 5705 1122 5760 dc
1165 5705 1318 5760 vinea
1347 5705 1635 5777 loqttuntur
1661 5724 1674 5759 :
1715 5706 1875 5762 Vinea
1902 5708 2044 5763 enim
2065 5712 2144 5779 fa-

560 5807 646 5854 cta
671 5805 747 5853 est
786 5794 972 5854 dilecto
997 5795 1049 5871 (ι
1055 5794 1185 5869 bid.)
1207 5837 1224 5863 ,
1253 5796 1451 5869 inquit;
1485 5807 1559 5867 et,
1590 5795 1801 5855 Vineam
1821 5799 1885 5855 de
1911 5797 2145 5871 Egyrw

1325 359 1382 416 S.
1411 357 1692 414 JOANNIS
1730 353 2206 414 CIIRYSOSTOMI
2246 353 2562 412 ARCHIEP.
2603 355 3138 415 GONSTANTINOP.

3759 364 3869 419 468

2271 472 2527 526 transtulit
2557 471 2740 545 (Psal.
2768 474 2857 530 79.
2887 473 2980 546 9);
3011 475 3103 531 ille
3139 490 3270 531 vero
3315 478 3468 548 quasi
3510 477 3580 536 de
3628 482 3866 539 semine.

2269 565 2405 632 Quid
2437 574 2614 620 autem
2638 567 2939 636 significat?
2965 567 3272 638 Promptam
3299 586 3442 626 nunc
3469 571 3580 628 fore
3603 574 3863 630 obedien-

2270 659 2416 723 tiam,
2446 668 2500 714 et
2524 657 2838 726 faciliorem,
2863 670 2917 714 et
2934 660 3043 714 cito
3068 660 3295 716 fructum
3324 662 3587 718 daturam.
3611 665 3746 720 Cum
3769 681 3868 721 au-

2271 759 2376 805 tem
2404 750 2559 804 audis
2589 768 2603 804 :
2635 750 2774 805 Exiit
2802 754 2887 822 qui
2907 753 3120 807 seminat
3143 754 3415 821 seminare,
3458 770 3564 809 non
3593 755 3731 810 idem
3756 759 3863 812 ite-

2269 843 2374 896 rari
2399 851 2571 912 putes.
2603 843 2759 914 Saepe
2779 845 2922 898 enim
2950 844 3040 913 qui
3059 845 3288 900 seminat
3306 846 3580 916 egreditur
3607 848 3672 902 ad
3702 850 3862 902 aliam

2266 951 2404 1000 rem,
2437 936 2520 990 vel
2561 944 2618 991 ut
2646 936 2864 992 novales
2884 938 3076 1000 sulcet,
3117 938 3201 992 vel
3237 947 3296 992 ut
3321 941 3490 993 malas
3520 939 3728 1008 plantas
3772 957 3861 994 re-

2265 1037 2433 1092 secet,
2462 1027 2544 1082 vel
2594 1036 2651 1082 ut
2693 1029 2875 1097 spinas
2921 1029 3136 1093 evellat,
3189 1031 3276 1084 vel
3327 1029 3471 1084 aliud
3509 1030 3634 1099 quid
3687 1031 3861 1087 simile

2265 1117 2466 1173 efﬁciat
2495 1136 2509 1171 :
2540 1117 2653 1188 ipse
2691 1102 2822 1174 vero
2847 1118 2912 1173 ad
2939 1119 3308 1174 seminandum
3341 1134 3589 1190 egressus
3614 1131 3716 1175 est.

2335 1212 2519 1265 Semen
2535 1211 2665 1279 perit
2682 1220 2874 1275 nostra,
2895 1227 2996 1264 non
3015 1213 3310 1266 seminantis
3333 1213 3503 1282 culpa.
3517 1214 3686 1280 Quare
3712 1213 3859 1269 Chri-

2262 1313 2368 1357 stus
2411 1304 2679 1374 allegorice
2719 1304 2852 1358 male
2877 1305 3151 1372 dispositas
3178 1307 3376 1360 animas
3416 1305 3766 1376 designaverit.
3787 1337 3858 1347 —

2265 1393 2563 1458 Uudeuam,
2595 1409 2777 1463 qumso
2799 1438 2814 1462 ,
2855 1395 3050 1449 factum
3071 1404 3174 1461 est,
3207 1407 3263 1450 ut
3291 1397 3522 1452 maxima
3550 1413 3672 1466 pars
3692 1399 3855 1452 semi~
3898 1421 3914 1440 ι

2265 1486 2347 1539 nis
2389 1486 2628 1556 periret?
2657 1487 2770 1542 Non
2799 1502 2863 1542 ex
2892 1488 3191 1543 scminante
3225 1489 3277 1543 id
3299 1500 3474 1544 ortum
3505 1499 3586 1545 est
3604 1533 3619 1554 ,
3648 1492 3740 1545 sed
3788 1507 3854 1545 ex

2265 1587 2400 1631 terra
2427 1593 2611 1633 semen
2639 1578 2967 1648 excipiente;
3001 1580 3052 1634 id
3080 1589 3182 1648 est,
3203 1597 3270 1636 ex
3295 1581 3472 1638 anima
3498 1598 3602 1637 non
3630 1584 3852 1638 audien-

2263 1677 2333 1722 tc.
2366 1669 2430 1723 Et
2454 1685 2555 1738 qua
2577 1670 2643 1724 de
2671 1685 2830 1725 causa
2861 1686 2964 1724 non
2988 1672 3136 1736 dicit,
3158 1673 3358 1730 inertes
3387 1675 3487 1730 alia
3515 1678 3716 1731 semina
3735 1693 3854 1732 sus-

2260 1761 2504 1829 cepisse,
2539 1777 2710 1831 eaque
2749 1763 3082 1833 perdidisse;
3110 1764 3214 1818 alia
3256 1765 3470 1829 divites,
3502 1777 3557 1822 et
3582 1783 3644 1822 ea
3688 1768 3851 1824 suffo-

2260 1869 2445 1918 casse;
2473 1855 2578 1909 alia
2621 1855 2834 1922 molles,
2881 1873 3050 1928 eaque
3079 1858 3412 1926 prodidisse?
3439 1860 3554 1914 Non
3602 1863 3716 1917 vult
3755 1879 3850 1918 eos

2262 1945 2630 2002 vehementius
2654 1948 2922 2014 insectari,
2956 1965 3024 2004 ne
3052 1950 3108 2004 in
3135 1950 3558 2020 desperationem
3579 1955 3844 2024 conjiciat,

2259 2038 2352 2091 sed
2381 2038 2507 2093 illud
2526 2040 2857 2110 arguentium
2879 2039 3184 2096 auditorum
3210 2044 3553 2100 conscientia:
3578 2046 3844 2117 relinquit.

2259 2130 2372 2184 Non
2404 2140 2580 2184 autem
2607 2146 2791 2186 semen
2820 2140 3025 2188 tantum
3055 2133 3159 2189 hoc
3188 2149 3402 2204 passum
3429 2145 3530 2201 est,
3553 2136 3666 2191 sed'
3687 2139 3846 2192 etiam

2257 2239 2474 2293 sageua.
2501 2224 2630 2278 Nam
2654 2234 2709 2280 et
2751 2226 2841 2280 illa
2871 2226 3074 2282 inutilia
3120 2227 3287 2282 multa
3324 2228 3461 2282 tulit.
3494 2228 3641 2283 Hanc
3687 2245 3848 2300 porro

2257 2314 2568 2384 parabolam
2589 2315 2752 2380 dixit,
2785 2326 2841 2370 ut
2866 2316 3159 2388 discipulos
3182 2328 3462 2374 exerceret
3489 2319 3811 2390 duceretque
3829 2363 3843 2384 ,

2257 2416 2316 2460 ut
2343 2408 2384 2460 si
2417 2407 2552 2462 inter
2583 2423 2678 2463 eos
2722 2409 2811 2478 qui
2841 2424 3024 2464 semen
3069 2411 3387 2479 reciperent,
3419 2411 3600 2480 plures
3625 2423 3806 2468 essent
3827 2453 3844 2478 ,

2254 2500 2342 2568 qui
2367 2499 2494 2553 illud
2547 2500 2850 2568 perderent,
2881 2515 2948 2556 ne
2995 2501 3176 2556 animo
3211 2503 3576 2558 conciderent.
3629 2503 3761 2558 Nam
3791 2514 3847 2560 et

2257 2592 2480 2645 Domino
2508 2592 2557 2646 id
2588 2593 2815 2657 accidit;
2861 2603 2918 2649 et
2943 2594 3034 2661 qui
3086 2595 3242 2664 plane
3271 2605 3512 2665 noverat,
3561 2598 3673 2653 haec
3723 2613 3845 2655 esse

2253 2683 2448 2748 futura,
2471 2685 2735 2739 seminare
2767 2700 2870 2741 non
2921 2685 3147 2742 destitit.
3179 2687 3247 2741 Et
3279 2705 3379 2758 qua
3423 2690 3490 2744 de
3527 2705 3708 2754 causa,
3757 2692 3843 2746 iu-

2253 2775 2426 2843 quies,
2467 2775 2520 2828 in
2549 2776 2716 2844 spinis
2746 2777 3014 2832 seminare
3036 2819 3051 2842 ,
3084 2793 3242 2847 supra
3278 2791 3502 2848 petram,
3548 2782 3600 2836 in
3630 2783 3754 2837 via?
3783 2784 3841 2840 In

2253 2866 2568 2933 seminibus,
2602 2877 2657 2922 et
2687 2867 2738 2921 in
2788 2879 2951 2934 terra,
2993 2870 3134 2923 nulla
3163 2881 3308 2926 esset
3337 2873 3473 2926 ratio
3506 2891 3517 2926 :
3552 2874 3604 2928 in
3634 2875 3843 2930 anima-

2254 2957 2351 3012 bus
2379 2968 2640 3014 autemet
2665 2959 2714 3013 in
2745 2959 3015 3026 doctrina,
3045 2962 3094 3016 id
3123 2978 3463 3032 summopere
3493 2966 3838 3024 laudandum.

2251 3048 2494 3118 Agricola
2524 3050 2666 3103 enim
2693 3051 2816 3120 jure
2840 3053 3145 3120 culparetur
3171 3054 3215 3108 si
3264 3053 3317 3110 id
3348 3054 3581 3111 faceret:
3609 3075 3715 3113 non
3744 3075 3840 3128 po-

2253 3147 2356 3193 test
2379 3139 2520 3192 enini
2550 3149 2698 3208 petra
2731 3142 2845 3195 lieri
2886 3151 3049 3208 terra,
3079 3159 3253 3214 neque
3291 3147 3375 3200 via
3429 3162 3532 3202 non
3563 3164 3682 3204 esse
3710 3151 3793 3204 via
3819 3195 3838 3218 ,

2252 3244 2424 3299 neque
2453 3241 2674 3300 possunt
2705 3231 2872 3301 spiuzr.
2897 3248 3002 3286 non
3022 3248 3142 3288 esse
3161 3237 3328 3304 Spina:
3358 3253 3372 3288 :
3404 3237 3454 3290 in
3488 3239 3840 3298 rationalibus

2249 3331 2427 3377 autem
2475 3337 2581 3377 non
2617 3325 2694 3378 sic
2727 3343 2738 3376 :
2775 3336 2950 3394 potest
2974 3329 3116 3381 enim
3148 3341 3297 3397 petra
3320 3333 3513 3384 mutari
3537 3333 3588 3386 in
3605 3332 3837 3390 fertilem

2251 3423 2468 3479 terram,
2499 3417 2688 3485 viaque
2718 3433 2822 3470 non
2846 3418 2981 3472 ultra
3005 3420 3400 3477 conculcariah
3426 3425 3672 3480 omnibus
3695 3441 3837 3495 pra:-

2250 3505 2602 3570 lereuntibus,
2633 3523 2859 3578 esseque
2883 3511 3094 3579 pinguis
3123 3527 3285 3582 ager;
3309 3515 3584 3585 Spinreque
3614 3529 3840 3587 possunt

2247 3599 2402 3654 evelli
2427 3640 2442 3664 ,
2471 3601 2540 3654 ita
2569 3603 2842 3656 utsemina
2873 3603 2937 3656 iis
2961 3604 3176 3659 liberata
3201 3605 3667 3665 fructiﬁcent.Nisi
3690 3613 3836 3667 enim

2246 3690 2298 3744 id
2327 3701 2505 3760 posset
2532 3691 2669 3759 ﬁeri,
2703 3708 2805 3748 non
2832 3695 3151 3750 seminasset
3179 3697 3287 3752 ille.
3321 3699 3474 3768 Quod
3508 3703 3551 3755 si
3579 3701 3694 3757 haec
3719 3720 3840 3759 mu-

2247 3784 2376 3837 tatio
2420 3783 2472 3838 in
2517 3785 2766 3839 omnibus
2794 3784 2926 3839 facta
2968 3802 3072 3841 non
3098 3788 3187 3854 sit,
3217 3788 3270 3843 id
3301 3807 3405 3844 non
3431 3807 3497 3846 ex
3527 3795 3837 3851 sentinante

2249 3873 2528 3942 provenit,
2558 3874 2651 3928 sed
2672 3891 2737 3929 ex
2766 3875 2831 3930 iis
2857 3877 2945 3946 qui
2979 3879 3168 3933 mutari
3220 3881 3526 3938 noluerunt.
3578 3884 3710 3940 Nam
3741 3887 3838 3942 ille

2245 3962 2460 4030 quidem
2486 3980 2606 4034 quae
2653 3965 2819 4034 ipsius
2845 3976 2999 4021 erant
3023 3967 3201 4023 eﬁ‘ecit
3227 3988 3240 4023 :
3269 3971 3312 4025 si
3338 3988 3468 4027 vero
3499 3974 3572 4028 illi
3598 3993 3716 4044 qua:
3739 3992 3833 4032 ac-

2245 4063 2502 4123 ceperant
2547 4055 2615 4109 ab
2655 4071 2720 4110 eo
2765 4057 3145 4126 prodiderunt.
3174 4062 3290 4116 sine
3316 4065 3469 4133 culpa
3510 4067 3596 4120 ille
3620 4078 3701 4122 est
3737 4070 3830 4137 qui

2248 4154 2449 4199 tantam
2496 4145 2872 4216 benignitatem
2921 4150 3183 4205 exhibuit.
3237 4152 3316 4208 Tu
3350 4171 3478 4209 vero
3516 4157 3641 4212 illud
3691 4160 3831 4215 mihi

2246 4235 2535 4305 perpende,
2565 4253 2668 4291 non
2691 4254 2849 4292 unam
2868 4255 2988 4295 esse
3011 4244 3268 4311 perniciei
3293 4247 3451 4309 viam,
3471 4248 3564 4303 sed
3589 4250 3835 4309 diversas

2247 4341 2367 4382 esse
2397 4327 2633 4397 aliasque
2662 4330 2730 4383 ab
2755 4329 2874 4384 aliis
2897 4330 3132 4387 dissitas.
3161 4335 3263 4389 Alii
3292 4353 3520 4408 namque
3557 4342 3653 4396 via:
3687 4345 3838 4399 simi-

2247 4423 2325 4473 les
2345 4427 2488 4486 sunt,
2521 4429 2579 4474 ut
2605 4421 2866 4488 forenses,
2908 4438 3100 4493 segnes
3129 4438 3182 4482 et
3211 4430 3570 4499 negligentes;
3613 4434 3700 4488 alii
3745 4453 3839 4505 pe-

2248 4518 2384 4564 tram
2412 4509 2727 4575 referentes,
2771 4512 3093 4570 inlirmiores
3119 4529 3262 4571 sunt.
3301 4518 3391 4573 2i.
3426 4520 3576 4586 Quod
3613 4524 3665 4577 in
3694 4535 3840 4594 petra

2246 4602 2520 4655 seminatur
2547 4618 2736 4666 semen,
2762 4604 2949 4675 inquit,
2983 4608 3134 4675 refert
3154 4607 3300 4661 illum
3320 4610 3406 4679 qui
3434 4613 3635 4665 verbum
3668 4617 3834 4681 audit,

2247 4705 2293 4747 et
2316 4696 2485 4747 statim
2506 4710 2618 4747 cum
2645 4695 2830 4765 gaudio
2854 4699 3065 4768 accipit;
3095 4700 3184 4754 21.
3207 4703 3297 4754 sed
3316 4719 3417 4758 non
3443 4705 3588 4760 habet
3611 4709 3839 4762 radicem

2247 4785 2300 4838 in
2325 4785 2507 4853 seipse,
2534 4795 2580 4837 et
2610 4785 2678 4837 ad
2698 4796 2894 4856 tempus
2921 4798 3115 4842 tantum
3132 4793 3357 4846 consistit
3383 4811 3402 4847 :
3430 4796 3520 4849 scd
3543 4797 3840 4852 adveniente

2249 4885 2454 4945 propter
2476 4874 2679 4930 uerbum
2698 4877 3005 4946 calamitate,
3033 4881 3111 4934 vel
3137 4887 3536 4956 persequutione,
3559 4891 3733 4943 statim
3757 4896 3840 4963 of-

2257 4963 2539 5031 fertdit.l9.
2560 4967 2692 5022 Cum
2709 4986 2826 5024 vero
2838 4972 2954 5040 quis
2973 4974 3124 5027 audit
3139 4977 3347 5031 verbum
3365 4981 3600 5033 ueritatis
3623 4982 3715 5042 ‘,et
3732 4998 3840 5034 non

2248 5056 2518 5127 intelligit,
2562 5059 2695 5111 venit
2723 5059 2997 5130 malignus,
3040 5071 3087 5114 et
3111 5062 3332 5131 rapit'id
3372 5067 3509 5133 quod
3535 5070 3840 5124 seminatun:

2249 5157 2356 5202 erat
2389 5149 2444 5202 in
2470 5149 2622 5203 corde
2647 5150 2824 5220 ipsius.
2859 5149 2972 5204 Hoc
2992 5161 3065 5206 est
3084 5170 3252 5208 semen
3276 5158 3430 5227 juxta
3452 5161 3583 5214 uiam
3613 5163 3834 5232 jactura.

2248 5241 2364 5296 Non
2407 5251 2489 5296 est
2515 5252 2692 5297 autem
2723 5243 2947 5313 :eqnale,
2987 5245 3203 5302 nemine
3252 5261 3498 5318 vexante,
3535 5254 3625 5309 vel
3674 5259 3833 5312 mole-

2250 5332 2405 5386 stiam
2433 5331 2713 5394 inferente.
2742 5333 3039 5390 doctrinam
3059 5338 3342 5402 exsiccari.
3371 5352 3426 5395 et
3455 5343 3692 5401 instante
3723 5359 3834 5402 teu-

2251 5423 2453 5480 tationc
2483 5423 2710 5492 idipsum
2760 5423 2874 5480 ﬁeri
2905 5441 2918 5478 :
2953 5428 3042 5496 qui
3070 5443 3200 5484 vero
3227 5431 3396 5502 apinis
3424 5433 3629 5490 similes
3674 5447 3797 5491 suut
3819 5478 3838 5504 ,

2254 5516 2433 5570 minus
2462 5514 2544 5568 his
2565 5524 2689 5570 sunt
2717 5517 2872 5572 venia
2894 5517 3061 5588 digni.

2314 5609 2369 5664 4.
2409 5608 2488 5664 Ne
2505 5609 2661 5680 igitur
2682 5625 2867 5666 eorum
2888 5612 3157 5684 quidpiam
3179 5615 3464 5688 patiamur,
3497 5618 3612 5676 haec
3634 5619 3839 5677 semina

2320 5811 2338 5842 ι
2373 5809 2478 5872 alii,
2504 5810 2698 5865 verbum
2725 5815 2892 5886 regni.
