  <div class='ocr_page' id='page_1' title='image "/cluster/home/n/w/nwhite01/storage/ocr_20150623/57/nnc1.0046980075/395.png"; bbox 0 0 4084 6354; ppageno 0'>
   <div class='ocr_carea' id='block_1_1' title="bbox 353 396 458 466">
    <p class='ocr_par' dir='ltr' id='par_1_1' title="bbox 353 396 458 466">
     <span class='ocr_line' id='line_1_1' title="bbox 353 396 458 466; baseline 0 -18"><span class='ocrx_word' id='word_1_1' title='bbox 353 396 458 466; x_wconf 67' lang='grc' dir='ltr'>ισο</span> 
     </span>
    </p>
   </div>
   <div class='ocr_carea' id='block_1_2' title="bbox 355 509 2019 586">
    <p class='ocr_par' dir='ltr' id='par_1_2' title="bbox 355 509 2019 586">
     <span class='ocr_line' id='line_1_2' title="bbox 355 509 2019 586; baseline 0.004 -26"><span class='ocrx_word' id='word_1_2' title='bbox 355 510 446 560; x_wconf 74' lang='grc' dir='ltr'>καὶ</span> <span class='ocrx_word' id='word_1_3' title='bbox 467 509 703 580; x_wconf 78' lang='grc' dir='ltr'>ἁρπάζει</span> <span class='ocrx_word' id='word_1_4' title='bbox 723 510 752 562; x_wconf 86' lang='lat'>6</span> <span class='ocrx_word' id='word_1_5' title='bbox 781 509 1046 574; x_wconf 88' lang='grc' dir='ltr'>διάϐολος,</span> <span class='ocrx_word' id='word_1_6' title='bbox 1070 512 1185 565; x_wconf 88' lang='grc' dir='ltr'>ἀλλ’</span> <span class='ocrx_word' id='word_1_7' title='bbox 1207 515 1368 584; x_wconf 82' lang='grc' dir='ltr'>ἡμεῖς</span> <span class='ocrx_word' id='word_1_8' title='bbox 1404 515 1583 584; x_wconf 90' lang='grc' dir='ltr'>κύριοι</span> <span class='ocrx_word' id='word_1_9' title='bbox 1611 515 1704 569; x_wconf 90' lang='grc' dir='ltr'>τοῦ</span> <span class='ocrx_word' id='word_1_10' title='bbox 1731 516 1806 586; x_wconf 76' lang='grc' dir='ltr'>μὴ</span> <span class='ocrx_word' id='word_1_11' title='bbox 1842 516 2019 586; x_wconf 79' lang='grc' dir='ltr'>ἁρπα-</span> 
     </span>
    </p>
   </div>
   <div class='ocr_carea' id='block_1_3' title="bbox 351 595 2020 670">
    <p class='ocr_par' dir='ltr' id='par_1_3' title="bbox 351 595 2020 670">
     <span class='ocr_line' id='line_1_3' title="bbox 351 595 2020 670; baseline 0.004 -25"><span class='ocrx_word' id='word_1_12' title='bbox 351 595 542 664; x_wconf 84' lang='grc' dir='ltr'>γῆναι·</span> <span class='ocrx_word' id='word_1_13' title='bbox 582 597 632 647; x_wconf 86' lang='grc' dir='ltr'>εἰ</span> <span class='ocrx_word' id='word_1_14' title='bbox 679 597 774 648; x_wconf 79' lang='grc' dir='ltr'>καὶ</span> <span class='ocrx_word' id='word_1_15' title='bbox 806 595 1118 666; x_wconf 79' lang='grc' dir='ltr'>ξηραίνεται</span> <span class='ocrx_word' id='word_1_16' title='bbox 1145 600 1214 653; x_wconf 80' lang='grc' dir='ltr'>τὰ</span> <span class='ocrx_word' id='word_1_17' title='bbox 1248 601 1562 670; x_wconf 85' lang='grc' dir='ltr'>σπέρματα,</span> <span class='ocrx_word' id='word_1_18' title='bbox 1619 601 1680 654; x_wconf 84' lang='grc' dir='ltr'>ού</span> <span class='ocrx_word' id='word_1_19' title='bbox 1728 601 1880 670; x_wconf 86' lang='grc' dir='ltr'>παρά</span> <span class='ocrx_word' id='word_1_20' title='bbox 1929 601 2020 652; x_wconf 84' lang='grc' dir='ltr'>τὸν</span> 
     </span>
    </p>
   </div>
   <div class='ocr_carea' id='block_1_4' title="bbox 352 677 2019 754">
    <p class='ocr_par' dir='ltr' id='par_1_4' title="bbox 352 677 2019 754">
     <span class='ocr_line' id='line_1_4' title="bbox 352 677 2019 754; baseline 0.005 -26"><span class='ocrx_word' id='word_1_21' title='bbox 352 677 605 730; x_wconf 76' lang='grc' dir='ltr'>καύσωνα</span> <span class='ocrx_word' id='word_1_22' title='bbox 666 678 822 732; x_wconf 90' lang='grc' dir='ltr'>τοῦτο</span> <span class='ocrx_word' id='word_1_23' title='bbox 881 679 1090 748; x_wconf 90' lang='grc' dir='ltr'>γίνεται</span> <span class='ocrx_word' id='word_1_24' title='bbox 1147 683 1239 751; x_wconf 85' lang='grc' dir='ltr'>(οὐ</span> <span class='ocrx_word' id='word_1_25' title='bbox 1297 682 1405 754; x_wconf 91' lang='lat'>7&amp;9</span> <span class='ocrx_word' id='word_1_26' title='bbox 1453 677 1638 746; x_wconf 74' lang='grc' dir='ltr'>εἶπεν,</span> <span class='ocrx_word' id='word_1_27' title='bbox 1680 685 1762 737; x_wconf 84' lang='grc' dir='ltr'>ὅτι</span> <span class='ocrx_word' id='word_1_28' title='bbox 1809 684 1896 737; x_wconf 84' lang='grc' dir='ltr'>διά</span> <span class='ocrx_word' id='word_1_29' title='bbox 1929 685 2019 736; x_wconf 80' lang='grc' dir='ltr'>τὸν</span> 
     </span>
    </p>
   </div>
   <div class='ocr_carea' id='block_1_5' title="bbox 351 760 2019 838">
    <p class='ocr_par' dir='ltr' id='par_1_5' title="bbox 351 760 2019 838">
     <span class='ocr_line' id='line_1_5' title="bbox 351 760 2019 838; baseline 0.005 -26"><span class='ocrx_word' id='word_1_30' title='bbox 351 760 606 815; x_wconf 84' lang='grc' dir='ltr'>καύσωνα</span> <span class='ocrx_word' id='word_1_31' title='bbox 654 762 945 834; x_wconf 81' lang='grc' dir='ltr'>ἐξηράνθη,</span> <span class='ocrx_word' id='word_1_32' title='bbox 979 764 1113 820; x_wconf 87' lang='grc' dir='ltr'>ἀλλά</span> <span class='ocrx_word' id='word_1_33' title='bbox 1162 766 1251 820; x_wconf 82' lang='grc' dir='ltr'>διὰ</span> <span class='ocrx_word' id='word_1_34' title='bbox 1293 767 1354 819; x_wconf 87' lang='grc' dir='ltr'>τὺ</span> <span class='ocrx_word' id='word_1_35' title='bbox 1401 768 1476 838; x_wconf 87' lang='grc' dir='ltr'>μὴ</span> <span class='ocrx_word' id='word_1_36' title='bbox 1532 767 1676 838; x_wconf 80' lang='grc' dir='ltr'>ἔχειν</span> <span class='ocrx_word' id='word_1_37' title='bbox 1709 767 1862 838; x_wconf 73' lang='grc' dir='ltr'>ῥίζαν</span> <span class='ocrx_word' id='word_1_38' title='bbox 1970 769 2019 820; x_wconf 89' lang='grc' dir='ltr'>εί</span> 
     </span>
    </p>
   </div>
   <div class='ocr_carea' id='block_1_6' title="bbox 351 844 2016 922">
    <p class='ocr_par' dir='ltr' id='par_1_6' title="bbox 351 844 2016 922">
     <span class='ocr_line' id='line_1_6' title="bbox 351 844 2016 922; baseline 0.005 -26"><span class='ocrx_word' id='word_1_39' title='bbox 351 845 445 896; x_wconf 67' lang='lat' dir='ltr'><strong>zeal</strong></span> <span class='ocrx_word' id='word_1_40' title='bbox 483 844 839 913; x_wconf 89' lang='grc' dir='ltr'>ἀποπνίγεται</span> <span class='ocrx_word' id='word_1_41' title='bbox 888 847 956 901; x_wconf 87' lang='grc' dir='ltr'>τά</span> <span class='ocrx_word' id='word_1_42' title='bbox 997 848 1286 920; x_wconf 87' lang='grc' dir='ltr'>λεγόμενα,</span> <span class='ocrx_word' id='word_1_43' title='bbox 1331 851 1389 903; x_wconf 82' lang='grc' dir='ltr'>ού</span> <span class='ocrx_word' id='word_1_44' title='bbox 1428 851 1578 922; x_wconf 82' lang='grc' dir='ltr'>παρὰ</span> <span class='ocrx_word' id='word_1_45' title='bbox 1611 851 1709 914; x_wconf 79' lang='grc' dir='ltr'>τὰς</span> <span class='ocrx_word' id='word_1_46' title='bbox 1757 850 2016 914; x_wconf 85' lang='grc' dir='ltr'>ἀκάνθας,</span> 
     </span>
    </p>
   </div>
   <div class='ocr_carea' id='block_1_7' title="bbox 351 925 2017 1003">
    <p class='ocr_par' dir='ltr' id='par_1_7' title="bbox 351 925 2017 1003">
     <span class='ocr_line' id='line_1_7' title="bbox 351 925 2017 1003; baseline 0.005 -26"><span class='ocrx_word' id='word_1_47' title='bbox 351 925 486 979; x_wconf 86' lang='grc' dir='ltr'>ἀλλά</span> <span class='ocrx_word' id='word_1_48' title='bbox 541 926 690 995; x_wconf 82' lang='grc' dir='ltr'>παρά</span> <span class='ocrx_word' id='word_1_49' title='bbox 751 930 878 992; x_wconf 81' lang='grc' dir='ltr'>τοὺς</span> <span class='ocrx_word' id='word_1_50' title='bbox 941 932 1354 1003; x_wconf 83' lang='grc' dir='ltr'>συγχωροῦντας</span> <span class='ocrx_word' id='word_1_51' title='bbox 1395 937 1415 966; x_wconf 83' lang='grc'>²</span> <span class='ocrx_word' id='word_1_52' title='bbox 1473 933 1740 1002; x_wconf 82' lang='grc' dir='ltr'>ἀναϐῆναι</span> <span class='ocrx_word' id='word_1_53' title='bbox 1800 934 2017 996; x_wconf 87' lang='grc' dir='ltr'>ταύτας.</span> 
     </span>
    </p>
   </div>
   <div class='ocr_carea' id='block_1_8' title="bbox 355 1009 2020 1088">
    <p class='ocr_par' dir='ltr' id='par_1_8' title="bbox 355 1009 2020 1088">
     <span class='ocr_line' id='line_1_8' title="bbox 355 1009 2020 1088; baseline 0.006 -28"><span class='ocrx_word' id='word_1_54' title='bbox 355 1009 571 1062; x_wconf 87' lang='grc' dir='ltr'>Ἔνεστι</span> <span class='ocrx_word' id='word_1_55' title='bbox 620 1011 747 1081; x_wconf 84' lang='lat'><strong>7&amp;9,</strong></span> <span class='ocrx_word' id='word_1_56' title='bbox 776 1011 870 1064; x_wconf 76' lang='grc' dir='ltr'>ἐὰν</span> <span class='ocrx_word' id='word_1_57' title='bbox 910 1013 1089 1084; x_wconf 85' lang='grc' dir='ltr'>θέλῃς,</span> <span class='ocrx_word' id='word_1_58' title='bbox 1126 1015 1370 1069; x_wconf 85' lang='grc' dir='ltr'>κωλῦσαι</span> <span class='ocrx_word' id='word_1_59' title='bbox 1405 1016 1502 1088; x_wconf 82' lang='grc' dir='ltr'>τὴν</span> <span class='ocrx_word' id='word_1_60' title='bbox 1535 1018 1773 1087; x_wconf 77' lang='grc' dir='ltr'>πονηρὰν</span> <span class='ocrx_word' id='word_1_61' title='bbox 1816 1017 2020 1088; x_wconf 84' lang='grc' dir='ltr'>ταύτην</span> 
     </span>
    </p>
   </div>
   <div class='ocr_carea' id='block_1_9' title="bbox 353 1090 2022 1170">
    <p class='ocr_par' dir='ltr' id='par_1_9' title="bbox 353 1090 2022 1170">
     <span class='ocr_line' id='line_1_9' title="bbox 353 1090 2022 1170; baseline 0.006 -27"><span class='ocrx_word' id='word_1_62' title='bbox 353 1090 608 1162; x_wconf 78' lang='grc' dir='ltr'>βλάστην,</span> <span class='ocrx_word' id='word_1_63' title='bbox 639 1095 732 1146; x_wconf 74' lang='grc' dir='ltr'>καὶ</span> <span class='ocrx_word' id='word_1_64' title='bbox 758 1095 834 1164; x_wconf 81' lang='grc' dir='ltr'>τῷ</span> <span class='ocrx_word' id='word_1_65' title='bbox 866 1095 1078 1167; x_wconf 84' lang='grc' dir='ltr'>πλούτῳ</span> <span class='ocrx_word' id='word_1_66' title='bbox 1110 1100 1191 1160; x_wconf 90' lang='grc' dir='ltr'>εἰς</span> <span class='ocrx_word' id='word_1_67' title='bbox 1219 1100 1337 1152; x_wconf 87' lang='grc' dir='ltr'>δέον</span> <span class='ocrx_word' id='word_1_68' title='bbox 1370 1099 1696 1170; x_wconf 82' lang='grc' dir='ltr'>χρήσασθαι.</span> <span class='ocrx_word' id='word_1_69' title='bbox 1728 1099 1826 1152; x_wconf 84' lang='grc' dir='ltr'>Διά</span> <span class='ocrx_word' id='word_1_70' title='bbox 1867 1101 2022 1154; x_wconf 86' lang='grc' dir='ltr'>τοῦτο</span> 
     </span>
    </p>
   </div>
   <div class='ocr_carea' id='block_1_10' title="bbox 349 1171 2016 1250">
    <p class='ocr_par' dir='ltr' id='par_1_10' title="bbox 349 1171 2016 1250">
     <span class='ocr_line' id='line_1_10' title="bbox 349 1171 2016 1250; baseline 0.005 -25"><span class='ocrx_word' id='word_1_71' title='bbox 349 1175 448 1228; x_wconf 82' lang='grc' dir='ltr'>οὐκ</span> <span class='ocrx_word' id='word_1_72' title='bbox 469 1171 640 1241; x_wconf 73' lang='grc' dir='ltr'>εἶπεν,</span> <span class='ocrx_word' id='word_1_73' title='bbox 677 1177 734 1230; x_wconf 90' lang='grc' dir='ltr'>Ὀ</span> <span class='ocrx_word' id='word_1_74' title='bbox 758 1177 909 1242; x_wconf 82' lang='grc' dir='ltr'>αἰὼν,</span> <span class='ocrx_word' id='word_1_75' title='bbox 944 1179 1080 1241; x_wconf 88' lang='grc' dir='ltr'>ἀλλ’,</span> <span class='ocrx_word' id='word_1_76' title='bbox 1123 1180 1183 1233; x_wconf 88' lang='grc' dir='ltr'><strong><em>Ἠ</em></strong></span> <span class='ocrx_word' id='word_1_77' title='bbox 1204 1181 1458 1250; x_wconf 76' lang='grc' dir='ltr'>μέριμνα</span> <span class='ocrx_word' id='word_1_78' title='bbox 1488 1182 1592 1236; x_wconf 86' lang='grc' dir='ltr'>τοῦ</span> <span class='ocrx_word' id='word_1_79' title='bbox 1619 1183 1852 1247; x_wconf 74' lang='grc' dir='ltr'>αἰῶνος·</span> <span class='ocrx_word' id='word_1_80' title='bbox 1874 1182 2016 1241; x_wconf 71' lang='grc' dir='ltr'>οὐδὲ,</span> 
     </span>
    </p>
   </div>
   <div class='ocr_carea' id='block_1_11' title="bbox 363 1257 2019 1335">
    <p class='ocr_par' dir='ltr' id='par_1_11' title="bbox 363 1257 2019 1335">
     <span class='ocr_line' id='line_1_11' title="bbox 363 1257 2019 1335; baseline 0.006 -27"><span class='ocrx_word' id='word_1_81' title='bbox 363 1257 420 1308; x_wconf 88' lang='lat'><strong>&#39;0</strong></span> <span class='ocrx_word' id='word_1_82' title='bbox 449 1257 699 1323; x_wconf 89' lang='grc' dir='ltr'>πλοῦτος,</span> <span class='ocrx_word' id='word_1_83' title='bbox 735 1260 872 1324; x_wconf 76' lang='grc' dir='ltr'>ἀλλ’,</span> <span class='ocrx_word' id='word_1_84' title='bbox 916 1261 987 1316; x_wconf 82' lang='grc' dir='ltr'><em>Ἠ</em></span> <span class='ocrx_word' id='word_1_85' title='bbox 1020 1263 1216 1330; x_wconf 79' lang='grc' dir='ltr'>ἀπάτη</span> <span class='ocrx_word' id='word_1_86' title='bbox 1247 1265 1353 1317; x_wconf 83' lang='grc' dir='ltr'>τοῦ</span> <span class='ocrx_word' id='word_1_87' title='bbox 1391 1266 1679 1319; x_wconf 79' lang='grc' dir='ltr'>πλούτου.</span> <span class='ocrx_word' id='word_1_88' title='bbox 1723 1265 1814 1335; x_wconf 84' lang='grc' dir='ltr'>Μὴ</span> <span class='ocrx_word' id='word_1_89' title='bbox 1841 1265 2019 1318; x_wconf 79' lang='grc' dir='ltr'>τοίνυν</span> 
     </span>
    </p>
   </div>
   <div class='ocr_carea' id='block_1_12' title="bbox 349 1340 2018 1420">
    <p class='ocr_par' dir='ltr' id='par_1_12' title="bbox 349 1340 2018 1420">
     <span class='ocr_line' id='line_1_12' title="bbox 349 1340 2018 1420; baseline 0.006 -28"><span class='ocrx_word' id='word_1_90' title='bbox 349 1340 416 1392; x_wconf 79' lang='grc' dir='ltr'>τὰ</span> <span class='ocrx_word' id='word_1_91' title='bbox 448 1342 744 1410; x_wconf 86' lang='grc' dir='ltr'>πράγματα</span> <span class='ocrx_word' id='word_1_92' title='bbox 765 1344 1086 1414; x_wconf 86' lang='grc' dir='ltr'>αίτιώμεθα.</span> <span class='ocrx_word' id='word_1_93' title='bbox 1109 1345 1244 1399; x_wconf 82' lang='grc' dir='ltr'>ἀλλά</span> <span class='ocrx_word' id='word_1_94' title='bbox 1275 1347 1370 1418; x_wconf 80' lang='grc' dir='ltr'>τὴν</span> <span class='ocrx_word' id='word_1_95' title='bbox 1398 1345 1622 1418; x_wconf 82' lang='grc' dir='ltr'>γνώμην</span> <span class='ocrx_word' id='word_1_96' title='bbox 1645 1347 1742 1418; x_wconf 89' lang='grc' dir='ltr'>τὴν</span> <span class='ocrx_word' id='word_1_97' title='bbox 1770 1349 2018 1420; x_wconf 86' lang='grc' dir='ltr'>διεφθαρ-</span> 
     </span>
    </p>
   </div>
   <div class='ocr_carea' id='block_1_13' title="bbox 353 1421 2017 1501">
    <p class='ocr_par' dir='ltr' id='par_1_13' title="bbox 353 1421 2017 1501">
     <span class='ocr_line' id='line_1_13' title="bbox 353 1421 2017 1501; baseline 0.006 -27"><span class='ocrx_word' id='word_1_98' title='bbox 353 1421 538 1493; x_wconf 80' lang='grc' dir='ltr'>μένην.</span> <span class='ocrx_word' id='word_1_99' title='bbox 574 1425 856 1498; x_wconf 61' lang='lat' dir='ltr'><strong>&quot;Eccl-7&amp;9</strong></span> <span class='ocrx_word' id='word_1_100' title='bbox 889 1428 981 1481; x_wconf 72' lang='grc' dir='ltr'>καὶ</span> <span class='ocrx_word' id='word_1_101' title='bbox 1006 1428 1274 1494; x_wconf 80' lang='grc' dir='ltr'>πλουτεῖν,</span> <span class='ocrx_word' id='word_1_102' title='bbox 1320 1431 1413 1483; x_wconf 71' lang='grc' dir='ltr'>καὶ</span> <span class='ocrx_word' id='word_1_103' title='bbox 1448 1431 1522 1501; x_wconf 86' lang='grc' dir='ltr'>μὴ</span> <span class='ocrx_word' id='word_1_104' title='bbox 1547 1431 1878 1484; x_wconf 74' lang='grc' dir='ltr'>ἀπατᾶσθαι·</span> <span class='ocrx_word' id='word_1_105' title='bbox 1923 1433 2017 1486; x_wconf 79' lang='grc' dir='ltr'>καὶ</span> 
     </span>
    </p>
   </div>
   <div class='ocr_carea' id='block_1_14' title="bbox 351 1504 2017 1584">
    <p class='ocr_par' dir='ltr' id='par_1_14' title="bbox 351 1504 2017 1584">
     <span class='ocr_line' id='line_1_14' title="bbox 351 1504 2017 1584; baseline 0.008 -29"><span class='ocrx_word' id='word_1_106' title='bbox 351 1504 410 1556; x_wconf 85' lang='grc' dir='ltr'>ἐν</span> <span class='ocrx_word' id='word_1_107' title='bbox 464 1505 540 1575; x_wconf 84' lang='grc' dir='ltr'>τῷ</span> <span class='ocrx_word' id='word_1_108' title='bbox 595 1508 750 1561; x_wconf 89' lang='grc' dir='ltr'>αἰῶνι</span> <span class='ocrx_word' id='word_1_109' title='bbox 796 1509 934 1563; x_wconf 60' lang='grc' dir='ltr'>εἶναι</span> <span class='ocrx_word' id='word_1_110' title='bbox 978 1511 1172 1582; x_wconf 85' lang='grc' dir='ltr'>τούτῳ,</span> <span class='ocrx_word' id='word_1_111' title='bbox 1222 1513 1318 1565; x_wconf 78' lang='grc' dir='ltr'>καὶ</span> <span class='ocrx_word' id='word_1_112' title='bbox 1359 1513 1433 1584; x_wconf 80' lang='grc' dir='ltr'>μὴ</span> <span class='ocrx_word' id='word_1_113' title='bbox 1471 1514 1868 1581; x_wconf 76' lang='grc' dir='ltr'>ἀποπνίγεσθαι</span> <span class='ocrx_word' id='word_1_114' title='bbox 1898 1517 2017 1579; x_wconf 88' lang='grc' dir='ltr'>ταῖς</span> 
     </span>
    </p>
   </div>
   <div class='ocr_carea' id='block_1_15' title="bbox 350 1589 2015 1668">
    <p class='ocr_par' dir='ltr' id='par_1_15' title="bbox 350 1589 2015 1668">
     <span class='ocr_line' id='line_1_15' title="bbox 350 1589 2015 1668; baseline 0.007 -29"><span class='ocrx_word' id='word_1_115' title='bbox 350 1589 614 1656; x_wconf 74' lang='grc' dir='ltr'>φροντίσι.</span> <span class='ocrx_word' id='word_1_116' title='bbox 639 1591 746 1644; x_wconf 85' lang='lat' dir='ltr'>Kal</span> <span class='ocrx_word' id='word_1_117' title='bbox 773 1592 881 1664; x_wconf 88' lang='lat'>7&amp;9</span> <span class='ocrx_word' id='word_1_118' title='bbox 919 1593 1010 1646; x_wconf 86' lang='grc' dir='ltr'>δύο</span> <span class='ocrx_word' id='word_1_119' title='bbox 1035 1594 1388 1666; x_wconf 84' lang='grc' dir='ltr'>ἐλαττώματα</span> <span class='ocrx_word' id='word_1_120' title='bbox 1412 1599 1440 1649; x_wconf 92' lang='lat'>6</span> <span class='ocrx_word' id='word_1_121' title='bbox 1469 1596 1696 1660; x_wconf 89' lang='grc' dir='ltr'>πλοῦτος</span> <span class='ocrx_word' id='word_1_122' title='bbox 1720 1597 1832 1668; x_wconf 77' lang='grc' dir='ltr'>ἔχει</span> <span class='ocrx_word' id='word_1_123' title='bbox 1861 1599 2015 1651; x_wconf 85' lang='grc' dir='ltr'>ἐναν-</span> 
     </span>
    </p>
   </div>
   <div class='ocr_carea' id='block_1_16' title="bbox 348 1671 2010 1751">
    <p class='ocr_par' dir='ltr' id='par_1_16' title="bbox 348 1671 2010 1751">
     <span class='ocr_line' id='line_1_16' title="bbox 348 1671 2010 1751; baseline 0.007 -28"><span class='ocrx_word' id='word_1_124' title='bbox 348 1671 460 1724; x_wconf 87' lang='grc' dir='ltr'>τία·</span> <span class='ocrx_word' id='word_1_125' title='bbox 487 1674 546 1726; x_wconf 82' lang='grc' dir='ltr'>τὸ</span> <span class='ocrx_word' id='word_1_126' title='bbox 571 1675 688 1745; x_wconf 84' lang='grc' dir='ltr'>μὲν,</span> <span class='ocrx_word' id='word_1_127' title='bbox 732 1681 1046 1731; x_wconf 71' lang='grc' dir='ltr'>κατατεῖνον</span> <span class='ocrx_word' id='word_1_128' title='bbox 1068 1681 1162 1733; x_wconf 76' lang='grc' dir='ltr'>καὶ</span> <span class='ocrx_word' id='word_1_129' title='bbox 1193 1681 1534 1744; x_wconf 77' lang='grc' dir='ltr'>ἐπισκοτοῦν,</span> <span class='ocrx_word' id='word_1_130' title='bbox 1560 1681 1660 1751; x_wconf 85' lang='grc' dir='ltr'>τὴν</span> <span class='ocrx_word' id='word_1_131' title='bbox 1705 1682 1974 1751; x_wconf 87' lang='grc' dir='ltr'>μέριμναν</span> <span class='ocrx_word' id='word_1_132' title='bbox 1998 1701 2010 1713; x_wconf 87' lang='grc'>·</span> 
     </span>
    </p>
   </div>
   <div class='ocr_carea' id='block_1_17' title="bbox 348 1756 2014 1836">
    <p class='ocr_par' dir='ltr' id='par_1_17' title="bbox 348 1756 2014 1836">
     <span class='ocr_line' id='line_1_17' title="bbox 348 1756 2014 1836; baseline 0.006 -28"><span class='ocrx_word' id='word_1_133' title='bbox 348 1756 407 1836; x_wconf 75' lang='grc' dir='ltr'>τδ</span> <span class='ocrx_word' id='word_1_134' title='bbox 441 1758 518 1821; x_wconf 86' lang='grc' dir='ltr'>δέ,</span> <span class='ocrx_word' id='word_1_135' title='bbox 552 1760 972 1830; x_wconf 81' lang='grc' dir='ltr'>μαλακωτέρους</span> <span class='ocrx_word' id='word_1_136' title='bbox 1002 1763 1022 1794; x_wconf 84' lang='grc'><em>³</em></span> <span class='ocrx_word' id='word_1_137' title='bbox 1061 1763 1270 1825; x_wconf 88' lang='grc' dir='ltr'>ποιοῦν,</span> <span class='ocrx_word' id='word_1_138' title='bbox 1301 1764 1400 1835; x_wconf 83' lang='grc' dir='ltr'>τὴν</span> <span class='ocrx_word' id='word_1_139' title='bbox 1436 1766 1668 1836; x_wconf 82' lang='grc' dir='ltr'>τρυφήν.</span> <span class='ocrx_word' id='word_1_140' title='bbox 1698 1765 1807 1818; x_wconf 79' lang='lat' dir='ltr'>Kal</span> <span class='ocrx_word' id='word_1_141' title='bbox 1837 1765 2014 1828; x_wconf 85' lang='grc' dir='ltr'>καλῶς</span> 
     </span>
    </p>
   </div>
   <div class='ocr_carea' id='block_1_18' title="bbox 348 1835 2014 1918">
    <p class='ocr_par' dir='ltr' id='par_1_18' title="bbox 348 1835 2014 1918">
     <span class='ocr_line' id='line_1_18' title="bbox 348 1835 2014 1918; baseline 0.005 -27"><span class='ocrx_word' id='word_1_142' title='bbox 348 1835 520 1902; x_wconf 79' lang='grc' dir='ltr'>εἶπεν,</span> <span class='ocrx_word' id='word_1_143' title='bbox 559 1841 624 1894; x_wconf 84' lang='grc' dir='ltr'><em>Ἦ</em></span> <span class='ocrx_word' id='word_1_144' title='bbox 669 1841 866 1911; x_wconf 79' lang='grc' dir='ltr'>ἀπάτη</span> <span class='ocrx_word' id='word_1_145' title='bbox 915 1845 1025 1899; x_wconf 85' lang='grc' dir='ltr'>τοῦ</span> <span class='ocrx_word' id='word_1_146' title='bbox 1079 1847 1369 1900; x_wconf 76' lang='grc' dir='ltr'>πλούτου.</span> <span class='ocrx_word' id='word_1_147' title='bbox 1407 1835 1609 1901; x_wconf 83' lang='grc' dir='ltr'>Πάντα</span> <span class='ocrx_word' id='word_1_148' title='bbox 1639 1848 1747 1918; x_wconf 81' lang='grc' dir='ltr'>γάρ</span> <span class='ocrx_word' id='word_1_149' title='bbox 1793 1848 1861 1901; x_wconf 78' lang='grc' dir='ltr'>τὰ</span> <span class='ocrx_word' id='word_1_150' title='bbox 1921 1847 2014 1902; x_wconf 90' lang='grc' dir='ltr'>τοῦ</span> 
     </span>
    </p>
   </div>
   <div class='ocr_carea' id='block_1_19' title="bbox 346 1923 2016 2000">
    <p class='ocr_par' dir='ltr' id='par_1_19' title="bbox 346 1923 2016 2000">
     <span class='ocr_line' id='line_1_19' title="bbox 346 1923 2016 2000; baseline 0.007 -25"><span class='ocrx_word' id='word_1_151' title='bbox 346 1923 577 1976; x_wconf 87' lang='grc' dir='ltr'>πλούτου</span> <span class='ocrx_word' id='word_1_152' title='bbox 629 1925 846 1996; x_wconf 88' lang='grc' dir='ltr'>ἀπάτη·</span> <span class='ocrx_word' id='word_1_153' title='bbox 904 1927 1142 1997; x_wconf 82' lang='grc' dir='ltr'>ὀνόματα</span> <span class='ocrx_word' id='word_1_154' title='bbox 1201 1929 1308 2000; x_wconf 89' lang='lat'>7&amp;9</span> <span class='ocrx_word' id='word_1_155' title='bbox 1365 1930 1522 1998; x_wconf 90' lang='grc' dir='ltr'>μόνον</span> <span class='ocrx_word' id='word_1_156' title='bbox 1581 1932 1873 1994; x_wconf 73' lang='grc' dir='ltr'>ἐστἰν,ούκ</span> <span class='ocrx_word' id='word_1_157' title='bbox 1923 1932 2016 1986; x_wconf 76' lang='grc' dir='ltr'>ἐπὶ</span> 
     </span>
    </p>
   </div>
   <div class='ocr_carea' id='block_1_20' title="bbox 346 2008 2016 2085">
    <p class='ocr_par' dir='ltr' id='par_1_20' title="bbox 346 2008 2016 2085">
     <span class='ocr_line' id='line_1_20' title="bbox 346 2008 2016 2085; baseline 0.005 -26"><span class='ocrx_word' id='word_1_158' title='bbox 346 2008 684 2079; x_wconf 83' lang='grc' dir='ltr'>πραγμάτων</span> <span class='ocrx_word' id='word_1_159' title='bbox 712 2009 956 2080; x_wconf 88' lang='grc' dir='ltr'>κείμενα.</span> <span class='ocrx_word' id='word_1_160' title='bbox 989 2013 1097 2064; x_wconf 86' lang='lat' dir='ltr'>Kal</span> <span class='ocrx_word' id='word_1_161' title='bbox 1131 2013 1293 2084; x_wconf 85' lang='grc' dir='ltr'>γάρὴ</span> <span class='ocrx_word' id='word_1_162' title='bbox 1323 2013 1517 2083; x_wconf 83' lang='grc' dir='ltr'>ἡδονὴ,</span> <span class='ocrx_word' id='word_1_163' title='bbox 1558 2015 1651 2066; x_wconf 74' lang='grc' dir='ltr'>καὶ</span> <span class='ocrx_word' id='word_1_164' title='bbox 1680 2016 1712 2085; x_wconf 91' lang='grc' dir='ltr'>ἡ</span> <span class='ocrx_word' id='word_1_165' title='bbox 1740 2014 1886 2080; x_wconf 83' lang='grc' dir='ltr'>δόξα,</span> <span class='ocrx_word' id='word_1_166' title='bbox 1922 2015 2016 2068; x_wconf 70' lang='grc' dir='ltr'>καὶ</span> 
     </span>
    </p>
   </div>
   <div class='ocr_carea' id='block_1_21' title="bbox 343 2093 2012 2160">
    <p class='ocr_par' dir='ltr' id='par_1_21' title="bbox 343 2093 2012 2160">
     <span class='ocr_line' id='line_1_21' title="bbox 343 2093 2012 2160; baseline 0.003 -15"><span class='ocrx_word' id='word_1_167' title='bbox 343 2093 373 2144; x_wconf 97' lang='lat'>6</span> <span class='ocrx_word' id='word_1_168' title='bbox 415 2093 819 2160; x_wconf 84' lang='grc' dir='ltr'>καλλωπισμὸς.</span> <span class='ocrx_word' id='word_1_169' title='bbox 857 2097 950 2147; x_wconf 77' lang='grc' dir='ltr'>καὶ</span> <span class='ocrx_word' id='word_1_170' title='bbox 983 2097 1159 2149; x_wconf 87' lang='grc' dir='ltr'>πάντα</span> <span class='ocrx_word' id='word_1_171' title='bbox 1184 2095 1351 2149; x_wconf 81' lang='grc' dir='ltr'>ταῦτα</span> <span class='ocrx_word' id='word_1_172' title='bbox 1377 2137 1389 2157; x_wconf 88' lang='grc'><strong>.</strong></span> <span class='ocrx_word' id='word_1_173' title='bbox 1439 2096 1707 2160; x_wconf 74' lang='grc' dir='ltr'>φαντασία</span> <span class='ocrx_word' id='word_1_174' title='bbox 1735 2096 1818 2160; x_wconf 90' lang='grc' dir='ltr'>τίς</span> <span class='ocrx_word' id='word_1_175' title='bbox 1845 2099 2012 2159; x_wconf 88' lang='grc' dir='ltr'>ἐστιν,</span> 
     </span>
    </p>
   </div>
   <div class='ocr_carea' id='block_1_22' title="bbox 343 2176 2015 2251">
    <p class='ocr_par' dir='ltr' id='par_1_22' title="bbox 343 2176 2015 2251">
     <span class='ocr_line' id='line_1_22' title="bbox 343 2176 2015 2251; baseline 0.004 -24"><span class='ocrx_word' id='word_1_176' title='bbox 343 2176 405 2228; x_wconf 79' lang='grc' dir='ltr'>οὐ</span> <span class='ocrx_word' id='word_1_177' title='bbox 435 2177 773 2246; x_wconf 80' lang='grc' dir='ltr'>πραγμάτων</span> <span class='ocrx_word' id='word_1_178' title='bbox 802 2177 1048 2249; x_wconf 86' lang='grc' dir='ltr'>ἀλήθεια.</span> <span class='ocrx_word' id='word_1_179' title='bbox 1083 2179 1267 2232; x_wconf 85' lang='grc' dir='ltr'>Εἰπὼν</span> <span class='ocrx_word' id='word_1_180' title='bbox 1291 2183 1467 2233; x_wconf 79' lang='grc' dir='ltr'>τοίνυν</span> <span class='ocrx_word' id='word_1_181' title='bbox 1498 2183 1622 2244; x_wconf 78' lang='grc' dir='ltr'>τοὺς</span> <span class='ocrx_word' id='word_1_182' title='bbox 1651 2181 1886 2251; x_wconf 80' lang='grc' dir='ltr'>τρόπους</span> <span class='ocrx_word' id='word_1_183' title='bbox 1914 2181 2015 2250; x_wconf 82' lang='grc' dir='ltr'>τῆς</span> 
     </span>
    </p>
   </div>
   <div class='ocr_carea' id='block_1_23' title="bbox 345 2259 2014 2333">
    <p class='ocr_par' dir='ltr' id='par_1_23' title="bbox 345 2259 2014 2333">
     <span class='ocr_line' id='line_1_23' title="bbox 345 2259 2014 2333; baseline 0.003 -22"><span class='ocrx_word' id='word_1_184' title='bbox 345 2259 637 2324; x_wconf 88' lang='grc' dir='ltr'>ἀπωλείας,</span> <span class='ocrx_word' id='word_1_185' title='bbox 691 2259 916 2331; x_wconf 78' lang='grc' dir='ltr'>ὕστερον</span> <span class='ocrx_word' id='word_1_186' title='bbox 951 2261 1132 2333; x_wconf 88' lang='grc' dir='ltr'>τίθησι</span> <span class='ocrx_word' id='word_1_187' title='bbox 1169 2263 1266 2333; x_wconf 78' lang='grc' dir='ltr'>τὴν</span> <span class='ocrx_word' id='word_1_188' title='bbox 1308 2263 1477 2332; x_wconf 86' lang='grc' dir='ltr'>καλὴν</span> <span class='ocrx_word' id='word_1_189' title='bbox 1521 2263 1660 2332; x_wconf 83' lang='grc' dir='ltr'>γῆν,</span> <span class='ocrx_word' id='word_1_190' title='bbox 1696 2264 1796 2316; x_wconf 86' lang='grc' dir='ltr'>οὐκ</span> <span class='ocrx_word' id='word_1_191' title='bbox 1834 2264 2014 2331; x_wconf 79' lang='grc' dir='ltr'>ἀφιεὶς</span> 
     </span>
    </p>
   </div>
   <div class='ocr_carea' id='block_1_24' title="bbox 343 2345 2010 2416">
    <p class='ocr_par' dir='ltr' id='par_1_24' title="bbox 343 2345 2010 2416">
     <span class='ocr_line' id='line_1_24' title="bbox 343 2345 2010 2416; baseline 0.003 -21"><span class='ocrx_word' id='word_1_192' title='bbox 343 2345 675 2410; x_wconf 79' lang='grc' dir='ltr'>ἀπογνῶναι,</span> <span class='ocrx_word' id='word_1_193' title='bbox 710 2346 845 2400; x_wconf 89' lang='grc' dir='ltr'>ἀλλά</span> <span class='ocrx_word' id='word_1_194' title='bbox 864 2347 1041 2410; x_wconf 82' lang='grc' dir='ltr'>διδοὺς</span> <span class='ocrx_word' id='word_1_195' title='bbox 1072 2345 1262 2400; x_wconf 82' lang='grc' dir='ltr'>ἐλπίδα</span> <span class='ocrx_word' id='word_1_196' title='bbox 1302 2346 1613 2416; x_wconf 82' lang='grc' dir='ltr'>μετανοίας,</span> <span class='ocrx_word' id='word_1_197' title='bbox 1649 2347 1743 2400; x_wconf 75' lang='grc' dir='ltr'>καὶ</span> <span class='ocrx_word' id='word_1_198' title='bbox 1774 2346 2010 2409; x_wconf 76' lang='grc' dir='ltr'>δεικνὺς,</span> 
     </span>
    </p>
   </div>
   <div class='ocr_carea' id='block_1_25' title="bbox 342 2427 2012 2501">
    <p class='ocr_par' dir='ltr' id='par_1_25' title="bbox 342 2427 2012 2501">
     <span class='ocr_line' id='line_1_25' title="bbox 342 2427 2012 2501; baseline 0.002 -23"><span class='ocrx_word' id='word_1_199' title='bbox 342 2427 422 2479; x_wconf 83' lang='grc' dir='ltr'>ὅτι</span> <span class='ocrx_word' id='word_1_200' title='bbox 451 2428 674 2482; x_wconf 88' lang='grc' dir='ltr'>δυνατὸν</span> <span class='ocrx_word' id='word_1_201' title='bbox 714 2430 777 2482; x_wconf 87' lang='grc' dir='ltr'>ἐκ</span> <span class='ocrx_word' id='word_1_202' title='bbox 819 2431 926 2483; x_wconf 87' lang='grc' dir='ltr'>τῶν</span> <span class='ocrx_word' id='word_1_203' title='bbox 971 2431 1278 2501; x_wconf 81' lang='grc' dir='ltr'>εἰρημένων</span> <span class='ocrx_word' id='word_1_204' title='bbox 1307 2433 1388 2494; x_wconf 89' lang='grc' dir='ltr'>εἰς</span> <span class='ocrx_word' id='word_1_205' title='bbox 1419 2431 1622 2499; x_wconf 88' lang='grc' dir='ltr'>ταύτην</span> <span class='ocrx_word' id='word_1_206' title='bbox 1669 2429 2012 2498; x_wconf 87' lang='grc' dir='ltr'>μεταϐαλεῖν.</span> 
     </span>
    </p>
   </div>
   <div class='ocr_carea' id='block_1_26' title="bbox 341 2508 2015 2584">
    <p class='ocr_par' dir='ltr' id='par_1_26' title="bbox 341 2508 2015 2584">
     <span class='ocr_line' id='line_1_26' title="bbox 341 2508 2015 2584; baseline 0.002 -23"><span class='ocrx_word' id='word_1_207' title='bbox 341 2510 532 2564; x_wconf 87' lang='grc' dir='ltr'>Καίτοι</span> <span class='ocrx_word' id='word_1_208' title='bbox 562 2513 610 2564; x_wconf 91' lang='grc' dir='ltr'>εἰ</span> <span class='ocrx_word' id='word_1_209' title='bbox 639 2513 728 2565; x_wconf 77' lang='grc' dir='ltr'>καὶ</span> <span class='ocrx_word' id='word_1_210' title='bbox 745 2515 791 2583; x_wconf 78' lang='grc' dir='ltr'>,ἡ</span> <span class='ocrx_word' id='word_1_211' title='bbox 816 2513 886 2582; x_wconf 83' lang='grc' dir='ltr'>γῆ</span> <span class='ocrx_word' id='word_1_212' title='bbox 907 2513 1066 2584; x_wconf 84' lang='grc' dir='ltr'>καλὴ.</span> <span class='ocrx_word' id='word_1_213' title='bbox 1092 2516 1185 2567; x_wconf 83' lang='grc' dir='ltr'>καὶ</span> <span class='ocrx_word' id='word_1_214' title='bbox 1205 2517 1232 2568; x_wconf 89' lang='lat'>6</span> <span class='ocrx_word' id='word_1_215' title='bbox 1257 2515 1490 2584; x_wconf 84' lang='grc' dir='ltr'>σπορεὺς</span> <span class='ocrx_word' id='word_1_216' title='bbox 1518 2508 1618 2574; x_wconf 74' lang='grc' dir='ltr'>εἷς,</span> <span class='ocrx_word' id='word_1_217' title='bbox 1648 2511 1740 2565; x_wconf 72' lang='grc' dir='ltr'>καὶ</span> <span class='ocrx_word' id='word_1_218' title='bbox 1760 2510 1827 2564; x_wconf 83' lang='grc' dir='ltr'>τά</span> <span class='ocrx_word' id='word_1_219' title='bbox 1851 2512 2015 2580; x_wconf 83' lang='grc' dir='ltr'>σπέρ-</span> 
     </span>
    </p>
   </div>
   <div class='ocr_carea' id='block_1_27' title="bbox 345 2593 2014 2665">
    <p class='ocr_par' dir='ltr' id='par_1_27' title="bbox 345 2593 2014 2665">
     <span class='ocr_line' id='line_1_27' title="bbox 345 2593 2014 2665; baseline -0.001 -18"><span class='ocrx_word' id='word_1_220' title='bbox 345 2611 489 2663; x_wconf 88' lang='grc' dir='ltr'>ματα</span> <span class='ocrx_word' id='word_1_221' title='bbox 511 2594 578 2647; x_wconf 85' lang='grc' dir='ltr'>τά</span> <span class='ocrx_word' id='word_1_222' title='bbox 605 2595 764 2656; x_wconf 76' lang='grc' dir='ltr'>αὐτὰ,</span> <span class='ocrx_word' id='word_1_223' title='bbox 789 2597 930 2649; x_wconf 88' lang='grc' dir='ltr'>διατί</span> <span class='ocrx_word' id='word_1_224' title='bbox 959 2597 988 2648; x_wconf 83' lang='lat'>6</span> <span class='ocrx_word' id='word_1_225' title='bbox 1025 2597 1124 2664; x_wconf 81' lang='grc' dir='ltr'>μὲν</span> <span class='ocrx_word' id='word_1_226' title='bbox 1155 2596 1369 2660; x_wconf 79' lang='grc' dir='ltr'>ἑκατὸν,</span> <span class='ocrx_word' id='word_1_227' title='bbox 1399 2596 1427 2649; x_wconf 85' lang='grc' dir='ltr'><strong>ὃ</strong></span> <span class='ocrx_word' id='word_1_228' title='bbox 1464 2595 1521 2647; x_wconf 88' lang='grc' dir='ltr'>δέ</span> <span class='ocrx_word' id='word_1_229' title='bbox 1554 2594 1833 2665; x_wconf 79' lang='grc' dir='ltr'>ἐξήκοντα,</span> <span class='ocrx_word' id='word_1_230' title='bbox 1858 2593 1886 2646; x_wconf 83' lang='grc' dir='ltr'><strong>ὃ</strong></span> <span class='ocrx_word' id='word_1_231' title='bbox 1918 2595 1974 2646; x_wconf 86' lang='grc' dir='ltr'>δέ</span> <span class='ocrx_word' id='word_1_232' title='bbox 1994 2595 2014 2626; x_wconf 75' lang='grc'>’⁵</span> 
     </span>
    </p>
   </div>
   <div class='ocr_carea' id='block_1_28' title="bbox 339 2675 2014 2748">
    <p class='ocr_par' dir='ltr' id='par_1_28' title="bbox 339 2675 2014 2748">
     <span class='ocr_line' id='line_1_28' title="bbox 339 2675 2014 2748; baseline 0.004 -23"><span class='ocrx_word' id='word_1_233' title='bbox 339 2675 630 2742; x_wconf 86' lang='grc' dir='ltr'>τριάκοντα</span> <span class='ocrx_word' id='word_1_234' title='bbox 659 2677 888 2746; x_wconf 75' lang='grc' dir='ltr'>ἤνεγκεν</span> <span class='ocrx_word' id='word_1_235' title='bbox 910 2697 923 2738; x_wconf 89' lang='lat'><strong>;</strong></span> <span class='ocrx_word' id='word_1_236' title='bbox 961 2678 1224 2732; x_wconf 77' lang='grc' dir='ltr'>Ἐνταῦθα</span> <span class='ocrx_word' id='word_1_237' title='bbox 1250 2679 1412 2731; x_wconf 88' lang='grc' dir='ltr'>πάλιν</span> <span class='ocrx_word' id='word_1_238' title='bbox 1439 2677 1591 2748; x_wconf 84' lang='grc' dir='ltr'>παρά</span> <span class='ocrx_word' id='word_1_239' title='bbox 1617 2677 1716 2746; x_wconf 83' lang='grc' dir='ltr'>τὴν</span> <span class='ocrx_word' id='word_1_240' title='bbox 1738 2676 1898 2746; x_wconf 83' lang='grc' dir='ltr'>φύσιν</span> <span class='ocrx_word' id='word_1_241' title='bbox 1916 2677 2014 2744; x_wconf 82' lang='grc' dir='ltr'>τῆς</span> 
     </span>
    </p>
   </div>
   <div class='ocr_carea' id='block_1_29' title="bbox 340 2759 2014 2833">
    <p class='ocr_par' dir='ltr' id='par_1_29' title="bbox 340 2759 2014 2833">
     <span class='ocr_line' id='line_1_29' title="bbox 340 2759 2014 2833; baseline 0.009 -26"><span class='ocrx_word' id='word_1_242' title='bbox 340 2759 442 2826; x_wconf 76' lang='grc' dir='ltr'>γῆς</span> <span class='ocrx_word' id='word_1_243' title='bbox 476 2759 799 2830; x_wconf 83' lang='grc' dir='ltr'>ἡδιαφορά·</span> <span class='ocrx_word' id='word_1_244' title='bbox 835 2762 926 2814; x_wconf 69' lang='grc' dir='ltr'>καὶ</span> <span class='ocrx_word' id='word_1_245' title='bbox 972 2761 1079 2831; x_wconf 80' lang='grc' dir='ltr'>γάρ</span> <span class='ocrx_word' id='word_1_246' title='bbox 1109 2761 1235 2814; x_wconf 76' lang='grc' dir='ltr'>ἔνθα</span> <span class='ocrx_word' id='word_1_247' title='bbox 1268 2761 1332 2815; x_wconf 85' lang='grc' dir='ltr'>ἂν</span> <span class='ocrx_word' id='word_1_248' title='bbox 1377 2762 1514 2833; x_wconf 81' lang='grc' dir='ltr'>καλὴ</span> <span class='ocrx_word' id='word_1_249' title='bbox 1554 2763 1588 2831; x_wconf 80' lang='grc' dir='ltr'>ἡ</span> <span class='ocrx_word' id='word_1_250' title='bbox 1628 2762 1722 2831; x_wconf 82' lang='grc' dir='ltr'>γῆ,</span> <span class='ocrx_word' id='word_1_251' title='bbox 1758 2761 1927 2832; x_wconf 77' lang='grc' dir='ltr'>πολλὴ</span> <span class='ocrx_word' id='word_1_252' title='bbox 1957 2763 2014 2814; x_wconf 77' lang='grc' dir='ltr'>ἐν</span> 
     </span>
    </p>
   </div>
   <div class='ocr_carea' id='block_1_30' title="bbox 340 2842 2012 2915">
    <p class='ocr_par' dir='ltr' id='par_1_30' title="bbox 340 2842 2012 2915">
     <span class='ocr_line' id='line_1_30' title="bbox 340 2842 2012 2915; baseline 0.003 -23"><span class='ocrx_word' id='word_1_253' title='bbox 340 2842 477 2910; x_wconf 78' lang='grc' dir='ltr'>αὐτῇ</span> <span class='ocrx_word' id='word_1_254' title='bbox 510 2844 604 2895; x_wconf 76' lang='grc' dir='ltr'>καὶ</span> <span class='ocrx_word' id='word_1_255' title='bbox 643 2844 954 2914; x_wconf 86' lang='grc' dir='ltr'>ἡδιαφορά.</span> <span class='ocrx_word' id='word_1_256' title='bbox 1007 2845 1170 2915; x_wconf 81' lang='grc' dir='ltr'>Ὁρᾷς</span> <span class='ocrx_word' id='word_1_257' title='bbox 1216 2845 1336 2915; x_wconf 71' lang='grc' dir='ltr'>οὐχὶ</span> <span class='ocrx_word' id='word_1_258' title='bbox 1404 2845 1492 2899; x_wconf 72' lang='grc' dir='ltr'>τὸν</span> <span class='ocrx_word' id='word_1_259' title='bbox 1549 2846 1793 2915; x_wconf 86' lang='grc' dir='ltr'>γεωργὸν</span> <span class='ocrx_word' id='word_1_260' title='bbox 1842 2846 2012 2899; x_wconf 76' lang='grc' dir='ltr'>αἴτιον</span> 
     </span>
    </p>
   </div>
   <div class='ocr_carea' id='block_1_31' title="bbox 338 2926 2010 3002">
    <p class='ocr_par' dir='ltr' id='par_1_31' title="bbox 338 2926 2010 3002">
     <span class='ocr_line' id='line_1_31' title="bbox 338 2926 2010 3002; baseline 0.004 -26"><span class='ocrx_word' id='word_1_261' title='bbox 338 2926 486 2984; x_wconf 68' lang='grc' dir='ltr'>ὄντα.</span> <span class='ocrx_word' id='word_1_262' title='bbox 519 2926 641 2978; x_wconf 82' lang='grc' dir='ltr'>οὐδὲ</span> <span class='ocrx_word' id='word_1_263' title='bbox 674 2928 742 2978; x_wconf 71' lang='grc' dir='ltr'>τὰ</span> <span class='ocrx_word' id='word_1_264' title='bbox 777 2928 1086 2996; x_wconf 83' lang='grc' dir='ltr'>σπέρματα,</span> <span class='ocrx_word' id='word_1_265' title='bbox 1117 2929 1251 2982; x_wconf 83' lang='grc' dir='ltr'>ἀλλά</span> <span class='ocrx_word' id='word_1_266' title='bbox 1281 2932 1379 3002; x_wconf 80' lang='grc' dir='ltr'>τὴν</span> <span class='ocrx_word' id='word_1_267' title='bbox 1420 2930 1714 3000; x_wconf 82' lang='grc' dir='ltr'>δεχομένην</span> <span class='ocrx_word' id='word_1_268' title='bbox 1757 2931 1898 2998; x_wconf 79' lang='grc' dir='ltr'>γῆνς</span> <span class='ocrx_word' id='word_1_269' title='bbox 1949 2931 2010 2983; x_wconf 81' lang='grc' dir='ltr'>οῦ</span> 
     </span>
    </p>
   </div>
   <div class='ocr_carea' id='block_1_32' title="bbox 340 3008 2011 3084">
    <p class='ocr_par' dir='ltr' id='par_1_32' title="bbox 340 3008 2011 3084">
     <span class='ocr_line' id='line_1_32' title="bbox 340 3008 2011 3084; baseline 0.005 -27"><span class='ocrx_word' id='word_1_270' title='bbox 340 3009 490 3078; x_wconf 78' lang='grc' dir='ltr'>παρὰ</span> <span class='ocrx_word' id='word_1_271' title='bbox 518 3008 615 3077; x_wconf 86' lang='grc' dir='ltr'>τὴν</span> <span class='ocrx_word' id='word_1_272' title='bbox 642 3009 821 3076; x_wconf 87' lang='grc' dir='ltr'>φύσιν,</span> <span class='ocrx_word' id='word_1_273' title='bbox 858 3010 990 3064; x_wconf 81' lang='grc' dir='ltr'>ἀλλά</span> <span class='ocrx_word' id='word_1_274' title='bbox 1024 3011 1175 3080; x_wconf 84' lang='grc' dir='ltr'>παρά</span> <span class='ocrx_word' id='word_1_275' title='bbox 1201 3014 1296 3083; x_wconf 81' lang='grc' dir='ltr'>τὴν</span> <span class='ocrx_word' id='word_1_276' title='bbox 1346 3012 1590 3084; x_wconf 81' lang='grc' dir='ltr'>γνώμην.</span> <span class='ocrx_word' id='word_1_277' title='bbox 1637 3015 1745 3068; x_wconf 77' lang='grc' dir='ltr'>Καὶ</span> <span class='ocrx_word' id='word_1_278' title='bbox 1779 3012 2011 3066; x_wconf 86' lang='grc' dir='ltr'>ἐνταῦθα</span> 
     </span>
    </p>
   </div>
   <div class='ocr_carea' id='block_1_33' title="bbox 339 3087 2008 3166">
    <p class='ocr_par' dir='ltr' id='par_1_33' title="bbox 339 3087 2008 3166">
     <span class='ocr_line' id='line_1_33' title="bbox 339 3087 2008 3166; baseline 0.005 -27"><span class='ocrx_word' id='word_1_279' title='bbox 339 3087 393 3140; x_wconf 73' lang='grc' dir='ltr'>δὲ</span> <span class='ocrx_word' id='word_1_280' title='bbox 436 3089 604 3160; x_wconf 84' lang='grc' dir='ltr'>πολλὴ</span> <span class='ocrx_word' id='word_1_281' title='bbox 635 3092 666 3159; x_wconf 82' lang='grc' dir='ltr'>ἡ</span> <span class='ocrx_word' id='word_1_282' title='bbox 698 3091 1092 3161; x_wconf 74' lang='grc' dir='ltr'>φιλανθρωπία,</span> <span class='ocrx_word' id='word_1_283' title='bbox 1122 3094 1204 3146; x_wconf 86' lang='grc' dir='ltr'>ὅτι</span> <span class='ocrx_word' id='word_1_284' title='bbox 1248 3095 1346 3164; x_wconf 83' lang='grc' dir='ltr'>οὐχ</span> <span class='ocrx_word' id='word_1_285' title='bbox 1398 3094 1455 3146; x_wconf 86' lang='grc' dir='ltr'>ἐν</span> <span class='ocrx_word' id='word_1_286' title='bbox 1500 3096 1724 3150; x_wconf 87' lang='grc' dir='ltr'>ἀπαιτεῖ</span> <span class='ocrx_word' id='word_1_287' title='bbox 1773 3097 2008 3166; x_wconf 79' lang='grc' dir='ltr'>μέτρον³</span> 
     </span>
    </p>
   </div>
   <div class='ocr_carea' id='block_1_34' title="bbox 339 3171 2012 3248">
    <p class='ocr_par' dir='ltr' id='par_1_34' title="bbox 339 3171 2012 3248">
     <span class='ocr_line' id='line_1_34' title="bbox 339 3171 2012 3248; baseline 0.007 -27"><span class='ocrx_word' id='word_1_288' title='bbox 339 3171 558 3241; x_wconf 80' lang='grc' dir='ltr'>ἀρετῆς,</span> <span class='ocrx_word' id='word_1_289' title='bbox 594 3172 730 3225; x_wconf 86' lang='grc' dir='ltr'>ἀλλά</span> <span class='ocrx_word' id='word_1_290' title='bbox 769 3175 862 3227; x_wconf 74' lang='grc' dir='ltr'>καὶ</span> <span class='ocrx_word' id='word_1_291' title='bbox 899 3176 1022 3238; x_wconf 70' lang='grc' dir='ltr'>τοὺς</span> <span class='ocrx_word' id='word_1_292' title='bbox 1069 3175 1317 3248; x_wconf 82' lang='grc' dir='ltr'>πρώτους</span> <span class='ocrx_word' id='word_1_293' title='bbox 1351 3177 1692 3246; x_wconf 84' lang='grc' dir='ltr'>ἀποδέχεται.</span> <span class='ocrx_word' id='word_1_294' title='bbox 1742 3178 1836 3231; x_wconf 72' lang='grc' dir='ltr'>καὶ</span> <span class='ocrx_word' id='word_1_295' title='bbox 1886 3179 2012 3241; x_wconf 80' lang='grc' dir='ltr'>τοὺς</span> 
     </span>
    </p>
   </div>
   <div class='ocr_carea' id='block_1_35' title="bbox 339 3253 2010 3329">
    <p class='ocr_par' dir='ltr' id='par_1_35' title="bbox 339 3253 2010 3329">
     <span class='ocr_line' id='line_1_35' title="bbox 339 3253 2010 3329; baseline 0.008 -26"><span class='ocrx_word' id='word_1_296' title='bbox 339 3253 620 3324; x_wconf 82' lang='grc' dir='ltr'>δευτέρους</span> <span class='ocrx_word' id='word_1_297' title='bbox 645 3254 741 3307; x_wconf 81' lang='grc' dir='ltr'>οὐκ</span> <span class='ocrx_word' id='word_1_298' title='bbox 770 3255 1043 3320; x_wconf 85' lang='grc' dir='ltr'>ἐκϐάλλει,</span> <span class='ocrx_word' id='word_1_299' title='bbox 1073 3259 1167 3311; x_wconf 82' lang='grc' dir='ltr'>καὶ</span> <span class='ocrx_word' id='word_1_300' title='bbox 1194 3260 1306 3321; x_wconf 85' lang='grc' dir='ltr'>τοῖς</span> <span class='ocrx_word' id='word_1_301' title='bbox 1356 3258 1560 3328; x_wconf 85' lang='grc' dir='ltr'>τρίτοις</span> <span class='ocrx_word' id='word_1_302' title='bbox 1593 3259 1777 3313; x_wconf 87' lang='grc' dir='ltr'>δίδωσι</span> <span class='ocrx_word' id='word_1_303' title='bbox 1805 3258 2010 3329; x_wconf 85' lang='grc' dir='ltr'>χώραν.</span> 
     </span>
    </p>
   </div>
   <div class='ocr_carea' id='block_1_36' title="bbox 341 3335 2013 3410">
    <p class='ocr_par' dir='ltr' id='par_1_36' title="bbox 341 3335 2013 3410">
     <span class='ocr_line' id='line_1_36' title="bbox 341 3335 2013 3410; baseline 0.005 -23"><span class='ocrx_word' id='word_1_304' title='bbox 341 3335 522 3388; x_wconf 87' lang='grc' dir='ltr'>Ταῦτα</span> <span class='ocrx_word' id='word_1_305' title='bbox 573 3337 629 3389; x_wconf 83' lang='grc' dir='ltr'>δὲ</span> <span class='ocrx_word' id='word_1_306' title='bbox 695 3337 862 3404; x_wconf 82' lang='grc' dir='ltr'>λέγει,</span> <span class='ocrx_word' id='word_1_307' title='bbox 911 3339 996 3391; x_wconf 81' lang='grc' dir='ltr'>ἵνα</span> <span class='ocrx_word' id='word_1_308' title='bbox 1047 3341 1120 3409; x_wconf 85' lang='grc' dir='ltr'>μὴ</span> <span class='ocrx_word' id='word_1_309' title='bbox 1176 3339 1470 3410; x_wconf 88' lang='grc' dir='ltr'>νομίσωσιν</span> <span class='ocrx_word' id='word_1_310' title='bbox 1512 3343 1560 3396; x_wconf 91' lang='grc' dir='ltr'>οἰ</span> <span class='ocrx_word' id='word_1_311' title='bbox 1589 3341 2013 3407; x_wconf 82' lang='grc' dir='ltr'>ἀκολουθοῦντες</span> 
     </span>
    </p>
   </div>
   <div class='ocr_carea' id='block_1_37' title="bbox 339 3419 2010 3494">
    <p class='ocr_par' dir='ltr' id='par_1_37' title="bbox 339 3419 2010 3494">
     <span class='ocr_line' id='line_1_37' title="bbox 339 3419 2010 3494; baseline 0.005 -24"><span class='ocrx_word' id='word_1_312' title='bbox 339 3419 508 3490; x_wconf 81' lang='grc' dir='ltr'>αὐτῷ,</span> <span class='ocrx_word' id='word_1_313' title='bbox 523 3422 603 3474; x_wconf 81' lang='grc' dir='ltr'>ὅτι</span> <span class='ocrx_word' id='word_1_314' title='bbox 623 3423 784 3491; x_wconf 88' lang='grc' dir='ltr'>ἀρκεῖ</span> <span class='ocrx_word' id='word_1_315' title='bbox 802 3424 833 3493; x_wconf 91' lang='grc' dir='ltr'>ἡ</span> <span class='ocrx_word' id='word_1_316' title='bbox 852 3423 1110 3493; x_wconf 82' lang='grc' dir='ltr'>ἀκρόασις</span> <span class='ocrx_word' id='word_1_317' title='bbox 1126 3425 1204 3487; x_wconf 85' lang='grc' dir='ltr'>εἰς</span> <span class='ocrx_word' id='word_1_318' title='bbox 1221 3424 1628 3494; x_wconf 73' lang='grc' dir='ltr'>σωτηρίαν.Καὶ</span> <span class='ocrx_word' id='word_1_319' title='bbox 1648 3425 1790 3487; x_wconf 90' lang='grc' dir='ltr'>τίνος</span> <span class='ocrx_word' id='word_1_320' title='bbox 1807 3427 2010 3487; x_wconf 75' lang='grc' dir='ltr'>ἕνεκεν,</span> 
     </span>
    </p>
   </div>
   <div class='ocr_carea' id='block_1_38' title="bbox 340 3503 2009 3580">
    <p class='ocr_par' dir='ltr' id='par_1_38' title="bbox 340 3503 2009 3580">
     <span class='ocr_line' id='line_1_38' title="bbox 340 3503 2009 3580; baseline 0.005 -26"><span class='ocrx_word' id='word_1_321' title='bbox 340 3505 522 3572; x_wconf 74' lang='grc' dir='ltr'>φησὶν,</span> <span class='ocrx_word' id='word_1_322' title='bbox 551 3506 671 3575; x_wconf 67' lang='grc' dir='ltr'>οὐχὶ</span> <span class='ocrx_word' id='word_1_323' title='bbox 697 3507 790 3558; x_wconf 73' lang='grc' dir='ltr'>καὶ</span> <span class='ocrx_word' id='word_1_324' title='bbox 825 3507 922 3569; x_wconf 79' lang='grc' dir='ltr'>τὰς</span> <span class='ocrx_word' id='word_1_325' title='bbox 953 3506 1116 3569; x_wconf 84' lang='grc' dir='ltr'>ἀλλας</span> <span class='ocrx_word' id='word_1_326' title='bbox 1149 3507 1312 3576; x_wconf 78' lang='grc' dir='ltr'>ἔθηκε</span> <span class='ocrx_word' id='word_1_327' title='bbox 1354 3506 1505 3578; x_wconf 74' lang='grc'>[475]</span> <span class='ocrx_word' id='word_1_328' title='bbox 1557 3509 1842 3580; x_wconf 85' lang='grc' dir='ltr'>πονηρίας,</span> <span class='ocrx_word' id='word_1_329' title='bbox 1878 3503 2009 3571; x_wconf 81' lang='grc' dir='ltr'>οἷον,</span> 
     </span>
    </p>
   </div>
   <div class='ocr_carea' id='block_1_39' title="bbox 341 3585 2012 3662">
    <p class='ocr_par' dir='ltr' id='par_1_39' title="bbox 341 3585 2012 3662">
     <span class='ocr_line' id='line_1_39' title="bbox 341 3585 2012 3662; baseline 0.005 -27"><span class='ocrx_word' id='word_1_330' title='bbox 341 3585 635 3654; x_wconf 78' lang='grc' dir='ltr'>ἐπιθυμίαν</span> <span class='ocrx_word' id='word_1_331' title='bbox 671 3589 959 3657; x_wconf 86' lang='grc' dir='ltr'>σωμάτων,</span> <span class='ocrx_word' id='word_1_332' title='bbox 994 3588 1328 3653; x_wconf 83' lang='grc' dir='ltr'>κενοδοξίαν;</span> <span class='ocrx_word' id='word_1_333' title='bbox 1379 3590 1560 3644; x_wconf 83' lang='grc' dir='ltr'>Εἰπὼν</span> <span class='ocrx_word' id='word_1_334' title='bbox 1597 3590 1692 3661; x_wconf 82' lang='grc' dir='ltr'>τὴν</span> <span class='ocrx_word' id='word_1_335' title='bbox 1739 3591 2012 3662; x_wconf 82' lang='grc' dir='ltr'>μέριμναν</span> 
     </span>
    </p>
   </div>
   <div class='ocr_carea' id='block_1_40' title="bbox 341 3671 2012 3748">
    <p class='ocr_par' dir='ltr' id='par_1_40' title="bbox 341 3671 2012 3748">
     <span class='ocr_line' id='line_1_40' title="bbox 341 3671 2012 3748; baseline 0.006 -26"><span class='ocrx_word' id='word_1_336' title='bbox 341 3671 433 3724; x_wconf 86' lang='grc' dir='ltr'>τοῦ</span> <span class='ocrx_word' id='word_1_337' title='bbox 455 3674 649 3737; x_wconf 88' lang='grc' dir='ltr'>αἰῶνος</span> <span class='ocrx_word' id='word_1_338' title='bbox 674 3674 886 3738; x_wconf 89' lang='grc' dir='ltr'>τούτου,</span> <span class='ocrx_word' id='word_1_339' title='bbox 912 3677 1005 3729; x_wconf 74' lang='grc' dir='ltr'>καὶ</span> <span class='ocrx_word' id='word_1_340' title='bbox 1034 3676 1131 3746; x_wconf 86' lang='grc' dir='ltr'>τὴν</span> <span class='ocrx_word' id='word_1_341' title='bbox 1152 3677 1366 3748; x_wconf 82' lang='grc' dir='ltr'>ἀπάτην</span> <span class='ocrx_word' id='word_1_342' title='bbox 1397 3677 1490 3730; x_wconf 88' lang='grc' dir='ltr'>τοῦ</span> <span class='ocrx_word' id='word_1_343' title='bbox 1517 3678 1766 3742; x_wconf 91' lang='grc' dir='ltr'>πλούτου,</span> <span class='ocrx_word' id='word_1_344' title='bbox 1800 3678 2012 3732; x_wconf 77' lang='grc' dir='ltr'>ἅπαντα</span> 
     </span>
    </p>
   </div>
   <div class='ocr_carea' id='block_1_41' title="bbox 341 3759 2012 3833">
    <p class='ocr_par' dir='ltr' id='par_1_41' title="bbox 341 3759 2012 3833">
     <span class='ocr_line' id='line_1_41' title="bbox 341 3759 2012 3833; baseline 0.006 -22"><span class='ocrx_word' id='word_1_345' title='bbox 341 3759 571 3814; x_wconf 89' lang='grc' dir='ltr'>τέθεικε.</span> <span class='ocrx_word' id='word_1_346' title='bbox 615 3762 720 3816; x_wconf 79' lang='grc' dir='ltr'>Καὶ</span> <span class='ocrx_word' id='word_1_347' title='bbox 749 3763 856 3833; x_wconf 90' lang='lat'>7&amp;9</span> <span class='ocrx_word' id='word_1_348' title='bbox 885 3764 980 3815; x_wconf 77' lang='grc' dir='ltr'>καὶ</span> <span class='ocrx_word' id='word_1_349' title='bbox 1010 3763 1314 3829; x_wconf 79' lang='grc' dir='ltr'>κενοδοξία,</span> <span class='ocrx_word' id='word_1_350' title='bbox 1351 3766 1445 3817; x_wconf 74' lang='grc' dir='ltr'>καὶ</span> <span class='ocrx_word' id='word_1_351' title='bbox 1483 3765 1550 3818; x_wconf 81' lang='grc' dir='ltr'>τά</span> <span class='ocrx_word' id='word_1_352' title='bbox 1597 3765 1733 3819; x_wconf 83' lang='grc' dir='ltr'>ἄλλα</span> <span class='ocrx_word' id='word_1_353' title='bbox 1773 3765 2012 3832; x_wconf 79' lang='grc' dir='ltr'>ἅπαντα,</span> 
     </span>
    </p>
   </div>
   <div class='ocr_carea' id='block_1_42' title="bbox 340 3847 2011 3924">
    <p class='ocr_par' dir='ltr' id='par_1_42' title="bbox 340 3847 2011 3924">
     <span class='ocr_line' id='line_1_42' title="bbox 340 3847 2011 3924; baseline 0.007 -27"><span class='ocrx_word' id='word_1_354' title='bbox 340 3847 433 3900; x_wconf 90' lang='grc' dir='ltr'>τοῦ</span> <span class='ocrx_word' id='word_1_355' title='bbox 466 3848 661 3912; x_wconf 83' lang='grc' dir='ltr'>αἰῶνος</span> <span class='ocrx_word' id='word_1_356' title='bbox 690 3850 903 3906; x_wconf 84' lang='grc' dir='ltr'>τούτου.</span> <span class='ocrx_word' id='word_1_357' title='bbox 934 3851 1028 3903; x_wconf 79' lang='grc' dir='ltr'>καὶ</span> <span class='ocrx_word' id='word_1_358' title='bbox 1057 3853 1154 3922; x_wconf 85' lang='grc' dir='ltr'>τῆς</span> <span class='ocrx_word' id='word_1_359' title='bbox 1184 3851 1277 3904; x_wconf 86' lang='grc' dir='ltr'>τοῦ</span> <span class='ocrx_word' id='word_1_360' title='bbox 1309 3853 1538 3906; x_wconf 87' lang='grc' dir='ltr'>πλούτου</span> <span class='ocrx_word' id='word_1_361' title='bbox 1583 3854 1797 3924; x_wconf 83' lang='grc' dir='ltr'>ἀπάτης</span> <span class='ocrx_word' id='word_1_362' title='bbox 1829 3855 1976 3909; x_wconf 85' lang='grc' dir='ltr'>ἐστίν</span> <span class='ocrx_word' id='word_1_363' title='bbox 1997 3874 2011 3886; x_wconf 95' lang='grc'>·</span> 
     </span>
    </p>
   </div>
   <div class='ocr_carea' id='block_1_43' title="bbox 339 3932 2015 4011">
    <p class='ocr_par' dir='ltr' id='par_1_43' title="bbox 339 3932 2015 4011">
     <span class='ocr_line' id='line_1_43' title="bbox 339 3932 2015 4011; baseline 0.005 -24"><span class='ocrx_word' id='word_1_364' title='bbox 339 3932 488 3998; x_wconf 78' lang='grc' dir='ltr'>οἷον,</span> <span class='ocrx_word' id='word_1_365' title='bbox 546 3937 743 4008; x_wconf 82' lang='grc' dir='ltr'>ἡδονὴ,</span> <span class='ocrx_word' id='word_1_366' title='bbox 801 3939 896 3992; x_wconf 75' lang='grc' dir='ltr'>καὶ</span> <span class='ocrx_word' id='word_1_367' title='bbox 943 3941 1390 4011; x_wconf 85' lang='grc' dir='ltr'>γαστριμαργία,</span> <span class='ocrx_word' id='word_1_368' title='bbox 1433 3941 1526 3993; x_wconf 78' lang='grc' dir='ltr'>καὶ</span> <span class='ocrx_word' id='word_1_369' title='bbox 1583 3940 1870 4011; x_wconf 89' lang='grc' dir='ltr'>βασκανία,</span> <span class='ocrx_word' id='word_1_370' title='bbox 1922 3943 2015 3997; x_wconf 75' lang='grc' dir='ltr'>καὶ</span> 
     </span>
    </p>
   </div>
   <div class='ocr_carea' id='block_1_44' title="bbox 343 4025 2016 4103">
    <p class='ocr_par' dir='ltr' id='par_1_44' title="bbox 343 4025 2016 4103">
     <span class='ocr_line' id='line_1_44' title="bbox 343 4025 2016 4103; baseline 0.005 -27"><span class='ocrx_word' id='word_1_371' title='bbox 343 4025 638 4091; x_wconf 81' lang='grc' dir='ltr'>κενοδοξία,</span> <span class='ocrx_word' id='word_1_372' title='bbox 661 4028 754 4079; x_wconf 75' lang='grc' dir='ltr'>καὶ</span> <span class='ocrx_word' id='word_1_373' title='bbox 777 4027 875 4080; x_wconf 82' lang='grc' dir='ltr'>ὅσα</span> <span class='ocrx_word' id='word_1_374' title='bbox 900 4027 1143 4081; x_wconf 90' lang='grc' dir='ltr'>τοιαῦτα.</span> <span class='ocrx_word' id='word_1_375' title='bbox 1176 4028 1490 4099; x_wconf 89' lang='grc' dir='ltr'>Προσέθηκε</span> <span class='ocrx_word' id='word_1_376' title='bbox 1523 4028 1581 4083; x_wconf 86' lang='grc' dir='ltr'>δέ</span> <span class='ocrx_word' id='word_1_377' title='bbox 1628 4032 1724 4084; x_wconf 77' lang='grc' dir='ltr'>καὶ</span> <span class='ocrx_word' id='word_1_378' title='bbox 1754 4032 1853 4103; x_wconf 82' lang='grc' dir='ltr'>τὴν</span> <span class='ocrx_word' id='word_1_379' title='bbox 1897 4032 2016 4086; x_wconf 80' lang='grc' dir='ltr'>όδὸν</span> 
     </span>
    </p>
   </div>
   <div class='ocr_carea' id='block_1_45' title="bbox 344 4114 2015 4188">
    <p class='ocr_par' dir='ltr' id='par_1_45' title="bbox 344 4114 2015 4188">
     <span class='ocr_line' id='line_1_45' title="bbox 344 4114 2015 4188; baseline 0.005 -24"><span class='ocrx_word' id='word_1_380' title='bbox 344 4114 438 4164; x_wconf 71' lang='grc' dir='ltr'>καὶ</span> <span class='ocrx_word' id='word_1_381' title='bbox 463 4114 561 4182; x_wconf 80' lang='grc' dir='ltr'>τὴν</span> <span class='ocrx_word' id='word_1_382' title='bbox 596 4114 821 4186; x_wconf 90' lang='grc' dir='ltr'>πέτραν,</span> <span class='ocrx_word' id='word_1_383' title='bbox 857 4116 1072 4179; x_wconf 81' lang='grc' dir='ltr'>δεικνὺς</span> <span class='ocrx_word' id='word_1_384' title='bbox 1093 4117 1174 4169; x_wconf 86' lang='grc' dir='ltr'>ὄτι</span> <span class='ocrx_word' id='word_1_385' title='bbox 1199 4117 1297 4169; x_wconf 78' lang='grc' dir='ltr'>οὐκ</span> <span class='ocrx_word' id='word_1_386' title='bbox 1330 4118 1493 4188; x_wconf 89' lang='grc' dir='ltr'>ἀρκεῖ</span> <span class='ocrx_word' id='word_1_387' title='bbox 1518 4136 1622 4188; x_wconf 86' lang='grc' dir='ltr'>χρη</span> <span class='ocrx_word' id='word_1_388' title='bbox 1633 4120 1818 4188; x_wconf 87' lang='grc' dir='ltr'>μάτων</span> <span class='ocrx_word' id='word_1_389' title='bbox 1841 4120 2015 4188; x_wconf 84' lang='grc' dir='ltr'>ἀπηλ-</span> 
     </span>
    </p>
   </div>
   <div class='ocr_carea' id='block_1_46' title="bbox 346 4200 2014 4276">
    <p class='ocr_par' dir='ltr' id='par_1_46' title="bbox 346 4200 2014 4276">
     <span class='ocr_line' id='line_1_46' title="bbox 346 4200 2014 4276; baseline 0.004 -24"><span class='ocrx_word' id='word_1_390' title='bbox 346 4200 541 4270; x_wconf 88' lang='grc' dir='ltr'>λάχθαι</span> <span class='ocrx_word' id='word_1_391' title='bbox 569 4202 749 4272; x_wconf 87' lang='grc' dir='ltr'>μόνον,</span> <span class='ocrx_word' id='word_1_392' title='bbox 783 4202 922 4256; x_wconf 87' lang='grc' dir='ltr'>ἀλλά</span> <span class='ocrx_word' id='word_1_393' title='bbox 944 4202 1025 4255; x_wconf 87' lang='grc' dir='ltr'>δεῖ</span> <span class='ocrx_word' id='word_1_394' title='bbox 1047 4205 1138 4256; x_wconf 77' lang='grc' dir='ltr'>καὶ</span> <span class='ocrx_word' id='word_1_395' title='bbox 1167 4202 1265 4274; x_wconf 75' lang='grc' dir='ltr'>τὴν</span> <span class='ocrx_word' id='word_1_396' title='bbox 1299 4204 1465 4275; x_wconf 84' lang='grc' dir='ltr'>ἀλλην</span> <span class='ocrx_word' id='word_1_397' title='bbox 1491 4206 1690 4276; x_wconf 78' lang='grc' dir='ltr'>ἀρετὴν</span> <span class='ocrx_word' id='word_1_398' title='bbox 1715 4207 1924 4262; x_wconf 87' lang='grc' dir='ltr'>ἀσκεῖν.</span> <span class='ocrx_word' id='word_1_399' title='bbox 1950 4205 2014 4260; x_wconf 89' lang='grc' dir='ltr'>Τί</span> 
     </span>
    </p>
   </div>
   <div class='ocr_carea' id='block_1_47' title="bbox 343 4288 2016 4365">
    <p class='ocr_par' dir='ltr' id='par_1_47' title="bbox 343 4288 2016 4365">
     <span class='ocr_line' id='line_1_47' title="bbox 343 4288 2016 4365; baseline 0.004 -23"><span class='ocrx_word' id='word_1_400' title='bbox 343 4289 475 4358; x_wconf 89' lang='grc' dir='ltr'>γὰρ,</span> <span class='ocrx_word' id='word_1_401' title='bbox 528 4289 592 4343; x_wconf 84' lang='grc' dir='ltr'>ἂν</span> <span class='ocrx_word' id='word_1_402' title='bbox 625 4292 921 4362; x_wconf 91' lang='grc' dir='ltr'>χρημάτων</span> <span class='ocrx_word' id='word_1_403' title='bbox 959 4292 1056 4362; x_wconf 83' lang='grc' dir='ltr'>μὲν</span> <span class='ocrx_word' id='word_1_404' title='bbox 1113 4292 1394 4364; x_wconf 87' lang='grc' dir='ltr'>ἐλεύθερος</span> <span class='ocrx_word' id='word_1_405' title='bbox 1431 4288 1518 4365; x_wconf 83' lang='grc' dir='ltr'>ᾗς,</span> <span class='ocrx_word' id='word_1_406' title='bbox 1545 4293 1803 4365; x_wconf 82' lang='grc' dir='ltr'>ἄνανδρος</span> <span class='ocrx_word' id='word_1_407' title='bbox 1826 4295 1882 4348; x_wconf 87' lang='grc' dir='ltr'>δέ</span> <span class='ocrx_word' id='word_1_408' title='bbox 1921 4297 2016 4348; x_wconf 76' lang='grc' dir='ltr'>καὶ</span> 
     </span>
    </p>
   </div>
   <div class='ocr_carea' id='block_1_48' title="bbox 352 4377 2017 4456">
    <p class='ocr_par' dir='ltr' id='par_1_48' title="bbox 352 4377 2017 4456">
     <span class='ocr_line' id='line_1_48' title="bbox 352 4377 2017 4456; baseline 0.004 -27"><span class='ocrx_word' id='word_1_409' title='bbox 352 4378 626 4446; x_wconf 84' lang='grc' dir='ltr'>μαλακός;</span> <span class='ocrx_word' id='word_1_410' title='bbox 677 4380 730 4432; x_wconf 89' lang='grc' dir='ltr'>τί</span> <span class='ocrx_word' id='word_1_411' title='bbox 757 4379 834 4438; x_wconf 84' lang='grc' dir='ltr'>δὲ.</span> <span class='ocrx_word' id='word_1_412' title='bbox 883 4380 948 4432; x_wconf 83' lang='grc' dir='ltr'>ἂν</span> <span class='ocrx_word' id='word_1_413' title='bbox 982 4380 1280 4450; x_wconf 80' lang='grc' dir='ltr'>ἀνανδρος⁶</span> <span class='ocrx_word' id='word_1_414' title='bbox 1323 4381 1420 4451; x_wconf 83' lang='grc' dir='ltr'>μὲν</span> <span class='ocrx_word' id='word_1_415' title='bbox 1471 4381 1545 4452; x_wconf 84' lang='grc' dir='ltr'>μὴ</span> <span class='ocrx_word' id='word_1_416' title='bbox 1569 4377 1656 4456; x_wconf 79' lang='grc' dir='ltr'>ᾖς,</span> <span class='ocrx_word' id='word_1_417' title='bbox 1693 4383 1932 4454; x_wconf 77' lang='grc' dir='ltr'>ῥᾴθυμος</span> <span class='ocrx_word' id='word_1_418' title='bbox 1960 4385 2017 4436; x_wconf 79' lang='grc' dir='ltr'>δὲ</span> 
     </span>
    </p>
   </div>
   <div class='ocr_carea' id='block_1_49' title="bbox 350 4466 2018 4541">
    <p class='ocr_par' dir='ltr' id='par_1_49' title="bbox 350 4466 2018 4541">
     <span class='ocr_line' id='line_1_49' title="bbox 350 4466 2018 4541; baseline 0.004 -25"><span class='ocrx_word' id='word_1_419' title='bbox 350 4466 439 4516; x_wconf 71' lang='grc' dir='ltr'>καὶ</span> <span class='ocrx_word' id='word_1_420' title='bbox 464 4466 721 4535; x_wconf 86' lang='grc' dir='ltr'>ὀλίγωρος</span> <span class='ocrx_word' id='word_1_421' title='bbox 746 4467 872 4538; x_wconf 79' lang='grc' dir='ltr'>περὶ</span> <span class='ocrx_word' id='word_1_422' title='bbox 901 4467 1001 4538; x_wconf 84' lang='grc' dir='ltr'>τὴν</span> <span class='ocrx_word' id='word_1_423' title='bbox 1034 4468 1331 4537; x_wconf 84' lang='grc' dir='ltr'>ἀκρόασιν;</span> <span class='ocrx_word' id='word_1_424' title='bbox 1368 4469 1502 4521; x_wconf 81' lang='grc' dir='ltr'>Οὐδὲ</span> <span class='ocrx_word' id='word_1_425' title='bbox 1537 4470 1648 4539; x_wconf 72' lang='grc' dir='ltr'>γάρ</span> <span class='ocrx_word' id='word_1_426' title='bbox 1673 4472 1830 4540; x_wconf 90' lang='grc' dir='ltr'>ἀρκεῖ</span> <span class='ocrx_word' id='word_1_427' title='bbox 1854 4471 2018 4541; x_wconf 84' lang='grc' dir='ltr'>μέρος</span> 
     </span>
    </p>
   </div>
   <div class='ocr_carea' id='block_1_50' title="bbox 349 4553 2019 4629">
    <p class='ocr_par' dir='ltr' id='par_1_50' title="bbox 349 4553 2019 4629">
     <span class='ocr_line' id='line_1_50' title="bbox 349 4553 2019 4629; baseline 0.004 -24"><span class='ocrx_word' id='word_1_428' title='bbox 349 4553 406 4606; x_wconf 85' lang='grc' dir='ltr'>ἓν</span> <span class='ocrx_word' id='word_1_429' title='bbox 442 4553 575 4622; x_wconf 78' lang='grc' dir='ltr'>πρὸς</span> <span class='ocrx_word' id='word_1_430' title='bbox 597 4555 866 4624; x_wconf 80' lang='grc' dir='ltr'>σωτηρίαν</span> <span class='ocrx_word' id='word_1_431' title='bbox 892 4557 1045 4625; x_wconf 87' lang='grc' dir='ltr'>ἡμῖν.</span> <span class='ocrx_word' id='word_1_432' title='bbox 1070 4555 1202 4608; x_wconf 91' lang='grc' dir='ltr'>ἀλλά</span> <span class='ocrx_word' id='word_1_433' title='bbox 1225 4555 1304 4608; x_wconf 88' lang='grc' dir='ltr'>δεῖ</span> <span class='ocrx_word' id='word_1_434' title='bbox 1331 4555 1547 4625; x_wconf 88' lang='grc' dir='ltr'>πρῶτον</span> <span class='ocrx_word' id='word_1_435' title='bbox 1576 4557 1675 4625; x_wconf 85' lang='grc' dir='ltr'>μὲν</span> <span class='ocrx_word' id='word_1_436' title='bbox 1703 4557 2019 4629; x_wconf 80' lang='grc' dir='ltr'>ἀκροάσεως</span> 
     </span>
    </p>
   </div>
   <div class='ocr_carea' id='block_1_51' title="bbox 349 4640 2019 4716">
    <p class='ocr_par' dir='ltr' id='par_1_51' title="bbox 349 4640 2019 4716">
     <span class='ocr_line' id='line_1_51' title="bbox 349 4640 2019 4716; baseline 0.002 -22"><span class='ocrx_word' id='word_1_437' title='bbox 349 4640 610 4711; x_wconf 83' lang='grc' dir='ltr'>ἀκριϐοῦς</span> <span class='ocrx_word' id='word_1_438' title='bbox 649 4641 742 4693; x_wconf 74' lang='grc' dir='ltr'>καὶ</span> <span class='ocrx_word' id='word_1_439' title='bbox 776 4643 996 4713; x_wconf 85' lang='grc' dir='ltr'>μνήμης</span> <span class='ocrx_word' id='word_1_440' title='bbox 1024 4643 1326 4712; x_wconf 81' lang='grc' dir='ltr'>διηνεκοῦς,</span> <span class='ocrx_word' id='word_1_441' title='bbox 1356 4643 1546 4696; x_wconf 77' lang='grc' dir='ltr'>ἔπειτα</span> <span class='ocrx_word' id='word_1_442' title='bbox 1578 4644 1846 4716; x_wconf 73' lang='grc' dir='ltr'>ἀνδρείας,</span> <span class='ocrx_word' id='word_1_443' title='bbox 1901 4640 2019 4698; x_wconf 83' lang='grc' dir='ltr'>εἶτα</span> 
     </span>
    </p>
   </div>
   <div class='ocr_carea' id='block_1_52' title="bbox 348 4729 2017 4800">
    <p class='ocr_par' dir='ltr' id='par_1_52' title="bbox 348 4729 2017 4800">
     <span class='ocr_line' id='line_1_52' title="bbox 348 4729 2017 4800; baseline 0.001 -17"><span class='ocrx_word' id='word_1_444' title='bbox 348 4729 645 4799; x_wconf 76' lang='grc' dir='ltr'>χρημάτων</span> <span class='ocrx_word' id='word_1_445' title='bbox 702 4729 1007 4800; x_wconf 83' lang='grc' dir='ltr'>ὑπεροψίας</span> <span class='ocrx_word' id='word_1_446' title='bbox 1058 4730 1278 4800; x_wconf 76' lang='grc' dir='ltr'>καὶτῆς</span> <span class='ocrx_word' id='word_1_447' title='bbox 1303 4730 1414 4783; x_wconf 93' lang='grc' dir='ltr'>τῶν</span> <span class='ocrx_word' id='word_1_448' title='bbox 1449 4730 1717 4800; x_wconf 84' lang='grc' dir='ltr'>βιωτικῶν</span> <span class='ocrx_word' id='word_1_449' title='bbox 1761 4732 2017 4786; x_wconf 87' lang='grc' dir='ltr'>ἀπάντων</span> 
     </span>
    </p>
   </div>
   <div class='ocr_carea' id='block_1_53' title="bbox 347 4817 2015 4891">
    <p class='ocr_par' dir='ltr' id='par_1_53' title="bbox 347 4817 2015 4891">
     <span class='ocr_line' id='line_1_53' title="bbox 347 4817 2015 4891; baseline 0.004 -21"><span class='ocrx_word' id='word_1_450' title='bbox 347 4817 685 4888; x_wconf 83' lang='grc' dir='ltr'>ἀπαλλαγῆς.</span> <span class='ocrx_word' id='word_1_451' title='bbox 718 4819 816 4870; x_wconf 76' lang='grc' dir='ltr'>Διά</span> <span class='ocrx_word' id='word_1_452' title='bbox 860 4818 968 4890; x_wconf 87' lang='grc' dir='ltr'>γάρ</span> <span class='ocrx_word' id='word_1_453' title='bbox 1001 4835 1084 4871; x_wconf 93' lang='grc' dir='ltr'>τοι</span> <span class='ocrx_word' id='word_1_454' title='bbox 1110 4819 1269 4872; x_wconf 87' lang='grc' dir='ltr'>τοῦτο</span> <span class='ocrx_word' id='word_1_455' title='bbox 1307 4820 1524 4891; x_wconf 88' lang='grc' dir='ltr'>πρῶτον</span> <span class='ocrx_word' id='word_1_456' title='bbox 1550 4821 1764 4891; x_wconf 88' lang='grc' dir='ltr'>τίθησιν</span> <span class='ocrx_word' id='word_1_457' title='bbox 1807 4822 2015 4876; x_wconf 90' lang='grc' dir='ltr'>ἐκείνου</span> 
     </span>
    </p>
   </div>
   <div class='ocr_carea' id='block_1_54' title="bbox 346 4905 2019 4982">
    <p class='ocr_par' dir='ltr' id='par_1_54' title="bbox 346 4905 2019 4982">
     <span class='ocr_line' id='line_1_54' title="bbox 346 4905 2019 4982; baseline 0.002 -24"><span class='ocrx_word' id='word_1_458' title='bbox 346 4905 503 4958; x_wconf 84' lang='grc' dir='ltr'>τοῦτο</span> <span class='ocrx_word' id='word_1_459' title='bbox 523 4907 565 4970; x_wconf 87' lang='grc'>⁷,</span> <span class='ocrx_word' id='word_1_460' title='bbox 621 4906 807 4977; x_wconf 83' lang='grc' dir='ltr'>ἐπειδὴ</span> <span class='ocrx_word' id='word_1_461' title='bbox 867 4906 1055 4960; x_wconf 92' lang='grc' dir='ltr'>τούτου</span> <span class='ocrx_word' id='word_1_462' title='bbox 1110 4908 1329 4978; x_wconf 86' lang='grc' dir='ltr'>πρώτου</span> <span class='ocrx_word' id='word_1_463' title='bbox 1383 4909 1541 4980; x_wconf 86' lang='grc' dir='ltr'>χρεία</span> <span class='ocrx_word' id='word_1_464' title='bbox 1572 4908 1737 4978; x_wconf 86' lang='grc' dir='ltr'>(Πῶς</span> <span class='ocrx_word' id='word_1_465' title='bbox 1775 4909 1885 4982; x_wconf 93' lang='lat'>7&amp;9</span> <span class='ocrx_word' id='word_1_466' title='bbox 1927 4926 2019 4964; x_wconf 81' lang='grc' dir='ltr'>πι-</span> 
     </span>
    </p>
   </div>
   <div class='ocr_carea' id='block_1_55' title="bbox 349 4993 2019 5068">
    <p class='ocr_par' dir='ltr' id='par_1_55' title="bbox 349 4993 2019 5068">
     <span class='ocr_line' id='line_1_55' title="bbox 349 4993 2019 5068; baseline 0.004 -23"><span class='ocrx_word' id='word_1_467' title='bbox 349 4994 742 5056; x_wconf 77' lang='grc' dir='ltr'>στεύσουσιν,</span> <span class='ocrx_word' id='word_1_468' title='bbox 764 4995 873 5048; x_wconf 81' lang='grc' dir='ltr'>ἐὰν</span> <span class='ocrx_word' id='word_1_469' title='bbox 885 4994 971 5064; x_wconf 84' lang='grc' dir='ltr'>μὴ</span> <span class='ocrx_word' id='word_1_470' title='bbox 989 4995 1330 5058; x_wconf 81' lang='grc' dir='ltr'>ἀκούσωσι;</span> <span class='ocrx_word' id='word_1_471' title='bbox 1351 4997 1602 5067; x_wconf 88' lang='grc' dir='ltr'>καθάπερ</span> <span class='ocrx_word' id='word_1_472' title='bbox 1623 4993 1714 5052; x_wconf 83' lang='grc' dir='ltr'>οὖν</span> <span class='ocrx_word' id='word_1_473' title='bbox 1742 4998 1839 5051; x_wconf 79' lang='grc' dir='ltr'>καὶ</span> <span class='ocrx_word' id='word_1_474' title='bbox 1857 4999 2019 5068; x_wconf 84' lang='grc' dir='ltr'>ἡμεῖς</span> 
     </span>
    </p>
   </div>
   <div class='ocr_carea' id='block_1_56' title="bbox 351 5081 2016 5156">
    <p class='ocr_par' dir='ltr' id='par_1_56' title="bbox 351 5081 2016 5156">
     <span class='ocr_line' id='line_1_56' title="bbox 351 5081 2016 5156; baseline 0.004 -23"><span class='ocrx_word' id='word_1_475' title='bbox 351 5081 444 5134; x_wconf 75' lang='grc' dir='ltr'>ἐὰν</span> <span class='ocrx_word' id='word_1_476' title='bbox 478 5081 552 5153; x_wconf 82' lang='grc' dir='ltr'>μὴ</span> <span class='ocrx_word' id='word_1_477' title='bbox 581 5083 940 5155; x_wconf 81' lang='grc' dir='ltr'>προσέχωμεν</span> <span class='ocrx_word' id='word_1_478' title='bbox 963 5086 1076 5147; x_wconf 90' lang='grc' dir='ltr'>τοῖς</span> <span class='ocrx_word' id='word_1_479' title='bbox 1105 5083 1439 5153; x_wconf 88' lang='grc' dir='ltr'>λεγομένοις,</span> <span class='ocrx_word' id='word_1_480' title='bbox 1466 5085 1588 5138; x_wconf 81' lang='grc' dir='ltr'>ούδέ</span> <span class='ocrx_word' id='word_1_481' title='bbox 1617 5085 1808 5155; x_wconf 85' lang='grc' dir='ltr'>μαθεῖν</span> <span class='ocrx_word' id='word_1_482' title='bbox 1855 5087 2016 5156; x_wconf 80' lang='grc' dir='ltr'>δυνηο</span> 
     </span>
    </p>
   </div>
   <div class='ocr_carea' id='block_1_57' title="bbox 353 5169 2020 5244">
    <p class='ocr_par' dir='ltr' id='par_1_57' title="bbox 353 5169 2020 5244">
     <span class='ocr_line' id='line_1_57' title="bbox 353 5169 2020 5244; baseline 0.005 -25"><span class='ocrx_word' id='word_1_483' title='bbox 353 5169 556 5238; x_wconf 88' lang='grc' dir='ltr'>σόμεθα</span> <span class='ocrx_word' id='word_1_484' title='bbox 587 5169 623 5223; x_wconf 80' lang='grc' dir='ltr'>ἃ.</span> <span class='ocrx_word' id='word_1_485' title='bbox 650 5172 756 5242; x_wconf 80' lang='grc' dir='ltr'>χρὴ</span> <span class='ocrx_word' id='word_1_486' title='bbox 786 5172 990 5239; x_wconf 89' lang='grc' dir='ltr'>ποιεῖν)</span> <span class='ocrx_word' id='word_1_487' title='bbox 1015 5188 1029 5201; x_wconf 96' lang='grc'>·</span> <span class='ocrx_word' id='word_1_488' title='bbox 1084 5171 1277 5224; x_wconf 75' lang='grc' dir='ltr'>ἔπειτα</span> <span class='ocrx_word' id='word_1_489' title='bbox 1310 5172 1410 5243; x_wconf 84' lang='grc' dir='ltr'>τὴν</span> <span class='ocrx_word' id='word_1_490' title='bbox 1458 5173 1728 5244; x_wconf 88' lang='grc' dir='ltr'>ἀνδρείαν,</span> <span class='ocrx_word' id='word_1_491' title='bbox 1777 5173 1873 5226; x_wconf 70' lang='grc' dir='ltr'>καὶ</span> <span class='ocrx_word' id='word_1_492' title='bbox 1921 5175 2020 5244; x_wconf 82' lang='grc' dir='ltr'>τὴν</span> 
     </span>
    </p>
   </div>
   <div class='ocr_carea' id='block_1_58' title="bbox 349 5259 2018 5332">
    <p class='ocr_par' dir='ltr' id='par_1_58' title="bbox 349 5259 2018 5332">
     <span class='ocr_line' id='line_1_58' title="bbox 349 5259 2018 5332; baseline 0.004 -22"><span class='ocrx_word' id='word_1_493' title='bbox 349 5259 458 5312; x_wconf 85' lang='grc' dir='ltr'>τῶν</span> <span class='ocrx_word' id='word_1_494' title='bbox 494 5260 777 5331; x_wconf 81' lang='grc' dir='ltr'>παρόντων</span> <span class='ocrx_word' id='word_1_495' title='bbox 822 5261 1328 5332; x_wconf 75' lang='grc' dir='ltr'>ὑπεροψίαν.Ταῦτ’</span> <span class='ocrx_word' id='word_1_496' title='bbox 1359 5259 1452 5315; x_wconf 82' lang='grc' dir='ltr'>οῦν</span> <span class='ocrx_word' id='word_1_497' title='bbox 1493 5261 1782 5325; x_wconf 86' lang='grc' dir='ltr'>ἀκούοντες</span> <span class='ocrx_word' id='word_1_498' title='bbox 1799 5263 1840 5321; x_wconf 73' lang='grc'>³,</span> <span class='ocrx_word' id='word_1_499' title='bbox 1881 5263 2018 5316; x_wconf 89' lang='grc' dir='ltr'>πάν-</span> 
     </span>
    </p>
   </div>
   <div class='ocr_carea' id='block_1_59' title="bbox 348 5349 2018 5426">
    <p class='ocr_par' dir='ltr' id='par_1_59' title="bbox 348 5349 2018 5426">
     <span class='ocr_line' id='line_1_59' title="bbox 348 5349 2018 5426; baseline 0.004 -23"><span class='ocrx_word' id='word_1_500' title='bbox 348 5349 504 5404; x_wconf 88' lang='grc' dir='ltr'>τοθεν</span> <span class='ocrx_word' id='word_1_501' title='bbox 535 5352 760 5414; x_wconf 82' lang='grc' dir='ltr'>ἑαυτοὺς</span> <span class='ocrx_word' id='word_1_502' title='bbox 787 5353 1130 5424; x_wconf 80' lang='grc' dir='ltr'>τειχίζωμεν,</span> <span class='ocrx_word' id='word_1_503' title='bbox 1154 5353 1511 5424; x_wconf 85' lang='grc' dir='ltr'>προσέχοντες</span> <span class='ocrx_word' id='word_1_504' title='bbox 1533 5356 1648 5418; x_wconf 88' lang='grc' dir='ltr'>τοῖς</span> <span class='ocrx_word' id='word_1_505' title='bbox 1687 5354 2018 5426; x_wconf 82' lang='grc' dir='ltr'>λεγομένοις,</span> 
     </span>
    </p>
   </div>
   <div class='ocr_carea' id='block_1_60' title="bbox 1141 397 2984 460">
    <p class='ocr_par' dir='ltr' id='par_1_60' title="bbox 1141 397 2984 460">
     <span class='ocr_line' id='line_1_60' title="bbox 1141 397 2984 460; baseline 0.004 -7"><span class='ocrx_word' id='word_1_506' title='bbox 1141 399 1197 453; x_wconf 87' lang='lat' dir='ltr'>S.</span> <span class='ocrx_word' id='word_1_507' title='bbox 1234 399 1520 456; x_wconf 78' lang='lat' dir='ltr'>JOANNIS</span> <span class='ocrx_word' id='word_1_508' title='bbox 1558 397 2047 458; x_wconf 80' lang='lat' dir='ltr'>CHRYSOSTOMI</span> <span class='ocrx_word' id='word_1_509' title='bbox 2086 397 2403 456; x_wconf 82' lang='lat' dir='ltr'>ARCHIEP.</span> <span class='ocrx_word' id='word_1_510' title='bbox 2445 401 2984 460; x_wconf 80' lang='lat' dir='ltr'>CONSTANTINOP.</span> 
     </span>
    </p>
   </div>
   <div class='ocr_carea' id='block_1_61' title="bbox 3692 403 3797 460">
    <p class='ocr_par' dir='ltr' id='par_1_61' title="bbox 3692 403 3797 460">
     <span class='ocr_line' id='line_1_61' title="bbox 3692 403 3797 460; baseline 0.019 -2"><span class='ocrx_word' id='word_1_511' title='bbox 3692 403 3797 460; x_wconf 79' lang='grc'>470</span> 
     </span>
    </p>
   </div>
   <div class='ocr_carea' id='block_1_62' title="bbox 2125 514 3797 589">
    <p class='ocr_par' dir='ltr' id='par_1_62' title="bbox 2125 514 3797 589">
     <span class='ocr_line' id='line_1_62' title="bbox 2125 514 3797 589; baseline 0.001 -22"><span class='ocrx_word' id='word_1_512' title='bbox 2125 517 2250 578; x_wconf 80' lang='grc' dir='ltr'>τοὺς</span> <span class='ocrx_word' id='word_1_513' title='bbox 2274 514 2694 586; x_wconf 79' lang='grc' dir='ltr'>ἐκκαθαίροντες</span> <span class='ocrx_word' id='word_1_514' title='bbox 2721 518 2830 572; x_wconf 90' lang='grc' dir='ltr'>τῶν</span> <span class='ocrx_word' id='word_1_515' title='bbox 2855 517 3147 589; x_wconf 59' lang='grc' dir='ltr'>βιωτικῶνέ</span> <span class='ocrx_word' id='word_1_516' title='bbox 3180 517 3276 569; x_wconf 75' lang='grc' dir='ltr'>Ἂν</span> <span class='ocrx_word' id='word_1_517' title='bbox 3301 514 3358 568; x_wconf 83' lang='grc' dir='ltr'>δέ</span> <span class='ocrx_word' id='word_1_518' title='bbox 3407 514 3474 568; x_wconf 86' lang='grc' dir='ltr'>τά</span> <span class='ocrx_word' id='word_1_519' title='bbox 3508 515 3606 585; x_wconf 85' lang='grc' dir='ltr'>μὲν</span> <span class='ocrx_word' id='word_1_520' title='bbox 3629 516 3797 568; x_wconf 89' lang='grc' dir='ltr'>ποιῶ-</span> 
     </span>
    </p>
   </div>
   <div class='ocr_carea' id='block_1_63' title="bbox 2126 597 3795 671">
    <p class='ocr_par' dir='ltr' id='par_1_63' title="bbox 2126 597 3795 671">
     <span class='ocr_line' id='line_1_63' title="bbox 2126 597 3795 671; baseline 0.001 -23"><span class='ocrx_word' id='word_1_521' title='bbox 2126 614 2247 667; x_wconf 91' lang='grc' dir='ltr'>μεν,</span> <span class='ocrx_word' id='word_1_522' title='bbox 2278 597 2389 649; x_wconf 89' lang='grc' dir='ltr'>τῶν</span> <span class='ocrx_word' id='word_1_523' title='bbox 2417 598 2472 650; x_wconf 86' lang='grc' dir='ltr'>δέ</span> <span class='ocrx_word' id='word_1_524' title='bbox 2520 598 2834 669; x_wconf 90' lang='grc' dir='ltr'>ἀμελῶμεν,</span> <span class='ocrx_word' id='word_1_525' title='bbox 2869 602 3024 654; x_wconf 80' lang='grc' dir='ltr'>οὐδὲν</span> <span class='ocrx_word' id='word_1_526' title='bbox 3069 601 3202 671; x_wconf 76' lang='grc' dir='ltr'>1ἡμῖν</span> <span class='ocrx_word' id='word_1_527' title='bbox 3235 599 3388 652; x_wconf 75' lang='grc' dir='ltr'>ἔσται</span> <span class='ocrx_word' id='word_1_528' title='bbox 3435 597 3616 652; x_wconf 84' lang='grc' dir='ltr'>πλέον·</span> <span class='ocrx_word' id='word_1_529' title='bbox 3653 598 3795 651; x_wconf 74' lang='grc' dir='ltr'>κάν⁹</span> 
     </span>
    </p>
   </div>
   <div class='ocr_carea' id='block_1_64' title="bbox 2121 678 3796 752">
    <p class='ocr_par' dir='ltr' id='par_1_64' title="bbox 2121 678 3796 752">
     <span class='ocr_line' id='line_1_64' title="bbox 2121 678 3796 752; baseline 0 -20"><span class='ocrx_word' id='word_1_530' title='bbox 2121 679 2226 748; x_wconf 87' lang='grc' dir='ltr'>γάρ</span> <span class='ocrx_word' id='word_1_531' title='bbox 2264 680 2338 749; x_wconf 83' lang='grc' dir='ltr'>μὴ</span> <span class='ocrx_word' id='word_1_532' title='bbox 2395 678 2590 743; x_wconf 78' lang='grc' dir='ltr'>οὕτως,</span> <span class='ocrx_word' id='word_1_533' title='bbox 2625 681 2739 735; x_wconf 81' lang='grc' dir='ltr'>ἀλλ’</span> <span class='ocrx_word' id='word_1_534' title='bbox 2770 684 2996 746; x_wconf 77' lang='grc' dir='ltr'>ἐκείνως</span> <span class='ocrx_word' id='word_1_535' title='bbox 3041 682 3409 752; x_wconf 70' lang='grc' dir='ltr'>ἀπολλύμεθα.</span> <span class='ocrx_word' id='word_1_536' title='bbox 3435 680 3502 732; x_wconf 87' lang='grc' dir='ltr'>Τί</span> <span class='ocrx_word' id='word_1_537' title='bbox 3535 680 3644 750; x_wconf 91' lang='lat'>7&amp;9</span> <span class='ocrx_word' id='word_1_538' title='bbox 3681 679 3796 732; x_wconf 89' lang='grc' dir='ltr'>δια-</span> 
     </span>
    </p>
   </div>
   <div class='ocr_carea' id='block_1_65' title="bbox 2123 761 3796 836">
    <p class='ocr_par' dir='ltr' id='par_1_65' title="bbox 2123 761 3796 836">
     <span class='ocr_line' id='line_1_65' title="bbox 2123 761 3796 836; baseline 0.01 -23"><span class='ocrx_word' id='word_1_539' title='bbox 2123 762 2298 831; x_wconf 84' lang='grc' dir='ltr'>φέρει.</span> <span class='ocrx_word' id='word_1_540' title='bbox 2327 763 2395 816; x_wconf 79' lang='grc' dir='ltr'>ἂν</span> <span class='ocrx_word' id='word_1_541' title='bbox 2423 763 2497 834; x_wconf 80' lang='grc' dir='ltr'>μὴ</span> <span class='ocrx_word' id='word_1_542' title='bbox 2541 763 2631 818; x_wconf 84' lang='grc' dir='ltr'>διὰ</span> <span class='ocrx_word' id='word_1_543' title='bbox 2659 764 2913 829; x_wconf 81' lang='grc' dir='ltr'>πλούτου,</span> <span class='ocrx_word' id='word_1_544' title='bbox 2943 765 3084 820; x_wconf 85' lang='grc' dir='ltr'>ἀλλά·</span> <span class='ocrx_word' id='word_1_545' title='bbox 3125 765 3214 820; x_wconf 89' lang='grc' dir='ltr'>διά</span> <span class='ocrx_word' id='word_1_546' title='bbox 3262 763 3566 836; x_wconf 78' lang='grc' dir='ltr'>ῥᾳθυμίας’</span> <span class='ocrx_word' id='word_1_547' title='bbox 3617 762 3684 816; x_wconf 69' lang='grc' dir='ltr'>ἂν</span> <span class='ocrx_word' id='word_1_548' title='bbox 3719 761 3796 832; x_wconf 68' lang='grc' dir='ltr'>μὴ</span> 
     </span>
    </p>
   </div>
   <div class='ocr_carea' id='block_1_66' title="bbox 2121 843 3798 922">
    <p class='ocr_par' dir='ltr' id='par_1_66' title="bbox 2121 843 3798 922">
     <span class='ocr_line' id='line_1_66' title="bbox 2121 843 3798 922; baseline 0 -25"><span class='ocrx_word' id='word_1_549' title='bbox 2121 845 2210 898; x_wconf 83' lang='grc' dir='ltr'>διὰ</span> <span class='ocrx_word' id='word_1_550' title='bbox 2244 845 2594 916; x_wconf 69' lang='grc' dir='ltr'>ρᾳθυμίαςη,</span> <span class='ocrx_word' id='word_1_551' title='bbox 2620 848 2757 902; x_wconf 89' lang='grc' dir='ltr'>ἀλλά</span> <span class='ocrx_word' id='word_1_552' title='bbox 2779 849 2847 902; x_wconf 81' lang='grc' dir='ltr'>δι’</span> <span class='ocrx_word' id='word_1_553' title='bbox 2869 849 3165 922; x_wconf 88' lang='grc' dir='ltr'>ἀνανδρίας</span> <span class='ocrx_word' id='word_1_554' title='bbox 3187 847 3576 920; x_wconf 82' lang='grc' dir='ltr'>διαφθαρῶμεν</span> <span class='ocrx_word' id='word_1_555' title='bbox 3599 863 3614 908; x_wconf 79' lang='grc' dir='ltr'>ς</span> <span class='ocrx_word' id='word_1_556' title='bbox 3642 843 3798 898; x_wconf 80' lang='grc' dir='ltr'>Ἐπεὶ</span> 
     </span>
    </p>
   </div>
   <div class='ocr_carea' id='block_1_67' title="bbox 2123 927 3796 1000">
    <p class='ocr_par' dir='ltr' id='par_1_67' title="bbox 2123 927 3796 1000">
     <span class='ocr_line' id='line_1_67' title="bbox 2123 927 3796 1000; baseline 0.001 -19"><span class='ocrx_word' id='word_1_557' title='bbox 2123 927 2216 981; x_wconf 78' lang='grc' dir='ltr'>καὶ</span> <span class='ocrx_word' id='word_1_558' title='bbox 2241 930 2269 981; x_wconf 89' lang='grc' dir='ltr'>ό</span> <span class='ocrx_word' id='word_1_559' title='bbox 2289 929 2554 999; x_wconf 84' lang='grc' dir='ltr'>γεωργὸς,</span> <span class='ocrx_word' id='word_1_560' title='bbox 2586 930 2651 985; x_wconf 85' lang='grc' dir='ltr'>ἀν</span> <span class='ocrx_word' id='word_1_561' title='bbox 2677 949 2735 984; x_wconf 92' lang='grc' dir='ltr'>τε</span> <span class='ocrx_word' id='word_1_562' title='bbox 2757 931 2952 996; x_wconf 77' lang='grc' dir='ltr'>οὕτως,</span> <span class='ocrx_word' id='word_1_563' title='bbox 2982 933 3048 987; x_wconf 81' lang='grc' dir='ltr'>ἄν</span> <span class='ocrx_word' id='word_1_564' title='bbox 3079 950 3138 986; x_wconf 92' lang='grc' dir='ltr'>τε</span> <span class='ocrx_word' id='word_1_565' title='bbox 3185 932 3406 992; x_wconf 75' lang='grc' dir='ltr'>ἐκείνως</span> <span class='ocrx_word' id='word_1_566' title='bbox 3435 929 3676 1000; x_wconf 78' lang='grc' dir='ltr'>ἀπολέσῃ</span> <span class='ocrx_word' id='word_1_567' title='bbox 3702 927 3796 982; x_wconf 73' lang='grc' dir='ltr'>τὸν</span> 
     </span>
    </p>
   </div>
   <div class='ocr_carea' id='block_1_68' title="bbox 2126 1011 3796 1087">
    <p class='ocr_par' dir='ltr' id='par_1_68' title="bbox 2126 1011 3796 1087">
     <span class='ocr_line' id='line_1_68' title="bbox 2126 1011 3796 1087; baseline 0.001 -25"><span class='ocrx_word' id='word_1_568' title='bbox 2126 1011 2343 1082; x_wconf 84' lang='grc' dir='ltr'>σπόρον,</span> <span class='ocrx_word' id='word_1_569' title='bbox 2363 1013 2564 1082; x_wconf 85' lang='grc' dir='ltr'>ὁμοίως</span> <span class='ocrx_word' id='word_1_570' title='bbox 2589 1015 2792 1070; x_wconf 84' lang='grc' dir='ltr'>πενθεῖ.</span> <span class='ocrx_word' id='word_1_571' title='bbox 2817 1017 2908 1087; x_wconf 84' lang='grc' dir='ltr'>Μὴ</span> <span class='ocrx_word' id='word_1_572' title='bbox 2931 1016 3110 1071; x_wconf 90' lang='grc' dir='ltr'>τοίνυν</span> <span class='ocrx_word' id='word_1_573' title='bbox 3138 1015 3325 1087; x_wconf 80' lang='grc' dir='ltr'>ἐπειδὴ</span> <span class='ocrx_word' id='word_1_574' title='bbox 3349 1015 3425 1086; x_wconf 85' lang='grc' dir='ltr'>μὴ</span> <span class='ocrx_word' id='word_1_575' title='bbox 3450 1016 3616 1068; x_wconf 82' lang='grc' dir='ltr'>πᾶσιν</span> <span class='ocrx_word' id='word_1_576' title='bbox 3631 1011 3796 1066; x_wconf 84' lang='grc' dir='ltr'>ἀπολ-</span> 
     </span>
    </p>
   </div>
   <div class='ocr_carea' id='block_1_69' title="bbox 2122 1093 3794 1170">
    <p class='ocr_par' dir='ltr' id='par_1_69' title="bbox 2122 1093 3794 1170">
     <span class='ocr_line' id='line_1_69' title="bbox 2122 1093 3794 1170; baseline 0.005 -25"><span class='ocrx_word' id='word_1_577' title='bbox 2122 1093 2330 1164; x_wconf 88' lang='grc' dir='ltr'>λύμεθα</span> <span class='ocrx_word' id='word_1_578' title='bbox 2355 1097 2467 1157; x_wconf 90' lang='grc' dir='ltr'>τοῖς</span> <span class='ocrx_word' id='word_1_579' title='bbox 2510 1095 2752 1162; x_wconf 88' lang='grc' dir='ltr'>τρόποις,</span> <span class='ocrx_word' id='word_1_580' title='bbox 2785 1098 3142 1170; x_wconf 83' lang='grc' dir='ltr'>παραμυθίαν</span> <span class='ocrx_word' id='word_1_581' title='bbox 3180 1098 3413 1170; x_wconf 76' lang='grc' dir='ltr'>ἔχωμεν,</span> <span class='ocrx_word' id='word_1_582' title='bbox 3441 1096 3581 1152; x_wconf 87' lang='grc' dir='ltr'>ἀλλά</span> <span class='ocrx_word' id='word_1_583' title='bbox 3615 1094 3794 1162; x_wconf 75' lang='grc' dir='ltr'>ἀλγῶ-</span> 
     </span>
    </p>
   </div>
   <div class='ocr_carea' id='block_1_70' title="bbox 2126 1175 3794 1252">
    <p class='ocr_par' dir='ltr' id='par_1_70' title="bbox 2126 1175 3794 1252">
     <span class='ocr_line' id='line_1_70' title="bbox 2126 1175 3794 1252; baseline 0.002 -25"><span class='ocrx_word' id='word_1_584' title='bbox 2126 1194 2225 1245; x_wconf 91' lang='grc' dir='ltr'>μεν</span> <span class='ocrx_word' id='word_1_585' title='bbox 2269 1177 2364 1248; x_wconf 81' lang='grc' dir='ltr'>οἴῳ</span> <span class='ocrx_word' id='word_1_586' title='bbox 2397 1177 2464 1232; x_wconf 84' lang='grc' dir='ltr'>ἀν</span> <span class='ocrx_word' id='word_1_587' title='bbox 2505 1177 2836 1250; x_wconf 84' lang='grc' dir='ltr'>ἀπολώμεθα</span> <span class='ocrx_word' id='word_1_588' title='bbox 2863 1181 3068 1252; x_wconf 83' lang='grc' dir='ltr'>τρόπῳ.</span> <span class='ocrx_word' id='word_1_589' title='bbox 3110 1182 3221 1235; x_wconf 91' lang='lat' dir='ltr'>Kal</span> <span class='ocrx_word' id='word_1_590' title='bbox 3269 1180 3652 1250; x_wconf 86' lang='grc' dir='ltr'>κατακαίωμεν</span> <span class='ocrx_word' id='word_1_591' title='bbox 3695 1175 3794 1242; x_wconf 88' lang='grc' dir='ltr'>τάς</span> 
     </span>
    </p>
   </div>
   <div class='ocr_carea' id='block_1_71' title="bbox 2121 1259 3792 1333">
    <p class='ocr_par' dir='ltr' id='par_1_71' title="bbox 2121 1259 3792 1333">
     <span class='ocr_line' id='line_1_71' title="bbox 2121 1259 3792 1333; baseline 0.001 -21"><span class='ocrx_word' id='word_1_592' title='bbox 2121 1260 2390 1324; x_wconf 88' lang='grc' dir='ltr'>ἀκάνθας·</span> <span class='ocrx_word' id='word_1_593' title='bbox 2447 1262 2542 1314; x_wconf 74' lang='grc' dir='ltr'>καὶ</span> <span class='ocrx_word' id='word_1_594' title='bbox 2594 1263 2702 1332; x_wconf 79' lang='grc' dir='ltr'>γὰρ</span> <span class='ocrx_word' id='word_1_595' title='bbox 2749 1263 3042 1333; x_wconf 89' lang='grc' dir='ltr'>ἀποπνίγει</span> <span class='ocrx_word' id='word_1_596' title='bbox 3073 1266 3116 1298; x_wconf 81' lang='grc'>¹¹</span> <span class='ocrx_word' id='word_1_597' title='bbox 3167 1265 3260 1319; x_wconf 71' lang='grc' dir='ltr'>τὸν</span> <span class='ocrx_word' id='word_1_598' title='bbox 3290 1265 3469 1333; x_wconf 90' lang='grc' dir='ltr'>λόγον.</span> <span class='ocrx_word' id='word_1_599' title='bbox 3504 1263 3616 1317; x_wconf 88' lang='lat' dir='ltr'>Kal</span> <span class='ocrx_word' id='word_1_600' title='bbox 3643 1259 3792 1314; x_wconf 80' lang='grc' dir='ltr'>ἴσασι</span> 
     </span>
    </p>
   </div>
   <div class='ocr_carea' id='block_1_72' title="bbox 2119 1342 3793 1419">
    <p class='ocr_par' dir='ltr' id='par_1_72' title="bbox 2119 1342 3793 1419">
     <span class='ocr_line' id='line_1_72' title="bbox 2119 1342 3793 1419; baseline 0 -24"><span class='ocrx_word' id='word_1_601' title='bbox 2119 1343 2277 1396; x_wconf 88' lang='grc' dir='ltr'>τοῦτο</span> <span class='ocrx_word' id='word_1_602' title='bbox 2307 1344 2356 1395; x_wconf 85' lang='grc' dir='ltr'>οἱ</span> <span class='ocrx_word' id='word_1_603' title='bbox 2408 1343 2783 1410; x_wconf 86' lang='grc' dir='ltr'>πλουτοῦντες,</span> <span class='ocrx_word' id='word_1_604' title='bbox 2818 1348 2865 1400; x_wconf 89' lang='grc' dir='ltr'>οἰ</span> <span class='ocrx_word' id='word_1_605' title='bbox 2903 1347 2978 1418; x_wconf 81' lang='grc' dir='ltr'>μὴ</span> <span class='ocrx_word' id='word_1_606' title='bbox 3023 1348 3161 1419; x_wconf 80' lang='grc' dir='ltr'>πρὸς</span> <span class='ocrx_word' id='word_1_607' title='bbox 3209 1347 3381 1401; x_wconf 89' lang='grc' dir='ltr'>ταῦτα</span> <span class='ocrx_word' id='word_1_608' title='bbox 3443 1346 3621 1416; x_wconf 89' lang='grc' dir='ltr'>μόνον,</span> <span class='ocrx_word' id='word_1_609' title='bbox 3655 1342 3793 1398; x_wconf 82' lang='grc' dir='ltr'>ἀλλά</span> 
     </span>
    </p>
   </div>
   <div class='ocr_carea' id='block_1_73' title="bbox 2123 1425 3784 1502">
    <p class='ocr_par' dir='ltr' id='par_1_73' title="bbox 2123 1425 3784 1502">
     <span class='ocr_line' id='line_1_73' title="bbox 2123 1425 3784 1502; baseline 0.001 -24"><span class='ocrx_word' id='word_1_610' title='bbox 2123 1425 2258 1496; x_wconf 86' lang='grc' dir='ltr'>μηδέ</span> <span class='ocrx_word' id='word_1_611' title='bbox 2277 1425 2412 1497; x_wconf 80' lang='grc' dir='ltr'>πρὸς</span> <span class='ocrx_word' id='word_1_612' title='bbox 2443 1427 2604 1498; x_wconf 81' lang='grc' dir='ltr'>ἐτερα</span> <span class='ocrx_word' id='word_1_613' title='bbox 2621 1428 2772 1492; x_wconf 78' lang='grc' dir='ltr'>ὅντες</span> <span class='ocrx_word' id='word_1_614' title='bbox 2804 1431 3084 1501; x_wconf 86' lang='grc' dir='ltr'>χρήσιμοι.</span> <span class='ocrx_word' id='word_1_615' title='bbox 3110 1429 3427 1502; x_wconf 85' lang='grc' dir='ltr'>Δοῦλοιγάρ</span> <span class='ocrx_word' id='word_1_616' title='bbox 3457 1427 3554 1483; x_wconf 68' lang='grc' dir='ltr'>καὶ</span> <span class='ocrx_word' id='word_1_617' title='bbox 3584 1425 3784 1498; x_wconf 76' lang='grc' dir='ltr'>αἰχμά-</span> 
     </span>
    </p>
   </div>
   <div class='ocr_carea' id='block_1_74' title="bbox 2118 1508 3794 1584">
    <p class='ocr_par' dir='ltr' id='par_1_74' title="bbox 2118 1508 3794 1584">
     <span class='ocr_line' id='line_1_74' title="bbox 2118 1508 3794 1584; baseline 0.002 -25"><span class='ocrx_word' id='word_1_618' title='bbox 2118 1508 2276 1561; x_wconf 90' lang='grc' dir='ltr'>λωτοι</span> <span class='ocrx_word' id='word_1_619' title='bbox 2302 1510 2583 1580; x_wconf 78' lang='grc' dir='ltr'>γενόμενοι</span> <span class='ocrx_word' id='word_1_620' title='bbox 2605 1512 2713 1565; x_wconf 90' lang='grc' dir='ltr'>τῶν</span> <span class='ocrx_word' id='word_1_621' title='bbox 2746 1512 2971 1582; x_wconf 85' lang='grc' dir='ltr'>ἡδονῶν.</span> <span class='ocrx_word' id='word_1_622' title='bbox 3001 1513 3096 1568; x_wconf 75' lang='grc' dir='ltr'>καὶ</span> <span class='ocrx_word' id='word_1_623' title='bbox 3120 1514 3256 1584; x_wconf 81' lang='grc' dir='ltr'>πρὸς</span> <span class='ocrx_word' id='word_1_624' title='bbox 3285 1513 3355 1568; x_wconf 86' lang='grc' dir='ltr'>τὰ</span> <span class='ocrx_word' id='word_1_625' title='bbox 3379 1509 3634 1566; x_wconf 87' lang='grc' dir='ltr'>πολιτικά</span> <span class='ocrx_word' id='word_1_626' title='bbox 3653 1511 3794 1563; x_wconf 85' lang='grc' dir='ltr'>εἰσιν</span> 
     </span>
    </p>
   </div>
   <div class='ocr_carea' id='block_1_75' title="bbox 2117 1593 3792 1668">
    <p class='ocr_par' dir='ltr' id='par_1_75' title="bbox 2117 1593 3792 1668">
     <span class='ocr_line' id='line_1_75' title="bbox 2117 1593 3792 1668; baseline 0.002 -22"><span class='ocrx_word' id='word_1_627' title='bbox 2117 1593 2382 1662; x_wconf 84' lang='grc' dir='ltr'>ἄχρηστοι</span> <span class='ocrx_word' id='word_1_628' title='bbox 2412 1595 2714 1665; x_wconf 80' lang='grc' dir='ltr'>πράγματα</span> <span class='ocrx_word' id='word_1_629' title='bbox 2734 1612 2748 1625; x_wconf 89' lang='grc'>·</span> <span class='ocrx_word' id='word_1_630' title='bbox 2785 1597 2834 1649; x_wconf 78' lang='grc' dir='ltr'>εί</span> <span class='ocrx_word' id='word_1_631' title='bbox 2887 1597 2942 1649; x_wconf 86' lang='grc' dir='ltr'>δέ</span> <span class='ocrx_word' id='word_1_632' title='bbox 2973 1597 3111 1668; x_wconf 83' lang='grc' dir='ltr'>πρὸς</span> <span class='ocrx_word' id='word_1_633' title='bbox 3134 1599 3337 1662; x_wconf 87' lang='grc' dir='ltr'>ἐκεῖνα,</span> <span class='ocrx_word' id='word_1_634' title='bbox 3375 1595 3556 1666; x_wconf 83' lang='grc' dir='ltr'>πολλῷ</span> <span class='ocrx_word' id='word_1_635' title='bbox 3593 1594 3792 1665; x_wconf 77' lang='grc' dir='ltr'>μᾶλλον</span> 
     </span>
    </p>
   </div>
   <div class='ocr_carea' id='block_1_76' title="bbox 2117 1676 3791 1753">
    <p class='ocr_par' dir='ltr' id='par_1_76' title="bbox 2117 1676 3791 1753">
     <span class='ocr_line' id='line_1_76' title="bbox 2117 1676 3791 1753; baseline 0.001 -24"><span class='ocrx_word' id='word_1_636' title='bbox 2117 1677 2253 1747; x_wconf 75' lang='grc' dir='ltr'>πρὸς</span> <span class='ocrx_word' id='word_1_637' title='bbox 2298 1676 2366 1730; x_wconf 84' lang='grc' dir='ltr'>τὰ</span> <span class='ocrx_word' id='word_1_638' title='bbox 2403 1677 2514 1730; x_wconf 88' lang='grc' dir='ltr'>τῶν</span> <span class='ocrx_word' id='word_1_639' title='bbox 2566 1679 2828 1749; x_wconf 79' lang='grc' dir='ltr'>ούρανῶν.</span> <span class='ocrx_word' id='word_1_640' title='bbox 2869 1681 2978 1733; x_wconf 97' lang='lat' dir='ltr'>Kal</span> <span class='ocrx_word' id='word_1_641' title='bbox 3020 1679 3130 1752; x_wconf 89' lang='lat'>7&amp;9</span> <span class='ocrx_word' id='word_1_642' title='bbox 3168 1681 3328 1753; x_wconf 82' lang='grc' dir='ltr'>διπλῆ</span> <span class='ocrx_word' id='word_1_643' title='bbox 3369 1683 3483 1744; x_wconf 85' lang='grc' dir='ltr'>τοῖς</span> <span class='ocrx_word' id='word_1_644' title='bbox 3513 1679 3791 1749; x_wconf 85' lang='grc' dir='ltr'>λογισμοῖς</span> 
     </span>
    </p>
   </div>
   <div class='ocr_carea' id='block_1_77' title="bbox 2117 1758 3790 1834">
    <p class='ocr_par' dir='ltr' id='par_1_77' title="bbox 2117 1758 3790 1834">
     <span class='ocr_line' id='line_1_77' title="bbox 2117 1758 3790 1834; baseline 0.004 -24"><span class='ocrx_word' id='word_1_645' title='bbox 2117 1758 2367 1811; x_wconf 84' lang='grc' dir='ltr'>ἐντεῦθεν</span> <span class='ocrx_word' id='word_1_646' title='bbox 2398 1760 2431 1828; x_wconf 91' lang='grc' dir='ltr'>ἡ</span> <span class='ocrx_word' id='word_1_647' title='bbox 2457 1759 2602 1832; x_wconf 83' lang='grc' dir='ltr'>λύμη</span> <span class='ocrx_word' id='word_1_648' title='bbox 2629 1760 2858 1829; x_wconf 82' lang='grc' dir='ltr'>γίνεται,</span> <span class='ocrx_word' id='word_1_649' title='bbox 2880 1762 2986 1816; x_wconf 87' lang='grc' dir='ltr'>ἀπό</span> <span class='ocrx_word' id='word_1_650' title='bbox 3015 1781 3073 1816; x_wconf 93' lang='grc' dir='ltr'>τε</span> <span class='ocrx_word' id='word_1_651' title='bbox 3100 1765 3200 1834; x_wconf 87' lang='grc' dir='ltr'>τῆς</span> <span class='ocrx_word' id='word_1_652' title='bbox 3223 1764 3458 1834; x_wconf 81' lang='grc' dir='ltr'>τρυφῆς.</span> <span class='ocrx_word' id='word_1_653' title='bbox 3481 1763 3590 1818; x_wconf 83' lang='grc' dir='ltr'>ἀπό</span> <span class='ocrx_word' id='word_1_654' title='bbox 3611 1779 3669 1815; x_wconf 87' lang='grc' dir='ltr'>τε</span> <span class='ocrx_word' id='word_1_655' title='bbox 3688 1761 3790 1829; x_wconf 75' lang='grc' dir='ltr'>τῆς</span> 
     </span>
    </p>
   </div>
   <div class='ocr_carea' id='block_1_78' title="bbox 2117 1840 3788 1917">
    <p class='ocr_par' dir='ltr' id='par_1_78' title="bbox 2117 1840 3788 1917">
     <span class='ocr_line' id='line_1_78' title="bbox 2117 1840 3788 1917; baseline 0.001 -23"><span class='ocrx_word' id='word_1_656' title='bbox 2117 1840 2415 1912; x_wconf 84' lang='grc' dir='ltr'>φροντίδος.</span> <span class='ocrx_word' id='word_1_657' title='bbox 2452 1842 2669 1896; x_wconf 87' lang='grc' dir='ltr'>Τούτων</span> <span class='ocrx_word' id='word_1_658' title='bbox 2689 1843 2798 1916; x_wconf 81' lang='grc' dir='ltr'>γὰρ</span> <span class='ocrx_word' id='word_1_659' title='bbox 2823 1845 2916 1898; x_wconf 78' lang='grc' dir='ltr'>καὶ</span> <span class='ocrx_word' id='word_1_660' title='bbox 2945 1845 3065 1899; x_wconf 85' lang='grc' dir='ltr'>καθ’</span> <span class='ocrx_word' id='word_1_661' title='bbox 3091 1845 3253 1900; x_wconf 81' lang='grc' dir='ltr'>ἐαυτδ</span> <span class='ocrx_word' id='word_1_662' title='bbox 3283 1846 3382 1917; x_wconf 85' lang='grc' dir='ltr'>μὲν</span> <span class='ocrx_word' id='word_1_663' title='bbox 3412 1847 3641 1900; x_wconf 68' lang='grc' dir='ltr'>ἕκαστον</span> <span class='ocrx_word' id='word_1_664' title='bbox 3673 1845 3788 1897; x_wconf 76' lang='grc' dir='ltr'>ἱκα-</span> 
     </span>
    </p>
   </div>
   <div class='ocr_carea' id='block_1_79' title="bbox 2115 1925 3790 2000">
    <p class='ocr_par' dir='ltr' id='par_1_79' title="bbox 2115 1925 3790 2000">
     <span class='ocr_line' id='line_1_79' title="bbox 2115 1925 3790 2000; baseline 0.004 -24"><span class='ocrx_word' id='word_1_665' title='bbox 2115 1925 2204 1977; x_wconf 85' lang='grc' dir='ltr'>νὸν</span> <span class='ocrx_word' id='word_1_666' title='bbox 2249 1925 2646 1978; x_wconf 85' lang='grc' dir='ltr'>καταποντίσαι</span> <span class='ocrx_word' id='word_1_667' title='bbox 2698 1927 2760 1980; x_wconf 82' lang='grc' dir='ltr'>τὸ</span> <span class='ocrx_word' id='word_1_668' title='bbox 2802 1929 3041 1998; x_wconf 86' lang='grc' dir='ltr'>σκάφος·</span> <span class='ocrx_word' id='word_1_669' title='bbox 3072 1930 3200 1984; x_wconf 80' lang='grc' dir='ltr'>ὅταν</span> <span class='ocrx_word' id='word_1_670' title='bbox 3243 1930 3304 1986; x_wconf 76' lang='grc' dir='ltr'>δὲ</span> <span class='ocrx_word' id='word_1_671' title='bbox 3361 1931 3468 1998; x_wconf 56' lang='grc' dir='ltr'>καὶ,</span> <span class='ocrx_word' id='word_1_672' title='bbox 3504 1927 3790 2000; x_wconf 84' lang='grc' dir='ltr'>ἀμφότερα</span> 
     </span>
    </p>
   </div>
   <div class='ocr_carea' id='block_1_80' title="bbox 2117 2005 3589 2082">
    <p class='ocr_par' dir='ltr' id='par_1_80' title="bbox 2117 2005 3589 2082">
     <span class='ocr_line' id='line_1_80' title="bbox 2117 2005 3589 2082; baseline 0.005 -25"><span class='ocrx_word' id='word_1_673' title='bbox 2117 2005 2420 2078; x_wconf 79' lang='grc' dir='ltr'>συνδράμῃ,</span> <span class='ocrx_word' id='word_1_674' title='bbox 2458 2008 2707 2078; x_wconf 81' lang='grc' dir='ltr'>ἐννόησον</span> <span class='ocrx_word' id='word_1_675' title='bbox 2736 2009 2921 2082; x_wconf 80' lang='grc' dir='ltr'>ἡλίκον</span> <span class='ocrx_word' id='word_1_676' title='bbox 2943 2010 3005 2064; x_wconf 79' lang='grc' dir='ltr'>τὸ</span> <span class='ocrx_word' id='word_1_677' title='bbox 3037 2011 3327 2070; x_wconf 88' lang='grc' dir='ltr'>κλυδώνιον</span> <span class='ocrx_word' id='word_1_678' title='bbox 3359 2011 3589 2080; x_wconf 89' lang='grc' dir='ltr'>γίνεται.</span> 
     </span>
    </p>
   </div>
   <div class='ocr_carea' id='block_1_81' title="bbox 2184 2089 3786 2166">
    <p class='ocr_par' dir='ltr' id='par_1_81' title="bbox 2184 2089 3786 2166">
     <span class='ocr_line' id='line_1_81' title="bbox 2184 2089 3786 2166; baseline 0.006 -26"><span class='ocrx_word' id='word_1_679' title='bbox 2184 2095 2246 2140; x_wconf 85' lang='grc' dir='ltr'>ε’.</span> <span class='ocrx_word' id='word_1_680' title='bbox 2287 2090 2398 2144; x_wconf 90' lang='lat' dir='ltr'>Kal</span> <span class='ocrx_word' id='word_1_681' title='bbox 2421 2089 2496 2162; x_wconf 84' lang='grc' dir='ltr'>μὴ</span> <span class='ocrx_word' id='word_1_682' title='bbox 2530 2091 2838 2164; x_wconf 83' lang='grc' dir='ltr'>θαυμάσῃς,</span> <span class='ocrx_word' id='word_1_683' title='bbox 2872 2096 2922 2147; x_wconf 87' lang='grc' dir='ltr'>εί</span> <span class='ocrx_word' id='word_1_684' title='bbox 2947 2094 3046 2165; x_wconf 83' lang='grc' dir='ltr'>τὴν</span> <span class='ocrx_word' id='word_1_685' title='bbox 3067 2095 3280 2166; x_wconf 80' lang='grc' dir='ltr'>τρυφὴν</span> <span class='ocrx_word' id='word_1_686' title='bbox 3308 2094 3550 2158; x_wconf 88' lang='grc' dir='ltr'>ἀκάνθας</span> <span class='ocrx_word' id='word_1_687' title='bbox 3575 2097 3618 2128; x_wconf 77' lang='grc'>⁸⁸</span> <span class='ocrx_word' id='word_1_688' title='bbox 3655 2096 3786 2149; x_wconf 84' lang='grc' dir='ltr'>ἐκά-</span> 
     </span>
    </p>
   </div>
   <div class='ocr_carea' id='block_1_82' title="bbox 2113 2171 3792 2248">
    <p class='ocr_par' dir='ltr' id='par_1_82' title="bbox 2113 2171 3792 2248">
     <span class='ocr_line' id='line_1_82' title="bbox 2113 2171 3792 2248; baseline 0.004 -24"><span class='ocrx_word' id='word_1_689' title='bbox 2113 2171 2257 2224; x_wconf 93' lang='grc' dir='ltr'>λεσε.</span> <span class='ocrx_word' id='word_1_690' title='bbox 2292 2173 2363 2226; x_wconf 78' lang='grc' dir='ltr'><strong>Σὺ</strong></span> <span class='ocrx_word' id='word_1_691' title='bbox 2397 2173 2497 2244; x_wconf 88' lang='grc' dir='ltr'>μὲν</span> <span class='ocrx_word' id='word_1_692' title='bbox 2525 2173 2634 2245; x_wconf 89' lang='lat'>7&amp;9</span> <span class='ocrx_word' id='word_1_693' title='bbox 2651 2175 2884 2243; x_wconf 88' lang='grc' dir='ltr'>ἀγνοεῖς,</span> <span class='ocrx_word' id='word_1_694' title='bbox 2911 2177 3126 2247; x_wconf 89' lang='grc' dir='ltr'>μεθύων</span> <span class='ocrx_word' id='word_1_695' title='bbox 3145 2177 3222 2248; x_wconf 83' lang='grc' dir='ltr'>τῷ</span> <span class='ocrx_word' id='word_1_696' title='bbox 3243 2177 3404 2232; x_wconf 82' lang='grc' dir='ltr'>πάθει</span> <span class='ocrx_word' id='word_1_697' title='bbox 3423 2193 3438 2206; x_wconf 89' lang='grc'>·</span> <span class='ocrx_word' id='word_1_698' title='bbox 3461 2181 3509 2231; x_wconf 88' lang='grc' dir='ltr'>οί</span> <span class='ocrx_word' id='word_1_699' title='bbox 3528 2178 3585 2231; x_wconf 86' lang='grc' dir='ltr'>δέ</span> <span class='ocrx_word' id='word_1_700' title='bbox 3611 2178 3792 2248; x_wconf 85' lang='grc' dir='ltr'>ὑγιαί-</span> 
     </span>
    </p>
   </div>
   <div class='ocr_carea' id='block_1_83' title="bbox 2113 2257 3788 2332">
    <p class='ocr_par' dir='ltr' id='par_1_83' title="bbox 2113 2257 3788 2332">
     <span class='ocr_line' id='line_1_83' title="bbox 2113 2257 3788 2332; baseline 0.005 -25"><span class='ocrx_word' id='word_1_701' title='bbox 2113 2271 2292 2318; x_wconf 88' lang='grc' dir='ltr'>νοντες</span> <span class='ocrx_word' id='word_1_702' title='bbox 2324 2257 2502 2309; x_wconf 84' lang='grc' dir='ltr'>ῖσασιν</span> <span class='ocrx_word' id='word_1_703' title='bbox 2533 2258 2616 2310; x_wconf 82' lang='grc' dir='ltr'>ὅτι</span> <span class='ocrx_word' id='word_1_704' title='bbox 2670 2257 2914 2330; x_wconf 84' lang='grc' dir='ltr'>ἀκάνθης</span> <span class='ocrx_word' id='word_1_705' title='bbox 2966 2260 3167 2330; x_wconf 80' lang='grc' dir='ltr'>μᾶλλον</span> <span class='ocrx_word' id='word_1_706' title='bbox 3197 2263 3397 2325; x_wconf 88' lang='grc' dir='ltr'>κεντεῖ,</span> <span class='ocrx_word' id='word_1_707' title='bbox 3455 2262 3550 2315; x_wconf 69' lang='grc' dir='ltr'>καὶ</span> <span class='ocrx_word' id='word_1_708' title='bbox 3605 2261 3788 2332; x_wconf 87' lang='grc' dir='ltr'>τρυφὴ</span> 
     </span>
    </p>
   </div>
   <div class='ocr_carea' id='block_1_84' title="bbox 2114 2339 3787 2415">
    <p class='ocr_par' dir='ltr' id='par_1_84' title="bbox 2114 2339 3787 2415">
     <span class='ocr_line' id='line_1_84' title="bbox 2114 2339 3787 2415; baseline 0.004 -23"><span class='ocrx_word' id='word_1_709' title='bbox 2114 2339 2274 2392; x_wconf 89' lang='grc' dir='ltr'>πλέον</span> <span class='ocrx_word' id='word_1_710' title='bbox 2307 2339 2340 2411; x_wconf 78' lang='grc' dir='ltr'>ἢ</span> <span class='ocrx_word' id='word_1_711' title='bbox 2375 2339 2614 2410; x_wconf 88' lang='grc' dir='ltr'>μέριμνα</span> <span class='ocrx_word' id='word_1_712' title='bbox 2641 2339 2858 2414; x_wconf 78' lang='grc' dir='ltr'>δαπανᾷ</span> <span class='ocrx_word' id='word_1_713' title='bbox 2887 2342 2986 2414; x_wconf 85' lang='grc' dir='ltr'>τὴν</span> <span class='ocrx_word' id='word_1_714' title='bbox 3015 2342 3213 2414; x_wconf 80' lang='grc' dir='ltr'>ψυχὴν,</span> <span class='ocrx_word' id='word_1_715' title='bbox 3246 2344 3341 2397; x_wconf 82' lang='grc' dir='ltr'>καὶ</span> <span class='ocrx_word' id='word_1_716' title='bbox 3397 2343 3787 2415; x_wconf 86' lang='grc' dir='ltr'>χαλεπωτέρας</span> 
     </span>
    </p>
   </div>
   <div class='ocr_carea' id='block_1_85' title="bbox 2114 2423 3788 2500">
    <p class='ocr_par' dir='ltr' id='par_1_85' title="bbox 2114 2423 3788 2500">
     <span class='ocr_line' id='line_1_85' title="bbox 2114 2423 3788 2500; baseline 0.004 -24"><span class='ocrx_word' id='word_1_717' title='bbox 2114 2423 2342 2494; x_wconf 85' lang='grc' dir='ltr'>παρέχει</span> <span class='ocrx_word' id='word_1_718' title='bbox 2375 2424 2474 2486; x_wconf 81' lang='grc' dir='ltr'>τὰς</span> <span class='ocrx_word' id='word_1_719' title='bbox 2507 2423 2699 2490; x_wconf 84' lang='grc' dir='ltr'>ὀδύνας</span> <span class='ocrx_word' id='word_1_720' title='bbox 2727 2426 2822 2479; x_wconf 77' lang='grc' dir='ltr'>καὶ</span> <span class='ocrx_word' id='word_1_721' title='bbox 2870 2426 2950 2497; x_wconf 83' lang='grc' dir='ltr'>τῷ</span> <span class='ocrx_word' id='word_1_722' title='bbox 2983 2426 3195 2496; x_wconf 91' lang='grc' dir='ltr'>σώματι</span> <span class='ocrx_word' id='word_1_723' title='bbox 3229 2427 3326 2481; x_wconf 77' lang='grc' dir='ltr'>καὶ</span> <span class='ocrx_word' id='word_1_724' title='bbox 3350 2429 3418 2498; x_wconf 78' lang='grc' dir='ltr'>τῇ</span> <span class='ocrx_word' id='word_1_725' title='bbox 3451 2427 3618 2500; x_wconf 78' lang='grc' dir='ltr'>ψυχῇ.</span> <span class='ocrx_word' id='word_1_726' title='bbox 3651 2427 3788 2482; x_wconf 85' lang='grc' dir='ltr'>Οὐδέ</span> 
     </span>
    </p>
   </div>
   <div class='ocr_carea' id='block_1_86' title="bbox 2111 2506 3789 2584">
    <p class='ocr_par' dir='ltr' id='par_1_86' title="bbox 2111 2506 3789 2584">
     <span class='ocr_line' id='line_1_86' title="bbox 2111 2506 3789 2584; baseline 0.004 -24"><span class='ocrx_word' id='word_1_727' title='bbox 2111 2507 2221 2576; x_wconf 87' lang='lat'>7&amp;9</span> <span class='ocrx_word' id='word_1_728' title='bbox 2250 2506 2421 2569; x_wconf 78' lang='grc' dir='ltr'>οὕτως</span> <span class='ocrx_word' id='word_1_729' title='bbox 2455 2507 2560 2562; x_wconf 73' lang='grc' dir='ltr'>ὑπὸ</span> <span class='ocrx_word' id='word_1_730' title='bbox 2597 2509 2876 2580; x_wconf 83' lang='grc' dir='ltr'>φροντίδος</span> <span class='ocrx_word' id='word_1_731' title='bbox 2920 2527 3004 2574; x_wconf 89' lang='grc' dir='ltr'>τις</span> <span class='ocrx_word' id='word_1_732' title='bbox 3033 2510 3350 2582; x_wconf 81' lang='grc' dir='ltr'>πλήττεται,</span> <span class='ocrx_word' id='word_1_733' title='bbox 3391 2511 3470 2575; x_wconf 91' lang='grc' dir='ltr'>ώς</span> <span class='ocrx_word' id='word_1_734' title='bbox 3512 2513 3618 2566; x_wconf 81' lang='grc' dir='ltr'>ὑπὸ</span> <span class='ocrx_word' id='word_1_735' title='bbox 3651 2513 3789 2584; x_wconf 86' lang='grc' dir='ltr'>πλη-</span> 
     </span>
    </p>
   </div>
   <div class='ocr_carea' id='block_1_87' title="bbox 2115 2589 3784 2665">
    <p class='ocr_par' dir='ltr' id='par_1_87' title="bbox 2115 2589 3784 2665">
     <span class='ocr_line' id='line_1_87' title="bbox 2115 2589 3784 2665; baseline 0.007 -26"><span class='ocrx_word' id='word_1_736' title='bbox 2115 2589 2338 2658; x_wconf 80' lang='grc' dir='ltr'>σμονῆς.</span> <span class='ocrx_word' id='word_1_737' title='bbox 2363 2589 2534 2644; x_wconf 80' lang='grc' dir='ltr'>Ὅταν</span> <span class='ocrx_word' id='word_1_738' title='bbox 2566 2591 2675 2662; x_wconf 91' lang='lat'>7&amp;9</span> <span class='ocrx_word' id='word_1_739' title='bbox 2703 2592 3023 2664; x_wconf 89' lang='grc' dir='ltr'>άγρυπνίαι,</span> <span class='ocrx_word' id='word_1_740' title='bbox 3047 2593 3141 2647; x_wconf 76' lang='grc' dir='ltr'>καὶ</span> <span class='ocrx_word' id='word_1_741' title='bbox 3170 2595 3459 2665; x_wconf 81' lang='grc' dir='ltr'>κροτάφων</span> <span class='ocrx_word' id='word_1_742' title='bbox 3490 2595 3784 2658; x_wconf 84' lang='grc' dir='ltr'>διατάσεις,</span> 
     </span>
    </p>
   </div>
   <div class='ocr_carea' id='block_1_88' title="bbox 2113 2671 3789 2749">
    <p class='ocr_par' dir='ltr' id='par_1_88' title="bbox 2113 2671 3789 2749">
     <span class='ocr_line' id='line_1_88' title="bbox 2113 2671 3789 2749; baseline 0.006 -27"><span class='ocrx_word' id='word_1_743' title='bbox 2113 2671 2208 2724; x_wconf 77' lang='grc' dir='ltr'>καὶ</span> <span class='ocrx_word' id='word_1_744' title='bbox 2244 2673 2604 2744; x_wconf 87' lang='grc' dir='ltr'>καρηϐαρίαι,</span> <span class='ocrx_word' id='word_1_745' title='bbox 2639 2676 2733 2730; x_wconf 74' lang='grc' dir='ltr'>καὶ</span> <span class='ocrx_word' id='word_1_746' title='bbox 2785 2677 3107 2746; x_wconf 83' lang='grc' dir='ltr'>σπλάγχνων</span> <span class='ocrx_word' id='word_1_747' title='bbox 3160 2677 3344 2732; x_wconf 88' lang='grc' dir='ltr'>ὀδύναι</span> <span class='ocrx_word' id='word_1_748' title='bbox 3375 2679 3672 2749; x_wconf 87' lang='grc' dir='ltr'>περιέχωσι</span> <span class='ocrx_word' id='word_1_749' title='bbox 3696 2679 3789 2732; x_wconf 78' lang='grc' dir='ltr'>τὸν</span> 
     </span>
    </p>
   </div>
   <div class='ocr_carea' id='block_1_89' title="bbox 2110 2753 3785 2833">
    <p class='ocr_par' dir='ltr' id='par_1_89' title="bbox 2110 2753 3785 2833">
     <span class='ocr_line' id='line_1_89' title="bbox 2110 2753 3785 2833; baseline 0.007 -28"><span class='ocrx_word' id='word_1_750' title='bbox 2110 2753 2370 2819; x_wconf 87' lang='grc' dir='ltr'>τοιοῦτον,</span> <span class='ocrx_word' id='word_1_751' title='bbox 2399 2758 2650 2829; x_wconf 84' lang='grc' dir='ltr'>ἐννόησον</span> <span class='ocrx_word' id='word_1_752' title='bbox 2678 2759 2860 2813; x_wconf 88' lang='grc' dir='ltr'>πόσων</span> <span class='ocrx_word' id='word_1_753' title='bbox 2903 2759 3155 2814; x_wconf 88' lang='grc' dir='ltr'>ἀκανθῶν</span> <span class='ocrx_word' id='word_1_754' title='bbox 3184 2759 3358 2814; x_wconf 89' lang='grc' dir='ltr'>ταῦτα</span> <span class='ocrx_word' id='word_1_755' title='bbox 3409 2761 3785 2833; x_wconf 87' lang='grc' dir='ltr'>χαλεπώτερα.</span> 
     </span>
    </p>
   </div>
   <div class='ocr_carea' id='block_1_90' title="bbox 2112 2837 3788 2914">
    <p class='ocr_par' dir='ltr' id='par_1_90' title="bbox 2112 2837 3788 2914">
     <span class='ocr_line' id='line_1_90' title="bbox 2112 2837 3788 2914; baseline 0.005 -24"><span class='ocrx_word' id='word_1_756' title='bbox 2112 2837 2224 2891; x_wconf 89' lang='lat' dir='ltr'>Kal</span> <span class='ocrx_word' id='word_1_757' title='bbox 2243 2839 2492 2910; x_wconf 89' lang='grc' dir='ltr'>καθάπερ</span> <span class='ocrx_word' id='word_1_758' title='bbox 2521 2843 2578 2894; x_wconf 87' lang='grc' dir='ltr'>αἱ</span> <span class='ocrx_word' id='word_1_759' title='bbox 2604 2841 2856 2906; x_wconf 84' lang='grc' dir='ltr'>ἄκανθαι,</span> <span class='ocrx_word' id='word_1_760' title='bbox 2889 2843 3010 2896; x_wconf 83' lang='grc' dir='ltr'>ὅθεν</span> <span class='ocrx_word' id='word_1_761' title='bbox 3035 2843 3102 2897; x_wconf 85' lang='grc' dir='ltr'>ἂν</span> <span class='ocrx_word' id='word_1_762' title='bbox 3133 2843 3563 2914; x_wconf 86' lang='grc' dir='ltr'>κατασχεθῶσιν.</span> <span class='ocrx_word' id='word_1_763' title='bbox 3587 2844 3788 2914; x_wconf 87' lang='grc' dir='ltr'>αἱμάτ-</span> 
     </span>
    </p>
   </div>
   <div class='ocr_carea' id='block_1_91' title="bbox 2109 2922 3789 3001">
    <p class='ocr_par' dir='ltr' id='par_1_91' title="bbox 2109 2922 3789 3001">
     <span class='ocr_line' id='line_1_91' title="bbox 2109 2922 3789 3001; baseline 0.005 -28"><span class='ocrx_word' id='word_1_764' title='bbox 2109 2938 2263 2974; x_wconf 90' lang='grc' dir='ltr'>τουσι</span> <span class='ocrx_word' id='word_1_765' title='bbox 2285 2922 2383 2986; x_wconf 82' lang='grc' dir='ltr'>τὰς</span> <span class='ocrx_word' id='word_1_766' title='bbox 2401 2925 2732 2994; x_wconf 90' lang='grc' dir='ltr'>κατεχούσας</span> <span class='ocrx_word' id='word_1_767' title='bbox 2752 2926 2922 2990; x_wconf 80' lang='grc' dir='ltr'>αὑτάς</span> <span class='ocrx_word' id='word_1_768' title='bbox 2943 2929 3151 2998; x_wconf 86' lang='grc' dir='ltr'>χεῖρας·</span> <span class='ocrx_word' id='word_1_769' title='bbox 3181 2925 3332 3000; x_wconf 68' lang='grc'><strong>[474]</strong></span> <span class='ocrx_word' id='word_1_770' title='bbox 3361 2927 3504 2982; x_wconf 67' lang='grc' dir='ltr'>οὕτω</span> <span class='ocrx_word' id='word_1_771' title='bbox 3525 2929 3590 2999; x_wconf 81' lang='grc' dir='ltr'>δὴ</span> <span class='ocrx_word' id='word_1_772' title='bbox 3631 2931 3724 2982; x_wconf 87' lang='grc' dir='ltr'>καί</span> <span class='ocrx_word' id='word_1_773' title='bbox 3751 2932 3789 3001; x_wconf 84' lang='grc' dir='ltr'>ἡ</span> 
     </span>
    </p>
   </div>
   <div class='ocr_carea' id='block_1_92' title="bbox 2111 3007 3786 3084">
    <p class='ocr_par' dir='ltr' id='par_1_92' title="bbox 2111 3007 3786 3084">
     <span class='ocr_line' id='line_1_92' title="bbox 2111 3007 3786 3084; baseline 0.005 -26"><span class='ocrx_word' id='word_1_774' title='bbox 2111 3007 2290 3076; x_wconf 89' lang='grc' dir='ltr'>τρυφὴ</span> <span class='ocrx_word' id='word_1_775' title='bbox 2305 3007 2397 3058; x_wconf 76' lang='grc' dir='ltr'>καὶ</span> <span class='ocrx_word' id='word_1_776' title='bbox 2412 3007 2596 3072; x_wconf 86' lang='grc' dir='ltr'>πόδας,</span> <span class='ocrx_word' id='word_1_777' title='bbox 2612 3009 2705 3062; x_wconf 65' lang='grc' dir='ltr'>καὶ⁹</span> <span class='ocrx_word' id='word_1_778' title='bbox 2720 3011 2928 3081; x_wconf 90' lang='grc' dir='ltr'>χεῖρας,</span> <span class='ocrx_word' id='word_1_779' title='bbox 2952 3012 3045 3063; x_wconf 75' lang='grc' dir='ltr'>καὶ</span> <span class='ocrx_word' id='word_1_780' title='bbox 3062 3011 3325 3081; x_wconf 85' lang='grc' dir='ltr'>κεφαλὴν,</span> <span class='ocrx_word' id='word_1_781' title='bbox 3347 3014 3441 3066; x_wconf 74' lang='grc' dir='ltr'>καὶ</span> <span class='ocrx_word' id='word_1_782' title='bbox 3455 3013 3786 3084; x_wconf 76' lang='grc' dir='ltr'>ὀφθαλμοὺς,</span> 
     </span>
    </p>
   </div>
   <div class='ocr_carea' id='block_1_93' title="bbox 2112 3089 3790 3169">
    <p class='ocr_par' dir='ltr' id='par_1_93' title="bbox 2112 3089 3790 3169">
     <span class='ocr_line' id='line_1_93' title="bbox 2112 3089 3790 3169; baseline 0.005 -30"><span class='ocrx_word' id='word_1_783' title='bbox 2112 3089 2208 3141; x_wconf 78' lang='grc' dir='ltr'>καὶ</span> <span class='ocrx_word' id='word_1_784' title='bbox 2237 3089 2415 3141; x_wconf 87' lang='grc' dir='ltr'>πάντα</span> <span class='ocrx_word' id='word_1_785' title='bbox 2441 3089 2626 3152; x_wconf 85' lang='grc' dir='ltr'>ἁπλῶς</span> <span class='ocrx_word' id='word_1_786' title='bbox 2659 3091 2980 3161; x_wconf 89' lang='grc' dir='ltr'>λυμαίνεται</span> <span class='ocrx_word' id='word_1_787' title='bbox 3011 3091 3084 3146; x_wconf 80' lang='grc' dir='ltr'>τὰ</span> <span class='ocrx_word' id='word_1_788' title='bbox 3116 3093 3279 3165; x_wconf 90' lang='grc' dir='ltr'>μέλη·</span> <span class='ocrx_word' id='word_1_789' title='bbox 3315 3095 3412 3149; x_wconf 72' lang='grc' dir='ltr'>καὶ</span> <span class='ocrx_word' id='word_1_790' title='bbox 3436 3096 3573 3169; x_wconf 81' lang='grc' dir='ltr'>ξηρά</span> <span class='ocrx_word' id='word_1_791' title='bbox 3607 3096 3663 3150; x_wconf 85' lang='grc' dir='ltr'>δέ</span> <span class='ocrx_word' id='word_1_792' title='bbox 3693 3096 3790 3149; x_wconf 74' lang='grc' dir='ltr'>καὶ</span> 
     </span>
    </p>
   </div>
   <div class='ocr_carea' id='block_1_94' title="bbox 2113 3169 3788 3248">
    <p class='ocr_par' dir='ltr' id='par_1_94' title="bbox 2113 3169 3788 3248">
     <span class='ocr_line' id='line_1_94' title="bbox 2113 3169 3788 3248; baseline 0.004 -25"><span class='ocrx_word' id='word_1_793' title='bbox 2113 3169 2362 3242; x_wconf 79' lang='grc' dir='ltr'>ἄκαρπός</span> <span class='ocrx_word' id='word_1_794' title='bbox 2395 3173 2564 3236; x_wconf 85' lang='grc' dir='ltr'>ἐστιν,</span> <span class='ocrx_word' id='word_1_795' title='bbox 2591 3171 2778 3244; x_wconf 87' lang='grc' dir='ltr'>ῶσπερ</span> <span class='ocrx_word' id='word_1_796' title='bbox 2812 3175 2844 3244; x_wconf 88' lang='grc' dir='ltr'>ἡ</span> <span class='ocrx_word' id='word_1_797' title='bbox 2896 3174 3129 3240; x_wconf 82' lang='grc' dir='ltr'>ἄκανθα,</span> <span class='ocrx_word' id='word_1_798' title='bbox 3163 3175 3256 3230; x_wconf 76' lang='grc' dir='ltr'>καὶ</span> <span class='ocrx_word' id='word_1_799' title='bbox 3303 3176 3483 3248; x_wconf 81' lang='grc' dir='ltr'>πολλῷ</span> <span class='ocrx_word' id='word_1_800' title='bbox 3527 3176 3788 3248; x_wconf 76' lang='grc' dir='ltr'>μειζόνως</span> 
     </span>
    </p>
   </div>
   <div class='ocr_carea' id='block_1_95' title="bbox 2112 3253 3788 3331">
    <p class='ocr_par' dir='ltr' id='par_1_95' title="bbox 2112 3253 3788 3331">
     <span class='ocr_line' id='line_1_95' title="bbox 2112 3253 3788 3331; baseline 0.005 -25"><span class='ocrx_word' id='word_1_801' title='bbox 2112 3255 2330 3325; x_wconf 85' lang='grc' dir='ltr'>ἐκείνης</span> <span class='ocrx_word' id='word_1_802' title='bbox 2371 3253 2550 3315; x_wconf 79' lang='grc' dir='ltr'>λυπεῖ,</span> <span class='ocrx_word' id='word_1_803' title='bbox 2581 3257 2674 3308; x_wconf 78' lang='grc' dir='ltr'>καὶ</span> <span class='ocrx_word' id='word_1_804' title='bbox 2723 3257 2782 3309; x_wconf 87' lang='grc' dir='ltr'>ἐν</span> <span class='ocrx_word' id='word_1_805' title='bbox 2827 3259 2941 3321; x_wconf 80' lang='grc' dir='ltr'>τοῖς</span> <span class='ocrx_word' id='word_1_806' title='bbox 2973 3258 3229 3328; x_wconf 89' lang='grc' dir='ltr'>καιρίοις.</span> <span class='ocrx_word' id='word_1_807' title='bbox 3260 3259 3371 3312; x_wconf 86' lang='lat' dir='ltr'>Kal</span> <span class='ocrx_word' id='word_1_808' title='bbox 3404 3261 3512 3330; x_wconf 86' lang='lat'>7&amp;9</span> <span class='ocrx_word' id='word_1_809' title='bbox 3539 3259 3583 3292; x_wconf 80' lang='grc'>⁸³</span> <span class='ocrx_word' id='word_1_810' title='bbox 3609 3257 3788 3331; x_wconf 83' lang='grc' dir='ltr'>γῆρας</span> 
     </span>
    </p>
   </div>
   <div class='ocr_carea' id='block_1_96' title="bbox 2112 3334 3789 3413">
    <p class='ocr_par' dir='ltr' id='par_1_96' title="bbox 2112 3334 3789 3413">
     <span class='ocr_line' id='line_1_96' title="bbox 2112 3334 3789 3413; baseline 0.004 -26"><span class='ocrx_word' id='word_1_811' title='bbox 2112 3334 2340 3406; x_wconf 83' lang='grc' dir='ltr'>ἄκαιρον</span> <span class='ocrx_word' id='word_1_812' title='bbox 2394 3338 2696 3406; x_wconf 77' lang='grc' dir='ltr'>ἐπεισάγει,</span> <span class='ocrx_word' id='word_1_813' title='bbox 2754 3339 2848 3392; x_wconf 78' lang='grc' dir='ltr'>καὶ</span> <span class='ocrx_word' id='word_1_814' title='bbox 2890 3340 3154 3410; x_wconf 83' lang='grc' dir='ltr'>ἀμϐλύνει</span> <span class='ocrx_word' id='word_1_815' title='bbox 3186 3341 3287 3404; x_wconf 85' lang='grc' dir='ltr'>τὰς</span> <span class='ocrx_word' id='word_1_816' title='bbox 3345 3342 3645 3413; x_wconf 69' lang='grc' dir='ltr'>αἰσθήσεις,</span> <span class='ocrx_word' id='word_1_817' title='bbox 3695 3343 3789 3395; x_wconf 82' lang='grc' dir='ltr'>καὶ</span> 
     </span>
    </p>
   </div>
   <div class='ocr_carea' id='block_1_97' title="bbox 2116 3413 3787 3494">
    <p class='ocr_par' dir='ltr' id='par_1_97' title="bbox 2116 3413 3787 3494">
     <span class='ocr_line' id='line_1_97' title="bbox 2116 3413 3787 3494; baseline 0.005 -25"><span class='ocrx_word' id='word_1_818' title='bbox 2116 3420 2296 3470; x_wconf 88' lang='grc' dir='ltr'>σκοτοῖ</span> <span class='ocrx_word' id='word_1_819' title='bbox 2324 3417 2416 3470; x_wconf 74' lang='grc' dir='ltr'>τὸν</span> <span class='ocrx_word' id='word_1_820' title='bbox 2445 3413 2727 3489; x_wconf 76' lang='grc' dir='ltr'>λογισμὸν,</span> <span class='ocrx_word' id='word_1_821' title='bbox 2759 3423 2854 3474; x_wconf 62' lang='grc' dir='ltr'>καὶ¹</span> <span class='ocrx_word' id='word_1_822' title='bbox 2879 3425 3047 3493; x_wconf 89' lang='grc' dir='ltr'>πηροῖ</span> <span class='ocrx_word' id='word_1_823' title='bbox 3072 3423 3164 3476; x_wconf 83' lang='grc' dir='ltr'>τὸν</span> <span class='ocrx_word' id='word_1_824' title='bbox 3199 3423 3324 3476; x_wconf 91' lang='grc' dir='ltr'>νοῦν</span> <span class='ocrx_word' id='word_1_825' title='bbox 3357 3423 3452 3490; x_wconf 77' lang='grc' dir='ltr'>ὀξὺ</span> <span class='ocrx_word' id='word_1_826' title='bbox 3499 3424 3787 3494; x_wconf 80' lang='grc' dir='ltr'>βλέποντα,</span> 
     </span>
    </p>
   </div>
   <div class='ocr_carea' id='block_1_98' title="bbox 2114 3502 3787 3577">
    <p class='ocr_par' dir='ltr' id='par_1_98' title="bbox 2114 3502 3787 3577">
     <span class='ocr_line' id='line_1_98' title="bbox 2114 3502 3787 3577; baseline 0.004 -24"><span class='ocrx_word' id='word_1_827' title='bbox 2114 3503 2207 3553; x_wconf 80' lang='grc' dir='ltr'>καὶ</span> <span class='ocrx_word' id='word_1_828' title='bbox 2241 3502 2514 3574; x_wconf 85' lang='grc' dir='ltr'>πλαδαρὸν</span> <span class='ocrx_word' id='word_1_829' title='bbox 2545 3503 2606 3556; x_wconf 85' lang='grc' dir='ltr'>τὺ</span> <span class='ocrx_word' id='word_1_830' title='bbox 2641 3504 2800 3576; x_wconf 86' lang='grc' dir='ltr'>σῶμα</span> <span class='ocrx_word' id='word_1_831' title='bbox 2823 3508 2987 3568; x_wconf 84' lang='grc' dir='ltr'>ποιεῖ,</span> <span class='ocrx_word' id='word_1_832' title='bbox 3023 3505 3414 3577; x_wconf 77' lang='grc' dir='ltr'>δαψιλεστέραν</span> <span class='ocrx_word' id='word_1_833' title='bbox 3437 3508 3538 3577; x_wconf 81' lang='grc' dir='ltr'>τῆς</span> <span class='ocrx_word' id='word_1_834' title='bbox 3579 3507 3787 3576; x_wconf 86' lang='grc' dir='ltr'>κόπρου</span> 
     </span>
    </p>
   </div>
   <div class='ocr_carea' id='block_1_99' title="bbox 2113 3587 3788 3665">
    <p class='ocr_par' dir='ltr' id='par_1_99' title="bbox 2113 3587 3788 3665">
     <span class='ocr_line' id='line_1_99' title="bbox 2113 3587 3788 3665; baseline 0.004 -25"><span class='ocrx_word' id='word_1_835' title='bbox 2113 3587 2211 3657; x_wconf 83' lang='grc' dir='ltr'>τὴν</span> <span class='ocrx_word' id='word_1_836' title='bbox 2239 3588 2524 3661; x_wconf 83' lang='grc' dir='ltr'>ἀποθήκην</span> <span class='ocrx_word' id='word_1_837' title='bbox 2553 3593 2912 3663; x_wconf 81' lang='grc' dir='ltr'>ἐργαζομένη,</span> <span class='ocrx_word' id='word_1_838' title='bbox 2935 3594 3029 3646; x_wconf 77' lang='grc' dir='ltr'>καὶ</span> <span class='ocrx_word' id='word_1_839' title='bbox 3054 3591 3253 3665; x_wconf 79' lang='grc' dir='ltr'>πολλὴν</span> <span class='ocrx_word' id='word_1_840' title='bbox 3285 3594 3383 3665; x_wconf 78' lang='grc' dir='ltr'>τὴν</span> <span class='ocrx_word' id='word_1_841' title='bbox 3415 3593 3648 3664; x_wconf 86' lang='grc' dir='ltr'>σωρείαν</span> <span class='ocrx_word' id='word_1_842' title='bbox 3675 3592 3788 3647; x_wconf 83' lang='grc' dir='ltr'>τῶν</span> 
     </span>
    </p>
   </div>
   <div class='ocr_carea' id='block_1_100' title="bbox 2114 3675 3786 3752">
    <p class='ocr_par' dir='ltr' id='par_1_100' title="bbox 2114 3675 3786 3752">
     <span class='ocr_line' id='line_1_100' title="bbox 2114 3675 3786 3752; baseline 0.004 -24"><span class='ocrx_word' id='word_1_843' title='bbox 2114 3675 2302 3730; x_wconf 89' lang='grc' dir='ltr'>κακῶν</span> <span class='ocrx_word' id='word_1_844' title='bbox 2321 3676 2364 3707; x_wconf 73' lang='grc'>¹⁸</span> <span class='ocrx_word' id='word_1_845' title='bbox 2392 3677 2718 3746; x_wconf 84' lang='grc' dir='ltr'>συνάγουσα,</span> <span class='ocrx_word' id='word_1_846' title='bbox 2752 3679 2845 3732; x_wconf 75' lang='grc' dir='ltr'>καὶ</span> <span class='ocrx_word' id='word_1_847' title='bbox 2895 3679 3079 3750; x_wconf 78' lang='grc' dir='ltr'>μεῖζον</span> <span class='ocrx_word' id='word_1_848' title='bbox 3127 3681 3187 3733; x_wconf 82' lang='grc' dir='ltr'>τὸ</span> <span class='ocrx_word' id='word_1_849' title='bbox 3217 3680 3456 3752; x_wconf 80' lang='grc' dir='ltr'>φορτίον,</span> <span class='ocrx_word' id='word_1_850' title='bbox 3487 3681 3581 3734; x_wconf 77' lang='grc' dir='ltr'>καὶ</span> <span class='ocrx_word' id='word_1_851' title='bbox 3613 3681 3786 3752; x_wconf 83' lang='grc' dir='ltr'>ὑπέρ-</span> 
     </span>
    </p>
   </div>
   <div class='ocr_carea' id='block_1_101' title="bbox 2114 3766 3788 3838">
    <p class='ocr_par' dir='ltr' id='par_1_101' title="bbox 2114 3766 3788 3838">
     <span class='ocr_line' id='line_1_101' title="bbox 2114 3766 3788 3838; baseline 0.005 -23"><span class='ocrx_word' id='word_1_852' title='bbox 2114 3778 2276 3830; x_wconf 91' lang='grc' dir='ltr'>ογκον</span> <span class='ocrx_word' id='word_1_853' title='bbox 2328 3767 2562 3819; x_wconf 88' lang='grc' dir='ltr'>ποιεῖται</span> <span class='ocrx_word' id='word_1_854' title='bbox 2612 3766 2701 3818; x_wconf 85' lang='grc' dir='ltr'>τὸν</span> <span class='ocrx_word' id='word_1_855' title='bbox 2733 3768 2902 3838; x_wconf 88' lang='grc' dir='ltr'>γόμον</span> <span class='ocrx_word' id='word_1_856' title='bbox 2922 3784 2934 3798; x_wconf 93' lang='grc'>·</span> <span class='ocrx_word' id='word_1_857' title='bbox 2962 3767 3083 3822; x_wconf 84' lang='grc' dir='ltr'>ὅθεν</span> <span class='ocrx_word' id='word_1_858' title='bbox 3111 3768 3204 3821; x_wconf 68' lang='lat' dir='ltr'><strong>zeal</strong></span> <span class='ocrx_word' id='word_1_859' title='bbox 3233 3767 3400 3822; x_wconf 87' lang='grc' dir='ltr'>πολλά</span> <span class='ocrx_word' id='word_1_860' title='bbox 3446 3769 3541 3822; x_wconf 77' lang='grc' dir='ltr'>καὶ</span> <span class='ocrx_word' id='word_1_861' title='bbox 3589 3769 3788 3838; x_wconf 85' lang='grc' dir='ltr'>συνεχῆ</span> 
     </span>
    </p>
   </div>
   <div class='ocr_carea' id='block_1_102' title="bbox 2113 3851 3784 3926">
    <p class='ocr_par' dir='ltr' id='par_1_102' title="bbox 2113 3851 3784 3926">
     <span class='ocr_line' id='line_1_102' title="bbox 2113 3851 3784 3926; baseline 0.003 -24"><span class='ocrx_word' id='word_1_862' title='bbox 2113 3851 2184 3903; x_wconf 74' lang='grc' dir='ltr'>τα</span> <span class='ocrx_word' id='word_1_863' title='bbox 2228 3851 2517 3922; x_wconf 89' lang='grc' dir='ltr'>πτώματα,</span> <span class='ocrx_word' id='word_1_864' title='bbox 2555 3853 2650 3910; x_wconf 74' lang='grc' dir='ltr'>καὶ</span> <span class='ocrx_word' id='word_1_865' title='bbox 2683 3852 2867 3907; x_wconf 88' lang='grc' dir='ltr'>πυκνά</span> <span class='ocrx_word' id='word_1_866' title='bbox 2893 3853 2962 3907; x_wconf 72' lang='grc' dir='ltr'>τὰ</span> <span class='ocrx_word' id='word_1_867' title='bbox 2993 3855 3245 3922; x_wconf 85' lang='grc' dir='ltr'>ναυάγια.</span> <span class='ocrx_word' id='word_1_868' title='bbox 3273 3855 3338 3908; x_wconf 90' lang='grc' dir='ltr'>Τί</span> <span class='ocrx_word' id='word_1_869' title='bbox 3357 3853 3466 3926; x_wconf 85' lang='lat'>7&amp;9</span> <span class='ocrx_word' id='word_1_870' title='bbox 3493 3854 3784 3918; x_wconf 82' lang='grc' dir='ltr'>λιπαίνεις,</span> 
     </span>
    </p>
   </div>
   <div class='ocr_carea' id='block_1_103' title="bbox 2114 3943 3788 4016">
    <p class='ocr_par' dir='ltr' id='par_1_103' title="bbox 2114 3943 3788 4016">
     <span class='ocr_line' id='line_1_103' title="bbox 2114 3943 3788 4016; baseline 0.001 -22"><span class='ocrx_word' id='word_1_871' title='bbox 2114 3943 2235 3995; x_wconf 86' lang='grc' dir='ltr'>εἰπέ</span> <span class='ocrx_word' id='word_1_872' title='bbox 2271 3960 2382 4013; x_wconf 88' lang='grc' dir='ltr'>μοι,</span> <span class='ocrx_word' id='word_1_873' title='bbox 2434 3943 2496 3996; x_wconf 82' lang='grc' dir='ltr'>τὸ</span> <span class='ocrx_word' id='word_1_874' title='bbox 2527 3944 2722 4014; x_wconf 85' lang='grc' dir='ltr'>σῶμα;</span> <span class='ocrx_word' id='word_1_875' title='bbox 2752 3945 2844 4015; x_wconf 85' lang='grc' dir='ltr'><strong>Μὴ</strong></span> <span class='ocrx_word' id='word_1_876' title='bbox 2877 3944 2984 4016; x_wconf 87' lang='grc' dir='ltr'>γὰρ</span> <span class='ocrx_word' id='word_1_877' title='bbox 3013 3944 3318 3998; x_wconf 82' lang='grc' dir='ltr'>καταθῦσαι</span> <span class='ocrx_word' id='word_1_878' title='bbox 3346 3961 3405 3997; x_wconf 88' lang='grc' dir='ltr'>σε</span> <span class='ocrx_word' id='word_1_879' title='bbox 3439 3944 3670 4015; x_wconf 73' lang='grc' dir='ltr'>ἔχομενς</span> <span class='ocrx_word' id='word_1_880' title='bbox 3710 3945 3788 4016; x_wconf 83' lang='grc' dir='ltr'>μὴ</span> 
     </span>
    </p>
   </div>
   <div class='ocr_carea' id='block_1_104' title="bbox 2116 4029 3782 4104">
    <p class='ocr_par' dir='ltr' id='par_1_104' title="bbox 2116 4029 3782 4104">
     <span class='ocr_line' id='line_1_104' title="bbox 2116 4029 3782 4104; baseline -0.001 -21"><span class='ocrx_word' id='word_1_881' title='bbox 2116 4029 2224 4099; x_wconf 91' lang='lat'>7&amp;9</span> <span class='ocrx_word' id='word_1_882' title='bbox 2243 4031 2569 4102; x_wconf 89' lang='grc' dir='ltr'>παραθεῖναι</span> <span class='ocrx_word' id='word_1_883' title='bbox 2601 4031 2888 4104; x_wconf 73' lang='grc' dir='ltr'>τραπέζης</span> <span class='ocrx_word' id='word_1_884' title='bbox 2915 4033 3027 4096; x_wconf 88' lang='grc' dir='ltr'>Τάς</span> <span class='ocrx_word' id='word_1_885' title='bbox 3061 4032 3239 4103; x_wconf 75' lang='grc' dir='ltr'>ὄρνεις</span> <span class='ocrx_word' id='word_1_886' title='bbox 3269 4031 3449 4094; x_wconf 90' lang='grc' dir='ltr'>καλῶς</span> <span class='ocrx_word' id='word_1_887' title='bbox 3503 4031 3735 4094; x_wconf 89' lang='grc' dir='ltr'>πιαίνεις</span> <span class='ocrx_word' id='word_1_888' title='bbox 3766 4046 3782 4061; x_wconf 94' lang='grc'>·</span> 
     </span>
    </p>
   </div>
   <div class='ocr_carea' id='block_1_105' title="bbox 2120 4116 3782 4189">
    <p class='ocr_par' dir='ltr' id='par_1_105' title="bbox 2120 4116 3782 4189">
     <span class='ocr_line' id='line_1_105' title="bbox 2120 4116 3782 4189; baseline -0.001 -19"><span class='ocrx_word' id='word_1_889' title='bbox 2120 4117 2322 4188; x_wconf 83' lang='grc' dir='ltr'>μᾶλλον</span> <span class='ocrx_word' id='word_1_890' title='bbox 2349 4118 2408 4172; x_wconf 84' lang='grc' dir='ltr'>δὲ</span> <span class='ocrx_word' id='word_1_891' title='bbox 2434 4119 2554 4171; x_wconf 84' lang='grc' dir='ltr'>οὐδὲ</span> <span class='ocrx_word' id='word_1_892' title='bbox 2602 4118 2817 4180; x_wconf 87' lang='grc' dir='ltr'>ἐκείνας</span> <span class='ocrx_word' id='word_1_893' title='bbox 2862 4118 3075 4182; x_wconf 88' lang='grc' dir='ltr'>καλῶς·</span> <span class='ocrx_word' id='word_1_894' title='bbox 3131 4119 3258 4172; x_wconf 82' lang='grc' dir='ltr'>ὅταν</span> <span class='ocrx_word' id='word_1_895' title='bbox 3301 4118 3409 4189; x_wconf 85' lang='grc' dir='ltr'>γάρ</span> <span class='ocrx_word' id='word_1_896' title='bbox 3462 4116 3782 4180; x_wconf 89' lang='grc' dir='ltr'>πιανθῶσιν,</span> 
     </span>
    </p>
   </div>
   <div class='ocr_carea' id='block_1_106' title="bbox 2116 4203 3786 4276">
    <p class='ocr_par' dir='ltr' id='par_1_106' title="bbox 2116 4203 3786 4276">
     <span class='ocr_line' id='line_1_106' title="bbox 2116 4203 3786 4276; baseline -0.002 -17"><span class='ocrx_word' id='word_1_897' title='bbox 2116 4206 2379 4276; x_wconf 85' lang='grc' dir='ltr'>ἄχρηστοι</span> <span class='ocrx_word' id='word_1_898' title='bbox 2412 4205 2549 4276; x_wconf 76' lang='grc' dir='ltr'>πρὸς</span> <span class='ocrx_word' id='word_1_899' title='bbox 2573 4206 2813 4276; x_wconf 82' lang='grc' dir='ltr'>ὑγιεινήν</span> <span class='ocrx_word' id='word_1_900' title='bbox 2844 4207 2951 4259; x_wconf 92' lang='grc' dir='ltr'>εἰσι</span> <span class='ocrx_word' id='word_1_901' title='bbox 2998 4205 3226 4260; x_wconf 86' lang='grc' dir='ltr'>δίαιταν.</span> <span class='ocrx_word' id='word_1_902' title='bbox 3260 4204 3519 4258; x_wconf 87' lang='grc' dir='ltr'>Τοσοῦτον</span> <span class='ocrx_word' id='word_1_903' title='bbox 3541 4203 3708 4257; x_wconf 81' lang='grc' dir='ltr'>κακὸν</span> <span class='ocrx_word' id='word_1_904' title='bbox 3746 4205 3786 4274; x_wconf 75' lang='grc' dir='ltr'>ἡ</span> 
     </span>
    </p>
   </div>
   <div class='ocr_carea' id='block_1_107' title="bbox 2115 4291 3787 4365">
    <p class='ocr_par' dir='ltr' id='par_1_107' title="bbox 2115 4291 3787 4365">
     <span class='ocr_line' id='line_1_107' title="bbox 2115 4291 3787 4365; baseline -0.002 -18"><span class='ocrx_word' id='word_1_905' title='bbox 2115 4292 2315 4365; x_wconf 79' lang='grc' dir='ltr'>τρυφὴ,</span> <span class='ocrx_word' id='word_1_906' title='bbox 2343 4293 2419 4356; x_wconf 90' lang='grc' dir='ltr'>ώς</span> <span class='ocrx_word' id='word_1_907' title='bbox 2438 4294 2530 4348; x_wconf 73' lang='grc' dir='ltr'>καὶ</span> <span class='ocrx_word' id='word_1_908' title='bbox 2564 4293 2622 4347; x_wconf 91' lang='grc' dir='ltr'>ἐν</span> <span class='ocrx_word' id='word_1_909' title='bbox 2659 4294 2872 4362; x_wconf 88' lang='grc' dir='ltr'>ἀλόγοις</span> <span class='ocrx_word' id='word_1_910' title='bbox 2891 4293 2989 4364; x_wconf 84' lang='grc' dir='ltr'>τὴν</span> <span class='ocrx_word' id='word_1_911' title='bbox 3017 4292 3194 4365; x_wconf 89' lang='grc' dir='ltr'>λύμην</span> <span class='ocrx_word' id='word_1_912' title='bbox 3222 4291 3644 4347; x_wconf 88' lang='grc' dir='ltr'>ἐπιδείκνυσθαι.</span> <span class='ocrx_word' id='word_1_913' title='bbox 3671 4292 3787 4344; x_wconf 89' lang='lat' dir='ltr'>Kal</span> 
     </span>
    </p>
   </div>
   <div class='ocr_carea' id='block_1_108' title="bbox 2115 4379 3789 4453">
    <p class='ocr_par' dir='ltr' id='par_1_108' title="bbox 2115 4379 3789 4453">
     <span class='ocr_line' id='line_1_108' title="bbox 2115 4379 3789 4453; baseline -0.002 -19"><span class='ocrx_word' id='word_1_914' title='bbox 2115 4381 2224 4453; x_wconf 85' lang='lat'>7&amp;9</span> <span class='ocrx_word' id='word_1_915' title='bbox 2254 4382 2469 4443; x_wconf 83' lang='grc' dir='ltr'>ἐκείνας</span> <span class='ocrx_word' id='word_1_916' title='bbox 2495 4379 2787 4452; x_wconf 85' lang='grc' dir='ltr'>τρυφώσας</span> <span class='ocrx_word' id='word_1_917' title='bbox 2820 4380 2916 4434; x_wconf 74' lang='grc' dir='ltr'>καὶ</span> <span class='ocrx_word' id='word_1_918' title='bbox 2943 4381 3165 4444; x_wconf 77' lang='grc' dir='ltr'>ἑαυταῖς</span> <span class='ocrx_word' id='word_1_919' title='bbox 3197 4381 3291 4435; x_wconf 73' lang='grc' dir='ltr'>καὶ</span> <span class='ocrx_word' id='word_1_920' title='bbox 3314 4381 3444 4451; x_wconf 85' lang='grc' dir='ltr'>ἡμῖν</span> <span class='ocrx_word' id='word_1_921' title='bbox 3481 4380 3789 4450; x_wconf 82' lang='grc' dir='ltr'>ἀχρήστους</span> 
     </span>
    </p>
   </div>
   <div class='ocr_carea' id='block_1_109' title="bbox 2116 4466 3792 4540">
    <p class='ocr_par' dir='ltr' id='par_1_109' title="bbox 2116 4466 3792 4540">
     <span class='ocr_line' id='line_1_109' title="bbox 2116 4466 3792 4540; baseline -0.004 -17"><span class='ocrx_word' id='word_1_922' title='bbox 2116 4468 2400 4540; x_wconf 88' lang='grc' dir='ltr'>ποιοῦμεν.</span> <span class='ocrx_word' id='word_1_923' title='bbox 2434 4469 2546 4523; x_wconf 89' lang='lat' dir='ltr'>Kal</span> <span class='ocrx_word' id='word_1_924' title='bbox 2578 4468 2685 4537; x_wconf 88' lang='lat'>7&amp;9</span> <span class='ocrx_word' id='word_1_925' title='bbox 2720 4469 2789 4522; x_wconf 73' lang='grc' dir='ltr'>τὰ</span> <span class='ocrx_word' id='word_1_926' title='bbox 2819 4467 3210 4538; x_wconf 89' lang='grc' dir='ltr'>περιττώματα</span> <span class='ocrx_word' id='word_1_927' title='bbox 3257 4466 3662 4538; x_wconf 84' lang='grc' dir='ltr'>ἀκατέργαστα,</span> <span class='ocrx_word' id='word_1_928' title='bbox 3693 4467 3792 4518; x_wconf 72' lang='grc' dir='ltr'>καὶ</span> 
     </span>
    </p>
   </div>
   <div class='ocr_carea' id='block_1_110' title="bbox 2116 4553 3790 4626">
    <p class='ocr_par' dir='ltr' id='par_1_110' title="bbox 2116 4553 3790 4626">
     <span class='ocr_line' id='line_1_110' title="bbox 2116 4553 3790 4626; baseline -0.002 -17"><span class='ocrx_word' id='word_1_929' title='bbox 2116 4559 2150 4626; x_wconf 82' lang='grc' dir='ltr'>ἡ</span> <span class='ocrx_word' id='word_1_930' title='bbox 2173 4556 2442 4626; x_wconf 76' lang='grc' dir='ltr'>ὑγροτέρα</span> <span class='ocrx_word' id='word_1_931' title='bbox 2477 4556 2636 4626; x_wconf 74' lang='grc' dir='ltr'>σῆψις</span> <span class='ocrx_word' id='word_1_932' title='bbox 2666 4555 2775 4608; x_wconf 75' lang='grc' dir='ltr'>ἀπὸ</span> <span class='ocrx_word' id='word_1_933' title='bbox 2797 4555 2900 4625; x_wconf 77' lang='grc' dir='ltr'>τῆς</span> <span class='ocrx_word' id='word_1_934' title='bbox 2925 4555 3162 4626; x_wconf 79' lang='grc' dir='ltr'>πιμελῆς</span> <span class='ocrx_word' id='word_1_935' title='bbox 3193 4555 3406 4624; x_wconf 88' lang='grc' dir='ltr'>ἐκείνης</span> <span class='ocrx_word' id='word_1_936' title='bbox 3433 4553 3662 4622; x_wconf 88' lang='grc' dir='ltr'>γίνεται.</span> <span class='ocrx_word' id='word_1_937' title='bbox 3708 4553 3790 4606; x_wconf 82' lang='grc' dir='ltr'>Τὰ</span> 
     </span>
    </p>
   </div>
   <div class='ocr_carea' id='block_1_111' title="bbox 2115 4641 3792 4716">
    <p class='ocr_par' dir='ltr' id='par_1_111' title="bbox 2115 4641 3792 4716">
     <span class='ocr_line' id='line_1_111' title="bbox 2115 4641 3792 4716; baseline -0.004 -18"><span class='ocrx_word' id='word_1_938' title='bbox 2115 4645 2175 4698; x_wconf 82' lang='grc' dir='ltr'>δέ</span> <span class='ocrx_word' id='word_1_939' title='bbox 2199 4645 2297 4714; x_wconf 87' lang='grc' dir='ltr'>οὑχ</span> <span class='ocrx_word' id='word_1_940' title='bbox 2341 4644 2841 4716; x_wconf 76' lang='grc' dir='ltr'>οὕτωτρεφόμενα,</span> <span class='ocrx_word' id='word_1_941' title='bbox 2878 4644 3015 4703; x_wconf 81' lang='grc' dir='ltr'>ἀλλ’,</span> <span class='ocrx_word' id='word_1_942' title='bbox 3047 4643 3121 4707; x_wconf 88' lang='grc' dir='ltr'>ώς</span> <span class='ocrx_word' id='word_1_943' title='bbox 3167 4643 3233 4696; x_wconf 85' lang='grc' dir='ltr'>ἂν</span> <span class='ocrx_word' id='word_1_944' title='bbox 3269 4641 3413 4694; x_wconf 74' lang='grc' dir='ltr'>εἴποι</span> <span class='ocrx_word' id='word_1_945' title='bbox 3454 4657 3574 4705; x_wconf 89' lang='grc' dir='ltr'>τις,</span> <span class='ocrx_word' id='word_1_946' title='bbox 3612 4643 3670 4693; x_wconf 87' lang='grc' dir='ltr'>ἐν</span> <span class='ocrx_word' id='word_1_947' title='bbox 3696 4658 3792 4710; x_wconf 84' lang='grc' dir='ltr'>νη-</span> 
     </span>
    </p>
   </div>
   <div class='ocr_carea' id='block_1_112' title="bbox 2123 4720 3794 4803">
    <p class='ocr_par' dir='ltr' id='par_1_112' title="bbox 2123 4720 3794 4803">
     <span class='ocr_line' id='line_1_112' title="bbox 2123 4720 3794 4803; baseline -0.005 -16"><span class='ocrx_word' id='word_1_948' title='bbox 2123 4720 2578 4803; x_wconf 57' lang='grc' dir='ltr'>στείαδιάγοντα,</span> <span class='ocrx_word' id='word_1_949' title='bbox 2609 4734 2704 4786; x_wconf 77' lang='grc' dir='ltr'>καὶ</span> <span class='ocrx_word' id='word_1_950' title='bbox 2733 4732 3034 4803; x_wconf 87' lang='grc' dir='ltr'>συμμέτρῳ</span> <span class='ocrx_word' id='word_1_951' title='bbox 3059 4731 3255 4802; x_wconf 86' lang='grc' dir='ltr'>διαίτῃ,</span> <span class='ocrx_word' id='word_1_952' title='bbox 3285 4730 3378 4784; x_wconf 74' lang='grc' dir='ltr'>καὶ</span> <span class='ocrx_word' id='word_1_953' title='bbox 3405 4727 3673 4782; x_wconf 86' lang='grc' dir='ltr'>πονοῦντα</span> <span class='ocrx_word' id='word_1_954' title='bbox 3696 4729 3794 4781; x_wconf 76' lang='grc' dir='ltr'>καὶ</span> 
     </span>
    </p>
   </div>
   <div class='ocr_carea' id='block_1_113' title="bbox 2122 4816 3792 4895">
    <p class='ocr_par' dir='ltr' id='par_1_113' title="bbox 2122 4816 3792 4895">
     <span class='ocr_line' id='line_1_113' title="bbox 2122 4816 3792 4895; baseline -0.006 -18"><span class='ocrx_word' id='word_1_955' title='bbox 2122 4821 2638 4895; x_wconf 88' lang='grc' dir='ltr'>ταλαιπωρούμενα,</span> <span class='ocrx_word' id='word_1_956' title='bbox 2661 4820 2836 4874; x_wconf 85' lang='grc' dir='ltr'>ταῦτα</span> <span class='ocrx_word' id='word_1_957' title='bbox 2861 4821 2957 4873; x_wconf 83' lang='grc' dir='ltr'>καὶ</span> <span class='ocrx_word' id='word_1_958' title='bbox 2985 4821 3197 4882; x_wconf 80' lang='grc' dir='ltr'>ἑαυτοῖς</span> <span class='ocrx_word' id='word_1_959' title='bbox 3241 4818 3336 4870; x_wconf 74' lang='grc' dir='ltr'>καὶ</span> <span class='ocrx_word' id='word_1_960' title='bbox 3367 4816 3549 4879; x_wconf 85' lang='grc' dir='ltr'>ἀλλοις</span> <span class='ocrx_word' id='word_1_961' title='bbox 3597 4832 3792 4886; x_wconf 83' lang='grc' dir='ltr'>χρησι-</span> 
     </span>
    </p>
   </div>
   <div class='ocr_carea' id='block_1_114' title="bbox 2129 4905 3790 4981">
    <p class='ocr_par' dir='ltr' id='par_1_114' title="bbox 2129 4905 3790 4981">
     <span class='ocr_line' id='line_1_114' title="bbox 2129 4905 3790 4981; baseline -0.005 -17"><span class='ocrx_word' id='word_1_962' title='bbox 2129 4911 2372 4981; x_wconf 85' lang='grc' dir='ltr'>μώτατα,</span> <span class='ocrx_word' id='word_1_963' title='bbox 2395 4912 2488 4964; x_wconf 81' lang='grc' dir='ltr'>καὶ</span> <span class='ocrx_word' id='word_1_964' title='bbox 2513 4910 2651 4980; x_wconf 80' lang='grc' dir='ltr'>πρὸς</span> <span class='ocrx_word' id='word_1_965' title='bbox 2680 4907 2886 4981; x_wconf 88' lang='grc' dir='ltr'>τροφὴν</span> <span class='ocrx_word' id='word_1_966' title='bbox 2915 4909 3009 4962; x_wconf 80' lang='grc' dir='ltr'>καὶ</span> <span class='ocrx_word' id='word_1_967' title='bbox 3041 4907 3176 4978; x_wconf 82' lang='grc' dir='ltr'>πρὸς</span> <span class='ocrx_word' id='word_1_968' title='bbox 3203 4907 3271 4960; x_wconf 83' lang='grc' dir='ltr'>τὰ</span> <span class='ocrx_word' id='word_1_969' title='bbox 3298 4905 3432 4961; x_wconf 78' lang='grc' dir='ltr'>ἄλλα</span> <span class='ocrx_word' id='word_1_970' title='bbox 3458 4905 3692 4958; x_wconf 77' lang='grc' dir='ltr'>ἅπαντα.</span> <span class='ocrx_word' id='word_1_971' title='bbox 3724 4905 3790 4956; x_wconf 88' lang='grc' dir='ltr'>Οί</span> 
     </span>
    </p>
   </div>
   <div class='ocr_carea' id='block_1_115' title="bbox 2125 4989 3794 5068">
    <p class='ocr_par' dir='ltr' id='par_1_115' title="bbox 2125 4989 3794 5068">
     <span class='ocr_line' id='line_1_115' title="bbox 2125 4989 3794 5068; baseline -0.007 -15"><span class='ocrx_word' id='word_1_972' title='bbox 2125 4999 2259 5067; x_wconf 89' lang='grc' dir='ltr'>γοῦν</span> <span class='ocrx_word' id='word_1_973' title='bbox 2287 5001 2471 5053; x_wconf 88' lang='grc' dir='ltr'>ἐκεῖνα</span> <span class='ocrx_word' id='word_1_974' title='bbox 2501 4995 2808 5068; x_wconf 86' lang='grc' dir='ltr'>σιτούμενοι</span> <span class='ocrx_word' id='word_1_975' title='bbox 2848 4997 3046 5067; x_wconf 83' lang='grc' dir='ltr'>μᾶλλον</span> <span class='ocrx_word' id='word_1_976' title='bbox 3081 4996 3414 5062; x_wconf 82' lang='grc' dir='ltr'>ὑγιαίνουσιν</span> <span class='ocrx_word' id='word_1_977' title='bbox 3433 5009 3448 5024; x_wconf 96' lang='grc'>·</span> <span class='ocrx_word' id='word_1_978' title='bbox 3479 4993 3528 5045; x_wconf 88' lang='grc' dir='ltr'>οἱ</span> <span class='ocrx_word' id='word_1_979' title='bbox 3565 4991 3623 5044; x_wconf 79' lang='grc' dir='ltr'>δὲ</span> <span class='ocrx_word' id='word_1_980' title='bbox 3661 4989 3794 5043; x_wconf 87' lang='grc' dir='ltr'>τού-</span> 
     </span>
    </p>
   </div>
   <div class='ocr_carea' id='block_1_116' title="bbox 2124 5078 3793 5160">
    <p class='ocr_par' dir='ltr' id='par_1_116' title="bbox 2124 5078 3793 5160">
     <span class='ocr_line' id='line_1_116' title="bbox 2124 5078 3793 5160; baseline -0.007 -18"><span class='ocrx_word' id='word_1_981' title='bbox 2124 5105 2234 5152; x_wconf 92' lang='grc' dir='ltr'>τοις</span> <span class='ocrx_word' id='word_1_982' title='bbox 2267 5087 2610 5160; x_wconf 86' lang='grc' dir='ltr'>τρεφόμενοι,</span> <span class='ocrx_word' id='word_1_983' title='bbox 2646 5085 2830 5147; x_wconf 82' lang='grc' dir='ltr'>αὒτοῖς</span> <span class='ocrx_word' id='word_1_984' title='bbox 2869 5084 3078 5138; x_wconf 89' lang='grc' dir='ltr'>ἐοίκασι</span> <span class='ocrx_word' id='word_1_985' title='bbox 3105 5122 3120 5144; x_wconf 86' lang='grc'>,</span> <span class='ocrx_word' id='word_1_986' title='bbox 3167 5081 3367 5150; x_wconf 76' lang='grc' dir='ltr'>νωθροὶ</span> <span class='ocrx_word' id='word_1_987' title='bbox 3404 5081 3498 5134; x_wconf 77' lang='grc' dir='ltr'>καὶ</span> <span class='ocrx_word' id='word_1_988' title='bbox 3549 5078 3793 5132; x_wconf 86' lang='grc' dir='ltr'>ἐπίνοσοι</span> 
     </span>
    </p>
   </div>
   <div class='ocr_carea' id='block_1_117' title="bbox 2124 5168 3788 5248">
    <p class='ocr_par' dir='ltr' id='par_1_117' title="bbox 2124 5168 3788 5248">
     <span class='ocr_line' id='line_1_117' title="bbox 2124 5168 3788 5248; baseline -0.008 -17"><span class='ocrx_word' id='word_1_989' title='bbox 2124 5177 2418 5248; x_wconf 86' lang='grc' dir='ltr'>γινόμενοι,</span> <span class='ocrx_word' id='word_1_990' title='bbox 2457 5177 2552 5230; x_wconf 73' lang='grc' dir='ltr'>καὶ</span> <span class='ocrx_word' id='word_1_991' title='bbox 2600 5176 2692 5228; x_wconf 83' lang='grc' dir='ltr'>τὸν</span> <span class='ocrx_word' id='word_1_992' title='bbox 2749 5173 2947 5244; x_wconf 85' lang='grc' dir='ltr'>δεσμὸν</span> <span class='ocrx_word' id='word_1_993' title='bbox 2981 5171 3359 5242; x_wconf 82' lang='grc' dir='ltr'>χαλεπώτερον</span> <span class='ocrx_word' id='word_1_994' title='bbox 3415 5168 3788 5240; x_wconf 76' lang='grc' dir='ltr'>ἐργαζόμενοι.</span> 
     </span>
    </p>
   </div>
   <div class='ocr_carea' id='block_1_118' title="bbox 2124 5255 3791 5334">
    <p class='ocr_par' dir='ltr' id='par_1_118' title="bbox 2124 5255 3791 5334">
     <span class='ocr_line' id='line_1_118' title="bbox 2124 5255 3791 5334; baseline -0.003 -18"><span class='ocrx_word' id='word_1_995' title='bbox 2124 5265 2287 5319; x_wconf 80' lang='grc' dir='ltr'>Οὐδὲν</span> <span class='ocrx_word' id='word_1_996' title='bbox 2312 5264 2420 5334; x_wconf 88' lang='lat'>7&amp;9</span> <span class='ocrx_word' id='word_1_997' title='bbox 2448 5263 2590 5316; x_wconf 75' lang='grc' dir='ltr'>οὓτω</span> <span class='ocrx_word' id='word_1_998' title='bbox 2623 5261 2836 5332; x_wconf 85' lang='grc' dir='ltr'>σώματι</span> <span class='ocrx_word' id='word_1_999' title='bbox 2871 5261 3129 5329; x_wconf 88' lang='grc' dir='ltr'>πολέμιον</span> <span class='ocrx_word' id='word_1_1000' title='bbox 3155 5259 3252 5313; x_wconf 60' lang='grc' dir='ltr'>καὶ.</span> <span class='ocrx_word' id='word_1_1001' title='bbox 3278 5257 3558 5328; x_wconf 87' lang='grc' dir='ltr'>βλαϐερὸν,</span> <span class='ocrx_word' id='word_1_1002' title='bbox 3581 5256 3656 5320; x_wconf 90' lang='grc' dir='ltr'>ώς</span> <span class='ocrx_word' id='word_1_1003' title='bbox 3679 5257 3714 5326; x_wconf 83' lang='grc' dir='ltr'>ἡ</span> <span class='ocrx_word' id='word_1_1004' title='bbox 3746 5255 3791 5286; x_wconf 86' lang='grc'>¹⁵</span> 
     </span>
    </p>
   </div>
   <div class='ocr_carea' id='block_1_119' title="bbox 2119 5344 3790 5424">
    <p class='ocr_par' dir='ltr' id='par_1_119' title="bbox 2119 5344 3790 5424">
     <span class='ocr_line' id='line_1_119' title="bbox 2119 5344 3790 5424; baseline -0.007 -17"><span class='ocrx_word' id='word_1_1005' title='bbox 2119 5355 2332 5424; x_wconf 87' lang='grc' dir='ltr'>τρυφή·</span> <span class='ocrx_word' id='word_1_1006' title='bbox 2354 5352 2505 5406; x_wconf 79' lang='grc' dir='ltr'>οὐδὲν</span> <span class='ocrx_word' id='word_1_1007' title='bbox 2551 5349 2695 5404; x_wconf 75' lang='grc' dir='ltr'>οὕτω</span> <span class='ocrx_word' id='word_1_1008' title='bbox 2716 5351 3074 5421; x_wconf 81' lang='grc' dir='ltr'>διαρῥήγνυσι</span> <span class='ocrx_word' id='word_1_1009' title='bbox 3100 5348 3196 5401; x_wconf 76' lang='grc' dir='ltr'>καὶ</span> <span class='ocrx_word' id='word_1_1010' title='bbox 3241 5345 3650 5416; x_wconf 86' lang='grc' dir='ltr'>καταχώννυσιν</span> <span class='ocrx_word' id='word_1_1011' title='bbox 3692 5344 3790 5397; x_wconf 78' lang='grc' dir='ltr'>αὐ-</span> 
     </span>
    </p>
   </div>
   <div class='ocr_carea' id='block_1_120' title="bbox 352 5431 3796 5513">
    <p class='ocr_par' dir='ltr' id='par_1_120' title="bbox 352 5431 3796 5513">
     <span class='ocr_line' id='line_1_120' title="bbox 352 5431 3796 5513; baseline -0.002 -21"><span class='ocrx_word' id='word_1_1012' title='bbox 352 5439 443 5492; x_wconf 80' lang='grc' dir='ltr'>καὶ</span> <span class='ocrx_word' id='word_1_1013' title='bbox 477 5438 618 5492; x_wconf 85' lang='grc' dir='ltr'>κατά</span> <span class='ocrx_word' id='word_1_1014' title='bbox 646 5438 843 5508; x_wconf 90' lang='grc' dir='ltr'>βάθους</span> <span class='ocrx_word' id='word_1_1015' title='bbox 865 5439 1115 5509; x_wconf 88' lang='grc' dir='ltr'>ἀφιέντες</span> <span class='ocrx_word' id='word_1_1016' title='bbox 1145 5440 1243 5503; x_wconf 74' lang='grc' dir='ltr'>τὰς</span> <span class='ocrx_word' id='word_1_1017' title='bbox 1271 5441 1447 5511; x_wconf 72' lang='grc' dir='ltr'>ῥίζας,</span> <span class='ocrx_word' id='word_1_1018' title='bbox 1497 5441 1592 5494; x_wconf 72' lang='grc' dir='ltr'>καὶ</span> <span class='ocrx_word' id='word_1_1019' title='bbox 1640 5443 1857 5496; x_wconf 86' lang='grc' dir='ltr'>πάντων</span> <span class='ocrx_word' id='word_1_1020' title='bbox 1902 5445 2022 5497; x_wconf 82' lang='grc' dir='ltr'>ἐαυ-</span> <span class='ocrx_word' id='word_1_1021' title='bbox 2073 5444 2086 5452; x_wconf 85' lang='grc'><strong>’</strong></span> <span class='ocrx_word' id='word_1_1022' title='bbox 2120 5442 2218 5513; x_wconf 82' lang='grc' dir='ltr'>τὴν</span> <span class='ocrx_word' id='word_1_1023' title='bbox 2238 5443 2281 5472; x_wconf 73' lang='grc'>⁸⁸</span> <span class='ocrx_word' id='word_1_1024' title='bbox 2311 5441 2406 5494; x_wconf 74' lang='grc' dir='ltr'>καὶ</span> <span class='ocrx_word' id='word_1_1025' title='bbox 2447 5438 2770 5508; x_wconf 86' lang='grc' dir='ltr'>διαφθείρει,</span> <span class='ocrx_word' id='word_1_1026' title='bbox 2820 5437 2896 5500; x_wconf 89' lang='grc' dir='ltr'>ώς</span> <span class='ocrx_word' id='word_1_1027' title='bbox 2945 5435 3174 5490; x_wconf 87' lang='grc' dir='ltr'>ἀσωτία.</span> <span class='ocrx_word' id='word_1_1028' title='bbox 3209 5434 3300 5488; x_wconf 80' lang='grc' dir='ltr'>Διὸ</span> <span class='ocrx_word' id='word_1_1029' title='bbox 3343 5434 3576 5506; x_wconf 76' lang='grc' dir='ltr'>μάλιστα</span> <span class='ocrx_word' id='word_1_1030' title='bbox 3613 5431 3680 5486; x_wconf 78' lang='grc' dir='ltr'>ἀν</span> <span class='ocrx_word' id='word_1_1031' title='bbox 3709 5448 3796 5494; x_wconf 87' lang='grc' dir='ltr'>τις</span> 
     </span>
    </p>
   </div>
   <div class='ocr_carea' id='block_1_121' title="bbox 414 5523 2015 5656">
    <p class='ocr_par' dir='ltr' id='par_1_121' title="bbox 414 5530 2015 5656">
     <span class='ocr_line' id='line_1_121' title="bbox 414 5530 2004 5607; baseline 0.004 -24"><span class='ocrx_word' id='word_1_1032' title='bbox 414 5533 434 5563; x_wconf 86' lang='grc'>¹</span> <span class='ocrx_word' id='word_1_1033' title='bbox 452 5530 540 5584; x_wconf 81' lang='lat' dir='ltr'>Sic</span> <span class='ocrx_word' id='word_1_1034' title='bbox 562 5530 624 5584; x_wconf 87' lang='lat' dir='ltr'>F.</span> <span class='ocrx_word' id='word_1_1035' title='bbox 646 5532 742 5599; x_wconf 87' lang='lat' dir='ltr'>Ep.</span> <span class='ocrx_word' id='word_1_1036' title='bbox 767 5533 946 5587; x_wconf 56' lang='lat' dir='ltr'>cateri</span> <span class='ocrx_word' id='word_1_1037' title='bbox 961 5533 1054 5585; x_wconf 91' lang='grc' dir='ltr'>τοῦ</span> <span class='ocrx_word' id='word_1_1038' title='bbox 1073 5531 1495 5603; x_wconf 89' lang='grc' dir='ltr'>συγχωροῦντος.</span> <span class='ocrx_word' id='word_1_1039' title='bbox 1567 5533 1587 5564; x_wconf 88' lang='grc'>³</span> <span class='ocrx_word' id='word_1_1040' title='bbox 1614 5535 2004 5607; x_wconf 88' lang='grc' dir='ltr'>μαλακωτέραν</span> 
     </span>
     <span class='ocr_line' id='line_1_122' title="bbox 414 5602 2015 5656; baseline 0.001 -2"><span class='ocrx_word' id='word_1_1041' title='bbox 414 5615 486 5654; x_wconf 75' lang='lat' dir='ltr'>ar.</span> <span class='ocrx_word' id='word_1_1042' title='bbox 559 5602 581 5632; x_wconf 69' lang='grc'>⁸</span> <span class='ocrx_word' id='word_1_1043' title='bbox 609 5604 637 5655; x_wconf 88' lang='grc' dir='ltr'>ὁ</span> <span class='ocrx_word' id='word_1_1044' title='bbox 666 5602 830 5656; x_wconf 76' lang='grc' dir='ltr'>μὲν...</span> <span class='ocrx_word' id='word_1_1045' title='bbox 858 5602 1028 5656; x_wconf 85' lang='grc' dir='ltr'>ὁδέ...</span> <span class='ocrx_word' id='word_1_1046' title='bbox 1060 5604 1089 5655; x_wconf 86' lang='grc' dir='ltr'>ὁ</span> <span class='ocrx_word' id='word_1_1047' title='bbox 1113 5603 1169 5655; x_wconf 83' lang='grc' dir='ltr'>δὲ</span> <span class='ocrx_word' id='word_1_1048' title='bbox 1191 5602 1334 5656; x_wconf 83' lang='lat' dir='ltr'>A.C.</span> <span class='ocrx_word' id='word_1_1049' title='bbox 1368 5602 1427 5656; x_wconf 91' lang='lat' dir='ltr'>D.</span> <span class='ocrx_word' id='word_1_1050' title='bbox 1463 5602 1522 5656; x_wconf 68' lang='grc' dir='ltr'>Ρ.</span> <span class='ocrx_word' id='word_1_1051' title='bbox 1587 5605 1608 5634; x_wconf 80' lang='grc'>⁸</span> <span class='ocrx_word' id='word_1_1052' title='bbox 1633 5604 1848 5656; x_wconf 74' lang='grc' dir='ltr'>μέτρον]</span> <span class='ocrx_word' id='word_1_1053' title='bbox 1878 5607 2015 5656; x_wconf 69' lang='grc' dir='ltr'>ιιέοο⁴</span> 
     </span>
    </p>
   </div>
   <div class='ocr_carea' id='block_1_122' title="bbox 2118 5523 3798 5656">
    <p class='ocr_par' dir='ltr' id='par_1_122' title="bbox 2118 5523 3798 5656">
     <span class='ocr_line' id='line_1_123' title="bbox 2119 5523 3798 5656; baseline -0.008 -68"><span class='ocrx_word' id='word_1_1054' title='bbox 2119 5552 2206 5605; x_wconf 92' lang='grc' dir='ltr'>ρον</span> <span class='ocrx_word' id='word_1_1055' title='bbox 2221 5531 2515 5656; x_wconf 48' lang='grc' dir='ltr'>Οὖποιοῦν</span> <span class='ocrx_word' id='word_1_1056' title='bbox 2537 5529 2635 5610; x_wconf 74' lang='grc' dir='ltr'>τὴν</span> <span class='ocrx_word' id='word_1_1057' title='bbox 2649 5529 2825 5600; x_wconf 85' lang='grc' dir='ltr'>ψυχήν</span> <span class='ocrx_word' id='word_1_1058' title='bbox 2840 5529 2904 5582; x_wconf 83' lang='grc' dir='ltr'><strong>Α.</strong></span> <span class='ocrx_word' id='word_1_1059' title='bbox 2920 5528 2983 5582; x_wconf 87' lang='lat' dir='ltr'>C.</span> <span class='ocrx_word' id='word_1_1060' title='bbox 3001 5530 3093 5584; x_wconf 60' lang='lat' dir='ltr'>sed</span> <span class='ocrx_word' id='word_1_1061' title='bbox 3114 5528 3325 5652; x_wconf 77' lang='grc' dir='ltr'>τρυφὴν</span> <span class='ocrx_word' id='word_1_1062' title='bbox 3347 5541 3446 5596; x_wconf 88' lang='lat' dir='ltr'>pro</span> <span class='ocrx_word' id='word_1_1063' title='bbox 3463 5523 3718 5594; x_wconf 73' lang='grc' dir='ltr'>ψυχήνΑ.</span> <span class='ocrx_word' id='word_1_1064' title='bbox 3743 5523 3798 5576; x_wconf 86' lang='lat' dir='ltr'>in</span> 
     </span>
     <span class='ocr_line' id='line_1_124' title="bbox 2118 5594 3798 5656; baseline -0.004 0"><span class='ocrx_word' id='word_1_1065' title='bbox 2118 5638 2148 5656; x_wconf 63' lang='grc' dir='ltr'>ι-</span> <span class='ocrx_word' id='word_1_1066' title='bbox 2170 5605 2233 5656; x_wconf 80' lang='lat' dir='ltr'>C.</span> <span class='ocrx_word' id='word_1_1067' title='bbox 2326 5644 2338 5655; x_wconf 94' lang='lat'><em>.</em></span> <span class='ocrx_word' id='word_1_1068' title='bbox 2371 5602 2434 5656; x_wconf 89' lang='lat' dir='ltr'><strong>E.</strong></span> <span class='ocrx_word' id='word_1_1069' title='bbox 2465 5603 2648 5655; x_wconf 81' lang='lat' dir='ltr'><strong>invms</strong></span> <span class='ocrx_word' id='word_1_1070' title='bbox 2676 5599 2910 5656; x_wconf 69' lang='lat' dir='ltr'>InterDD.</span> <span class='ocrx_word' id='word_1_1071' title='bbox 2945 5597 3073 5654; x_wconf 77' lang='lat' dir='ltr'>Post</span> <span class='ocrx_word' id='word_1_1072' title='bbox 3105 5598 3160 5652; x_wconf 72' lang='grc' dir='ltr'>Ι).</span> <span class='ocrx_word' id='word_1_1073' title='bbox 3203 5614 3254 5652; x_wconf 79' lang='grc' dir='ltr'>ν.</span> <span class='ocrx_word' id='word_1_1074' title='bbox 3300 5597 3558 5656; x_wconf 68' lang='lat' dir='ltr'>egebatur</span> <span class='ocrx_word' id='word_1_1075' title='bbox 3585 5595 3614 5647; x_wconf 88' lang='lat'>6</span> <span class='ocrx_word' id='word_1_1076' title='bbox 3642 5594 3798 5656; x_wconf 77' lang='grc' dir='ltr'>Θεός.</span> 
     </span>
    </p>
   </div>
   <div class='ocr_carea' id='block_1_123' title="bbox 349 5594 2015 5678">
    <p class='ocr_par' dir='ltr' id='par_1_123' title="bbox 349 5594 2015 5678">
     <span class='ocr_line' id='line_1_125' title="bbox 349 5594 2015 5678; baseline 0.001 -24"><span class='ocrx_word' id='word_1_1077' title='bbox 349 5615 490 5678; x_wconf 63' lang='grc' dir='ltr'>ιῐιιιῐ·ἶ</span> <span class='ocrx_word' id='word_1_1078' title='bbox 559 5602 581 5632; x_wconf 70' lang='grc'>⁸</span> <span class='ocrx_word' id='word_1_1079' title='bbox 609 5604 637 5655; x_wconf 89' lang='lat'>6</span> <span class='ocrx_word' id='word_1_1080' title='bbox 665 5594 830 5678; x_wconf 43' lang='grc' dir='ltr'>μένῖ.</span> <span class='ocrx_word' id='word_1_1081' title='bbox 858 5602 1089 5678; x_wconf 40' lang='grc' dir='ltr'>(ἰδέω-ό</span> <span class='ocrx_word' id='word_1_1082' title='bbox 1113 5594 1334 5678; x_wconf 45' lang='grc' dir='ltr'>δέἌξΟι</span> <span class='ocrx_word' id='word_1_1083' title='bbox 1368 5602 1427 5678; x_wconf 86' lang='lat' dir='ltr'>D_.</span> <span class='ocrx_word' id='word_1_1084' title='bbox 1459 5594 1537 5678; x_wconf 76' lang='lat' dir='ltr'>F._</span> <span class='ocrx_word' id='word_1_1085' title='bbox 1587 5594 1848 5678; x_wconf 39' lang='grc' dir='ltr'>ἐμέτων]</span> <span class='ocrx_word' id='word_1_1086' title='bbox 1877 5594 2015 5678; x_wconf 63' lang='grc' dir='ltr'>μῖέρο⁴</span> 
     </span>
    </p>
   </div>
   <div class='ocr_carea' id='block_1_124' title="bbox 2118 5594 3800 5678">
    <p class='ocr_par' dir='ltr' id='par_1_124' title="bbox 2118 5594 3800 5678">
     <span class='ocr_line' id='line_1_126' title="bbox 2118 5594 3800 5678; baseline -0.005 -19"><span class='ocrx_word' id='word_1_1087' title='bbox 2118 5594 2148 5661; x_wconf 69' lang='grc' dir='ltr'>ξ.</span> <span class='ocrx_word' id='word_1_1088' title='bbox 2170 5605 2233 5659; x_wconf 81' lang='lat' dir='ltr'>C.</span> <span class='ocrx_word' id='word_1_1089' title='bbox 2263 5594 2434 5678; x_wconf 36' lang='lat' dir='ltr'>_D.ME.</span> <span class='ocrx_word' id='word_1_1090' title='bbox 2465 5594 2910 5678; x_wconf 52' lang='lat' dir='ltr'>invil&#39;zs&#39;lziie&#39;rpp.</span> <span class='ocrx_word' id='word_1_1091' title='bbox 2945 5597 3073 5678; x_wconf 70' lang='grc' dir='ltr'>Ροξι</span> <span class='ocrx_word' id='word_1_1092' title='bbox 3105 5594 3163 5678; x_wconf 56' lang='grc' dir='ltr'>Ιιέ</span> <span class='ocrx_word' id='word_1_1093' title='bbox 3191 5594 3254 5678; x_wconf 64' lang='grc' dir='ltr'>⁸ν.</span> <span class='ocrx_word' id='word_1_1094' title='bbox 3281 5594 3558 5678; x_wconf 62' lang='lat' dir='ltr'>[egebatyr</span> <span class='ocrx_word' id='word_1_1095' title='bbox 3582 5594 3800 5678; x_wconf 48' lang='lat'>6.856;.</span> 
     </span>
    </p>
   </div>
   <div class='ocr_carea' id='block_1_125' title="bbox 349 5665 2015 5753">
    <p class='ocr_par' dir='ltr' id='par_1_125' title="bbox 349 5665 2014 5753">
     <span class='ocr_line' id='line_1_127' title="bbox 349 5665 2014 5753; baseline 0.004 -30"><span class='ocrx_word' id='word_1_1096' title='bbox 349 5665 737 5753; x_wconf 45' lang='lat' dir='ltr'>ﬂuodﬂcum</span> <span class='ocrx_word' id='word_1_1097' title='bbox 769 5673 830 5728; x_wconf 92' lang='lat' dir='ltr'>C.</span> <span class='ocrx_word' id='word_1_1098' title='bbox 949 5683 1001 5753; x_wconf 61' lang='lat' dir='ltr'><strong>el</strong></span> <span class='ocrx_word' id='word_1_1099' title='bbox 1028 5670 1214 5753; x_wconf 46' lang='grc' dir='ltr'>ἵει-εδ.</span> <span class='ocrx_word' id='word_1_1100' title='bbox 1246 5672 1440 5727; x_wconf 82' lang='lat' dir='ltr'>delevi.</span> <span class='ocrx_word' id='word_1_1101' title='bbox 1481 5743 1493 5753; x_wconf 42' lang='lat'><strong>.</strong></span> <span class='ocrx_word' id='word_1_1102' title='bbox 1519 5675 1540 5705; x_wconf 82' lang='lat'><strong><em>°</em></strong></span> <span class='ocrx_word' id='word_1_1103' title='bbox 1565 5665 1776 5753; x_wconf 44' lang='lat' dir='ltr'>ﬁala}:</span> <span class='ocrx_word' id='word_1_1104' title='bbox 1805 5665 2014 5753; x_wconf 67' lang='grc' dir='ltr'>α’νδρέῖο</span> 
     </span>
    </p>
   </div>
   <div class='ocr_carea' id='block_1_126' title="bbox 2118 5665 3801 5753">
    <p class='ocr_par' dir='ltr' id='par_1_126' title="bbox 2119 5665 3801 5753">
     <span class='ocr_line' id='line_1_128' title="bbox 2119 5665 3801 5753; baseline 0 0"><span class='ocrx_word' id='word_1_1105' title='bbox 2119 5717 2135 5732; x_wconf 78' lang='grc' dir='ltr'><strong>ο</strong></span> <span class='ocrx_word' id='word_1_1106' title='bbox 2167 5672 2395 5753; x_wconf 49' lang='lat' dir='ltr'>surde”</span> <span class='ocrx_word' id='word_1_1107' title='bbox 2419 5671 2593 5739; x_wconf 71' lang='lat' dir='ltr'>recepi</span> <span class='ocrx_word' id='word_1_1108' title='bbox 2628 5686 2724 5753; x_wconf 61' lang='grc' dir='ltr'>[διο</span> <span class='ocrx_word' id='word_1_1109' title='bbox 2753 5665 2971 5753; x_wconf 60' lang='grc' dir='ltr'>ιυῖιξειο</span> <span class='ocrx_word' id='word_1_1110' title='bbox 2999 5670 3086 5753; x_wconf 60' lang='grc' dir='ltr'>εει</span> <span class='ocrx_word' id='word_1_1111' title='bbox 3139 5669 3160 5699; x_wconf 85' lang='grc'><strong>⁷</strong></span> <span class='ocrx_word' id='word_1_1112' title='bbox 3182 5665 3801 5753; x_wconf 52' lang='grc' dir='ltr'>ἒξςὲιιὶξλτεδτελέκξῗθῖ</span> 
     </span>
    </p>
   </div>
   <div class='ocr_carea' id='block_1_127' title="bbox 352 5735 3801 5815">
    <p class='ocr_par' dir='ltr' id='par_1_127' title="bbox 352 5735 3801 5815">
     <span class='ocr_line' id='line_1_129' title="bbox 352 5735 3801 5815; baseline 0.002 -23"><span class='ocrx_word' id='word_1_1113' title='bbox 352 5735 478 5815; x_wconf 72' lang='lat' dir='ltr'>Sav.</span> <span class='ocrx_word' id='word_1_1114' title='bbox 505 5741 795 5815; x_wconf 68' lang='lat' dir='ltr'><strong>Scriptura</strong></span> <span class='ocrx_word' id='word_1_1115' title='bbox 812 5742 1018 5815; x_wconf 82' lang='lat' dir='ltr'>codicis</span> <span class='ocrx_word' id='word_1_1116' title='bbox 1041 5741 1270 5815; x_wconf 70' lang='lat' dir='ltr'>F.pa:ne</span> <span class='ocrx_word' id='word_1_1117' title='bbox 1299 5743 1540 5815; x_wconf 56' lang='lat' dir='ltr'>cyanuit,</span> <span class='ocrx_word' id='word_1_1118' title='bbox 1561 5746 1657 5815; x_wconf 56' lang='lat' dir='ltr'>sed</span> <span class='ocrx_word' id='word_1_1119' title='bbox 1685 5735 1912 5801; x_wconf 52' lang='lat' dir='ltr'>bnwius’</span> <span class='ocrx_word' id='word_1_1120' title='bbox 1931 5735 2302 5815; x_wconf 35' lang='lat' dir='ltr'>cstvspalium,</span> <span class='ocrx_word' id='word_1_1121' title='bbox 2326 5735 2584 5815; x_wconf 74' lang='lat' dir='ltr'>qua_m_zit</span> <span class='ocrx_word' id='word_1_1122' title='bbox 2607 5735 3138 5815; x_wconf 36' lang='lat' dir='ltr'>iulgalqIiz_ca;l_p_i_atL</span> <span class='ocrx_word' id='word_1_1123' title='bbox 3181 5738 3203 5769; x_wconf 84' lang='grc'>⁸</span> <span class='ocrx_word' id='word_1_1124' title='bbox 3225 5735 3512 5815; x_wconf 54' lang='grc' dir='ltr'>ῌβΙ-Κυῐῖο</span> <span class='ocrx_word' id='word_1_1125' title='bbox 3529 5735 3669 5815; x_wconf 62' lang='lat'>:91}</span> <span class='ocrx_word' id='word_1_1126' title='bbox 3696 5735 3801 5815; x_wconf 59' lang='grc' dir='ltr'>εὺκ</span> 
     </span>
    </p>
   </div>
   <div class='ocr_carea' id='block_1_128' title="bbox 351 5801 3803 5887">
    <p class='ocr_par' dir='ltr' id='par_1_128' title="bbox 351 5801 3803 5887">
     <span class='ocr_line' id='line_1_130' title="bbox 351 5801 3803 5887; baseline 0 0"><span class='ocrx_word' id='word_1_1127' title='bbox 351 5812 510 5887; x_wconf 72' lang='grc' dir='ltr'>ἀρκεῖ</span> <span class='ocrx_word' id='word_1_1128' title='bbox 538 5801 671 5887; x_wconf 60' lang='grc' dir='ltr'>ἡμῖν</span> <span class='ocrx_word' id='word_1_1129' title='bbox 701 5814 828 5887; x_wconf 62' lang='grc' dir='ltr'>μιᾶς</span> <span class='ocrx_word' id='word_1_1130' title='bbox 848 5814 1047 5887; x_wconf 61' lang='grc' dir='ltr'>ἀρετῆς</span> <span class='ocrx_word' id='word_1_1131' title='bbox 1071 5801 1231 5887; x_wconf 67' lang='grc' dir='ltr'>ειὲ-τὸ</span> <span class='ocrx_word' id='word_1_1132' title='bbox 1258 5801 1679 5887; x_wconf 54' lang='grc' dir='ltr'>σωθῆναιίάλλά</span> <span class='ocrx_word' id='word_1_1133' title='bbox 1707 5815 1788 5887; x_wconf 65' lang='grc' dir='ltr'>ξεῖ</span> <span class='ocrx_word' id='word_1_1134' title='bbox 1817 5801 1996 5880; x_wconf 66' lang='grc' dir='ltr'>πάσαὲ</span> <span class='ocrx_word' id='word_1_1135' title='bbox 2023 5801 2159 5887; x_wconf 81' lang='grc' dir='ltr'>μέτά</span> <span class='ocrx_word' id='word_1_1136' title='bbox 2179 5801 2643 5887; x_wconf 60' lang='grc' dir='ltr'>εποὺδῆεᾶιφκεξγ</span> <span class='ocrx_word' id='word_1_1137' title='bbox 2672 5801 2735 5887; x_wconf 54' lang='lat'>5&quot;-</span> <span class='ocrx_word' id='word_1_1138' title='bbox 2809 5801 3072 5887; x_wconf 57' lang='grc' dir='ltr'>Ϊκάνζίάἕ</span> <span class='ocrx_word' id='word_1_1139' title='bbox 3099 5807 3200 5887; x_wconf 74' lang='lat' dir='ltr'>F</span> <span class='ocrx_word' id='word_1_1140' title='bbox 3259 5809 3300 5887; x_wconf 65' lang='grc' dir='ltr'>’ἲ</span> <span class='ocrx_word' id='word_1_1141' title='bbox 3329 5805 3394 5887; x_wconf 59' lang='grc' dir='ltr'>ἓν</span> <span class='ocrx_word' id='word_1_1142' title='bbox 3427 5805 3500 5887; x_wconf 54' lang='grc' dir='ltr'>μὴ</span> <span class='ocrx_word' id='word_1_1143' title='bbox 3525 5801 3803 5887; x_wconf 53' lang='lat' dir='ltr'>MA???“</span> 
     </span>
    </p>
   </div>
   <div class='ocr_carea' id='block_1_129' title="bbox 359 5857 2015 5961">
    <p class='ocr_par' dir='ltr' id='par_1_129' title="bbox 359 5857 2015 5961">
     <span class='ocr_line' id='line_1_131' title="bbox 359 5857 2015 5961; baseline 0.006 -32"><span class='ocrx_word' id='word_1_1144' title='bbox 359 5857 826 5961; x_wconf 34' lang='lat' dir='ltr'>7124;031:15ch</span> <span class='ocrx_word' id='word_1_1145' title='bbox 849 5857 1232 5961; x_wconf 47' lang='grc' dir='ltr'>ῖῗξτὲὄτξχῖἴψέζ</span> <span class='ocrx_word' id='word_1_1146' title='bbox 1251 5857 1676 5961; x_wconf 44' lang='lat' dir='ltr'>(s&#39;éfj&#39;iﬁuﬁ?)</span> <span class='ocrx_word' id='word_1_1147' title='bbox 1707 5857 1796 5961; x_wconf 58' lang='lat' dir='ltr'>é&#39;ij:</span> <span class='ocrx_word' id='word_1_1148' title='bbox 1823 5857 2015 5961; x_wconf 55' lang='grc' dir='ltr'>ἓέἇῖῑζέ</span> 
     </span>
    </p>
   </div>
   <div class='ocr_carea' id='block_1_130' title="bbox 2118 5857 3791 5961">
    <p class='ocr_par' dir='ltr' id='par_1_130' title="bbox 2121 5857 3791 5961">
     <span class='ocr_line' id='line_1_132' title="bbox 2121 5857 3791 5961; baseline -0.008 -22"><span class='ocrx_word' id='word_1_1149' title='bbox 2121 5857 2638 5961; x_wconf 55' lang='grc' dir='ltr'>ξνῑξειςξξίῑςῑιῐπί</span> <span class='ocrx_word' id='word_1_1150' title='bbox 2667 5857 2922 5961; x_wconf 41' lang='lat' dir='ltr'>signa;</span> <span class='ocrx_word' id='word_1_1151' title='bbox 2934 5857 3120 5961; x_wconf 53' lang='grc' dir='ltr'>τλάς</span> <span class='ocrx_word' id='word_1_1152' title='bbox 3227 5857 3500 5961; x_wconf 52' lang='grc' dir='ltr'>γριρῖωιρς</span> <span class='ocrx_word' id='word_1_1153' title='bbox 3526 5857 3791 5961; x_wconf 39' lang='grc' dir='ltr'>τρίβει.</span> 
     </span>
    </p>
   </div>
   <div class='ocr_carea' id='block_1_131' title="bbox 359 5943 2015 6029">
    <p class='ocr_par' dir='ltr' id='par_1_131' title="bbox 359 5943 2015 6029">
     <span class='ocr_line' id='line_1_133' title="bbox 359 5943 2015 6029; baseline 0.006 -28"><span class='ocrx_word' id='word_1_1154' title='bbox 359 5943 470 6029; x_wconf 64' lang='lat' dir='ltr'>Kal</span> <span class='ocrx_word' id='word_1_1155' title='bbox 497 5952 606 6029; x_wconf 83' lang='grc' dir='ltr'>γὰρ</span> <span class='ocrx_word' id='word_1_1156' title='bbox 627 5951 720 6029; x_wconf 72' lang='grc' dir='ltr'>καὶ</span> <span class='ocrx_word' id='word_1_1157' title='bbox 738 5953 913 6029; x_wconf 66' lang='grc' dir='ltr'>γῆρας</span> <span class='ocrx_word' id='word_1_1158' title='bbox 928 5952 1103 6029; x_wconf 68' lang='grc' dir='ltr'>ἄωρον</span> <span class='ocrx_word' id='word_1_1159' title='bbox 1135 5943 1328 6029; x_wconf 73' lang='grc' dir='ltr'>ἐπάγει</span> <span class='ocrx_word' id='word_1_1160' title='bbox 1461 5943 1504 5986; x_wconf 51' lang='grc'>(⁸</span> <span class='ocrx_word' id='word_1_1161' title='bbox 1647 5943 1695 6010; x_wconf 78' lang='grc' dir='ltr'>ά.</span> <span class='ocrx_word' id='word_1_1162' title='bbox 1710 5957 1818 6029; x_wconf 84' lang='grc' dir='ltr'>τῶν</span> <span class='ocrx_word' id='word_1_1163' title='bbox 1844 5957 2015 6012; x_wconf 58' lang='grc' dir='ltr'>κακῶη</span> 
     </span>
    </p>
   </div>
   <div class='ocr_carea' id='block_1_132' title="bbox 2118 5943 3793 6029">
    <p class='ocr_par' dir='ltr' id='par_1_132' title="bbox 2118 5943 3793 6029">
     <span class='ocr_line' id='line_1_134' title="bbox 2118 5943 3793 6029; baseline -0.007 -20"><span class='ocrx_word' id='word_1_1164' title='bbox 2118 5943 2437 6029; x_wconf 19' lang='grc' dir='ltr'>ὦνᾲξταρκῶν</span> <span class='ocrx_word' id='word_1_1165' title='bbox 2459 5951 2557 6029; x_wconf 67' lang='grc' dir='ltr'>τῂν</span> <span class='ocrx_word' id='word_1_1166' title='bbox 2580 5950 2810 6023; x_wconf 86' lang='grc' dir='ltr'>σωρείαν</span> <span class='ocrx_word' id='word_1_1167' title='bbox 2837 5948 2898 6007; x_wconf 88' lang='lat' dir='ltr'>F.</span> <span class='ocrx_word' id='word_1_1168' title='bbox 2931 5949 3148 6023; x_wconf 89' lang='grc' dir='ltr'>σαρκῶν</span> <span class='ocrx_word' id='word_1_1169' title='bbox 3173 5943 3370 6019; x_wconf 62' lang='grc' dir='ltr'>ιεςὶεέὁ</span> <span class='ocrx_word' id='word_1_1170' title='bbox 3399 5945 3612 6000; x_wconf 73' lang='lat' dir='ltr'>videtur</span> <span class='ocrx_word' id='word_1_1171' title='bbox 3640 5943 3793 5997; x_wconf 79' lang='lat' dir='ltr'>Arm.</span> 
     </span>
    </p>
   </div>
   <div class='ocr_carea' id='block_1_133' title="bbox 365 5951 2015 6099">
    <p class='ocr_par' dir='ltr' id='par_1_133' title="bbox 365 5951 2015 6099">
     <span class='ocr_line' id='line_1_135' title="bbox 365 5951 2015 6026; baseline 0.007 -26"><span class='ocrx_word' id='word_1_1172' title='bbox 365 5951 470 6000; x_wconf 87' lang='lat' dir='ltr'>Kal</span> <span class='ocrx_word' id='word_1_1173' title='bbox 497 5952 606 6020; x_wconf 87' lang='lat'>7&amp;9</span> <span class='ocrx_word' id='word_1_1174' title='bbox 627 5951 720 6003; x_wconf 77' lang='grc' dir='ltr'>καὶ</span> <span class='ocrx_word' id='word_1_1175' title='bbox 738 5953 913 6020; x_wconf 84' lang='grc' dir='ltr'>γῆρας</span> <span class='ocrx_word' id='word_1_1176' title='bbox 928 5952 1103 6022; x_wconf 80' lang='grc' dir='ltr'>ἄωρον</span> <span class='ocrx_word' id='word_1_1177' title='bbox 1135 5954 1328 6022; x_wconf 88' lang='grc' dir='ltr'>ἐπάγει</span> <span class='ocrx_word' id='word_1_1178' title='bbox 1361 5951 1421 6006; x_wconf 61' lang='lat' dir='ltr'>DL</span> <span class='ocrx_word' id='word_1_1179' title='bbox 1461 5951 1504 5986; x_wconf 68' lang='lat'><em>“</em></span> <span class='ocrx_word' id='word_1_1180' title='bbox 1519 5951 1618 6026; x_wconf 77' lang='grc' dir='ltr'>τὴν</span> <span class='ocrx_word' id='word_1_1181' title='bbox 1647 5951 1695 6010; x_wconf 89' lang='grc' dir='ltr'>σ.</span> <span class='ocrx_word' id='word_1_1182' title='bbox 1710 5957 1818 6010; x_wconf 92' lang='grc' dir='ltr'>τῶν</span> <span class='ocrx_word' id='word_1_1183' title='bbox 1844 5957 2015 6012; x_wconf 58' lang='grc' dir='ltr'>κακῶη</span> 
     </span>
     <span class='ocr_line' id='line_1_136' title="bbox 365 6019 2015 6099; baseline 0.007 -27"><span class='ocrx_word' id='word_1_1184' title='bbox 365 6019 407 6049; x_wconf 81' lang='grc'>¹⁸</span> <span class='ocrx_word' id='word_1_1185' title='bbox 434 6019 465 6087; x_wconf 89' lang='grc' dir='ltr'><strong>ἠ</strong></span> <span class='ocrx_word' id='word_1_1186' title='bbox 499 6022 649 6076; x_wconf 79' lang='lat' dir='ltr'><strong>deest</strong></span> <span class='ocrx_word' id='word_1_1187' title='bbox 679 6023 734 6076; x_wconf 88' lang='lat' dir='ltr'><strong>in</strong></span> <span class='ocrx_word' id='word_1_1188' title='bbox 765 6021 899 6076; x_wconf 80' lang='lat' dir='ltr'>Edd.</span> <span class='ocrx_word' id='word_1_1189' title='bbox 972 6021 1014 6052; x_wconf 68' lang='grc'>⁸⁸</span> <span class='ocrx_word' id='word_1_1190' title='bbox 1034 6021 1224 6094; x_wconf 78' lang='grc' dir='ltr'>αὐτήν]</span> <span class='ocrx_word' id='word_1_1191' title='bbox 1255 6024 1384 6078; x_wconf 84' lang='grc' dir='ltr'>αὑτό</span> <span class='ocrx_word' id='word_1_1192' title='bbox 1405 6041 1544 6081; x_wconf 87' lang='lat' dir='ltr'><strong>corr.</strong></span> <span class='ocrx_word' id='word_1_1193' title='bbox 1580 6026 1640 6080; x_wconf 89' lang='lat' dir='ltr'>E.</span> <span class='ocrx_word' id='word_1_1194' title='bbox 1673 6027 1769 6098; x_wconf 79' lang='grc' dir='ltr'>τὴν</span> <span class='ocrx_word' id='word_1_1195' title='bbox 1797 6029 2015 6099; x_wconf 78' lang='grc' dir='ltr'>γαστέρι</span> 
     </span>
    </p>
   </div>
   <div class='ocr_carea' id='block_1_134' title="bbox 2118 5951 2614 6099">
    <p class='ocr_par' dir='ltr' id='par_1_134' title="bbox 2118 5951 2614 6096">
     <span class='ocr_line' id='line_1_137' title="bbox 2118 5951 2614 6076; baseline -0.012 -68"><span class='ocrx_word' id='word_1_1196' title='bbox 2118 5957 2186 6009; x_wconf 83' lang='grc' dir='ltr'>ὦν</span> <span class='ocrx_word' id='word_1_1197' title='bbox 2220 5951 2437 6025; x_wconf 84' lang='grc' dir='ltr'>σαρκῶν</span> <span class='ocrx_word' id='word_1_1198' title='bbox 2459 5951 2557 6076; x_wconf 61' lang='grc' dir='ltr'>τὲν</span> <span class='ocrx_word' id='word_1_1199' title='bbox 2580 5968 2614 6003; x_wconf 63' lang='grc' dir='ltr'>σι</span> 
     </span>
     <span class='ocr_line' id='line_1_138' title="bbox 2123 6023 2614 6096; baseline -0.018 -10"><span class='ocrx_word' id='word_1_1200' title='bbox 2123 6026 2288 6096; x_wconf 78' lang='lat' dir='ltr'>telligi</span> <span class='ocrx_word' id='word_1_1201' title='bbox 2333 6023 2447 6080; x_wconf 66' lang='lat' dir='ltr'><strong>vult</strong></span> <span class='ocrx_word' id='word_1_1202' title='bbox 2529 6037 2614 6077; x_wconf 82' lang='lat' dir='ltr'>av.</span> 
     </span>
    </p>
   </div>
  </div>
