4074 6358
287 392 389 450 ⁴69

289 503 650 577 magnitudine
676 502 841 558 animi
865 510 920 559 et
947 501 1194 558 diuturna
1236 499 1495 555 memoria
1533 498 1865 568 obtegamus.

291 596 513 653 Etiamsi
540 597 680 651 enim
707 596 876 666 rapiat
900 594 1167 661 diabolus,
1193 593 1247 648 in
1274 592 1428 648 nobis
1455 602 1539 647 est
1567 606 1634 646 ne
1663 590 1873 661 rapian-

292 699 379 744 tur
407 707 420 742 :
451 688 596 761 quod
636 689 681 744 si
710 688 913 744 semina
940 689 1226 752 siccentur,
1281 700 1392 741 non
1421 684 1472 739 id
1498 685 1566 741 ab
1592 694 1723 739 testu
1756 681 1873 736 effi-

290 782 448 837 citur.
498 779 614 835 Non
658 781 801 835 enim
844 778 1013 845 dixit,
1060 778 1187 834 Haac
1214 786 1433 849 propter
1467 784 1655 831 aestum
1694 774 1873 831 exsic-

290 884 409 930 cata
447 872 727 939 sunt,sed,
773 872 923 940 Quod
952 871 1175 925 radicem
1198 886 1300 925 non
1324 868 1592 923 habebant.
1623 868 1690 922 Et
1712 868 1757 921 si
1783 866 1872 922 illa

292 967 678 1037 prmfocantur,
711 979 819 1020 non
860 980 891 1019 a
916 964 1119 1035 spinis,
1167 962 1262 1019 sed
1310 962 1380 1016 ab
1409 962 1474 1017 iis
1503 961 1595 1031 qui
1641 961 1737 1015 has
1758 976 1876 1015 cre-

292 1079 444 1119 scere
481 1064 739 1118 siverunt.
767 1060 918 1116 Licet
963 1060 1142 1127 enim,
1188 1059 1231 1114 si
1268 1057 1521 1123 volueris,
1550 1057 1650 1111 hoc
1676 1056 1873 1111 malum

291 1168 508 1225 germen
539 1151 817 1224 impedire,
841 1166 905 1206 ac
929 1149 1149 1214 divitiis,
1189 1158 1249 1205 ut
1288 1149 1463 1214 decet,
1490 1150 1587 1204 uti.
1621 1148 1744 1203 ldeo
1771 1162 1875 1201 non

292 1246 445 1313 dixit,
478 1246 766 1311 Saeculum,
797 1244 914 1311 sed,
939 1243 1242 1299 Sollicitudo
1269 1243 1481 1308 sweuli;
1508 1256 1701 1311 neque,
1734 1241 1877 1295 Divi-

295 1338 403 1400 tiat,
432 1336 549 1402 sed,
574 1335 809 1390 Fallacia
832 1335 1122 1389 divitian
1146 1333 1358 1402 (Matth.
1377 1334 1464 1389 l5.
1482 1332 1598 1404 22).
1620 1332 1698 1388 Ne
1722 1333 1878 1401 igitur

296 1444 384 1484 res
406 1430 550 1499 ipsas
568 1427 866 1499 culpamus,
898 1426 993 1483 sed
1012 1435 1320 1497 corruptam
1347 1426 1699 1481 voluntatem.
1731 1424 1881 1480 Licet

294 1522 438 1577 enim
471 1521 689 1576 divitem
722 1533 861 1584 esse,
885 1527 941 1575 et
965 1534 1072 1575 non
1102 1518 1274 1589 decipi
1307 1534 1321 1572 :
1355 1519 1407 1574 in
1435 1517 1538 1573 hoc
1562 1532 1681 1577 esse
1705 1531 1877 1573 saccu-

295 1614 369 1678 lo,
401 1621 457 1669 et
484 1611 935 1668 sollicitudinibus
956 1626 1062 1666 non
1106 1610 1403 1680 przefocari.
1434 1610 1547 1664 Duo
1575 1610 1771 1680 quippe
1796 1610 1877 1662 vi-

298 1705 367 1759 tia
396 1704 535 1759 inter
557 1718 617 1759 se
644 1704 890 1773 opposita
919 1703 973 1757 in
992 1702 1193 1758 divitiis
1212 1709 1371 1769 sunt;
1393 1701 1557 1767 aliud,
1586 1702 1727 1773 quod
1754 1716 1879 1757 cru-

297 1796 405 1850 ciat
433 1805 488 1850 et
511 1795 756 1861 olfuscat,
783 1804 868 1850 est
894 1795 1225 1861 sollicitudo;
1253 1795 1417 1861 aliud,
1444 1795 1586 1866 quod
1612 1796 1880 1850 molliores

296 1885 493 1950 reddit,
522 1894 647 1941 sunt
671 1885 897 1941 deliciae.
926 1884 1092 1940 Recte
1120 1895 1296 1940 autem
1317 1885 1471 1954 dixit,
1494 1885 1729 1939 Fallacia
1755 1886 1881 1939 divi-

297 1976 503 2030 tiarum.
527 1975 718 2032 Omnia
738 1975 935 2047 quippe
952 1975 1003 2030 in
1025 1974 1221 2031 divitiis
1248 1976 1449 2032 fallacia
1479 1985 1637 2032 sunt:
1668 1976 1881 2031 nomina

296 2070 494 2141 quippe
547 2076 707 2136 sunt,
757 2083 863 2124 non
912 2069 965 2124 in
993 2069 1153 2125 rebus
1199 2071 1322 2126 sita.
1364 2071 1576 2126 Etenim
1618 2072 1878 2142 voluptas,

297 2160 487 2229 gloria,
510 2159 920 2230 pulchritudinis
936 2159 1191 2223 studium,
1215 2161 1513 2232 similiaque
1533 2162 1731 2228 omnia,
1762 2177 1883 2233 spe-

300 2252 411 2308 cies
436 2251 679 2322 quaedam
706 2260 762 2307 et
790 2251 1068 2321 phantasia
1114 2261 1260 2317 sunt,
1308 2269 1415 2308 non
1452 2270 1630 2309 rerum
1661 2256 1879 2311 veritas.

300 2344 436 2399 Cum
480 2359 608 2415 ergo
654 2344 910 2412 perniciei
954 2343 1144 2399 modos
1172 2345 1427 2411 dixisset,
1474 2346 1691 2402 demum
1735 2347 1886 2417 ponit

301 2444 501 2492 terram
528 2434 742 2501 bonam,
769 2450 880 2491 non
907 2435 1195 2505 desperare
1219 2436 1421 2502 sinens,
1450 2438 1545 2492 sed
1572 2452 1720 2507 spem
1751 2438 1887 2493 dans

301 2526 652 2597 paenitentia,
673 2525 1070 2595 ostendensque
1087 2541 1245 2595 posse
1260 2541 1291 2581 a
1312 2526 1631 2597 supradictis
1654 2527 1721 2582 ad
1742 2528 1883 2582 illam

298 2618 585 2675 transitum
616 2618 750 2674 fieri.
801 2618 963 2688 Atqui
1005 2617 1052 2673 si
1082 2630 1223 2673 terra
1276 2617 1413 2673 bona
1451 2628 1534 2675 est
1558 2627 1613 2673 et
1654 2619 1887 2689 agricola

302 2724 466 2775 unus,
493 2711 805 2780 seminaque
835 2709 1045 2775 eadem,
1068 2724 1166 2764 cur
1183 2709 1328 2764 aliud
1348 2719 1585 2774 centum,
1613 2710 1757 2765 aliud
1796 2725 1885 2766 se-

305 2804 523 2874 xaginta
543 2844 559 2869 ,
587 2802 730 2858 aliud
762 2803 975 2873 triginta
1004 2802 1163 2858 tulit?
1187 2802 1284 2858 Hic
1308 2817 1493 2858 rursus
1514 2819 1579 2859 ex
1608 2812 1766 2859 terra:
1794 2820 1885 2858 na~

303 2906 424 2950 tura
453 2894 739 2950 discrimen
769 2911 781 2946 :
812 2909 933 2948 nam
976 2893 1066 2949 ubi
1094 2893 1234 2948 bona
1276 2902 1416 2949 terra
1444 2902 1561 2958 est,
1607 2895 1773 2949 multa
1816 2895 1885 2948 ibi

300 2986 625 3042 dill‘erentia.
653 2984 817 3039 Vides
845 3001 951 3039 non
980 2983 1266 3055 agricolam
1295 3000 1414 3039 esse
1442 3000 1688 3051 causam,
1718 3000 1888 3055 neque

300 3078 512 3133 semina
535 3120 549 3144 ,
580 3077 672 3131 sed
706 3085 902 3132 terram
931 3076 1283 3147 excipientem
1306 3118 1320 3138 ,
1367 3091 1539 3145 neque
1566 3092 1630 3129 ex
1676 3085 1885 3136 natura,

302 3168 401 3225 sed
439 3184 505 3225 ex
536 3170 807 3224 voluntate
825 3168 1114 3224 discrimen
1144 3170 1371 3223 censeri.
1402 3168 1498 3223 llic
1522 3179 1701 3224 autem
1729 3168 1889 3222 multa

306 3261 406 3317 Dei
429 3261 731 3333 benignitas
771 3260 1221 3330 deprehenditur,
1258 3260 1349 3331 qui
1390 3275 1492 3315 non
1520 3276 1681 3315 unam
1729 3262 1893 3331 exigit

302 3356 518 3410 virtutis
539 3369 881 3418 mensuram;
912 3353 1008 3409 sed
1055 3354 1255 3424 primos
1284 3354 1513 3409 libenter
1549 3355 1772 3424 recipit,
1802 3370 1890 3409 se-

300 3449 511 3504 cundos
535 3463 641 3504 non
666 3447 829 3517 ejicit,
864 3447 1035 3502 tertiis
1060 3446 1152 3501 dat
1175 3447 1372 3501 locum.
1398 3446 1523 3500 Haec
1551 3461 1714 3516 porro
1741 3447 1889 3514 dicit,

302 3554 379 3595 ne
415 3546 602 3609 putent
640 3538 675 3592 ii
719 3538 810 3608 qui
841 3537 1014 3608 ipsum
1042 3546 1358 3607 sequuntur,
1387 3536 1569 3592 auditu
1617 3546 1892 3608 exceptam

300 3630 607 3687 doctrinam
630 3628 696 3684 ad
718 3627 941 3684 salutem
968 3643 1090 3683 esse
1111 3630 1259 3683 satis.
1290 3628 1395 3685 Sed
1421 3644 1538 3696 cur,
1569 3631 1759 3701 inquit,
1788 3647 1893 3685 non

299 3730 502 3779 cetera
532 3721 682 3792 ponit
703 3721 852 3787 vitia,
875 3729 933 3775 ut
953 3736 1235 3791 corporum
1263 3722 1772 3791 concupiscentiam,
1804 3738 1897 3778 va-

300 3829 435 3871 nam
479 3813 744 3885 gloriam?
769 3811 899 3869 Cum
926 3812 1123 3869 dixerit
1163 3813 1575 3870 sollicitudinem
1610 3814 1767 3886 hujus
1791 3831 1893 3872 sae-

301 3906 453 3972 culi,
485 3915 541 3961 et
566 3905 826 3961 fallaciam
851 3903 1175 3971 divitiarum,
1220 3905 1398 3960 omnia
1438 3907 1632 3976 posuit.
1680 3906 1812 3962 Nam
1844 3917 1899 3964 et

304 4014 446 4055 vana
470 4000 635 4069 gloria
662 4009 718 4053 ct
760 4006 952 4053 cattera
980 3997 1161 4052 omnia
1187 4006 1240 4053 et
1266 3996 1423 4067 hujus
1448 3998 1629 4054 saeculi
1658 4007 1816 4066 sunt,
1843 4010 1901 4055 et

302 4091 378 4147 ad
403 4090 705 4146 divitiarum
724 4090 985 4144 fallaciam
1006 4089 1185 4145 reduci
1212 4098 1452 4157 possunt;
1470 4090 1696 4161 exempli
1713 4105 1896 4160 causa,

303 4182 579 4253 voluptas,
598 4180 741 4251 gula,
770 4181 987 4246 invidia,
1019 4196 1153 4234 vana
1178 4182 1367 4251 gloria,
1390 4192 1445 4238 et
1473 4180 1667 4238 similia
1695 4180 1896 4241 Omnia.

304 4273 529 4331 Addidit
579 4282 756 4328 autem
786 4283 842 4329 et
866 4274 1008 4327 viam
1047 4282 1102 4329 et
1132 4284 1335 4344 petram
1356 4315 1372 4339 ,
1405 4282 1463 4329 ut
1506 4274 1754 4331 ostendat
1789 4292 1896 4332 non

306 4366 444 4421 satis
479 4381 599 4421 esse
627 4366 669 4419 si
697 4380 725 4419 a
754 4365 1099 4435 pecuniarum
1133 4381 1317 4422 amore
1359 4374 1560 4423 tantum
1603 4383 1702 4424 nos
1739 4384 1899 4440 expe-

305 4457 521 4512 diamus
541 4474 555 4520 ;
584 4457 677 4512 sed
703 4468 926 4513 czcteras
946 4474 1157 4528 quoque
1175 4460 1396 4515 virtutes
1411 4460 1738 4517 exercendas
1754 4476 1895 4517 esse.

314 4548 455 4618 Quid
485 4548 627 4604 enim
655 4548 907 4618 prodest,
953 4550 996 4603 si
1027 4549 1225 4606 divitiis
1255 4565 1360 4605 non
1385 4552 1589 4618 servis,
1618 4567 1784 4623 esque
1816 4562 1896 4607 ta-

310 4657 439 4697 men
464 4642 684 4713 ignavus
712 4650 766 4698 et
803 4642 1018 4697 mollis?
1040 4643 1187 4713 quid,
1218 4643 1265 4699 si
1303 4644 1523 4715 ignavus
1552 4660 1658 4700 non
1680 4648 1753 4701 sis
1780 4649 1899 4718 qni-

309 4734 474 4799 dem,
517 4735 613 4790 sed
653 4734 833 4805 segnis
861 4735 929 4789 ad
964 4735 1263 4790 doctrinam
1311 4737 1669 4793 audiendam?
1716 4738 1899 4809 Neque

310 4826 457 4881 enim
482 4825 693 4881 illorum
724 4842 890 4881 unum
916 4827 1046 4882 satis
1065 4838 1148 4882 est
1166 4828 1231 4883 ad
1256 4829 1515 4895 salutem;
1543 4829 1637 4884 sed
1666 4844 1799 4899 opus
1819 4840 1901 4886 est

312 4917 491 4987 primo
520 4917 770 4973 audiendi
798 4917 1104 4985 sedulitate,
1125 4918 1319 4975 deinde
1338 4920 1450 4991 jugi
1469 4921 1748 4990 memoria,
1776 4921 1899 4977 hinc

312 5010 436 5065 forti
464 5012 665 5075 animo,
695 5009 1000 5066 divitiarum
1042 5026 1250 5068 necnon
1282 5014 1619 5069 saecularium
1659 5017 1896 5069 omnium

318 5112 650 5173 contemptu.
676 5101 800 5159 Ideo
827 5105 970 5159 enim
996 5104 1240 5161 audiendi
1271 5105 1503 5160 studium
1532 5106 1705 5175 primo
1730 5108 1896 5176 ponit,

314 5193 612 5265 deindeque
640 5203 856 5263 czetera,
874 5196 996 5266 quia
1018 5195 1119 5251 hoc
1148 5197 1319 5265 primo
1344 5206 1426 5252 est
1445 5212 1578 5266 opus
1607 5199 1897 5271 (Quomodo

314 5288 446 5342 enim
466 5288 689 5353 credent,
718 5287 817 5341 nisi
842 5288 1055 5342 audiant
1089 5287 1264 5361 [Rom
1294 5288 1381 5344 l0.
1412 5287 1539 5361 ﬂ]?
1565 5300 1623 5344 ut
1650 5304 1749 5346 nos
1768 5307 1899 5362 quo-

315 5396 420 5449 que
466 5381 569 5435 nisi
598 5379 756 5435 dictis
785 5379 1122 5435 attendamus
1148 5422 1163 5446 ,
1212 5395 1316 5436 non
1348 5382 1642 5452 poterimus
1679 5398 1741 5438 ea
1780 5398 1899 5453 quae

317 5472 522 5541 agenda
572 5481 699 5529 sunt
748 5472 1029 5544 ediscere)
1063 5472 1302 5529 :deinde
1344 5474 1504 5528 animi
1536 5473 1897 5530 fortitudinem

319 5565 465 5631 ponit
487 5573 543 5621 et
568 5579 745 5620 rerum
773 5564 1119 5636 praesentium
1144 5573 1529 5635 contemptum.
1552 5565 1678 5621 Hac
1720 5566 1899 5637 itaque

320 5655 614 5726 audientes,
633 5672 730 5713 nos
746 5657 979 5728 undique
998 5658 1299 5713 muniamus
1321 5675 1335 5711 :
1365 5658 1520 5713 dictis
1539 5658 1896 5726 attendentes,

320 5748 500 5805 firmas
527 5750 798 5807 mittentes
814 5752 1043 5819 radices,
1068 5751 1516 5821 smcularibusque
1532 5751 1782 5807 omnibus
1801 5769 1900 5807 nos

322 5841 680 5911 expedientes.
707 5841 762 5900 Si
792 5852 967 5901 autem
991 5843 1091 5900 alia
1116 5840 1329 5915 quidem
1360 5841 1635 5911 faciamus,
1664 5843 1765 5898 alia
1797 5859 1892 5899 ne-

1237 387 1302 444 lN
1333 384 1743 444 MATTHEUM
1781 382 2009 441 llOMlL.
2051 384 2234 441 XLIV.
2276 387 2347 443 al.
2389 386 2547 444 XLV.

3462 397 3566 449 470

1978 496 2258 566 gligamus,
2310 498 2442 555 nihil
2493 498 2648 556 nobis
2674 501 2934 569 conferet,
2962 515 3025 557 ac
3051 503 3095 557 si
3121 518 3228 559 non
3254 504 3385 571 hoc,
3419 520 3568 563 certe

1977 589 2146 644 altero
2170 592 2329 647 modo
2353 592 2663 661 peribimus.
2681 594 2819 661 Quid
2852 595 2995 651 enim
3042 596 3238 663 refert,
3281 608 3457 653 utrum
3498 600 3568 655 ob

1978 684 2227 751 divitias,
2280 694 2460 741 utrum
2505 688 2575 743 ob
2600 687 2916 759 segnitiem,
2945 697 3123 743 utrum
3175 690 3245 744 ob
3288 690 3565 746 mollitiem

1980 792 2193 847 pessum
2244 782 2463 837 eamus?
2516 782 2649 837 Nam
2703 784 2937 854 agricola
2976 799 3129 854 atque
3157 785 3302 855 luget
3351 788 3394 840 si
3434 786 3565 847 hoc.

1980 884 2133 939 teque
2162 871 2207 926 si
2230 871 2322 926 illo
2350 873 2514 928 modo
2535 888 2718 929 semen
2746 874 2954 945 perdat.
2978 874 3055 929 Ne
3083 876 3261 947 itaque
3290 877 3432 947 quod
3454 894 3562 932 non

1979 976 2077 1030 per
2100 976 2289 1017 omnes
2314 963 2503 1018 modos
2531 978 2741 1035 pereas,
2775 964 2899 1020 hinc
2924 966 3344 1022 consolationem
3368 966 3566 1023 admit—

1982 1062 2085 1122 tas,
2117 1054 2211 1111 sed
2237 1070 2573 1127 quocumque
2605 1057 2820 1113 tandem
2861 1057 3023 1113 modo
3050 1073 3260 1129 pereas,
3288 1060 3429 1130 lnge.
3451 1059 3571 1129 Spi-

1982 1162 2079 1202 nas
2108 1148 2485 1203 comburamus
2509 1190 2524 1213 ,
2553 1164 2674 1219 quae
2703 1149 2925 1204 verbum
2956 1149 3237 1205 suffocant.
3274 1150 3329 1205 ld
3372 1159 3572 1205 norunt

1981 1238 2193 1305 divites,
2221 1239 2315 1309 qui
2340 1255 2511 1311 neque
2540 1240 2605 1295 ad
2630 1240 2763 1303 haec,
2789 1256 2962 1311 neque
2992 1242 3058 1295 ad
3084 1241 3187 1295 alia
3227 1251 3351 1296 sunt
3392 1242 3568 1297 utiles.

1982 1330 2134 1386 Servi
2177 1346 2406 1401 namque
2454 1339 2510 1387 et
2536 1333 2731 1402 captivi
2762 1333 3124 1402 voluptatum,
3181 1348 3247 1388 ne
3293 1333 3359 1388 ad
3396 1333 3570 1388 civilia

1984 1423 2196 1493 quidem
2243 1424 2451 1493 negotia
2480 1434 2601 1478 sunt
2634 1425 2824 1490 utiles;
2870 1425 2915 1479 si
2958 1439 3063 1480 non
3110 1425 3178 1480 ad
3226 1427 3352 1491 illa,
3402 1426 3572 1481 multo

1984 1514 2159 1573 minus
2200 1513 2267 1569 ad
2307 1515 2559 1569 caelestia.
2592 1515 2801 1586 Duplex
2829 1516 2972 1570 enim
3016 1516 3181 1587 pestis
3219 1516 3569 1587 cogitationes

1985 1622 2173 1662 eorum
2204 1607 2445 1673 invadit,
2473 1607 2785 1664 deliciarum
2830 1610 3033 1665 scilicet
3072 1619 3125 1664 et
3154 1609 3524 1665 sollicitudinis
3557 1629 3568 1663 :

1984 1714 2213 1769 quorum
2250 1699 2457 1770 singula
2499 1709 2722 1770 possunt
2767 1700 3018 1771 scapham
3068 1699 3402 1770 demergere.
3440 1698 3572 1755 Cum

1986 1801 2162 1847 autem
2188 1793 2345 1847 ambo
2369 1802 2716 1857 concurrunt,
2740 1794 2913 1865 cogita
2942 1804 3139 1865 quanta
3166 1795 3237 1849 sit
3264 1803 3571 1863 tempestas.

2057 1885 2109 1939 5.
2145 1884 2379 1939 Ciborum
2398 1885 2594 1940 delicia:
2620 1886 2995 1957 redarguuntur
3015 1927 3030 1952 ,
3058 1895 3233 1956 utpote
3276 1885 3575 1956 corporibus

1986 1985 2033 2030 et
2077 1976 2260 2031 animis
2288 1977 2527 2031 exitiosae.
2551 1976 2745 2032 —Nec
2788 1976 2999 2032 mireris
3040 1977 3083 2032 si
3123 1976 3344 2032 delicias
3391 1976 3572 2046 spinas

1987 2080 2160 2126 vocet.
2194 2070 2272 2125 Tu
2324 2070 2489 2137 enim,
2518 2072 2638 2140 quia
2670 2070 2772 2125 hoc
2793 2069 2923 2125 vitio
2944 2070 3123 2124 ebrius
3153 2084 3231 2135 es,
3255 2069 3305 2123 id
3338 2069 3570 2139 ignoras:

1987 2165 2076 2235 qui
2119 2179 2249 2219 vero
2299 2164 2417 2219 sani
2467 2173 2612 2229 sunt,
2643 2171 2842 2218 norunt
2882 2177 2975 2217 eas
3014 2162 3381 2219 vehementius
3416 2177 3575 2231 quam

1988 2256 2168 2325 spinas
2192 2270 2459 2325 pungere:
2491 2254 2697 2310 delicia).
2720 2254 2837 2325 plus
2860 2269 3021 2324 quam
3040 2252 3429 2309 sollicitudines
3448 2253 3568 2307 ani-

1988 2362 2129 2401 mam
2152 2344 2496 2409 labefaciunt,
2523 2345 2901 2416 gravioresque
2930 2354 2986 2398 et
3029 2344 3241 2408 corpori
3286 2351 3341 2398 et
3383 2342 3575 2396 animae

1991 2439 2207 2510 pariunt
2231 2438 2467 2493 dolores.
2496 2436 2680 2508 Neque
2704 2438 2847 2491 enim
2879 2436 2998 2506 quis
3025 2436 3096 2490 ita
3118 2436 3385 2490 sauciatur
3410 2434 3573 2498 curis,

1990 2541 2051 2588 ut
2078 2534 2342 2587 satietate.
2396 2530 2621 2598 Quando
2649 2530 2791 2585 enim
2820 2531 2942 2600 quis
2970 2538 3023 2584 et
3062 2543 3255 2583 somno
3294 2528 3537 2598 privatus
3561 2570 3574 2589 ,

1992 2640 2056 2681 ac
2085 2623 2278 2695 capitis
2308 2632 2717 2694 temporumque
2746 2622 3081 2693 aegritudine,
3114 2632 3169 2677 et
3189 2621 3454 2676 viscerum
3480 2620 3578 2674 do-

1994 2719 2194 2774 loribus
2212 2717 2475 2773 distentus
2503 2716 2683 2781 fuerit,
2708 2716 2878 2785 cogita
2900 2723 3028 2784 quot
3048 2714 3213 2784 spinis
3242 2713 3357 2768 haec
3375 2713 3581 2782 graviu~

1992 2824 2050 2863 ra
2078 2808 2204 2861 sint.
2236 2808 2315 2862 Ae
2340 2805 2788 2876 quemadmodum
2818 2804 2987 2874 spinae
3007 2818 3341 2873 quacumque
3370 2817 3437 2857 ex
3467 2818 3580 2872 par-

2000 2908 2053 2953 te
2080 2899 2382 2969 capiantur,
2412 2912 2602 2951 manus
2630 2905 2910 2951 cruentant
2934 2912 2948 2949 :
2978 2896 3057 2950 sic
3080 2904 3135 2950 et
3159 2894 3367 2950 deliciae
3393 2894 3580 2964 pedes,

1994 3006 2207 3057 manus,
2228 2997 2409 3059 caput,
2438 2988 2645 3057 oculos,
2670 2996 2725 3043 et
2750 2988 2929 3042 omnia
2960 2987 3172 3043 demum
3196 2986 3436 3042 membra
3464 3002 3583 3056 pes-

1994 3082 2267 3149 sumdant,
2306 3081 2520 3153 illaaque
2578 3082 2743 3137 aridae
2791 3079 3246 3150 infructuosaeque
3274 3088 3399 3135 sunt
3441 3079 3581 3133 sicut

1996 3175 2188 3244 spinre,
2217 3182 2273 3229 et
2301 3174 2471 3245 magis
2498 3188 2655 3244 quam
2686 3172 2792 3227 illa:
2819 3179 3015 3227 nocent
3040 3172 3093 3226 in
3116 3171 3421 3242 prazcipuis.
3446 3171 3578 3225 Nam

1996 3275 2050 3321 et
2069 3275 2397 3321 senectutem
2423 3274 2548 3320 ante
2579 3274 2789 3334 tempus
2818 3263 3093 3328 inducunt,
3127 3277 3320 3318 sensus
3345 3263 3583 3332 sopiunt,

1996 3357 2376 3427 cogitationem
2403 3356 2641 3411 tenebris
2665 3353 2986 3418 offundunt,
3028 3363 3262 3409 mentem
3309 3362 3464 3409 acute
3507 3355 3584 3407 vi-

1998 3442 2212 3497 dentem
2242 3450 2536 3507 excaecant,
2561 3440 2840 3496 ﬂaccidum
2869 3454 3067 3510 corpus
3088 3438 3366 3506 efficiunt,
3419 3441 3585 3509 majo-

1999 3549 2112 3591 rem
2135 3542 2429 3590 stercorum
2457 3534 2664 3603 copiam
2694 3534 3029 3599 recondunt,
3089 3531 3226 3586 mala
3254 3540 3547 3601 congerunt
3571 3573 3585 3596 ,

2000 3630 2173 3702 majus
2197 3644 2334 3685 onus
2355 3638 2409 3685 et
2432 3628 2643 3701 pondus
2671 3627 2904 3683 faciunt:
2954 3626 3079 3682 hinc
3099 3625 3400 3697 frequentes
3432 3640 3587 3681 casus

1999 3732 2054 3779 et
2078 3720 2267 3787 ruinae,
2297 3720 2461 3775 multa
2486 3718 2922 3789 naufragia.Cnr,
2949 3733 3153 3789 qumso,
3181 3732 3376 3786 corpus
3397 3716 3589 3786 impin-

2001 3814 2176 3886 guas?
2204 3815 2288 3868 An
2311 3822 2362 3868 te
2389 3812 2715 3867 immolaturi
2739 3813 2965 3867 sumus?
2990 3827 3057 3866 an
3086 3812 3139 3866 in
3166 3826 3347 3867 mensa
3378 3812 3589 3880 apposi-

2002 3904 2827 3975 turi?AvesreCIeimpinguas;
2878 3904 2988 3958 imo
3051 3919 3119 3959 ne
3155 3918 3286 3959 aves
3336 3902 3589 3972 quidem:

2001 4014 2125 4056 cum
2161 3998 2305 4055 enim
2362 3999 2586 4069 pingues
2638 4006 2797 4063 sunt,
2850 3996 2917 4052 ad
2964 4012 3152 4052 sanum
3195 3995 3385 4051 edendi
3436 4010 3589 4050 usum

2002 4101 2127 4147 sunt
2146 4089 2380 4163 inutiles.
2412 4090 2641 4144 Tantum
2674 4089 2876 4145 malum
2926 4096 3010 4144 est
3060 4088 3300 4144 ciborum
3349 4088 3595 4158 voluptas

2002 4185 2191 4251 nimia,
2220 4192 2278 4239 ut
2297 4183 2456 4239 etiam
2485 4183 2537 4237 in
2567 4183 2737 4238 brutis
2762 4182 3063 4253 perniciosa
3095 4181 3185 4236 sit.
3212 4179 3343 4233 Nam
3389 4179 3477 4233 illa
3504 4194 3593 4232 sa-

2003 4277 2219 4333 turitate
2248 4276 2410 4330 nimia
2448 4284 2502 4330 et
2523 4274 2625 4329 sibi
2653 4283 2708 4329 et
2728 4274 2885 4329 nobis
2930 4273 3132 4328 inutilia
3163 4272 3443 4327 efﬁcimus.
3494 4270 3593 4327 Sn-

2004 4368 2332 4440 perlluitates
2380 4369 2575 4437 quippe
2616 4365 2914 4436 indigestac,
2944 4375 2998 4420 et
3018 4364 3233 4420 humida
3257 4365 3481 4434 putredo
3526 4364 3596 4419 ab

2004 4459 2092 4513 illa
2120 4458 2289 4513 oritur
2330 4456 2665 4528 pinguedine.
2704 4456 2835 4523 Qua:
2887 4471 3013 4510 vero
3056 4456 3304 4509 animalia
3359 4470 3468 4511 non
3521 4457 3591 4509 ita

2006 4551 2242 4616 aluntur,
2275 4549 2369 4604 sed
2399 4550 2549 4620 quasi
2589 4549 2835 4619 jejunant
2862 4558 2915 4605 et
2946 4549 3210 4615 laborant,
3249 4550 3335 4604 illa
3378 4559 3523 4605 certe
3543 4560 3595 4605 et

2004 4642 2104 4697 sibi
2133 4651 2191 4696 et
2214 4641 2332 4694 aliis
2354 4641 2632 4695 utilissima
2660 4648 2803 4705 sunt,
2838 4649 2947 4694 tum
2992 4640 3061 4695 ad
3105 4640 3307 4707 cibum,
3365 4651 3475 4696 tum
3527 4642 3593 4695 ad

2003 4733 2106 4786 alia
2131 4732 2309 4787 omnia
2346 4750 2359 4785 :
2398 4732 2593 4801 quique
2636 4731 2699 4785 iis
2745 4740 3066 4797 vescuntur,
3110 4733 3341 4788 firmiore
3367 4732 3613 4803 gaudent.

2004 4822 2329 4884 valetudine;
2366 4824 2455 4892 qui
2481 4831 2659 4877 autem
2702 4822 3090 4893 pinguioribus,
3114 4823 3244 4894 ipsis
3276 4824 3480 4879 similes
3508 4823 3588 4879 fa-

2004 4918 2099 4982 cti,
2133 4916 2394 4971 tardiores
2427 4928 2569 4982 sunt,
2603 4916 2818 4982 infirmi,
2869 4916 3111 4988 duroque
3155 4919 3366 4975 vinculo
3423 4920 3588 4989 ligati.

2005 5010 2141 5063 Nihil
2168 5011 2309 5063 enim
2354 5010 2424 5063 ita
2468 5011 2678 5079 corpori
2719 5011 2935 5065 noxium
2968 5020 3027 5066 ut
3054 5011 3294 5068 ciborum
3342 5012 3582 5067 delicim:

2005 5104 2135 5158 nihil
2166 5103 2236 5157 ita
2288 5103 2487 5173 rumpit
2521 5111 2577 5157 et
2600 5102 2776 5157 obruit
2805 5104 2974 5173 ipsum
2996 5145 3010 5169 ,
3063 5112 3122 5157 ut
3150 5104 3429 5173 ingluvies.
3471 5104 3595 5159 ldco

2006 5195 2129 5251 hinc
2152 5196 2383 5249 maxime
2424 5193 2637 5249 illorum
2682 5196 2959 5251 stultitiam
3003 5197 3124 5266 quis
3168 5198 3411 5262 miretur;
3454 5200 3617 5267 quod?

2004 5304 2112 5343 non
2132 5288 2237 5343 sibi
2267 5294 2487 5358 parcant
2513 5296 2570 5341 ut
2593 5290 2771 5343 caeteri
2801 5288 3027 5344 utribus.
3054 5288 3185 5343 Nam
3208 5290 3298 5359 qui
3323 5291 3442 5346 vina
3468 5306 3596 5344 ven-

2008 5380 2160 5444 dunt,
2192 5380 2379 5433 nolunt
2403 5378 2526 5449 plus
2546 5394 2701 5449 :cquo
2722 5379 3111 5449 utresimplere
3134 5422 3149 5446 ,
3195 5396 3261 5436 ne
3296 5391 3545 5451 rumpant
3580 5402 3590 5435 :

2006 5474 2060 5528 hi
2076 5488 2204 5529 vero
2217 5473 2471 5527 miserum
2495 5481 2759 5539 ventrem,
2788 5488 2855 5527 ne
2880 5471 2979 5526 hac
3004 5472 3216 5542 quidem
3232 5488 3359 5528 cura
3376 5473 3593 5544 dignum

2005 5576 2252 5631 censent;
2282 5566 2373 5621 sed
2401 5575 2680 5636 postquam
2712 5566 2861 5621 illum
2886 5568 3395 5639 impleverintatque
3420 5584 3597 5638 rupe-

2006 5663 2134 5727 rint,
2154 5675 2319 5730 usque
2342 5659 2407 5713 ad
2433 5672 2612 5724 aures,
2634 5674 2810 5724 nares,
2835 5660 3012 5717 fauces
3034 5662 3157 5716 vino
3177 5662 3407 5731 replent,
3424 5662 3597 5732 dupli-

2006 5766 2121 5806 cem
2152 5752 2273 5805 hinc
2295 5750 2561 5819 parientes
2579 5752 2897 5819 angustiam,
2918 5760 2973 5807 et
2992 5753 3221 5823 spiritui,
3241 5762 3296 5809 et
3311 5755 3359 5808 vi
3384 5754 3459 5809 illi
3477 5770 3595 5824 qua:

2014 5842 2213 5899 animal
2244 5852 2411 5899 totum
2437 5842 2765 5899 moderatur.
2792 5844 2871 5900 An
2906 5844 3025 5901 ideo
3062 5844 3155 5901 tibi
3193 5856 3373 5917 guttur
3413 5848 3593 5905 datum
