4074 6358
500 316 598 371 lt?!
1245 327 1300 384 S.
1340 325 1617 383 JOANNIS
1654 324 2128 382 CHRYSOSTOMI
2164 327 2476 385 ABCHIEP.
2519 329 3052 390 CONSTANTINOP.

493 457 599 514 est,
639 463 695 500 ut
723 460 892 516 usque
918 442 984 496 ad
1010 457 1075 498 os
1119 440 1254 497 illud
1275 441 1401 495 vino
1425 441 1652 510 aliisque
1675 440 1943 509 corruptis
1969 453 2083 492 ma-

501 542 654 598 teriis
700 537 957 608 repleas?
1004 535 1125 590 Non
1175 534 1297 590 ideo
1324 533 1508 588 datum
1549 542 1635 588 est
1658 572 1673 597 ,
1702 547 1736 586 o
1763 531 1926 586 homo
1947 571 1962 595 ,
1993 530 2088 585 sed

499 634 768 706 praecipue
793 640 850 686 ut
875 632 984 686 Deo
1002 643 1184 692 canas,
1230 637 1285 683 et
1309 641 1490 682 sacras
1521 639 1710 696 preces
1735 625 1946 680 emittas
1969 665 1984 688 ,
2013 623 2090 678 Ie-

504 742 600 798 ges
626 726 834 782 divinas
854 725 1018 794 legas,
1051 721 1378 792 eonsiiiaque
1398 719 1494 774 des
1517 719 1762 788 proximo
1787 719 2084 787 profutura.

502 821 586 876 Tu
615 834 742 875 vero
775 817 924 887 quasi
970 816 1059 870 illa
1087 823 1290 868 tantum
1317 811 1386 867 de
1409 826 1571 866 causa
1597 811 1776 865 datum
1805 820 1985 875 esset,
2019 824 2088 863 ne

502 911 784 966 minimum
830 905 1047 979 quidem
1100 905 1236 959 sinis
1288 904 1460 972 ipsum
1483 901 1781 956 ministerio
1799 915 2088 956 sacroser-

502 1003 639 1070 vire,
672 1000 767 1057 sed
793 1008 958 1054 totam
985 998 1147 1052 vitam
1179 997 1303 1050 huic
1335 996 1582 1065 pessima:
1609 994 1852 1050 servituti
1898 991 2085 1046 tradis.

500 1096 580 1149 Ac
630 1089 1079 1162 quemadmodum
1109 1088 1156 1143 si
1201 1087 1320 1157 quis
1348 1085 1608 1142 citharam
1652 1099 1873 1140 sumens
1905 1083 2087 1138 aureis

500 1185 694 1240 fidibus
739 1189 1070 1252 compactam
1095 1222 1112 1248 ,
1151 1194 1215 1234 ac
1257 1179 1478 1249 pulchre
1531 1176 1937 1241 concinnatam,
1979 1189 2087 1230 non

499 1277 565 1330 ad
593 1275 806 1331 dulcem
833 1273 1254 1329 modulationem
1283 1269 1538 1340 pulsaret,
1579 1267 1674 1323 sed
1702 1267 1828 1322 ﬁmo
1856 1267 2086 1336 repleret

498 1383 562 1423 ac
583 1368 697 1422 luto
735 1383 750 1420 :
801 1365 880 1421 sic
908 1375 965 1421 et
1003 1363 1055 1416 hi
1086 1362 1308 1417 faciunt.
1342 1360 1552 1415 Fimum
1580 1374 1716 1414 voco
1740 1374 1848 1412 non
1871 1359 2082 1423 cibum,

499 1461 597 1517 sed
625 1459 848 1516 delicias
867 1500 884 1525 ,
930 1465 985 1513 et
1014 1457 1160 1511 illam
1191 1463 1392 1509 tantam
1423 1452 1909 1536 intemperantiam.
1951 1451 2087 1505 Nam

497 1553 641 1624 quod
670 1559 820 1607 extra
847 1551 1220 1605 necessitatem
1243 1557 1347 1612 est,
1375 1561 1478 1600 non
1509 1546 1680 1608 cibus,
1713 1543 1806 1598 sed
1835 1543 1950 1597 lues
1980 1552 2082 1597 est.

501 1648 698 1704 Venter
723 1645 867 1702 enim
892 1644 959 1699 ad
984 1645 1235 1698 alimenta
1263 1643 1436 1696 solum
1459 1638 1770 1710 accipienda
1792 1637 1949 1692 datus
1969 1646 2082 1702 est;

504 1756 569 1798 os
602 1749 659 1796 et
698 1741 879 1795 fauces
905 1747 959 1793 et
1003 1737 1179 1807 lingua
1203 1747 1254 1791 et
1272 1735 1338 1790 ad
1363 1733 1464 1788 hoc
1490 1744 1546 1789 et
1569 1733 1638 1787 ad
1669 1733 1773 1786 alia
1801 1731 1886 1786 his
1917 1732 2087 1801 magis

496 1832 834 1890 necessaria:
865 1830 1140 1899 multoque
1180 1827 1350 1898 magis
1371 1841 1545 1896 neque
1588 1833 1772 1878 venter
1816 1823 1883 1878 ad
1930 1823 2085 1877 cibos

495 1926 735 1997 quolibet
773 1923 934 1979 modo
953 1922 1332 1992 excipiendos,
1375 1919 1470 1974 sed
1518 1917 1822 1974 moderatos
1852 1925 2079 1974 tantum.

472 2019 662 2091 ,ldque
685 2018 924 2076 ostendit
949 2018 1088 2088 ipse,
1119 2015 1248 2070 dum
1277 2013 1423 2068 mille
1450 2012 1625 2068 modis
1650 2012 1884 2076 clamat,
1908 2026 2082 2080 quan-

3682 344 3784 399 4‘73

2197 443 2393 497 clamat
2411 443 2612 511 solum,
2645 445 2742 501 sed
2767 448 2930 502 etiam
2955 448 3009 502 id
3031 450 3183 518 quasi
3199 451 3452 520 iujuriam
3486 455 3783 525 ulciscitur,

2191 543 2566 607 extremasque
2611 541 2845 609 reposcit
2895 555 3103 610 pinnas.
3137 542 3317 599 Primo
3364 545 3530 615 pedes
3581 552 3783 618 punit,

2191 626 2283 696 qui
2311 642 2409 682 nos
2433 627 2501 683 ad
2547 630 2665 684 illas
2705 632 2969 702 pessimas
3017 632 3305 703 deportant
3341 638 3559 706 epulas:
3588 639 3785 696 deinde

2193 736 2384 776 manus
2409 722 2558 792 ligat,
2582 724 2725 793 quod
2750 733 2825 779 tot
2853 733 2913 781 et
2934 736 3079 781 tanta
3098 728 3405 785 ministrent
3429 749 3441 782 :
3491 731 3784 787 multorum

2191 813 2352 866 etiam
2379 827 2442 868 os
2469 813 2753 869 distortum
2785 816 2921 882 fuit,
2968 817 3112 872 oculi
3150 830 3207 874 et
3235 830 3398 890 caput
3438 821 3782 881 laborarunt.

2189 906 2270 959 Ac
2296 904 2457 958 veluti
2484 917 2690 973 servus,
2717 921 2841 961 cum
2860 908 2986 978 quid
3007 909 3150 964 vires
3169 911 3435 966 excedens
3459 927 3620 982 agere
3641 927 3784 982 pra:-

2191 995 2404 1064 cipitur,
2438 996 2691 1052 eﬂ'eratus
2719 1013 3118 1069 nonnumquam
3149 1001 3431 1070 imperanti
3475 1005 3780 1061 maledicit:

2190 1089 2269 1143 sic
2283 1097 2338 1144 et
2363 1098 2550 1144 venter
2572 1091 2676 1144 vim
2709 1104 2915 1160 passus,
2946 1105 3066 1148 cum
3091 1093 3174 1147 bis
3203 1094 3460 1149 membris
3485 1096 3651 1151 etiam
3675 1112 3775 1152 ee-

2191 1177 2408 1234 rebrum
2438 1195 2581 1250 smpe
2611 1180 2901 1236 labefactat
2937 1191 2994 1238 et
3039 1182 3234 1252 perdit.
3280 1183 3536 1255 Deusque
3577 1187 3784 1257 Optime

2192 1270 2446 1340 providit,
2471 1281 2528 1326 ut
2547 1288 2614 1326 ex
2639 1273 2992 1329 immoderato
3020 1289 3119 1329 usu
3149 1284 3355 1330 tantum
3378 1275 3634 1332 damnum
3684 1295 3782 1334 ac-

2190 1362 2487 1434 cedat,quo
2505 1378 2626 1418 eum
2656 1364 2851 1420 lubens
2881 1364 3248 1435 philosophari
3278 1367 3536 1436 nolueris,
3568 1369 3655 1425 vel
3694 1371 3780 1425 iu-

2191 1456 2330 1511 vitus
2357 1456 2546 1511 saltem
2577 1471 2647 1512 ex
2668 1466 2813 1512 metu
2844 1466 3004 1512 tantae
3033 1459 3286 1527 perniciei
3320 1459 3594 1516 moderate
3617 1477 3781 1531 agere

2190 1541 2386 1596 discas.
2418 1541 2544 1596 Haec
2572 1556 2693 1596 cum
2719 1543 2971 1611 sciamus,
2990 1544 3229 1600 ciborum
3248 1544 3469 1600 delicias
3489 1546 3777 1615 fugiamus,

2190 1634 2657 1705 moderationique
2683 1635 3015 1702 studeamus,
3043 1645 3102 1691 ut
3129 1644 3185 1692 et
3211 1638 3453 1708 corporis
3475 1639 3780 1693 valetudine

2191 1725 2452 1791 fruamur,
2484 1735 2538 1780 et
2558 1727 2792 1782 animam
2814 1727 3124 1783 infirmitate
3145 1728 3294 1782 omni
3319 1728 3631 1796 liberemus,
3660 1730 3773 1783 sic-

2189 1833 2295 1888 que
2315 1817 2489 1872 futura
2511 1832 2904 1888 consequamur
2931 1818 3070 1874 bona
3093 1859 3109 1887 ,
3159 1819 3327 1890 gratia
3358 1828 3414 1875 et
3450 1819 3780 1890 benignitate

2193 1911 2402 1964 Domini
2455 1909 2626 1965 nostri
2681 1908 2809 1965 Jesu
2851 1910 3096 1978 Christi,
3153 1913 3240 1967 cui
3287 1912 3456 1982 gloria
3504 1921 3561 1968 et
3607 1913 3777 1981 impe-

2189 2003 2364 2070 rium,
2392 2017 2536 2058 nunc
2576 2012 2632 2059 et
2673 2019 2924 2074 semper,
2978 2014 3033 2061 et
3084 2006 3137 2060 in
3191 2007 3387 2062 saecula
3434 2007 3794 2064 saeculorum.

494 2111 566 2168 κιο
601 2111 705 2182 ipsi
758 2124 854 2181 per
899 2109 1037 2164 hanc
1087 2106 1303 2162 nimiam
1349 2105 1556 2173 copiam
1584 2116 1871 2167 uocemus;
1912 2117 2090 2172 neque
2192 2101 2384 2150 Anien.

1518 3365 1698 3426 FlNlS
1733 3365 1904 3426 TOMI
1935 3355 2482 3434 QUINQUAGESIMI
2513 3355 2811 3420 SEPTIMI.‘
2849 3423 2858 3431 ,
