4138 6186
166 5964 248 6050 ³)

698 553 1251 760 PIUS
1423 548 2066 751 PAPA
2210 545 3183 753 SEXTUS

1132 881 1554 944 CARISSIMO
1613 882 1695 943 IN
1756 880 2098 944 CHRISTO
2158 878 2377 939 FILIO
2440 874 2753 935 NOSTRO

1283 1044 1960 1159 VICTORIO
2031 1041 2601 1153 AMEDEO

1005 1252 1686 1338 SARDINUE
1788 1254 2129 1336 REGI
2231 1249 2881 1335 ILLUSTRI

1223 1430 1516 1480 SALUTEM
1558 1431 1636 1480 ΕΤ
1673 1432 2113 1482 APOSTOLIIIAM
2150 1430 2677 1482 BENEDICTIONEM.

404 1683 737 1755 Praeclara,
773 1700 955 1761 quam
984 1683 1052 1742 de
1081 1686 1287 1744 sancti
1312 1686 1583 1744 Maximi
1614 1685 2009 1745 Taurinensis
2042 1686 2312 1762 episcopi
2341 1685 2713 1764 eloquentia,
2747 1691 3060 1764 doctrina,
3088 1695 3580 1773 cirt.:tejamdiu

321 1789 527 1849 animo
569 1803 1056 1865 conceperamus,
1095 1787 1500 1859 existimatio,
1540 1804 1674 1847 cum
1706 1787 2071 1862 conﬁrmata
2103 1786 2167 1845 in
2197 1786 2323 1847 dies
2349 1832 2367 1863 ,
2407 1794 2708 1867 auctaque
2737 1790 3022 1866 majorem
3061 1792 3126 1851 in
3164 1795 3405 1854 modum
3434 1810 3581 1858 esset

324 1894 457 1946 tum
483 1905 550 1945 eo
588 1903 697 1944 nos
727 1884 983 1962 denique
1009 1883 1308 1959 adduxit,
1336 1892 1406 1943 ut
1439 1884 1511 1947 de
1534 1885 1707 1946 illius
1745 1883 2031 1961 operibus
2060 1886 2478 1961 illustrandis,
2512 1906 2878 1967 rursumque
2920 1894 2982 1951 in
3030 1894 3225 1954 lucem
3268 1895 3583 1958 hominum

321 1984 641 2067 efferendis
670 1986 1100 2062 cogitaremus.
1128 1985 1349 2062 Itaque
1378 1985 1494 2045 etsi
1521 1984 1855 2045 multarum
1889 2000 2118 2060 rerum,
2146 2002 2470 2065 earumque
2488 1990 2995 2066 gravissimarum
3021 1992 3446 2056 sollicitudine
3474 2016 3582 2057 ur-

322 2085 615 2161 gebamur
639 2105 661 2152 ;
697 2102 878 2145 curas
910 2092 1107 2145 tamen
1136 2094 1383 2145 nostras
1413 2084 1532 2145 huc
1558 2086 1741 2146 etiam
1773 2104 1893 2145 esse
1928 2072 2326 2163 conferendas
2353 2088 2712 2164 putavimus
2740 2107 2759 2145 :
2792 2108 2863 2148 ac
2886 2108 3079 2165 porro
3100 2092 3430 2168 jussimus,
3454 2097 3582 2172 egi-

324 2199 575 2259 musque
597 2181 831 2253 sedulo,
861 2190 931 2241 ut
962 2199 1127 2241 nova
1160 2184 1363 2242 sancti
1386 2183 1651 2261 ejusdem
1680 2184 1986 2244 antistitis
2014 2183 2464 2257 Homillarum,
2497 2186 2890 2259 Sermonum,
2924 2187 3335 2249 Tractatuum
3363 2193 3581 2269 editio,

325 2299 510 2359 eaque
536 2291 859 2356 accurata,
884 2280 1090 2361 quoad
1115 2281 1245 2360 ejus
1268 2283 1407 2360 ﬁeri
1427 2291 1658 2359 posset,
1686 2292 1870 2361 atque
1899 2282 2141 2359 elegans
2170 2290 2531 2359 pararetur.
2560 2283 2745 2343 Hanc
2775 2291 2844 2342 ut
2875 2286 3149 2363 perfecta
3176 2290 3585 2372 partibusque

321 2382 451 2441 suis
479 2380 758 2441 omnibus
780 2382 1025 2459 expleta
1054 2388 1230 2457 esset,
1262 2383 1556 2459 prxferre
1592 2383 1899 2442 voluimus
1930 2380 2132 2457 regale
2168 2382 2317 2439 Tua:
2351 2379 2701 2459 Majestatis
2745 2400 2987 2457 nomen,
3031 2394 3365 2463 propterea
3417 2393 3585 2468 quod

329 2484 541 2561 ipsam,
594 2484 652 2543 si
685 2483 786 2543 cui
822 2500 1113 2560 unquam,
1147 2482 1262 2544 tibi
1289 2491 1448 2542 certe
1493 2482 1605 2541 uni
1654 2480 1923 2541 omnium
1957 2479 2221 2539 maxime
2251 2478 2456 2539 deberi
2504 2480 2975 2542 arbitraremur.
3012 2482 3166 2543 Cum
3196 2486 3352 2546 enim
3399 2507 3467 2549 ea
3520 2493 3586 2551 in

332 2580 475 2640 urbe
516 2588 731 2649 natus,
763 2580 952 2653 altus,
984 2579 1276 2640 educatus
1319 2580 1427 2650 sis,
1460 2585 1642 2657 atque
1674 2576 1929 2654 imperio
1976 2576 2246 2654 potiare,
2301 2576 2405 2636 cui
2448 2575 2594 2636 urbi
2638 2577 2955 2638 Maximus
2987 2578 3142 2639 idem
3173 2581 3280 2641 diu
3309 2584 3585 2665 episcopi

322 2679 647 2757 prafuerit
680 2679 1014 2757 dignitate,
1036 2695 1332 2757 quamque
1362 2676 1653 2738 doctrina
1686 2674 2093 2744 instruxerit,
2121 2674 2574 2753 muniveritque
2599 2677 2922 2753 prxceptis
2950 2685 3003 2736 et
3032 2678 3346 2742 institutis
3372 2685 3586 2745 ortho-

325 2777 507 2838 doxa
534 2775 855 2854 religionis
890 2796 912 2835 :
944 2794 1195 2856 cumque
1238 2777 1319 2837 iis
1350 2774 1687 2854 majoribus
1717 2776 1801 2835 sis
1843 2781 2212 2853 prognatus,
2241 2774 2351 2852 qui
2389 2782 2512 2833 tam
2532 2783 2740 2834 sancte
2769 2775 3115 2838 doctrinam
3147 2783 3407 2843 eamdem
3428 2834 3445 2862 ,
3476 2806 3585 2845 ea-

325 2878 575 2955 demque
598 2877 891 2937 instituta
913 2878 1243 2946 coluerint,
1277 2893 1348 2935 ac
1373 2874 1565 2935 veluti
1592 2894 1627 2932 a
1651 2874 1936 2934 Maximo
1967 2872 2101 2949 ipso
2132 2871 2510 2949 didicerant,
2539 2880 2662 2931 tam
2690 2874 2926 2948 fuerint
2959 2875 3168 2939 devoti
3197 2878 3585 2963 devinctique

329 2978 685 3056 apostolica
718 2976 867 3046 sedi,
903 2984 971 3035 ut
997 2974 1163 3054 quod
1193 2993 1291 3034 eos
1323 2976 1581 3045 imitere,
1610 2973 1823 3034 solida:
1853 2973 2016 3049 Tibi,
2046 2991 2314 3053 veraque
2335 2974 2555 3052 gloria:
2583 2973 2773 3035 ducas
2799 2986 3097 3054 perpetuo
3122 2981 3457 3059 futurum,-
3490 3005 3585 3049 ec-

328 3077 469 3155 quis
496 3085 692 3154 neget,
725 3075 1032 3155 quidquid
1066 3074 1139 3133 ab
1170 3093 1236 3133 eo
1270 3074 1551 3134 antistite
1597 3082 1803 3133 ortum
1829 3073 1937 3148 sit,
1966 3073 2046 3133 ad
2075 3092 2325 3153 eumque
2365 3076 2698 3152 pertineat,
2741 3075 2808 3137 id
2843 3086 2899 3137 te
2941 3097 3084 3138 sane
3113 3098 3313 3157 posse,
3357 3094 3411 3146 et
3442 3105 3584 3149 vero

329 3173 541 3237 debere
555 3175 706 3254 jure
729 3175 991 3253 quodam
1023 3182 1129 3233 tuo
1159 3174 1477 3234 vindicare
1505 3174 1535 3230 ἵ
1565 3174 1708 3233 Jam
1740 3191 1881 3233 vero
1919 3192 2057 3234 cum
2085 3175 2258 3235 docti
2284 3196 2317 3234 α
2344 3176 2629 3237 Maximo
2654 3179 2919 3255 fuissent
2940 3181 3337 3258 Taurinates,
3362 3206 3585 3250 caven-

327 3278 476 3337 dum
508 3294 651 3346 esse,
682 3293 757 3334 ne
782 3275 934 3353 quid
956 3275 1160 3354 capiat
1190 3272 1544 3335 detrimenti
1569 3273 1716 3352 ﬁdes
1744 3273 1857 3351 (a),
1878 3274 2365 3355 manendumque
2381 3286 2712 3355 propterea
2736 3279 2801 3337 in
2821 3281 2971 3340 navi
2992 3299 3135 3347 esse,
3165 3285 3246 3343 ad
3277 3287 3457 3365 cujus
3473 3307 3585 3366 gu-

330 3377 661 3439 bernacula
700 3378 946 3450 Petrus,
986 3375 1176 3436 totius
1208 3374 1419 3452 operis
1457 3372 1800 3436 Christiani
1845 3389 2214 3452 compagem
2262 3375 2620 3451 molemque
2648 3378 2978 3438 continens
3017 3378 3099 3457 (b)
3123 3424 3139 3450 ,
3174 3382 3422 3453 sedeat;
3457 3394 3586 3447 tum

330 3473 697 3537 Sabaudicx
722 3474 922 3550 gentis
950 3473 1219 3542 comites,
1253 3472 1459 3546 duces,
1488 3489 1658 3549 reges
1688 3471 1974 3551 (quorum
2005 3490 2063 3530 es
2089 3472 2217 3550 ipse
2241 3482 2503 3549 augusta
2525 3476 2854 3550 progenies
2892 3497 2965 3538 ac
2991 3478 3177 3540 haeres
3208 3493 3279 3543 ut
3309 3486 3585 3563 imperii,

335 3575 422 3634 sic
445 3576 626 3635 etiam
661 3573 918 3632 virtutis
948 3591 1019 3631 ac
1061 3573 1339 3649 pietatis)
1374 3573 1645 3645 comites,
1694 3572 1968 3650 inquam,
2005 3571 2369 3634 Sabaudica:
2396 3574 2619 3649 gentis,
2653 3572 2859 3647 duces,
2892 3594 3058 3655 reges
3092 3582 3156 3640 id
3194 3584 3315 3643 sibi
3355 3605 3587 3648 summa

333 3691 458 3734 esse
484 3690 660 3750 opere
692 3671 1066 3743 enitendum,
1102 3672 1167 3731 in
1198 3690 1381 3750 eoque
1408 3670 1846 3731 elaborandum
1863 3670 2266 3749 judicarunt,
2304 3680 2372 3730 ut
2402 3672 2469 3731 in
2498 3670 2737 3730 ditione
2774 3675 3059 3731 universa
3098 3695 3207 3734 sua
3244 3679 3446 3739 locum
3472 3702 3584 3743 er-

327 3789 465 3848 νον,
497 3773 564 3831 in
597 3788 719 3848 quo
753 3769 1141 3845 consisteret,
1172 3787 1300 3828 non
1346 3769 1591 3828 haberet
1619 3791 1639 3837 ;
1667 3780 2091 3847 perstaretgue
2119 3772 2363 3846 integra
2407 3780 2588 3847 atque
2640 3772 3036 3851 incorrupta,
3071 3793 3250 3854 quam
3298 3783 3587 3847 cathedra

330 3868 510 3931 Petri
541 3866 810 3927 custodit
837 3883 907 3926 ac
932 3865 1257 3944 praedicat,
1297 3865 1653 3926 orthodoxa
1680 3867 1925 3944 religio.
1953 3867 2158 3942 Quare
2189 3886 2318 3926 non
2341 3871 2653 3947 prafectis
2682 3879 2940 3941 tantum,
2987 3875 3456 3962 vindicibusque
3484 3905 3585 3947 sa-

333 3984 586 4029 crorum
611 3984 729 4045 pro
760 3966 1020 4027 veritate
1039 3964 1537 4026 Christianorum
1566 3967 1945 4043 dogmatum,
1979 3984 2096 4044 pro
2124 3974 2364 4027 unitate
2391 3968 2712 4040 Ecclesiae,
2743 3988 2859 4047 pro
2888 3976 3255 4054 pontiﬁcum
3284 3982 3589 4058 dignitate

336 4069 826 4145 auctoritateque
862 4064 1246 4125 certantibus
1277 4065 1657 4141 adiumento,
1694 4068 2106 4147 praesidioque
2136 4070 2306 4147 fuere
2335 4091 2352 4137 .'
2388 4070 2491 4130 sed
2514 4079 2569 4130 ει
2598 4071 2868 4143 Ῐιωνεεεεν
2919 4092 3071 4151 quas
3104 4096 3241 4137 cum
3273 4092 3412 4140 αηίε
3467 4084 3547 4164 (ο)
3570 4130 3586 4156 ι

336 4176 465 4247 tum
489 4168 713 4229 seculo
743 4185 885 4239 1m,
918 4166 1222 4243 factiones
1250 4165 1600 4225 intulerant
1625 4169 2053 4235 sectariorum,
2086 4168 2284 4228 veluti
2319 4178 2544 4245 pestem
2578 4189 2606 4228 e
2639 4171 2766 4228 suis
2801 4172 3027 4248 ﬁnibus
3057 4176 3407 4256 depulsuri,
3454 4203 3588 4244 ma—

333 4285 491 4343 gnos
504 4266 813 4325 exercitus
831 4272 1271 4342 compararunt
1287 4261 1402 4342 (d),
1432 4271 1489 4321 et
1515 4276 1846 4339 equestrem
1867 4266 1985 4325 SS.
2007 4267 2309 4326 Mauritii
2332 4277 2383 4325 et
2414 4267 2641 4326 Lazari
2667 4271 2965 4346 ordinem,
2990 4276 3398 4348 probantibus
3419 4301 3590 4359 pon-

337 4368 607 4447 tificibus
646 4368 933 4427 maximis
958 4365 1065 4445 (ε),
1090 4367 1524 4433 instituerunt,
1553 4366 1792 4441 ingenti
1822 4367 2090 4443 pecunia
2124 4369 2185 4427 in
2219 4386 2370 4425 usus
2405 4369 2675 4445 equitum
2708 4369 3009 4431 collocata
3057 4374 3170 4451 (f),
3220 4380 3322 4437 cui
3346 4383 3589 4455 quidem

336 4466 551 4527 ordini
598 4469 690 4528 ita
736 4466 1044 4544 praefuere
1093 4481 1461 4542 magnorum
1512 4465 1953 4541 magistrorum
1996 4465 2435 4542 appellatione,
2482 4465 2804 4542 dignitate,
2849 4478 3180 4546 potestate,
3218 4472 3478 4544 virtute,
3519 4490 3585 4537 ut

333 4580 506 4624 nemo
535 4565 643 4641 sit,
674 4564 825 4643 quin
854 4581 931 4622 ex
966 4563 1117 4641 ipsis
1157 4564 1287 4641 peti
1311 4570 1597 4641 oportere
1625 4562 1899 4640 exempla
1925 4570 2104 4638 putet
2138 4561 2505 4639 vigilantiae,
2532 4564 2951 4639 fortitudinis,
2989 4567 3209 4643 studii,
3243 4568 3592 4630 alacritatis

330 4664 523 4740 ampli
528 4664 785 4743 ﬁcandae
816 4661 1170 4740 reipublicae
1191 4662 1418 4740 populi
1460 4661 1823 4735 Christiani,
1864 4661 2125 4730 tuendae,
2152 4660 2687 4738 propagandaque
2725 4662 3026 4723 doctrinm
3052 4664 3197 4742 ﬁdei
3227 4665 3543 4729 catholica:
3572 4719 3589 4747 ,

331 4782 406 4823 ac
431 4765 740 4840 primatus
767 4764 1058 4823 Romana:
1087 4761 1389 4822 cathedrw
1422 4761 1825 4839 defendendi;
1858 4761 2161 4838 simulque
2185 4768 2445 4828 statuat,
2481 4777 2689 4819 eorum
2720 4778 3009 4838 quemque
3028 4778 3141 4838 per
3173 4780 3234 4820 se
3262 4763 3443 4823 etiam
3473 4785 3590 4843 pa-

331 4879 498 4922 rasse
526 4862 646 4923 sibi
679 4863 863 4923 decus
880 4862 1379 4941 propugnatoris
1404 4861 1754 4938 religionis,
1783 4861 1952 4940 quod
1962 4863 2097 4941 jam
2122 4860 2528 4947 allmajoribus
2548 4863 2675 4921 suis
2698 4861 2944 4923 haberet
2967 4862 3448 4925 hereditarium.
3480 4868 3592 4932 Νε.

401 5049 479 5115 (a)
498 5046 770 5117 87,
797 5045 1063 5117 pag.46‘.’0,
1084 5054 1143 5117 et
1161 5045 1255 5117 ‘8“8,
1279 5058 1401 5114 pag.
1418 5043 1607 5117 62§,et
1631 5044 1700 5117 96
1718 5060 1901 5117 seqq"
2012 5041 2093 5117 [cf
2121 5043 2303 5117 etiam,
2328 5036 3012 5117 quzeaateﬁf‘Anzedeum
3038 5042 3076 5117 Υ
3099 5045 3589 5117 scripseratlnnoc.

365 5110 603 5186 33.655.
642 5110 816 5186 seqqf,
848 5110 902 5169 et
930 5115 1114 5169 homil.
1148 5114 1234 5181 45,
1266 5110 1387 5185 pag.
1420 5113 1547 5178 Μῦν,
1579 5123 1635 5168 et
1662 5116 1749 5179 47,
1782 5110 1929 5183 pag,
2014 5112 2099 5175 VI,
2123 5110 2411 5186 ibid.,pag.
2435 5112 2565 5186 201,Δ
2580 5121 2634 5167 et
2655 5110 2954 5186 Samuelem
2967 5110 3335 5186 _Guichenbn.,
3361 5115 3593 5172 Histoire

328 5127 447 5236 pag.
478 5127 603 5169 55.5.
642 5132 816 5186 seqq.,
848 5127 902 5169 et
930 5127 1114 5169 nonut.
1148 5127 1234 5181 43,
1266 5129 1387 5185 pag.
1420 5127 1547 5178 ιιι-ν,
1579 5127 1635 5168 et
1662 5127 1749 5179 ξι,
1782 5130 1929 5183 pag,
2020 5127 2099 5175 \1,
2123 5127 2272 5175 unm,
2291 5127 2411 5182 pag.
2435 5127 2557 5177 usus,
2580 5127 2634 5167 et
2655 5127 2954 5166 baxniuelem
2974 5127 3335 5181 uulcnenon.,
3361 5127 3589 5172 Histoire

366 5184 465 5259 46...
485 5194 591 5259 εξιρ-
649 5253 680 5259 ,-
1390 5207 1399 5217 ’
1454 5196 1519 5259 :9
1564 5195 1589 5232 '--
1764 5192 1849 5229 ἰε
1924 5198 1928 5209 ’
2014 5182 2219 5259 eam:
2240 5183 2593 5259 ἀρίαέῖοψξιε
2622 5184 2819 5259 esse"
2862 5181 2926 5235 άε
2957 5181 3171 5250 Savo“:
3202 5186 3353 5255 chaP-
3386 5186 3436 5252 9:
3468 5206 3589 5259 W9-

425 5239 475 5332 5)
506 5253 702 5332 ιὲυηῑίι-
839 5270 893 5323 ρο
920 5252 1021 5332 ιείεὶ
1048 5262 1426 5332 ses-24:!
1449 5253 1535 5332 μ
1554 5253 1732 5332 Ἀιδίίίξ
1751 5268 1902 5321 δείξει·
2014 5239 2103 5332 δεδι
2134 5260 2254 5332 φζέ
2272 5239 2783 5332 ἔνέςῷξῖείνὶὲητδέὲίὲ

427 5316 474 5392 c)
504 5322 700 5378 Confer
736 5316 942 5379 litteras
970 5316 1183 5376 Martini
1215 5322 1256 5375 V
1279 5323 1347 5376 ad
1385 5316 1666 5377 Saba’tidise
1696 5316 1905 5385 ducem,
2020 5322 2159 5392 ___(e)
2196 5316 2838 5392 Videflitterhsr'ﬁmgégii
2887 5321 3001 5378 XIII
3032 5322 3089 5376 P.
3125 5322 3220 5392 IL,
3268 5322 3418 5385 ibid.,
3471 5340 3588 5392 pag.

322 5379 429 5469 ειηζ
452 5379 603 5469 nso.
642 5393 821 5469 {frent}.
849 5394 913 5446 de
950 5392 1129 5469 illis}:
1164 5393 1524 5469 genealogique
1553 5394 1616 5447 de
1648 5393 1699 5446 la
1732 5379 1909 5469 rpgglé
2016 5379 2446 5469 §2i§qu:,_526
2474 5379 2674 5469 seqzng‘
2703 5379 2825 5456 ἕως
2860 5401 2916 5448 et
2957 5394 3160 5447 litteras
3185 5379 3449 5446 Clement.
3471 5379 3591 5451 'viia

317 5460 527 5517 inuison
554 5464 618 5535 de
647 5457 1311 5535 Savoie,ﬂpag_.‘274L'edit.
1344 5457 1607 5535 linguam,
1631 5480 1720 5517 an.
1748 5457 1903 5527 1660,

1202 5462 1311 5515 τάξι.
1344 5457 1607 5535 linguam,
1631 5480 1720 5517 an.
1748 5457 1903 5527 1660,
2015 5457 2377 5535 Ρηῌπέῦἰόη
2408 5457 2657 5535 pag2
2685 5476 2836 5535 seqq.

320 5545 376 5589 ιι
417 5540 547 5584 tum.
579 5530 621 5593 Ι,
653 5546 772 5599 pag.
807 5527 927 5592 46],
947 5527 1075 5596 167,
1104 5531 1227 5585 479.
1425 5527 1447 5535 ’
1593 5527 1604 5532 ⁷

2081 5527 2423 5599 (Πριῖοεοιή
2468 5528 2602 5599 XIII,
2635 5529 2688 5585 in
2719 5527 2823 5586 liii.
2863 5547 2951 5587 an.
2989 5528 3124 5585 1572
3167 5528 3329 5596 datis,
3356 5544 3476 5598 quae
3499 5544 3586 5585 ex-

398 5600 479 5671 (d)
511 5600 638 5657 Vide
659 5597 873 5654 litteras
899 5601 1120 5669 Eugenii
1141 5601 1228 5668 IV,
1262 5604 1412 5671 ibid.,
1445 5616 1568 5676 pag.
1602 5603 1722 5662 501.
1756 5599 1902 5658 Con-
2009 5597 2150 5654 stam
2174 5597 2324 5665 ibid.,
2350 5613 2470 5670 pag.
2506 5598 2622 5659 524.

691 5696 961 5755 ΡΑΤιιοι..
1011 5694 1199 5755 LVII.

3118 5689 3146 5748 1

234 5882 327 5975 ’\
