4138 6186
481 283 550 340 is
1923 273 2307 348 ramulo.
3238 267 3240 269 ’
3674 301 3740 354 to

479 406 682 461 autem
705 401 999 479 persaepe)
1033 419 1213 481 opus,
1262 403 1330 465 in
1369 403 1529 465 cives
1564 410 1829 480 egestate
1857 421 2102 482 pressos
2133 405 2396 482 largiter
2421 407 2666 484 argenti
2703 408 3064 470 contulerit.
3093 408 3243 473 Haec
3271 427 3407 472 cum
3437 411 3508 472 de
3539 413 3728 494 majo-

478 497 653 560 ribus
698 498 856 572 tuis,
896 499 1145 561 Victori
1194 499 1449 560 Amedee
1479 517 1627 576 rex,
1657 501 1944 573 dicimus,
1994 501 2066 561 de
2113 511 2168 564 te
2201 502 2490 579 dicimus,
2524 504 2702 583 cujus
2739 513 2829 563 tot
2865 505 3255 567 celebrantur
3285 515 3355 568 ut
3388 507 3740 586 religionis,

481 598 756 679 pietatis,
788 599 972 678 inque
1007 600 1231 661 tuenda
1256 600 1616 680 disciplina,
1650 602 2054 670 constantiae;
2084 603 2176 663 ita
2207 603 2570 679 clementiw,
2608 605 3016 684 beneﬁcentia:
3039 653 3055 683 ,
3100 608 3500 670 liberalitatis
3527 655 3544 680 ,
3578 625 3742 687 prce-

482 699 695 759 sertim
723 700 793 758 in
822 700 1075 759 miseros
1103 707 1492 778 argumenta,
1521 708 1594 760 ut
1621 699 1838 760 tulisse
1872 717 2210 778 nunquam,
2241 702 2411 763 vinci
2457 709 2514 761 te
2543 703 2775 762 virtute
2801 703 2873 762 ab
2920 723 3129 764 eorum
3154 707 3287 768 ullo
3319 706 3582 766 videare.
3627 708 3744 766 l'e—

483 806 824 858 rumtamen
852 815 926 858 ne
959 797 1071 859 illa
1099 798 1464 876 singulatim
1497 800 1937 878 aggrediamur
1963 843 1980 871 ,
2012 800 2423 879 distincteque
2466 801 2826 876 describere,
2875 804 3133 881 impedit
3176 813 3524 884 perspecta,
3561 814 3750 884 atque

485 899 814 976 explorata
832 897 1016 958 nobis
1037 897 1338 959 modestia
1366 898 1709 976 singularis
1741 909 1872 969 tua,
1897 915 2078 976 quam
2099 915 2172 957 ne
2202 897 2343 959 ιωάὶ
2366 897 2691 970 arbitrere,
2717 900 2965 977 privari
3002 908 3058 960 te
3091 903 3306 979 potius
3338 901 3536 962 debito
3571 901 3745 961 testi-

487 998 693 1058 monio
714 998 1044 1075 patiemur.
1068 998 1313 1057 Interea
1337 999 1564 1074 cernis,
1593 1016 1885 1076 quorsum
1907 1007 2126 1057 nostra
2147 998 2270 1058 haec
2302 999 2500 1058 omnis
2532 999 2746 1059 evadat
2771 1001 3002 1060 oratio.
3033 1002 3291 1062 Scilicet
3321 1021 3457 1062 cum
3485 1011 3650 1061 recta
3675 1000 3741 1061 in

487 1098 779 1159 doctrina
795 1096 1344 1177 religionis,inque
1370 1099 1708 1175 disciplina
1729 1118 1969 1159 morum
1995 1099 2312 1160 institutio
2335 1099 2625 1160 traducta
2649 1101 2712 1161 in
2731 1109 3016 1179 posteros
3038 1101 3396 1178 vigilantia,
3423 1099 3746 1175 diligentia

486 1197 717 1269 labore,
751 1214 940 1276 opera
962 1199 1164 1259 sancti
1185 1199 1461 1260 Maximi
1483 1201 1711 1277 fuerit;
1734 1200 1995 1280 indeque
2013 1218 2126 1279 per
2149 1201 2412 1279 majores
2437 1209 2576 1260 tuos
2594 1200 2661 1259 in
2688 1209 2742 1259 te
2772 1201 2970 1278 ipsum
2994 1201 3081 1262 ita
3102 1200 3394 1272 manarit,
3425 1207 3489 1257 ut
3515 1215 3747 1257 summa

483 1317 721 1377 semper
747 1300 1060 1373 cautione,
1093 1318 1228 1378 ope,
1261 1301 1472 1360 studio
1501 1308 1744 1361 servata
1785 1302 2055 1378 integra,
2103 1309 2285 1378 atque
2320 1299 2650 1360 incolumis
2679 1300 2787 1376 sit,
2817 1300 3169 1377 servarique
3196 1305 3412 1375 pergat
3439 1317 3458 1366 ;
3501 1295 3565 1355 id
3598 1303 3744 1354 tan-

487 1400 616 1459 dem
648 1416 982 1476 superesse,
1022 1406 1090 1458 ut
1122 1416 1254 1476 quae
1285 1399 1336 1459 is
1373 1401 1631 1459 antistes
1665 1400 1922 1478 reliquit
1951 1407 2348 1459 monumenta
2380 1397 2640 1473 ingenii,
2677 1397 3053 1458 eruditionis
3077 1438 3094 1469 ,
3129 1396 3567 1474 sapientiwque
3597 1411 3744 1462 sate,

485 1516 557 1558 ea
591 1498 764 1576 juris
813 1515 936 1556 esse
986 1497 1080 1556 tui
1135 1496 1592 1556 existimentur.
1627 1495 1940 1570 Quocirca
1961 1493 2265 1572 ’illorum,
2315 1514 2446 1575 qua:
2484 1497 2748 1575 reperiri
2779 1495 3074 1556 hactenus
3101 1503 3470 1574 potuerunt,
3516 1493 3746 1569 omnia,

476 1597 665 1676 iussu
715 1603 961 1668 nostra,
1010 1596 1551 1668 annotationibus,
1601 1594 2178 1669 admonitionibus,
2223 1595 2593 1674 prwfatione
2642 1595 2986 1667 illustrata,
3042 1594 3292 1653 redacta
3344 1594 3411 1652 in
3466 1590 3748 1651 volumen

481 1709 680 1752 unum
706 1737 722 1767 ,
761 1693 1041 1770 typisque
1071 1710 1324 1768 excusa,
1383 1694 1492 1754 etsi
1526 1691 1640 1753 tibi
1667 1709 1796 1751 non
1833 1700 1955 1752 tam
1987 1692 2149 1752 dono
2185 1694 2448 1764 mittere,
2479 1709 2659 1770 quam
2694 1692 3022 1752 restituere
3053 1690 3408 1758 videamur;
3439 1686 3614 1750 nobis
3648 1695 3750 1747 ta-

478 1807 620 1848 men
651 1789 1005 1850 humanitas
1056 1790 1402 1868 singularis
1439 1796 1572 1866 tua,
1609 1797 1790 1870 atque
1838 1792 2082 1869 egregia
2113 1791 2182 1852 in
2229 1790 2634 1868 apostolicam
2680 1790 2877 1850 sedem
2911 1791 3226 1860 voluntas,
3263 1799 3318 1850 et
3357 1789 3748 1850 observantia

479 1889 852 1967 pollicetur,
884 1888 950 1948 id
982 1887 1288 1967 quidquid
1307 1897 1402 1948 est
1437 1888 1564 1949 sive
1591 1889 2042 1966 restitutionis,
2077 1889 2204 1949 sive
2234 1888 2417 1956 doni,
2455 1889 2651 1949 veluti
2679 1889 2982 1966 specimen
3015 1889 3323 1967 quoddam
3361 1889 3578 1947 summi
3606 1904 3749 1966 erga

479 1999 544 2048 te
568 1986 798 2063 studii,
830 1985 1378 2064 benevolentiaeque
1403 1993 1656 2059 nostra,
1691 1986 2012 2063 Majestati
2043 1989 2193 2046 Tum
2217 1995 2580 2063 pergratum
2607 1987 2766 2063 fore.
2801 1984 2986 2058 Quod
3019 2003 3153 2044 cum
3187 1982 3364 2043 nobis
3391 1985 3576 2061 plane
3599 1999 3751 2060 per-

487 2102 733 2146 suasum
759 2085 885 2151 sit;
925 2093 1053 2144 tum
1083 2083 1220 2155 tibi,
1256 2084 1624 2165 familiaque
1652 2087 1838 2162 regia:
1863 2086 2164 2147 universa:
2193 2094 2310 2145 tua:
2346 2085 2491 2145 bene
2517 2085 2790 2164 precati,
2840 2085 3322 2146 benedictionem
3345 2085 3750 2163 apostolicam

483 2181 899 2243 amantissime
934 2180 1346 2258 impertimur.

568 2283 792 2340 Datum
823 2280 1026 2338 Romce
1056 2279 1222 2354 apud
1245 2271 1541 2340 sanctam
1575 2281 1848 2345 Mariam
1881 2283 2186 2364 Majorem
2217 2299 2272 2343 v1
2305 2282 2443 2343 idus
2471 2281 2635 2344 Julii
2669 2299 2832 2342 anno
2863 2281 3084 2342 salutis
3117 2279 3266 2340 178lt
3290 2327 3306 2349 ,
3339 2283 3745 2358 pontiﬁcatus

478 2391 690 2439 διοεινι
727 2394 892 2436 anno
928 2394 966 2434 Χ
979 2420 991 2431 .

923 2534 1168 2543 m

535 2551 768 2565 ..σι-...ιο

3245 2533 3748 2565 :rm

1624 2596 1629 2601 ’
1729 2670 2499 2783 PR/EFATIO.

561 2959 698 3034 μιιι]
729 2959 773 3014 ~l.
816 2959 1027 3026 Quanto
1057 2959 1109 3012 in
1138 2957 1332 3026 pretio,
1359 2963 1667 3026 quantaque
1694 2956 1748 3008 in
1772 2954 2085 3008 celebritate
2105 2955 2353 3020 homilias,
2383 2970 2679 3022 sermones,
2723 2966 3025 3029 caeteraque
3063 2965 3317 3032 opuscula
3339 2965 3511 3019 sancti
3539 2962 3754 3020 Maximi

488 3050 834 3106 Taurinensis
881 3049 1118 3119 epiSCOpi
1156 3046 1372 3110 fuerint,
1406 3045 1632 3112 intelligi
1671 3060 1740 3098 ex
1767 3059 1833 3098 eo
1861 3043 2173 3112 cumprimis
2208 3052 2408 3113 potest,
2441 3045 2585 3113 quod
2608 3046 2697 3100 vix
2726 3047 2814 3102 ille
2841 3049 3123 3104 mortalem
3151 3051 3290 3106 hanc
3316 3051 3481 3105 vitam
3509 3067 3630 3106 cum
3657 3052 3756 3106 im-

490 3143 702 3198 mortali
731 3141 888 3211 plena
916 3139 1102 3208 gloritc
1130 3144 1504 3201 commntarat,
1537 3150 1657 3190 cum
1685 3134 1992 3189 Gennadius
2020 3135 2252 3202 scriptor
2277 3143 2333 3190 et
2356 3136 2674 3205 conspicuus
2695 3138 3009 3192 eruditionis
3029 3140 3205 3205 laude,
3229 3148 3284 3194 et
3309 3141 3528 3209 mqualis
3550 3150 3754 3212 tempo-

490 3249 606 3288 rum
628 3233 850 3287 illorum
874 3232 928 3284 in
957 3230 1111 3295 libro,
1143 3243 1303 3296 quem
1333 3227 1603 3296 inscripsit
1623 3225 1686 3277 de
1724 3225 1861 3278 Viris
1891 3222 2195 3288 illustribus,
2221 3239 2285 3278 ea
2308 3240 2414 3277 non
2443 3228 2771 3280 recensuerit
2801 3228 2980 3290 modo,
3011 3243 3194 3283 verum
3223 3229 3387 3283 etiam
3413 3231 3755 3285 commenda-

470 3322 578 3387 rit,
611 3321 774 3375 veluti
796 3319 863 3374 ab
889 3319 1110 3373 doctore
1141 3317 1400 3386 profecta,
1431 3315 1522 3384 qui
1546 3317 1676 3369 satis
1708 3316 1862 3386 fuerit
1917 3315 2148 3366 intentus
2173 3315 2227 3366 in
2256 3315 2444 3368 divinis
2474 3314 2780 3386 Scripturis,
2806 3327 2854 3371 et
2875 3319 3128 3388 sit/ﬁciens
3155 3323 3224 3373 ad
3251 3321 3536 3376 docendam
3560 3321 3753 3389 plebem

487 3426 553 3463 ex
582 3419 828 3475 tempore.
855 3407 1028 3475 Atque
1051 3407 1094 3460 is
1112 3399 1428 3459 Gennadius
1456 3403 1765 3458 earumdem
1792 3403 2149 3466 homiliarum,
2183 3405 2601 3474 eorumdemque
2629 3422 2931 3461 sermonum
2955 3416 3009 3463 et
3036 3410 3414 3478 opusculorum
3440 3427 3544 3466 non
3560 3425 3749 3480 pauca,

492 3499 658 3552 titulis
686 3499 923 3567 ipsorum
954 3494 1386 3564 argumentisque
1432 3493 1696 3557 indicatis,
1729 3494 1978 3547 distincte
2015 3497 2498 3562 commemoravit,
2531 3497 2734 3567 reliqua
2773 3500 3100 3568 generatim;
3141 3511 3428 3572 propterea
3475 3501 3615 3571 quod
3641 3502 3753 3557 haec

479 3589 774 3658 aliquando
791 3587 1000 3657 legisset
1026 3585 1260 3655 quidem,
1293 3585 1387 3639 sed
1414 3585 1632 3638 minime
1661 3585 1974 3638 retinuisset.

558 3681 620 3736 ll.
665 3681 867 3735 Horum
894 3681 1148 3748 deinceps
1170 3694 1293 3749 pars
1318 3693 1509 3746 magna
1539 3693 1660 3732 cum
1689 3678 1971 3732 commodo
1997 3677 2374 3743 Ecclesiarum,
2417 3681 2702 3749 separatim
2723 3682 2955 3736 exscribi
2973 3724 2988 3748 ,
3025 3697 3089 3737 ac
3115 3684 3302 3737 referri
3331 3685 3384 3737 in
3413 3684 3629 3740 codices
3648 3702 3753 3742 una

487 3772 645 3828 simul
674 3787 794 3826 cum
817 3771 977 3824 variis
1004 3770 1229 3822 aliorum
1270 3767 1490 3819 Patrum
1510 3769 1744 3820 homiliis
1771 3769 2214 3835 sermonibusque
2240 3769 2409 3821 multo
2449 3777 2572 3820 ante
2599 3776 2812 3821 aetatem
2852 3769 3028 3823 Albini
3064 3770 3262 3834 Flacci,
3295 3785 3388 3824 seu
3414 3770 3625 3826 Alcuini
3653 3774 3753 3829 Be-

490 3861 746 3916 nedictini
769 3857 1038 3922 monachi,
1071 3855 1354 3923 cmpisset;
1383 3853 1580 3907 factum
1627 3854 1751 3908 inde
1780 3857 1975 3924 partim
2005 3857 2308 3919 oscitantia,
2339 3856 2533 3926 partim
2562 3857 2828 3926 imperitia
2869 3859 3205 3913 librariorum
3234 3868 3336 3926 est,
3361 3869 3419 3914 ut
3443 3863 3527 3916 vel
3552 3863 3753 3918 nullum

485 3951 803 4023 praeferrent
829 3948 1063 4002 auctoris
1113 3960 1340 4011 nomen,
1385 3947 1470 4001 vel
1516 3946 1765 4011 aliorum,
1795 3962 1902 4000 non
1951 3945 2186 4011 Maximi,
2212 3946 2280 4000 ad
2325 3946 2650 4015 epigraphen
2697 3948 2913 4001 nomine
2948 3950 3212 4018 ascripto,
3264 3949 3750 4008 circumferrentur.

490 4040 669 4110 Quare
697 4039 750 4093 in
779 4038 863 4094 his
908 4035 1304 4105 dignoscendis,
1329 4036 1777 4104 secernendisque
1808 4039 1874 4092 ab
1903 4038 2112 4103 alienis,
2145 4053 2206 4092 ac
2233 4037 2466 4094 Maximo
2509 4038 2871 4107 restituendis,
2901 4040 3006 4096 dici
3048 4043 3132 4096 vix
3159 4050 3357 4112 potest,
3389 4052 3644 4113 quantum
3673 4045 3753 4099 in-

492 4130 812 4200 sumpserim
841 4126 1097 4197 temporis
1117 4140 1182 4182 ac
1199 4127 1416 4182 laboris.

1925 4276 2174 4354 PARS
2250 4278 2312 4352 Ι.

602 4432 843 4511 Quibus
870 4432 1250 4510 scriptorum
1273 4440 1326 4491 et
1365 4431 1646 4492 codicum
1674 4430 2072 4511 adiumentis,
2107 4440 2166 4493 et
2191 4451 2311 4513 quo
2343 4432 2560 4495 ordine
2593 4434 2674 4497 sit
2708 4431 2832 4494 haec
2861 4453 2900 4495 a
2935 4432 3112 4496 nobis
3150 4437 3423 4516 perfecta
3460 4438 3670 4503 editio.

561 4620 690 4694 [xxv]
728 4620 813 4674 ιιι.
857 4617 1127 4687 Principio
1155 4617 1534 4672 attendendum
1561 4632 1770 4673 summo
1797 4618 1926 4672 mihi
1947 4634 2112 4689 opere
2139 4634 2261 4676 esse
2284 4618 2435 4686 duxi,
2462 4621 2589 4690 quid
2618 4620 2821 4676 ferrent
2861 4621 2896 4675 ii
2924 4623 3014 4689 qui
3039 4623 3268 4678 antehac
3295 4624 3396 4679 sibi
3426 4625 3751 4683 edendorum

491 4713 661 4768 sancti
689 4710 928 4780 praesulis
956 4723 1178 4777 operum
1207 4722 1343 4762 onus
1372 4723 1661 4776 curamque
1690 4717 2053 4778 susceperant,
2087 4717 2142 4764 et
2161 4709 2354 4777 quibus
2382 4710 2742 4764 monumentis
2769 4709 3200 4782 argumentisque
3221 4711 3361 4780 (reti,
3392 4727 3578 4768 eorum
3604 4729 3753 4781 quae-

495 4805 620 4857 dam
648 4803 700 4856 in
728 4803 971 4870 genuinis
1009 4799 1366 4864 numeranda,
1397 4800 1499 4853 alia
1528 4809 1714 4856 contra
1745 4802 1797 4855 in
1828 4802 2112 4856 dubiorum
2143 4803 2496 4858 nothorumve
2517 4804 2743 4858 classem
2770 4802 3059 4872 rejicienda
3079 4820 3196 4860 esse
3217 4805 3537 4874 judicarant.
3569 4805 3750 4872 Itaque

497 4889 758 4948 editiones
782 4909 1004 4963 operum
1027 4891 1262 4958 Maximi,
1293 4900 1558 4961 quotquot
1585 4901 1782 4947 curatas
1804 4895 2063 4948 hactenus
2091 4893 2259 4958 fuere,
2289 4894 2422 4948 mihi
2444 4895 2679 4950 subsidio
2709 4895 3037 4964 comparavi,
3058 4912 3165 4950 non
3187 4912 3279 4949 eas
3305 4896 3476 4950 solum
3504 4909 3623 4964 quae
3649 4895 3750 4947 ho-
3773 4932 3780 4938 .

493 4984 672 5039 milias
700 4997 1083 5052 sermonesque
1105 5000 1311 5048 omnes,
1337 4984 1426 5052 qui
1457 4992 1582 5038 tunc
1611 4985 1928 5052 inquirendo
1965 4987 2191 5056 reperiri
2208 4994 2512 5055 potuerant,
2537 4986 2906 5053 continerent;
2937 4986 3029 5042 sed
3051 5002 3143 5041 eas
3170 4987 3327 5040 etiam
3356 5001 3474 5055 qua:
3507 4986 3750 5040 homilias

495 5075 753 5146 quasdam
781 5084 1122 5129 sermonesve
1150 5076 1354 5147 aliquot
1372 5076 1710 5141 exhiberem,
1729 5077 1819 5143 qui
1837 5077 1924 5131 vel
1954 5077 2296 5146 praetermissi
2326 5075 2394 5130 ab
2420 5077 2538 5131 aliis
2560 5076 2801 5140 fuissent,
2819 5076 2905 5130 vel
2925 5077 3139 5144 antiqua
3165 5074 3482 5130 collectione
3503 5076 3749 5145 quapiam

496 5163 1099 5236 comprehenderentur,
1123 5181 1282 5235 quam
1305 5167 1541 5222 editores
1569 5166 1672 5236 ipsi
1699 5166 2005 5235 superiores
2032 5175 2123 5220 aut
2149 5166 2406 5221 vidissent
2432 5182 2726 5236 nunquam,
2759 5173 2852 5220 aut
2875 5182 2942 5221 ex
2971 5175 3152 5220 vetere
3179 5164 3362 5219 codice
3389 5167 3566 5220 minus
3591 5181 3755 5222 accu—

497 5265 613 5313 rate
635 5255 929 5324 descriptas
955 5254 1388 5324 publicavissent.
1418 5256 1660 5326 Cumque
1699 5270 1906 5320 eorum,
1935 5255 2023 5323 qui
2056 5255 2212 5325 primi
2239 5257 2478 5310 omnium
2507 5255 2756 5310 homilias
2781 5255 2954 5308 sancti
2981 5253 3095 5322 ejus
3125 5253 3375 5308 antistitis
3408 5255 3545 5325 typis
3571 5256 3751 5324 vulga~

488 5355 644 5416 runt,
666 5346 970 5402 diuturnam
999 5343 1188 5398 iisdem
1215 5346 1522 5414 colligendis
1549 5361 1768 5418 Operam
1791 5353 2098 5410 navassent,
2126 5360 2288 5398 unum
2308 5345 2624 5398 Damianum
2652 5343 2970 5398 monachum
2999 5341 3400 5398 Benedictinum
3428 5345 3752 5400 Ascendicn-

496 5451 613 5496 sem
647 5437 809 5494 fuisse
835 5449 1172 5504 cognossem,
1201 5441 1362 5502 atque
1381 5437 1760 5504 comperissem
1781 5434 1897 5504 ejus
1925 5434 2322 5499 collectionem,
2346 5449 2505 5501 quam
2524 5435 2658 5501 ipse,
2692 5439 2986 5502 pncreptus
3013 5441 3204 5498 morte,
3226 5436 3472 5492 emittere
3503 5438 3554 5491 in
3586 5439 3753 5493 lucem

501 5529 833 5602 nequiverat,
865 5545 896 5585 a
923 5529 1131 5584 Joanne
1157 5526 1418 5599 Gymnieo
1439 5529 1635 5583 editam
1663 5530 1877 5584 demum
1905 5526 2066 5582 fuisse
2104 5525 2341 5581 Coloniae
2369 5540 2509 5579 anno
2535 5523 2691 5590 1555,
2722 5525 2788 5578 ad
2827 5539 2945 5579 eam
2970 5525 3382 5594 pervolvendam
3415 5530 3756 5596 studioseque

498 5622 871 5699 exponendam
899 5636 986 5678 me
1013 5618 1244 5686 contuli;
1277 5631 1341 5676 ac
1380 5617 1609 5689 legendo
1636 5618 1987 5676 animadverti
2017 5615 2148 5673 nihil
2189 5615 2244 5671 in
2273 5630 2338 5671 ea
2364 5629 2684 5683 comparare
2731 5615 3140 5670 annotationum
3188 5617 3449 5683 Damiani,
3479 5616 3573 5671 sed
3601 5617 3757 5689 hujus
