4138 6186
324 341 390 400 17
1768 334 2159 394 Μητιο,
3388 382 3391 383 ν
3544 341 3564 394 ί
3578 342 3611 395 8
3630 350 3635 353 ‘

324 454 446 511 ﬁeri
475 460 683 510 tantum
707 454 761 509 in
788 453 1011 525 epistola
1032 452 1360 508 dedicatoria
1384 467 1592 509 summa
1621 467 1741 508 cum
1772 452 1929 508 laude
1958 452 2309 515 mentionem,
2325 456 2616 520 propterea
2638 449 2785 519 quod
2809 447 3104 506 Ecclesiam
3133 448 3408 503 illustrarit
3433 455 3615 509 sancti

322 545 543 601 Maximi
574 544 920 599 Taurinensis
946 543 1217 613 operibus.
1246 543 1379 598 inde
1406 559 1531 599 cum
1581 545 1845 599 editiones
1869 542 2148 606 Galesinii,
2183 542 2466 613 Theophili
2506 542 2787 613 Raynaudi
2808 582 2822 607 ,
2870 542 3154 607 Gallandii,
3185 556 3444 612 perquam
3480 541 3607 598 dili-

323 645 515 704 genter
537 636 881 699 lustrassem;
911 649 1135 703 quaeque
1164 634 1381 689 Maximi
1406 635 1645 703 ejusdem
1674 643 2021 689 monumenta
2048 635 2248 703 ingenii
2295 634 2577 704 sejunctim
2607 650 2636 688 a
2667 635 2876 688 caneris
2905 632 3187 688 ediderunt
3231 632 3604 700 Combelisius,

324 731 561 786 Joannes
590 730 948 793 Mahillonius,
975 729 1277 784 Ludovicus
1302 729 1565 784 Antonius
1586 728 1929 793 Muratorius,
1958 727 2272 782 Edmundus
2300 727 2598 781 Martenius
2627 726 2785 798 (quid
2834 735 3015 780 autem
3042 740 3231 780 omnes
3274 739 3609 779 commemo-

325 825 480 879 rem?
497 824 540 893 ),
563 823 756 877 diurna
782 832 1152 890 nocturnaque
1175 838 1337 876 manu
1362 836 1692 887 versassem;
1724 821 1790 875 ad
1818 819 2017 889 scripta
2037 822 2276 874 virorum
2309 820 2592 873 illustrium
2610 856 2624 882 ,
2656 818 2895 873 historiae
2926 818 3232 885 criticzeque
3255 816 3387 869 artis
3405 815 3608 884 perito-

324 928 447 968 rum
477 912 804 982 perlegenda
833 912 1071 964 animnm
1091 910 1281 979 adjeci,
1312 912 1403 980 qui
1432 919 1580 966 certe
1600 911 1699 965 viri
1728 910 1795 965 de
1816 911 2090 981 Opusculis
2118 910 2290 965 sancti
2319 910 2459 965 illius
2486 908 2731 981 praesulis
2753 924 2860 963 non
2882 916 3107 978 egerunt
3131 908 3324 973 solum,
3356 907 3450 962 sed
3477 905 3611 975 quid

326 1006 490 1060 etiam
510 1003 752 1072 judicato
771 1004 842 1056 sit
870 1019 1005 1073 opus
1033 1005 1443 1058 constituerunt.

396 1095 484 1149 IV.
526 1096 584 1149 ln
605 1096 798 1149 horum
828 1102 954 1149 sunt
981 1111 1205 1150 numero
1230 1103 1351 1164 post
1370 1094 1705 1149 Gennadium
1733 1104 1789 1149 et
1817 1094 2113 1150 Honorium
2141 1095 2699 1163 Augustodunensem,
2722 1094 2959 1150 Joannes
2984 1092 3329 1157 Tritbemius,
3352 1091 3610 1147 Erasmus

326 1184 746 1248 Boterodamus,
776 1184 960 1238 Sixtus
988 1184 1261 1250 Senensis,
1279 1185 1507 1239 Latinus
1536 1183 1795 1250 Latinius,
1820 1185 2089 1239 Rohertus
2110 1185 2398 1240 cardinalis
2427 1186 2801 1252 Bellarminus,
2822 1185 3002 1240 Caesar
3021 1184 3306 1240 cardinalis
3324 1182 3607 1244 Baronius,

328 1272 608 1341 Philippus
628 1271 893 1335 Labbeus,
914 1275 1163 1328 monachi
1185 1274 1518 1328 Benedictini
1538 1275 1972 1342 congregationis
1992 1274 2175 1329 Sancti
2204 1274 2371 1329 Mauri
2386 1284 2696 1331 sanctorum
2710 1276 2979 1331 Ambrosii
3008 1282 3062 1330 et
3079 1276 3362 1341 Augustini
3382 1286 3606 1343 operum

327 1365 585 1430 editores,
605 1363 680 1416 Na
688 1363 809 1417 talis
824 1362 1144 1430 Alexander,
1161 1364 1396 1419 Joannes
1406 1365 1656 1420 Albertus
1670 1365 1963 1432 Fabricius,
1979 1367 2297 1422 Guillelmus
2307 1367 2532 1433 Caveus,
2549 1368 2853 1425 Ludovicus
2866 1369 3009 1425 Elies
3021 1370 3296 1439 Dupinius,
3314 1367 3610 1423 Casimirus

324 1452 587 1517 Oudinus,
606 1454 695 1527 [xv
698 1452 720 1524 j
748 1452 1098 1508 Sebastianus
1126 1454 1514 1521 Tillemontius,
1548 1456 1838 1525 Remigius,
1864 1456 2161 1525 Ceillerius,
2183 1459 2373 1515 Petrus
2401 1478 2463 1517 ac
2491 1462 2846 1533 Hieronymus
2868 1461 3138 1516 Ballarinii
3170 1460 3380 1522 fratres,
3413 1458 3610 1526 aliique

328 1562 465 1615 quos
497 1562 565 1599 ne
594 1548 873 1601 nominare
892 1548 1109 1615 quidem
1138 1556 1326 1612 vacat;
1349 1564 1576 1618 quorum
1603 1558 1782 1603 tamen
1809 1549 1999 1605 studiis
2026 1552 2310 1620 plurimum
2336 1551 2647 1622 profecisse,
2668 1554 2839 1608 libens
2858 1562 3146 1623 gratusque
3167 1550 3444 1622 profiteor.
3470 1548 3608 1602 Nam

326 1634 525 1703 primo,
555 1650 649 1689 cur
668 1633 900 1688 Maximo
924 1636 1106 1703 plures
1124 1636 1371 1692 homilias
1390 1652 1773 1706 sermonesque
1793 1640 2027 1709 acceptis
2056 1640 2245 1695 referri
2301 1651 2550 1711 oportere
2577 1651 2889 1707 statuerem,
2922 1644 3047 1698 fecit
3066 1657 3269 1697 summa
3293 1639 3601 1697 eorumdem

327 1724 569 1779 virorum
599 1725 651 1777 in
680 1723 783 1778 illis
804 1726 1076 1793 opusculis
1102 1725 1334 1781 Maximo
1364 1728 1464 1796 ipsi
1486 1729 1813 1784 ascribendis
1841 1733 2144 1789 consensio.
2161 1731 2427 1797 Secundo,
2446 1742 2502 1787 ut
2523 1743 2711 1790 sancto
2736 1736 2910 1790 eidem
2934 1735 3161 1789 antistiti
3175 1749 3338 1804 opera
3362 1732 3607 1802 quzedam

334 1828 479 1866 nunc
507 1813 715 1866 demum
742 1820 956 1882 reperta
981 1815 1327 1880 ascriberem,
1349 1816 1403 1870 hi
1434 1833 1519 1872 me
1541 1818 1639 1887 ipsi
1667 1831 2053 1889 permoverunt
2082 1822 2392 1891 scriptores,
2417 1825 2507 1892 qui
2536 1826 2639 1879 etsi
2668 1827 2754 1880 illa
2782 1843 2889 1881 non
2916 1827 3178 1890 viderant,
3209 1825 3352 1879 docti
3373 1831 3553 1880 tamen
3574 1838 3606 1877 a

327 1903 643 1972 majoribus,
673 1905 808 1958 satis
847 1905 1113 1973 explicate
1152 1906 1432 1960 tribuenda
1472 1922 1591 1962 esse
1628 1909 1858 1964 Maximo
1898 1910 2249 1965 tradiderunt.
2283 1911 2485 1976 Tertio,
2522 1914 2590 1968 ab
2625 1914 2812 1968 iisdem
2846 1930 2931 1969 me
2962 1914 3313 1983 scriptoribus
3352 1914 3609 1969 didicisse

325 1993 519 2059 lateor,
550 2009 707 2061 quam
731 1994 888 2047 fuerit
910 1994 1194 2061 singularis
1220 1997 1389 2050 sancti
1411 1996 1756 2053 Taurinensis
1771 2001 2007 2070 episcopi
2029 2000 2252 2055 facultas
2272 2002 2638 2056 habendarum
2665 2018 2730 2057 ex
2756 2012 3002 2074 tempore
3027 2005 3378 2069 concionum;
3410 2019 3609 2071 quam-

328 2086 514 2141 obrem
547 2086 742 2139 mirum
770 2100 878 2139 non
925 2100 1064 2150 esse,
1095 2086 1141 2139 si
1173 2093 1318 2140 tanta
1347 2095 1430 2141 est
1478 2103 1786 2143 sermonum
1815 2084 2075 2158 ejusmodi
2105 2091 2553 2161 homiliarumque
2584 2094 2663 2146 vis
2682 2100 2843 2159 atque
2872 2094 3046 2161 copia,
3078 2109 3197 2162 qua:
3221 2092 3437 2146 Maximi
3466 2091 3605 2160 ejus-

328 2177 449 2232 dem
490 2177 755 2243 insignita:
783 2177 890 2230 sint
916 2177 1154 2230 nomine.
1188 2176 1410 2243 Quarto,
1448 2186 1619 2233 testor
1656 2179 1905 2249 denique,
1938 2196 2126 2235 eorum
2168 2195 2256 2234 me
2296 2182 2619 2250 scriptorum
2665 2180 2989 2249 adjumentis
3025 2182 3177 2251 plura
3218 2184 3388 2236 sancti
3434 2181 3603 2236 nostri

328 2270 570 2338 praesulis
609 2270 748 2329 loca,
780 2284 900 2337 quae
930 2268 1068 2322 fmde
1105 2277 1230 2323 ante
1267 2270 1453 2324 vitiata
1490 2271 1721 2338 fuerant,
1753 2274 2073 2327 correxisse.
2111 2272 2229 2339 Quo
2262 2274 2314 2326 in
2342 2286 2540 2340 genere
2573 2271 2781 2325 Erasmi
2808 2272 3167 2341 potissimum,
3208 2271 3378 2324 Latini
3408 2270 3605 2323 Latinii

329 2361 709 2425 Viterbiensis,
758 2360 1143 2414 monachorum
1205 2360 1672 2415 Benedictinorum
1720 2365 2152 2430 congregationis
2194 2364 2375 2417 Sancti
2417 2362 2605 2428 Mauri,
2654 2363 2983 2432 fratrumque
3025 2363 3435 2417 Ballariniorum
3478 2360 3609 2415 mihi

331 2450 503 2505 studia
532 2448 869 2518 profuerunt.
903 2448 1074 2518 Atque
1103 2451 1328 2515 Erasmi,
1368 2467 1486 2519 qua}
1515 2452 1673 2507 fuerit
1705 2454 1759 2507 in
1788 2456 2060 2523 opusculis
2089 2454 2305 2509 Maximi
2334 2456 2745 2523 distinguendis,
2784 2464 2840 2510 et
2874 2456 2941 2511 ad
2970 2456 3366 2524 tnanuscriptos
3393 2454 3609 2509 codices

332 2540 602 2609 exigendis
640 2539 918 2604 industria,
954 2540 1176 2609 intelligi
1210 2557 1331 2596 cum
1355 2556 1423 2595 ex
1451 2542 1569 2596 aliis
1590 2558 1718 2597 sane
1743 2544 1943 2607 multis,
1977 2550 2088 2597 tum
2119 2560 2187 2599 ex
2220 2543 2482 2601 Casimiro
2504 2544 2715 2601 Oudino
2738 2554 2936 2616 potest,
2966 2546 3055 2615 qui
3088 2545 3141 2599 in
3164 2546 3337 2599 altero
3364 2545 3437 2597 de
3457 2543 3611 2598 Seria

329 2630 564 2701 pluribus
586 2630 954 2683 ecclesiasticis
995 2639 1140 2685 tomo
1170 2632 1314 2686 edito
1335 2632 1669 2687 Francofurti
1702 2649 1844 2689 anno
1876 2633 2012 2687 1722
2044 2635 2112 2690 de
2138 2637 2374 2691 editione
2404 2637 2636 2707 Operum
2664 2639 2835 2693 sancti
2862 2637 3129 2691 Ambrosii
3160 2634 3608 2690 Roterodamensi

332 2734 473 2772 anno
502 2719 659 2779 1527,
689 2726 863 2787 coapta
894 2719 961 2772 ab
994 2718 1217 2774 Erasmo
1245 2722 1361 2789 ipso
1390 2730 1551 2792 atque
1579 2723 1647 2776 ab
1673 2722 1901 2778 Custero
1925 2723 2180 2793 perfecta,
2207 2727 2496 2791 disserens,
2529 2734 2726 2797 praeter
2752 2736 2946 2783 cmtera
2980 2745 2992 2779 :
3032 2747 3049 2778 ί
3082 2724 3385 2789 Orationes,
3414 2724 3631 2792 inquit,-

329 2808 586 2877 epistolas
614 2815 669 2861 et
696 2810 984 2862 conciones
1013 2808 1078 2861 ad
1110 2810 1383 2879 p0pulum,
1409 2811 1599 2865 breves
1627 2812 2023 2881 complectitur,
2052 2828 2186 2882 quas
2211 2815 2423 2869 ultimas
2452 2814 2707 2869 Erasmus
2738 2816 2867 2868 nihil
2897 2814 3176 2869 addubitat
3210 2829 3329 2868 esse
3356 2813 3609 2883 supposi-

328 2900 494 2965 titias,
519 2901 571 2953 in
606 2916 711 2969 qua
742 2901 870 2954 nihil
903 2901 1017 2969 ipse
1047 2900 1411 2957 Ambrosiana:
1438 2918 1607 2968 venae,
1643 2904 1833 2972 inquit,
1865 2912 1923 2957 ut
1949 2905 2112 2959 etiam
2142 2906 2379 2961 Joannes
2405 2905 2661 2961 Custcrus
2692 2907 2744 2960 in
2775 2906 3010 2961 editione
3032 2921 3254 2976 operum
3281 2905 3451 2959 sancti
3479 2904 3608 2958 Am‘

331 2990 517 3054 hrosii,
550 2990 643 3058 qui
671 3005 858 3045 omnes
879 2990 1098 3045 omnino
1125 2998 1312 3045 sancto
1341 2991 1575 3046 Maximo
1597 2991 1912 3047 Taurinensi
1942 2994 2216 3064 episcopo,
2248 3003 2358 3049 tum
2388 3011 2455 3050 ex
2476 3011 2602 3049 mss.
2630 2996 2874 3050 eodiCuln
2907 2993 3030 3059 fide,
3062 3003 3172 3049 tum
3212 3009 3278 3048 ex
3306 2993 3602 3062 impressis,

331 3082 594 3135 attribuit.
642 3100 661 3132 ι
696 3082 771 3136 De
802 3080 991 3137 Latino
1014 3082 1223 3137 Latinio
1250 3084 1355 3138 hoc
1381 3084 1546 3138 breve
1574 3083 1766 3138 dicam.
1801 3084 1851 3139 is
1876 3086 2121 3140 absoluta
2146 3085 2379 3156 Operum
2409 3087 2743 3152 Tertulliani,
2788 3089 2840 3142 in
2881 3089 3076 3157 q‘uibus
3111 3087 3442 3155 colligendis,
3484 3087 3604 3141 illn-

330 3172 669 3240 strandisque
696 3171 1019 3236 diuturnam,
1054 3189 1282 3243 eamque
1306 3173 1615 3242 diligentem
1644 3190 1867 3244 operam
1895 3176 2205 3242 collocarat,
2235 3178 2501 3243 editione;
2525 3194 2644 3233 curn
2672 3179 2931 3246 Gregorio
2959 3177 3073 3232 Xlll
3101 3178 3341 3247 pontifici
3369 3178 3604 3231 maximo

331 3262 819 3332 obtemperaturus,
844 3270 965 3317 Sese
992 3262 1059 3315 ad
1084 3263 1453 3326 tractationes,
1496 3271 1655 3331 atque
1695 3264 1953 3332 epistolas
1993 3266 2165 3320 sancti
2189 3259 2443 3336 cypriani
2472 3277 2738 3331 accurate,
2771 3283 2833 3322 ac
2862 3262 3071 3331 ordine,
3097 3266 3232 3335 juris
3272 3282 3483 3322 rursum
3528 3265 3604 3320 fa-

330 3354 549 3407 ciendas
574 3354 795 3423 publici,
833 3355 1218 3418 convertisset;
1261 3368 1588 3422 magnasque
1630 3354 1754 3408 inde
1796 3362 1983 3409 nactus
2021 3363 2163 3409 esset
2204 3358 2635 3425 opportunitates
2677 3358 3046 3427 legendorum,
3092 3347 3604 3412 considerandorum
3654 3408 3655 3411 η

332 3446 879 3515 exponendorumque
902 3451 1089 3500 eorum
1110 3459 1228 3513 quae
1249 3445 1338 3499 alii
1362 3461 1468 3500 non
1491 3447 1644 3515 pauci
1673 3444 1861 3500 Patres
1883 3448 2181 3501 litterarum
2211 3449 2527 3502 mandaram
2555 3452 2934 3514 monumentis,
2960 3450 3125 3504 multa
3156 3450 3223 3504 ab
3248 3466 3306 3504 se
3328 3451 3379 3503 in
3412 3449 3605 3503 iisdem

334 3535 704 3588 animadversa
746 3534 799 3587 in
838 3534 1267 3589 Commentarios
1302 3535 1504 3598 retulit,
1546 3536 1637 3603 qui
1673 3550 1814 3590 anno
1846 3536 2073 3590 tandem
2104 3536 2237 3590 1676
2266 3539 2406 3608 typis
2438 3539 2636 3605 vulgati
2664 3538 2879 3594 fuerunt
2916 3538 3020 3595 hoc
3051 3541 3205 3595 titulo
3239 3559 3250 3593 :
3285 3540 3603 3594 Bibliotheca

334 3648 488 3684 sacra
512 3639 557 3683 et
576 3633 821 3701 profana.
848 3629 959 3683 lIac
980 3629 1033 3682 in
1064 3629 1391 3684 Bibliotheca
1420 3644 1540 3684 cum
1560 3630 1808 3685 homilias
1828 3630 2107 3699 quasdam,
2136 3645 2254 3699 qua:
2282 3638 2375 3685 aut
2397 3631 2564 3685 titulis
2587 3640 2852 3695 carerent,
2884 3641 2975 3686 aut
3004 3632 3381 3701 pseudonymae
3402 3638 3606 3693 essent,

332 3720 566 3779 restit‘uit
592 3723 824 3776 Maximo
846 3740 859 3787 ;
893 3728 1003 3775 tum
1026 3738 1119 3776 eas
1140 3724 1301 3777 variis
1322 3723 1373 3775 in
1398 3724 1529 3776 locis
1548 3724 1952 3777 amanuensium
1982 3724 2113 3777 vitio
2136 3731 2416 3791 corruptas
2437 3723 2739 3777 emendavit
2761 3731 2883 3791 apte
2903 3723 2971 3776 ad
2995 3721 3150 3776 fidem
3171 3720 3603 3790 priestantiorum

332 3818 575 3872 codicum
606 3816 1118 3885 manuscriptoi-um;
1145 3816 1446 3885 effecitque,
1478 3824 1537 3870 ut
1564 3817 1780 3885 prodire
1831 3809 1883 3871 i'n
1916 3818 2197 3870 hominum
2244 3818 2438 3882 lucem,
2469 3818 2756 3884 genuinum
2791 3816 3020 3870 hitorem
3053 3821 3331 3877 assecutm,
3356 3821 3598 3882 possent.

335 3907 469 3961 Post
490 3906 737 3960 monachi
768 3904 1095 3959 Benedictini
1127 3907 1557 3973 congregationis
1583 3906 1765 3961 Sancti
1795 3906 1963 3960 Mauri
1994 3906 2047 3961 in
2076 3907 2461 3977 appendicibus
2484 3906 2550 3961 ad
2572 3914 2748 3976 opera
2777 3906 2949 3961 sancti
2980 3905 3264 3971 Ambrosii,
3296 3901 3427 3977 [xvi]
3455 3911 3509 3958 et
3537 3904 3601 3959 ad

331 4001 583 4055 Volumen
614 4000 656 4055 ν
683 4000 917 4070 Operum
947 4001 1117 4054 sancti
1152 4001 1450 4067 Augustini,
1484 4000 1739 4069 quidquid
1768 4001 2064 4054 attulerunt
2092 4001 2433 4055 homiliarum
2463 4008 2623 4068 atque
2660 4013 2969 4053 sermonum
3011 3997 3245 4062 Maxnni,
3278 4012 3386 4050 non
3416 3997 3600 4061 modo,

330 4109 495 4163 quam
527 4101 835 4163 potuerunt,
868 4093 1277 4162 castigatissime
1306 4093 1489 4149 formis
1519 4094 1715 4148 excudi
1738 4102 2010 4158 curarunt,
2044 4094 2137 4148 sed
2168 4094 2427 4164 appositis
2450 4094 2610 4147 etiam
2641 4092 2822 4156 variis,
2846 4106 2980 4159 quas
3003 4090 3054 4143 in
3081 4091 3303 4145 vetustis
3329 4090 3601 4146 codicibus

329 4184 815 4254 deprehenderant,
860 4184 1197 4249 lectionibus,
1247 4183 1613 4247 ostenderunt,
1645 4198 1763 4251 quae
1792 4190 1991 4244 essent,
2036 4182 2271 4251 ipsorum
2319 4180 2536 4249 quidem
2572 4178 2791 4247 judicio,
2820 4178 3074 4247 potiores.
3108 4176 3223 4244 Qua
3257 4178 3308 4231 in
3334 4193 3396 4232 re
3419 4177 3597 4242 video,

329 4271 739 4335 Baliariuiorum
761 4274 814 4326 in
843 4272 1136 4343 appendice
1161 4272 1227 4326 ad
1248 4287 1524 4327 sermones
1552 4273 1722 4325 sancti
1748 4272 1943 4326 Leonis
1972 4271 2303 4339 diligentiam
2334 4270 2496 4323 fuisse
2517 4284 2721 4338 parem.

398 4361 466 4418 ν.
498 4363 692 4419 Verum
720 4364 929 4418 tametsi
955 4364 1303 4432 scriptoribus
1330 4378 1465 4431 quos
1493 4379 1652 4432 supra
1682 4364 1951 4417 nominavi
1976 4363 2282 4431 plurimum,
2307 4362 2381 4414 uti
2414 4376 2498 4414 me
2520 4360 2981 4425 dixissesmemini,
3011 4359 3255 4425 debeam,
3281 4375 3387 4413 non
3419 4368 3597 4415 tamen

327 4450 467 4506 adeo
505 4453 573 4507 iis
599 4468 717 4507 esse
746 4452 875 4505 mihi
916 4450 1264 4506 insistendum
1306 4453 1507 4520 putavi,
1541 4452 1669 4520 quin
1717 4451 1830 4520 ipse
1864 4466 2079 4518 quoque
2119 4449 2333 4505 codices
2361 4465 2524 4503 manu
2555 4456 2807 4503 exaratos
2846 4449 3239 4517 conquirerem,
3275 4448 3617 4514 invenirem,

331 4546 585 4615 legerem,
611 4547 860 4615 ipsosque
890 4547 1031 4600 inter
1049 4561 1109 4600 se
1133 4544 1463 4609 conferrem;
1488 4546 1573 4599 vel
1598 4545 1642 4599 si
1669 4551 1941 4598 exstarent
1963 4544 2015 4596 in
2038 4544 2248 4597 urbium
2275 4541 2633 4605 bibliothecis,
2646 4556 2766 4609 qua-
2788 4542 2913 4596 hinc
2933 4548 3113 4597 essent
3134 4539 3337 4608 magnis
3352 4538 3592 4592 locorum

332 4637 626 4691 intervallis
654 4636 948 4703 disjunctae,
974 4650 1004 4688 a
1034 4635 1181 4701 viris,
1205 4648 1432 4702 quorum
1464 4634 1516 4687 in
1538 4634 1683 4688 hisce
1703 4633 1893 4687 studiis
1921 4631 2245 4686 existimatio
2269 4630 2491 4697 insignis
2518 4637 2680 4693 esset,
2706 4629 3165 4698 pervolverentur,
3194 4635 3353 4695 atque
3375 4625 3442 4678 ad
3473 4641 3591 4691 nos,

330 4727 373 4781 si
403 4725 531 4794 quid
560 4725 612 4778 in
643 4724 913 4779 codicibus
944 4722 1128 4777 iisdem
1150 4731 1293 4778 esset
1316 4722 1705 4791 deprehensum
1727 4723 1793 4775 ab
1818 4722 2045 4788 vulgatis
2074 4720 2397 4774 editionibus
2426 4719 2756 4788 diScrepans,
2789 4712 3098 4773 referretur.
3130 4717 3384 4771 Codicum
3416 4724 3597 4770 autem

330 4818 592 4886 ejusmodi
632 4818 926 4887 praecipuos
964 4831 1081 4870 esse
1110 4816 1338 4883 cognovi
1368 4816 1587 4869 omnino
1628 4824 1756 4868 tres.
1788 4813 1988 4868 Horum
2019 4821 2101 4867 est
2130 4811 2278 4881 prior
2306 4812 2618 4865 monasterii
2647 4810 2831 4877 Sancti
2860 4809 2997 4864 Galli
3025 4807 3163 4877 apud
3188 4807 3486 4873 Helvetios;
3529 4807 3595 4861 de

329 4923 439 4977 quo
466 4908 681 4975 quidem
710 4908 894 4962 codice
922 4908 1034 4962 haec
1064 4906 1130 4960 ad
1159 4922 1257 4961 nos
1290 4905 1348 4957 P.
1381 4905 1442 4958 D.
1475 4905 1692 4972 Magnus
1715 4902 2187 4974 Hungenblykerus
2205 4900 2576 4955 San-Gallensi
2596 4900 2929 4954 bibliotheca:
2958 4896 3255 4965 praefectus,
3292 4897 3588 4951 monachus

328 4998 593 5067 impriniis
614 4997 871 5060 eruditus,
905 4997 1058 5051 nonis
1084 4996 1350 5050 Ianuariis
1379 5011 1520 5050 anno
1561 4994 1697 5048 1779
1717 4994 1959 5057 comiter,
1992 4993 2069 5047 uti
2099 4993 2257 5055 solet,
2291 4992 2521 5061 scripsit,
2557 4990 2804 5045 assentiri
2836 5004 2893 5043 se
2922 4987 3116 5041 ,ἰοειηηί
3150 4987 3459 5043 Mabillonio
3491 4989 3588 5042 im-

328 5090 543 5145 mortali
567 5090 821 5144 memoria
842 5090 978 5155 viro,
1004 5098 1058 5146 et
1080 5091 1305 5145 Martino
1321 5085 1798 5154 Gerberto,abbali
1812 5087 2122 5143 doctissimo
2147 5087 2330 5141 Sancti
2360 5086 2540 5151 Blasii,
2573 5085 2855 5151 eidemque
2875 5083 3123 5153 principi,
3153 5082 3389 5137 codicem
3419 5084 3609 5153 ipsum,

328 5179 797 5234 membranaceum
827 5179 1029 5236 in-folio
1050 5182 1242 5235 litteris
1270 5180 1689 5249 Longobardicis
1716 5188 1995 5235 exaratum
2023 5196 2130 5233 non
2165 5194 2282 5233 esse
2310 5188 2502 5233 octavo
2527 5177 2722 5231 seculo
2752 5176 3107 5230 recentiorem
3138 5176 3435 5240 aientibus;
3466 5192 3589 5231 eum

327 5273 517 5328 codice
548 5272 681 5328 falso
710 5274 881 5327 sancti
932 5274 1213 5342 Augustini
1266 5272 1518 5343 praeferre
1546 5287 1773 5336 nomen;
1806 5271 1936 5324 nihil
1983 5272 2123 5325 enim
2159 5286 2225 5325 eo
2264 5268 2527 5324 contineri
2574 5266 2916 5321 homiliarum
2953 5275 3045 5321 aut
3091 5283 3420 5328 sermonum,
3450 5267 3593 5335 quod

327 5372 610 5433 acceptum
649 5363 947 5432 Augustino
975 5365 1042 5417 sit
1072 5362 1442 5428 referendum;
1475 5370 1725 5417 constare
1756 5360 1805 5414 id
1845 5361 2049 5415 scilicet
2079 5375 2141 5414 ex
2174 5360 2343 5413 altero
2372 5356 2610 5425 ejusdem
2641 5357 2982 5433 bibliotheca:
3019 5359 3146 5412 noni
3191 5358 3370 5413 smculi
3408 5357 3594 5413 codice

324 5450 751 5518 [.ongobardicis
781 5453 907 5507 item
936 5451 1337 5507 characteribus
1374 5451 1575 5521 scripto
1603 5452 1689 5506 cui
1717 5451 1831 5503 haec
1863 5458 1947 5504 est
1980 5448 2194 5519 przeﬁxa
2224 5446 2513 5516 epigraphe
2543 5464 2555 5499 :
2599 5446 2955 5501 Homiliarum
2987 5449 3208 5501 Maximi
3248 5448 3478 5518 episcopi
3502 5464 3597 5518 per

323 5553 491 5598 totum
520 5560 721 5597 annum
747 5544 811 5596 de
837 5543 1053 5598 diversis
1082 5542 1448 5613 festivitatibus
1470 5541 1705 5595 volumen
1734 5541 1884 5593 valde
1912 5548 2075 5593 vetus.
2109 5540 2237 5593 Nam
2267 5554 2385 5592 cum
2417 5539 2615 5593 aedem
2638 5554 2859 5608 prorsus
2888 5538 3119 5592 bomilia:
3152 5538 3203 5590 in
3235 5538 3337 5591 hoc
3357 5545 3518 5605 atque
3538 5538 3594 5589 in

322 5636 625 5689 vetustiore
654 5634 746 5689 illo
769 5634 954 5698 codice
982 5635 1379 5693 contineantur,
1416 5648 1609 5701 magno
1641 5631 1689 5684 id
1718 5640 1863 5685 certe
1898 5639 2212 5698 argumento
2249 5645 2367 5683 esse
2389 5645 2660 5699 Oportere,
2691 5645 2900 5684 errasse
2922 5629 3268 5681 vehementer
3293 5627 3586 5689 librarimn,

325 5725 422 5793 qui
451 5724 831 5794 opusculorum
859 5723 1071 5778 Maximi
1104 5723 1452 5791 Augustinum
1475 5722 1809 5777 constituerit
1840 5730 2131 5775 auctorem.
2159 5719 2211 5773 In
2235 5737 2298 5778 eo
2331 5736 2491 5795 porro
2513 5722 2769 5777 dissidere
2799 5736 2825 5774 a
2856 5719 3167 5775 Mahillonio
3196 5733 3272 5782 sc,
3304 5715 3443 5784 quod
3475 5712 3588 5775 ipse
