4138 6186
480 318 551 376 19
1929 322 2114 380 Pﬁz'EI

2117 302 2308 382 θΑτιο.
2938 288 2951 307 ’
3680 336 3751 392 go

482 431 727 488 humilius
753 429 968 487 Maximi
989 448 1096 488 non
1129 432 1250 502 plus
1276 433 1567 502 nonaginta
1591 434 1647 489 in
1674 441 1906 504 utroque
1935 435 2028 492 illo
2050 438 2237 495 codice
2276 449 2538 506 numeret,
2569 440 2910 499 Mabillonius
2938 459 3069 499 vero
3099 451 3309 515 septem
3337 458 3401 500 ac
3430 454 3755 516 nonaginta.
3824 424 3833 431 δ

481 524 586 580 Sed
623 540 721 579 cur
748 524 820 578 ita
848 523 1187 580 Mabillonius
1215 525 1503 592 censuerit,
1533 526 1675 582 hanc
1709 542 1871 580 unam
1904 526 2070 584 fuisse
2109 544 2350 597 causam,
2381 531 2529 599 quod
2556 531 2625 587 de
2658 535 3009 589 sacramentis
3037 534 3204 589 libros
3231 540 3459 604 septem,
3489 535 3582 603 qui
3619 535 3752 591 Am-

482 623 684 689 brosio,
713 626 906 691 minus,
939 633 999 680 ut
1022 626 1273 690 arbitror,
1303 633 1470 691 recte,
1507 625 1705 680 ascribi
1748 624 2004 688 solerent,
2039 626 2261 681 totidem
2283 641 2403 681 esse
2431 625 2648 681 Maximi
2672 628 2922 683 homilias
2946 627 3288 692 existimarit,
3320 642 3428 697 qua
3456 626 3526 682 de
3559 642 3619 683 re
3646 629 3759 684 alio

485 716 732 785 equidem
763 718 886 773 loco
914 725 1219 787 opportune
1253 717 1455 773 videro.
1832 714 1835 716 ’

552 808 642 863 Vl.
678 810 829 864 Alter
857 818 939 864 est
967 809 1379 878 prxcipuorum,
1400 822 1538 876 quos
1558 806 1689 871 dixi,
1720 807 1890 862 codex
1919 805 2277 863 Nonantulani
2302 808 2431 864 olim
2450 808 2764 863 monasterii
2792 809 2845 863 in
2873 821 3002 876 agro
3035 806 3345 871 Mutinensi,
3381 822 3526 863 nunc
3555 807 3754 862 Bema-

485 918 567 957 nae
591 902 930 959 bibliothecae
952 900 1386 956 Cistereiensium
1414 901 1802 956 monachorum
1840 898 2052 957 Sanctae
2080 900 2268 956 Crucis
2301 900 2354 955 in
2382 899 2699 957 Jerusalem.
2725 900 2793 954 Et
2819 902 2865 956 is
2889 900 3061 956 codex
3092 900 3534 956 membranaceus
3570 900 3760 956 in-fol.

484 1005 706 1052 notatus
757 1014 907 1053 num.
965 999 1071 1067 90,
1122 1010 1180 1056 ut
1234 1000 1384 1056 frons
1437 1001 1673 1056 exterior
1718 1000 2007 1054 voluminis
2049 1001 2299 1066 exhibet,
2331 1014 2634 1069 quanquam
2672 1001 2818 1054 intus
2854 1012 2980 1068 pag.
3032 998 3058 1050 1
3091 1012 3203 1067 prae
3240 1012 3300 1052 se
3339 1012 3621 1052 numerum
3653 995 3763 1050 154
3850 1039 3859 1047 .

485 1088 646 1155 ferat;
703 1092 1015 1161 ueterisque
1063 1092 1180 1161 ejus
1237 1093 1576 1149 bibliotheca:
1627 1090 1901 1147 codicibus
1954 1103 2014 1145 ut
2062 1091 2410 1160 antiquitate,
2472 1091 2546 1145 ita
2601 1087 2774 1163 [xvn]
2828 1089 3163 1145 accuratiore
3220 1089 3497 1156 scripturae
3548 1086 3756 1141 ratione

486 1179 899 1250 integritateque
950 1185 1239 1253 praecellit,
1295 1192 1608 1255 spectatque
1665 1183 1735 1238 ad
1796 1200 1868 1238 vn
1924 1183 2008 1238 vel
2066 1198 2334 1236 summum
2392 1182 2461 1238 ad
2510 1199 2603 1238 VIII
2652 1183 2906 1239 Ecclesiae
2955 1181 3232 1237 saeculum.
3289 1180 3489 1236 Ductus
3552 1180 3758 1234 littera-

486 1288 605 1328 rum
654 1275 710 1328 in
747 1290 814 1330 eo
840 1277 1116 1334 Romanus
1153 1287 1255 1345 est,
1296 1280 1493 1345 aetatis,
1536 1287 1597 1333 ut
1651 1279 1819 1343 aiunt,
1872 1277 2123 1333 secunda:
2164 1278 2443 1348 paululum
2485 1289 2711 1345 vergens
2765 1274 2833 1329 ad
2876 1271 3361 1341 Longobardicum.
3411 1272 3457 1325 Α
3495 1284 3618 1340 pag.
3654 1269 3758 1323 129

487 1369 555 1423 ad
590 1368 694 1423 169
747 1374 1025 1442 sexaginta
1058 1375 1253 1445 partim
1308 1375 1573 1440 homilias,
1604 1376 1798 1446 partim
1850 1389 2129 1431 sermones
2177 1373 2571 1444 complectitur,
2622 1371 2690 1427 de
2740 1371 2936 1440 quibus
2982 1365 3434 1425 eminentissimus
3473 1361 3758 1417 cardinalis

488 1458 734 1517 Besutius
780 1465 835 1518 in
889 1466 1064 1522 indice
1111 1467 1448 1522 bibliothecae
1496 1466 1708 1522 Sancta:
1748 1466 1936 1522 Crucis
1986 1466 2064 1522 sic
2102 1466 2290 1521 statuit
2323 1484 2335 1518 :
2380 1466 2657 1518 Auctorem
2695 1463 2906 1518 eosdem
2942 1459 3130 1514 habere
3167 1463 3402 1512 sanctum
3435 1451 3754 1515 Maximum,

489 1557 614 1610 mihi
651 1567 844 1612 certum
896 1569 992 1614 est.
1052 1561 1206 1617 Hunc
1250 1575 1352 1630 ego
1397 1562 1637 1617 codicem
1685 1577 1807 1625 cum
1854 1578 1887 1615 a
1930 1560 2238 1616 Mabillonio
2283 1558 2708 1627 Blanchinioque
2754 1555 3016 1613 celebrari
3070 1553 3328 1615 viderem,
3380 1562 3641 1619 perquam
3674 1546 3761 1600 di-

488 1644 716 1714 ligenter
755 1638 897 1715 legi),
948 1649 1180 1720 indeque
1237 1650 1516 1722 (adjutore
1574 1665 1701 1705 usus
1746 1650 2111 1705 eruditissimo
2148 1648 2645 1717 humanissimoque
2688 1644 2746 1700 P.
2792 1644 2856 1699 D.
2905 1643 3176 1715 Cypriano
3222 1640 3520 1696 Travacato
3565 1637 3758 1705 linguae

489 1730 684 1788 Gram
711 1735 763 1788 in
794 1735 1004 1791 Sanctae
1045 1737 1233 1793 Crucis
1260 1739 1507 1794 emnobio
1552 1738 1877 1809 professum,
1909 1739 2208 1809 eodemque
2251 1739 2590 1795 bibliothecis
2630 1735 2926 1792 doctissimi
2966 1733 3027 1787 Ρ.
3072 1731 3294 1789 Abbatis
3323 1728 3548 1784 Rancati
3579 1726 3758 1782 studio

489 1829 652 1890 atque
680 1839 844 1894 opera
874 1826 1180 1882 constitutae
1206 1829 1485 1900 przefecto)
1531 1830 1734 1885 contuli
1772 1846 1894 1885 cum
1924 1831 2095 1884 altero
2136 1830 2373 1899 ejusdem
2425 1827 2765 1883 bibliotheca:
2806 1826 2934 1880 item
2975 1822 3389 1879 membranacco
3431 1820 3714 1887 iii-quarto
3738 1852 3753 1876 ,

491 1912 723 1981 eleganti
752 1914 997 1972 Romano
1014 1912 1258 1974 rotundo
1285 1922 1599 1975 charactere
1628 1922 1927 1991 perscripto
1955 1921 2157 1987 codice,
2181 1922 2273 1991 qui
2299 1936 2521 1975 numero
2550 1926 2633 1973 est
2657 1917 2747 1983 94,
2770 1917 2872 1972 etsi
2900 1918 3042 1971 intus
3068 1928 3215 1970 num.
3238 1919 3391 1980 gerat
3415 1909 3505 1976 67,
3536 1909 3754 1978 quique,

492 2010 629 2059 teste
656 2007 915 2061 cardinali
956 2009 1203 2075 Besutio,
1237 2011 1301 2065 ad
1349 2013 1602 2067 saeculum
1644 2013 1894 2069 Ecclesize
1931 2031 2016 2071 xu.
2044 2016 2295 2085 pertinet;
2326 2015 2500 2083 Atque
2530 2015 2576 2069 is
2617 2011 2885 2067 secundus
2911 2007 3183 2063 recentior
3226 2003 3444 2074 quidem
3471 2009 3619 2056 certe
3639 2039 3654 2065 ,
3703 2006 3758 2052 at

491 2092 703 2162 plurimi
733 2105 912 2152 tamen
953 2100 1266 2168 pendendus
1294 2101 1486 2168 codex,
1516 2104 1779 2173 principio
1808 2106 2128 2160 exorcismos
2173 2122 2326 2176 super
2365 2119 2739 2176 energumenos
2780 2100 3050 2164 continet;
3081 2095 3274 2153 deinde
3300 2094 3555 2166 epistolas
3581 2090 3760 2162 ponti-

491 2180 606 2238 ﬁcis
631 2188 851 2241 maximi
893 2188 983 2253 A.,
1013 2189 1281 2253 videlicet,
1328 2199 1390 2245 ut
1417 2206 1518 2260 ego
1546 2193 1798 2260 arbitror,
1829 2193 2117 2250 Alexandri
2161 2194 2249 2260 III,
2279 2196 2432 2258 duas,
2464 2208 2689 2262 quarum
2727 2198 2811 2246 est
2837 2190 2988 2260 prior
3014 2187 3080 2242 ad
3108 2185 3404 2241 monachos
3431 2180 3613 2236 Sancti
3653 2178 3760 2232 Be-

490 2272 690 2329 nedicti
729 2274 1179 2344 Padilironenses,
1212 2279 1383 2334 altera
1424 2280 1490 2335 ad
1518 2281 1582 2334 A.
1612 2283 1909 2337 antistitem
1939 2281 2241 2353 Rheginum
2266 2282 2411 2348 data,
2443 2289 2670 2350 utraque
2697 2286 2878 2337 autem
2906 2277 3108 2346 scripta
3134 2273 3235 2329 fuit
3260 2286 3422 2328 causa
3447 2266 3761 2324 dirimenda

494 2373 634 2434 litis,
670 2388 788 2441 qua:
829 2375 895 2427 de
927 2384 1070 2428 curte
1110 2378 1281 2429 sancti
1309 2375 1528 2430 Cwsarii
1556 2379 1697 2432 inter
1723 2380 2016 2435 monachos
2044 2380 2261 2436 eosdem
2302 2379 2764 2443 Padilironenses,
2799 2383 2856 2431 et
2893 2371 3302 2428 Nonantulauos
3332 2374 3520 2421 exorta
3547 2364 3757 2431 fuerat;

494 2468 768 2531 postremo
796 2477 826 2515 a
853 2476 977 2532 pag.
1009 2461 1042 2515 5
1069 2463 1135 2516 ad
1170 2463 1274 2517 165
1302 2465 1551 2520 homilias
1576 2483 1922 2522 sermonesve
1959 2470 2130 2522 sancti
2160 2470 2377 2524 Maximi
2405 2469 2492 2524 96.
2523 2469 2582 2524 In
2615 2470 2807 2524 horum
2829 2472 2954 2521 sunt
2975 2478 3199 2518 numero
3228 2472 3504 2515 sermones
3530 2455 3762 2525 quadra-

493 2553 640 2620 ginta
669 2559 725 2606 et
743 2561 886 2618 octo,
914 2553 966 2606 in
996 2553 1190 2622 quibus
1209 2554 1298 2609 vix
1318 2555 1607 2624 quidquam
1634 2555 2052 2625 deprehenditur
2077 2557 2143 2611 ab
2164 2557 2249 2622 iis,
2271 2572 2409 2627 quos
2436 2557 2505 2610 90
2533 2556 2703 2610 codex
2729 2554 2966 2616 exhibet,
2998 2552 3328 2618 discrepans.
3352 2545 3470 2601 .Iam
3490 2559 3618 2600 vero
3639 2558 3763 2598 cum

495 2642 550 2695 in
580 2650 811 2712 utroque
835 2642 1020 2699 codice
1047 2644 1208 2699 iidem
1236 2660 1544 2700 sermonum
1571 2646 1709 2701 tituli
1737 2648 1844 2701 sint
1871 2646 2164 2715 eademque
2194 2647 2362 2712 initia,
2388 2646 2738 2701 dubitandum
2769 2660 2875 2699 non
2904 2650 3005 2706 est,
3037 2641 3166 2710 quin
3194 2646 3449 2709 Oporteat‘
3471 2637 3769 2692 Maximum:

495 2747 683 2789 eorum
709 2735 895 2790 haberi
917 2742 1214 2791 auctorem.
1245 2736 1368 2790 Fuit
1394 2736 1510 2793 hme
1537 2738 1664 2793 item
1687 2737 1972 2793 cardinalis
1999 2738 2221 2806 Besutii,
2247 2740 2324 2794 rei
2346 2740 2658 2809 antiquarize
2682 2739 2819 2793 bene
2848 2735 3006 2806 periti
3036 2732 3333 2800 sententia;
3357 2746 3518 2801 quam
3546 2730 3766 2800 quidem

494 2826 819 2880 sententiam
849 2825 1007 2896 plane
1035 2826 1355 2881 conﬁrmant
1399 2841 1519 2895 qua:
1557 2827 1609 2881 in
1650 2827 1888 2882 secundo
1917 2827 2102 2883 codice
2142 2839 2266 2884 ante
2294 2830 2544 2884 homilias
2571 2840 2953 2895 sermonesque
2980 2825 3246 2894 leguntur.
3276 2821 3410 2876 Nam
3439 2822 3618 2890 priore
3640 2819 3762 2874 loco

498 2914 611 2969 haec
638 2921 760 2968 sunt
788 2914 843 2967 in
882 2913 1157 2983 proposita
1186 2915 1423 2971 carmina
1464 2934 1474 2967 :

1233 3077 1360 3139 Ecce
1383 3077 1512 3126 liber
1538 3076 1734 3139 plenus,
1754 3086 1804 3126 et
1820 3090 2007 3128 summo
2031 3086 2230 3128 nectare
2246 3079 2388 3128 lmlus

1235 3138 1429 3199 Maximi
1453 3138 1615 3199 dictis,
1645 3138 1747 3186 nam
1769 3139 1945 3188 fertilis
1966 3141 2140 3188 emicat
2164 3139 2273 3188 illis.

1231 3198 1324 3262 Hic
1341 3200 1553 3262 prudens
1570 3198 1741 3254 lector.
1767 3212 1950 3262 morum
1972 3202 2152 3262 virtute
2176 3206 2402 3262 repertor

1236 3260 1456 3309 Nutritur
1472 3261 1582 3321 cibo
1600 3273 1862 3321 puerorum
1882 3261 2009 3310 lacte
2028 3260 2233 3319 referto,

1232 3321 1395 3385 Atque
1414 3321 1523 3385 cibo
1545 3320 1948 3385 ﬁrmo,_perrectis
1972 3324 2143 3385 utique
2166 3322 2345 3383 digno;

1236 3381 1286 3443 Si
1313 3381 1420 3431 vice
1443 3383 1503 3430 sit
1527 3381 1834 3443 prima'fortis
1852 3381 2073 3432 tractatio
2098 3383 2195 3430 visa
2213 3420 2225 3443 ,

1232 3441 1338 3505 Non
1364 3441 1717 3502 tamen'evitet,
1741 3445 1781 3491 si
1807 3444 1969 3504 lapsus
1987 3441 2219 3505 palpebra
2234 3443 2374 3503 vitet,

1240 3502 1465 3565 genique
1489 3506 1530 3552 si
1552 3506 1733 3564 studet,
1755 3506 1793 3552 si
1820 3502 1958 3553 mens
1977 3502 2225 3553 non‘ebria
2257 3502 2415 3560 nutet,

1231 3562 1437 3614 Haurict
1461 3565 1570 3613 hinc
1590 3562 1763 3626 magna
1787 3566 1946 3614 multis
1966 3565 2226 3614 virtutibus
2249 3576 2374 3625 apta.

500 3682 795 3737 Barbaricis
825 3684 971 3739 hisce
1000 3687 1326 3742 carminibus
1367 3686 1579 3741 additur
1601 3703 1724 3743 mox
1756 3687 2015 3759 praefatio,
2058 3689 2144 3743 cui
2183 3688 2421 3745 succedit
2451 3689 2633 3744 titulus
2664 3708 2676 3741 :
2712 3687 2976 3759 Incipiunt
3023 3703 3287 3742 sermones
3332 3689 3502 3739 sancti
3539 3683 3760 3738 Maximi

500 3773 834 3831 Taurinenst's
871 3777 1117 3847 episcopi.

565 3863 677 3919 VII.
711 3866 816 3920 Sed
845 3866 1097 3935 quoniam
1118 3866 1186 3921 de
1214 3868 1487 3922 codicibus
1514 3867 1854 3923 bibliothecae
1880 3868 2092 3924 Sanctae
2112 3868 2298 3925 Crucis
2317 3870 2495 3925 dicere
2519 3869 2799 3938 ccepimus,
2832 3884 2939 3923 non
2968 3869 3199 3944 alienum
3228 3866 3440 3921 videtur
3467 3880 3606 3931 esse,
3639 3866 3763 3921 breo

498 3953 636 4008 viter
660 3952 728 4007 de
752 3955 1076 4010 lectionariis
1098 3955 1307 4010 duobus
1334 3957 1484 4011 libris
1502 3958 1595 4026 qui
1615 3959 1670 4011 in
1695 3956 1882 4012 eadem
1907 3966 2208 4025 servantur,
2232 3958 2516 4014 disserere.
2548 3958 2685 4014 Sunt
2709 3959 2762 4013 hi
2784 3958 3177 4014 membranacei
3207 3955 3444 4012 in-folio.
3476 3955 3759 4024 grandius-

496 4042 633 4099 culis
660 4043 1021 4112 semigothicis
1043 4085 1057 4110 ,
1099 4030 1171 4098 ut.
1200 4046 1351 4099 aiunt
1373 4084 1389 4111 ,
1432 4046 1626 4101 litteris
1653 4047 1879 4101 exarati.
1910 4044 2203 4101 Continent
2240 4045 2410 4121 [va11]
2453 4062 2730 4103 sermones
2756 4047 2926 4102 sancti
2964 4046 3178 4101 Maximi
3209 4046 3427 4101 omnino
3455 4042 3758 4100 duodecim.

500 4132 625 4188 Inde
653 4147 753 4202 ego
782 4133 934 4203 plura
979 4133 1222 4204 decerpsi
1248 4135 1406 4205 plena
1436 4137 1681 4192 utilitatis
1707 4137 1974 4207 planeque
2004 4138 2192 4206 digna,
2233 4153 2351 4207 qua:
2379 4140 2433 4192 in
2463 4139 2603 4194 hanc
2642 4148 2884 4193 nostram
2913 4138 3292 4193 collectionem
3318 4136 3757 4192 transferrentur.

567 4219 703 4274 VIII.
736 4220 943 4286 Restat,
987 4230 1046 4276 ut
1074 4222 1140 4277 de
1178 4223 1365 4279 codice
1393 4226 1601 4295 loquar,
1641 4241 1823 4296 quem,
1856 4242 2016 4296 supra
2055 4227 2258 4292 monui,
2289 4228 2629 4283 statuendum
2670 4243 2789 4284 esse
2826 4229 3041 4283 tertium
3082 4230 3493 4298 prmcipuorum.
3538 4225 3633 4320 ξεῖ,
3670 4225 3761 4281 ille

501 4312 836 4369 bibliotheca:
861 4312 1229 4370 Ambrosianum
1255 4315 1665 4373 Mediolanensis
1694 4318 1887 4372 litteris
1919 4317 2342 4386 Longobardicis
2369 4319 2702 4389 perscriptus
2729 4325 2922 4374 octavo
2957 4317 3247 4373 Christiani
3274 4316 3506 4372 nominis
3542 4312 3758 4378 s'mculo,

499 4401 845 4470 signatusque
872 4401 1052 4457 littera
1079 4401 1142 4467 C,
1174 4419 1321 4458 num.
1352 4403 1440 4458 98.
1483 4403 1650 4479 Pendi
1677 4413 1856 4461 autem
1887 4422 2011 4462 eum
2051 4423 2081 4460 a
2111 4409 2334 4463 summis
2360 4408 2491 4464 viris
2527 4410 2825 4479 permagni,
2867 4410 3163 4480 prmsertim
3198 4423 3328 4464 vero
3368 4422 3399 4460 a
3428 4403 3758 4469 Mabillouio,

499 4488 900 4559 Muratorioque
928 4491 1187 4559 intelligo.
1218 4491 1336 4558 Quo
1365 4493 1536 4562 magis
1562 4493 1850 4549 dolendum
1875 4505 1976 4562 est,
2008 4512 2257 4553 mancum
2286 4497 2460 4569 ipsum
2489 4498 2733 4568 pluribus
2754 4500 2888 4555 locis
2911 4515 3050 4565 esse,
3076 4507 3236 4568 atque
3264 4496 3416 4551 initio
3444 4492 3760 4565 postremis-

498 4597 603 4650 que
641 4583 848 4652 paginis
873 4591 1166 4638 carentem.
1198 4584 1333 4640 Hinc
1370 4585 1498 4640 illud
1527 4594 1609 4641 est
1652 4588 1979 4644 incommodi
2015 4598 2384 4656 consecutum,
2426 4599 2484 4645 ut
2523 4574 2779 4661 opuscula
2807 4590 3049 4661 quaedam
3074 4589 3265 4644 eodem
3293 4586 3476 4642 codice
3509 4596 3758 4652 compre-

501 4675 686 4739 hensa,
713 4674 813 4728 nisi
841 4662 1022 4728 multis
1049 4675 1362 4743 magnisque
1386 4676 1495 4730 suis
1515 4676 1753 4745 partibus
1773 4677 2053 4745 diminuta,
2079 4678 2254 4733 efferri
2283 4680 2338 4734 in
2365 4679 2537 4737 lucem
2562 4679 2914 4748 nequiverint.
2940 4678 3015 4732 De
3035 4692 3143 4746 quo
3170 4674 3385 4746 quidem
3406 4672 3614 4737 codice,
3636 4685 3757 4726 cum

503 4782 570 4818 cx
597 4763 803 4821 Joanne
832 4767 1067 4835 Baptista
1097 4766 1302 4822 Branca
1329 4767 1447 4822 viro
1474 4783 1604 4823 sane
1631 4769 1793 4825 docto
1818 4785 1883 4825 ac
1915 4769 2179 4838 diligenti,
2198 4772 2290 4840 qui
2309 4779 2465 4827 tanta
2493 4773 2575 4826 sui
2601 4772 2760 4827 laude
2796 4769 3083 4834 substituti,
3113 4776 3174 4822 ut
3202 4769 3370 4833 aiunt,
3398 4764 3651 4835 prmfccto
3679 4761 3759 4815 bi-

504 4854 782 4909 bliotheca:
805 4854 1040 4924 fungitur
1055 4871 1297 4923 munere,
1324 4857 1652 4925 qumsissem,
1670 4858 1748 4914 sic
1767 4861 1942 4930 reperi
1972 4879 1985 4913 :
2013 4862 2330 4930 pertinuisse
2350 4862 2590 4918 codicem
2612 4863 2783 4932 ipsum
2805 4861 2931 4917 olim
2962 4858 3031 4913 ad
3054 4858 3436 4915 monasterium
3466 4853 3758 4916 Bobiense;
3787 4910 3790 4913 _

505 4941 768 4997 excidisse
795 4944 945 5009 inde;
973 4960 1275 5014 magnoque
1300 4945 1390 5000 diu
1420 4955 1543 5016 post
1570 4949 1743 5017 pretio
1772 4951 1840 5005 ab
1887 4952 2312 5009 eminentissimo
2353 4953 2658 5022 eximieque
2700 4952 2944 5008 doctrina
2973 4966 3036 5006 ac
3080 4951 3280 5006 virtute
3321 4945 3615 5003 clarissimo
3646 4944 3759 4997 viro

506 5031 765 5087 cardinali
786 5033 1072 5091 Frcderico
1092 5037 1387 5093 Borromeo
1407 5046 1620 5108 partum
1642 5038 1823 5106 fuisse,
1855 5042 2166 5112 illatumque
2199 5046 2251 5099 in
2274 5045 2638 5114 percelebrem
2664 5044 3079 5099 Ambrosiauam.
3092 5040 3489 5102 bibliothecam,
3512 5050 3630 5104 ιιυεε
3656 5050 3763 5089 ηοη

504 5124 794 5181 Mediolani
834 5126 1027 5191 solum,
1057 5128 1153 5183 sed
1178 5129 1342 5185 Italize
1370 5130 1531 5185 etiam
1560 5131 1821 5187 universa:
1850 5133 2057 5200 insigne
2085 5142 2168 5187 est
2209 5134 2373 5189 decus
2419 5143 2476 5189 et
2502 5142 2894 5189 ornamentum.
2927 5132 3216 5188 Sermones
3259 5129 3311 5181 in
3354 5126 3543 5182 eodem
3581 5125 3765 5181 codice

504 5218 707 5288 plures,
737 5215 832 5273 sed
868 5230 1115 5285 magnam
1146 5229 1353 5287 partem
1377 5222 1764 5292 deplorandum
1796 5223 1849 5277 in
1877 5225 2093 5278 modum
2131 5224 2429 5294 discerptos
2460 5232 2620 5294 atque
2658 5224 2965 5279 decurtatos
3001 5221 3167 5278 cerni.
3199 5220 3401 5275 IIorum
3436 5218 3643 5286 aliquos
3671 5233 3767 5271 au-

505 5315 715 5364 ctorum
743 5308 961 5365 nomina
988 5308 1269 5378 praeferre;
1293 5322 1517 5367 caeteros
1544 5321 1731 5368 contra
1754 5330 1860 5369 non
1893 5315 2039 5367 item.
2062 5313 2387 5369 Eorumdem
2408 5331 2526 5371 esse
2547 5315 2831 5370 nonnullos
2852 5315 3112 5382 ascriptos
3132 5312 3389 5366 Maximo.
3413 5309 3544 5365 Tam
3569 5308 3768 5363 veteris

507 5409 723 5468 tamque
750 5400 948 5468 egregii
986 5398 1188 5477 codicis
1213 5401 1592 5469 praedicatores
1619 5421 1683 5459 ac
1724 5403 1960 5458 vindices
1988 5419 2095 5458 non
2127 5406 2260 5457 tanti
2306 5405 2421 5471 ejus
2449 5419 2568 5459 esse
2610 5405 2767 5459 fidem
2806 5411 3012 5472 putare,
3043 5411 3101 5456 ut
3125 5417 3228 5456 una
3257 5402 3422 5472 ipsius
3448 5400 3767 5455 auctoritate
3833 5412 3843 5423 ·

505 5489 785 5560 dijudicari
819 5490 1087 5559 statuique
1114 5488 1305 5559 possit,
1338 5490 1547 5544 cuinam
1576 5490 1795 5547 Patrum
1823 5507 2089 5561 quemque
2116 5508 2418 5547 sermonem
2456 5501 2734 5562 acceptum
2764 5491 2966 5547 referre
2994 5500 3263 5561 oporteat.
3302 5490 3642 5561 Ludovicum‘
3661 5486 3769 5540 An-

506 5584 714 5641 tonium
743 5584 1091 5640 Muratorium
1121 5600 1189 5639 ex
1227 5597 1293 5638 eo
1340 5598 1615 5642 sermones
1644 5589 1988 5658 exscripsisse
2014 5596 2221 5657 septem
2247 5602 2311 5642 ac
2355 5587 2715 5657 septuaginta,
2764 5600 3058 5654 eorumque
3092 5586 3273 5656 plures
3309 5585 3399 5653 qui
3440 5581 3566 5636 editi
3609 5586 3767 5633 antea

507 5691 614 5732 nou
643 5673 865 5731 fuissent
886 5674 1170 5730 inseruisse
1189 5680 1384 5743 quarto
1406 5681 1551 5730 tomo
1566 5674 1989 5731 Anecdotorum.
2010 5673 2125 5730 Iam
2150 5675 2217 5730 de
2245 5674 2313 5729 98
2332 5674 2669 5730 bibliotheca:
2693 5673 3058 5728 Ambrosiam:
3081 5673 3265 5728 codice
3287 5672 3417 5727 satis
3436 5669 3637 5724 dictum
3664 5671 3768 5722 est.
