4138 6186
316 344 385 401 2|
1744 327 1948 385 ΡΒᾹΞΡ

1939 326 2128 383 Ἀτιο.
3504 318 3573 371 9-3

389 456 469 512 De
494 452 717 523 reliquis
744 450 995 521 deinceps
1016 462 1188 518 agam,
1220 461 1343 517 qua:
1369 458 1565 515 magno
1616 443 1749 498 mihi
1778 443 1896 497 usui
1937 442 2184 505 fuerunt;
2235 452 2387 507 agam
2427 445 2606 493 autem
2654 452 2817 507 quam
2839 436 3159 496 brevisSime
3177 445 3383 507 potero.
3410 439 3582 513 Atque

316 548 468 603 illum
498 544 681 614 priore
709 542 831 597 loco
853 539 1303 603 commemorabo,
1331 537 1423 606 qui
1452 550 1623 604 nuper
1652 533 2017 588 Ambrosianae
2048 532 2150 601 ipsi
2192 530 2530 586 bibliothecre
2568 539 2913 601 comparatus
2950 539 3051 596 est,
3083 544 3349 599 quemque
3387 530 3584 588 saeculo

316 652 373 691 xt
403 634 568 687 fuisse
599 630 855 699 scriptum
884 629 1203 698 accepimus.
1250 626 1343 681 Est
1388 626 1434 679 is
1476 625 1937 684 membranaceus,
1968 622 2314 689 continetque
2344 621 2618 674 homiliam
2649 621 2882 677 Maximo
2911 622 3219 676 attributam
3248 622 3310 674 de
3349 620 3587 691 Symboli

318 722 641 775 Traditione.
672 718 821 772 Hanc
848 718 968 771 inde
997 717 1283 771 canonicus
1309 714 1545 769 Joannes
1572 714 1812 782 Baptista
1843 712 2070 774 Branca,
2101 710 2251 779 cujus
2297 712 2540 780 proxime
2569 713 2928 776 meminimus,
2958 714 3259 782 descripsit,
3291 721 3345 766 et
3383 712 3450 766 ad
3485 728 3583 767 nos

314 829 422 867 una
456 828 579 865 cum
608 808 928 864 variantibus
958 807 1155 862 codicis
1185 805 1251 860 98
1277 806 1595 860 lectionibus
1624 804 1763 856 mitti
1791 802 2017 857 curavit.
2046 800 2197 866 Quod
2222 816 2287 855 eo
2314 801 2555 866 dicimus,
2591 811 2646 857 ut
2666 804 2893 871 quisque
2923 820 3021 859 nos
3046 820 3169 871 erga
3199 805 3368 859 virum
3398 805 3581 871 singu-

313 901 417 956 lari
445 900 685 956 doctrina
712 898 1149 967 humanitateque
1180 896 1458 966 praaditum
1490 902 1775 963 pernoscat
1808 907 1924 947 esse
1953 892 2301 959 gratissimos.

391 990 505 1045 Jam
534 990 598 1043 de
626 988 837 1043 caeteris
858 986 1129 1041 codicibus
1158 983 1642 1039 Mediolanensibus
1669 982 1744 1035 sic
1766 983 1936 1036 lector
1959 982 2173 1035 habeat.
2209 981 2406 1035 llorutn
2441 983 2539 1042 (uti
2563 999 2661 1038 nos
2692 985 2979 1053 imperialis
3006 986 3238 1042 basilicae
3266 989 3581 1045 Modmtien~

312 1087 393 1141 sis
423 1086 714 1139 canonicus
750 1082 1028 1148 theologus
1062 1080 1324 1135 Antonius
1356 1078 1671 1131 Franciscus
1702 1076 1920 1142 Frisios,
1947 1078 2027 1129 vir
2049 1077 2325 1145 splendido
2364 1078 2577 1146 ingenio
2609 1080 2980 1147 exquisitaque
3006 1080 3305 1134 eruditione
3340 1081 3579 1147 illustris,

313 1177 579 1232 certiores
602 1174 747 1243 fecit)
784 1175 996 1235 horum,
1029 1174 1265 1241 inquam,
1298 1172 1444 1226 fuere
1474 1172 1524 1225 in
1558 1169 1689 1241 [xix]
1721 1169 2074 1223 Ambrosiana
2102 1169 2322 1222 basilica
2354 1169 2751 1223 membranacei
2773 1170 2880 1224 duo
2910 1169 3140 1234 in-folio,
3166 1185 3302 1237 quos
3324 1186 3409 1231 an.
3445 1172 3580 1224 15M

314 1265 605 1333 exscripsit
632 1264 922 1317 canonicus
943 1261 1155 1317 Casul’a.
1185 1261 1333 1315 Alter
1351 1268 1535 1314 manet
1560 1260 1752 1323 adhuc,
1777 1259 1914 1312 alter
1936 1258 2203 1313 intercidit
2226 1259 2417 1327 injuria
2446 1269 2781 1329 temporum;
2815 1269 2869 1314 at
2890 1261 3047 1330 hujus
3070 1270 3247 1315 tamen
3278 1265 3578 1332 exemplum

312 1355 643 1410 Casulanum
674 1360 868 1408 exstat.
900 1352 976 1406 Ex
1007 1362 1233 1420 utroque
1275 1352 1479 1405 Frisius
1505 1352 1757 1406 bomilias
1797 1350 2002 1417 aliquot
2032 1365 2225 1404 nomen
2258 1351 2472 1404 Maximi
2504 1352 2847 1421 prmferentes
2876 1356 3104 1422 excepit,
3137 1371 3361 1424 quarum
3392 1371 3473 1421 ea,
3506 1358 3582 1411 uti

310 1446 447 1499 mihi
476 1445 693 1514 quidem
717 1446 942 1509 videtur,
972 1445 1266 1513 principem
1296 1443 1471 1498 locum
1503 1443 1729 1505 obtinet,
1762 1457 1879 1510 qua:
1906 1441 1969 1494 de
2001 1444 2348 1510 Reparatione
2376 1441 2622 1496 Ecclesiw
2650 1444 2867 1513 majoris
2899 1444 3301 1498 Mediolanensis
3337 1446 3583 1500 inscribi-

311 1544 422 1589 tur.
458 1537 574 1589 Non
604 1536 747 1590 enim
778 1534 1120 1589 mediocriter
1145 1534 1211 1588 ad
1238 1542 1453 1587 mtatem
1476 1532 1690 1585 Maximi
1729 1533 2069 1586 statuendam
2113 1533 2339 1588 confert.
2370 1533 2445 1587 De
2487 1535 2694 1588 caeteris
2726 1536 2776 1589 in
2809 1535 3265 1591 admonitionibus
3295 1538 3580 1602 disseram,

312 1641 457 1694 quas
485 1626 677 1694 cuique
704 1624 938 1678 homilim
972 1632 1133 1693 atque
1166 1623 1399 1678 sermoni
1433 1623 1750 1691 prmmittam
1785 1630 2088 1690 Opportune
2127 1636 2190 1676 ac
2219 1623 2470 1690 tempori.
2501 1624 2728 1679 Codices
2757 1635 3017 1693 praeterea
3059 1627 3198 1680 idem
3238 1628 3350 1695 ipse
3384 1628 3585 1682 Frisius

312 1716 589 1770 consuluit
608 1715 804 1769 saeculo
834 1730 887 1769 xt
908 1716 1232 1783 perscriptos
1254 1714 1473 1768 omnino
1503 1721 1637 1775 tres,
1664 1726 1890 1779 quorum
1921 1713 2129 1779 priores
2148 1712 2255 1765 duo
2284 1712 2349 1764 ad
2379 1713 2727 1768 Modaztiense
2756 1716 3047 1784 capitulum
3072 1718 3361 1785 pertinent,
3395 1720 3584 1773 tertius

315 1802 391 1856 ad
418 1803 790 1857 bibliothecam
813 1801 1065 1857 Ecclesia:
1086 1803 1512 1871 metropolitanze
1539 1800 1968 1855 Mediolanensis.
1992 1800 2121 1866 Quae
2143 1801 2195 1854 in
2224 1801 2410 1855 iisdem
2433 1803 2521 1856 ille
2551 1805 2928 1859 animadvertit
2951 1806 3107 1874 digna
3130 1824 3293 1877 opere
3317 1824 3379 1863 ac
3400 1810 3585 1865 labore

316 1904 529 1961 nostro,
567 1897 800 1951 sedulam
841 1913 1082 1966 operam,
1116 1905 1172 1950 ut
1199 1896 1482 1963 diligenter
1512 1894 1996 1949 transcriberentur
2024 1901 2078 1946 et
2116 1893 2184 1947 ad
2218 1909 2315 1949 nos
2344 1903 2457 1949 tuto
2481 1896 2862 1965 perferrentur,
2895 1896 3063 1951 dedit.
3092 1896 3197 1952 Sed
3229 1899 3296 1953 de
3326 1900 3584 1956 Mediola-

316 1987 572 2041 nensibus
602 1987 1145 2056 Modmtiensibusque
1167 1988 1439 2042 codicibus
1460 1987 1735 2041 hactenus.

383 2082 477 2136 IX.
520 2082 671 2138 Nunc
698 2084 763 2138 de
792 2085 1114 2153 Subalpinis.
1149 2084 1350 2138 llorum
1379 2085 1579 2152 aliquot
1612 2082 1893 2153 (beneflcio
1928 2083 2145 2154 Josephi
2176 2083 2488 2146 Vernazzze,
2522 2085 2682 2139 domo
2710 2085 2862 2149 Alba,
2896 2086 2993 2138 viri
3032 2085 3226 2139 nobilis
3255 2084 3583 2141 studiosissi-

315 2173 495 2240 tuique
524 2174 924 2244 antiquitatum)
953 2183 1035 2229 est
1062 2174 1127 2229 ad
1156 2190 1254 2228 nos
1282 2174 1485 2243 perlata
1517 2174 1726 2228 notitia.
1758 2173 1806 2227 ls
1828 2182 1885 2227 ut
1908 2174 2137 2242 primum
2169 2174 2450 2238 intellexit,
2480 2190 2508 2227 a
2538 2175 2633 2228 Pio
2664 2174 2728 2227 Vl
2759 2174 2994 2243 pontiﬁci
3024 2174 3257 2228 maximo
3280 2173 3586 2241 impositum

315 2265 472 2318 nobis
500 2266 662 2320 fuisse
696 2268 863 2321 sancti
889 2266 1103 2320 Maximi
1133 2282 1355 2336 operum
1385 2265 1803 2335 colligendorum
1834 2276 1995 2336 atque
2042 2268 2371 2322 edendorum
2412 2283 2567 2331 onus,
2601 2254 2884 2322 Francisco
2928 2267 3264 2337 Meyranesio
3302 2269 3585 2323 academiae

316 2350 662 2407 Taurinensis
687 2355 955 2421 theologo,
989 2355 1162 2408 amico
1192 2370 1289 2408 suo
1312 2354 1497 2422 reique
1526 2355 1828 2409 christiana:
1855 2358 2168 2425 antiquaria:
2191 2357 2534 2425 peritissimo,
2560 2359 2843 2426 persuasit,
2876 2367 2935 2412 ut
2962 2374 3080 2427 qum
3108 2360 3360 2415 diuturno
3388 2360 3584 2427 studio,

318 2441 756 2498 illustrandorum
786 2445 955 2498 sancti
986 2444 1238 2498 antistitis
1265 2455 1736 2499 monumentorum
1765 2464 1947 2512 causa,
1974 2458 2329 2516 compararat,
2365 2449 2517 2502 nobis
2556 2449 2683 2517 ipsis
2722 2450 2774 2503 in
2817 2458 3138 2519 potestatem
3180 2451 3492 2519 permittere
3523 2467 3585 2506 ne

317 2540 647 2598 gravaretur.
683 2533 921 2599 Quatuor
944 2534 1055 2602 jam
1084 2536 1297 2591 codices
1325 2537 1531 2591 viderat
1563 2538 1945 2608 Meyranesius,
1977 2555 2176 2608 eosque
2197 2556 2315 2595 cum
2344 2540 2502 2595 editis
2523 2540 2860 2595 considerate
2883 2557 2945 2595 ac
2965 2542 3246 2609 diligenter
3266 2543 3584 2606 contulerat,

314 2622 592 2690 multaque
620 2624 743 2677 inde
772 2625 1040 2690 hauserat,
1071 2641 1189 2694 qua:
1217 2626 1438 2682 editioni
1470 2628 1536 2697 (si
1564 2642 1668 2695 qua
1698 2627 1911 2682 demum
1952 2630 2253 2683 accuratior
2281 2629 2583 2699 pararetur)
2616 2638 2822 2698 partem
2853 2630 3044 2685 afferre
3070 2631 3473 2685 commodorum
3501 2639 3584 2685 at-

316 2733 421 2787 que
449 2721 751 2773 ornamenti
789 2730 1024 2789 possent.
1076 2721 1200 2777 llaec
1240 2723 1328 2777 ille
1364 2737 1479 2778 rem
1519 2730 1573 2777 et
1611 2724 1785 2777 amico
1827 2732 2033 2791 gratam
2082 2732 2136 2778 et
2174 2724 2424 2779 Ecclesize
2453 2724 2640 2778 utilem
2687 2722 2938 2787 facturus,
2972 2723 3249 2777 nobiscum
3297 2723 3584 2778 liberaliter

316 2810 749 2863 communicavit.
793 2809 1047 2865 Codicum
1097 2822 1274 2866 autem
1321 2813 1531 2867 illorum
1578 2820 1809 2881 quatuor
1854 2815 2001 2882 prior
2048 2823 2129 2869 est
2168 2814 2541 2879 Taurinensis;
2594 2816 2730 2868 alter
2768 2831 2831 2870 ac
2871 2814 3061 2869 tertius
3102 2815 3409 2868 monasterii
3457 2815 3586 2868 olim

315 2894 535 2951 fuerunt
562 2899 733 2953 sancti
778 2898 1024 2953 Dalmatii
1073 2898 1436 2966 Pedonensis;
1464 2911 1685 2969 quartus
1714 2902 1781 2955 ad
1828 2904 2120 2970 prioratum
2160 2903 2227 2957 de
2257 2904 2531 2973 Appannis
2571 2905 2869 2974 spectabat,
2900 2905 2990 2973 qui
3038 2905 3090 2957 in
3120 2919 3249 2973 agro
3284 2912 3401 2961 erat
3429 2904 3583 2959 Salu-

316 2985 534 3038 tiarum.

385 3074 562 3129 Priori
594 3077 703 3132 haec
731 3086 813 3132 est
841 3066 1085 3149 apposita
1117 3082 1417 3135 recentiore
1458 3098 1616 3135 manu
1649 3084 1923 3153 inscriptio
1959 3102 1970 3135 :
2002 3084 2081 3135 Ad
2118 3100 2264 3137 usum
2310 3085 2525 3153 majoris
2579 3084 2827 3138 Ecclesiae
2877 3084 3230 3138 Taurinensis.
3263 3083 3515 3138 Continet
3543 3084 3585 3138 is

315 3169 511 3238 partim
533 3169 796 3233 bomilias,
828 3171 1021 3239 partim
1051 3186 1326 3226 sermones
1356 3172 1569 3227 Maximi
1599 3174 1699 3226 1'22
1736 3190 1961 3242 quorum
1994 3175 2172 3244 plures
2214 3174 2446 3227 nondum
2489 3174 2755 3243 publicam
2802 3176 2974 3228 lucem
3016 3180 3355 3247 aspexerunt.
3388 3173 3585 3228 Eorum

316 3258 659 3328 postmodum
690 3260 917 3314 indicem
945 3260 1103 3325 dabo,
1136 3276 1199 3316 ac
1226 3262 1457 3316 homiliae
1485 3263 1739 3331 cujusque
1768 3273 1928 3331 atque
1969 3263 2230 3317 sermonis
2266 3264 2447 3318 titulos
2486 3272 2538 3317 et
2570 3264 2721 3317 initia
2751 3264 3067 3329 describam,
3101 3264 3365 3331 simulque
3407 3271 3584 3317 osten-

318 3353 463 3415 dam,
494 3352 664 3406 multo
686 3354 863 3422 plures
883 3355 1091 3409 habitas
1119 3354 1281 3409 fuisse
1320 3357 1591 3410 orationes
1618 3372 1648 3410 a
1689 3356 1940 3420 Maximo,
1968 3372 2087 3427 qua:
2114 3358 2379 3412 edacitate
2408 3358 2687 3411 vetustatis
2716 3356 2893 3411 invida
2921 3357 3213 3425 perierunt.
3246 3356 3451 3410 Interea
3485 3356 3584 3410 hoc

316 3440 551 3493 monebo
585 3459 599 3492 :
630 3442 687 3493 in
714 3441 815 3495 hoc
842 3441 1031 3496 eodem
1058 3442 1240 3510 priore
1262 3443 1466 3509 codice,
1500 3453 1557 3498 ut
1583 3446 1637 3498 in
1663 3446 1883 3514 reliquis
1906 3446 2074 3500 tribus
2102 3445 2299 3499 formas
2342 3446 2653 3513 plerumque
2681 3447 3052 3501 characterum
3079 3454 3171 3498 aut
3211 3461 3448 3513 prorsus,
3492 3452 3583 3497 aut

317 3546 462 3599 pene
500 3547 617 3585 esse
643 3533 865 3595 deletas,
898 3534 985 3586 vix
1015 3542 1073 3586 ut
1109 3533 1405 3601 fragmenta
1434 3535 1674 3603 qumdam
1703 3545 2036 3599 remaneant,
2069 3552 2186 3604 qua:
2230 3536 2452 3604 intelligi
2483 3535 2654 3599 facile,
2699 3545 2790 3588 aut
2820 3551 2925 3588 non
2966 3534 3248 3589 difficulter
3285 3535 3522 3603 suppleri
3551 3549 3581 3586 a

319 3620 502 3688 perito
529 3620 727 3673 lectore
759 3629 975 3687 queant.
1002 3620 1095 3675 Est
1116 3622 1159 3675 is
1183 3622 1351 3676 codex
1382 3624 1820 3678 membranaceus
1842 3624 2039 3688 in-fol.;
2072 3640 2299 3693 cumque
2320 3626 2432 3693 jam
2464 3640 2631 3693 usque
2653 3624 2718 3677 ab
2748 3640 2798 3677 xi
2820 3623 3108 3677 Christiani
3136 3624 3367 3675 nominis
3388 3623 3582 3674 sarculo

318 3710 555 3779 scriptus
576 3710 753 3772 fuerit,
779 3720 837 3764 ut
862 3714 976 3765 usui
1004 3721 1146 3768 esset
1166 3712 1417 3767 Ecclesiae
1440 3714 1771 3778 Taurinensi,
1798 3715 1868 3766 nil
1894 3716 2111 3783 impedit
2135 3715 2375 3784 profecto
2404 3718 2531 3783 quin
2560 3732 2624 3769 ex
2655 3715 2871 3784 optimis
2902 3712 3295 3781 exemplaribus
3321 3719 3577 3780 exceptus

320 3801 486 3854 fuisse
523 3800 788 3853 videatur.
820 3800 973 3866 Quod
1015 3814 1192 3858 autem
1232 3804 1355 3858 huic
1401 3814 1483 3858 est
1526 3804 1695 3859 codici
1734 3805 2022 3873 peculiare,
2073 3807 2239 3860 series
2278 3806 2394 3877 [xx]
2439 3816 2521 3861 est
2550 3807 2823 3873 continua,
2857 3816 2911 3860 et
2938 3804 3207 3872 colligatio
3237 3804 3578 3859 homiliarum

320 3890 709 3959 titulorumque
738 3891 1103 3959 appositorum
1134 3895 1264 3947 satis
1298 3895 1553 3959 castigate
1581 3894 1814 3964 perfecta
1845 3895 2151 3964 descriptio.

390 3976 835 4034 Membranaceus
862 3980 990 4033 item
1022 3980 1195 4035 in-fol.
1222 3981 1358 4034 alter
1379 3990 1460 4035 est
1488 3981 1676 4044 codex,
1698 3997 1855 4048 quem
1884 3983 2195 4036 monasterii
2221 3982 2404 4037 Sancti
2431 3983 2677 4037 Dalmatii
2700 3982 2965 4053 Martyris,
2999 3982 3326 4037 Pedonensis
3356 3988 3578 4045 tractus,

318 4069 487 4123 fuisse
506 4070 755 4124 diximus.
778 4070 879 4135 Qui
907 4086 1036 4125 sane
1059 4079 1259 4125 tractus
1284 4071 1429 4141 (post
1456 4086 1697 4125 eversam
1725 4069 1996 4124 Pedonem
2019 4072 2207 4125 urbem
2229 4073 2385 4126 sitam
2415 4072 2541 4125 olim
2573 4071 2639 4125 ad
2666 4071 2829 4141 pedes
2857 4070 3089 4141 Alpium)
3112 4072 3415 4139 attributus,
3440 4074 3580 4128 sedis

317 4162 634 4235 apostolica:
661 4163 1000 4227 auctoritate,
1030 4162 1126 4215 fuit
1176 4162 1372 4215 Montis
1424 4160 1636 4229 Regalis
1662 4162 1943 4230 episcopo.
1968 4162 2282 4229 Quanquam
2329 4177 2458 4214 vero
2488 4161 2704 4214 mutilus
2733 4161 2913 4216 multis
2940 4160 3047 4215 suis
3075 4161 3316 4233 partibus
3344 4163 3389 4217 is
3418 4162 3578 4216 etiam

316 4259 495 4314 codex
524 4260 625 4323 est,
650 4276 716 4313 ex
740 4256 972 4314 numeris
1002 4262 1180 4312 tamen
1209 4253 1463 4326 appositis
1490 4253 1646 4325 plane
1686 4253 2014 4321 dignoscitur
2041 4253 2454 4321 comprehensas
2486 4251 2672 4305 eodem
2703 4250 2865 4307 fuisse
2887 4252 3135 4308 liomilias
3163 4252 3266 4305 242
3293 4263 3347 4306 et
3375 4266 3579 4305 sermo-

316 4367 416 4405 nes
444 4348 534 4402 90.
565 4348 670 4403 Sed
692 4348 841 4403 deest
863 4347 1039 4413 index,
1063 4363 1220 4416 quem
1243 4346 1512 4403 sublatum
1537 4342 1658 4399 inde
1686 4350 1845 4412 atque
1874 4342 2113 4398 avulsum
2143 4341 2306 4398 fuisse
2337 4341 2585 4396 arbitror.
2617 4343 2674 4394 1n
2707 4342 2878 4395 fronte
2912 4344 3104 4410 prioris
3125 4343 3358 4395 homilia:
3386 4340 3579 4393 litteris

316 4442 637 4511 majusculis
664 4443 917 4510 scriptum
948 4448 1031 4494 est
1074 4458 1085 4491 τ
1121 4438 1185 4492 1η
1214 4438 1407 4492 Christi
1436 4439 1660 4491 nomine.
1701 4437 1884 4489 Amen.
1923 4435 2184 4505 Incipiunt
2216 4435 2438 4489 humilia:
2478 4437 2645 4487 sancti
2687 4433 2910 4486 Maximi
2954 4435 3178 4503 episcopi
3221 4432 3575 4484 Taurinensis.

316 4533 527 4589 Prioris
559 4532 797 4600 ejusdem
825 4531 1055 4587 bomilia:
1084 4530 1196 4584 hiec
1221 4535 1302 4584 est
1331 4529 1606 4598 inscriptio
1639 4546 1651 4580 :
1689 4526 1752 4581 In
1778 4528 1968 4598 vigiliis
1991 4526 2038 4579 Ν
2048 4528 2296 4580 ativitatis
2318 4525 2550 4580 Domini.
2584 4524 2774 4593 Incipit
2797 4532 2974 4577 autem
3002 4524 3103 4577 hoc
3134 4522 3293 4575 modo
3327 4539 3342 4574 ι
3373 4518 3580 4573 Lamia

314 4633 515 4695 quanta
543 4632 638 4687 est,
669 4633 989 4695 quantusque
1020 4639 1319 4677 concursus.
1338 4620 1709 4688 Sequebantur
1735 4632 1898 4686 porro
1928 4617 2158 4670 homiliie
2187 4618 2249 4669 de
2266 4614 2556 4669 Nativitate
2571 4614 2805 4677 Domini,
2823 4614 2885 4666 de
2904 4614 3213 4683 Epiphania,
3239 4613 3301 4664 de
3318 4610 3584 4678 Baptismo

316 4715 533 4779 Christi,
563 4716 627 4769 de
654 4715 1087 4786 Quadragesima,
1119 4714 1183 4766 de
1213 4712 1440 4774 Pascha,
1465 4710 1526 4762 de
1552 4708 1864 4760 Ascensione
1894 4707 2121 4769 Domini,
2152 4708 2215 4758 de
2237 4706 2557 4759 Pentecoste.
2592 4703 2685 4758 His
2714 4703 3003 4758 succedunt
3036 4714 3326 4762 sermones,
3351 4711 3580 4765 quorum

317 4810 403 4856 est
424 4818 455 4856 a
478 4803 633 4856 nobis
655 4803 816 4871 paulo
844 4811 968 4856 ante
996 4800 1132 4855 facta
1163 4799 1381 4853 mentio.
1415 4796 1528 4861 Qua
1561 4806 1686 4849 vero
1713 4802 1872 4847 actate
1900 4794 2229 4873 perscriptus
2254 4794 2296 4846 is
2316 4793 2484 4847 codex
2510 4794 2690 4856 fuerit,
2722 4791 2970 4860 cognosci
2997 4806 3062 4845 ex
3084 4789 3165 4843 his
3189 4800 3308 4855 qua:
3337 4804 3462 4841 mox
3487 4786 3584 4839 ad-

312 4890 442 4945 dam
470 4899 668 4960 potest,
700 4905 924 4959 quicque
958 4890 1008 4943 in
1039 4896 1280 4943 extremo
1310 4888 1423 4954 ipso
1454 4884 1637 4938 codice
1663 4883 1787 4937 licet
1815 4884 1993 4950 legere
2020 4901 2031 4934 :

1064 5009 1262 5069 Accipe,
1290 5005 1493 5069 Dalmati
1520 5012 1719 5065 martyr,
1740 5004 1865 5065 quod
1889 5005 2026 5069 trado
2050 5003 2401 5069 munusculum,

1068 5066 1327 5116 Monachus
1350 5067 1582 5126 Atpcrtus
1607 5069 1651 5112 in
1681 5073 1764 5112 tuo
1789 5066 2119 5113 cmunbiarcba

1066 5130 1242 5177 Sancto
1264 5130 1557 5175 monasterio
1581 5128 1642 5173 de
1667 5128 1860 5173 civitate
1889 5126 2099 5174 Pedona.

1065 5191 1299 5240 Maximus
1315 5190 1404 5237 hoc
1423 5190 1609 5250 scripsit
1628 5186 1805 5249 prtesul
1824 5186 1884 5235 de
1910 5188 2108 5236 civitate
2136 5184 2360 5236 Taurina.

393 5319 681 5385 Quondam
758 5360 771 5372 .
851 5360 862 5371 .
944 5359 955 5371 .
1034 5318 1395 5388 descripsimus
1432 5322 1479 5368 el
1520 5289 1622 5368 nos
1687 5349 1701 5365 .
1781 5349 1793 5363 .
1876 5351 1887 5363 .
1969 5310 2198 5379 Imperio
2247 5311 2411 5363 nostri
2458 5305 2759 5361 venerabilis
2813 5303 2973 5356 abbas
3028 5301 3303 5371 Ralpertus
3379 5339 3391 5352 .
3473 5339 3484 5351 .
3565 5338 3577 5351 .

304 5419 577 5483 regnante
613 5410 832 5465 Domino
865 5418 1040 5462 nostra
1068 5406 1264 5461 Karolo
1290 5423 1406 5475 rege
1444 5401 1900 5473 Langobardorum
1923 5411 1969 5453 et
2002 5400 2348 5461 Francorum,
2375 5415 2514 5450 anno
2590 5436 2602 5449 .
2684 5437 2695 5449 .
2777 5437 2788 5447 .
2869 5395 2923 5449 In
2954 5404 3200 5448 octavum
3231 5392 3389 5457 igitur
3416 5405 3581 5444 δωρη-

301 5482 430 5559 luti)
481 5502 848 5569 conjiciendus
878 5501 921 5553 is
944 5500 1111 5554 codex
1142 5506 1239 5552 est.
1274 5497 1403 5550 Nam
1433 5494 1647 5548 aliunde
1674 5502 1902 5557 constat,
1936 5493 2249 5561 Ratpertum
2278 5506 2344 5543 eo
2392 5498 2631 5557 tempore
2674 5488 2951 5558 praefuisse
2981 5486 3229 5542 coenobio
3261 5482 3580 5569 Pedonensi,

302 5612 427 5665 quo
458 5560 707 5663 tempore
736 5608 911 5646 rerum
943 5591 1245 5659 potiebatur
1270 5588 1496 5641 Carolus
1531 5586 1770 5653 Magnus.
1804 5584 1854 5636 Is
1886 5560 2064 5637 autem
2096 5595 2320 5646 regnare
2344 5580 2504 5647 coepit
2533 5595 2619 5632 an.
2657 5580 2775 5648 768,
2807 5595 2868 5633 ac
2899 5577 3175 5631 redimitus
3199 5560 3458 5643 imperiali
3486 5584 3578 5626 c0«

299 5701 459 5745 ron:
488 5684 588 5740 fuit
611 5686 679 5739 ab
708 5683 885 5739 Leone
914 5681 976 5735 lll
1008 5680 1066 5733 Ρ.
1090 5679 1159 5733 M.
1191 5695 1274 5733 an.
1304 5677 1424 5741 800,
1451 5676 1648 5731 Christi
1675 5673 1977 5730 Servatoris
2007 5670 2169 5724 natali
2198 5668 2299 5721 die.
