  <div class='ocr_page' id='page_1' title='image "/cluster/home/n/w/nwhite01/storage/ocr_20150623/57/hvd.32044054758669/017.png"; bbox 0 0 4138 6186; ppageno 0'>
   <div class='ocr_carea' id='block_1_1' title="bbox 513 318 3782 406">
    <p class='ocr_par' dir='ltr' id='par_1_1' title="bbox 513 318 3782 406">
     <span class='ocr_line' id='line_1_1' title="bbox 513 318 3782 406; baseline 0.008 -26"><span class='ocrx_word' id='word_1_1' title='bbox 513 318 583 372; x_wconf 62' lang='grc' dir='ltr'><strong>εὖ</strong></span> <span class='ocrx_word' id='word_1_2' title='bbox 1939 332 2322 397; x_wconf 65' lang='lat' dir='ltr'><strong>PREFATIO.</strong></span> <span class='ocrx_word' id='word_1_3' title='bbox 3711 349 3782 406; x_wconf 57' lang='lat'><strong>21‘</strong></span> 
     </span>
    </p>
   </div>
   <div class='ocr_carea' id='block_1_2' title="bbox 585 439 3780 541">
    <p class='ocr_par' dir='ltr' id='par_1_2' title="bbox 585 439 3780 541">
     <span class='ocr_line' id='line_1_2' title="bbox 585 439 3780 541; baseline 0.011 -45"><span class='ocrx_word' id='word_1_4' title='bbox 585 439 795 498; x_wconf 76' lang='lat' dir='ltr'><strong>Tertius</strong></span> <span class='ocrx_word' id='word_1_5' title='bbox 817 445 1006 511; x_wconf 86' lang='lat' dir='ltr'><strong>codex,</strong></span> <span class='ocrx_word' id='word_1_6' title='bbox 1033 461 1196 518; x_wconf 88' lang='lat' dir='ltr'><strong>quem</strong></span> <span class='ocrx_word' id='word_1_7' title='bbox 1231 445 1562 509; x_wconf 80' lang='lat' dir='ltr'><strong>Pedonensi‘s</strong></span> <span class='ocrx_word' id='word_1_8' title='bbox 1599 453 1840 524; x_wconf 89' lang='lat' dir='ltr'><strong>ejusdem</strong></span> <span class='ocrx_word' id='word_1_9' title='bbox 1868 460 2182 514; x_wconf 78' lang='lat' dir='ltr'><strong>monasterii</strong></span> <span class='ocrx_word' id='word_1_10' title='bbox 2213 461 2376 516; x_wconf 78' lang='lat' dir='ltr'><strong>fuisse</strong></span> <span class='ocrx_word' id='word_1_11' title='bbox 2404 461 2704 527; x_wconf 84' lang='lat' dir='ltr'><strong>docuimus,</strong></span> <span class='ocrx_word' id='word_1_12' title='bbox 2729 473 2983 521; x_wconf 85' lang='lat' dir='ltr'><strong>exaratus</strong></span> <span class='ocrx_word' id='word_1_13' title='bbox 3008 466 3078 521; x_wconf 84' lang='lat' dir='ltr'><strong>ab</strong></span> <span class='ocrx_word' id='word_1_14' title='bbox 3110 465 3338 538; x_wconf 86' lang='lat' dir='ltr'><strong>joscpbo</strong></span> <span class='ocrx_word' id='word_1_15' title='bbox 3367 468 3633 527; x_wconf 85' lang='lat' dir='ltr'><strong>monacho</strong></span> <span class='ocrx_word' id='word_1_16' title='bbox 3657 467 3780 541; x_wconf 80' lang='lat' dir='ltr'><strong>fuit,</strong></span> 
     </span>
    </p>
   </div>
   <div class='ocr_carea' id='block_1_3' title="bbox 513 539 3782 635">
    <p class='ocr_par' dir='ltr' id='par_1_3' title="bbox 513 539 3782 635">
     <span class='ocr_line' id='line_1_3' title="bbox 513 539 3782 635; baseline 0.009 -47"><span class='ocrx_word' id='word_1_17' title='bbox 513 548 622 635; x_wconf 68' lang='lat' dir='ltr'><strong>quo</strong></span> <span class='ocrx_word' id='word_1_18' title='bbox 649 543 889 604; x_wconf 88' lang='lat' dir='ltr'><strong>tempore</strong></span> <span class='ocrx_word' id='word_1_19' title='bbox 916 539 1082 635; x_wconf 78' lang='lat' dir='ltr'><strong>abbas</strong></span> <span class='ocrx_word' id='word_1_20' title='bbox 1107 539 1367 598; x_wconf 83' lang='lat' dir='ltr'><strong>Henricus</strong></span> <span class='ocrx_word' id='word_1_21' title='bbox 1395 547 1722 601; x_wconf 88' lang='lat' dir='ltr'><strong>monasterio</strong></span> <span class='ocrx_word' id='word_1_22' title='bbox 1751 547 1851 616; x_wconf 92' lang='lat' dir='ltr'><strong>ipsi</strong></span> <span class='ocrx_word' id='word_1_23' title='bbox 1879 557 2126 616; x_wconf 72' lang='lat' dir='ltr'><strong>pneerat,</strong></span> <span class='ocrx_word' id='word_1_24' title='bbox 2159 565 2362 620; x_wconf 82' lang='lat' dir='ltr'><strong>rexque</strong></span> <span class='ocrx_word' id='word_1_25' title='bbox 2389 550 2651 606; x_wconf 80' lang='lat' dir='ltr'><strong>Henricus</strong></span> <span class='ocrx_word' id='word_1_26' title='bbox 2679 553 2732 607; x_wconf 94' lang='lat' dir='ltr'><strong>iu</strong></span> <span class='ocrx_word' id='word_1_27' title='bbox 2760 552 2912 609; x_wconf 83' lang='lat' dir='ltr'><strong>Italia</strong></span> <span class='ocrx_word' id='word_1_28' title='bbox 2940 556 3216 612; x_wconf 88' lang='lat' dir='ltr'><strong>obtinebat</strong></span> <span class='ocrx_word' id='word_1_29' title='bbox 3242 558 3616 630; x_wconf 84' lang='lat' dir='ltr'><strong>principatum.</strong></span> <span class='ocrx_word' id='word_1_30' title='bbox 3644 539 3782 618; x_wconf 79' lang='lat' dir='ltr'><strong>Nam</strong></span> 
     </span>
    </p>
   </div>
   <div class='ocr_carea' id='block_1_4' title="bbox 514 628 1648 690">
    <p class='ocr_par' dir='ltr' id='par_1_4' title="bbox 514 628 1648 690">
     <span class='ocr_line' id='line_1_4' title="bbox 514 628 1648 690; baseline 0.01 -11"><span class='ocrx_word' id='word_1_31' title='bbox 514 628 568 679; x_wconf 87' lang='lat' dir='ltr'><strong>in</strong></span> <span class='ocrx_word' id='word_1_32' title='bbox 589 635 834 681; x_wconf 86' lang='lat' dir='ltr'><strong>extremo</strong></span> <span class='ocrx_word' id='word_1_33' title='bbox 854 628 1044 684; x_wconf 86' lang='lat' dir='ltr'><strong>eodem</strong></span> <span class='ocrx_word' id='word_1_34' title='bbox 1065 631 1250 687; x_wconf 83' lang='lat' dir='ltr'><strong>codice</strong></span> <span class='ocrx_word' id='word_1_35' title='bbox 1277 635 1356 688; x_wconf 85' lang='lat' dir='ltr'><strong>sie</strong></span> <span class='ocrx_word' id='word_1_36' title='bbox 1375 635 1606 690; x_wconf 89' lang='lat' dir='ltr'><strong>habetur</strong></span> <span class='ocrx_word' id='word_1_37' title='bbox 1637 655 1648 689; x_wconf 91' lang='lat'>:</span> 
     </span>
    </p>
   </div>
   <div class='ocr_carea' id='block_1_5' title="bbox 1254 755 2402 822">
    <p class='ocr_par' dir='ltr' id='par_1_5' title="bbox 1254 755 2402 822">
     <span class='ocr_line' id='line_1_5' title="bbox 1254 755 2402 822; baseline 0.004 -17"><span class='ocrx_word' id='word_1_38' title='bbox 1254 755 1434 822; x_wconf 61' lang='lat' dir='ltr'><strong>{oseph</strong></span> <span class='ocrx_word' id='word_1_39' title='bbox 1459 757 1748 822; x_wconf 68' lang='lat' dir='ltr'><strong>monasticus</strong></span> <span class='ocrx_word' id='word_1_40' title='bbox 1758 757 2011 822; x_wconf 76' lang='lat' dir='ltr'><strong>librarius.</strong></span> <span class='ocrx_word' id='word_1_41' title='bbox 2038 767 2185 822; x_wconf 84' lang='lat' dir='ltr'><strong>atque</strong></span> <span class='ocrx_word' id='word_1_42' title='bbox 2217 760 2402 822; x_wconf 88' lang='lat' dir='ltr'><strong>peritus</strong></span> 
     </span>
    </p>
   </div>
   <div class='ocr_carea' id='block_1_6' title="bbox 1254 817 2724 886">
    <p class='ocr_par' dir='ltr' id='par_1_6' title="bbox 1254 817 2724 886">
     <span class='ocr_line' id='line_1_6' title="bbox 1254 817 2724 886; baseline 0.004 -20"><span class='ocrx_word' id='word_1_43' title='bbox 1254 817 1420 886; x_wconf 54' lang='lat' dir='ltr'><strong>geritis:</strong></span> <span class='ocrx_word' id='word_1_44' title='bbox 1441 817 1699 886; x_wconf 56' lang='lat' dir='ltr'><strong>descripsit</strong></span> <span class='ocrx_word' id='word_1_45' title='bbox 1713 818 1918 886; x_wconf 71' lang='lat' dir='ltr'><strong>librum,</strong></span> <span class='ocrx_word' id='word_1_46' title='bbox 1944 834 2091 886; x_wconf 73' lang='lat' dir='ltr'><strong>quem</strong></span> <span class='ocrx_word' id='word_1_47' title='bbox 2106 817 2270 882; x_wconf 61' lang='lat' dir='ltr'><strong>&#39;vide&#39;s,</strong></span> <span class='ocrx_word' id='word_1_48' title='bbox 2291 823 2504 870; x_wconf 78' lang='lat' dir='ltr'><strong>maxime</strong></span> <span class='ocrx_word' id='word_1_49' title='bbox 2530 823 2724 886; x_wconf 62' lang='lat' dir='ltr'><strong>presul,</strong></span> 
     </span>
    </p>
   </div>
   <div class='ocr_carea' id='block_1_7' title="bbox 1250 877 2407 942">
    <p class='ocr_par' dir='ltr' id='par_1_7' title="bbox 1250 877 2407 942">
     <span class='ocr_line' id='line_1_7' title="bbox 1250 877 2407 942; baseline -0.002 -16"><span class='ocrx_word' id='word_1_50' title='bbox 1250 877 1502 942; x_wconf 52' lang='lat' dir='ltr'><strong>Taurinas,</strong></span> <span class='ocrx_word' id='word_1_51' title='bbox 1532 877 1684 939; x_wconf 81' lang='lat' dir='ltr'><strong>Urbe,</strong></span> <span class='ocrx_word' id='word_1_52' title='bbox 1712 877 1925 929; x_wconf 80' lang='lat' dir='ltr'><strong>Henrico</strong></span> <span class='ocrx_word' id='word_1_53' title='bbox 1943 877 2121 942; x_wconf 84' lang='lat' dir='ltr'><strong>abbate</strong></span> <span class='ocrx_word' id='word_1_54' title='bbox 2148 877 2407 942; x_wconf 65' lang='lat' dir='ltr'><strong>regnanto,</strong></span> 
     </span>
    </p>
   </div>
   <div class='ocr_carea' id='block_1_8' title="bbox 1251 937 2518 1004">
    <p class='ocr_par' dir='ltr' id='par_1_8' title="bbox 1251 937 2518 1004">
     <span class='ocr_line' id='line_1_8' title="bbox 1251 937 2518 1004; baseline 0.005 -18"><span class='ocrx_word' id='word_1_55' title='bbox 1251 937 1470 1004; x_wconf 59' lang='lat' dir='ltr'><strong>ljedona,</strong></span> <span class='ocrx_word' id='word_1_56' title='bbox 1497 951 1553 987; x_wconf 84' lang='lat' dir='ltr'><strong>ac</strong></span> <span class='ocrx_word' id='word_1_57' title='bbox 1577 937 1906 1004; x_wconf 37' lang='lat' dir='ltr'><strong>arm—ariocum</strong></span> <span class='ocrx_word' id='word_1_58' title='bbox 1933 941 2098 992; x_wconf 80' lang='lat' dir='ltr'><strong>multis</strong></span> <span class='ocrx_word' id='word_1_59' title='bbox 2120 937 2317 1004; x_wconf 60' lang='lat' dir='ltr'><strong>qutnjue</strong></span> <span class='ocrx_word' id='word_1_60' title='bbox 2341 937 2518 992; x_wconf 86' lang='lat' dir='ltr'><strong>libellis</strong></span> 
     </span>
    </p>
   </div>
   <div class='ocr_carea' id='block_1_9' title="bbox 1253 1000 2640 1064">
    <p class='ocr_par' dir='ltr' id='par_1_9' title="bbox 1253 1000 2640 1064">
     <span class='ocr_line' id='line_1_9' title="bbox 1253 1000 2640 1064; baseline 0.003 -16"><span class='ocrx_word' id='word_1_61' title='bbox 1253 1000 1461 1062; x_wconf 81' lang='lat' dir='ltr'><strong>Semper</strong></span> <span class='ocrx_word' id='word_1_62' title='bbox 1477 1001 1750 1061; x_wconf 89' lang='lat' dir='ltr'><strong>condendo;</strong></span> <span class='ocrx_word' id='word_1_63' title='bbox 1779 1001 1996 1053; x_wconf 84' lang='lat' dir='ltr'><strong>Henrico</strong></span> <span class='ocrx_word' id='word_1_64' title='bbox 2019 1000 2215 1064; x_wconf 75' lang='lat' dir='ltr'><strong>quoque</strong></span> <span class='ocrx_word' id='word_1_65' title='bbox 2237 1000 2362 1064; x_wconf 79' lang='lat' dir='ltr'><strong>rege</strong></span> <span class='ocrx_word' id='word_1_66' title='bbox 2384 1010 2640 1064; x_wconf 81' lang='lat' dir='ltr'><strong>regnante.</strong></span> 
     </span>
    </p>
   </div>
   <div class='ocr_carea' id='block_1_10' title="bbox 580 1109 3744 1206">
    <p class='ocr_par' dir='ltr' id='par_1_10' title="bbox 580 1109 3744 1206">
     <span class='ocr_line' id='line_1_10' title="bbox 580 1109 3744 1206; baseline 0.008 -37"><span class='ocrx_word' id='word_1_67' title='bbox 580 1109 716 1172; x_wconf 88' lang='lat' dir='ltr'><strong>Hinc</strong></span> <span class='ocrx_word' id='word_1_68' title='bbox 757 1117 911 1174; x_wconf 89' lang='lat' dir='ltr'><strong>lacile</strong></span> <span class='ocrx_word' id='word_1_69' title='bbox 956 1123 1294 1191; x_wconf 76' lang='lat' dir='ltr'><strong>p‘erSpicitur,</strong></span> <span class='ocrx_word' id='word_1_70' title='bbox 1326 1124 1511 1178; x_wconf 78' lang='lat' dir='ltr'><strong>referri</strong></span> <span class='ocrx_word' id='word_1_71' title='bbox 1540 1125 1779 1180; x_wconf 89' lang='lat' dir='ltr'><strong>codicem</strong></span> <span class='ocrx_word' id='word_1_72' title='bbox 1811 1127 1957 1180; x_wconf 91' lang='lat' dir='ltr'><strong>illum</strong></span> <span class='ocrx_word' id='word_1_73' title='bbox 2001 1127 2053 1179; x_wconf 90' lang='lat' dir='ltr'><strong>in</strong></span> <span class='ocrx_word' id='word_1_74' title='bbox 2084 1141 2137 1179; x_wconf 80' lang='lat' dir='ltr'><strong>xi</strong></span> <span class='ocrx_word' id='word_1_75' title='bbox 2182 1127 2435 1182; x_wconf 72' lang='lat' dir='ltr'><strong>smculum</strong></span> <span class='ocrx_word' id='word_1_76' title='bbox 2465 1137 2737 1198; x_wconf 82' lang='lat' dir='ltr'><strong>oportere.</strong></span> <span class='ocrx_word' id='word_1_77' title='bbox 2769 1129 3210 1190; x_wconf 85' lang='lat' dir='ltr'><strong>Membranaceus</strong></span> <span class='ocrx_word' id='word_1_78' title='bbox 3247 1134 3292 1189; x_wconf 90' lang='lat' dir='ltr'><strong>is</strong></span> <span class='ocrx_word' id='word_1_79' title='bbox 3312 1151 3526 1206; x_wconf 89' lang='lat' dir='ltr'><strong>quoque</strong></span> <span class='ocrx_word' id='word_1_80' title='bbox 3555 1145 3656 1204; x_wconf 87' lang='lat' dir='ltr'><strong>est,</strong></span> <span class='ocrx_word' id='word_1_81' title='bbox 3687 1135 3744 1194; x_wconf 88' lang='lat' dir='ltr'><strong>iu</strong></span> 
     </span>
    </p>
   </div>
   <div class='ocr_carea' id='block_1_11' title="bbox 508 1212 3776 1298">
    <p class='ocr_par' dir='ltr' id='par_1_11' title="bbox 508 1212 3776 1298">
     <span class='ocr_line' id='line_1_11' title="bbox 508 1212 3776 1298; baseline 0.008 -36"><span class='ocrx_word' id='word_1_82' title='bbox 508 1219 720 1279; x_wconf 90' lang='lat' dir='ltr'><strong>quarto.</strong></span> <span class='ocrx_word' id='word_1_83' title='bbox 754 1212 811 1266; x_wconf 87' lang='lat' dir='ltr'><strong>In</strong></span> <span class='ocrx_word' id='word_1_84' title='bbox 834 1229 920 1279; x_wconf 90' lang='lat' dir='ltr'><strong>eo,</strong></span> <span class='ocrx_word' id='word_1_85' title='bbox 950 1216 1051 1269; x_wconf 89' lang='lat' dir='ltr'><strong>etsi</strong></span> <span class='ocrx_word' id='word_1_86' title='bbox 1077 1232 1183 1271; x_wconf 93' lang='lat' dir='ltr'><strong>non</strong></span> <span class='ocrx_word' id='word_1_87' title='bbox 1214 1217 1421 1282; x_wconf 86' lang='lat' dir='ltr'><strong>ordine,</strong></span> <span class='ocrx_word' id='word_1_88' title='bbox 1454 1227 1667 1273; x_wconf 82' lang='lat' dir='ltr'><strong>exstant</strong></span> <span class='ocrx_word' id='word_1_89' title='bbox 1697 1219 1930 1273; x_wconf 70' lang='lat' dir='ltr'><strong>homilize</strong></span> <span class='ocrx_word' id='word_1_90' title='bbox 1965 1217 2084 1283; x_wconf 71' lang='lat'><strong>170,</strong></span> <span class='ocrx_word' id='word_1_91' title='bbox 2118 1233 2396 1274; x_wconf 86' lang='lat' dir='ltr'><strong>sermones</strong></span> <span class='ocrx_word' id='word_1_92' title='bbox 2417 1220 2502 1274; x_wconf 72' lang='grc'><strong>40.</strong></span> <span class='ocrx_word' id='word_1_93' title='bbox 2537 1220 2668 1290; x_wconf 87' lang='lat' dir='ltr'><strong>Ejus</strong></span> <span class='ocrx_word' id='word_1_94' title='bbox 2695 1231 2777 1276; x_wconf 88' lang='lat' dir='ltr'><strong>est</strong></span> <span class='ocrx_word' id='word_1_95' title='bbox 2798 1223 2959 1278; x_wconf 84' lang='lat' dir='ltr'><strong>fronti</strong></span> <span class='ocrx_word' id='word_1_96' title='bbox 2990 1225 3184 1281; x_wconf 87' lang='lat' dir='ltr'><strong>litteris</strong></span> <span class='ocrx_word' id='word_1_97' title='bbox 3213 1241 3244 1280; x_wconf 91' lang='lat' dir='ltr'><strong>e</strong></span> <span class='ocrx_word' id='word_1_98' title='bbox 3275 1228 3440 1282; x_wconf 87' lang='lat' dir='ltr'><strong>minio</strong></span> <span class='ocrx_word' id='word_1_99' title='bbox 3469 1229 3776 1298; x_wconf 79' lang='lat' dir='ltr'><strong>majusculis</strong></span> 
     </span>
    </p>
   </div>
   <div class='ocr_carea' id='block_1_12' title="bbox 507 1303 3774 1378">
    <p class='ocr_par' dir='ltr' id='par_1_12' title="bbox 507 1303 3774 1378">
     <span class='ocr_line' id='line_1_12' title="bbox 507 1303 3774 1378; baseline 0.006 -24"><span class='ocrx_word' id='word_1_100' title='bbox 507 1304 677 1357; x_wconf 86' lang='lat' dir='ltr'><strong>sancti</strong></span> <span class='ocrx_word' id='word_1_101' title='bbox 707 1303 921 1359; x_wconf 81' lang='lat' dir='ltr'><strong>Maximi</strong></span> <span class='ocrx_word' id='word_1_102' title='bbox 949 1306 1261 1378; x_wconf 90' lang='lat' dir='ltr'><strong>inscriptum</strong></span> <span class='ocrx_word' id='word_1_103' title='bbox 1291 1325 1506 1365; x_wconf 87' lang='lat' dir='ltr'><strong>nomen.</strong></span> <span class='ocrx_word' id='word_1_104' title='bbox 1543 1309 1728 1364; x_wconf 83' lang='lat' dir='ltr'><strong>Priore</strong></span> <span class='ocrx_word' id='word_1_105' title='bbox 1757 1310 1876 1363; x_wconf 90' lang='lat' dir='ltr'><strong>loco</strong></span> <span class='ocrx_word' id='word_1_106' title='bbox 1906 1307 2181 1362; x_wconf 90' lang='lat' dir='ltr'><strong>homiliam</strong></span> <span class='ocrx_word' id='word_1_107' title='bbox 2210 1309 2448 1372; x_wconf 87' lang='lat' dir='ltr'><strong>exhibet,</strong></span> <span class='ocrx_word' id='word_1_108' title='bbox 2474 1311 2626 1378; x_wconf 87' lang='lat' dir='ltr'><strong>cujus</strong></span> <span class='ocrx_word' id='word_1_109' title='bbox 2649 1313 2754 1368; x_wconf 90' lang='lat' dir='ltr'><strong>hoc</strong></span> <span class='ocrx_word' id='word_1_110' title='bbox 2782 1321 2863 1367; x_wconf 91' lang='lat' dir='ltr'><strong>est</strong></span> <span class='ocrx_word' id='word_1_111' title='bbox 2891 1313 3102 1368; x_wconf 89' lang='lat' dir='ltr'><strong>initium</strong></span> <span class='ocrx_word' id='word_1_112' title='bbox 3128 1333 3140 1366; x_wconf 86' lang='lat'><strong>:</strong></span> <span class='ocrx_word' id='word_1_113' title='bbox 3163 1315 3296 1369; x_wconf 80' lang='lat' dir='ltr'><strong>Ante</strong></span> <span class='ocrx_word' id='word_1_114' title='bbox 3315 1317 3426 1371; x_wconf 84' lang='lat' dir='ltr'><strong>dies</strong></span> <span class='ocrx_word' id='word_1_115' title='bbox 3447 1335 3774 1373; x_wconf 76' lang='lat' dir='ltr'><strong>commonue-</strong></span> 
     </span>
    </p>
   </div>
   <div class='ocr_carea' id='block_1_13' title="bbox 506 1395 3774 1472">
    <p class='ocr_par' dir='ltr' id='par_1_13' title="bbox 506 1395 3774 1472">
     <span class='ocr_line' id='line_1_13' title="bbox 506 1395 3774 1472; baseline 0.006 -29"><span class='ocrx_word' id='word_1_116' title='bbox 506 1405 620 1444; x_wconf 85' lang='lat' dir='ltr'><strong>ram</strong></span> <span class='ocrx_word' id='word_1_117' title='bbox 641 1395 910 1463; x_wconf 79' lang='lat' dir='ltr'><strong>caritatem</strong></span> <span class='ocrx_word' id='word_1_118' title='bbox 938 1405 1175 1462; x_wconf 78' lang='lat' dir='ltr'><strong>vestram,</strong></span> <span class='ocrx_word' id='word_1_119' title='bbox 1207 1400 1417 1468; x_wconf 77' lang='lat' dir='ltr'><strong>fratres,</strong></span> <span class='ocrx_word' id='word_1_120' title='bbox 1444 1407 1500 1451; x_wconf 89' lang='lat' dir='ltr'><strong>ut</strong></span> <span class='ocrx_word' id='word_1_121' title='bbox 1521 1408 1771 1469; x_wconf 84' lang='lat' dir='ltr'><strong>tanquam</strong></span> <span class='ocrx_word' id='word_1_122' title='bbox 1790 1397 2038 1468; x_wconf 76' lang='lat' dir='ltr'><strong>religiosi,</strong></span> <span class='ocrx_word' id='word_1_123' title='bbox 2059 1406 2108 1450; x_wconf 89' lang='lat' dir='ltr'><strong>et</strong></span> <span class='ocrx_word' id='word_1_124' title='bbox 2124 1399 2314 1463; x_wconf 80' lang='lat' dir='ltr'><strong>sancti,</strong></span> <span class='ocrx_word' id='word_1_125' title='bbox 2336 1398 2468 1470; x_wconf 78' lang='lat' dir='ltr'><strong>[xxi]</strong></span> <span class='ocrx_word' id='word_1_126' title='bbox 2480 1399 2738 1454; x_wconf 77' lang='lat' dir='ltr'><strong>idolorum</strong></span> <span class='ocrx_word' id='word_1_127' title='bbox 2752 1418 2953 1455; x_wconf 87' lang='lat' dir='ltr'><strong>omnem</strong></span> <span class='ocrx_word' id='word_1_128' title='bbox 2978 1404 3334 1472; x_wconf 78' lang='lat' dir='ltr'><strong>pollutionem,</strong></span> <span class='ocrx_word' id='word_1_129' title='bbox 3365 1413 3468 1459; x_wconf 92' lang='lat' dir='ltr'><strong>etc.</strong></span> <span class='ocrx_word' id='word_1_130' title='bbox 3487 1404 3640 1459; x_wconf 87' lang='lat' dir='ltr'><strong>Edita</strong></span> <span class='ocrx_word' id='word_1_131' title='bbox 3662 1408 3774 1460; x_wconf 58' lang='lat' dir='ltr'><strong>haec</strong></span> 
     </span>
    </p>
   </div>
   <div class='ocr_carea' id='block_1_14' title="bbox 509 1479 3776 1560">
    <p class='ocr_par' dir='ltr' id='par_1_14' title="bbox 509 1479 3776 1560">
     <span class='ocr_line' id='line_1_14' title="bbox 509 1479 3776 1560; baseline 0.003 -25"><span class='ocrx_word' id='word_1_132' title='bbox 509 1479 612 1536; x_wconf 75' lang='lat' dir='ltr'><strong>fuit</strong></span> <span class='ocrx_word' id='word_1_133' title='bbox 637 1484 690 1538; x_wconf 94' lang='lat' dir='ltr'><strong>in</strong></span> <span class='ocrx_word' id='word_1_134' title='bbox 711 1485 783 1538; x_wconf 80' lang='lat' dir='ltr'><strong>IV</strong></span> <span class='ocrx_word' id='word_1_135' title='bbox 806 1487 1202 1543; x_wconf 83' lang='lat' dir='ltr'><strong>Anecdotorum</strong></span> <span class='ocrx_word' id='word_1_136' title='bbox 1230 1489 1502 1542; x_wconf 84' lang='lat' dir='ltr'><strong>volumine</strong></span> <span class='ocrx_word' id='word_1_137' title='bbox 1535 1505 1564 1541; x_wconf 92' lang='lat' dir='ltr'><strong>a</strong></span> <span class='ocrx_word' id='word_1_138' title='bbox 1591 1486 1903 1542; x_wconf 90' lang='lat' dir='ltr'><strong>Muratorio.</strong></span> <span class='ocrx_word' id='word_1_139' title='bbox 1938 1486 2216 1540; x_wconf 86' lang='lat' dir='ltr'><strong>Postrema</strong></span> <span class='ocrx_word' id='word_1_140' title='bbox 2245 1495 2328 1541; x_wconf 90' lang='lat' dir='ltr'><strong>est</strong></span> <span class='ocrx_word' id='word_1_141' title='bbox 2348 1488 2592 1553; x_wconf 83' lang='lat' dir='ltr'><strong>humilia,</strong></span> <span class='ocrx_word' id='word_1_142' title='bbox 2619 1503 2738 1557; x_wconf 71' lang='lat' dir='ltr'><strong>qua:</strong></span> <span class='ocrx_word' id='word_1_143' title='bbox 2761 1490 2947 1560; x_wconf 89' lang='lat' dir='ltr'><strong>incipit</strong></span> <span class='ocrx_word' id='word_1_144' title='bbox 2981 1508 2992 1542; x_wconf 92' lang='lat'><strong>:</strong></span> <span class='ocrx_word' id='word_1_145' title='bbox 3029 1489 3082 1543; x_wconf 85' lang='grc' dir='ltr'><strong><em>Ν</em></strong></span> <span class='ocrx_word' id='word_1_146' title='bbox 3086 1508 3151 1546; x_wconf 88' lang='lat' dir='ltr'><strong>on</strong></span> <span class='ocrx_word' id='word_1_147' title='bbox 3177 1493 3500 1546; x_wconf 83' lang='lat' dir='ltr'><strong>incommode</strong></span> <span class='ocrx_word' id='word_1_148' title='bbox 3518 1502 3637 1546; x_wconf 83' lang='lat' dir='ltr'><strong>ante</strong></span> <span class='ocrx_word' id='word_1_149' title='bbox 3665 1495 3776 1547; x_wconf 85' lang='lat' dir='ltr'><strong>dies</strong></span> 
     </span>
    </p>
   </div>
   <div class='ocr_carea' id='block_1_15' title="bbox 505 1576 3772 1648">
    <p class='ocr_par' dir='ltr' id='par_1_15' title="bbox 505 1576 3772 1648">
     <span class='ocr_line' id='line_1_15' title="bbox 505 1576 3772 1648; baseline 0.004 -24"><span class='ocrx_word' id='word_1_150' title='bbox 505 1588 695 1640; x_wconf 87' lang='lat' dir='ltr'><strong>paucos</strong></span> <span class='ocrx_word' id='word_1_151' title='bbox 723 1579 978 1645; x_wconf 79' lang='lat' dir='ltr'><strong>prosecuti</strong></span> <span class='ocrx_word' id='word_1_152' title='bbox 1003 1594 1178 1632; x_wconf 87' lang='lat' dir='ltr'><strong>sumus</strong></span> <span class='ocrx_word' id='word_1_153' title='bbox 1201 1580 1518 1648; x_wconf 72' lang='lat' dir='ltr'><strong>{unctionem</strong></span> <span class='ocrx_word' id='word_1_154' title='bbox 1539 1578 1673 1631; x_wconf 83' lang='lat' dir='ltr'><strong>hanc</strong></span> <span class='ocrx_word' id='word_1_155' title='bbox 1693 1578 2084 1638; x_wconf 75' lang='lat' dir='ltr'><strong>sacerdotalem,</strong></span> <span class='ocrx_word' id='word_1_156' title='bbox 2111 1585 2214 1632; x_wconf 89' lang='lat' dir='ltr'><strong>etc.</strong></span> <span class='ocrx_word' id='word_1_157' title='bbox 2241 1576 2392 1631; x_wconf 86' lang='lat' dir='ltr'><strong>Hanc</strong></span> <span class='ocrx_word' id='word_1_158' title='bbox 2419 1585 2598 1631; x_wconf 89' lang='lat' dir='ltr'><strong>autem</strong></span> <span class='ocrx_word' id='word_1_159' title='bbox 2632 1577 2903 1632; x_wconf 87' lang='lat' dir='ltr'><strong>homiliam</strong></span> <span class='ocrx_word' id='word_1_160' title='bbox 2935 1579 3272 1634; x_wconf 80' lang='lat' dir='ltr'><strong>Mabillonius</strong></span> <span class='ocrx_word' id='word_1_161' title='bbox 3299 1596 3366 1635; x_wconf 91' lang='lat' dir='ltr'><strong>ex</strong></span> <span class='ocrx_word' id='word_1_162' title='bbox 3395 1578 3772 1636; x_wconf 75' lang='lat' dir='ltr'><strong>San-Gallrnsi</strong></span> 
     </span>
    </p>
   </div>
   <div class='ocr_carea' id='block_1_16' title="bbox 506 1663 2244 1739">
    <p class='ocr_par' dir='ltr' id='par_1_16' title="bbox 506 1663 2244 1739">
     <span class='ocr_line' id='line_1_16' title="bbox 506 1663 2244 1739; baseline 0.001 -23"><span class='ocrx_word' id='word_1_163' title='bbox 506 1663 694 1719; x_wconf 90' lang='lat' dir='ltr'><strong>codice</strong></span> <span class='ocrx_word' id='word_1_164' title='bbox 721 1665 1043 1736; x_wconf 89' lang='lat' dir='ltr'><strong>descriptam</strong></span> <span class='ocrx_word' id='word_1_165' title='bbox 1077 1669 1255 1723; x_wconf 90' lang='lat' dir='ltr'><strong>intulit</strong></span> <span class='ocrx_word' id='word_1_166' title='bbox 1285 1669 1337 1724; x_wconf 90' lang='lat' dir='ltr'><strong>in</strong></span> <span class='ocrx_word' id='word_1_167' title='bbox 1364 1668 1596 1739; x_wconf 88' lang='lat' dir='ltr'><strong>priorem</strong></span> <span class='ocrx_word' id='word_1_168' title='bbox 1625 1667 1792 1722; x_wconf 85' lang='lat' dir='ltr'><strong>Italici</strong></span> <span class='ocrx_word' id='word_1_169' title='bbox 1830 1665 1996 1720; x_wconf 82' lang='lat' dir='ltr'><strong>Musei</strong></span> <span class='ocrx_word' id='word_1_170' title='bbox 2020 1673 2244 1720; x_wconf 89' lang='lat' dir='ltr'><strong>tomum.</strong></span> 
     </span>
    </p>
   </div>
   <div class='ocr_carea' id='block_1_17' title="bbox 577 1749 3768 1825">
    <p class='ocr_par' dir='ltr' id='par_1_17' title="bbox 577 1749 3768 1825">
     <span class='ocr_line' id='line_1_17' title="bbox 577 1749 3768 1825; baseline 0.001 -20"><span class='ocrx_word' id='word_1_171' title='bbox 577 1752 744 1808; x_wconf 80' lang='lat' dir='ltr'><strong>Venio</strong></span> <span class='ocrx_word' id='word_1_172' title='bbox 769 1755 835 1808; x_wconf 87' lang='lat' dir='ltr'><strong>ad</strong></span> <span class='ocrx_word' id='word_1_173' title='bbox 864 1764 1112 1824; x_wconf 89' lang='lat' dir='ltr'><strong>quartum</strong></span> <span class='ocrx_word' id='word_1_174' title='bbox 1136 1755 1396 1811; x_wconf 87' lang='lat' dir='ltr'><strong>codicem.</strong></span> <span class='ocrx_word' id='word_1_175' title='bbox 1431 1753 1864 1809; x_wconf 83' lang='lat' dir='ltr'><strong>Membranaceus</strong></span> <span class='ocrx_word' id='word_1_176' title='bbox 1891 1753 1935 1806; x_wconf 92' lang='lat' dir='ltr'><strong>is</strong></span> <span class='ocrx_word' id='word_1_177' title='bbox 1956 1767 2172 1822; x_wconf 90' lang='lat' dir='ltr'><strong>quoque</strong></span> <span class='ocrx_word' id='word_1_178' title='bbox 2194 1760 2275 1805; x_wconf 90' lang='lat' dir='ltr'><strong>est</strong></span> <span class='ocrx_word' id='word_1_179' title='bbox 2300 1749 2510 1806; x_wconf 81' lang='lat' dir='ltr'><strong>in-fOlio</strong></span> <span class='ocrx_word' id='word_1_180' title='bbox 2531 1766 2717 1822; x_wconf 88' lang='lat' dir='ltr'><strong>parvo.</strong></span> <span class='ocrx_word' id='word_1_181' title='bbox 2741 1751 2884 1808; x_wconf 75' lang='lat' dir='ltr'><strong>luris</strong></span> <span class='ocrx_word' id='word_1_182' title='bbox 2906 1753 3032 1807; x_wconf 87' lang='lat' dir='ltr'><strong>olim</strong></span> <span class='ocrx_word' id='word_1_183' title='bbox 3061 1753 3249 1821; x_wconf 80' lang='lat' dir='ltr'><strong>fuerat,</strong></span> <span class='ocrx_word' id='word_1_184' title='bbox 3283 1755 3358 1808; x_wconf 88' lang='lat' dir='ltr'><strong>uti</strong></span> <span class='ocrx_word' id='word_1_185' title='bbox 3382 1770 3541 1825; x_wconf 85' lang='lat' dir='ltr'><strong>supra</strong></span> <span class='ocrx_word' id='word_1_186' title='bbox 3567 1756 3768 1819; x_wconf 91' lang='lat' dir='ltr'><strong>monui,</strong></span> 
     </span>
    </p>
   </div>
   <div class='ocr_carea' id='block_1_18' title="bbox 506 1843 3765 1918">
    <p class='ocr_par' dir='ltr' id='par_1_18' title="bbox 506 1843 3765 1918">
     <span class='ocr_line' id='line_1_18' title="bbox 506 1843 3765 1918; baseline 0.001 -21"><span class='ocrx_word' id='word_1_187' title='bbox 506 1843 774 1913; x_wconf 87' lang='lat' dir='ltr'><strong>prioratus</strong></span> <span class='ocrx_word' id='word_1_188' title='bbox 804 1845 1259 1915; x_wconf 87' lang='lat' dir='ltr'><strong>Appanniensium</strong></span> <span class='ocrx_word' id='word_1_189' title='bbox 1301 1848 1707 1910; x_wconf 90' lang='lat' dir='ltr'><strong>monachorum,</strong></span> <span class='ocrx_word' id='word_1_190' title='bbox 1739 1843 1892 1913; x_wconf 88' lang='lat' dir='ltr'><strong>cujus</strong></span> <span class='ocrx_word' id='word_1_191' title='bbox 1932 1843 2148 1913; x_wconf 85' lang='lat' dir='ltr'><strong>quidem</strong></span> <span class='ocrx_word' id='word_1_192' title='bbox 2174 1844 2443 1914; x_wconf 87' lang='lat' dir='ltr'><strong>prioratus</strong></span> <span class='ocrx_word' id='word_1_193' title='bbox 2463 1844 2654 1899; x_wconf 69' lang='lat' dir='ltr'><strong>mdium</strong></span> <span class='ocrx_word' id='word_1_194' title='bbox 2691 1860 2754 1901; x_wconf 88' lang='lat' dir='ltr'><strong>ac</strong></span> <span class='ocrx_word' id='word_1_195' title='bbox 2776 1847 3117 1916; x_wconf 68' lang='lat' dir='ltr'><strong>pmdiorum,</strong></span> <span class='ocrx_word' id='word_1_196' title='bbox 3141 1863 3210 1902; x_wconf 90' lang='lat' dir='ltr'><strong>ex</strong></span> <span class='ocrx_word' id='word_1_197' title='bbox 3238 1848 3416 1904; x_wconf 89' lang='lat' dir='ltr'><strong>edicto</strong></span> <span class='ocrx_word' id='word_1_198' title='bbox 3438 1847 3765 1918; x_wconf 83' lang='lat' dir='ltr'><strong>pontiﬁcum,</strong></span> 
     </span>
    </p>
   </div>
   <div class='ocr_carea' id='block_1_19' title="bbox 503 1935 3760 2009">
    <p class='ocr_par' dir='ltr' id='par_1_19' title="bbox 503 1935 3760 2009">
     <span class='ocr_line' id='line_1_19' title="bbox 503 1935 3760 2009; baseline -0 -17"><span class='ocrx_word' id='word_1_199' title='bbox 503 1936 626 1992; x_wconf 91' lang='lat' dir='ltr'><strong>data</strong></span> <span class='ocrx_word' id='word_1_200' title='bbox 651 1947 774 2007; x_wconf 92' lang='lat' dir='ltr'><strong>post</strong></span> <span class='ocrx_word' id='word_1_201' title='bbox 804 1937 902 1993; x_wconf 85' lang='lat' dir='ltr'><strong>fuit</strong></span> <span class='ocrx_word' id='word_1_202' title='bbox 930 1939 1185 2009; x_wconf 87' lang='lat' dir='ltr'><strong>episcopo</strong></span> <span class='ocrx_word' id='word_1_203' title='bbox 1213 1939 1499 1994; x_wconf 89' lang='lat' dir='ltr'><strong>Salutiensi</strong></span> <span class='ocrx_word' id='word_1_204' title='bbox 1527 1937 1816 2008; x_wconf 89' lang='lat' dir='ltr'><strong>possessio.</strong></span> <span class='ocrx_word' id='word_1_205' title='bbox 1850 1935 2239 2006; x_wconf 89' lang='lat' dir='ltr'><strong>Complectitur</strong></span> <span class='ocrx_word' id='word_1_206' title='bbox 2259 1935 2304 1990; x_wconf 88' lang='lat' dir='ltr'><strong>is</strong></span> <span class='ocrx_word' id='word_1_207' title='bbox 2332 1935 2546 1989; x_wconf 81' lang='lat' dir='ltr'><strong>Maximi</strong></span> <span class='ocrx_word' id='word_1_208' title='bbox 2587 1951 2865 1994; x_wconf 84' lang='lat' dir='ltr'><strong>sermones</strong></span> <span class='ocrx_word' id='word_1_209' title='bbox 2890 1937 2950 1993; x_wconf 80' lang='grc'>51</span> <span class='ocrx_word' id='word_1_210' title='bbox 2985 1939 3339 2007; x_wconf 88' lang='lat' dir='ltr'><strong>homiliasque</strong></span> <span class='ocrx_word' id='word_1_211' title='bbox 3369 1939 3454 2001; x_wconf 87' lang='lat'><strong>70,</strong></span> <span class='ocrx_word' id='word_1_212' title='bbox 3484 1946 3543 1993; x_wconf 93' lang='lat' dir='ltr'><strong>ut</strong></span> <span class='ocrx_word' id='word_1_213' title='bbox 3570 1954 3636 1993; x_wconf 90' lang='lat' dir='ltr'><strong>ex</strong></span> <span class='ocrx_word' id='word_1_214' title='bbox 3667 1955 3760 1992; x_wconf 87' lang='lat' dir='ltr'><strong>nu-</strong></span> 
     </span>
    </p>
   </div>
   <div class='ocr_carea' id='block_1_20' title="bbox 502 2027 3765 2101">
    <p class='ocr_par' dir='ltr' id='par_1_20' title="bbox 502 2027 3765 2101">
     <span class='ocr_line' id='line_1_20' title="bbox 502 2027 3765 2101; baseline 0.002 -20"><span class='ocrx_word' id='word_1_215' title='bbox 502 2030 665 2084; x_wconf 90' lang='lat' dir='ltr'><strong>meris</strong></span> <span class='ocrx_word' id='word_1_216' title='bbox 693 2030 759 2083; x_wconf 89' lang='lat' dir='ltr'><strong>ad</strong></span> <span class='ocrx_word' id='word_1_217' title='bbox 787 2045 1065 2085; x_wconf 82' lang='lat' dir='ltr'><strong>sermones</strong></span> <span class='ocrx_word' id='word_1_218' title='bbox 1093 2031 1184 2099; x_wconf 90' lang='lat' dir='ltr'><strong>qui</strong></span> <span class='ocrx_word' id='word_1_219' title='bbox 1223 2039 1510 2100; x_wconf 86' lang='lat' dir='ltr'><strong>supersunt</strong></span> <span class='ocrx_word' id='word_1_220' title='bbox 1538 2037 1592 2085; x_wconf 90' lang='lat' dir='ltr'><strong>et</strong></span> <span class='ocrx_word' id='word_1_221' title='bbox 1621 2030 1686 2083; x_wconf 90' lang='lat' dir='ltr'><strong>ad</strong></span> <span class='ocrx_word' id='word_1_222' title='bbox 1715 2029 1961 2084; x_wconf 88' lang='lat' dir='ltr'><strong>homilias</strong></span> <span class='ocrx_word' id='word_1_223' title='bbox 2006 2027 2252 2097; x_wconf 88' lang='lat' dir='ltr'><strong>ascriptis</strong></span> <span class='ocrx_word' id='word_1_224' title='bbox 2297 2029 2494 2098; x_wconf 83' lang='lat' dir='ltr'><strong>liquet;</strong></span> <span class='ocrx_word' id='word_1_225' title='bbox 2525 2038 2582 2084; x_wconf 93' lang='lat' dir='ltr'><strong>at</strong></span> <span class='ocrx_word' id='word_1_226' title='bbox 2609 2030 2675 2084; x_wconf 91' lang='lat' dir='ltr'><strong>ab</strong></span> <span class='ocrx_word' id='word_1_227' title='bbox 2697 2047 2858 2096; x_wconf 54' lang='lat' dir='ltr'><strong>saeva,</strong></span> <span class='ocrx_word' id='word_1_228' title='bbox 2891 2033 3072 2088; x_wconf 89' lang='lat' dir='ltr'><strong>nescio</strong></span> <span class='ocrx_word' id='word_1_229' title='bbox 3101 2032 3273 2101; x_wconf 91' lang='lat' dir='ltr'><strong>cujus,</strong></span> <span class='ocrx_word' id='word_1_230' title='bbox 3324 2046 3497 2100; x_wconf 90' lang='lat' dir='ltr'><strong>eaque</strong></span> <span class='ocrx_word' id='word_1_231' title='bbox 3552 2033 3765 2088; x_wconf 86' lang='lat' dir='ltr'><strong>indocta</strong></span> 
     </span>
    </p>
   </div>
   <div class='ocr_carea' id='block_1_21' title="bbox 501 2119 3766 2195">
    <p class='ocr_par' dir='ltr' id='par_1_21' title="bbox 501 2119 3766 2195">
     <span class='ocr_line' id='line_1_21' title="bbox 501 2119 3766 2195; baseline 0.001 -22"><span class='ocrx_word' id='word_1_232' title='bbox 501 2134 682 2184; x_wconf 89' lang='lat' dir='ltr'><strong>manu,</strong></span> <span class='ocrx_word' id='word_1_233' title='bbox 716 2119 894 2175; x_wconf 88' lang='lat' dir='ltr'><strong>multis</strong></span> <span class='ocrx_word' id='word_1_234' title='bbox 923 2121 1045 2176; x_wconf 91' lang='lat' dir='ltr'><strong>inde</strong></span> <span class='ocrx_word' id='word_1_235' title='bbox 1073 2123 1270 2176; x_wconf 73' lang='lat' dir='ltr'><strong>aVulsis</strong></span> <span class='ocrx_word' id='word_1_236' title='bbox 1315 2122 1676 2190; x_wconf 87' lang='lat' dir='ltr'><strong>detractisque</strong></span> <span class='ocrx_word' id='word_1_237' title='bbox 1704 2119 1863 2184; x_wconf 85' lang='lat' dir='ltr'><strong>loliis,</strong></span> <span class='ocrx_word' id='word_1_238' title='bbox 1897 2121 2240 2176; x_wconf 89' lang='lat' dir='ltr'><strong>commissum</strong></span> <span class='ocrx_word' id='word_1_239' title='bbox 2272 2130 2372 2187; x_wconf 88' lang='lat' dir='ltr'><strong>est,</strong></span> <span class='ocrx_word' id='word_1_240' title='bbox 2422 2131 2482 2177; x_wconf 92' lang='lat' dir='ltr'><strong>ut</strong></span> <span class='ocrx_word' id='word_1_241' title='bbox 2520 2139 2607 2178; x_wconf 88' lang='lat' dir='ltr'><strong>res</strong></span> <span class='ocrx_word' id='word_1_242' title='bbox 2635 2124 2895 2178; x_wconf 89' lang='lat' dir='ltr'><strong>litteraria</strong></span> <span class='ocrx_word' id='word_1_243' title='bbox 2943 2124 3156 2195; x_wconf 84' lang='lat' dir='ltr'><strong>publica</strong></span> <span class='ocrx_word' id='word_1_244' title='bbox 3194 2138 3400 2193; x_wconf 70' lang='lat' dir='ltr'><strong>magna:</strong></span> <span class='ocrx_word' id='word_1_245' title='bbox 3429 2125 3766 2179; x_wconf 79' lang='lat' dir='ltr'><strong>homiliaruni</strong></span> 
     </span>
    </p>
   </div>
   <div class='ocr_carea' id='block_1_22' title="bbox 499 2209 3766 2284">
    <p class='ocr_par' dir='ltr' id='par_1_22' title="bbox 499 2209 3766 2284">
     <span class='ocr_line' id='line_1_22' title="bbox 499 2209 3766 2284; baseline 0.002 -20"><span class='ocrx_word' id='word_1_246' title='bbox 499 2209 811 2264; x_wconf 88' lang='lat' dir='ltr'><strong>earumdem</strong></span> <span class='ocrx_word' id='word_1_247' title='bbox 838 2225 1253 2280; x_wconf 89' lang='lat' dir='ltr'><strong>sermonumque</strong></span> <span class='ocrx_word' id='word_1_248' title='bbox 1282 2212 1450 2280; x_wconf 88' lang='lat' dir='ltr'><strong>partis</strong></span> <span class='ocrx_word' id='word_1_249' title='bbox 1471 2209 1736 2278; x_wconf 89' lang='lat' dir='ltr'><strong>jacturam</strong></span> <span class='ocrx_word' id='word_1_250' title='bbox 1766 2209 1984 2265; x_wconf 84' lang='lat' dir='ltr'><strong>faceret.</strong></span> <span class='ocrx_word' id='word_1_251' title='bbox 2016 2210 2173 2266; x_wconf 89' lang='lat' dir='ltr'><strong>luitio</strong></span> <span class='ocrx_word' id='word_1_252' title='bbox 2200 2209 2400 2268; x_wconf 88' lang='lat' dir='ltr'><strong>codicis</strong></span> <span class='ocrx_word' id='word_1_253' title='bbox 2442 2213 2557 2268; x_wconf 65' lang='lat' dir='ltr'><strong>haec</strong></span> <span class='ocrx_word' id='word_1_254' title='bbox 2599 2222 2774 2268; x_wconf 79' lang='lat' dir='ltr'><strong>exstat</strong></span> <span class='ocrx_word' id='word_1_255' title='bbox 2811 2214 2987 2268; x_wconf 84' lang='lat' dir='ltr'><strong>rubris</strong></span> <span class='ocrx_word' id='word_1_256' title='bbox 3015 2215 3412 2270; x_wconf 88' lang='lat' dir='ltr'><strong>characteribus</strong></span> <span class='ocrx_word' id='word_1_257' title='bbox 3435 2216 3630 2283; x_wconf 90' lang='lat' dir='ltr'><strong>scripta</strong></span> <span class='ocrx_word' id='word_1_258' title='bbox 3653 2216 3766 2284; x_wconf 90' lang='lat' dir='ltr'><strong>epi-</strong></span> 
     </span>
    </p>
   </div>
   <div class='ocr_carea' id='block_1_23' title="bbox 499 2297 3762 2374">
    <p class='ocr_par' dir='ltr' id='par_1_23' title="bbox 499 2297 3762 2374">
     <span class='ocr_line' id='line_1_23' title="bbox 499 2297 3762 2374; baseline 0.001 -22"><span class='ocrx_word' id='word_1_259' title='bbox 499 2301 700 2369; x_wconf 80' lang='lat' dir='ltr'><strong>graplie</strong></span> <span class='ocrx_word' id='word_1_260' title='bbox 725 2315 741 2352; x_wconf 74' lang='grc' dir='ltr'><em>τ</em></span> <span class='ocrx_word' id='word_1_261' title='bbox 772 2297 837 2354; x_wconf 83' lang='lat' dir='ltr'><strong>In</strong></span> <span class='ocrx_word' id='word_1_262' title='bbox 859 2303 1050 2355; x_wconf 75' lang='lat' dir='ltr'><strong>Christi</strong></span> <span class='ocrx_word' id='word_1_263' title='bbox 1078 2305 1303 2356; x_wconf 84' lang='lat' dir='ltr'><strong>nomine.</strong></span> <span class='ocrx_word' id='word_1_264' title='bbox 1333 2304 1516 2357; x_wconf 79' lang='lat' dir='ltr'><strong>Amen.</strong></span> <span class='ocrx_word' id='word_1_265' title='bbox 1544 2301 1790 2356; x_wconf 72' lang='lat' dir='ltr'><strong>Homilia:</strong></span> <span class='ocrx_word' id='word_1_266' title='bbox 1811 2303 1981 2356; x_wconf 79' lang='lat' dir='ltr'><strong>sancti</strong></span> <span class='ocrx_word' id='word_1_267' title='bbox 2003 2297 2226 2356; x_wconf 75' lang='lat' dir='ltr'><strong>Maximi</strong></span> <span class='ocrx_word' id='word_1_268' title='bbox 2253 2304 2484 2374; x_wconf 82' lang='lat' dir='ltr'><strong>episcopi</strong></span> <span class='ocrx_word' id='word_1_269' title='bbox 2509 2303 2867 2358; x_wconf 86' lang='lat' dir='ltr'><strong>Taurinensis.</strong></span> <span class='ocrx_word' id='word_1_270' title='bbox 2899 2305 2954 2359; x_wconf 88' lang='lat' dir='ltr'><strong>In</strong></span> <span class='ocrx_word' id='word_1_271' title='bbox 2986 2314 3228 2360; x_wconf 83' lang='lat' dir='ltr'><strong>extremo</strong></span> <span class='ocrx_word' id='word_1_272' title='bbox 3250 2306 3377 2360; x_wconf 80' lang='lat' dir='ltr'><strong>lolio</strong></span> <span class='ocrx_word' id='word_1_273' title='bbox 3406 2306 3485 2359; x_wconf 91' lang='lat' dir='ltr'><strong>sic</strong></span> <span class='ocrx_word' id='word_1_274' title='bbox 3503 2305 3762 2358; x_wconf 84' lang='lat' dir='ltr'><strong>habetur;</strong></span> 
     </span>
    </p>
   </div>
   <div class='ocr_carea' id='block_1_24' title="bbox 501 2391 3760 2465">
    <p class='ocr_par' dir='ltr' id='par_1_24' title="bbox 501 2391 3760 2465">
     <span class='ocr_line' id='line_1_24' title="bbox 501 2391 3760 2465; baseline 0.001 -23"><span class='ocrx_word' id='word_1_275' title='bbox 501 2391 688 2457; x_wconf 76' lang='lat' dir='ltr'><strong>Accipe</strong></span> <span class='ocrx_word' id='word_1_276' title='bbox 716 2399 1035 2461; x_wconf 85' lang='lat' dir='ltr'><strong>congestum,</strong></span> <span class='ocrx_word' id='word_1_277' title='bbox 1065 2393 1200 2460; x_wconf 85' lang='lat' dir='ltr'><strong>quod</strong></span> <span class='ocrx_word' id='word_1_278' title='bbox 1229 2400 1283 2443; x_wconf 86' lang='lat' dir='ltr'><strong>tu</strong></span> <span class='ocrx_word' id='word_1_279' title='bbox 1304 2393 1478 2458; x_wconf 81' lang='lat' dir='ltr'><strong>petisti</strong></span> <span class='ocrx_word' id='word_1_280' title='bbox 1501 2392 1728 2444; x_wconf 89' lang='lat' dir='ltr'><strong>libellum</strong></span> <span class='ocrx_word' id='word_1_281' title='bbox 1752 2391 1993 2454; x_wconf 76' lang='lat' dir='ltr'><strong>Maximi,</strong></span> <span class='ocrx_word' id='word_1_282' title='bbox 2028 2391 2264 2458; x_wconf 88' lang='lat' dir='ltr'><strong>Taurini,</strong></span> <span class='ocrx_word' id='word_1_283' title='bbox 2287 2409 2415 2465; x_wconf 87' lang='lat' dir='ltr'><strong>quas</strong></span> <span class='ocrx_word' id='word_1_284' title='bbox 2441 2395 2721 2464; x_wconf 86' lang='lat' dir='ltr'><strong>scripserat</strong></span> <span class='ocrx_word' id='word_1_285' title='bbox 2747 2395 3012 2462; x_wconf 80' lang='lat' dir='ltr'><strong>humilius,</strong></span> <span class='ocrx_word' id='word_1_286' title='bbox 3045 2404 3101 2448; x_wconf 89' lang='lat' dir='ltr'><strong>ut</strong></span> <span class='ocrx_word' id='word_1_287' title='bbox 3148 2394 3291 2465; x_wconf 84' lang='lat' dir='ltr'><strong>legas</strong></span> <span class='ocrx_word' id='word_1_288' title='bbox 3367 2433 3381 2448; x_wconf 93' lang='lat'><strong>.</strong></span> <span class='ocrx_word' id='word_1_289' title='bbox 3458 2432 3472 2447; x_wconf 94' lang='lat'><strong>.</strong></span> <span class='ocrx_word' id='word_1_290' title='bbox 3552 2432 3566 2447; x_wconf 95' lang='lat'><strong>.</strong></span> <span class='ocrx_word' id='word_1_291' title='bbox 3647 2431 3661 2446; x_wconf 92' lang='lat'><strong>.</strong></span> <span class='ocrx_word' id='word_1_292' title='bbox 3744 2431 3760 2446; x_wconf 93' lang='lat'><strong>.</strong></span> 
     </span>
    </p>
   </div>
   <div class='ocr_carea' id='block_1_25' title="bbox 502 2478 3763 2549">
    <p class='ocr_par' dir='ltr' id='par_1_25' title="bbox 502 2478 3763 2549">
     <span class='ocr_line' id='line_1_25' title="bbox 502 2478 3763 2549; baseline 0.002 -19"><span class='ocrx_word' id='word_1_293' title='bbox 502 2479 803 2544; x_wconf 84' lang='lat' dir='ltr'><strong>monac/ms,</strong></span> <span class='ocrx_word' id='word_1_294' title='bbox 838 2479 976 2548; x_wconf 86' lang='lat' dir='ltr'><strong>quod</strong></span> <span class='ocrx_word' id='word_1_295' title='bbox 1024 2481 1349 2549; x_wconf 85' lang='lat' dir='ltr'><strong>transcripsit</strong></span> <span class='ocrx_word' id='word_1_296' title='bbox 1377 2478 1598 2533; x_wconf 85' lang='lat' dir='ltr'><strong>Waldus</strong></span> <span class='ocrx_word' id='word_1_297' title='bbox 1675 2518 1688 2531; x_wconf 94' lang='lat'><strong>.</strong></span> <span class='ocrx_word' id='word_1_298' title='bbox 1770 2519 1785 2532; x_wconf 93' lang='lat'><strong>.</strong></span> <span class='ocrx_word' id='word_1_299' title='bbox 1865 2517 1878 2530; x_wconf 95' lang='lat'><strong>.</strong></span> <span class='ocrx_word' id='word_1_300' title='bbox 1960 2518 1974 2531; x_wconf 94' lang='lat'><strong>.</strong></span> <span class='ocrx_word' id='word_1_301' title='bbox 2053 2518 2066 2531; x_wconf 94' lang='lat'><strong>.</strong></span> <span class='ocrx_word' id='word_1_302' title='bbox 2146 2520 2160 2534; x_wconf 93' lang='lat'><strong>.</strong></span> <span class='ocrx_word' id='word_1_303' title='bbox 2244 2521 2258 2535; x_wconf 93' lang='lat'><strong>.</strong></span> <span class='ocrx_word' id='word_1_304' title='bbox 2336 2521 2351 2534; x_wconf 93' lang='lat'><strong>.</strong></span> <span class='ocrx_word' id='word_1_305' title='bbox 2433 2522 2447 2536; x_wconf 94' lang='lat'><strong>.</strong></span> <span class='ocrx_word' id='word_1_306' title='bbox 2525 2523 2539 2536; x_wconf 91' lang='lat'><strong>.</strong></span> <span class='ocrx_word' id='word_1_307' title='bbox 2621 2525 2636 2539; x_wconf 93' lang='lat'><strong>.</strong></span> <span class='ocrx_word' id='word_1_308' title='bbox 2715 2525 2729 2539; x_wconf 93' lang='lat'><strong>.</strong></span> <span class='ocrx_word' id='word_1_309' title='bbox 2807 2525 2821 2539; x_wconf 92' lang='lat'><strong>.</strong></span> <span class='ocrx_word' id='word_1_310' title='bbox 2903 2524 2916 2538; x_wconf 92' lang='lat'><strong>.</strong></span> <span class='ocrx_word' id='word_1_311' title='bbox 2995 2525 3010 2538; x_wconf 93' lang='lat'><strong>.</strong></span> <span class='ocrx_word' id='word_1_312' title='bbox 3089 2524 3104 2537; x_wconf 93' lang='lat'><strong>.</strong></span> <span class='ocrx_word' id='word_1_313' title='bbox 3185 2524 3199 2538; x_wconf 93' lang='lat'><strong>.</strong></span> <span class='ocrx_word' id='word_1_314' title='bbox 3277 2523 3292 2537; x_wconf 94' lang='lat'><strong>.</strong></span> <span class='ocrx_word' id='word_1_315' title='bbox 3372 2521 3384 2537; x_wconf 92' lang='lat'><strong>.</strong></span> <span class='ocrx_word' id='word_1_316' title='bbox 3465 2523 3479 2538; x_wconf 90' lang='lat'><strong>.</strong></span> <span class='ocrx_word' id='word_1_317' title='bbox 3557 2522 3573 2536; x_wconf 96' lang='lat'><strong>.</strong></span> <span class='ocrx_word' id='word_1_318' title='bbox 3651 2523 3667 2538; x_wconf 95' lang='lat'><strong>.</strong></span> <span class='ocrx_word' id='word_1_319' title='bbox 3744 2522 3763 2538; x_wconf 92' lang='lat'><strong>.</strong></span> 
     </span>
    </p>
   </div>
   <div class='ocr_carea' id='block_1_26' title="bbox 815 2663 2449 2719">
    <p class='ocr_par' dir='ltr' id='par_1_26' title="bbox 815 2663 2449 2719">
     <span class='ocr_line' id='line_1_26' title="bbox 815 2663 2449 2719; baseline -0.001 0"><span class='ocrx_word' id='word_1_320' title='bbox 815 2704 832 2718; x_wconf 60' lang='grc' dir='ltr'><strong>,η</strong></span> <span class='ocrx_word' id='word_1_321' title='bbox 914 2663 1144 2719; x_wconf 81' lang='lat' dir='ltr'><strong>armaria</strong></span> <span class='ocrx_word' id='word_1_322' title='bbox 1187 2671 1420 2718; x_wconf 85' lang='lat' dir='ltr'><strong>nostrum</strong></span> <span class='ocrx_word' id='word_1_323' title='bbox 1498 2702 1511 2715; x_wconf 94' lang='lat'><strong>.</strong></span> <span class='ocrx_word' id='word_1_324' title='bbox 1590 2701 1603 2714; x_wconf 97' lang='lat'><strong>.</strong></span> <span class='ocrx_word' id='word_1_325' title='bbox 1684 2701 1696 2714; x_wconf 95' lang='lat'><strong>.</strong></span> <span class='ocrx_word' id='word_1_326' title='bbox 1777 2701 1791 2714; x_wconf 93' lang='lat'><strong>.</strong></span> <span class='ocrx_word' id='word_1_327' title='bbox 1868 2700 1882 2712; x_wconf 95' lang='lat'><strong>.</strong></span> <span class='ocrx_word' id='word_1_328' title='bbox 1963 2700 1976 2714; x_wconf 93' lang='lat'><strong>.</strong></span> <span class='ocrx_word' id='word_1_329' title='bbox 2058 2700 2071 2713; x_wconf 96' lang='lat'><strong>.</strong></span> <span class='ocrx_word' id='word_1_330' title='bbox 2151 2701 2165 2714; x_wconf 93' lang='lat'><strong>.</strong></span> <span class='ocrx_word' id='word_1_331' title='bbox 2245 2701 2260 2716; x_wconf 93' lang='lat'><strong>.</strong></span> <span class='ocrx_word' id='word_1_332' title='bbox 2335 2689 2354 2716; x_wconf 54' lang='grc' dir='ltr'><strong>ε.</strong></span> <span class='ocrx_word' id='word_1_333' title='bbox 2435 2704 2449 2718; x_wconf 92' lang='grc'><strong>.</strong></span> 
     </span>
    </p>
   </div>
   <div class='ocr_carea' id='block_1_27' title="bbox 2125 2663 3759 2719">
    <p class='ocr_par' dir='ltr' id='par_1_27' title="bbox 2151 2664 3759 2719">
     <span class='ocr_line' id='line_1_27' title="bbox 3403 2664 3434 2677; baseline 0 -4"><span class='ocrx_word' id='word_1_334' title='bbox 3403 2664 3434 2677; x_wconf 55' lang='grc' dir='ltr'><strong>ς</strong></span> 
     </span>
     <span class='ocr_line' id='line_1_28' title="bbox 2151 2701 3759 2719; baseline 0.002 -4"><span class='ocrx_word' id='word_1_335' title='bbox 2151 2701 2165 2714; x_wconf 76' lang='grc' dir='ltr'><strong><em>ο</em></strong></span> <span class='ocrx_word' id='word_1_336' title='bbox 2245 2701 2260 2716; x_wconf 81' lang='grc' dir='ltr'><strong><em>ο</em></strong></span> <span class='ocrx_word' id='word_1_337' title='bbox 2341 2703 2354 2716; x_wconf 80' lang='lat' dir='ltr'><strong>I</strong></span> <span class='ocrx_word' id='word_1_338' title='bbox 2435 2704 2449 2718; x_wconf 76' lang='grc' dir='ltr'><strong>ο</strong></span> <span class='ocrx_word' id='word_1_339' title='bbox 2529 2702 2542 2716; x_wconf 79' lang='grc' dir='ltr'><strong>ο</strong></span> <span class='ocrx_word' id='word_1_340' title='bbox 2622 2703 2636 2716; x_wconf 76' lang='grc' dir='ltr'><strong>ο</strong></span> <span class='ocrx_word' id='word_1_341' title='bbox 2716 2704 2729 2718; x_wconf 77' lang='grc' dir='ltr'><strong>ο</strong></span> <span class='ocrx_word' id='word_1_342' title='bbox 2809 2704 2823 2718; x_wconf 75' lang='grc' dir='ltr'><strong>ο</strong></span> <span class='ocrx_word' id='word_1_343' title='bbox 2901 2703 2915 2717; x_wconf 75' lang='grc' dir='ltr'><strong><em>ο</em></strong></span> <span class='ocrx_word' id='word_1_344' title='bbox 2995 2704 3006 2717; x_wconf 83' lang='grc' dir='ltr'><strong><em>ο</em></strong></span> <span class='ocrx_word' id='word_1_345' title='bbox 3090 2704 3104 2718; x_wconf 74' lang='grc' dir='ltr'><strong><em>ο</em></strong></span> <span class='ocrx_word' id='word_1_346' title='bbox 3183 2704 3196 2718; x_wconf 74' lang='grc' dir='ltr'><strong><em>ο</em></strong></span> <span class='ocrx_word' id='word_1_347' title='bbox 3277 2704 3290 2717; x_wconf 73' lang='grc' dir='ltr'>ι</span> <span class='ocrx_word' id='word_1_348' title='bbox 3371 2703 3385 2718; x_wconf 77' lang='grc' dir='ltr'><strong><em>ο</em></strong></span> <span class='ocrx_word' id='word_1_349' title='bbox 3463 2704 3478 2718; x_wconf 78' lang='grc' dir='ltr'><strong><em>ο</em></strong></span> <span class='ocrx_word' id='word_1_350' title='bbox 3557 2702 3575 2719; x_wconf 72' lang='grc' dir='ltr'><strong>ο</strong></span> <span class='ocrx_word' id='word_1_351' title='bbox 3650 2703 3666 2719; x_wconf 71' lang='grc' dir='ltr'><strong>ο</strong></span> <span class='ocrx_word' id='word_1_352' title='bbox 3744 2703 3759 2718; x_wconf 81' lang='grc' dir='ltr'><strong>ο</strong></span> 
     </span>
    </p>
   </div>
   <div class='ocr_carea' id='block_1_28' title="bbox 791 2752 3762 2829">
    <p class='ocr_par' dir='ltr' id='par_1_28' title="bbox 791 2752 3762 2829">
     <span class='ocr_line' id='line_1_29' title="bbox 791 2752 3762 2829; baseline -0.001 -17"><span class='ocrx_word' id='word_1_353' title='bbox 791 2795 807 2812; x_wconf 93' lang='grc'><strong>.</strong></span> <span class='ocrx_word' id='word_1_354' title='bbox 883 2755 1213 2829; x_wconf 71' lang='lat' dir='ltr'><strong>reliquasque</strong></span> <span class='ocrx_word' id='word_1_355' title='bbox 1227 2753 1525 2809; x_wconf 86' lang='lat' dir='ltr'><strong>rescribam.</strong></span> <span class='ocrx_word' id='word_1_356' title='bbox 1554 2752 1854 2823; x_wconf 88' lang='lat' dir='ltr'><strong>Imperante</strong></span> <span class='ocrx_word' id='word_1_357' title='bbox 1873 2752 2115 2807; x_wconf 87' lang='lat' dir='ltr'><strong>dominus</strong></span> <span class='ocrx_word' id='word_1_358' title='bbox 2143 2761 2319 2808; x_wconf 85' lang='lat' dir='ltr'><strong>noster</strong></span> <span class='ocrx_word' id='word_1_359' title='bbox 2347 2753 2645 2809; x_wconf 84' lang='lat' dir='ltr'><strong>Lotharius.</strong></span> <span class='ocrx_word' id='word_1_360' title='bbox 2695 2753 2915 2823; x_wconf 87' lang='lat' dir='ltr'><strong>Spectat</strong></span> <span class='ocrx_word' id='word_1_361' title='bbox 2963 2755 3006 2809; x_wconf 91' lang='lat' dir='ltr'><strong>is</strong></span> <span class='ocrx_word' id='word_1_362' title='bbox 3034 2755 3196 2822; x_wconf 84' lang='lat' dir='ltr'><strong>igitur</strong></span> <span class='ocrx_word' id='word_1_363' title='bbox 3217 2753 3384 2809; x_wconf 82' lang='lat' dir='ltr'><strong>codex</strong></span> <span class='ocrx_word' id='word_1_364' title='bbox 3415 2753 3484 2808; x_wconf 82' lang='lat' dir='ltr'><strong>ad</strong></span> <span class='ocrx_word' id='word_1_365' title='bbox 3509 2753 3762 2808; x_wconf 62' lang='lat' dir='ltr'><strong>saeculum</strong></span> 
     </span>
    </p>
   </div>
   <div class='ocr_carea' id='block_1_29' title="bbox 499 2840 3760 2916">
    <p class='ocr_par' dir='ltr' id='par_1_29' title="bbox 499 2840 3760 2916">
     <span class='ocr_line' id='line_1_30' title="bbox 499 2840 3760 2916; baseline 0.001 -19"><span class='ocrx_word' id='word_1_366' title='bbox 499 2840 754 2901; x_wconf 82' lang='lat' dir='ltr'><strong>Ecclesiae</strong></span> <span class='ocrx_word' id='word_1_367' title='bbox 775 2863 994 2909; x_wconf 90' lang='lat' dir='ltr'><strong>nonum,</strong></span> <span class='ocrx_word' id='word_1_368' title='bbox 1027 2847 1110 2901; x_wconf 91' lang='lat' dir='ltr'><strong>vel</strong></span> <span class='ocrx_word' id='word_1_369' title='bbox 1139 2861 1404 2900; x_wconf 90' lang='lat' dir='ltr'><strong>summum</strong></span> <span class='ocrx_word' id='word_1_370' title='bbox 1433 2843 1499 2898; x_wconf 91' lang='lat' dir='ltr'><strong>ad</strong></span> <span class='ocrx_word' id='word_1_371' title='bbox 1527 2843 1813 2898; x_wconf 91' lang='lat' dir='ltr'><strong>decimum.</strong></span> <span class='ocrx_word' id='word_1_372' title='bbox 1843 2843 1975 2898; x_wconf 88' lang='lat' dir='ltr'><strong>Nam</strong></span> <span class='ocrx_word' id='word_1_373' title='bbox 2004 2843 2188 2899; x_wconf 69' lang='lat' dir='ltr'><strong>forma:</strong></span> <span class='ocrx_word' id='word_1_374' title='bbox 2216 2845 2586 2902; x_wconf 72' lang='lat' dir='ltr'><strong>character-um</strong></span> <span class='ocrx_word' id='word_1_375' title='bbox 2608 2846 2765 2916; x_wconf 90' lang='lat' dir='ltr'><strong>plane</strong></span> <span class='ocrx_word' id='word_1_376' title='bbox 2792 2845 3160 2900; x_wconf 89' lang='lat' dir='ltr'><strong>demonstrant</strong></span> <span class='ocrx_word' id='word_1_377' title='bbox 3189 2847 3359 2913; x_wconf 89' lang='lat' dir='ltr'><strong>ipsum</strong></span> <span class='ocrx_word' id='word_1_378' title='bbox 3389 2862 3496 2901; x_wconf 92' lang='lat' dir='ltr'><strong>non</strong></span> <span class='ocrx_word' id='word_1_379' title='bbox 3527 2860 3646 2900; x_wconf 90' lang='lat' dir='ltr'><strong>esse</strong></span> <span class='ocrx_word' id='word_1_380' title='bbox 3673 2860 3760 2899; x_wconf 84' lang='lat' dir='ltr'><strong>re-</strong></span> 
     </span>
    </p>
   </div>
   <div class='ocr_carea' id='block_1_30' title="bbox 499 2932 3760 3007">
    <p class='ocr_par' dir='ltr' id='par_1_30' title="bbox 499 2932 3760 3007">
     <span class='ocr_line' id='line_1_31' title="bbox 499 2932 3760 3007; baseline -0.001 -15"><span class='ocrx_word' id='word_1_381' title='bbox 499 2937 815 2992; x_wconf 90' lang='lat' dir='ltr'><strong>centiorem.</strong></span> <span class='ocrx_word' id='word_1_382' title='bbox 839 2937 1037 2992; x_wconf 85' lang='lat' dir='ltr'><strong>Verum</strong></span> <span class='ocrx_word' id='word_1_383' title='bbox 1063 2937 1160 2992; x_wconf 88' lang='lat' dir='ltr'><strong>sub</strong></span> <span class='ocrx_word' id='word_1_384' title='bbox 1191 2935 1447 2992; x_wconf 84' lang='lat' dir='ltr'><strong>Lothario</strong></span> <span class='ocrx_word' id='word_1_385' title='bbox 1477 2951 1542 2990; x_wconf 92' lang='lat' dir='ltr'><strong>ne</strong></span> <span class='ocrx_word' id='word_1_386' title='bbox 1572 2934 1869 2989; x_wconf 82' lang='lat' dir='ltr'><strong>[Ludovici</strong></span> <span class='ocrx_word' id='word_1_387' title='bbox 1909 2932 1985 2988; x_wconf 87' lang='lat' dir='ltr'><strong>Pii</strong></span> <span class='ocrx_word' id='word_1_388' title='bbox 2017 2933 2146 3002; x_wconf 87' lang='lat' dir='ltr'><strong>ﬁlio,</strong></span> <span class='ocrx_word' id='word_1_389' title='bbox 2179 2937 2269 3006; x_wconf 89' lang='lat' dir='ltr'><strong>qui</strong></span> <span class='ocrx_word' id='word_1_390' title='bbox 2299 2952 2442 2992; x_wconf 91' lang='lat' dir='ltr'><strong>anno</strong></span> <span class='ocrx_word' id='word_1_391' title='bbox 2485 2935 2608 3000; x_wconf 73' lang='lat' dir='ltr'><strong>8M,</strong></span> <span class='ocrx_word' id='word_1_392' title='bbox 2643 2952 2711 2992; x_wconf 91' lang='lat' dir='ltr'><strong>an</strong></span> <span class='ocrx_word' id='word_1_393' title='bbox 2737 2937 2837 2992; x_wconf 87' lang='lat' dir='ltr'><strong>sub</strong></span> <span class='ocrx_word' id='word_1_394' title='bbox 2865 2936 3036 2992; x_wconf 89' lang='lat' dir='ltr'><strong>altero</strong></span> <span class='ocrx_word' id='word_1_395' title='bbox 3060 2937 3150 3005; x_wconf 90' lang='lat' dir='ltr'><strong>qui</strong></span> <span class='ocrx_word' id='word_1_396' title='bbox 3177 2953 3265 2991; x_wconf 88' lang='lat' dir='ltr'><strong>an.</strong></span> <span class='ocrx_word' id='word_1_397' title='bbox 3298 2936 3402 2989; x_wconf 72' lang='grc'><strong>947</strong></span> <span class='ocrx_word' id='word_1_398' title='bbox 3429 2935 3631 3007; x_wconf 89' lang='lat' dir='ltr'><strong>potitus</strong></span> <span class='ocrx_word' id='word_1_399' title='bbox 3659 2935 3760 2990; x_wconf 88' lang='lat' dir='ltr'><strong>im-</strong></span> 
     </span>
    </p>
   </div>
   <div class='ocr_carea' id='block_1_31' title="bbox 499 3022 2161 3096">
    <p class='ocr_par' dir='ltr' id='par_1_31' title="bbox 499 3022 2161 3096">
     <span class='ocr_line' id='line_1_32' title="bbox 499 3022 2161 3096; baseline -0.001 -16"><span class='ocrx_word' id='word_1_400' title='bbox 499 3025 650 3096; x_wconf 88' lang='lat' dir='ltr'><strong>perio</strong></span> <span class='ocrx_word' id='word_1_401' title='bbox 671 3033 771 3089; x_wconf 91' lang='lat' dir='ltr'><strong>est,</strong></span> <span class='ocrx_word' id='word_1_402' title='bbox 802 3025 1132 3095; x_wconf 88' lang='lat' dir='ltr'><strong>perscriptus</strong></span> <span class='ocrx_word' id='word_1_403' title='bbox 1160 3025 1206 3078; x_wconf 90' lang='lat' dir='ltr'><strong>is</strong></span> <span class='ocrx_word' id='word_1_404' title='bbox 1229 3024 1403 3080; x_wconf 80' lang='lat' dir='ltr'><strong>codex</strong></span> <span class='ocrx_word' id='word_1_405' title='bbox 1424 3022 1604 3087; x_wconf 79' lang='lat' dir='ltr'><strong>fuerit,</strong></span> <span class='ocrx_word' id='word_1_406' title='bbox 1636 3039 1743 3077; x_wconf 92' lang='lat' dir='ltr'><strong>non</strong></span> <span class='ocrx_word' id='word_1_407' title='bbox 1773 3022 1904 3078; x_wconf 89' lang='lat' dir='ltr'><strong>satis</strong></span> <span class='ocrx_word' id='word_1_408' title='bbox 1931 3032 2161 3078; x_wconf 86' lang='lat' dir='ltr'><strong>constat.</strong></span> 
     </span>
    </p>
   </div>
   <div class='ocr_carea' id='block_1_32' title="bbox 565 3114 3759 3182">
    <p class='ocr_par' dir='ltr' id='par_1_32' title="bbox 565 3114 3759 3182">
     <span class='ocr_line' id='line_1_33' title="bbox 565 3114 3759 3182; baseline -0.001 -12"><span class='ocrx_word' id='word_1_409' title='bbox 565 3114 684 3171; x_wconf 79' lang='lat' dir='ltr'><strong>Jatn</strong></span> <span class='ocrx_word' id='word_1_410' title='bbox 736 3131 867 3172; x_wconf 91' lang='lat' dir='ltr'><strong>vero</strong></span> <span class='ocrx_word' id='word_1_411' title='bbox 914 3132 1035 3172; x_wconf 90' lang='lat' dir='ltr'><strong>cum</strong></span> <span class='ocrx_word' id='word_1_412' title='bbox 1063 3116 1258 3171; x_wconf 88' lang='lat' dir='ltr'><strong>horum</strong></span> <span class='ocrx_word' id='word_1_413' title='bbox 1283 3115 1527 3170; x_wconf 89' lang='lat' dir='ltr'><strong>codicum</strong></span> <span class='ocrx_word' id='word_1_414' title='bbox 1555 3121 1788 3182; x_wconf 89' lang='lat' dir='ltr'><strong>quatuor</strong></span> <span class='ocrx_word' id='word_1_415' title='bbox 1816 3115 2037 3182; x_wconf 79' lang='lat' dir='ltr'><strong>insignis</strong></span> <span class='ocrx_word' id='word_1_416' title='bbox 2064 3124 2303 3170; x_wconf 86' lang='lat' dir='ltr'><strong>vetustas</strong></span> <span class='ocrx_word' id='word_1_417' title='bbox 2331 3116 2418 3178; x_wconf 88' lang='lat' dir='ltr'><strong>sit,</strong></span> <span class='ocrx_word' id='word_1_418' title='bbox 2449 3122 2504 3169; x_wconf 93' lang='lat' dir='ltr'><strong>et</strong></span> <span class='ocrx_word' id='word_1_419' title='bbox 2535 3115 2586 3169; x_wconf 90' lang='lat' dir='ltr'><strong>in</strong></span> <span class='ocrx_word' id='word_1_420' title='bbox 2619 3115 2870 3181; x_wconf 75' lang='lat' dir='ltr'><strong>liomiliis,</strong></span> <span class='ocrx_word' id='word_1_421' title='bbox 2905 3124 3036 3178; x_wconf 91' lang='lat' dir='ltr'><strong>etc.,</strong></span> <span class='ocrx_word' id='word_1_422' title='bbox 3078 3114 3296 3170; x_wconf 79' lang='lat' dir='ltr'><strong>Maximi</strong></span> <span class='ocrx_word' id='word_1_423' title='bbox 3323 3116 3528 3171; x_wconf 88' lang='lat' dir='ltr'><strong>auctori</strong></span> <span class='ocrx_word' id='word_1_424' title='bbox 3555 3132 3653 3170; x_wconf 87' lang='lat' dir='ltr'><strong>suo</strong></span> <span class='ocrx_word' id='word_1_425' title='bbox 3672 3131 3759 3168; x_wconf 88' lang='lat' dir='ltr'><strong>as-</strong></span> 
     </span>
    </p>
   </div>
   <div class='ocr_carea' id='block_1_33' title="bbox 497 3205 3756 3276">
    <p class='ocr_par' dir='ltr' id='par_1_33' title="bbox 497 3205 3756 3276">
     <span class='ocr_line' id='line_1_34' title="bbox 497 3205 3756 3276; baseline -0.002 -13"><span class='ocrx_word' id='word_1_426' title='bbox 497 3209 764 3264; x_wconf 91' lang='lat' dir='ltr'><strong>cribendis</strong></span> <span class='ocrx_word' id='word_1_427' title='bbox 791 3209 926 3262; x_wconf 90' lang='lat' dir='ltr'><strong>mira</strong></span> <span class='ocrx_word' id='word_1_428' title='bbox 951 3208 1266 3273; x_wconf 90' lang='lat' dir='ltr'><strong>consensio;</strong></span> <span class='ocrx_word' id='word_1_429' title='bbox 1310 3221 1418 3261; x_wconf 92' lang='lat' dir='ltr'><strong>non</strong></span> <span class='ocrx_word' id='word_1_430' title='bbox 1446 3212 1561 3260; x_wconf 88' lang='lat' dir='ltr'><strong>erat</strong></span> <span class='ocrx_word' id='word_1_431' title='bbox 1590 3207 1834 3276; x_wconf 82' lang='lat' dir='ltr'><strong>profecto</strong></span> <span class='ocrx_word' id='word_1_432' title='bbox 1887 3221 1982 3260; x_wconf 87' lang='lat' dir='ltr'><strong>cur</strong></span> <span class='ocrx_word' id='word_1_433' title='bbox 2029 3205 2329 3261; x_wconf 88' lang='lat' dir='ltr'><strong>dubitarem</strong></span> <span class='ocrx_word' id='word_1_434' title='bbox 2380 3206 2638 3275; x_wconf 89' lang='lat' dir='ltr'><strong>opuscula</strong></span> <span class='ocrx_word' id='word_1_435' title='bbox 2665 3205 2906 3274; x_wconf 71' lang='lat' dir='ltr'><strong>qutedam</strong></span> <span class='ocrx_word' id='word_1_436' title='bbox 2936 3205 3172 3259; x_wconf 88' lang='lat' dir='ltr'><strong>nondum</strong></span> <span class='ocrx_word' id='word_1_437' title='bbox 3203 3205 3364 3272; x_wconf 88' lang='lat' dir='ltr'><strong>edita,</strong></span> <span class='ocrx_word' id='word_1_438' title='bbox 3396 3221 3515 3274; x_wconf 71' lang='lat' dir='ltr'><strong>quae</strong></span> <span class='ocrx_word' id='word_1_439' title='bbox 3543 3205 3756 3258; x_wconf 79' lang='lat' dir='ltr'><strong>Maximi</strong></span> 
     </span>
    </p>
   </div>
   <div class='ocr_carea' id='block_1_34' title="bbox 497 3295 3756 3368">
    <p class='ocr_par' dir='ltr' id='par_1_34' title="bbox 497 3295 3756 3368">
     <span class='ocr_line' id='line_1_35' title="bbox 497 3295 3756 3368; baseline 0 -16"><span class='ocrx_word' id='word_1_440' title='bbox 497 3296 738 3367; x_wconf 84' lang='lat' dir='ltr'><strong>ejusdem</strong></span> <span class='ocrx_word' id='word_1_441' title='bbox 784 3299 838 3352; x_wconf 91' lang='lat' dir='ltr'><strong>in</strong></span> <span class='ocrx_word' id='word_1_442' title='bbox 879 3299 1153 3353; x_wconf 85' lang='lat' dir='ltr'><strong>codicibus</strong></span> <span class='ocrx_word' id='word_1_443' title='bbox 1189 3298 1292 3353; x_wconf 89' lang='lat' dir='ltr'><strong>illis</strong></span> <span class='ocrx_word' id='word_1_444' title='bbox 1320 3296 1631 3367; x_wconf 67' lang='lat' dir='ltr'><strong>praal&#39;errent</strong></span> <span class='ocrx_word' id='word_1_445' title='bbox 1677 3312 1894 3362; x_wconf 88' lang='lat' dir='ltr'><strong>nomen,</strong></span> <span class='ocrx_word' id='word_1_446' title='bbox 1921 3297 2018 3368; x_wconf 90' lang='lat' dir='ltr'><strong>ipsi</strong></span> <span class='ocrx_word' id='word_1_447' title='bbox 2050 3312 2166 3352; x_wconf 89' lang='lat' dir='ltr'><strong>esse</strong></span> <span class='ocrx_word' id='word_1_448' title='bbox 2201 3295 2435 3352; x_wconf 81' lang='lat' dir='ltr'><strong>Maximo</strong></span> <span class='ocrx_word' id='word_1_449' title='bbox 2464 3297 2830 3366; x_wconf 86' lang='lat' dir='ltr'><strong>adjudicauda.</strong></span> <span class='ocrx_word' id='word_1_450' title='bbox 2863 3297 2922 3350; x_wconf 87' lang='lat' dir='ltr'><strong>In</strong></span> <span class='ocrx_word' id='word_1_451' title='bbox 2943 3296 3132 3352; x_wconf 86' lang='lat' dir='ltr'><strong>horum</strong></span> <span class='ocrx_word' id='word_1_452' title='bbox 3161 3305 3286 3351; x_wconf 89' lang='lat' dir='ltr'><strong>sunt</strong></span> <span class='ocrx_word' id='word_1_453' title='bbox 3313 3312 3534 3350; x_wconf 89' lang='lat' dir='ltr'><strong>numero</strong></span> <span class='ocrx_word' id='word_1_454' title='bbox 3558 3298 3756 3365; x_wconf 78' lang='lat' dir='ltr'><strong>egregii</strong></span> 
     </span>
    </p>
   </div>
   <div class='ocr_carea' id='block_1_35' title="bbox 497 3387 3754 3460">
    <p class='ocr_par' dir='ltr' id='par_1_35' title="bbox 497 3387 3754 3460">
     <span class='ocr_line' id='line_1_36' title="bbox 497 3387 3754 3460; baseline 0 -18"><span class='ocrx_word' id='word_1_455' title='bbox 497 3395 760 3444; x_wconf 86' lang='lat' dir='ltr'><strong>tractatus</strong></span> <span class='ocrx_word' id='word_1_456' title='bbox 787 3389 850 3443; x_wconf 88' lang='lat' dir='ltr'><strong>de</strong></span> <span class='ocrx_word' id='word_1_457' title='bbox 881 3389 1145 3460; x_wconf 88' lang='lat' dir='ltr'><strong>Baptismo</strong></span> <span class='ocrx_word' id='word_1_458' title='bbox 1166 3397 1294 3454; x_wconf 87' lang='lat' dir='ltr'><strong>tres,</strong></span> <span class='ocrx_word' id='word_1_459' title='bbox 1320 3405 1456 3459; x_wconf 90' lang='lat' dir='ltr'><strong>quos</strong></span> <span class='ocrx_word' id='word_1_460' title='bbox 1478 3389 1724 3459; x_wconf 91' lang='lat' dir='ltr'><strong>equidem</strong></span> <span class='ocrx_word' id='word_1_461' title='bbox 1745 3396 1869 3458; x_wconf 88' lang='lat' dir='ltr'><strong>post</strong></span> <span class='ocrx_word' id='word_1_462' title='bbox 1889 3388 2137 3446; x_wconf 87' lang='lat' dir='ltr'><strong>homilias</strong></span> <span class='ocrx_word' id='word_1_463' title='bbox 2157 3395 2213 3443; x_wconf 90' lang='lat' dir='ltr'><strong>et</strong></span> <span class='ocrx_word' id='word_1_464' title='bbox 2238 3403 2513 3444; x_wconf 86' lang='lat' dir='ltr'><strong>sermones</strong></span> <span class='ocrx_word' id='word_1_465' title='bbox 2535 3389 2634 3460; x_wconf 90' lang='lat' dir='ltr'><strong>(uti</strong></span> <span class='ocrx_word' id='word_1_466' title='bbox 2662 3390 2954 3458; x_wconf 89' lang='lat' dir='ltr'><strong>specimen,</strong></span> <span class='ocrx_word' id='word_1_467' title='bbox 3003 3387 3338 3443; x_wconf 69' lang='lat' dir='ltr'><strong>Maximianze</strong></span> <span class='ocrx_word' id='word_1_468' title='bbox 3371 3403 3478 3442; x_wconf 85' lang='lat' dir='ltr'><strong>non</strong></span> <span class='ocrx_word' id='word_1_469' title='bbox 3497 3387 3754 3443; x_wconf 73' lang='lat' dir='ltr'><strong>doctrinm</strong></span> 
     </span>
    </p>
   </div>
   <div class='ocr_carea' id='block_1_36' title="bbox 497 3479 1975 3551">
    <p class='ocr_par' dir='ltr' id='par_1_36' title="bbox 497 3479 1975 3551">
     <span class='ocr_line' id='line_1_37' title="bbox 497 3479 1975 3551; baseline 0.001 -17"><span class='ocrx_word' id='word_1_470' title='bbox 497 3479 690 3545; x_wconf 83' lang='lat' dir='ltr'><strong>solum,</strong></span> <span class='ocrx_word' id='word_1_471' title='bbox 722 3480 816 3536; x_wconf 89' lang='lat' dir='ltr'><strong>sed</strong></span> <span class='ocrx_word' id='word_1_472' title='bbox 845 3481 1007 3536; x_wconf 92' lang='lat' dir='ltr'><strong>etiam</strong></span> <span class='ocrx_word' id='word_1_473' title='bbox 1035 3483 1240 3550; x_wconf 64' lang='lat' dir='ltr'><strong>peritiae</strong></span> <span class='ocrx_word' id='word_1_474' title='bbox 1262 3483 1460 3537; x_wconf 89' lang='lat' dir='ltr'><strong>rituum</strong></span> <span class='ocrx_word' id='word_1_475' title='bbox 1489 3481 1786 3551; x_wconf 88' lang='lat' dir='ltr'><strong>sacrorum)</strong></span> <span class='ocrx_word' id='word_1_476' title='bbox 1818 3481 1975 3537; x_wconf 91' lang='lat' dir='ltr'><strong>dabo.</strong></span> 
     </span>
    </p>
   </div>
   <div class='ocr_carea' id='block_1_37' title="bbox 567 3569 3755 3645">
    <p class='ocr_par' dir='ltr' id='par_1_37' title="bbox 567 3569 3755 3645">
     <span class='ocr_line' id='line_1_38' title="bbox 567 3569 3755 3645; baseline -0.001 -18"><span class='ocrx_word' id='word_1_477' title='bbox 567 3571 634 3626; x_wconf 84' lang='lat' dir='ltr'><strong>X.</strong></span> <span class='ocrx_word' id='word_1_478' title='bbox 677 3573 980 3644; x_wconf 88' lang='lat' dir='ltr'><strong>Subalpinis</strong></span> <span class='ocrx_word' id='word_1_479' title='bbox 1005 3575 1152 3631; x_wconf 83' lang='lat' dir='ltr'><strong>hisce</strong></span> <span class='ocrx_word' id='word_1_480' title='bbox 1171 3576 1554 3630; x_wconf 89' lang='lat' dir='ltr'><strong>annumerandi</strong></span> <span class='ocrx_word' id='word_1_481' title='bbox 1576 3583 1701 3631; x_wconf 88' lang='lat' dir='ltr'><strong>sunt</strong></span> <span class='ocrx_word' id='word_1_482' title='bbox 1725 3575 2090 3630; x_wconf 87' lang='lat' dir='ltr'><strong>Vercellenses</strong></span> <span class='ocrx_word' id='word_1_483' title='bbox 2118 3576 2352 3641; x_wconf 88' lang='lat' dir='ltr'><strong>codices,</strong></span> <span class='ocrx_word' id='word_1_484' title='bbox 2381 3590 2610 3645; x_wconf 89' lang='lat' dir='ltr'><strong>quorum</strong></span> <span class='ocrx_word' id='word_1_485' title='bbox 2633 3581 2740 3628; x_wconf 91' lang='lat' dir='ltr'><strong>tres</strong></span> <span class='ocrx_word' id='word_1_486' title='bbox 2762 3571 3161 3627; x_wconf 90' lang='lat' dir='ltr'><strong>accuratissima</strong></span> <span class='ocrx_word' id='word_1_487' title='bbox 3208 3569 3480 3636; x_wconf 79' lang='lat' dir='ltr'><strong>diligentia</strong></span> <span class='ocrx_word' id='word_1_488' title='bbox 3525 3569 3755 3624; x_wconf 79' lang='lat' dir='ltr'><strong>versavit</strong></span> 
     </span>
    </p>
   </div>
   <div class='ocr_carea' id='block_1_38' title="bbox 493 3659 3755 3735">
    <p class='ocr_par' dir='ltr' id='par_1_38' title="bbox 493 3659 3755 3735">
     <span class='ocr_line' id='line_1_39' title="bbox 493 3659 3755 3735; baseline -0.001 -15"><span class='ocrx_word' id='word_1_489' title='bbox 493 3665 863 3735; x_wconf 85' lang='lat' dir='ltr'><strong>pervolvitque</strong></span> <span class='ocrx_word' id='word_1_490' title='bbox 886 3668 1194 3721; x_wconf 91' lang='lat' dir='ltr'><strong>canonicus.</strong></span> <span class='ocrx_word' id='word_1_491' title='bbox 1230 3666 1351 3720; x_wconf 75' lang='lat' dir='ltr'><strong>Ant.</strong></span> <span class='ocrx_word' id='word_1_492' title='bbox 1385 3665 1574 3722; x_wconf 86' lang='lat' dir='ltr'><strong>Franc.</strong></span> <span class='ocrx_word' id='word_1_493' title='bbox 1606 3664 1826 3728; x_wconf 87' lang='lat' dir='ltr'><strong>Frisius,</strong></span> <span class='ocrx_word' id='word_1_494' title='bbox 1859 3665 2012 3734; x_wconf 89' lang='lat' dir='ltr'><strong>cujus</strong></span> <span class='ocrx_word' id='word_1_495' title='bbox 2037 3672 2120 3720; x_wconf 90' lang='lat' dir='ltr'><strong>est</strong></span> <span class='ocrx_word' id='word_1_496' title='bbox 2146 3673 2272 3720; x_wconf 90' lang='lat' dir='ltr'><strong>ante</strong></span> <span class='ocrx_word' id='word_1_497' title='bbox 2293 3681 2322 3719; x_wconf 86' lang='lat' dir='ltr'><strong>a</strong></span> <span class='ocrx_word' id='word_1_498' title='bbox 2352 3666 2505 3721; x_wconf 91' lang='lat' dir='ltr'><strong>nobis</strong></span> <span class='ocrx_word' id='word_1_499' title='bbox 2534 3680 2654 3720; x_wconf 90' lang='lat' dir='ltr'><strong>cum</strong></span> <span class='ocrx_word' id='word_1_500' title='bbox 2682 3663 2839 3716; x_wconf 90' lang='lat' dir='ltr'><strong>laude</strong></span> <span class='ocrx_word' id='word_1_501' title='bbox 2863 3661 3000 3716; x_wconf 82' lang='lat' dir='ltr'><strong>facta</strong></span> <span class='ocrx_word' id='word_1_502' title='bbox 3029 3659 3502 3725; x_wconf 88' lang='lat' dir='ltr'><strong>commemoratio;</strong></span> <span class='ocrx_word' id='word_1_503' title='bbox 3531 3675 3755 3730; x_wconf 63' lang='lat' dir='ltr'><strong>quaeque</strong></span> 
     </span>
    </p>
   </div>
   <div class='ocr_carea' id='block_1_39' title="bbox 495 3751 3755 3826">
    <p class='ocr_par' dir='ltr' id='par_1_39' title="bbox 495 3751 3755 3826">
     <span class='ocr_line' id='line_1_40' title="bbox 495 3751 3755 3826; baseline -0 -16"><span class='ocrx_word' id='word_1_504' title='bbox 495 3757 549 3810; x_wconf 87' lang='lat' dir='ltr'><strong>in</strong></span> <span class='ocrx_word' id='word_1_505' title='bbox 578 3754 643 3810; x_wconf 80' lang='lat' dir='ltr'><strong>iis</strong></span> <span class='ocrx_word' id='word_1_506' title='bbox 664 3755 1021 3826; x_wconf 81' lang='lat' dir='ltr'><strong>deprehendit</strong></span> <span class='ocrx_word' id='word_1_507' title='bbox 1041 3764 1226 3809; x_wconf 88' lang='lat' dir='ltr'><strong>notato</strong></span> <span class='ocrx_word' id='word_1_508' title='bbox 1255 3755 1434 3823; x_wconf 86' lang='lat' dir='ltr'><strong>digna,</strong></span> <span class='ocrx_word' id='word_1_509' title='bbox 1467 3756 1742 3811; x_wconf 88' lang='lat' dir='ltr'><strong>mandavit</strong></span> <span class='ocrx_word' id='word_1_510' title='bbox 1765 3757 1975 3821; x_wconf 89' lang='lat' dir='ltr'><strong>litteris,</strong></span> <span class='ocrx_word' id='word_1_511' title='bbox 1999 3758 2214 3826; x_wconf 79' lang='lat' dir='ltr'><strong>egitque</strong></span> <span class='ocrx_word' id='word_1_512' title='bbox 2235 3759 2442 3824; x_wconf 89' lang='lat' dir='ltr'><strong>sedulo,</strong></span> <span class='ocrx_word' id='word_1_513' title='bbox 2475 3764 2532 3811; x_wconf 86' lang='lat' dir='ltr'><strong>ut</strong></span> <span class='ocrx_word' id='word_1_514' title='bbox 2561 3771 2747 3811; x_wconf 92' lang='lat' dir='ltr'><strong>eorum</strong></span> <span class='ocrx_word' id='word_1_515' title='bbox 2783 3770 2868 3806; x_wconf 91' lang='lat' dir='ltr'><strong>me</strong></span> <span class='ocrx_word' id='word_1_516' title='bbox 2889 3752 3200 3821; x_wconf 90' lang='lat' dir='ltr'><strong>participem</strong></span> <span class='ocrx_word' id='word_1_517' title='bbox 3243 3751 3460 3806; x_wconf 83' lang='lat' dir='ltr'><strong>faceret.</strong></span> <span class='ocrx_word' id='word_1_518' title='bbox 3495 3753 3649 3808; x_wconf 86' lang='lat' dir='ltr'><strong>Prior</strong></span> <span class='ocrx_word' id='word_1_519' title='bbox 3673 3762 3755 3809; x_wconf 89' lang='lat' dir='ltr'><strong>est</strong></span> 
     </span>
    </p>
   </div>
   <div class='ocr_carea' id='block_1_40' title="bbox 495 3842 3756 3914">
    <p class='ocr_par' dir='ltr' id='par_1_40' title="bbox 495 3842 3756 3914">
     <span class='ocr_line' id='line_1_41' title="bbox 495 3842 3756 3914; baseline 0 -14"><span class='ocrx_word' id='word_1_520' title='bbox 495 3846 687 3901; x_wconf 86' lang='lat' dir='ltr'><strong>horum</strong></span> <span class='ocrx_word' id='word_1_521' title='bbox 708 3846 1041 3900; x_wconf 89' lang='lat' dir='ltr'><strong>homiliarius</strong></span> <span class='ocrx_word' id='word_1_522' title='bbox 1055 3844 1225 3900; x_wconf 89' lang='lat' dir='ltr'><strong>codex</strong></span> <span class='ocrx_word' id='word_1_523' title='bbox 1243 3859 1388 3897; x_wconf 92' lang='lat' dir='ltr'><strong>num.</strong></span> <span class='ocrx_word' id='word_1_524' title='bbox 1417 3843 1484 3895; x_wconf 87' lang='lat'><strong>66</strong></span> <span class='ocrx_word' id='word_1_525' title='bbox 1514 3844 1725 3897; x_wconf 80' lang='lat' dir='ltr'><strong>in—lolio</strong></span> <span class='ocrx_word' id='word_1_526' title='bbox 1746 3847 1980 3898; x_wconf 88' lang='lat' dir='ltr'><strong>maximo</strong></span> <span class='ocrx_word' id='word_1_527' title='bbox 2000 3847 2177 3900; x_wconf 60' lang='lat' dir='ltr'><strong>seculi</strong></span> <span class='ocrx_word' id='word_1_528' title='bbox 2201 3863 2292 3912; x_wconf 90' lang='lat' dir='ltr'><strong>xu,</strong></span> <span class='ocrx_word' id='word_1_529' title='bbox 2320 3848 2405 3900; x_wconf 86' lang='lat' dir='ltr'><strong>vel</strong></span> <span class='ocrx_word' id='word_1_530' title='bbox 2427 3861 2537 3910; x_wconf 87' lang='lat' dir='ltr'><strong>xm,</strong></span> <span class='ocrx_word' id='word_1_531' title='bbox 2558 3845 2610 3898; x_wconf 93' lang='lat' dir='ltr'><strong>in</strong></span> <span class='ocrx_word' id='word_1_532' title='bbox 2642 3842 2903 3898; x_wconf 89' lang='lat' dir='ltr'><strong>tabulario</strong></span> <span class='ocrx_word' id='word_1_533' title='bbox 2933 3842 3254 3897; x_wconf 86' lang='lat' dir='ltr'><strong>cathedralis</strong></span> <span class='ocrx_word' id='word_1_534' title='bbox 3283 3844 3522 3898; x_wconf 64' lang='lat' dir='ltr'><strong>ecclesiae</strong></span> <span class='ocrx_word' id='word_1_535' title='bbox 3548 3845 3756 3914; x_wconf 84' lang='lat' dir='ltr'><strong>integer</strong></span> 
     </span>
    </p>
   </div>
   <div class='ocr_carea' id='block_1_41' title="bbox 494 3933 3748 4006">
    <p class='ocr_par' dir='ltr' id='par_1_41' title="bbox 494 3933 3748 4006">
     <span class='ocr_line' id='line_1_42' title="bbox 494 3933 3748 4006; baseline 0 -16"><span class='ocrx_word' id='word_1_536' title='bbox 494 3943 738 3990; x_wconf 88' lang='lat' dir='ltr'><strong>servatus</strong></span> <span class='ocrx_word' id='word_1_537' title='bbox 784 3950 905 3989; x_wconf 88' lang='lat' dir='ltr'><strong>cum</strong></span> <span class='ocrx_word' id='word_1_538' title='bbox 935 3935 1071 3998; x_wconf 91' lang='lat' dir='ltr'><strong>aliis,</strong></span> <span class='ocrx_word' id='word_1_539' title='bbox 1102 3947 1330 4003; x_wconf 88' lang='lat' dir='ltr'><strong>quorum</strong></span> <span class='ocrx_word' id='word_1_540' title='bbox 1356 3945 1438 3988; x_wconf 86' lang='lat' dir='ltr'><strong>est</strong></span> <span class='ocrx_word' id='word_1_541' title='bbox 1466 3933 1662 3988; x_wconf 90' lang='lat' dir='ltr'><strong>ibidem</strong></span> <span class='ocrx_word' id='word_1_542' title='bbox 1701 3933 1922 4002; x_wconf 89' lang='lat' dir='ltr'><strong>insignis</strong></span> <span class='ocrx_word' id='word_1_543' title='bbox 1949 3936 2125 4004; x_wconf 87' lang='lat' dir='ltr'><strong>copia.</strong></span> <span class='ocrx_word' id='word_1_544' title='bbox 2147 3936 2204 3990; x_wconf 93' lang='lat' dir='ltr'><strong>In</strong></span> <span class='ocrx_word' id='word_1_545' title='bbox 2226 3952 2292 3991; x_wconf 92' lang='lat' dir='ltr'><strong>eo</strong></span> <span class='ocrx_word' id='word_1_546' title='bbox 2320 3937 2504 3991; x_wconf 90' lang='lat' dir='ltr'><strong>codice</strong></span> <span class='ocrx_word' id='word_1_547' title='bbox 2524 3936 2742 3990; x_wconf 87' lang='lat' dir='ltr'><strong>homilia</strong></span> <span class='ocrx_word' id='word_1_548' title='bbox 2772 3935 2859 3988; x_wconf 90' lang='lat' dir='ltr'><strong>illa</strong></span> <span class='ocrx_word' id='word_1_549' title='bbox 2883 3934 3078 4003; x_wconf 89' lang='lat' dir='ltr'><strong>legitur</strong></span> <span class='ocrx_word' id='word_1_550' title='bbox 3097 3935 3265 3989; x_wconf 87' lang='lat' dir='ltr'><strong>sancti</strong></span> <span class='ocrx_word' id='word_1_551' title='bbox 3297 3938 3462 4006; x_wconf 81' lang='lat' dir='ltr'><strong>nostri</strong></span> <span class='ocrx_word' id='word_1_552' title='bbox 3491 3938 3748 4006; x_wconf 68' lang='lat' dir='ltr'><strong>prtesulis,</strong></span> 
     </span>
    </p>
   </div>
   <div class='ocr_carea' id='block_1_42' title="bbox 494 4023 3751 4097">
    <p class='ocr_par' dir='ltr' id='par_1_42' title="bbox 494 4023 3751 4097">
     <span class='ocr_line' id='line_1_43' title="bbox 494 4023 3751 4097; baseline -0.001 -15"><span class='ocrx_word' id='word_1_553' title='bbox 494 4039 613 4095; x_wconf 71' lang='lat' dir='ltr'><strong>qua:</strong></span> <span class='ocrx_word' id='word_1_554' title='bbox 637 4036 718 4082; x_wconf 88' lang='lat' dir='ltr'><strong>est</strong></span> <span class='ocrx_word' id='word_1_555' title='bbox 740 4027 992 4095; x_wconf 86' lang='lat' dir='ltr'><strong>inscripta</strong></span> <span class='ocrx_word' id='word_1_556' title='bbox 1013 4025 1075 4078; x_wconf 90' lang='lat' dir='ltr'><strong>de</strong></span> <span class='ocrx_word' id='word_1_557' title='bbox 1103 4023 1453 4078; x_wconf 83' lang='lat' dir='ltr'><strong>Mirabilibus.</strong></span> <span class='ocrx_word' id='word_1_558' title='bbox 1472 4023 1623 4079; x_wconf 90' lang='lat' dir='ltr'><strong>Hane</strong></span> <span class='ocrx_word' id='word_1_559' title='bbox 1650 4040 1773 4079; x_wconf 86' lang='lat' dir='ltr'><strong>mox</strong></span> <span class='ocrx_word' id='word_1_560' title='bbox 1796 4034 2094 4094; x_wconf 90' lang='lat' dir='ltr'><strong>sequuntur</strong></span> <span class='ocrx_word' id='word_1_561' title='bbox 2114 4025 2181 4080; x_wconf 92' lang='lat' dir='ltr'><strong>de</strong></span> <span class='ocrx_word' id='word_1_562' title='bbox 2209 4034 2392 4082; x_wconf 91' lang='lat' dir='ltr'><strong>sancto</strong></span> <span class='ocrx_word' id='word_1_563' title='bbox 2409 4025 2638 4082; x_wconf 87' lang='lat' dir='ltr'><strong>Eusebio</strong></span> <span class='ocrx_word' id='word_1_564' title='bbox 2667 4025 2920 4095; x_wconf 89' lang='lat' dir='ltr'><strong>episc0po</strong></span> <span class='ocrx_word' id='word_1_565' title='bbox 2948 4023 3273 4081; x_wconf 80' lang='lat' dir='ltr'><strong>Vercellensi</strong></span> <span class='ocrx_word' id='word_1_566' title='bbox 3293 4041 3570 4082; x_wconf 88' lang='lat' dir='ltr'><strong>sermones</strong></span> <span class='ocrx_word' id='word_1_567' title='bbox 3595 4028 3751 4097; x_wconf 86' lang='lat' dir='ltr'><strong>quin-</strong></span> 
     </span>
    </p>
   </div>
   <div class='ocr_carea' id='block_1_43' title="bbox 490 4112 2471 4188">
    <p class='ocr_par' dir='ltr' id='par_1_43' title="bbox 490 4112 2471 4188">
     <span class='ocr_line' id='line_1_44' title="bbox 490 4112 2471 4188; baseline -0.002 -16"><span class='ocrx_word' id='word_1_568' title='bbox 490 4132 616 4188; x_wconf 88' lang='lat' dir='ltr'><strong>que,</strong></span> <span class='ocrx_word' id='word_1_569' title='bbox 632 4113 844 4186; x_wconf 89' lang='lat' dir='ltr'><strong>duoque</strong></span> <span class='ocrx_word' id='word_1_570' title='bbox 865 4116 988 4169; x_wconf 91' lang='lat' dir='ltr'><strong>inde</strong></span> <span class='ocrx_word' id='word_1_571' title='bbox 1011 4129 1286 4168; x_wconf 88' lang='lat' dir='ltr'><strong>sermones</strong></span> <span class='ocrx_word' id='word_1_572' title='bbox 1306 4113 1369 4168; x_wconf 88' lang='lat' dir='ltr'><strong>de</strong></span> <span class='ocrx_word' id='word_1_573' title='bbox 1395 4117 1563 4168; x_wconf 85' lang='lat' dir='ltr'><strong>sancti</strong></span> <span class='ocrx_word' id='word_1_574' title='bbox 1582 4112 1852 4168; x_wconf 85' lang='lat' dir='ltr'><strong>Laurentii</strong></span> <span class='ocrx_word' id='word_1_575' title='bbox 1877 4117 2124 4186; x_wconf 83' lang='lat' dir='ltr'><strong>martyris</strong></span> <span class='ocrx_word' id='word_1_576' title='bbox 2149 4113 2471 4169; x_wconf 83' lang='lat' dir='ltr'><strong>Festivitate.</strong></span> 
     </span>
    </p>
   </div>
   <div class='ocr_carea' id='block_1_44' title="bbox 565 4202 3751 4279">
    <p class='ocr_par' dir='ltr' id='par_1_44' title="bbox 565 4202 3751 4279">
     <span class='ocr_line' id='line_1_45' title="bbox 565 4202 3751 4279; baseline 0.001 -19"><span class='ocrx_word' id='word_1_577' title='bbox 565 4202 722 4279; x_wconf 88' lang='lat' dir='ltr'><strong>[xxu]</strong></span> <span class='ocrx_word' id='word_1_578' title='bbox 745 4205 895 4259; x_wconf 83' lang='lat' dir='ltr'><strong>Alter</strong></span> <span class='ocrx_word' id='word_1_579' title='bbox 913 4203 1102 4267; x_wconf 91' lang='lat' dir='ltr'><strong>codex,</strong></span> <span class='ocrx_word' id='word_1_580' title='bbox 1129 4203 1180 4257; x_wconf 92' lang='lat' dir='ltr'><strong>in</strong></span> <span class='ocrx_word' id='word_1_581' title='bbox 1205 4203 1342 4258; x_wconf 89' lang='lat' dir='ltr'><strong>serie</strong></span> <span class='ocrx_word' id='word_1_582' title='bbox 1353 4202 1770 4259; x_wconf 79' lang='lat' dir='ltr'><strong>Vercellensium</strong></span> <span class='ocrx_word' id='word_1_583' title='bbox 1799 4205 2048 4260; x_wconf 90' lang='lat' dir='ltr'><strong>tabularii</strong></span> <span class='ocrx_word' id='word_1_584' title='bbox 2074 4207 2312 4260; x_wconf 66' lang='lat' dir='ltr'><strong>ecclesiae</strong></span> <span class='ocrx_word' id='word_1_585' title='bbox 2324 4206 2646 4262; x_wconf 88' lang='lat' dir='ltr'><strong>cathedralis</strong></span> <span class='ocrx_word' id='word_1_586' title='bbox 2671 4215 2754 4261; x_wconf 88' lang='lat' dir='ltr'><strong>est</strong></span> <span class='ocrx_word' id='word_1_587' title='bbox 2780 4207 3036 4276; x_wconf 88' lang='lat' dir='ltr'><strong>septimus</strong></span> <span class='ocrx_word' id='word_1_588' title='bbox 3058 4223 3302 4271; x_wconf 90' lang='lat' dir='ltr'><strong>numero,</strong></span> <span class='ocrx_word' id='word_1_589' title='bbox 3318 4211 3751 4264; x_wconf 89' lang='lat' dir='ltr'><strong>membrauaceus</strong></span> 
     </span>
    </p>
   </div>
   <div class='ocr_carea' id='block_1_45' title="bbox 490 4293 3746 4370">
    <p class='ocr_par' dir='ltr' id='par_1_45' title="bbox 490 4293 3746 4370">
     <span class='ocr_line' id='line_1_46' title="bbox 490 4293 3746 4370; baseline -0 -17"><span class='ocrx_word' id='word_1_590' title='bbox 490 4298 713 4370; x_wconf 83' lang='lat' dir='ltr'><strong>perinde</strong></span> <span class='ocrx_word' id='word_1_591' title='bbox 742 4295 953 4352; x_wconf 82' lang='lat' dir='ltr'><strong>in—folio</strong></span> <span class='ocrx_word' id='word_1_592' title='bbox 983 4295 1217 4350; x_wconf 92' lang='lat' dir='ltr'><strong>maximo</strong></span> <span class='ocrx_word' id='word_1_593' title='bbox 1243 4304 1554 4366; x_wconf 89' lang='lat' dir='ltr'><strong>spectatque</strong></span> <span class='ocrx_word' id='word_1_594' title='bbox 1595 4294 1660 4349; x_wconf 89' lang='lat' dir='ltr'><strong>ad</strong></span> <span class='ocrx_word' id='word_1_595' title='bbox 1689 4313 1742 4349; x_wconf 78' lang='lat' dir='ltr'><strong>xi</strong></span> <span class='ocrx_word' id='word_1_596' title='bbox 1785 4296 2053 4350; x_wconf 65' lang='lat' dir='ltr'><strong>saeculum.</strong></span> <span class='ocrx_word' id='word_1_597' title='bbox 2099 4293 2268 4351; x_wconf 88' lang='lat' dir='ltr'><strong>Unam</strong></span> <span class='ocrx_word' id='word_1_598' title='bbox 2299 4298 2344 4353; x_wconf 92' lang='lat' dir='ltr'><strong>is</strong></span> <span class='ocrx_word' id='word_1_599' title='bbox 2365 4297 2602 4352; x_wconf 88' lang='lat' dir='ltr'><strong>continet</strong></span> <span class='ocrx_word' id='word_1_600' title='bbox 2631 4297 2905 4352; x_wconf 89' lang='lat' dir='ltr'><strong>homiliam</strong></span> <span class='ocrx_word' id='word_1_601' title='bbox 2931 4299 3100 4353; x_wconf 89' lang='lat' dir='ltr'><strong>sancti</strong></span> <span class='ocrx_word' id='word_1_602' title='bbox 3131 4297 3344 4352; x_wconf 86' lang='lat' dir='ltr'><strong>Maximi</strong></span> <span class='ocrx_word' id='word_1_603' title='bbox 3379 4298 3746 4368; x_wconf 72' lang='lat' dir='ltr'><strong>przel&#39;erentem</strong></span> 
     </span>
    </p>
   </div>
   <div class='ocr_carea' id='block_1_46' title="bbox 492 4385 3750 4460">
    <p class='ocr_par' dir='ltr' id='par_1_46' title="bbox 492 4385 3750 4460">
     <span class='ocr_line' id='line_1_47' title="bbox 492 4385 3750 4460; baseline -0 -16"><span class='ocrx_word' id='word_1_604' title='bbox 492 4403 708 4456; x_wconf 87' lang='lat' dir='ltr'><strong>nomen,</strong></span> <span class='ocrx_word' id='word_1_605' title='bbox 740 4389 891 4458; x_wconf 92' lang='lat' dir='ltr'><strong>cujus</strong></span> <span class='ocrx_word' id='word_1_606' title='bbox 911 4389 1026 4443; x_wconf 60' lang='lat' dir='ltr'><strong>haec</strong></span> <span class='ocrx_word' id='word_1_607' title='bbox 1052 4394 1136 4442; x_wconf 90' lang='lat' dir='ltr'><strong>est</strong></span> <span class='ocrx_word' id='word_1_608' title='bbox 1156 4387 1431 4457; x_wconf 88' lang='lat' dir='ltr'><strong>inscriptio</strong></span> <span class='ocrx_word' id='word_1_609' title='bbox 1456 4405 1467 4439; x_wconf 90' lang='lat'>:</span> <span class='ocrx_word' id='word_1_610' title='bbox 1497 4385 1563 4442; x_wconf 87' lang='lat' dir='ltr'><strong>In</strong></span> <span class='ocrx_word' id='word_1_611' title='bbox 1593 4396 1773 4441; x_wconf 82' lang='lat' dir='ltr'><strong>octaua</strong></span> <span class='ocrx_word' id='word_1_612' title='bbox 1789 4385 2025 4452; x_wconf 88' lang='lat' dir='ltr'><strong>Domini,</strong></span> <span class='ocrx_word' id='word_1_613' title='bbox 2053 4388 2106 4443; x_wconf 93' lang='lat' dir='ltr'><strong>id</strong></span> <span class='ocrx_word' id='word_1_614' title='bbox 2126 4396 2226 4454; x_wconf 90' lang='lat' dir='ltr'><strong>est,</strong></span> <span class='ocrx_word' id='word_1_615' title='bbox 2250 4389 2356 4443; x_wconf 78' lang='lat' dir='ltr'><strong>kat.</strong></span> <span class='ocrx_word' id='word_1_616' title='bbox 2376 4389 2638 4443; x_wconf 83' lang='lat' dir='ltr'><strong>Januarii.</strong></span> <span class='ocrx_word' id='word_1_617' title='bbox 2660 4387 2790 4442; x_wconf 89' lang='lat' dir='ltr'><strong>Eam</strong></span> <span class='ocrx_word' id='word_1_618' title='bbox 2812 4386 3120 4460; x_wconf 83' lang='lat' dir='ltr'><strong>Gymnicus,</strong></span> <span class='ocrx_word' id='word_1_619' title='bbox 3141 4389 3499 4458; x_wconf 89' lang='lat' dir='ltr'><strong>deincepsque</strong></span> <span class='ocrx_word' id='word_1_620' title='bbox 3526 4389 3615 4444; x_wconf 90' lang='lat' dir='ltr'><strong>alii</strong></span> <span class='ocrx_word' id='word_1_621' title='bbox 3635 4389 3750 4444; x_wconf 88' lang='lat' dir='ltr'><strong>edi-</strong></span> 
     </span>
    </p>
   </div>
   <div class='ocr_carea' id='block_1_47' title="bbox 488 4465 1601 4536">
    <p class='ocr_par' dir='ltr' id='par_1_47' title="bbox 488 4465 1601 4536">
     <span class='ocr_line' id='line_1_48' title="bbox 488 4465 1601 4536; baseline -0.004 0"><span class='ocrx_word' id='word_1_622' title='bbox 488 4480 702 4536; x_wconf 90' lang='lat' dir='ltr'><strong>derunt.</strong></span> <span class='ocrx_word' id='word_1_623' title='bbox 1596 4465 1601 4473; x_wconf 71' lang='grc'><em>’</em></span> 
     </span>
    </p>
   </div>
   <div class='ocr_carea' id='block_1_48' title="bbox 559 4565 3745 4638">
    <p class='ocr_par' dir='ltr' id='par_1_48' title="bbox 559 4565 3745 4638">
     <span class='ocr_line' id='line_1_49' title="bbox 559 4565 3745 4638; baseline -0.001 -14"><span class='ocrx_word' id='word_1_624' title='bbox 559 4569 635 4624; x_wconf 81' lang='lat' dir='ltr'><strong>De</strong></span> <span class='ocrx_word' id='word_1_625' title='bbox 661 4567 840 4632; x_wconf 88' lang='lat' dir='ltr'><strong>tertio,</strong></span> <span class='ocrx_word' id='word_1_626' title='bbox 871 4567 925 4621; x_wconf 89' lang='lat' dir='ltr'><strong>id</strong></span> <span class='ocrx_word' id='word_1_627' title='bbox 951 4581 1052 4635; x_wconf 78' lang='lat' dir='ltr'><strong>ego</strong></span> <span class='ocrx_word' id='word_1_628' title='bbox 1082 4565 1433 4622; x_wconf 87' lang='lat' dir='ltr'><strong>animadverti</strong></span> <span class='ocrx_word' id='word_1_629' title='bbox 1460 4567 1584 4622; x_wconf 89' lang='lat' dir='ltr'><strong>volo</strong></span> <span class='ocrx_word' id='word_1_630' title='bbox 1609 4584 1622 4619; x_wconf 90' lang='lat'><strong>:</strong></span> <span class='ocrx_word' id='word_1_631' title='bbox 1655 4566 2120 4621; x_wconf 85' lang='lat' dir='ltr'><strong>membranaeeum</strong></span> <span class='ocrx_word' id='word_1_632' title='bbox 2150 4581 2362 4637; x_wconf 90' lang='lat' dir='ltr'><strong>quoque</strong></span> <span class='ocrx_word' id='word_1_633' title='bbox 2391 4567 2561 4636; x_wconf 89' lang='lat' dir='ltr'><strong>ipsum</strong></span> <span class='ocrx_word' id='word_1_634' title='bbox 2585 4581 2721 4631; x_wconf 89' lang='lat' dir='ltr'><strong>esse,</strong></span> <span class='ocrx_word' id='word_1_635' title='bbox 2745 4568 3122 4638; x_wconf 89' lang='lat' dir='ltr'><strong>pertinereque</strong></span> <span class='ocrx_word' id='word_1_636' title='bbox 3143 4567 3209 4622; x_wconf 87' lang='lat' dir='ltr'><strong>ad</strong></span> <span class='ocrx_word' id='word_1_637' title='bbox 3239 4567 3377 4623; x_wconf 88' lang='lat' dir='ltr'><strong>idem</strong></span> <span class='ocrx_word' id='word_1_638' title='bbox 3404 4585 3458 4622; x_wconf 77' lang='lat' dir='ltr'><strong>xl</strong></span> <span class='ocrx_word' id='word_1_639' title='bbox 3477 4569 3745 4632; x_wconf 63' lang='lat' dir='ltr'><strong>saeuiunt,</strong></span> 
     </span>
    </p>
   </div>
   <div class='ocr_carea' id='block_1_49' title="bbox 487 4656 3748 4730">
    <p class='ocr_par' dir='ltr' id='par_1_49' title="bbox 487 4656 3748 4730">
     <span class='ocr_line' id='line_1_50' title="bbox 487 4656 3748 4730; baseline -0.001 -14"><span class='ocrx_word' id='word_1_640' title='bbox 487 4677 551 4718; x_wconf 87' lang='lat' dir='ltr'><strong>ac</strong></span> <span class='ocrx_word' id='word_1_641' title='bbox 577 4661 824 4716; x_wconf 80' lang='lat' dir='ltr'><strong>homilias</strong></span> <span class='ocrx_word' id='word_1_642' title='bbox 845 4659 1128 4730; x_wconf 89' lang='lat' dir='ltr'><strong>complecti</strong></span> <span class='ocrx_word' id='word_1_643' title='bbox 1160 4657 1247 4723; x_wconf 76' lang='lat'><strong>18,</strong></span> <span class='ocrx_word' id='word_1_644' title='bbox 1269 4671 1422 4729; x_wconf 88' lang='lat' dir='ltr'><strong>quas,</strong></span> <span class='ocrx_word' id='word_1_645' title='bbox 1455 4657 1553 4713; x_wconf 88' lang='lat' dir='ltr'><strong>etsi</strong></span> <span class='ocrx_word' id='word_1_646' title='bbox 1571 4657 1778 4726; x_wconf 88' lang='lat' dir='ltr'><strong>jamdiu</strong></span> <span class='ocrx_word' id='word_1_647' title='bbox 1799 4657 1940 4728; x_wconf 87' lang='lat' dir='ltr'><strong>typis</strong></span> <span class='ocrx_word' id='word_1_648' title='bbox 1959 4657 2220 4726; x_wconf 79' lang='lat' dir='ltr'><strong>volgatas,</strong></span> <span class='ocrx_word' id='word_1_649' title='bbox 2253 4658 2296 4713; x_wconf 89' lang='lat' dir='ltr'><strong>is</strong></span> <span class='ocrx_word' id='word_1_650' title='bbox 2325 4665 2502 4712; x_wconf 90' lang='lat' dir='ltr'><strong>tamen</strong></span> <span class='ocrx_word' id='word_1_651' title='bbox 2532 4657 2704 4712; x_wconf 81' lang='lat' dir='ltr'><strong>codex</strong></span> <span class='ocrx_word' id='word_1_652' title='bbox 2728 4656 2987 4726; x_wconf 89' lang='lat' dir='ltr'><strong>majorem</strong></span> <span class='ocrx_word' id='word_1_653' title='bbox 3027 4658 3081 4711; x_wconf 91' lang='lat' dir='ltr'><strong>in</strong></span> <span class='ocrx_word' id='word_1_654' title='bbox 3111 4657 3328 4713; x_wconf 89' lang='lat' dir='ltr'><strong>modum</strong></span> <span class='ocrx_word' id='word_1_655' title='bbox 3356 4657 3638 4714; x_wconf 83' lang='lat' dir='ltr'><strong>conﬁrmat</strong></span> <span class='ocrx_word' id='word_1_656' title='bbox 3666 4668 3748 4712; x_wconf 86' lang='lat' dir='ltr'><strong>at-</strong></span> 
     </span>
    </p>
   </div>
   <div class='ocr_carea' id='block_1_50' title="bbox 487 4751 1210 4822">
    <p class='ocr_par' dir='ltr' id='par_1_50' title="bbox 487 4751 1210 4822">
     <span class='ocr_line' id='line_1_51' title="bbox 487 4751 1210 4822; baseline -0.003 -16"><span class='ocrx_word' id='word_1_657' title='bbox 487 4753 648 4808; x_wconf 91' lang='lat' dir='ltr'><strong>tribui</strong></span> <span class='ocrx_word' id='word_1_658' title='bbox 678 4751 909 4808; x_wconf 85' lang='lat' dir='ltr'><strong>Maximo</strong></span> <span class='ocrx_word' id='word_1_659' title='bbox 939 4759 1210 4822; x_wconf 83' lang='lat' dir='ltr'><strong>Oportere.</strong></span> 
     </span>
    </p>
   </div>
   <div class='ocr_carea' id='block_1_51' title="bbox 558 4837 3746 4911">
    <p class='ocr_par' dir='ltr' id='par_1_51' title="bbox 558 4837 3746 4911">
     <span class='ocr_line' id='line_1_52' title="bbox 558 4837 3746 4911; baseline -0.003 -14"><span class='ocrx_word' id='word_1_660' title='bbox 558 4841 648 4897; x_wconf 78' lang='lat' dir='ltr'><strong>XI.</strong></span> <span class='ocrx_word' id='word_1_661' title='bbox 690 4845 833 4901; x_wconf 85' lang='lat' dir='ltr'><strong>[dem</strong></span> <span class='ocrx_word' id='word_1_662' title='bbox 859 4861 958 4901; x_wconf 92' lang='lat' dir='ltr'><strong>nos</strong></span> <span class='ocrx_word' id='word_1_663' title='bbox 983 4841 1184 4898; x_wconf 86' lang='lat' dir='ltr'><strong>Frisius</strong></span> <span class='ocrx_word' id='word_1_664' title='bbox 1212 4842 1470 4898; x_wconf 87' lang='lat' dir='ltr'><strong>certiores</strong></span> <span class='ocrx_word' id='word_1_665' title='bbox 1498 4840 1642 4903; x_wconf 82' lang='lat' dir='ltr'><strong>fecit,</strong></span> <span class='ocrx_word' id='word_1_666' title='bbox 1676 4858 1753 4908; x_wconf 91' lang='lat' dir='ltr'><strong>se,</strong></span> <span class='ocrx_word' id='word_1_667' title='bbox 1786 4849 1978 4911; x_wconf 63' lang='lat' dir='ltr'><strong>praeter</strong></span> <span class='ocrx_word' id='word_1_668' title='bbox 2002 4841 2340 4910; x_wconf 87' lang='lat' dir='ltr'><strong>Subalpinos,</strong></span> <span class='ocrx_word' id='word_1_669' title='bbox 2376 4841 2568 4895; x_wconf 87' lang='lat' dir='ltr'><strong>vidisse</strong></span> <span class='ocrx_word' id='word_1_670' title='bbox 2615 4840 2750 4895; x_wconf 92' lang='lat' dir='ltr'><strong>alios</strong></span> <span class='ocrx_word' id='word_1_671' title='bbox 2778 4839 3108 4896; x_wconf 89' lang='lat' dir='ltr'><strong>homiliarios</strong></span> <span class='ocrx_word' id='word_1_672' title='bbox 3130 4841 3296 4896; x_wconf 91' lang='lat' dir='ltr'><strong>libros</strong></span> <span class='ocrx_word' id='word_1_673' title='bbox 3320 4847 3549 4909; x_wconf 86' lang='lat' dir='ltr'><strong>quatuor</strong></span> <span class='ocrx_word' id='word_1_674' title='bbox 3572 4839 3623 4890; x_wconf 91' lang='lat' dir='ltr'><strong>iu</strong></span> <span class='ocrx_word' id='word_1_675' title='bbox 3665 4837 3746 4890; x_wconf 83' lang='lat' dir='ltr'><strong>bi-</strong></span> 
     </span>
    </p>
   </div>
   <div class='ocr_carea' id='block_1_52' title="bbox 484 4927 3748 5005">
    <p class='ocr_par' dir='ltr' id='par_1_52' title="bbox 484 4927 3748 5005">
     <span class='ocr_line' id='line_1_53' title="bbox 484 4927 3748 5005; baseline -0.005 -15"><span class='ocrx_word' id='word_1_676' title='bbox 484 4935 842 5005; x_wconf 76' lang='lat' dir='ltr'><strong>bliopliylacio</strong></span> <span class='ocrx_word' id='word_1_677' title='bbox 871 4936 1112 4992; x_wconf 63' lang='lat' dir='ltr'><strong>ecclesiae</strong></span> <span class='ocrx_word' id='word_1_678' title='bbox 1138 4933 1457 4990; x_wconf 88' lang='lat' dir='ltr'><strong>cathedralis</strong></span> <span class='ocrx_word' id='word_1_679' title='bbox 1485 4932 1745 4998; x_wconf 75' lang='lat' dir='ltr'><strong>Novarize,</strong></span> <span class='ocrx_word' id='word_1_680' title='bbox 1779 4947 1952 5001; x_wconf 81' lang='lat' dir='ltr'><strong>exque</strong></span> <span class='ocrx_word' id='word_1_681' title='bbox 1979 4932 2042 4986; x_wconf 92' lang='lat' dir='ltr'><strong>iis</strong></span> <span class='ocrx_word' id='word_1_682' title='bbox 2070 4931 2216 4984; x_wconf 87' lang='lat' dir='ltr'><strong>velut</strong></span> <span class='ocrx_word' id='word_1_683' title='bbox 2239 4945 2270 4985; x_wconf 91' lang='lat' dir='ltr'><strong>e</strong></span> <span class='ocrx_word' id='word_1_684' title='bbox 2290 4929 2524 4985; x_wconf 82' lang='lat' dir='ltr'><strong>fontibus</strong></span> <span class='ocrx_word' id='word_1_685' title='bbox 2551 4929 2716 4983; x_wconf 88' lang='lat' dir='ltr'><strong>multa</strong></span> <span class='ocrx_word' id='word_1_686' title='bbox 2738 4930 2998 4994; x_wconf 87' lang='lat' dir='ltr'><strong>hausisse,</strong></span> <span class='ocrx_word' id='word_1_687' title='bbox 3025 4944 3143 4998; x_wconf 69' lang='lat' dir='ltr'><strong>qua:</strong></span> <span class='ocrx_word' id='word_1_688' title='bbox 3165 4927 3528 4996; x_wconf 89' lang='lat' dir='ltr'><strong>prospexisset</strong></span> <span class='ocrx_word' id='word_1_689' title='bbox 3551 4937 3748 4991; x_wconf 88' lang='lat' dir='ltr'><strong>magno</strong></span> 
     </span>
    </p>
   </div>
   <div class='ocr_carea' id='block_1_53' title="bbox 485 5011 3748 5093">
    <p class='ocr_par' dir='ltr' id='par_1_53' title="bbox 485 5011 3748 5093">
     <span class='ocr_line' id='line_1_54' title="bbox 485 5011 3748 5093; baseline -0.005 -11"><span class='ocrx_word' id='word_1_690' title='bbox 485 5026 707 5082; x_wconf 87' lang='lat' dir='ltr'><strong>editioni</strong></span> <span class='ocrx_word' id='word_1_691' title='bbox 735 5027 860 5081; x_wconf 86' lang='lat' dir='ltr'><strong>huic</strong></span> <span class='ocrx_word' id='word_1_692' title='bbox 889 5035 1085 5081; x_wconf 61' lang='lat' dir='ltr'><strong>nostra</strong></span> <span class='ocrx_word' id='word_1_693' title='bbox 1111 5033 1430 5081; x_wconf 88' lang='lat' dir='ltr'><strong>ornamento</strong></span> <span class='ocrx_word' id='word_1_694' title='bbox 1460 5033 1622 5093; x_wconf 89' lang='lat' dir='ltr'><strong>atque</strong></span> <span class='ocrx_word' id='word_1_695' title='bbox 1647 5023 1862 5077; x_wconf 86' lang='lat' dir='ltr'><strong>utilitati</strong></span> <span class='ocrx_word' id='word_1_696' title='bbox 1891 5021 2023 5076; x_wconf 83' lang='lat' dir='ltr'><strong>fore.</strong></span> <span class='ocrx_word' id='word_1_697' title='bbox 2055 5018 2368 5090; x_wconf 90' lang='lat' dir='ltr'><strong>Cujusmodi</strong></span> <span class='ocrx_word' id='word_1_698' title='bbox 2398 5029 2578 5075; x_wconf 89' lang='lat' dir='ltr'><strong>autem</strong></span> <span class='ocrx_word' id='word_1_699' title='bbox 2607 5019 2658 5074; x_wconf 77' lang='lat' dir='ltr'><strong>lii</strong></span> <span class='ocrx_word' id='word_1_700' title='bbox 2690 5020 2796 5073; x_wconf 89' lang='lat' dir='ltr'><strong>sint</strong></span> <span class='ocrx_word' id='word_1_701' title='bbox 2817 5020 3050 5082; x_wconf 87' lang='lat' dir='ltr'><strong>codices,</strong></span> <span class='ocrx_word' id='word_1_702' title='bbox 3073 5018 3256 5088; x_wconf 90' lang='lat' dir='ltr'><strong>paucis</strong></span> <span class='ocrx_word' id='word_1_703' title='bbox 3285 5029 3569 5084; x_wconf 84' lang='lat' dir='ltr'><strong>exponam.</strong></span> <span class='ocrx_word' id='word_1_704' title='bbox 3596 5011 3748 5066; x_wconf 84' lang='lat' dir='ltr'><strong>Prior</strong></span> 
     </span>
    </p>
   </div>
   <div class='ocr_carea' id='block_1_54' title="bbox 486 5107 3746 5187">
    <p class='ocr_par' dir='ltr' id='par_1_54' title="bbox 486 5107 3746 5187">
     <span class='ocr_line' id='line_1_55' title="bbox 486 5107 3746 5187; baseline -0.005 -13"><span class='ocrx_word' id='word_1_705' title='bbox 486 5127 569 5174; x_wconf 89' lang='lat' dir='ltr'><strong>est</strong></span> <span class='ocrx_word' id='word_1_706' title='bbox 594 5118 1033 5173; x_wconf 87' lang='lat' dir='ltr'><strong>membrauaceus</strong></span> <span class='ocrx_word' id='word_1_707' title='bbox 1060 5118 1284 5184; x_wconf 86' lang='lat' dir='ltr'><strong>in-lolio,</strong></span> <span class='ocrx_word' id='word_1_708' title='bbox 1307 5127 1498 5187; x_wconf 86' lang='lat' dir='ltr'><strong>estque</strong></span> <span class='ocrx_word' id='word_1_709' title='bbox 1527 5118 1580 5171; x_wconf 90' lang='lat' dir='ltr'><strong>in</strong></span> <span class='ocrx_word' id='word_1_710' title='bbox 1609 5116 1746 5172; x_wconf 91' lang='lat' dir='ltr'><strong>serie</strong></span> <span class='ocrx_word' id='word_1_711' title='bbox 1774 5115 2021 5170; x_wconf 91' lang='lat' dir='ltr'><strong>codicum</strong></span> <span class='ocrx_word' id='word_1_712' title='bbox 2049 5113 2163 5182; x_wconf 88' lang='lat' dir='ltr'><strong>ejus</strong></span> <span class='ocrx_word' id='word_1_713' title='bbox 2190 5113 2432 5169; x_wconf 74' lang='lat' dir='ltr'><strong>ecclesia:</strong></span> <span class='ocrx_word' id='word_1_714' title='bbox 2455 5113 2937 5183; x_wconf 82' lang='lat' dir='ltr'><strong>manuscriptorum</strong></span> <span class='ocrx_word' id='word_1_715' title='bbox 2968 5127 3220 5166; x_wconf 86' lang='lat' dir='ltr'><strong>numerus</strong></span> <span class='ocrx_word' id='word_1_716' title='bbox 3246 5109 3521 5178; x_wconf 89' lang='lat' dir='ltr'><strong>septimus.</strong></span> <span class='ocrx_word' id='word_1_717' title='bbox 3558 5107 3746 5162; x_wconf 88' lang='lat' dir='ltr'><strong>Conti-</strong></span> 
     </span>
    </p>
   </div>
   <div class='ocr_carea' id='block_1_55' title="bbox 489 5198 3752 5278">
    <p class='ocr_par' dir='ltr' id='par_1_55' title="bbox 489 5198 3752 5278">
     <span class='ocr_line' id='line_1_56' title="bbox 489 5198 3752 5278; baseline -0.003 -14"><span class='ocrx_word' id='word_1_718' title='bbox 489 5216 582 5264; x_wconf 88' lang='lat' dir='ltr'><strong>net</strong></span> <span class='ocrx_word' id='word_1_719' title='bbox 601 5209 771 5264; x_wconf 83' lang='lat' dir='ltr'><strong>sancti</strong></span> <span class='ocrx_word' id='word_1_720' title='bbox 799 5207 1015 5263; x_wconf 87' lang='lat' dir='ltr'><strong>Maximi</strong></span> <span class='ocrx_word' id='word_1_721' title='bbox 1042 5209 1290 5264; x_wconf 88' lang='lat' dir='ltr'><strong>homilias</strong></span> <span class='ocrx_word' id='word_1_722' title='bbox 1312 5209 1445 5264; x_wconf 91' lang='lat' dir='ltr'><strong>duas</strong></span> <span class='ocrx_word' id='word_1_723' title='bbox 1473 5208 1754 5278; x_wconf 88' lang='lat' dir='ltr'><strong>inscriptas</strong></span> <span class='ocrx_word' id='word_1_724' title='bbox 1767 5207 1832 5260; x_wconf 89' lang='lat' dir='ltr'><strong>de</strong></span> <span class='ocrx_word' id='word_1_725' title='bbox 1851 5202 2119 5262; x_wconf 87' lang='lat' dir='ltr'><strong>Communi</strong></span> <span class='ocrx_word' id='word_1_726' title='bbox 2139 5204 2479 5274; x_wconf 87' lang='lat' dir='ltr'><strong>plurimorum</strong></span> <span class='ocrx_word' id='word_1_727' title='bbox 2499 5212 2802 5272; x_wconf 80' lang='lat' dir='ltr'><strong>martyrum,</strong></span> <span class='ocrx_word' id='word_1_728' title='bbox 2834 5218 3056 5274; x_wconf 90' lang='lat' dir='ltr'><strong>quarum</strong></span> <span class='ocrx_word' id='word_1_729' title='bbox 3078 5200 3292 5270; x_wconf 89' lang='lat' dir='ltr'><strong>quidem</strong></span> <span class='ocrx_word' id='word_1_730' title='bbox 3320 5198 3516 5268; x_wconf 88' lang='lat' dir='ltr'><strong>prioris</strong></span> <span class='ocrx_word' id='word_1_731' title='bbox 3543 5199 3648 5253; x_wconf 87' lang='lat' dir='ltr'><strong>hoc</strong></span> <span class='ocrx_word' id='word_1_732' title='bbox 3666 5206 3752 5253; x_wconf 86' lang='lat' dir='ltr'><strong>est</strong></span> 
     </span>
    </p>
   </div>
   <div class='ocr_carea' id='block_1_56' title="bbox 485 5291 3750 5368">
    <p class='ocr_par' dir='ltr' id='par_1_56' title="bbox 485 5291 3750 5368">
     <span class='ocr_line' id='line_1_57' title="bbox 485 5291 3750 5368; baseline -0.003 -15"><span class='ocrx_word' id='word_1_733' title='bbox 485 5299 694 5353; x_wconf 88' lang='lat' dir='ltr'><strong>initium</strong></span> <span class='ocrx_word' id='word_1_734' title='bbox 725 5317 738 5352; x_wconf 87' lang='lat'><strong>:</strong></span> <span class='ocrx_word' id='word_1_735' title='bbox 771 5298 977 5353; x_wconf 83' lang='lat' dir='ltr'><strong>Corona</strong></span> <span class='ocrx_word' id='word_1_736' title='bbox 996 5298 1348 5352; x_wconf 71' lang='lat' dir='ltr'><strong>universam:</strong></span> <span class='ocrx_word' id='word_1_737' title='bbox 1376 5307 1662 5368; x_wconf 81' lang='lat' dir='ltr'><strong>martyrum</strong></span> <span class='ocrx_word' id='word_1_738' title='bbox 1691 5297 1870 5368; x_wconf 76' lang='lat' dir='ltr'><strong>fulget,</strong></span> <span class='ocrx_word' id='word_1_739' title='bbox 1903 5303 2040 5360; x_wconf 89' lang='lat' dir='ltr'><strong>etc.;</strong></span> <span class='ocrx_word' id='word_1_740' title='bbox 2065 5295 2285 5349; x_wconf 90' lang='lat' dir='ltr'><strong>alterius</strong></span> <span class='ocrx_word' id='word_1_741' title='bbox 2312 5309 2442 5348; x_wconf 88' lang='lat' dir='ltr'><strong>vero</strong></span> <span class='ocrx_word' id='word_1_742' title='bbox 2465 5312 2476 5346; x_wconf 91' lang='lat'><strong>:</strong></span> <span class='ocrx_word' id='word_1_743' title='bbox 2499 5292 2744 5362; x_wconf 72' lang='lat' dir='ltr'><strong>Suﬂicere</strong></span> <span class='ocrx_word' id='word_1_744' title='bbox 2766 5293 2911 5347; x_wconf 88' lang='lat' dir='ltr'><strong>nobis</strong></span> <span class='ocrx_word' id='word_1_745' title='bbox 2939 5293 3141 5345; x_wconf 83' lang='lat' dir='ltr'><strong>deberet</strong></span> <span class='ocrx_word' id='word_1_746' title='bbox 3161 5291 3230 5344; x_wconf 76' lang='lat' dir='ltr'><strong>ad</strong></span> <span class='ocrx_word' id='word_1_747' title='bbox 3249 5291 3537 5362; x_wconf 77' lang='lat' dir='ltr'><strong>profectum</strong></span> <span class='ocrx_word' id='word_1_748' title='bbox 3556 5299 3750 5345; x_wconf 76' lang='lat' dir='ltr'><strong>nostra:</strong></span> 
     </span>
    </p>
   </div>
   <div class='ocr_carea' id='block_1_57' title="bbox 485 5379 3750 5458">
    <p class='ocr_par' dir='ltr' id='par_1_57' title="bbox 485 5379 3750 5458">
     <span class='ocr_line' id='line_1_58' title="bbox 485 5379 3750 5458; baseline -0.003 -16"><span class='ocrx_word' id='word_1_749' title='bbox 485 5389 689 5456; x_wconf 88' lang='lat' dir='ltr'><strong>salutis,</strong></span> <span class='ocrx_word' id='word_1_750' title='bbox 717 5397 821 5445; x_wconf 88' lang='lat' dir='ltr'><strong>etc.</strong></span> <span class='ocrx_word' id='word_1_751' title='bbox 847 5389 1039 5444; x_wconf 85' lang='lat' dir='ltr'><strong>Exstat</strong></span> <span class='ocrx_word' id='word_1_752' title='bbox 1056 5397 1283 5458; x_wconf 86' lang='lat' dir='ltr'><strong>utraque</strong></span> <span class='ocrx_word' id='word_1_753' title='bbox 1306 5389 1358 5443; x_wconf 93' lang='lat' dir='ltr'><strong>in</strong></span> <span class='ocrx_word' id='word_1_754' title='bbox 1388 5390 1548 5444; x_wconf 89' lang='lat' dir='ltr'><strong>variis</strong></span> <span class='ocrx_word' id='word_1_755' title='bbox 1569 5404 1695 5442; x_wconf 90' lang='lat' dir='ltr'><strong>mss.</strong></span> <span class='ocrx_word' id='word_1_756' title='bbox 1729 5385 2023 5448; x_wconf 87' lang='lat' dir='ltr'><strong>codicibus,</strong></span> <span class='ocrx_word' id='word_1_757' title='bbox 2052 5385 2145 5452; x_wconf 91' lang='lat' dir='ltr'><strong>qui</strong></span> <span class='ocrx_word' id='word_1_758' title='bbox 2170 5384 2236 5438; x_wconf 90' lang='lat' dir='ltr'><strong>ab</strong></span> <span class='ocrx_word' id='word_1_759' title='bbox 2265 5385 2370 5438; x_wconf 89' lang='lat' dir='ltr'><strong>hoc</strong></span> <span class='ocrx_word' id='word_1_760' title='bbox 2397 5382 2716 5438; x_wconf 80' lang='lat' dir='ltr'><strong>Vercellensi</strong></span> <span class='ocrx_word' id='word_1_761' title='bbox 2752 5380 3065 5450; x_wconf 88' lang='lat' dir='ltr'><strong>quibusdam</strong></span> <span class='ocrx_word' id='word_1_762' title='bbox 3095 5379 3148 5434; x_wconf 93' lang='lat' dir='ltr'><strong>in</strong></span> <span class='ocrx_word' id='word_1_763' title='bbox 3181 5379 3312 5435; x_wconf 91' lang='lat' dir='ltr'><strong>locis</strong></span> <span class='ocrx_word' id='word_1_764' title='bbox 3335 5379 3660 5449; x_wconf 85' lang='lat' dir='ltr'><strong>discrepant,</strong></span> <span class='ocrx_word' id='word_1_765' title='bbox 3691 5386 3750 5433; x_wconf 88' lang='lat' dir='ltr'><strong>ut</strong></span> 
     </span>
    </p>
   </div>
   <div class='ocr_carea' id='block_1_58' title="bbox 483 5469 3750 5551">
    <p class='ocr_par' dir='ltr' id='par_1_58' title="bbox 483 5469 3750 5551">
     <span class='ocr_line' id='line_1_59' title="bbox 483 5469 3750 5551; baseline -0.005 -14"><span class='ocrx_word' id='word_1_766' title='bbox 483 5489 786 5551; x_wconf 86' lang='lat' dir='ltr'><strong>opportune</strong></span> <span class='ocrx_word' id='word_1_767' title='bbox 807 5497 836 5536; x_wconf 91' lang='lat' dir='ltr'><strong>a</strong></span> <span class='ocrx_word' id='word_1_768' title='bbox 862 5481 1037 5544; x_wconf 87' lang='lat' dir='ltr'><strong>nobis,</strong></span> <span class='ocrx_word' id='word_1_769' title='bbox 1064 5481 1191 5536; x_wconf 85' lang='lat' dir='ltr'><strong>dum</strong></span> <span class='ocrx_word' id='word_1_770' title='bbox 1221 5488 1431 5550; x_wconf 89' lang='lat' dir='ltr'><strong>tempus</strong></span> <span class='ocrx_word' id='word_1_771' title='bbox 1458 5478 1744 5542; x_wconf 92' lang='lat' dir='ltr'><strong>monuerit,</strong></span> <span class='ocrx_word' id='word_1_772' title='bbox 1777 5475 2140 5529; x_wconf 78' lang='lat' dir='ltr'><strong>aunotabitur.</strong></span> <span class='ocrx_word' id='word_1_773' title='bbox 2163 5474 2312 5528; x_wconf 82' lang='lat' dir='ltr'><strong>Alter</strong></span> <span class='ocrx_word' id='word_1_774' title='bbox 2331 5473 2523 5537; x_wconf 91' lang='lat' dir='ltr'><strong>codex,</strong></span> <span class='ocrx_word' id='word_1_775' title='bbox 2547 5473 2984 5527; x_wconf 85' lang='lat' dir='ltr'><strong>membrauaceus</strong></span> <span class='ocrx_word' id='word_1_776' title='bbox 3013 5471 3141 5526; x_wconf 90' lang='lat' dir='ltr'><strong>item</strong></span> <span class='ocrx_word' id='word_1_777' title='bbox 3164 5470 3380 5526; x_wconf 88' lang='lat' dir='ltr'><strong>in-folio</strong></span> <span class='ocrx_word' id='word_1_778' title='bbox 3410 5471 3587 5526; x_wconf 65' lang='lat' dir='ltr'><strong>seculi</strong></span> <span class='ocrx_word' id='word_1_779' title='bbox 3609 5469 3750 5536; x_wconf 84' lang='lat' dir='ltr'><strong>ejus—</strong></span> 
     </span>
    </p>
   </div>
   <div class='ocr_carea' id='block_1_59' title="bbox 481 5560 3752 5637">
    <p class='ocr_par' dir='ltr' id='par_1_59' title="bbox 481 5560 3752 5637">
     <span class='ocr_line' id='line_1_60' title="bbox 481 5560 3752 5637; baseline -0.004 -11"><span class='ocrx_word' id='word_1_780' title='bbox 481 5567 606 5626; x_wconf 84' lang='lat' dir='ltr'><strong>dem</strong></span> <span class='ocrx_word' id='word_1_781' title='bbox 628 5586 720 5637; x_wconf 90' lang='lat' dir='ltr'><strong>xu,</strong></span> <span class='ocrx_word' id='word_1_782' title='bbox 743 5585 904 5626; x_wconf 88' lang='lat' dir='ltr'><strong>unam</strong></span> <span class='ocrx_word' id='word_1_783' title='bbox 926 5569 1075 5625; x_wconf 89' lang='lat' dir='ltr'><strong>illam</strong></span> <span class='ocrx_word' id='word_1_784' title='bbox 1091 5569 1364 5625; x_wconf 83' lang='lat' dir='ltr'><strong>homiliam</strong></span> <span class='ocrx_word' id='word_1_785' title='bbox 1392 5569 1630 5633; x_wconf 86' lang='lat' dir='ltr'><strong>exhibet,</strong></span> <span class='ocrx_word' id='word_1_786' title='bbox 1658 5565 1811 5635; x_wconf 91' lang='lat' dir='ltr'><strong>cujus</strong></span> <span class='ocrx_word' id='word_1_787' title='bbox 1831 5580 1951 5621; x_wconf 89' lang='lat' dir='ltr'><strong>esse</strong></span> <span class='ocrx_word' id='word_1_788' title='bbox 1977 5564 2186 5619; x_wconf 86' lang='lat' dir='ltr'><strong>initium</strong></span> <span class='ocrx_word' id='word_1_789' title='bbox 2215 5563 2448 5619; x_wconf 90' lang='lat' dir='ltr'><strong>diximus</strong></span> <span class='ocrx_word' id='word_1_790' title='bbox 2479 5582 2492 5616; x_wconf 92' lang='lat'><strong>:</strong></span> <span class='ocrx_word' id='word_1_791' title='bbox 2524 5564 2768 5633; x_wconf 79' lang='lat' dir='ltr'><strong>Su/ﬁcere</strong></span> <span class='ocrx_word' id='word_1_792' title='bbox 2797 5561 2943 5616; x_wconf 88' lang='lat' dir='ltr'><strong>nobis</strong></span> <span class='ocrx_word' id='word_1_793' title='bbox 2972 5561 3197 5625; x_wconf 85' lang='lat' dir='ltr'><strong>deberet,</strong></span> <span class='ocrx_word' id='word_1_794' title='bbox 3231 5569 3336 5618; x_wconf 89' lang='lat' dir='ltr'><strong>etc.</strong></span> <span class='ocrx_word' id='word_1_795' title='bbox 3370 5560 3643 5614; x_wconf 82' lang='lat' dir='ltr'><strong>Vetustior</strong></span> <span class='ocrx_word' id='word_1_796' title='bbox 3669 5566 3752 5614; x_wconf 89' lang='lat' dir='ltr'><strong>est</strong></span> 
     </span>
    </p>
   </div>
   <div class='ocr_carea' id='block_1_60' title="bbox 483 5652 3750 5732">
    <p class='ocr_par' dir='ltr' id='par_1_60' title="bbox 483 5652 3750 5732">
     <span class='ocr_line' id='line_1_61' title="bbox 483 5652 3750 5732; baseline -0.005 -13"><span class='ocrx_word' id='word_1_797' title='bbox 483 5662 694 5732; x_wconf 77' lang='lat' dir='ltr'><strong>tertius,</strong></span> <span class='ocrx_word' id='word_1_798' title='bbox 720 5661 1162 5719; x_wconf 81' lang='lat' dir='ltr'><strong>membrauaceus</strong></span> <span class='ocrx_word' id='word_1_799' title='bbox 1187 5660 1410 5731; x_wconf 85' lang='lat' dir='ltr'><strong>perinde</strong></span> <span class='ocrx_word' id='word_1_800' title='bbox 1438 5657 1673 5720; x_wconf 82' lang='lat' dir='ltr'><strong>in-folio,</strong></span> <span class='ocrx_word' id='word_1_801' title='bbox 1704 5658 1944 5726; x_wconf 85' lang='lat' dir='ltr'><strong>signatus</strong></span> <span class='ocrx_word' id='word_1_802' title='bbox 1992 5671 2136 5712; x_wconf 89' lang='lat' dir='ltr'><strong>nmn.</strong></span> <span class='ocrx_word' id='word_1_803' title='bbox 2166 5655 2236 5708; x_wconf 71' lang='lat'><strong>27</strong></span> <span class='ocrx_word' id='word_1_804' title='bbox 2284 5665 2338 5710; x_wconf 87' lang='lat' dir='ltr'><strong>et</strong></span> <span class='ocrx_word' id='word_1_805' title='bbox 2368 5657 2655 5712; x_wconf 88' lang='lat' dir='ltr'><strong>initialibus</strong></span> <span class='ocrx_word' id='word_1_806' title='bbox 2687 5655 2877 5711; x_wconf 87' lang='lat' dir='ltr'><strong>litteris</strong></span> <span class='ocrx_word' id='word_1_807' title='bbox 2906 5655 3057 5711; x_wconf 88' lang='lat' dir='ltr'><strong>vario</strong></span> <span class='ocrx_word' id='word_1_808' title='bbox 3100 5655 3285 5711; x_wconf 84' lang='lat' dir='ltr'><strong>colore</strong></span> <span class='ocrx_word' id='word_1_809' title='bbox 3331 5652 3556 5722; x_wconf 83' lang='lat' dir='ltr'><strong>pulchre</strong></span> <span class='ocrx_word' id='word_1_810' title='bbox 3583 5659 3750 5722; x_wconf 72' lang='lat' dir='ltr'><strong>atque</strong></span> 
     </span>
    </p>
   </div>
  </div>
