4138 6186
409 342 486 400 9.5
1826 340 2205 399 PRIZFATIO.
3618 355 3689 409 26

400 456 609 514 affabre
636 454 795 526 pictis
822 464 1060 512 ornatus.
1088 451 1328 509 Pertinet
1354 454 1497 509 enim
1523 452 1590 507 ad
1618 469 1672 507 tx
1694 455 1776 508 vel
1806 469 2071 508 summum
2104 454 2169 507 ad
2201 470 2233 507 x
2263 453 2513 508 Ecclesia:
2533 454 2805 507 smculum.
2837 453 2886 507 ls
2916 454 3126 510 nonnisi
3173 455 3387 510 Maximi
3432 458 3683 516 humilius

400 549 789 616 orationesque
836 545 1225 615 complectitur.
1276 543 1543 614 Principio
1572 556 1663 597 eas
1691 543 1909 597 exhibet
1928 557 2045 612 qua:
2073 542 2266 596 habita:
2294 542 2443 596 fuere
2472 550 2597 597 ante
2621 542 2835 597 Domini
2858 542 3222 610 Nativitatem,
3254 546 3448 601 deinde
3468 548 3681 603 illarum

400 641 588 710 plures
616 653 737 708 quae
763 647 889 693 sunt
926 638 994 692 de
1020 637 1237 707 reliquis
1256 637 1520 708 mysteriis
1546 635 1849 691 Servatoris
1873 634 2072 689 Christi
2097 653 2111 699 ;
2158 651 2276 705 qua:
2304 636 2518 705 quidem
2547 651 2755 700 omnes,
2790 638 2891 693 etsi
2913 637 3072 692 edita:
3097 637 3328 692 antehac
3354 638 3583 707 fuerant,
3618 642 3683 697 il-

400 729 622 784 lustrari
673 736 855 781 tamen
891 727 1091 782 codicis
1116 726 1336 794 hujusce
1356 740 1459 795 ope
1488 723 1745 802 majorem
1777 724 1828 777 in
1852 723 2069 777 modum
2092 731 2333 793 possunt,
2364 724 2666 794 ascribique
2694 725 2924 783 Maximo
2947 726 3132 779 tutius.
3165 724 3300 780 Huic
3326 736 3409 781 est
3436 738 3677 799 quartus,

400 817 619 873 tametsi
648 832 755 871 non
783 824 942 869 actate
972 815 1224 885 (scriptus
1246 829 1476 884 namque
1495 812 1595 867 fuit
1620 828 1672 866 xi
1694 812 1931 881 sarculo),
1961 819 2016 866 at
2044 828 2142 881 par
2189 822 2368 868 tamen
2417 814 2683 882 elegantia
2710 816 3039 884 picturarum
3065 823 3121 871 et
3165 818 3556 885 characteruut,
3584 836 3674 876 ra-

401 910 658 977 tioneque
678 906 1014 961 collectionis
1044 906 1381 960 homiliarum
1403 913 1566 974 atque
1586 920 1893 959 sermonum
1914 904 2074 974 plane
2111 906 2316 961 similis.
2349 904 2444 961 Est
2471 907 2519 961 is
2538 922 2754 976 quoque
2774 908 3218 964 membranaceus
3245 908 3477 975 in-folio,
3504 912 3673 981 pluri-

401 1012 658 1065 mumque
698 996 854 1051 nobis
895 997 963 1051 ad
990 997 1127 1051 hanc
1154 995 1445 1049 editionem
1473 993 1774 1048 accuratius
1819 992 2183 1047 adornandam
2222 995 2403 1048 attulit
2451 995 2572 1064 opis
2600 1002 2658 1049 et
2682 994 2996 1063 adjumenti.
3030 994 3204 1064 Atque
3233 996 3345 1051 haec
3372 998 3586 1069 quidem
3608 1000 3678 1056 de

399 1085 710 1153 Subalpinis
734 1084 1255 1151 Novariensibusque
1275 1082 1551 1137 codicibus
1589 1080 1729 1135 dicta
1757 1089 1939 1135 sunto.
2282 1157 2299 1169 ο

473 1176 587 1229 XII.
629 1175 904 1243 Sequitur,
937 1182 997 1228 ut
1024 1174 1091 1228 de
1118 1172 1440 1227 Florentinis
1469 1184 1642 1238 agam.
1669 1169 1796 1235 Qua:
1826 1177 2004 1223 autem
2032 1185 2120 1223 me
2145 1170 2376 1239 primum
2406 1170 2677 1239 impulerit
2703 1184 2883 1236 causa,
2917 1170 2993 1224 uti
3022 1186 3109 1225 me
3134 1172 3310 1240 ipsum
3339 1174 3405 1228 ad
3436 1177 3536 1232 hos
3560 1193 3678 1247 pen-

396 1263 698 1317 volvendos
725 1260 1045 1323 conferrem,
1070 1260 1319 1315 brevibus
1348 1259 1575 1329 accipiat
1592 1259 1780 1323 lector,
1805 1258 1983 1312 velim.
2009 1256 2142 1312 Cum
2166 1259 2451 1313 Florentia:
2482 1276 2567 1313 an.
2595 1260 2733 1313 1778
2765 1277 3028 1328 versarer,
3061 1279 3188 1319 ecce
3208 1266 3357 1330 mihi,
3383 1266 3674 1335 quidquam

398 1354 509 1408 tale
551 1368 620 1406 ne
657 1352 952 1421 suspicanti
992 1335 1235 1419 quidem,
1259 1350 1479 1405 reddita:
1508 1349 1725 1404 fuerunt
1755 1350 1944 1403 littera:
1973 1350 2129 1404 nonis
2159 1349 2427 1419 Aprilibus
2456 1350 2534 1404 Pii
2560 1352 2697 1404 sexti
2728 1352 2996 1421 pontificis
3023 1354 3239 1407 maximi
3264 1354 3415 1422 jussu
3434 1357 3668 1423 scriptm,

396 1444 595 1514 quibus
650 1442 927 1505 monebar,
980 1449 1039 1495 ut
1084 1456 1221 1496 onus
1266 1440 1688 1509 colligendorum
1733 1439 1905 1493 sancti
1961 1437 2177 1491 Maximi
2222 1438 2569 1495 Taurinensis
2597 1456 2820 1509 operum
2858 1441 3295 1511 edendorumque
3322 1444 3670 1512 susciperem.

396 1531 521 1588 Etsi
561 1548 818 1588 noveram
864 1533 979 1601 ipse
1031 1545 1140 1595 me,
1171 1518 1328 1599 eique
1374 1530 1524 1585 oneri
1562 1528 1782 1584 ferendo
1812 1528 2072 1597 imparem
2095 1544 2203 1583 non
2233 1530 2589 1597 agnoscebam
2618 1530 2800 1593 modo,
2834 1531 2929 1585 sed
2956 1534 3117 1587 etiam
3141 1533 3461 1602 proﬁtebar;
3494 1532 3669 1603 [xxtuj

394 1641 525 1682 cum
567 1634 747 1680 tamen
796 1624 949 1678 novis
994 1622 1236 1692 epistolis
1283 1621 1351 1676 ad
1406 1630 1615 1676 tantum
1661 1636 1797 1691 opus
1850 1619 2142 1674 ineundum
2172 1635 2412 1689 urgerer,
2463 1621 2607 1675 dicto
2637 1622 2851 1676 tandem
2881 1624 3121 1687 audiens,
3164 1640 3373 1677 mecum
3401 1625 3668 1691 cogitavi:

398 1730 512 1780 me,
542 1717 685 1785 quod
712 1730 885 1783 neque
914 1714 1147 1782 ingenio,
1180 1727 1354 1781 neque
1382 1713 1786 1776 exercitatione,
1814 1713 1916 1767 hoc
1935 1712 2228 1781 praesertim
2250 1713 2302 1766 in
2324 1726 2520 1777 genere
2548 1714 2864 1777 studiorum,
2891 1716 3101 1784 assequi
3136 1731 3292 1784 posse
3324 1716 3672 1780 confiderem,

398 1806 455 1860 id
486 1822 607 1861 esse
630 1808 850 1862 fortasse
876 1806 1151 1872 diligentia
1180 1813 1610 1859 consecuturum.
1655 1804 1839 1873 Itaque
1883 1820 2002 1858 cum
2046 1806 2225 1859 animo
2254 1806 2752 1875 circumspexissem
2780 1822 3115 1875 quacunque
3134 1806 3285 1875 operi
3314 1806 3487 1860 eidem
3513 1803 3669 1873 perﬁ-

392 1897 593 1952 ciendo
621 1898 919 1953 conducere
964 1911 1123 1964 posse
1153 1894 1481 1956 viderentur,
1512 1894 1883 1962 rationemque
1925 1895 2235 1963 cumprimis
2274 1896 2517 1950 codicum
2559 1904 2798 1949 veterum
2840 1898 3327 1966 manuscriptormn
3374 1893 3671 1949 habendam

391 1989 748 2059 iudicassem;
779 2002 1005 2057 cumque
1034 1985 1478 2050 considerassem,
1511 1985 1564 2038 in
1594 2000 1658 2039 ea
1695 2000 1781 2039 me
1830 1986 1960 2038 urbe
2006 1984 2222 2052 degere,
2251 1986 2302 2039 in
2345 2001 2450 2054 qua
2498 1984 2741 2040 codicum
2785 1985 3047 2054 ejusmodi
3076 1987 3231 2055 copia
3259 1985 3480 2052 insignis
3509 1993 3671 2047 esset,

393 2096 624 2151 quorum
667 2096 793 2150 pars
840 2080 1069 2132 maxima
1100 2078 1155 2131 in
1180 2076 1537 2131 Laurentiana
1578 2076 1903 2129 bibliotheca
1932 2074 2337 2143 diligentissime
2382 2083 2721 2140 servaretur;
2752 2090 2872 2131 esse
2911 2077 3041 2129 mihi
3069 2077 3199 2129 vitio
3226 2075 3538 2129 vertendum
3568 2090 3669 2143 pu-

394 2169 527 2231 tavi,
560 2168 663 2222 nisi
692 2184 758 2223 eo
786 2182 872 2221 me
900 2166 1060 2220 etiam
1102 2164 1420 2229 conferrem,
1454 2164 1682 2231 indeque
1710 2162 2014 2232 praesidium
2050 2171 2291 2231 peterem
2319 2162 2576 2216 meditato
2620 2164 2771 2231 operi
2814 2175 2976 2230 atque
3022 2164 3266 2216 instituto
3313 2163 3481 2217 labori
3521 2178 3662 2217 meo.

390 2257 577 2326 Neque
604 2272 736 2312 vero
762 2265 868 2325 est,
896 2272 992 2311 cur
1019 2255 1106 2309 hic
1133 2269 1233 2323 ego
1263 2254 1379 2323 ejus
1407 2254 1747 2308 bibliotheca:
1776 2252 1971 2306 decora
2014 2254 2263 2321 persequi
2293 2252 2614 2307 celebrando
2641 2253 2833 2317 velim;
2864 2269 2986 2306 cum
3025 2254 3127 2307 hoc
3160 2252 3361 2321 jamdiu
3408 2253 3668 2322 perfuncti

392 2347 593 2403 fuerint
619 2363 841 2403 munere
870 2345 1213 2402 eruditissimi
1240 2346 1342 2398 viri
1372 2344 1725 2407 Mabillonius,
1756 2342 2205 2405 Montfauconius,
2250 2342 2590 2403 Pearsonius,
2633 2342 2873 2405 Vossius,
2908 2344 3245 2407 Lambecius,
3278 2344 3473 2413 aliique
3502 2362 3669 2415 prope

395 2440 831 2504 innumerabiles,
862 2453 1089 2508 quorum
1117 2444 1242 2492 sunt
1268 2435 1521 2505 mandata
1549 2434 1857 2489 testimonia
1879 2433 2151 2488 memoria:
2169 2432 2447 2487 hominum
2475 2432 2833 2501 sempiternm.
2868 2432 2981 2487 lloc
3008 2433 3179 2488 dicam
3209 2435 3469 2503 perbreve
3502 2454 3514 2488 :
3547 2451 3665 2490 eam

395 2543 427 2582 a
456 2527 704 2583 Mediceis
732 2529 937 2597 magnis
967 2526 1191 2581 Etruria:
1211 2525 1451 2589 ducibus,
1484 2524 1768 2579 commodo
1796 2525 1872 2578 rei
1890 2524 2162 2577 litterariaa
2187 2523 2429 2593 publice,
2455 2540 2659 2577 summa
2682 2524 3019 2589 liberalitate,
3048 2526 3227 2580 multis
3247 2527 3417 2595 iisque
3446 2529 3653 2597 insigni-

393 2622 494 2675 bus
520 2622 785 2689 elegantia
812 2630 974 2688 atque
1000 2626 1266 2674 vetustate
1295 2616 1567 2672 codicibus
1595 2616 2004 2685 locupletatam;
2027 2613 2386 2683 deincepsque
2414 2630 2442 2667 a
2474 2614 2758 2669 Francisco
2788 2615 2825 2668 Ι.
2860 2614 2920 2667 Ρ.
2959 2614 3021 2669 F.
3068 2616 3328 2684 Augusto,
3359 2621 3668 2675 accessione

392 2708 637 2763 codicum
663 2708 1082 2773 Gaddianorum,
1114 2722 1251 2775 quos
1289 2705 1377 2759 ille
1405 2704 1505 2759 sibi
1531 2717 1639 2757 aere
1666 2703 1867 2772 ingenti
1896 2719 1994 2758 suo
2020 2712 2330 2772 paraverat,
2355 2712 2597 2770 auctam;
2630 2720 2694 2759 ac
2722 2704 3020 2759 mirandum
3050 2706 3280 2774 denique
3309 2708 3360 2761 in
3391 2710 3606 2763 modum
3635 2726 3665 2764 a

389 2794 556 2851 Petro
587 2798 860 2867 Leopoldo
890 2796 1175 2853 archiduce
1204 2795 1430 2849 Austria:
1472 2807 1773 2864 magnoque
1820 2792 2047 2848 Etruria:
2075 2794 2210 2848 duce
2251 2792 2413 2849 fuisse
2442 2795 2835 2865 ampliﬁcatam,
2865 2797 3025 2851 illatis
3055 2798 3107 2851 in
3146 2813 3264 2851 eam
3304 2800 3540 2855 maximo
3569 2818 3663 2856 nu-

389 2903 545 2944 mero
574 2888 871 2954 codicibus,
902 2890 992 2958 qui
1021 2888 1245 2957 dispersi
1274 2895 1400 2941 ante
1431 2887 1482 2940 in
1511 2885 1830 2955 quibusdam
1859 2885 2035 2939 minus
2059 2887 2201 2941 notis
2226 2887 2672 2958 bibliophylaciis,
2703 2890 2850 2944 velut
2879 2895 2931 2943 in
2954 2892 3206 2956 tenebris,
3239 2893 3536 2948 latuissent.

462 2977 782 3045 Quanquam
811 2985 989 3030 autem
1019 2976 1185 3029 multa
1226 2974 1375 3043 prius
1418 2975 1797 3041 collegeram,
1826 2988 1987 3044 quam
2033 2974 2101 3028 ad
2149 2974 2537 3045 pervolvendos
2597 2977 2983 3034 Laurentianos
3034 2982 3246 3037 codices
3294 2985 3659 3051 accessissent,

388 3083 593 3138 anceps
622 3077 801 3121 tamen
831 3066 1009 3119 adhuc
1032 3064 1316 3127 haerebam,
1348 3064 1580 3118 Maximo
1610 3080 1696 3130 ne,
1740 3080 1807 3118 an
1838 3065 1993 3119 alteri
2032 3067 2282 3135 cuiquam
2322 3066 2539 3122 Patrum
2583 3064 2815 3123 ho'milize
2851 3070 3034 3140 plures
3079 3087 3464 3143 sermonesque
3504 3078 3661 3132 tribui

386 3158 682 3222 deberent;
709 3172 932 3225 quarum
959 3156 1175 3224 quidem
1201 3155 1541 3209 homiliarum
1578 3169 1915 3223 quorumque
1956 3171 2264 3211 sermonum
2297 3170 2422 3227 pars
2464 3160 2518 3213 in
2546 3160 2862 3228 quibusdam
2902 3162 3177 3218 codicibus
3207 3165 3401 3220 nullius
3430 3168 3665 3223 auctoris

384 3248 667 3321 praeferret
695 3264 909 3312 nomen,
940 3264 1065 3317 pars
1093 3248 1309 3301 Maximi
1339 3247 1597 3316 ejusdem,
1630 3263 1755 3316 pars
1784 3248 2028 3303 aliorum.
2063 3249 2165 3303 Sed
2196 3258 2546 3319 posteaquam
2577 3250 2713 3305 facta
2742 3252 2871 3305 mihi
2913 3252 3028 3321 ejus
3062 3253 3399 3309 bibliotheca:
3420 3258 3663 3312 codicum

384 3338 738 3407 legendorum
765 3347 1002 3408 potestas
1029 3338 1144 3403 fuit,
1174 3353 1373 3406 eosque
1402 3338 1529 3406 (ope
1572 3338 1954 3393 accuratissimi
2008 3340 2196 3394 indicis
2244 3356 2453 3394 summo
2500 3340 2678 3396 studio
2713 3342 2975 3397 elaborati
3005 3344 3335 3415 perfectique
3365 3348 3432 3400 ab
3462 3347 3664 3415 Angclo

384 3427 555 3481 Maria
587 3429 849 3483 Bandinio
897 3429 1011 3483 viro
1054 3443 1184 3482 sane
1222 3428 1403 3491 docto,
1435 3428 1698 3481 canonico
1735 3426 2106 3481 Laurentinum
2134 3428 2365 3482 basilice
2408 3430 2565 3496 eique
2604 3429 2942 3485 bibliothecae
2984 3434 3257 3501 prmfecto)
3290 3436 3481 3503 reperi,
3512 3450 3663 3490 reco-

384 3518 569 3584 gnovi,
599 3517 834 3582 contuli;
867 3525 977 3570 tum
1007 3516 1195 3584 obtigit
1224 3530 1290 3569 ex
1320 3516 1601 3579 sententia,
1638 3524 1695 3569 ut
1720 3517 1993 3571 orationes
2023 3533 2131 3573 non
2178 3532 2346 3586 parvo
2384 3533 2606 3572 numero
2634 3519 2719 3572 vel
2749 3520 2866 3573 aliis
2892 3522 3175 3576 attributas
3202 3540 3385 3578 errore
3415 3526 3661 3580 librario-

383 3624 510 3663 rum
538 3610 873 3663 restituerem
902 3608 1164 3673 Maximo;
1191 3608 1276 3662 vel
1306 3609 1480 3662 minus
1511 3617 1646 3672 tuto,
1674 3608 1876 3664 falsove
1905 3609 2120 3664 Maximi
2151 3610 2462 3678 inscriptum
2502 3608 2733 3663 ferentes
2776 3626 2969 3665 nomen
3012 3612 3066 3664 in
3110 3628 3332 3680 operum
3377 3613 3659 3670 dubiorum

383 3705 480 3750 aut
526 3699 815 3751 nothorum
861 3697 1086 3751 classem
1128 3696 1425 3764 rejicerem.
1458 3697 1593 3750 Sunt
1628 3713 1791 3766 porro
1821 3698 1874 3750 hi
1905 3698 2248 3752 Laurentiani
2278 3699 2490 3752 codices
2518 3698 2631 3752 fere
2659 3714 2845 3752 omnes
2874 3701 3181 3765 liomiliarii,
3210 3702 3312 3755 hoc
3342 3709 3422 3755 est
3450 3716 3660 3759 sancto-

379 3801 501 3840 rum
545 3788 786 3840 homilias
824 3789 1109 3851 continent,
1148 3803 1261 3857 qua?
1291 3787 1388 3857 legi
1427 3787 1658 3840 solebant
1687 3788 1740 3839 in
1776 3786 2079 3851 Dominicis,
2128 3788 2181 3839 in
2215 3785 2420 3851 Natali,
2464 3796 2514 3838 et
2544 3788 2597 3839 in
2641 3788 2786 3857 festis
2824 3797 3118 3841 sanctorum
3149 3792 3359 3859 propria
3398 3794 3660 3863 evangelia

381 3875 701 3939 habentium,
728 3885 776 3928 et
796 3880 849 3930 in
872 3874 1152 3939 Pace/tate,
1182 3876 1304 3929 etin
1326 3875 1627 3929 Pentecoste
1658 3890 1773 3927 cum
1813 3872 2080 3944 ferialibus
2100 3872 2393 3927 earumdem
2417 3873 2514 3942 (α).
2549 3868 2678 3943 Legi
2712 3883 2891 3929 autem
2920 3876 3000 3929 ha:
3029 3874 3246 3932 Patrum
3272 3879 3503 3934 homilim
3529 3896 3658 3935 con-

377 3975 673 4023 sueverant
698 3968 927 4035 publice,
960 3968 1204 4036 vertique
1228 3968 1387 4021 etiam
1416 3968 1681 4021 interdum
1721 3968 1773 4020 in
1820 3967 2134 4036 popularem
2181 3982 2503 4032 sermonem,
2552 3985 2650 4038 qua
2699 3970 2905 4039 {acilius
2952 3972 3121 4023 cuncti
3164 3970 3330 4044 [xxiv]
3378 3972 3659 4043 intelligere

376 4065 611 4128 possent,
641 4073 755 4127 qua
775 4058 1066 4110 dicerentur
1095 4056 1192 4128 (ὁ).
1225 4056 1410 4125 Neque
1450 4072 1578 4110 vero
1621 4057 2018 4110 cathedralibus
2065 4058 2303 4110 ecclesiis
2332 4058 2501 4112 solum
2532 4059 2728 4113 saeculo
2767 4076 2818 4114 vi
2866 4068 2919 4114 et
2964 4076 3103 4130 seq.,
3135 4063 3228 4118 sed
3266 4065 3659 4133 parochialibus
3740 4050 3743 4051 ν

380 4162 605 4216 quoque
633 4162 697 4201 ac
722 4148 1065 4212 monasticis;
1096 4148 1223 4216 quin
1252 4148 1414 4200 etiam
1444 4147 1635 4214 cuique
1658 4147 1944 4212 sacerdoti,
1974 4147 2026 4200 in
2054 4148 2258 4215 aliquot
2283 4148 2590 4215 regionibus
2618 4150 2808 4204 saltem
2830 4152 2912 4204 sui
2936 4161 3088 4206 erant
3112 4153 3399 4209 homiliarii
3423 4156 3655 4211 codices.

376 4242 456 4296 Ac
486 4241 555 4295 de
587 4240 974 4311 parochialibus
1001 4239 1215 4307 quidem
1240 4239 1459 4293 illustris
1487 4247 1569 4292 est
1595 4238 1783 4308 synodi
1816 4238 2065 4293 Vasensis
2094 4254 2183 4292 an.
2209 4237 2309 4291 529
2338 4239 2623 4293 celebrata:
2664 4240 2813 4295 locus
2840 4240 2934 4310 (c).
2967 4241 3043 4296 De
3070 4244 3383 4299 monasticis
3407 4247 3655 4316 exemplo

376 4334 540 4387 nobis
573 4349 679 4402 pra:
707 4334 913 4388 ceteris
951 4333 1053 4387 erit
1098 4331 1437 4386 Florentinus
1473 4330 1681 4383 Sancta:
1720 4327 1929 4395 Crucis,
1962 4345 2103 4384 nunc
2152 4328 2545 4383 Laurentianus
2586 4329 2676 4383 ille
2722 4330 2913 4396 codex,
2946 4331 3037 4398 qui
3084 4332 3385 4399 aliquorum
3434 4333 3653 4388 Patrqu

376 4424 629 4477 bomilias
676 4441 767 4493 per
812 4432 973 4478 totum
1011 4439 1206 4476 annum
1250 4420 1637 4491 complectitur,
1667 4427 1857 4488 estque
1893 4419 2207 4473 distributus
2246 4419 2297 4471 in
2336 4428 2516 4488 partes
2543 4418 2695 4485 duas,
2728 4434 2954 4488 quarum
2984 4419 3148 4488 priori
3180 4420 3293 4473 lucc
3318 4430 3399 4474 est
3432 4422 3650 4489 prmfua

375 4514 692 4582 inscriptio:
722 4513 883 4566 LIBER
912 4525 1261 4566 SANCTISSlIrE
1294 4508 1602 4563 Tnmt‘ruts
1627 4524 1693 4561 nr:
1715 4506 1923 4572 Ειιειο,
1953 4525 2076 4578 pars
2100 4506 2149 4559 1.
2177 4506 2425 4562 Ilomilia:
2456 4524 2489 4559 a
2527 4506 2801 4561 Dominica
2830 4510 2999 4577 prima
3040 4508 3101 4562 de
3132 4510 3361 4563 Adventu
3401 4526 3558 4580 usque
3585 4514 3653 4565 ad

375 4600 588 4655 Pascha
613 4602 1048 4663 Resurrectionis,
1078 4598 1325 4655 secunda:
1354 4613 1481 4653 vero
1510 4599 1623 4652 hmc
1652 4596 1820 4652 altera
1852 4616 1865 4649 :
1898 4595 2147 4652 Humilia:
2183 4615 2215 4649 a
2245 4597 2502 4650 Paschate
2528 4597 2939 4652 Resurrectionis
2967 4600 3036 4651 ad
3060 4599 3387 4653 Dominicam
3418 4603 3651 4656 ultimam

371 4698 494 4757 post
520 4689 889 4744 Pentecostem.
922 4688 1074 4755 Quod
1102 4689 1171 4743 ad
1200 4687 1530 4743 homiliarios
1559 4687 1723 4743 libros
1750 4686 2008 4755 cujusque
2044 4686 2336 4741 sacerdotis
2379 4689 2590 4753 attinet,
2632 4689 2763 4742 satis
2788 4690 2889 4743 erit
2918 4688 3214 4758 Capitulare
3254 4691 3510 4761 Ahytonis
3539 4696 3647 4763 epi-

370 4778 529 4846 scopi
559 4777 884 4843 Basiliensis,
916 4778 1007 4845 qui
1031 4792 1175 4831 nono
1204 4775 1455 4830 Ecclesiae
1482 4776 1677 4829 sarculo
1702 4776 1851 4840 vixit,
1883 4776 2165 4831 consulere
2196 4777 2293 4846 (ά).
2327 4776 2439 4843 Age
2467 4793 2596 4831 vero
2624 4794 2746 4832 cum
2784 4786 2930 4832 tanta
2963 4794 3079 4833 esse
3105 4780 3347 4833 debuerit
3386 4782 3648 4848 ejusmodi

368 4868 621 4922 codicum
650 4870 836 4937 copia;
865 4866 993 4936 quid
1023 4867 1235 4920 tandem
1263 4867 1458 4919 mirum
1486 4866 1751 4928 videatur,
1783 4866 1828 4919 si
1857 4880 1964 4919 non
1994 4880 2181 4919 omnes
2209 4880 2238 4917 a
2268 4866 2453 4934 peritis
2478 4864 2816 4934 calligraphis
2838 4867 3115 4935 perscripti
3136 4866 3351 4935 fuerint,
3384 4872 3645 4941 multique

370 4957 664 5011 inciderint
692 4959 744 5011 in
780 4959 1149 5028 imperitorum
1181 4957 1516 5010 librariorum
1542 4971 1750 5021 manus,
1780 4957 1993 5027 sintque
2018 4957 2153 5011 adeo
2178 4958 2491 5012 tuendorum
2519 4958 3028 5026 inscriptionumque
3055 4959 3308 5015 falsarum
3330 4964 3508 5033 pleni?
3529 4964 3645 5019 Cae-

371 5056 552 5102 terum
579 5057 791 5103 exstant
810 5050 990 5118 plures
1013 5050 1225 5118 optimzc
1254 5055 1414 5106 noue.
1432 5047 1582 5115 cujus
1611 5048 1767 5116 plane
1788 5050 1998 5116 generis
2018 5056 2141 5103 sunt
2161 5068 2172 5103 :
2196 5050 2248 5102 1⁸
2266 5049 2750 5105 Sanctacruciensis
2776 5050 2882 5114 ille,
2908 5050 3059 5119 cujus
3081 5060 3163 5106 est
3178 5069 3207 5106 a
3231 5055 3382 5111 nobis
3400 5057 3643 5125 proxime

366 5134 514 5191 facta
535 5141 757 5204 mentio,
781 5150 1114 5211 spectatque,
1139 5141 1340 5209 judicio
1366 5142 1577 5211 quidem
1609 5158 1752 5205 meo,
1779 5142 1845 5196 ad
1874 5143 2213 5198 undecimum
2242 5144 2525 5208 smculum;
2554 5142 2611 5194 θ’
2640 5143 2685 5196 is
2712 5143 2800 5209 qui
2829 5141 3079 5198 Ecclesia:
3109 5147 3337 5214 primum
3360 5148 3644 5202 Mcldensis

371 5236 499 5302 fuit,
526 5252 667 5291 nunc
694 5244 874 5290 autem
908 5237 1044 5306 juris
1079 5244 1161 5290 est
1203 5234 1572 5290 Laurentianze
1600 5236 1965 5301 bibliotheca;
1996 5236 2059 5290 3°
2089 5238 2195 5293 duo
2224 5237 2476 5293 Ecclesia:
2504 5236 2843 5303 Florentium,
2874 5251 3010 5305 quos
3038 5237 3199 5292 fuisse
3224 5238 3290 5292 ad
3321 5255 3471 5292 usum
3494 5240 3643 5294 chori

440 5410 519 5482 (α)
557 5413 755 5469 Confer
780 5413 964 5484 Cangii
995 5414 1226 5470 Glouar.
1256 5416 1439 5469 medim
1462 5425 1509 5468 et
1534 5407 1953 5484 iiiﬁ2nw_[.atini-
2054 5412 2363 5484 Moguntina
2389 5426 2476 5465 an.
2503 5410 2626 5477 847,
2650 5426 2765 5481 cap.
2790 5410 2842 5478 2,
2870 5427 2990 5482 pag.
3020 5412 3072 5479 8,
3106 5420 3233 5468 tom.
3267 5413 3310 5467 V
3332 5415 3640 5469 eorumdem

362 5480 777 5555 tatisiadAverb.
824 5480 1187 5555 lioitumws,
1238 5500 1359 5555 pag.
1413 5484 1550 5537 1095
1577 5480 1704 5537 edit.
1736 5482 1952 5537 Venetas
2053 5480 2341 5555 Concilior.

358 5571 459 5611 an.
488 5552 646 5616 1758,
673 5561 805 5606 tom.
835 5554 918 5607 Ill.
1174 5548 1181 5552 ’
1238 5548 1254 5555 ’
1311 5548 1333 5554 ⁷
1901 5618 1924 5620 η
2093 5552 2198 5620 7(c)
2236 5550 2367 5619 Cap.
2400 5548 2454 5616 2,
2493 5563 2612 5620 pag.
2647 5549 2804 5619 1105,
2834 5558 2961 5606 tom.
2996 5550 3039 5605 ll
3069 5552 3355 5607 Concilior.
3391 5552 3639 5609 editionis

436 5621 1003 5694 (b)__S_ynod.__'l‘uron.
1054 5640 1150 5694 an._
1191 5623 1315 5689 815,
1347 5621 1599 5694 capuli,
1637 5634 1757 5691 pag.
1791 5618 1946 5694 1025,
2055 5634 2070 5675 t

677 5621 1003 5694 od.__'l‘uron.
1054 5640 1150 5694 an._
1191 5623 1315 5689 815,
1347 5621 1599 5694 capuli,
1637 5634 1757 5691 pag.
1791 5618 1946 5694 1025,
2055 5618 2311 5694 ejusdem.

355 5688 508 5753 tom.
531 5688 915 5749 lV‘Coucilior.
950 5694 1077 5749 edit.
1128 5688 1307 5749 Paris.
1330 5688 1727 5748 anfl'lltiet
1755 5691 1944 5760 synod.
2129 5689 2204 5741 (dt
2244 5688 2377 5757 Cap.
2402 5688 2451 5749 6.
2487 5700 2615 5745 tom.
2641 5689 2706 5743 IV
2735 5688 3046 5752 Concilior.,
3078 5704 3198 5759 pag.
3236 5689 3387 5743 1241.
