4138 6186
460 335 528 390 ετ
1913 320 2294 377 rumne.
3651 334 3724 392 es

461 451 679 520 paratos
705 441 956 508 arbitror,
975 438 1176 510 quique
1202 436 1258 493 in
1283 431 1478 492 litteris
1510 432 1981 490 initialibus'iiaria
2010 434 2333 490 emblemata
2357 433 2632 507 religionis
2660 436 2971 499 christiana}
2988 444 3204 514 egregie
3244 446 3385 516 picta
3425 448 3677 509 exhibe“,
3706 472 3723 510 ε

462 496 519 593 bi
546 536 758 592 codices
783 533 891 589 duo
919 496 1393 588 adibibliotbecam
1429 528 1590 582 modo
1632 526 2044 580 Laurentianam
2085 527 2384 595 pertinent;
2412 496 2673 587 Ecodex
2708 496 3396 605 saeculixtvri—nqquo's-un—t

460 627 603 683 serie
631 640 807 694 eoque
831 624 1020 679 ordine
1046 621 1345 677 distributa:
1382 633 1490 687 quo
1518 625 1894 687 proponuntur
1922 616 1974 670 in
2013 614 2081 669 99
2110 616 2298 672 codice
2335 617 2547 674 Sancta:
2585 619 2773 679 Crucis
2800 623 2854 678 in
2881 621 3197 692 Jerusalem,
3222 627 3289 683 de
3316 625 3423 698 quo
3451 647 3538 687 me
3568 647 3735 704 supra-

462 720 662 775 dixisse
687 716 925 772 memini.
956 714 1034 770 De
1062 712 1410 776 Lueensibus,
1441 710 1616 779 deque
1643 709 1956 764 monasterii
1975 709 2158 763 Sancti
2177 708 2475 765 Salvatoris
2497 710 2695 767 Montis
2719 712 2944 771 Amiatte
2963 720 3347 777 monachorum
3376 723 3507 778 olim
3531 723 3735 784 Cistcr-e

460 812 721 867 ctensium
749 810 803 863 in
832 823 962 878 agro
990 805 1214 861 Senensi
1240 804 1533 869 codicibus,
1556 818 1588 858 e
1615 801 1808 872 quibus
1837 803 2085 857 nonnihil
2109 811 2193 857 est
2217 802 2504 870 aliquando
2525 805 2740 862 luminis
2767 818 3057 866 consecuta
3079 821 3262 871 nostra
3283 815 3550 883 collectio,
3577 819 3732 877 alias.

531 899 666 954 XIII.
688 898 935 954 Postulat
960 913 1103 952 nunc
1129 897 1269 951 ratio
1294 902 1356 951 ut
1380 893 1449 950 de
1476 894 1753 950 codicibus
1772 893 2030 949 Romanis
2057 908 2232 963 agam.
2256 893 2375 951 1am
2404 905 2463 950 ut
2483 897 2712 966 primum
2736 899 2937 955 elatum
2962 902 3399 977 divulgatumque
3426 916 3527 975 est,
3550 908 3734 969 datum

459 991 617 1046 nobis
644 1006 675 1045 a
703 989 807 1046 Pio.
827 996 983 1044 sexto
1011 986 1264 1058 pontifice
1299 986 1536 1043 maximo
1583 985 1638 1040 in
1683 983 1950 1041 mandatis
1978 984 2163 1051 fuisse,
2196 994 2257 1040 ut
2302 988 2538 1044 studium
2567 985 2729 1045 omne
2777 1001 3037 1060 nostrum,
3068 1012 3390 1069 omnemque
3419 1018 3639 1071 operam
3667 1005 3737 1060 ad

461 1081 797 1145 illustranda,
831 1081 991 1148 inque
1019 1079 1192 1134 lucem
1220 1078 1486 1148 publicam
1524 1075 1817 1130 emittenda
1852 1076 2023 1130 sancti
2070 1075 2289 1135 Maximi
2334 1078 2593 1145 opuscula
2629 1081 3022 1150 conferremus;
3052 1083 3269 1142 difﬁcile
3296 1089 3601 1145 existimatu
3629 1101 3732 1156 est,

458 1189 622 1242 quam
648 1172 802 1226 multi
829 1178 1149 1240 praestantes
1169 1168 1472 1224 eruditione
1496 1168 1613 1233 viri,
1641 1168 1718 1221 uti
1748 1182 1862 1222 rem
1886 1175 1946 1256 et
1970 1175 2122 1222 tanto
2164 1166 2407 1237 pontifici
2448 1180 2777 1240 pergratam,
2801 1183 2859 1231 et
2884 1176 3190 1236 christiana:
3218 1166 3520 1252 reipublica:
3547 1185 3734 1256 impri-

458 1262 562 1316 mis
588 1261 776 1315 utilem
801 1259 1058 1324 facerent,
1090 1257 1161 1312 ad
1182 1256 1482 1312 afferendas
1510 1256 1667 1310 nobis
1686 1255 1961 1325 suppetias
1987 1257 2363 1326 conspirarint.
2395 1256 2474 1316 Ex
2501 1260 2744 1328 pluribus
2770 1263 2962 1321 Petrus
2990 1266 3240 1340 Aloysius
3265 1270 3523 1328 Galletius
3551 1255 3737 1330 mona-

459 1356 593 1411 chus
617 1352 995 1408 Benedictinus
1020 1349 1450 1419 congregationis
1488 1346 1795 1403 Casinensis
1813 1386 1829 1410 ,
1876 1363 2018 1403 nunc
2050 1347 2372 1420 Cyrenensis
2398 1352 2681 1421 episcopus
2710 1355 2900 1423 insigni
2930 1357 3248 1424 eruditione.
3278 1363 3566 1432 multisque
3591 1364 3739 1421 libris

459 1441 616 1496 editis
643 1440 837 1504 clarus,
869 1455 1005 1493 unus
1032 1439 1269 1492 omnium
1297 1438 1550 1499 maxime,
1581 1437 1738 1489 variis
1765 1435 2086 1501 lectionibus,
2118 1452 2253 1506 quas
2279 1453 2311 1493 e
2338 1439 2619 1497 codicibus
2640 1444 2977 1501 bibliothecae
3015 1449 3161 1520 [xxv]
3191 1450 3460 1509 Vatimnte
3486 1454 3739 1524 deprom.

460 1538 661 1602 pserat,
705 1545 770 1584 ac
796 1527 1135 1583 sermonibus
1163 1527 1388 1595 aliquot,
1419 1539 1557 1593 quos
1579 1524 1704 1579 inde
1744 1540 1953 1580 summo
1992 1525 2171 1580 studio
2215 1526 2598 1601 diligentiaque
2627 1515 3380 1601 descripserat,"incrcdibilili
3409 1557 3509 1598 nos
3534 1515 3617 1598 est
3640 1544 3740 1599 ιω-

459 1623 736 1686 manitate,
761 1621 1032 1684 comitate,
1066 1618 1388 1673 liberalitate
1415 1625 1747 1671 muneratus.
1777 1616 1890 1671 Etsi
1920 1616 1974 1671 id
2008 1630 2176 1685 genus
2203 1616 2331 1673 doni
2360 1625 2468 1673 tam
2495 1620 2627 1677 mihi
2655 1623 2773 1679 usui
2803 1622 2984 1689 fuerit,
3001 1634 3062 1681 ut
3087 1637 3347 1696 quantum
3376 1645 3496 1685 eam
3524 1633 3596 1688 ob
3624 1648 3739 1688 rem

460 1710 761 1765 clarissimo
790 1708 1003 1779 praesuli
1032 1707 1257 1762 debeam
1280 1707 1612 1770 existimare,
1638 1706 1728 1759 vix
1759 1706 1941 1773 eloqui
1989 1715 2189 1767 autem,
2220 1721 2290 1761 ne
2316 1707 2407 1761 vix
2436 1708 2653 1776 quidem
2683 1713 2918 1780 possim;
2944 1729 3227 1785 superesse
3240 1726 3425 1791 tamen
3452 1721 3739 1791 quamplu-

460 1803 598 1856 rima
627 1801 992 1868 intelligebam
1018 1814 1141 1853 cum
1170 1799 1226 1851 in
1264 1796 1592 1852 bibliotheca
1637 1795 1824 1850 eadem
1852 1795 2132 1859 Vaticana,
2163 1810 2268 1865 qua
2298 1805 2446 1852 certe
2474 1798 2618 1853 nulla
2646 1807 2730 1855 est
2755 1783 3043 1871 copiosior,
3075 1814 3187 1860 tum
3214 1783 3271 1861 in
3292 1783 3557 1866 tabulario
3585 1783 3734 1866 B-asi-

459 1896 577 1951 liae
605 1894 787 1950 Sancti
816 1892 980 1957 Petri,
1011 1906 1130 1960 quae
1157 1889 1261 1944 nisi
1288 1889 1524 1957 cognita,
1554 1888 1823 1957 planeque
1856 1894 2139 1955 perspecta
2185 1886 2385 1942 habere
2439 1902 2743 1956 curassem,
2785 1901 3037 1961 suscepto
3064 1902 3212 1950 certe
3241 1898 3393 1964 operi
3428 1914 3494 1953 ac
3522 1900 3738 1955 utilitati

459 1986 685 2056 publica:
705 1984 1013 2040 defuissem.
1031 1983 1237 2051 Itaque,
1277 1996 1400 2035 cum
1427 1996 1459 2034 a
1478 1978 1576 2033 Pio
1604 1977 1671 2032 VI
1692 1975 1946 2047 pontifice
1965 1977 2336 2047 impetrassem
2358 1984 2418 2029 ut
2443 1977 2574 2031 mihi
2598 1985 2885 2047 utrumque
2912 1980 3045 2034 illud
3062 1984 3380 2039 veneranda:
3408 1986 3740 2057 antiquitatis

459 2076 755 2131 sacrarium
774 2084 1004 2146 pateret,
1034 2089 1098 2127 ac
1126 2072 1378 2141 frequens
1405 2071 1637 2153 primum
1663 2066 1731 2121 ad
1757 2066 2073 2121 Vaticanam
2102 2080 2190 2120 me
2226 2063 2609 2120 bibliothecam
2626 2065 2879 2122 conferre
2908 2070 3215 2138 coepissem,
3245 2070 3565 2142 codicesque
3591 2074 3645 2128 in
3672 2090 3736 2131 ea

458 2170 583 2239 plus
605 2170 820 2237 triginta
849 2169 1183 2224 homiliarios
1206 2166 1548 2238 repetissem,
1577 2178 1809 2233 quorum
1831 2162 2154 2217 vetustiores
2183 2158 2249 2214 ad
2277 2159 2428 2213 initia
2457 2159 2640 2214 saeculi
2660 2161 2836 2214 octavi
2863 2158 3061 2219 referri,
3081 2176 3239 2230 posse
3261 2162 3590 2227 viderentur,
3616 2177 3741 2222 sunt

460 2258 603 2313 enim
632 2256 888 2313 Romanis
914 2258 1315 2313 characteribus
1337 2254 1611 2326 quadratis
1634 2253 1941 2324 perscripti,
1967 2252 2246 2308 continere
2274 2266 2382 2305 non
2411 2251 2562 2320 potui
2594 2265 2681 2305 me
2705 2251 2836 2319 quin
2855 2266 2950 2308 eos
2970 2252 3161 2321 cupide
3189 2253 3443 2323 legerem,
3472 2255 3738 2324 simulque

459 2348 810 2416 inquirerem,
850 2355 1302 2416 congruerentne,
1333 2362 1404 2399 an
1432 2345 1631 2399 alicubi
1653 2346 1792 2398 alter
1819 2343 1888 2397 ab
1916 2342 2088 2399 altero
2138 2340 2491 2409 discreparet.
2521 2337 2661 2394 Sunt
2701 2339 2761 2395 hi
2795 2339 3009 2395 codices
3053 2341 3294 2410 plerique
3317 2357 3505 2396 omnes
3543 2341 3740 2410 integri

460 2434 679 2501 servati,
729 2450 958 2504 quorum
1004 2449 1130 2503 pars
1172 2434 1303 2487 olim
1331 2432 1401 2486 ad
1427 2431 1683 2486 Sirletum
1708 2431 1968 2485 doctrinae
2010 2429 2168 2485 laude
2206 2422 2619 2485 celeberrimum
2656 2428 2985 2484 cardinalem
3015 2430 3341 2500 pertinebat,
3373 2433 3467 2500 qui
3486 2432 3663 2502 aliqua
3682 2436 3741 2489 in

456 2524 652 2583 iisdem
675 2523 955 2579 amtotavit
972 2537 1071 2577 sua
1099 2536 1289 2586 manu;
1318 2534 1444 2589 pars
1473 2518 1540 2572 ad
1568 2518 1810 2586 reginam
1838 2515 2135 2570 Succorum
2162 2515 2489 2569 Christinam
2517 2532 2626 2570 non
2649 2516 2951 2571 litterarum
2978 2517 3173 2583 minus,
3199 2532 3362 2587 quam
3381 2519 3543 2589 κείω
3568 2520 3738 2592 digni.

462 2616 588 2671 tatis
613 2614 782 2684 gloria
803 2612 1232 2683 prmcellentem;
1272 2626 1399 2680 pars
1425 2608 1654 2678 denique
1677 2608 1747 2663 ad
1770 2608 1985 2662 Petrum
2013 2606 2353 2663 Cardinalem
2374 2608 2739 2663 Ottobonium.

529 2706 591 2762 In
619 2704 887 2760 tabulario
912 2702 1146 2758 basilicae
1189 2700 1375 2757 Sancti
1399 2699 1545 2754 Petri
1573 2700 1908 2754 homiliarios
1955 2700 2086 2755 item
2113 2699 2327 2755 codices
2367 2707 2578 2768 septem
2606 2699 2752 2764 vidi,
2782 2700 3045 2769 pervolvi,
3076 2701 3305 2768 contuli,
3329 2702 3423 2773 qui
3465 2701 3738 2760 Vaticanis

460 2794 721 2867 adjtnicti,
752 2793 973 2871 mirum,
990 2807 1151 2862 quam
1173 2791 1493 2847 lectionibus
1513 2789 1861 2845 emendandis
1889 2791 2267 2857 conduxerint,
2289 2797 2656 2861 quantumque
2681 2791 2957 2847 attulerint
2983 2791 3413 2862 adjumentorum
3432 2810 3542 2850 non
3561 2796 3735 2853 solum

461 2886 530 2943 ad
554 2886 821 2948 lmilias,
844 2898 1228 2952 sermonesque
1251 2883 1434 2952 plures
1461 2881 1631 2937 tutius
1676 2880 1997 2936 asserendos
2021 2880 2283 2945 Maximo;
2314 2879 2410 2935 sed
2436 2878 2504 2934 ad
2553 2895 2649 2936 eos
2676 2879 2839 2934 etiam
2867 2880 3224 2950 supplendos,
3246 2881 3293 2936 si
3320 2897 3427 2953 qua
3464 2897 3534 2937 ex
3577 2891 3735 2954 parte

462 2977 710 3035 diminuti
736 2976 850 3030 sive
875 2974 929 3028 in
957 2973 1137 3040 editis,
1170 2973 1284 3029 sive
1310 2973 1367 3027 in
1403 2972 1527 3027 aliis
1545 2986 1709 3025 manu
1727 2970 1963 3027 exaratis
1990 2970 2351 3025 voluminibus
2379 2968 2624 3034 fuissent,
2639 2966 2969 3035 indiligentia
2989 2967 3338 3024 inscientiave
3366 2969 3729 3035 librariorum.

460 3069 656 3127 Verum
685 3068 753 3124 de
782 3067 1052 3122 Vaticanis
1080 3082 1145 3120 ae
1170 3064 1238 3121 de
1259 3064 1494 3118 basilicae
1513 3062 1694 3118 Sancti
1717 3060 1862 3116 Petri
1890 3060 2163 3116 codicibus
2192 3060 2297 3116 hoc
2332 3058 2586 3114 eximium
2617 3058 2809 3113 addam
2842 3076 2855 3111 :
2887 3073 2982 3114 eos
3031 3065 3088 3113 et
3134 3059 3501 3115 emendatiore
3554 3069 3735 3127 textu,

463 3169 521 3219 et
546 3161 913 3217 characterum
943 3158 1118 3213 nitore
1146 3165 1307 3226 atque
1336 3155 1628 3224 elegantia,
1659 3161 1714 3209 et
1745 3160 2014 3209 concentu
2041 3150 2282 3222 praeferri
2318 3151 2525 3207 ueteris
2553 3150 2800 3206 omnibus
2824 3156 3101 3219 oportere.
3127 3148 3330 3205 Eorum
3372 3165 3473 3220 ego
3502 3151 3730 3209 formam

463 3251 779 3319 describam,
825 3258 1146 3320 :etatemque
1192 3248 1439 3305 indicabo
1484 3249 1540 3303 in
1591 3248 1838 3304 codicum
1883 3247 2045 3314 serie,
2093 3262 2253 3316 quam
2295 3246 2390 3301 aeri
2431 3244 2650 3301 incisam
2698 3242 2873 3313 paulo.
2905 3250 3030 3312 post
3070 3243 3241 3298 oculis
3293 3243 3556 3300 lectorum
3601 3246 3731 3303 sub-

462 3346 658 3417 iiciam.

531 3436 668 3492 XIV.
708 3436 982 3493 Vaticanis
1010 3434 1297 3504 adiungam
1322 3433 1737 3489 Lateranenses.
1763 3431 1969 3486 Horum
2010 3429 2064 3484 in
2090 3429 2211 3506 ejus
2234 3428 2468 3484 basilicae
2513 3425 2779 3483 tabulario
2827 3425 3009 3480 inveni
3048 3433 3280 3493 quatuor
3308 3425 3527 3496 perinde
3547 3427 3726 3484 homi-

461 3530 665 3596 liarios,
694 3530 889 3586 saeculo
919 3529 1003 3600 (ut
1028 3528 1157 3582 mihi
1184 3525 1457 3598 persuasi)
1508 3542 1560 3580 ιιι
1590 3540 1851 3595 perquam
1891 3523 2151 3589 castigate
2189 3521 2421 3590 scriptos
2468 3518 2796 3587 dignosque,
2844 3515 2938 3584 qui
2985 3530 3106 3570 cum
3133 3514 3406 3572 Vaticanis
3433 3518 3743 3586 potioribus.

464 3630 862 3693 comparentur.
890 3614 1025 3678 Sunt
1053 3620 1106 3675 hi
1134 3619 1350 3688 quidem
1379 3633 1568 3673 omnes
1588 3615 1984 3671 membranaeei
2013 3616 2090 3668 in-
2102 3612 2231 3668 folio
2260 3612 2519 3676 maxime,
2539 3610 2940 3666 characteribus
2967 3609 3099 3665 satis
3126 3608 3306 3663 nitidis
3334 3618 3495 3678 atque
3515 3612 3732 3679 elegan-

464 3715 608 3769 tibus
635 3714 863 3768 exarati.
892 3712 949 3766 In
981 3712 1175 3766 iisdem
1208 3716 1558 3764 numerantur
1593 3708 1907 3777 grandiores
1934 3706 2063 3771 duo,
2112 3705 2227 3775 qui,
2258 3710 2317 3757 ut
2361 3702 2463 3758 fert
2503 3702 2711 3772 paginae
2755 3701 2941 3771 prima:
2982 3701 3280 3769 inscriptio.
3310 3702 3533 3771 confecti
3580 3701 3741 3758 fuere

466 3803 532 3857 ab
559 3801 1000 3855 ’I‘aurominitano
1029 3798 1286 3866 episcopo
1323 3796 1648 3848 Secundino.
1686 3795 1766 3847 Ex
1807 3795 1891 3847 his
1936 3793 2180 3860 quaedam
2233 3792 2452 3844 Maximi
2504 3792 2675 3844 nostri
2701 3791 2962 3845 hactenus
3008 3778 3208 3847 inedita
3245 3789 3584 3861 deprompsi;
3633 3795 3733 3851 ιιο-

467 3907 690 3961 rumque
718 3889 962 3960 praesidio
989 3888 1232 3959 quaedam
1278 3885 1441 3941 etiam
1482 3900 1602 3954 quae
1628 3883 1897 3954 publicata
1928 3883 2249 3954 jampridem
2292 3883 2527 3944 fuerant,
2560 3889 2655 3936 aut
2692 3881 2896 3936 firmius
2949 3883 3152 3943 asserui
3192 3884 3399 3939 auctori
3444 3901 3579 3958 suo,
3635 3894 3730 3942 aut

468 3982 764 4043 emendavi.
1673 3991 1677 3997 '
1909 4016 1914 4021 .

536 4073 652 4130 XV.
685 4073 948 4129 Chisianze
968 4074 1305 4129 bibliothecae
1332 4073 1492 4145 (qum,
1521 4079 1581 4126 ut
1606 4078 1862 4127 testatum
1889 4067 2373 4140 pervulgatumque
2420 4073 2521 4129 est,
2552 4065 2826 4121 codicibus
2863 4081 2990 4121 mss.
3023 4066 3193 4145 iisque
3221 4068 3446 4135 egregiis
3472 4067 3740 4138 abundat).

470 4166 759 4224 liomiliarii
786 4165 917 4219 mihi
947 4161 1115 4237 [xxvr]
1145 4140 1349 4217 ostensi
1369 4140 1545 4216 fuere
1592 4168 1720 4223 tres,
1752 4173 1981 4228 quorum
2009 4157 2119 4211 duo
2147 4155 2326 4210 smculi
2356 4162 2481 4209 sunt
2510 4170 2593 4219 ιι,
2636 4155 2825 4208 tertius
2851 4163 2938 4208 xv.
2963 4140 3235 4208 Venera'nt
3260 4154 3315 4208 hi
3347 4154 3475 4209 olim
3503 4155 3555 4208 in
3586 4156 3730 4209 Ana-

471 4258 708 4331 gniensis
756 4254 1007 4312 Ecclesia:
1035 4261 1380 4325 potestatem.
1410 4252 1493 4307 Ex
1538 4251 1725 4307 iisdem
1757 4250 2023 4305 variantes
2050 4246 2255 4315 aliquot
2298 4244 2577 4311 lectiones,
2605 4251 2661 4298 et
2690 4243 2928 4298 nondum
2955 4243 3169 4312 vulgata
3209 4243 3450 4312 quaedam
3478 4247 3739 4314 opuscula

472 4349 642 4407 sancti
669 4346 886 4402 Maximi
906 4344 1253 4399 Taurinensis
1274 4343 1483 4412 excepi,
1514 4356 1635 4410 quze
1664 4350 1788 4411 post
1817 4340 1974 4412 (dum
2000 4346 2225 4407 tempus.
2244 4334 2541 4406 monuerit)
2565 4333 2856 4405 proferam.

540 4434 679 4496 XVI.
712 4439 807 4493 Est
832 4447 1091 4509 praeterea
1116 4435 1464 4490 Valliccllana
1503 4431 1606 4484 PP.
1639 4428 2076 4499 congregationis
2099 4426 2333 4481 Oratorii
2372 4425 2701 4480 bibliotheca
2720 4424 2877 4494 copia
2908 4440 3036 4481 mss.
3061 4424 3304 4483 codicum
3348 4425 3625 4495 insigniter
3647 4428 3737 4495 lo-

474 4532 679 4603 cuples.
712 4528 770 4583 In
799 4529 991 4583 horum
1019 4538 1242 4577 numero
1271 4528 1396 4577 sunt
1419 4519 1817 4574 membranacei
1846 4516 2155 4585 quindecim
2200 4515 2349 4579 sarti,
2378 4514 2614 4583 tectique
2654 4514 2851 4569 servati
2890 4513 3080 4583 probe,
3123 4528 3350 4583 quorum
3379 4530 3503 4584 pars
3530 4515 3596 4569 ad
3642 4531 3734 4581 ιιι,

476 4640 601 4694 lars
629 4622 695 4677 ad
725 4637 816 4676 xm
844 4616 1096 4673 smculum
1131 4615 1383 4684 pertinet.
1425 4611 1710 4667 Orationes
1756 4611 1811 4665 in
1838 4609 1941 4675 bis,
1973 4607 2189 4661 Maximi
2217 4606 2435 4661 nomine
2463 4604 2770 4673 inscriptas,
2814 4603 3199 4673 quinquaginta
3227 4603 3575 4673 deprehendi,
3605 4619 3738 4672 quas

475 4691 597 4772 cum
627 4713 876 4783 exemplo
903 4709 1073 4766 sancti
1111 4706 1363 4762 antistitis
1389 4718 1630 4773 operum,
1664 4718 1771 4771 quo
1806 4702 1882 4756 uti
1906 4698 2169 4762 solebam,
2213 4696 2437 4753 contuli.
2469 4695 2741 4760 Quantum
2770 4702 2950 4749 autem
3000 4691 3127 4746 inde
3176 4693 3506 4765 perceperim
3538 4692 3751 4747 fructus.

477 4811 534 4858 et
563 4782 988 4863 commodorum,
1022 4796 1244 4863 intelligi
1275 4809 1342 4848 ex
1373 4792 1570 4846 nostris
1591 4789 2048 4845 admonitionibus
2072 4786 2292 4858 poterit,
2322 4800 2443 4855 quae
2471 4783 2706 4838 bomiliis
2724 4782 3168 4851 sermonibusque
3194 4790 3545 4853 praevertunt,
3564 4795 3738 4849 exque

480 4889 1030 4945 animadversionibus
1057 4901 1191 4956 quas
1221 4883 1426 4954 pagina“:
1448 4880 1563 4934 fere
1582 4881 1774 4948 cuique
1796 4877 1987 4946 subjici
2016 4876 2216 4931 curavi.
2254 4873 2546 4943 Cuiusnam
2574 4880 2754 4927 autem
2782 4871 2996 4928 codices
3017 4873 3093 4927 illi
3121 4875 3228 4928 sint
3254 4870 3663 4929 existimationis
3685 4878 3740 4925 et

479 4982 658 5055 pretii,
687 4998 754 5036 ex
775 4979 994 5050 Josephi
1021 4976 1321 5034 Blanchinii
1351 4975 1479 5030 clar.
1513 4972 1617 5027 viri
1634 4969 2034 5026 commentariis
2054 4966 2330 5037 cognosci,
2357 4979 2521 5034 quam
2549 4980 2615 5019 ex
2645 4963 2752 5018 ulla
2771 4978 2892 5018 mea
2917 4963 3226 5019 laudatione
3243 4962 3404 5015 malo.
3436 4960 3571 5014 Sunt
3594 4961 3741 5014 enim

480 5075 634 5141 tanti,
667 5080 725 5127 ut
768 5073 1012 5127 oratione
1042 5079 1221 5128 nostra
1253 5084 1361 5126 non
1390 5072 1600 5136 egeant.
1630 5063 1841 5117 Interea
1870 5063 1975 5117 hoc
1998 5077 2119 5116 esse
2147 5068 2402 5114 testatum
2432 5060 2591 5115 velim
2616 5077 2628 5111 :
2660 5057 2801 5129 patri
2831 5056 3038 5112 Simoni
3067 5057 3134 5112 de
3158 5054 3424 5121 Magistris
3447 5066 3742 5120 congrega-

485 5166 645 5222 tionis
663 5162 897 5218 Oratorii
934 5160 1115 5215 Sancti
1137 5161 1369 5232 Philippi
1397 5157 1732 5230 presbytero,
1764 5152 1909 5222 quod
1931 5152 2061 5206 mihi
2091 5165 2187 5206 eos
2216 5149 2428 5204 codices
2448 5146 2747 5203 confcrenti
2775 5145 3005 5202 adfuerit
3024 5144 3219 5206 studio,
3249 5141 3521 5211 diligentia
3550 5157 3741 5211 opera-

483 5270 591 5327 que
617 5254 864 5309 diuturna
885 5264 1000 5313 sua,
1032 5249 1153 5318 plus
1179 5251 1348 5305 multo
1373 5250 1569 5307 debere
1597 5260 1700 5309 me,
1724 5258 1886 5313 quam
1906 5240 2127 5309 exsequi
2157 5240 2337 5294 verbis
2364 5238 2582 5309 possim.

556 5344 715 5400 XVII.
747 5344 823 5398 De
851 5340 1124 5399 codicibus
1147 5341 1487 5395 bibliothecae
1510 5340 1720 5395 Sancta:
1738 5334 1925 5391 Crucis
1946 5333 1998 5388 in
2022 5330 2339 5395 Jerusalem,
2369 5344 2490 5385 cum
2513 5343 2672 5397 supra
2687 5326 2934 5389 dixerim,
2967 5324 3122 5377 mitto
3149 5321 3435 5386 disserere,
3467 5336 3535 5376 ne
3564 5334 3741 5379 actum

485 5438 665 5507 agam:
687 5437 763 5491 De
790 5434 1192 5497 Columnarum,
1216 5429 1509 5498 Comitum,
1540 5429 1993 5491 Barberiniorum,
2028 5423 2356 5478 Albanorum
2385 5419 2750 5483 bibliothecis,
2774 5418 2826 5472 id
2857 5429 3023 5472 unum
3046 5416 3483 5473 commemorabo
3507 5431 3520 5466 :
3554 5413 3623 5468 ad
3653 5428 3747 5471 eas

491 5503 706 5597 quidem
732 5524 924 5581 adiisse
952 5540 1063 5590 me,
1091 5522 1445 5594 perlustrasse
1472 5522 1642 5577 oculis
1670 5520 1884 5577 codices
1904 5516 2115 5572 illarum
2143 5525 2349 5575 omnes,
2376 5510 2428 5563 in
2463 5509 2657 5577 quibus
2684 5505 2889 5574 aliquid
2917 5512 3059 5559 esset
3086 5504 3154 5560 ad
3182 5503 3471 5558 Maximum
3500 5509 3747 5556 nostrum

490 5595 784 5693 pertinens,
808 5621 939 5675 nihil
961 5628 1138 5674 tamen
1160 5614 1442 5686 reperisse,
1473 5613 1618 5681 quod
1648 5630 1753 5669 non
1778 5615 1959 5668 tritum
1988 5610 2254 5665 editorum
2278 5603 2613 5674 superiorum
2640 5616 2909 5664 sermone,
2934 5607 3027 5655 aut
3049 5615 3155 5654 non
3181 5595 3554 5669 pervulgatum

495 5679 553 5769 In
580 5679 926 5771 Casanatensi
971 5679 1297 5764 bibliotheca
1327 5679 1658 5758 homiliarios
1686 5705 1898 5757 codices
1929 5699 2369 5755 nicmbranaceos
2408 5691 2623 5747 iit-folio
2652 5691 2886 5747 maximo
2915 5690 3025 5745 vidi
3073 5690 3208 5749 duos
3229 5686 3458 5758 eleganti
3489 5699 3551 5743 ac
3576 5679 3747 5737 nitido
